1929 3068
205 163 260 191 (325

796 163 824 191 S.
843 162 996 191 DIONYSII
1012 161 1244 190 AREOPAGITAE

1781 164 1835 192 σει

205 220 276 248 enim
291 219 369 247 morti
384 220 491 248 Domini
505 221 676 256 complnntati
691 228 767 255 sunt,
783 228 916 251 consortes
929 233 986 259 quo-

1046 224 1173 256 ίστῶντες
1186 224 1235 255 τὰς
1252 223 1348 258 νοερὰς
1366 222 1516 259 ὲνεργείας,
1529 224 1562 259 τῇ
1579 223 1640 259 θείᾳ.
1660 224 1748 252 ἀκτῖνι
1765 226 1837 253 κατὰ

205 275 256 302 que
270 267 362 301 gloria:
379 272 455 294 erunt
473 273 496 299 ο,
508 269 735 301 quemadmodum
759 270 841 297 etiam
862 269 994 297 Dominus

205 313 245 339 ait
259 321 266 338 :
286 311 359 340 Vada
374 313 409 339 ad
425 313 534 340 Patrem
554 314 563 333 ἰ
581 321 681 348 meum,
696 320 723 343 et
738 315 845 342 Patrem
859 320 991 344 vestrum.

210 358 307 386 Verum
331 359 389 387 haec
409 366 469 394 post
485 361 710 388 resurrectionem
731 369 737 387 :
761 369 832 389 nunc
848 369 912 390 vero
931 369 993 398 pro-

206 406 273 440 priis
297 405 432 441 symbolis
451 411 559 433 utamur
578 407 615 442 (in
639 407 693 435 Deo
707 407 822 444 scilicet)
842 413 869 435 et
885 409 992 444 ﬁguris.

206 456 235 477 et
263 450 428 478 nominibus.
460 450 653 480 Verumtamen
683 453 710 480 in
744 453 798 481 illis
821 462 992 490 nequaquam

206 497 403 530 immoremur,
426 497 472 524 sed
494 499 708 530 contendamus.
733 501 822 534 quoad
837 507 991 534 possumus,

207 543 241 569 ad
261 543 412 577 simplicem
429 548 456 570 et
471 544 572 570 unitam
588 544 740 572 veritatem.
761 545 917 580 Simplicem
934 546 993 580 qui-

206 589 286 622 dem,
309 589 436 623 quoniam
456 589 569 616 indivisa
592 594 644 621 est,
661 595 689 617 et
711 590 868 623 uniformis;
886 591 991 617 unitam

207 642 290 667 vero,
307 634 370 669 quia
391 634 537 669 singularis
564 641 611 661 seu
636 635 714 662 unica
737 640 788 663 est.
804 636 861 664 Etsi
878 637 993 664 diversi-

206 679 286 708 mode
301 679 431 715 symbolis
445 679 649 714 multiplicetur,
666 686 727 715 post
740 681 894 708 divinorum
908 681 990 709 etiam

205 726 330 754 notitiam
345 725 514 761 angelorum,
528 725 609 761 307
623 727 832 761 tranquillantes
847 735 879 755 ac
892 728 993 755 sisten-

206 778 247 800 tes
267 771 441 800 intellectiles
464 777 572 799 nostras
593 773 766 807 operationes
788 773 878 801 divino
905 774 990 807 radio,

204 823 336 853 quantum
357 817 397 845 fas
409 822 463 851 est,
478 819 655 846 attendimus.
670 818 885 854 Tranquillantes
901 824 991 846 autem

205 873 252 891 seu
267 864 396 892 sistentcs
415 864 496 896 dixit,
515 864 663 891 secundum
684 864 752 891 duas
777 865 930 900 explicandi
948 873 991 892 ra-

205 911 309 943 tiones;
327 910 369 937 vel
386 910 457 944 quod
470 917 555 944 usque
566 911 599 937 ad
615 911 737 946 angelica
749 911 904 946 spectacula
920 913 992 940 sisti-
1007 901 1027 928 Β

204 965 264 985 tuus
277 956 496 991 intelligentiam,
510 956 588 991 quasi
604 957 630 983 in
653 957 708 984 Deo
729 958 819 985 onmis
833 959 909 986 notio
924 959 993 986 dcti-

203 1002 312 1034 ciat,ut
333 1002 377 1036 qui
406 1001 474 1028 nihil
496 1002 532 1029 sit
546 1009 641 1029 eorum
664 1002 736 1036 quod
762 1003 860 1030 mentis
882 1004 992 1031 notione

202 1047 360 1082 percipitur,
376 1051 481 1074 tantum
501 1051 592 1074 autem
617 1055 697 1082 supra
721 1048 858 1077 notionem
885 1048 992 1076 divinus

203 1093 296 1120 radius
312 1093 393 1121 nobis
418 1101 466 1128 per
482 1093 633 1120 bonitatem
649 1093 776 1129 aﬂ‘ulget;
799 1094 841 1122 vel
858 1095 991 1129 tranquil-

202 1140 298 1171 ωηερε,
322 1139 400 1174 quasi
424 1139 458 1166 ad
482 1139 601 1174 aliquam
616 1147 675 1174 quae
696 1139 721 1166 in
736 1139 862 1168 confesso
875 1145 927 1172 est,
943 1149 989 1167 seu

204 1185 379 1220 perspicuam
392 1184 654 1218 comprobationem,
671 1183 875 1219 intelligentiam
890 1185 991 1211 sisten-

205 1236 257 1262 tes,
273 1230 378 1258 scilicet
397 1230 470 1258 circa
485 1230 533 1257 Dei
548 1230 917 1265 incomprehensibilitatem,
930 1237 990 1264 quae

204 1276 359 1304 intellectus
382 1276 536 1303 cessatione
558 1276 726 1310 percipitur;
745 1276 771 1303 iu
793 1283 847 1310 quo
860 1276 989 1303 nimirum

202 1323 295 1350 divino
322 1321 398 1349 radio
418 1329 514 1349 omnes
538 1321 605 1349 lines
624 1326 687 1348 sunt
714 1321 835 1349 omnium
859 1322 991 1356 cognitio-

203 1376 287 1400 num;
303 1375 356 1395 non
372 1368 444 1394 enim
459 1375 492 1394 ex
515 1372 603 1402 parte,
622 1368 668 1396 sed
687 1367 829 1395 confertim
840 1387 848 1400 ,
867 1372 894 1395 et
908 1368 988 1395 simul

201 1414 374 1450 prwexstitit.
386 1413 419 1440 Et
431 1414 494 1441 hinc
512 1413 682 1448 intelligitur,
691 1413 827 1448 quomodo
851 1414 989 1448 apostolus

202 1461 254 1493 ait,
275 1461 301 1487 in
318 1460 373 1487 Deo
392 1467 440 1487 nos
457 1467 519 1487 esse
544 1464 604 1486 ante
629 1459 721 1486 mundi
737 1459 948 1486 constitutionem
962 1459 988 1487 ³⁸.

206 1506 352 1535 Sciendum
367 1507 460 1541 itaque
470 1505 674 1540 productionem
690 1505 877 1533 universorum
891 1513 989 1534 secun-

1043 270 1074 296 τὺ
1106 269 1215 304 θεμιτὸν
1244 267 1433 303 ὲπιόάλλομεν.
1460 268 1680 302 Ἀποπαύοντες
1697 269 1752 306 γὰρ
1774 268 1836 297 εἶπε

1044 315 1114 342 κατὰ
1132 315 1180 341 δύο
1199 314 1316 350 τρόπους
1333 312 1382 348 τῆς
1400 312 1566 349 ἐξηγήσεως
1586 314 1602 349 ἢ
1625 314 1665 340 ὅτι
1687 314 1769 350 μέχρι
1781 315 1837 342 τῶν

1043 360 1196 396 ἁγγελικῶν
1211 360 1354 395 θεαμάτων
1373 358 1490 394 ἱστῶμεν
1505 360 1555 395 τὴν
1570 359 1673 396 νόησιν,
1685 361 1723 393 ὡς
1736 361 1838 397 ἀργού-

1045 414 1095 440 σης
1112 405 1202 440 πάσης
1223 403 1350 439 γνώσεως
1364 403 1411 430 ἐπὶ
1426 403 1504 435 Θεοῦ,
1520 405 1567 431 καὶ
1583 404 1689 437 οὐδενὸς
1701 405 1756 432 τῶν
1773 405 1837 432 τού-

1042 460 1090 478 του
1105 452 1140 486 τῇ
1152 450 1257 486 κινήσει
1271 449 1318 476 τοῦ
1337 448 1383 475 νοῦ
1401 448 1686 485 καταλαμϐανομένου,
1708 450 1787 485 μόνον
1806 451 1836 477 δὲ

1044 498 1115 533 ὑπὲρ
1128 497 1249 532 νόησινὴ
1265 495 1324 522 θεία
1339 495 1418 527 ἀκτὶς
1435 496 1502 531 ἡμῖν
1522 495 1670 532 ἐπιλάμπει
1687 497 1720 523 δι’
1733 497 1835 531 ἀγαθό-

1043 551 1121 579 τητα·
1136 543 1153 579 ἦ
1167 541 1375 574 ἀποπαύοντες
1387 540 1443 568 οἷον
1459 541 1526 577 πρός
1538 550 1598 568 τινα
1616 542 1835 578 ὁμολογουμένην

1043 589 1090 616 καὶ
1103 588 1206 624 τρανὴν
1218 586 1402 622 πληροφορίαν
1415 587 1542 619 ἱστῶντες
1559 588 1608 623 τὴν
1627 589 1729 624 νόησιν,
1743 589 1837 624 δηλονα

1042 635 1084 662 ότι
1110 635 1174 670 περὶ
1193 633 1259 660 αὐτὸ
1280 632 1310 659 τὸ
1332 632 1522 668 ἀκατάληπτον
1540 633 1587 660 τοῦ
1606 634 1684 668 Θεοῦ,
1711 636 1780 670 ὅπερ
1799 637 1833 671 τῇ

1041 681 1089 708 τοῦ
1101 681 1160 713 νοὸς
1178 679 1357 715 ἀνενεργησίᾳ
1374 678 1622 713 καταλαμϐάνεται·
1641 681 1670 707 ὲν
1689 677 1759 717 ᾗτινι
1773 680 1834 716 θείᾳ

1043 729 1131 755 ἀκτῖνι
1145 728 1233 755 πάντα
1249 730 1283 756 τὰ
1294 730 1347 756 τῶν
1361 730 1455 756 πασῶν
1465 728 1592 764 γνώσεων
1607 727 1722 763 πέρατα·
1735 727 1765 754 οὺ
1778 727 1834 763 γὰρ

1042 774 1075 800 ὲκ
1088 774 1197 809 μέρους,
1211 775 1268 802 ἀλλ’
1288 775 1394 811 ἀθρόως
1414 775 1461 801 καὶ
1480 775 1537 809 ἅμα
1555 772 1756 807 προϋφέστηκε.
1777 773 1833 799 Καὶ

1042 822 1075 848 ἐκ
1094 821 1189 848 τούτου
1204 821 1375 857 νοηθήσεται,
1395 821 1454 853 πῶς
1478 828 1560 856 φησιν
1579 821 1593 846 ὁ
1627 819 1785 852 ἀπόστολος,
1801 821 1832 847 ὲν

1041 867 1081 903 τῷ
1092 867 1152 903 Θεῷ
1163 865 1231 894 εἶναι
1243 868 1316 903 ἡμᾶς
1328 867 1384 901 πρὸ
1397 865 1566 899 καταϐολῆς
1586 866 1710 899 κόσμου.
1735 864 1831 891 ’ἰστέον

1041 911 1097 945 οὖν,
1111 914 1151 940 ὅτι
1171 914 1209 945 ὡς
1223 913 1274 948 τῆς
1289 913 1415 940 ἁπάντων
1430 911 1599 948 παραγωγῆς
1614 911 1684 938 κατὰ
1697 911 1728 938 τὸ
1744 910 1831 937 αἴτιον

1042 959 1089 985 καὶ
1106 959 1156 994 τὴν
1177 958 1264 994 ἀρχὴν
1282 957 1479 993 ἀπηρτημένης
1498 956 1591 988 αὑτοῦ,
1610 956 1702 991 ἐπειδὴ
1720 955 1755 982 τὰ
1767 955 1833 982 ὄντα

1042 1004 1131 1031 πάντα
1155 1003 1184 1036 ἑξ
1209 1003 1292 1029 αὑτοῦ
1315 1004 1395 1034 εἰσιν,
1421 1002 1534 1033 εἰκότως
1557 1001 1604 1028 ἆτε
1625 1001 1672 1027 καὶ
1700 1000 1831 1036 μέλλοντα

1042 1049 1164 1080 ἔσεσθαι,
1181 1049 1210 1075 ὲν
1229 1048 1303 1083 αὐτῷ
1319 1048 1366 1074 καὶ
1383 1047 1611 1083 προῦφειστήκειν
1625 1045 1665 1081 τῷ
1682 1046 1774 1078 εἰδότι,
1789 1046 1829 1072 ὅτι

1041 1095 1088 1122 καὶ
1108 1094 1233 1130 παράξει,
1254 1094 1301 1120 καὶ
1318 1093 1382 1120 πότε
1396 1093 1521 1129 παράξει,
1534 1093 1571 1124 ὡς
1585 1093 1703 1128 ετρηται,
1723 1092 1738 1118 ὁ
1753 1091 1830 1123 εἰδὼς

1042 1141 1130 1168 πάντα
1152 1141 1215 1176 πρὶν
1238 1140 1370 1174 γενέσεων
1392 1139 1491 1166 αὐτῶν.
1511 1139 1562 1166 Ἢν
1586 1139 1618 1175 δὴ
1643 1139 1740 1165 ἀκτῖνα
1768 1137 1830 1165 οὕτε

1041 1187 1166 1222 ἐννοῆσαι
1197 1186 1328 1216 δυνατὸν.
1351 1184 1412 1212 οὔτε
1439 1185 1543 1218 εἰπεῖν,
1570 1184 1632 1211 οὔτε
1656 1184 1744 1216 ἄλλως
1771 1193 1830 1215 πως

1042 1232 1195 1268 θεωρῆσαι,
1216 1232 1261 1258 διὰ
1284 1232 1313 1258 τὸ
1335 1230 1404 1258 εἶναι
1434 1231 1543 1258 πάντων
1572 1231 1760 1267 ὲξῃρημένην,
1782 1231 1831 1257 καὶ

1041 1278 1262 1314 προσλαμϐάνειν
1284 1277 1333 1313 μὲν
1354 1278 1443 1305 πᾶσαν
1462 1277 1669 1313 ἀποπεράτωσιν
1691 1277 1828 1311 γνώσεως,

1041 1323 1088 1350 καὶ
1097 1323 1201 1354 οὐσίας,
1218 1323 1266 1350 καὶ
1284 1323 1435 1358 δυνάμεως·
1454 1323 1562 1350 πάντων
1574 1322 1602 1349 δὲ
1620 1323 1732 1350 καὶτῶν
1745 1323 1829 1358 οὐρα-

1040 1370 1105 1397 νίων
1116 1370 1184 1397 νοῶν
1196 1369 1416 1406 ὑπεριδρύεσθαι.
1430 1369 1485 1395 Καὶ
1494 1369 1545 1404 ὅρα
1559 1368 1617 1400 πῶς
1631 1368 1829 1401 κατασκευάζει

1040 1416 1129 1443 τοῦτο.
1149 1416 1209 1443 ’Ότι
1230 1417 1256 1442 αί
1272 1415 1387 1450 γνώσεις
1407 1415 1488 1442 τινῶν
1508 1415 1562 1442 εἰσι
1584 1414 1717 1449 γνώσεις,
1745 1416 1829 1451 ἠγουν

1040 1462 1134 1490 ὄντων·
1159 1463 1206 1490 καὶ
1228 1462 1255 1489 εἴ
1278 1470 1341 1489 τινα
1361 1461 1593 1497 ἀποπερατοῦνται
1614 1461 1732 1496 γνωστὰ,
1756 1461 1829 1496 ἅπερ

1040 1508 1094 1535 eici
1112 1508 1160 1535 καὶ
1174 1508 1242 1535 αὐτὰ
1261 1508 1333 1535 ὄντα.
1353 1509 1389 1534 Ἦ
1400 1508 1490 1543 πάσης
1501 1507 1566 1541 γοῦν
1578 1507 1682 1539 οὐσίας,
1699 1507 1745 1533 καὶ
1763 1507 1829 1534 πάν-

201 1553 264 1580 dum
285 1560 396 1580 causam
412 1557 440 1579 et
462 1552 624 1586 principium
645 1551 679 1579 ab
701 1559 734 1579 eo
759 1552 887 1586 pendere,
904 1560 986 1587 quam

1040 1560 1093 1579 των
1104 1551 1159 1578 τῶν
1174 1550 1257 1578 ὄντων
1269 1551 1406 1583 ἐπέκεινα,
1418 1551 1526 1583 πάντως
1539 1551 1585 1577 καὶ
1601 1550 1726 1586 γνώσεως
1737 1552 1828 1586 πάσης

201 1599 345 1631 doquidem
362 1605 407 1626 res
428 1604 522 1625 omnes
538 1605 587 1633 per
598 1598 848 1632 ipsum-exsistant,
861 1598 986 1633 probabi-

1039 1597 1195 1635 ἐξῃρημένη
1217 1597 1301 1625 ἐστίν.
1328 1598 1425 1625 Ἰστέον
1443 1597 1471 1624 δὲ
1494 1598 1535 1624 ὅτι
1558 1597 1650 1632 ἕτερον
1672 1597 1760 1630 οὐσία,
1780 1598 1829 1625 καὶ

199 1643 262 1670 liter
284 1643 368 1670 etiam
389 1650 439 1675 ea,
460 1650 520 1670 cum
541 1642 631 1669 futura
654 1646 750 1676 erant,
765 1643 792 1670 in
809 1642 867 1677 ipso
879 1650 986 1678 quoque

1038 1643 1131 1678 ἕτερον
1142 1643 1265 1678 δύναμις·
1276 1644 1292 1678 ὴ
1306 1643 1355 1678 μὲν
1368 1643 1422 1679 γὰρ
1432 1643 1485 1671 τῶν
1494 1643 1555 1670 καθ’
1568 1643 1638 1670 αὐτὰ
1654 1641 1828 1677 ὑφεστώτων,

199 1694 264 1715 ante
277 1688 444 1720 constitisse,
466 1693 559 1723 utpote
574 1688 694 1720 sciente,
707 1692 735 1714 et
748 1688 820 1722 quod
837 1689 966 1723 producet
977 1708 986 1722 ,

1039 1689 1056 1725 ἡ
1070 1688 1099 1716 δὲ
1112 1689 1166 1716 τῶν
1177 1690 1206 1716 ὲν
1219 1689 1305 1725 ἑτέρῳ
1317 1689 1348 1716 τὺ
1359 1688 1427 1717 εἶναι
1438 1690 1553 1725 ἑχόντων
1565 1690 1648 1717 ἐστίν.

198 1739 227 1763 et
243 1735 350 1769 quando
373 1733 521 1769 producet,
544 1733 582 1761 uti
606 1734 708 1762 dictum
731 1739 774 1762 est
793 1741 876 1761 :cum
892 1735 983 1762 omnia
1001 1739 1149 1769 cognoscat
1175 1741 1239 1762 ante
1261 1736 1368 1763 illorum
1391 1737 1607 1772 generationem.
1635 1735 1712 1764 Hunc
1731 1737 1825 1772 utique

198 1783 304 1809 radium
320 1788 409 1815 neque
421 1785 512 1808 mente
523 1780 666 1815 concipere
680 1787 731 1808 nec
748 1781 872 1808 oratione
899 1780 1023 1815 proloqui
1048 1780 1180 1813 valemus,
1207 1788 1294 1815 neque
1321 1781 1376 1809 alio
1403 1789 1564 1816 quocunque
1586 1783 1666 1808 modo
1689 1783 1824 1816 contueri,

199 1828 272 1862 quod
287 1826 463 1854 sitomnibus
487 1832 641 1860 exemptus.
667 1831 696 1854 et
714 1834 823 1855 omnem
843 1826 951 1861 quidem
980 1826 1100 1854 notionis
1129 1830 1157 1854 et
1179 1827 1305 1854 essentia:
1325 1832 1353 1854 et
1380 1828 1488 1855 virtutis
1511 1828 1730 1855 terminationem
1754 1829 1825 1856 anti-

197 1875 280 1909 cipet,
294 1880 374 1907 supra
385 1879 481 1900 omnes
508 1880 572 1901 vero
587 1876 713 1903 ccelestes
734 1875 925 1910 intelligendas
955 1875 1116 1903 collocetur.
1144 1874 1177 1902 Et
1202 1874 1263 1902 vide
1285 1875 1421 1910 quomodo
1445 1876 1471 1903 id
1492 1875 1599 1911 probet.
1625 1875 1757 1909 Quoniam
1778 1883 1826 1903 co-

198 1921 333 1956 gnitiones
347 1919 500 1954 aliquorum
519 1926 584 1949 sunt
594 1922 774 1958 cognitiones,
792 1922 870 1950 verbi
883 1922 981 1957 gratia,
997 1929 1103 1954 rerum;
1116 1926 1144 1948 et
1164 1921 1188 1948 si
1210 1921 1302 1957 aliqua
1333 1922 1502 1950 deﬁniuntur
1529 1927 1605 1954 nota.
1635 1929 1694 1956 qua:
1716 1926 1746 1949 et
1765 1921 1825 1956 ipsa

198 1975 242 1994 res
258 1971 331 1994 sunt.
348 1966 425 2000 Quod
449 1966 533 2001 igitur
555 1967 627 1994 omni
646 1966 765 1994 essentia
785 1967 918 2000 rebusque
939 1967 1065 1994 omnibus
1080 1965 1245 1993 eminentius
1270 1971 1322 2000 est,
1353 1967 1446 2001 utique
1476 1966 1511 1993 ab
1538 1966 1611 1993 omni
1637 1974 1747 2000 quoque
1776 1974 1826 1993 co-

197 2014 320 2048 gnitione
332 2013 471 2041 eximitur.
487 2012 634 2040 Sciendum
655 2019 752 2046 porro,
780 2011 853 2039 aliud
877 2019 939 2039 esse
968 2012 1128 2045 essentiam,
1155 2016 1184 2040 et
1211 2012 1284 2040 aliud
1308 2013 1457 2046 virtutem;
1490 2012 1535 2040 illa
1561 2013 1635 2040 enim
1660 2017 1703 2040 est
1726 2020 1825 2041 eorum

198 2068 257 2095 quxe
274 2067 322 2095 per
342 2067 371 2087 se
391 2058 558 2091 subsistunt,
581 2060 639 2085 haec
652 2065 720 2086 vero
733 2065 828 2086 eorum
842 2064 905 2093 quae
926 2058 988 2086 aliis
1007 2059 1108 2087 insunt.

234 2106 248 2143 ς
265 2106 297 2132 ν.
311 2105 378 2134 Cum
399 2105 513 2133 dixisset
526 2104 696 2132 divinitatem
708 2112 816 2133 omnem
833 2105 980 2133 essentiam

197 2159 224 2181 et
239 2154 420 2189 cognitionem
440 2159 581 2187 superare,
598 2153 665 2187 petit
679 2154 815 2187 quomodo
829 2154 911 2189 igitur
931 2161 981 2181 no-

1071 2107 1085 2143 §
1105 2106 1136 2134 V.
1151 2106 1244 2134 Εἰπὼν
1265 2106 1314 2142 τὴν
1328 2104 1456 2141 θεαρχίαν
1471 2104 1561 2140 πάσης
1576 2103 1669 2136 οὐσίας
1688 2101 1826 2140 ἐξῃρημέ-

1033 2162 1083 2189 νην
1106 2153 1154 2180 καὶ
1176 2152 1312 2188 γνώσεως,
1333 2152 1431 2187 ἀπορεῖ
1452 2151 1511 2183 πῶς
1533 2148 1580 2177 οὖν
1607 2150 1826 2186 ὀνομασθήσεται

199 2201 296 2227 minari
322 2200 408 2235 possit
434 2200 558 2236 (nomina
585 2199 657 2226 enim
682 2207 772 2227 rerum
797 2200 980 2235 subiectarum

1038 2201 1079 2236 [τὰ
1097 2200 1152 2236 γὰρ
1165 2200 1284 2241 ὀνόματα
1305 2198 1442 2234 δηλωτικὰ.
1453 2199 1506 2225 εισι
1523 2197 1693 2233 πραγμάτων
1712 2197 1827 2224 ὑποκει-

197 2250 260 2273 sunt
275 2246 450 2280 declarativa)
464 2249 492 2272 et
505 2245 640 2279 quomodo
655 2245 688 2272 de
712 2245 812 2273 divinis
828 2246 983 2274 nominibus

197 2301 211 2319 a
228 2292 305 2320 nobis
317 2300 407 2320 sermo
421 2293 642 2325 concinnabitur,
655 2293 693 2326 si,
714 2293 752 2320 uti
773 2293 873 2320 dictum
887 2297 941 2325 est.
956 2297 983 2320 et

196 2346 305 2365 omnem
327 2345 481 2365 sermonem
507 2342 535 2365 et
555 2345 662 2365 omnem
686 2338 826 2366 notionem
849 2338 983 2366 excedat?

196 2389 225 2411 ct
237 2384 260 2411 si
273 2384 308 2411 sit
322 2391 405 2418 supra
420 2388 536 2411 ruentem
552 2389 580 2411 et
592 2384 894 2419 essentiam,quomodo
906 2390 982 2411 mens

196 2438 255 2458 eam
270 2430 395 2465 attinget,
416 2435 461 2457 aut
478 2430 684 2465 apprehendet?
695 2430 759 2457 Haec
774 2430 845 2457 enim
863 2435 892 2457 ut
905 2437 983 2458 crea-

195 2477 249 2503 trix
266 2476 357 2503 omnia
380 2476 591 2510 cmuplecﬁtur,
616 2476 680 2510 quia
704 2475 802 2503 caelum
830 2480 857 2502 et
879 2481 980 2503 terram

194 2522 304 2557 implet;
324 2526 351 2548 et
365 2522 586 2556 comprehendit,
608 2522 634 2548 in
649 2525 778 2556 quantum
794 2521 878 2556 308
890 2522 980 2556 provi-

195 2567 249 2598 det,
266 2567 293 2593 ia
307 2568 364 2602 ipsa
389 2567 463 2594 enim
488 2567 578 2594 omnia
603 2567 776 2599 consistunt,
796 2572 823 2594 et
836 2567 976 2601 anticipat,

193 2611 257 2646 quia
283 2612 403 2639 rationes
428 2612 569 2644 omnium,
593 2612 635 2639 vel
660 2613 748 2647 potius
774 2612 842 2640 ﬁnes
856 2613 976 2640 omnium

194 2659 344 2691 notionum,
357 2658 382 2685 in
395 2659 453 2693 ipsa
473 2659 672 2693 praeexsistunt.
688 2658 737 2686 Est
748 2663 839 2686 autem
853 2659 979 2686 omnibus

194 2712 247 2731 non
264 2703 422 2738 simpliciter
436 2705 547 2732 omnino
561 2709 589 2732 et
611 2705 730 2739 praprie,
746 2705 793 2732 sed
815 2712 863 2740 per
877 2713 906 2732 se
919 2712 978 2732 om-

194 2750 267 2780 nino,
282 2753 309 2776 et
329 2756 379 2783 per
398 2757 427 2777 se
448 2750 570 2785 proprie,
582 2755 610 2777 et
632 2758 680 2785 per
699 2757 728 2777 se
746 2751 853 2786 penitus
873 2751 977 2778 incomu

193 2794 394 2830 prehensihilis.
406 2795 473 2823 Nam
486 2796 556 2831 quod
569 2803 618 2831 per
629 2804 659 2825 se
674 2795 808 2824 infinitum
822 2801 873 2829 est,
890 2797 972 2824 etiam

230 2890 242 2903 υ
259 2883 334 2909 Itum.
350 2893 388 2912 vt.
403 2884 429 2912 5.
471 2883 480 2903 ί
495 2883 575 2913 Joan.
597 2893 652 2912 xvr.
692 2886 704 2905 ⁸
716 2884 725 2911 ι
739 2884 810 2912 l’ctr.
826 2892 845 2916 ι,
861 2883 906 2911 20.

1033 2246 1137 2282 μένων)
1155 2246 1202 2272 καὶ
1230 2245 1289 2277 πῶς
1313 2243 1589 2280 πραγματευθήσεται
1613 2243 1628 2270 ό
1648 2243 1712 2279 περὶ
1741 2243 1826 2271 θείων

1030 2292 1170 2327 ὀνομάτων
1187 2291 1265 2325 λόγος
1278 2292 1354 2326 ἡμῖν,
1371 2291 1397 2317 εἰ
1411 2290 1544 2326 κρείττων
1561 2289 1645 2322 ἐστὶν,
1655 2289 1693 2321 ὡς
1709 2289 1823 2326 ὲρῤέθη,

1030 2338 1078 2365 καὶ
1092 2337 1192 2370 παντὸς
1203 2337 1282 2372 λόγου
1294 2337 1342 2364 καὶ
1354 2336 1443 2372 πάσης
1455 2335 1591 2370 γνώσεως,
1609 2336 1657 2363 καὶ
1675 2336 1699 2362 εί
1712 2335 1759 2362 νοῦ
1775 2336 1825 2363 καὶ

1029 2383 1123 2416 οὐσίας
1134 2383 1272 2415 ἐπέκεινα,
1292 2382 1351 2413 πῶς
1369 2382 1384 2407 ὁ
1403 2381 1464 2413 νοῦς
1485 2381 1666 2414 ἐπιϐαλεῖται,
1680 2381 1729 2407 καὶ
1747 2390 1824 2418 περι-

1032 2430 1175 2466 δράξεται;
1190 2429 1265 2465 Αὕτη
1278 2429 1331 2465 γάρ
1345 2430 1417 2456 ἐστιν
1431 2428 1558 2455 ἁπάντων
1576 2427 1771 2464 περιληπτικὴ,
1782 2427 1823 2459 ὼς

1031 2475 1206 2511 δημιουργὸς,
1226 2475 1267 2502 ὅτι
1288 2474 1334 2501 τὸν
1356 2475 1468 2510 οὐρανὸν
1490 2475 1537 2501 καὶ
1557 2474 1607 2510 τὴν
1632 2473 1685 2508 γῆν
1708 2473 1819 2508 πληροῖ·

1031 2522 1078 2549 καὶ
1097 2521 1275 2558 συλληπτικὴ,
1302 2521 1341 2554 ὼς
1364 2521 1540 2558 προνοητικὴ-
1561 2521 1591 2547 ὲν
1614 2520 1682 2556 αὐτῇ
1703 2518 1758 2554 γὰρ
1785 2518 1820 2545 τὰ

1031 2568 1119 2595 πάντα
1139 2568 1298 2604 συνέστηκε·
1315 2567 1362 2595 καὶ
1379 2567 1562 2603 προληπτικὴ,
1576 2567 1617 2593 ὅτι
1635 2565 1682 2592 καὶ
1699 2565 1725 2591 οἱ
1744 2564 1820 2598 λόγοι

1029 2614 1148 2646 πάντων,
1163 2614 1262 2650 μᾶλλον
1280 2613 1309 2641 δὲ
1322 2613 1356 2640 τὰ
1374 2613 1480 2650 πέρατα
1493 2612 1547 2640 τῶν
1566 2611 1692 2646 γνώσεων
1703 2609 1819 2638 ἁπασῶν

1032 2662 1061 2688 ὲν
1083 2662 1151 2698 αὐτῇ
1173 2661 1388 2697 προῦφέστηκεν.
1403 2661 1481 2688 Ἔστι
1499 2660 1527 2686 δὲ
1550 2660 1632 2686 πᾶσιν
1654 2658 1704 2693 οὐχ
1724 2656 1819 2688 ἁπλῶς

1030 2707 1144 2734 καθόλου
1164 2708 1211 2734 καὶ
1225 2707 1326 2744 κυρίως
1342 2707 1471 2743 ἄληπτος,
1486 2707 1553 2733 ἀλλὰ
1565 2704 1756 2735 αὑτοκαθόλου,
1770 2711 1818 2729 και

1030 2752 1208 2788 αὺτοκυρίως,
1221 2753 1267 2779 καὶ
1279 2751 1494 2783 αὺτοπαντελῶς.
1507 2751 1543 2777 To
1556 2749 1610 2786 γὰρ
1624 2749 1816 2783 αὐτοάπειρον,

1027 2797 1074 2824 καὶ
1092 2797 1271 2825 αὺτοκαθόλου
1290 2797 1418 2833 ἄληπτον·
1446 2797 1493 2824 καὶ
1505 2793 1559 2823 οἷον
1579 2795 1609 2822 τὸ
1624 2793 1815 2829 ὑποκείμενον,
