1929 3068
122 179 179 210 δἪί

405 182 450 210 DE
467 183 594 211 DlVlNlS
609 182 810 217 NOMINIBUS,
827 183 904 212 CAP.
922 183 942 210 1.
961 198 995 204 --
1011 182 1185 212 PARAPHR.
1204 183 1440 212 PACHYMERAS.

1697 182 1750 210 6‘26

122 240 244 267 τοιοῦτον
263 241 310 267 καὶ
326 241 357 266 τὸ
377 240 451 267 ἴδιον.
467 241 522 268 Καὶ
539 241 601 268 οὔτε
617 241 741 277 αἰσθήσει
756 241 904 268 ὑποπίπτει

968 248 1017 276 per
1030 248 1060 268 se
1070 242 1181 270 omnino
1194 241 1471 277 incomprehensibile
1485 242 1593 270 exsistit
1605 250 1615 270 :
1627 246 1655 270 et
1670 242 1749 276 quale

122 287 184 313 οὐδὲ
196 285 251 322 γὰρ
261 286 399 322 αἰσθητόν·
416 286 478 313 οὔτε
497 288 630 323 φαντασίᾳ.
648 287 711 320 τινὶ,
732 287 853 314 τυπώσει
867 287 914 323 δη-

121 332 189 368 λαδὴ
209 332 390 369 ἀναγγελτικῇ
409 333 539 368 αἰσθητοῦ
556 333 632 365 νοὸς,
646 334 752 368 γίνεται
773 334 828 370 γὰρ
847 342 914 369 φαν-

120 378 204 405 τασία
220 379 253 404 ὲκ
278 378 412 414 μενόντων
428 378 509 405 τινῶν
529 379 807 415 ὲγκαταλειμμάτων,
828 380 857 413 ἐξ
871 380 914 406 αἱ-

123 424 174 460 σθη
179 425 270 460 μάτων
281 425 318 461 μὴ
329 424 427 460 ἔχουσα
437 426 633 462 έρηρεισμένας
644 426 689 453 ὲπί
699 434 725 452 τι
735 425 784 458 τὰς
795 426 911 458 εἰκόνας.

122 470 187 502 Πῶς
207 467 254 497 οὖν
278 471 496 506 φαντασθήσεται
521 471 551 498 τὺ
576 471 710 505 ἀθέατονς
740 472 809 499 οὔτε
836 472 910 509 δόξῃ,

120 517 205 543 οἱονεὶ
216 516 305 552 τοιᾷδέ
315 525 368 543 τινι
380 516 511 553 ὑπολήψει
523 517 592 544 κατὰ
601 517 632 544 τὸ
645 517 740 545 δοκοῦν
752 517 910 554 φαινομένῃ·

121 563 148 588 εὶ
161 563 215 598 γὰρ
229 563 276 590 καὶ
290 563 388 599 μᾶλλον
401 564 451 599 τῆς
466 564 616 598 φαντασίας
627 565 643 600 ὴ
656 565 717 598 δόξα
730 565 910 600 πεπέρασται,

121 608 170 634 καὶ
181 608 238 634 ἐστι
249 608 317 644 πρὸς
335 609 375 644 τῷ
387 609 428 636 ἑνὶ
441 609 572 644 σύνεγγυς
582 610 629 637 τοῦ
646 610 715 642 νοός·
728 611 768 637 ὅτι
781 611 828 638 καὶ
841 610 910 647 αὓτη

120 653 261 681 ἐπιϐάλλει
272 654 471 689 ἀσυλλογίστως
488 657 545 688 τοῖς
554 655 609 682 τῶν
625 657 794 692 πραγμάτων
808 665 912 692 συμπε-

121 700 269 736 ράσμασιν,
291 700 387 737 ὥσπερ
404 702 419 728 ό
437 701 500 733 νοῦς
523 702 583 728 καθ’
601 702 690 738 ἁπλῆν
709 703 848 738 ἐπιϐολὴν,
861 703 911 739 τῆς

120 746 272 780 φαντασίας
283 746 384 782 πλῆθος
396 747 509 782 ἄπειρον
520 747 567 774 καὶ
580 748 705 784 ἀόριστον
717 749 842 785 ἐχούσης,
852 749 910 776 ἀλλ’

117 791 169 826 οὐχ
181 791 224 818 οἵα
243 791 274 818 τέ
291 791 364 819 ἐστιν
380 793 397 828 ἡ
411 791 474 824 δόξα
491 792 646 820 ἐπιϐάλλειν
664 795 719 826 τοῖς
737 795 807 831 ὑπὲρ
826 795 911 822 κατά-

118 837 210 873 ληψιν.
227 837 294 865 οὔτε
316 838 429 873 ὀνόματι
447 838 605 866 ὑποπίπτει·
627 840 687 872 πῶς
700 841 754 877 γὰρ
767 841 798 868 τὸ
819 841 910 878 πάσης

117 882 246 917 γνώσεως
266 883 395 910 ἐπέκεινα
415 884 646 921 ὀνομασθήσεται;
665 885 727 913 οὔτε
747 886 828 923 λόγῳ·
850 888 909 921 πῶς

117 927 174 964 γὰρ
189 928 283 964 ῥηθείη
295 929 326 955 τὸ
339 928 474 965 ᾶρῥητον;
493 929 555 957 οὕτε
565 932 668 967 ἐπαφῇ,
685 933 766 968 νοερᾷ.
778 922 908 969 δηλονότι,
924 922 946 950 Β

117 974 133 1000 ὅ
154 974 212 1000 ἐστι
225 974 273 1009 νῷ,
288 975 335 1001 καὶ
352 974 406 1011 γὰρ
424 975 449 1001 οί
469 977 526 1008 τοῖς
544 978 649 1012 νοητοῖς
668 977 857 1012 ἐπιϐάλλοντες
869 979 908 1015 τῷ

116 1017 159 1045 νοτ
173 1018 295 1046 δοκοῦσιν
308 1019 382 1046 ὥσπε
387 1028 403 1055 ρ
415 1020 563 1056 ἁπτόμενοι
577 1021 676 1054 αὐτῶν,
692 1024 762 1051 νοεῖν
776 1024 790 1050 ὅ
802 1033 828 1051 τι
843 1025 908 1052 ποτέ

116 1065 198 1096 εἰσιν,
210 1064 248 1096 ὡς
260 1065 307 1091 καὶ
318 1065 362 1092 διὰ
375 1066 425 1101 τῆς
438 1066 511 1101 ἁφῆς
524 1066 578 1094 τῶν
591 1068 726 1104 αἰσθητῶν
735 1069 769 1096 τὰ
780 1070 907 1107 αἰσθητὰ,

115 1109 165 1136 ἐπὶ
178 1109 206 1136 δὲ
220 1109 287 1136 Θεοῦ
308 1110 413 1142 οὐδενὸς
427 1111 526 1147 νοερῶς
547 1111 723 1148 ὲπαφώμεθα.
739 1114 831 1142 Εἰπὼν
850 1116 907 1143 τοί-

115 1163 165 1182 νυν
183 1155 233 1187 τὰς
254 1156 390 1192 τέσσαρας
414 1157 566 1191 γνωστικὰς
587 1158 715 1195 δυνάμεις
737 1160 788 1196 τῆς
806 1161 906 1198 ψυχῆς,

115 1201 166 1238 τὴν
180 1201 318 1237 αἴσθησιν.
341 1201 390 1237 τὴν
415 1203 575 1237 φαντασίαν,
599 1205 649 1241 τὴν
667 1205 760 1240 δόξαν,
774 1207 819 1234 τὸν
832 1208 905 1242 νοῦν,

113 1247 207 1283 τίθησι
220 1248 268 1275 καὶ
281 1249 332 1284 τὴν
353 1248 449 1284 λοιπὴν
465 1250 630 1287 ἐπιστήμην,
647 1251 766 1289 δηλονότι
785 1255 835 1291 τὴν
850 1255 907 1282 διά-

113 1302 201 1321 νοιαν·
225 1296 241 1330 ἡ
265 1294 319 1331 γὰρ
339 1295 477 1332 ἐπιστήμη
500 1297 544 1324 διά
568 1306 648 1325 τινων
673 1301 906 1337 προῦπαρχουσῶν

81 1345 84 1347 ”
113 1340 241 1374 γνώσεων
254 1341 368 1376 γίνεται,
378 1342 446 1369 Ποία
458 1343 486 1369 δὲ
501 1343 534 1370 ἃν
548 1344 590 1380 εἴη
607 1345 706 1378 γνῶσις
721 1346 788 1373 Θεοῦ
802 1349 906 1382 προῦπ-

113 1386 252 1422 ἁρχουσα;
273 1387 334 1414 ὃθεν
354 1387 415 1414 οὐδὲ
435 1389 574 1426 ἐπιστήμῃ
595 1390 755 1419 ὑποπίπτει.
777 1392 841 1425 Πῶς
858 1390 905 1421 οὗν

112 1432 354 1469 όνομασθήσεταιή
365 1433 481 1470 ἄκλητος
495 1436 542 1462 καὶ
553 1435 589 1472 μὴ
604 1437 756 1474 καλουμένη
772 1439 824 1465 τινὶ
837 1448 906 1473 γνω-

114 1478 238 1513 ρίσματι,
250 1479 297 1505 καὶ
308 1479 346 1514 μὴ
363 1479 441 1514 μόνον
455 1480 581 1516 ἄκλητος,
592 1481 659 1508 ἀλλὰ
673 1483 720 1509 καὶ
731 1484 800 1519 ὑπὲρ
815 1485 904 1512 πᾶσαν

112 1523 263 1559 ὀνομασίαν
279 1522 364 1557 οὖσα;
382 1525 470 1561 Ὅπερ
484 1526 538 1562 γὰρ
552 1527 667 1564 ἔφημεν,
682 1529 762 1565 ἡνίκα
783 1530 832 1562 τὰς
847 1531 905 1558 θεο-

112 1569 225 1604 λογικὰς
238 1570 427 1603 ὑποτυπώσεις
440 1572 624 1608 ἐξετιθέμεθα,
639 1575 688 1610 τὴν
701 1576 841 1613 τριαδικὴν
856 1579 904 1605 καὶ

112 1616 267 1651 όμοάγαθον
278 1619 325 1645 καὶ
342 1618 453 1653 όμόθεον
468 1619 558 1653 ἐνάδα,
573 1621 641 1657 ὅπερ
656 1622 714 1649 ἐστὶ
727 1625 798 1650 κατὰ
811 1625 901 1658 φύσιν,

111 1660 174 1687 οὔτε
187 1662 282 1694 εἰπεῖν,
298 1662 360 1690 οὔτε
376 1663 499 1699 ἐννοῆσαι
512 1664 632 1693 δυνατόν.
647 1667 702 1694 Καὶ
717 1668 743 1694 τί
757 1677 826 1704 φημι
840 1671 904 1706 περὶ

111 1706 192 1738 θεοῦ,
204 1707 245 1733 ὅτι
258 1708 416 1743 ἀνεννόητος
428 1709 493 1744 ἡμῖν
508 1710 555 1737 καὶ
569 1710 721 1746 ἄφθεγκτός
734 1713 824 1747 ὲστιν;
837 1714 904 1742 ἀλλὰ

112 1753 160 1779 καὶ
176 1753 256 1780 αὐταὶ
270 1755 298 1780 αἱ
321 1756 374 1782 τῶν
388 1756 522 1792 οὐρανίων
535 1757 675 1793 δυνάμεων
690 1759 904 1795 ἀγγελοπρεπείς

112 1799 235 1831 ὲνὼσεις,
259 1801 321 1827 καθ’
347 1801 380 1834 ὰς
404 1802 526 1829 ὲνοῦνται
552 1803 611 1838 Θεῷ
631 1804 692 1831 καθ’
716 1805 777 1831 ὅσον
803 1806 904 1841 πρέπει

111 1844 237 1873 ὲνοῦσθαι
252 1846 384 1880 ἀγγέλους
394 1848 462 1884 Θεῷ.
477 1846 561 1875 Αῦται
574 1847 622 1875 οὖν
640 1850 667 1876 αί
683 1850 792 1882 ἐνώσεις
805 1851 839 1884 ἃς
848 1852 902 1879 εἴτε

111 1890 242 1923 ἐπιϐολὰς
253 1892 308 1918 εἴτε
323 1893 478 1928 παραδοχάς
497 1894 549 1930 χρὴ
572 1894 654 1929 φάναι
671 1896 721 1931 τῆς
737 1897 903 1934 ἀγαθότητος

111 1937 160 1964 τοῦ
176 1937 254 1969 Θεοῦ,
270 1938 384 1974 ἄρρητοι
405 1940 452 1967 καὶ
465 1939 599 1975 ἀγνωστοί
619 1942 697 1970 εἰσιν.
717 1942 860 1980 Ἐπιϐολὴν
873 1944 901 1971 δὲ

111 1983 223 2019 νοητέον
233 1985 281 2020 τὴν
296 1986 336 2017 είς
352 1986 383 2012 τὸ
396 1986 457 2013 καθ’
471 1986 499 2013 ἓν
513 1987 567 2013 τῶν
581 1989 781 2029 παραγομένων
795 1991 902 2026 μεριζο-

112 2029 197 2066 μὲνην
211 2030 322 2066 ἀμερῶς
336 2031 443 2068 θέλησιν
456 2033 479 2049 ¹⁹
494 2033 540 2060 τοῦ
555 2034 633 2066 Θεοῦ,
646 2035 782 2062 τουτέστιν
800 2037 839 2068 είς
853 2038 902 2073 τὴν

111 2076 227 2102 ἑκάστου
247 2079 425 2114 παραγωγήν.
457 2079 524 2106 Ἀλλ’
545 2080 606 2107 ἐπεὶ
632 2081 663 2108 οὺ
692 2082 901 2117 συμϐιϐάζονται

111 2122 159 2149 καὶ
173 2123 200 2148 αἰ
216 2123 364 2159 παραδοχαὶ
378 2125 449 2152 κατὰ
462 2126 511 2161 τὴν
521 2127 647 2163 τοιαύτην
663 2127 765 2155 ἔννοιαν
776 2129 825 2164 τῆς
839 2130 900 2156 ἑπι-

112 2168 204 2203 ϐολῆς,
220 2169 307 2201 ἄλλως
330 2171 439 2206 νοητέον
455 2171 485 2198 τὸ
502 2173 582 2208 ῥητὸν
604 2173 650 2200 ἐπὶ
665 2174 718 2200 τῶν
733 2174 873 2209 ἀγγέλων,
887 2175 901 2201 ὃ

111 2215 160 2241 καὶ
175 2215 284 2250 μᾶλλον,
299 2217 340 2243 ὅτι
357 2218 404 2244 καὶ
416 2218 540 2245 ἐπιϐολαὶ
554 2219 601 2246 καὶ
621 2220 771 2256 παραόοχαὶ
784 2221 838 2248 τῶν
851 2222 901 2256 ἀγ-

965 291 1006 314 est
1030 288 1191 321 subjectum,
1219 287 1279 315 talis
1303 288 1387 315 etiam
1410 293 1453 315 est
1472 289 1635 324 proprietas.
1656 287 1749 323 Neque

963 333 1047 360 etiam
1062 334 1112 360 sub
1132 341 1243 361 sensum
1255 334 1340 365 cadit.
1356 334 1488 369 quoniam
1502 342 1556 363 non
1576 341 1619 363 est
1631 335 1746 367 sensile;

963 387 1052 415 neque
1067 379 1125 414 ejus
1138 385 1180 408 est
1192 380 1361 416 imaginatio,
1373 387 1435 415 quae
1450 380 1577 408 videlicet
1589 381 1627 408 sit
1640 380 1749 408 sensilis

962 425 1076 459 alicujus
1094 426 1263 453 enuntiativa
1285 426 1423 461 ﬁguratio,
1445 427 1474 453 iit
1494 426 1566 454 enim
1589 427 1748 462 imaginatio

962 477 995 497 ex
1011 471 1136 506 reliquiis
1151 471 1317 507 quibusdam
1333 479 1368 500 ex
1390 472 1592 500 sensationibus
1607 480 1748 500 remanen-

963 515 1046 549 tibus,
1066 524 1118 543 non
1134 516 1240 545 habens
1256 516 1357 545 solidas
1371 518 1398 545 in
1412 517 1504 552 aliquo
1519 517 1661 552 imagines.
1678 517 1747 551 Quo.

962 562 1042 589 modo
1076 562 1158 597 igitur
1189 562 1384 598 imaginatione
1418 562 1534 598 exprimi
1562 563 1646 598 possit
1675 563 1746 598 quod

960 609 1036 636 cerni
1063 609 1177 644 nequit?
1199 608 1293 645 Neque
1317 610 1400 637 etiam
1424 610 1483 642 ejus
1507 613 1547 638 est
1573 609 1676 644 opinio,
1688 617 1746 644 qua:

960 655 1038 690 quasi
1050 662 1083 682 ex
1101 656 1259 691 conjectura
1271 655 1362 690 aliqua
1376 657 1526 683 secundum
1540 656 1745 684 :estimationem

960 701 1096 735 probabili
1120 702 1235 729 formari
1252 703 1358 737 possit:
1375 703 1509 737 siquidem
1524 702 1617 737 opinio
1634 707 1676 729 est
1690 710 1748 729 ma-

959 747 1000 781 gis
1024 747 1140 775 [imitata
1163 755 1245 783 quam
1271 749 1449 785 imaginatio,
1474 754 1569 784 estque
1594 749 1691 776 mentis
1713 749 1746 776 ad

959 800 1043 820 unum
1064 793 1130 828 quid
1153 794 1320 829 applicatio;
1341 795 1471 829 quoniam
1495 795 1553 822 haec
1581 794 1663 822 etiam
1687 794 1746 822 sine

959 839 1171 867 ratiocinatione
1194 846 1285 866 rerum
1309 840 1442 867 terminos
1464 838 1658 874 apprehendit,
1674 837 1746 866 sicut

960 882 1114 910 intellectus
1137 890 1186 918 per
1213 883 1368 918 simplicem
1396 884 1659 919 appreliensionem,
1683 890 1744 910 cum

960 928 1124 965 imaginatio
1148 929 1284 957 infinitam
1315 935 1344 958 et
1375 930 1614 958 indeterminatam
1647 930 1746 957 habeat

959 975 1175 1008 multitudinem,
1191 976 1238 1003 sed
1261 984 1349 1011 neque
1372 977 1455 1004 etiam
1479 980 1571 1012 potest
1596 976 1689 1010 opinio
1712 983 1744 1003 ea

958 1029 1019 1057 quae
1032 1029 1114 1057 supra
1129 1028 1238 1057 captum
1254 1027 1317 1051 sunt
1329 1024 1542 1058 apprehendere.
1556 1021 1648 1057 Neque
1660 1023 1742 1050 etiam

958 1067 1008 1094 sub
1023 1074 1122 1095 nomen
1133 1067 1205 1095 cadit
1216 1076 1224 1100 ;
1237 1069 1374 1101 quomodo
1386 1068 1458 1096 enim
1471 1068 1656 1096 nominabitur
1672 1069 1743 1103 quod

957 1117 1070 1148 superat
1085 1120 1167 1141 omne
1189 1114 1306 1142 nomen?
1319 1113 1412 1149 Neque
1425 1114 1475 1141 sub
1492 1122 1662 1148 sermonem;
1677 1122 1744 1149 quo-

958 1158 1038 1185 modo
1058 1158 1132 1185 enim
1156 1159 1229 1193 quod
1255 1158 1392 1186 ineii‘abile
1413 1163 1457 1187 est
1477 1160 1613 1187 enuntiari
1641 1160 1744 1195 possit?

956 1200 1049 1236 Neque
1069 1202 1119 1229 sub
1140 1206 1260 1236 tactum,
1287 1203 1473 1232 intcllectilem
1498 1204 1636 1237 videlicet,
1662 1205 1688 1232 id
1702 1213 1744 1232 est

957 1248 1057 1275 mentis
1071 1256 1078 1274 :
1093 1249 1139 1283 qui
1153 1248 1227 1276 enim
1242 1249 1460 1285 iutelligibilibus
1474 1255 1503 1277 ct
1516 1250 1743 1278 immaterialibus

958 1294 1038 1320 rebus
1054 1301 1143 1322 mente
1155 1294 1457 1326 incumbunt,videntur
1470 1295 1670 1330 quodammodo
1684 1296 1742 1330 ipsa

958 1344 1069 1374 tangere
1083 1339 1260 1376 intelligendo
1282 1340 1372 1376 qualia
1393 1341 1457 1373 sint,
1473 1349 1526 1369 non
1544 1349 1624 1369 secus
1637 1350 1668 1369 ac
1680 1350 1739 1370 sen-

956 1385 1017 1412 silia
1034 1393 1082 1420 per
1101 1390 1203 1413 tactum
1220 1386 1365 1420 sensilem,
1381 1386 1465 1414 Deum
1483 1391 1573 1414 tamen
1587 1395 1621 1415 ne
1633 1388 1741 1422 quidem

956 1436 1048 1460 mente
1071 1432 1265 1467 contingimus.
1290 1432 1358 1460 Cum
1388 1433 1480 1468 itaque
1505 1437 1622 1467 quatuor
1645 1433 1742 1460 anima:

955 1478 1082 1510 virtutes,
1099 1485 1159 1513 quae
1180 1478 1364 1513 cognoscendi
1387 1478 1412 1505 vi
1436 1477 1546 1513 pollent,
1563 1479 1741 1510 recensuerit,

955 1523 1061 1551 scilicet
1081 1531 1204 1556 sensum,
1227 1523 1466 1559 imaginationem,
1486 1524 1652 1559 opiniOnem,
1668 1532 1742 1551 lilClI-

957 1574 1023 1602 tem,
1043 1570 1119 1597 addit
1139 1575 1167 1598 et
1185 1570 1318 1605 reliquam
1342 1571 1497 1603 scientiam,
1510 1571 1616 1598 scilicet
1629 1577 1741 1598 senten-

956 1615 1039 1649 tiam;
1057 1617 1172 1645 scientia
1194 1617 1266 1645 enim
1289 1617 1379 1652 fitper
1398 1617 1502 1652 aliquas
1520 1618 1741 1653 praexsistentcs

955 1662 1190 1696 notiones.Qualis
1204 1667 1295 1690 autem
1309 1663 1355 1690 Dei
1368 1663 1443 1690 notio
1455 1663 1644 1698 prazexsistat?
1654 1670 1740 1697 quare

955 1714 1042 1742 neque
1055 1708 1104 1735 sub
1124 1708 1266 1736 scientiam
1286 1708 1373 1736 cadit.
1395 1708 1536 1742 Quomodo
1557 1708 1640 1743 igitur
1652 1708 1740 1735 nomi-

955 1753 1013 1781 nari
1027 1754 1171 1787 possit,et
1192 1762 1255 1781 cum
1277 1753 1479 1782 innominabilis
1503 1754 1555 1787 sit,
1578 1761 1667 1788 neque
1687 1753 1739 1780 tilla

955 1800 1066 1827 notione
1090 1800 1250 1835 compellari
1276 1801 1380 1834 valeat;
1407 1808 1493 1836 neque
1509 1806 1612 1828 tantum
1627 1800 1741 1828 innomi-

955 1846 1066 1878 nabtlis,
1081 1846 1129 1873 sed
1141 1851 1170 1874 et
1184 1854 1267 1881 supra
1287 1854 1369 1874 omne
1393 1855 1490 1875 nomen
1506 1847 1560 1875 sit?
1575 1847 1652 1880 Quod
1666 1847 1738 1874 enim

954 1891 1123 1924 dicebamus,
1136 1892 1245 1926 quando
1259 1892 1424 1927 tbeologicas
1436 1892 1642 1920 informationes
1655 1899 1738 1926 expc--

954 1936 1097 1970 nebamus,
1113 1937 1213 1964 trinam
1239 1936 1313 1964 illam
1337 1937 1469 1965 unitatem
1491 1942 1518 1966 et
1531 1937 1611 1965 simul
1626 1937 1737 1969 bonum,

953 1988 980 2011 et
1001 1982 1083 2011 simul
1108 1983 1204 2016 Deum,
1225 1983 1291 2017 quid
1306 1989 1403 2011 natura
1417 1991 1465 2011 sua
1479 1984 1526 2017 sit,
1544 1991 1633 2018 neque
1649 1984 1739 2011 verbis

952 2029 1078 2064 exprimi,
1091 2036 1180 2064 neque
1193 2031 1340 2065 cogitando
1352 2030 1411 2064 capi
1427 2037 1515 2065 posse.
1532 2029 1566 2056 Et
1578 2029 1663 2064 309
1674 2029 1737 2064 quid

952 2075 1016 2102 dico
1032 2074 1116 2102 Deum
1131 2075 1369 2110 inexcogitabilem
1383 2075 1461 2103 nobis
1475 2080 1503 2103 et
1518 2075 1736 2110 inexplicabilem

952 2121 1107 2148 exsistere?
1120 2122 1186 2156 quin
1201 2126 1229 2149 et
1253 2121 1405 2149 etelestinm
1428 2128 1535 2156 quoque
1557 2120 1686 2148 virtutum
1701 2121 1738 2148 di-

952 2174 1013 2202 gnze
1027 2167 1131 2202 angelis
1152 2167 1280 2200 uniones,
1297 2167 1448 2194 secundum
1471 2175 1539 2202 quas
1554 2167 1608 2194 Deo
1626 2166 1738 2200 conjuu-

952 2217 1053 2247 guntur
1071 2217 1203 2246 quantum
1222 2212 1333 2247 angelos
1354 2212 1424 2239 uniri
1456 2212 1511 2239 Deo
1533 2212 1669 2239 convenit.
1691 2211 1737 2238 liae

109 2259 197 2293 γέλων
218 2261 286 2296 πρὸς
306 2261 337 2288 τὸ
360 2262 437 2289 Θεῖον
457 2263 590 2297 λέγονται.
615 2265 741 2302 Ἑπιϐολὴ
764 2267 823 2302 μὲν,
839 2267 899 2294 καθ’

955 2259 1009 2286 sive
1024 2259 1206 2286 immissiones
1219 2259 1278 2286 sive
1293 2259 1480 2293 susceptiones
1494 2259 1592 2285 divina:
1608 2259 1736 2286 bonitatis

110 2306 144 2341 ἢν
160 2305 333 2333 ἐπιϐάλλουσι
347 2307 417 2334 κατὰ
431 2308 481 2344 τὴν
497 2309 599 2336 οἰκείαν
614 2309 692 2342 ἀξίαν
706 2312 738 2346 τῇ
752 2311 899 2347 ἀγαθότητι

108 2349 157 2376 τοῦ
179 2349 257 2377 Θεοῦ·
278 2351 417 2388 παραδοχὴ
437 2353 465 2379 δὲ
480 2354 496 2389 ή
512 2354 562 2390 τῆς
579 2354 626 2381 τοῦ
644 2355 711 2381 Θεοῦ
733 2356 900 2392 ἀγαθότητος

109 2396 203 2427 αὐτοῖς
216 2396 395 2433 ἀποκάλυψις.
411 2396 494 2426 Αῦται
516 2399 582 2434 γοῦν
598 2400 636 2435 μὴ
660 2400 740 2435 μόνον
754 2402 820 2437 ἡμῖν
834 2403 898 2436 εἰσι,

109 2441 202 2473 καθώς
218 2444 296 2474 είσιν,
323 2444 472 2478 ἄγνωστοι,
493 2445 562 2472 ἀλλὰ
587 2447 634 2473 καὶ
657 2448 713 2478 τοῖς
735 2449 899 2484 κατωτέροις

108 2487 244 2522 ἀγγέλοις,
262 2488 352 2524 μόνοις
366 2489 394 2516 δὲ
409 2491 466 2522 τοῖς
484 2491 631 2524 ἀνωτάτοις
645 2492 833 2527 γινώσκονται,
851 2495 899 2522 ἆτε

108 2532 270 2569 ἠξιωμένοις
289 2535 343 2562 τῶν
367 2537 527 2571 κρειττόνων
547 2537 679 2565 ὲνώσεων.
700 2539 818 2572 Ταύταις
838 2542 898 2573 ταῖς

108 2579 195 2612 θείαις
217 2580 345 2608 ἐνώσεσιν
362 2583 386 2609 οἰ
409 2583 534 2616 θεοειδεῖς
552 2585 612 2617 νόες
629 2585 683 2613 τῶν
699 2585 830 2620 θεολόγων
850 2588 898 2614 καὶ

107 2625 256 2661 προφητῶν
269 2626 495 2664 ἀγγελομιμήτως
505 2630 652 2665 ἑνούμενοι,
664 2631 756 2666 ἐπειδὴ
768 2632 815 2658 καὶ
827 2631 898 2659 οὕτω

106 2671 212 2704 γίνεται
225 2671 329 2703 τούτοις
340 2673 357 2708 ὴ
371 2673 481 2710 τοιαύτη
491 2674 597 2708 ἓνωσις,
612 2676 784 2703 ἀποπαύουσι
798 2676 896 2713 δηλαδὴ

107 2716 179 2743 κατὰ
200 2716 292 2754 πάσης
312 2720 407 2755 νοερᾶς
424 2720 573 2756 ἐνεργείας·
594 2722 654 2748 οὐδὲ
668 2722 723 2758 γὰρ
743 2723 772 2750 ὲν
790 2723 897 2759 κινήσει

106 2761 184 2795 θεὸς,
200 2763 268 2791 ἀλλὰ
292 2765 391 2800 μᾶλλον
412 2767 441 2793 ὲν
461 2767 563 2803 ἠρεμίᾳ
578 2768 624 2795 καὶ
638 2769 792 2796 ἀποπαύσει
804 2770 822 2805 ἡ
836 2769 896 2796 θεία

951 2305 1116 2339 appellanda:
1128 2305 1192 2336 sint,
1206 2305 1354 2332 ineti‘abiles
1368 2309 1395 2332 et
1410 2305 1507 2339 ignotae
1522 2305 1670 2332 exsistunt.
1684 2303 1736 2330 Per

950 2351 1147 2380 immissionent
1172 2357 1261 2379 autem
1281 2352 1453 2387 intelligenda
1473 2356 1515 2378 est
1533 2351 1579 2378 Dei
1598 2351 1735 2379 volitio"'

950 2398 1087 2426 indivisim
1103 2399 1187 2425 divisa
1208 2399 1234 2426 in
1259 2406 1350 2426 rerum
1374 2399 1569 2433 productarum
1592 2398 1736 2430 unitatem,

950 2444 978 2472 id
994 2449 1035 2471 est
1047 2444 1074 2471 in
1085 2445 1230 2478 cujuslibet
1252 2445 1469 2480 productionem.
1486 2444 1586 2471 Verum
1601 2451 1662 2470 cum
1676 2451 1734 2471 sus—

949 2490 1087 2525 ceptiones
1101 2498 1154 2518 non
1173 2491 1268 2518 eodem
1291 2498 1371 2518 sensu
1384 2490 1553 2524 accipiantur
1563 2497 1617 2524 quo
1635 2489 1737 2516 immis-

950 2537 1054 2569 siones,
1069 2538 1149 2564 aliter
1172 2537 1376 2572 intelligendum
1394 2541 1438 2564 est
1451 2537 1502 2563 hoc
1522 2536 1623 2563 dictum
1640 2537 1672 2562 de
1687 2544 1735 2562 an-

951 2582 1030 2616 gelis,
1047 2583 1199 2617 przesertim
1214 2591 1277 2610 cum
1302 2583 1484 2610 immissiones
1502 2587 1530 2609 et
1549 2582 1736 2616 susceptiones

951 2628 1112 2664 angelorum
1128 2631 1161 2656 ad
1186 2628 1269 2656 Deum
1293 2629 1457 2656 referantur.
1476 2628 1611 2655 lnnnissio
1625 2628 1733 2662 quidem

950 2681 1002 2707 est,
1017 2675 1165 2703 secundum
1187 2682 1268 2709 quam
1293 2674 1453 2701 incumbunt
1475 2682 1525 2710 pro
1540 2682 1587 2701 sua
1604 2674 1734 2708 dignitate

950 2723 1063 2750 bonitati
1077 2721 1139 2754 Dei;
1153 2723 1286 2756 susceptio
1298 2728 1361 2749 vero
1374 2726 1415 2748 est
1427 2721 1484 2756 ipsa
1499 2720 1626 2747 revelatio
1637 2719 1736 2745 divina-

950 2769 1092 2802 bonitatis,
1107 2777 1165 2804 qua:
1183 2768 1247 2804 ipsis
1269 2768 1424 2796 exhibetur.
1444 2767 1491 2795 Hae
1511 2767 1602 2801 itaque
1618 2773 1733 2792 nonsu-

748 2848 864 2877 VARl/E
883 2847 1084 2877 LECTlONES.

149 2904 170 2922 δ’
185 2905 300 2942 κίνησιν.
340 2908 373 2924 ⁵³⁵
388 2909 482 2937 motio.
