1929 3068
183 179 235 206 6‘27

771 175 799 203 S.
818 174 967 203 DIO‘NYSII
983 174 1218 203 AREOPAGlT/E

1755 177 1809 206 628

181 235 237 262 lum
256 235 332 262 nobis
350 238 412 260 sunt
426 232 535 268 ignota,
551 232 589 260 uti
607 239 701 260 revera
718 237 798 264 sunt,
812 233 859 259 sed
881 232 962 259 etiam

1022 231 1114 265 γνῶσις
1130 231 1288 260 ἰνδάλλεται.
1302 233 1357 259 Καὶ
1378 232 1564 267 ὲνϐεουμένοις
1582 233 1627 261 διὰ
1648 233 1809 270 καθάρσεως

185 280 288 315 angelis
312 279 504 310 inferioribus;
528 286 542 304 a
569 278 635 305 solis
653 282 742 305 autem
766 278 899 311 supremis
921 285 968 306 eo-

184 330 362 361 gnosmnlur,
378 330 470 359 utpote
485 324 573 358 dignis
592 324 824 358 praestantioribus
839 323 968 352 unitionio

183 373 244 400 bus.
261 371 338 399 liisee
350 370 448 398 divinis
462 369 604 397 unionibus
620 370 653 397 ad
668 370 823 405 angelorum
837 370 967 397 imitatio-

184 427 247 446 nem
262 419 344 446 unita:
360 423 422 445 sunt
439 421 543 445 mentes
556 416 606 443 illa:
620 416 765 444 deiformes
781 416 965 450 theologorum

185 473 218 492 ac
239 464 444 500 prophetarum,
467 470 585 497 cumque
608 462 668 490 talis
688 462 729 490 eis
751 463 815 489 unio
829 462 967 497 obtigerit,

183 511 277 545 utique
300 514 408 537 cessant
440 511 587 538 secundum
618 515 727 537 omnem
758 508 966 535 intellectualem

183 555 384 590 operatimtem;
401 562 452 582 non
469 555 541 582 enim
554 554 580 581 in
594 553 714 580 motione
728 552 809 585 Deus,
821 553 868 580 sed
883 553 968 587 magis

184 601 212 628 in
231 601 339 629 silentio
353 605 381 628 et
394 600 485 636 quiete
504 599 593 626 divina
618 598 737 633 cognitio
760 597 915 625 instillatur.
935 597 969 624 Et

185 649 232 682 qui
258 647 377 675 deiﬁcati
396 651 461 674 sunt
479 650 590 681 propter
611 645 757 680 puritatem
783 644 970 680 propriissime

184 693 270 720 Deum
291 693 402 720 laudant
426 700 460 720 ex
489 691 642 724 ablatione,
668 698 750 725 quam
772 696 801 718 et
825 695 967 726 negantem

184 738 348 773 theologiam
363 743 475 770 vocant;
491 737 554 771 quia
579 743 632 764 non
651 743 762 770 corpus,
779 743 832 764 non
848 735 966 769 habitus,

1018 276 1132 311 ὑμνοῦσι
1155 276 1186 303 τὸ
1206 277 1283 304 Θεῐον
1301 277 1458 313 κυριώτατα
1481 278 1510 311 ἐξ
1531 279 1713 314 ἀφαιρέσεως,
1729 282 1762 316 ἦν
1775 281 1807 317 δὴ

1018 323 1065 349 καὶ
1078 323 1259 359 ἁφαιρετιχὴν
1273 323 1412 357 θεολογίαν
1436 324 1528 358 φασὶν,
1548 325 1590 351 ὅτι
1609 326 1640 352 οὐ
1657 326 1746 361 σῶμα,
1758 327 1809 362 οὐχ

1017 368 1083 402 ἓξις,
1099 371 1130 396 οὐ
1151 369 1275 405 δύναμις,
1296 369 1343 396 καὶ
1362 369 1398 396 τὰ
1419 369 1515 404 λογικά
1534 371 1639 403 πάντα,
1655 372 1746 405 καθὼς
1760 374 1808 400 καὶ

1016 415 1061 441 διὰ
1074 414 1128 441 τῶν
1138 415 1201 450 ἑξῆς
1212 415 1350 450 σημαίνει,
1361 414 1440 442 τοῦτο
1449 416 1648 452 ἐλλαμφθέντες
1662 418 1809 454 ὑπερφυῶς

1018 460 1051 486 ὲκ
1062 460 1113 495 τῆς
1126 460 1252 496 τοιαύτης
1273 461 1394 496 ἀρρήτου
1412 461 1546 494 ὲνὼσεως,
1566 462 1606 488 ὅτι
1628 463 1738 490 πάντων
1760 465 1808 490 μὲν

1019 505 1077 532 ἔστι
1100 505 1154 533 τῶν
1177 506 1261 533 ὄντων
1284 506 1380 538 αἴτιον,
1408 507 1474 534 αὐτὸ
1501 507 1529 534 δὲ
1548 509 1624 535 οὐδὲν
1645 510 1701 536 τῶν
1709 509 1805 536 ὄντων’

1019 552 1088 588 πλὴν
1099 553 1148 588 οὐχ
1167 552 1205 584 ὡς
1226 553 1337 588 μηδαμῆ
1361 553 1492 588 μηδαμῶς
1515 553 1556 585 ὃν,
1571 554 1628 581 ἀλλ’
1647 555 1685 587 ὡς
1700 554 1808 581 πάντων

1020 600 1189 635 ύπερουσίως
1215 599 1394 636 ἐξῃρημένον.
1414 601 1595 636 κυριωτάτην
1620 601 1648 627 δὲ
1667 601 1739 635 λέγει
1756 601 1805 636 τὴν

1020 646 1050 679 ἐξ
1078 646 1248 681 ἀφαιρέσεως
1268 646 1336 681 πρὸς
1356 646 1558 682 ἁντιδιαστολὴν
1583 647 1634 682 τῆς
1659 656 1805 682 καταφατι-

1022 691 1084 725 κῆς·
1104 691 1131 718 τί
1149 691 1204 727 γὰρ
1229 692 1281 718 οὐκ
1305 691 1396 724 ἐστιν,
1415 692 1537 728 οἴδαμεν·
1558 693 1583 720 τί
1608 693 1637 720 δέ
1656 694 1739 726 ἐστιν,
1758 693 1810 720 οὐκ

1022 737 1143 772 οἴδαμεν.
1815 741 1818 743 ‘

183 793 238 813 non
264 786 362 816 virtus,
379 791 529 818 ceteraque
553 783 705 815 rationalia,
721 784 848 818 exsistit,
875 785 946 811 sicut
972 784 999 811 in
1016 785 1195 819 sequentibus
1221 785 1352 818 declarat,
1380 785 1432 812 hoc
1456 791 1490 812 ex
1510 783 1662 811 istiusmodi
1679 781 1810 811 ineﬂ'abili
1831 811 1834 817 ,

185 834 286 862 unione
312 834 555 869 supernaturaiiter
587 831 735 864 illustrati,
761 831 848 866 ipsum
876 832 985 866 quidem
1002 839 1093 859 rerum
1121 833 1244 860 omnium
1277 840 1336 860 esse
1357 840 1483 864 causam,
1509 833 1575 860 nihil
1599 837 1689 859 autem
1714 839 1810 858 earum

184 880 335 913 exsistere,
354 888 407 907 non
435 883 523 906 tatnen
552 880 629 915 quasi
655 879 721 906 nihil
747 881 857 907 omnino
884 881 991 916 penitus
1015 881 1149 911 exsistat.
1171 882 1218 908 sed
1242 882 1313 916 quod
1338 883 1372 908 ab
1398 882 1523 908 omnibus
1547 880 1811 915 superessentialiter

183 932 326 961 exemptus
346 927 392 954 sit.
415 927 634 962 Propriissimam
654 935 736 962 porro
757 927 825 955 dicit
847 929 915 956 hanc
931 935 965 955 ex
996 928 1133 956 ablatione
1156 929 1190 956 ad
1218 928 1402 956 diﬁ'ereutiam
1426 929 1505 956 istius
1543 927 1726 955 aliirmantis:
1746 927 1812 961 quid

182 973 255 1000 enim
274 981 325 1001 non
344 974 397 1006 sit,
418 974 538 1008 scimus,
562 975 610 1003 sed
632 976 696 1010 quid
719 976 852 1010 exsistat,
872 977 1038 1012 ignoramus.

217 1019 290 1046 Illam
306 1021 390 1055 igitur
400 1029 481 1056 supra
488 1029 568 1056 quam
577 1023 737 1056 essentiam,
752 1027 778 1050 et
788 1031 869 1058 supra
881 1032 963 1059 quam

1051 1024 1108 1060 Τὴν
1130 1024 1179 1060 μὲν
1197 1022 1245 1052 οὖν
1259 1024 1472 1060 ὑπερουσιότητα
1493 1024 1540 1050 καὶ
1559 1022 1746 1059 ὑπερύπαρξιν
1761 1022 1812 1058 τῆς

182 1065 368 1093 exsistentiam
379 1073 461 1101 supra
472 1074 552 1102 quam
564 1067 704 1100 bonitatis,
712 1068 839 1102 quoniam
851 1074 879 1095 et
889 1076 970 1103 supra

182 1111 340 1144 bonitatem,
357 1116 386 1139 et
403 1119 484 1146 supra
497 1120 568 1145 esse,
582 1117 608 1141 et
626 1121 707 1149 supra
729 1114 815 1148 ipsam
833 1116 971 1143 exsisten-

182 1157 250 1184 tiam
264 1158 381 1186 exsistit.
395 1158 457 1186 Hzec
470 1160 540 1186 enim
554 1161 644 1187 omnia
660 1161 848 1195 productionis
864 1161 971 1196 signiﬁ-

182 1204 318 1231 cationem
343 1204 458 1236 habent,
484 1205 555 1232 Deus
577 1211 669 1233 autem
686 1212 728 1234 est
753 1214 834 1242 supra
860 1215 968 1234 onmem

182 1250 400 1284 productionem.
419 1252 489 1279 Deus
509 1252 600 1287 itaque
613 1253 677 1287 quid
690 1253 725 1280 sit
739 1253 842 1281 nemini
861 1253 970 1281 illorum

183 1296 229 1330 qui
244 1304 314 1324 verte
327 1298 451 1325 veritatis
463 1294 599 1326 amatores
611 1299 756 1331 exsistunt.
771 1299 918 1334 prtedicare
930 1300 971 1327 fas

183 1347 227 1369 est
243 1350 248 1366 :
270 1351 358 1378 neque
370 1349 399 1371 ut
415 1344 561 1378 rationem,
576 1352 663 1380 neque
677 1349 706 1372 ut
718 1345 859 1377 virtutem,
883 1352 970 1380 neque

184 1393 214 1415 nt
229 1389 293 1422 alia,
307 1396 369 1424 quae
393 1395 457 1417 sunt
478 1391 629 1424 recensita;
645 1391 728 1426 310
751 1391 799 1418 sed
823 1396 866 1419 est
887 1399 970 1426 super

185 1436 244 1462 haec
257 1437 363 1469 omnia,
391 1441 418 1463 et
442 1444 491 1472 per
515 1437 703 1465 excellentiam
719 1441 872 1472 exemptus,
890 1443 918 1465 et
935 1439 970 1466 ab

184 1481 259 1509 omni
272 1482 375 1515 habitu,
391 1483 462 1510 etab
479 1483 553 1510 omni
571 1487 656 1516 motu,
673 1487 701 1510 et
721 1483 755 1511 ab
769 1484 895 1511 omnibus
911 1491 970 1519 qua:

184 1527 257 1554 circa
270 1526 327 1555 haec
338 1532 493 1554 versantur.
510 1527 648 1562 Siquidem
666 1528 778 1556 habitus
791 1534 832 1556 est
854 1529 970 1563 qualitas

185 1572 349 1605 immanens,
375 1577 463 1600 motus
489 1577 580 1599 autent
609 1577 650 1600 est
680 1573 706 1600 id
725 1574 798 1608 quod
824 1574 970 1608 opponitur

185 1617 289 1652 quieti;
310 1625 372 1652 quae
384 1619 519 1652 oppositio
534 1619 560 1646 in
580 1619 703 1653 pluribus
717 1619 844 1646 consistit
857 1627 864 1646 :
881 1625 970 1647 motus

185 1664 257 1691 enim
272 1664 356 1697 elicit,
370 1664 424 1691 vita
439 1672 503 1692 vero
528 1664 584 1692 haec
601 1665 719 1692 ostendit
742 1665 879 1698 elllcacia;
899 1665 969 1692 ima-

1022 1071 1270 1107 ὑπεραγαθότητος,
1287 1072 1334 1098 καὶ
1347 1071 1419 1107 ὑπὲρ
1438 1071 1468 1097 τὸ
1483 1070 1586 1105 ἀγαθὸν
1608 1070 1662 1106 γὰρ
1676 1070 1722 1096 καὶ
1741 1070 1812 1105 ὑπὲρ

1020 1117 1050 1143 τὸ
1063 1115 1142 1149 εἶναι,
1156 1118 1203 1144 καὶ
1217 1117 1286 1152 ὑπὲρ
1296 1117 1380 1153 αὐτὴν
1392 1117 1440 1152 τὴν
1453 1116 1568 1152 ῦπαρξίν
1578 1117 1645 1142 ἐστι.
1657 1115 1749 1142 Ταῦτα
1757 1115 1813 1151 γὰρ

1021 1163 1110 1190 πάντα
1123 1163 1290 1199 παραγωγῆς
1304 1163 1440 1199 σημασίαν
1453 1163 1559 1198 ἔχουσιν
1568 1171 1575 1178 δ
1600 1163 1670 1198 ὑπὲρ
1681 1162 1708 1189 δὲ
1723 1163 1813 1189 πᾶσαν

1016 1211 1190 1249 ,παραγωγὴν
1203 1209 1233 1236 τδ
1247 1209 1324 1236 Θεῐόν
1347 1211 1421 1236 ἐστι·
1435 1209 1464 1236 τὺ
1484 1209 1549 1243 γοῦν
1572 1209 1648 1235 Θεϊον
1668 1209 1682 1235 ὃ
1701 1217 1728 1234 τι
1746 1209 1812 1235 ποτέ

1021 1256 1105 1287 ἐστιν,
1119 1255 1206 1281 οὐδενὶ
1217 1255 1326 1290 θεμιτὸν
1338 1255 1457 1290 ὑμνῆσαι
1478 1254 1532 1281 τῶν
1545 1255 1602 1281 ὅσοι
1616 1254 1684 1280 εἰσὶν
1698 1254 1812 1289 ἐρασταὶ

1020 1301 1071 1335 τῆς
1082 1301 1166 1333 ὅντως
1180 1301 1318 1336 ἀληθείας,
1332 1301 1393 1327 οὔτε
1405 1300 1442 1332 ὡς
1454 1300 1533 1334 λόγον
1541 1320 1548 1331 ,
1563 1299 1624 1326 οὕτε
1636 1300 1673 1332 ὡς
1685 1299 1812 1336 δύναμιν,

1020 1346 1082 1373 οὔτε
1100 1347 1137 1379 ὡς
1151 1347 1235 1374 τᾶλλα
1247 1346 1406 1382 τάπηριθμη
1412 1347 1479 1382 μένα
1488 1355 1496 1361 ·
1513 1346 1583 1381 ὑπὲρ
1591 1345 1677 1371 ταῦτα
1685 1345 1714 1371 δὲ
1724 1345 1813 1372 πάντα
1836 1338 1842 1344 ’

1021 1392 1090 1424 ἐστὶ,
1110 1393 1157 1420 καὶ
1179 1393 1350 1429 ὑπεροχικῶς
1363 1392 1540 1429 ἀφῃρημένον
1564 1391 1632 1423 ἐστὶ,
1654 1391 1702 1418 καὶ
1722 1391 1813 1425 πάσης

1023 1438 1116 1472 ἕξεως,
1131 1439 1178 1465 καὶ
1192 1438 1282 1473 πάσης
1299 1439 1442 1473 κινήσεως,
1457 1438 1503 1465 καὶ
1525 1438 1633 1464 πάντων
1647 1437 1697 1463 ὃσα
1707 1436 1813 1468 τούτοις

1023 1484 1278 1516 συνείλεκται.Ἕξις
1294 1484 1342 1519 μὲν
1352 1482 1398 1510 οὖν
1407 1484 1465 1510 ἔστι
1473 1483 1590 1515 διάθεσις
1600 1482 1728 1518 ἔμμονος”
1740 1482 1815 1517 κίνη-

1022 1539 1064 1563 σις
1077 1531 1114 1563 δὲ,
1123 1531 1154 1557 τὸ
1167 1532 1200 1566 τῇ
1214 1531 1316 1566 ἠρεμίᾳ
1330 1528 1609 1564 ὰντιδιαστελλόμενον
1623 1529 1693 1555 κατὰ
1707 1528 1812 1555 πολλῶν

1020 1578 1170 1613 τιθέμενον·
1186 1577 1289 1612 ἐξαχῶς
1298 1576 1325 1613 (ί.
1337 1576 1439 1612 ἐξάγει)
1453 1576 1507 1612 γὰρ
1521 1577 1537 1611 ὴ
1549 1575 1665 1611 κίνησις,
1679 1574 1735 1610 ζωὴ
1747 1574 1814 1600 δὲτὸ

1020 1622 1106 1649 ταῦτα
1117 1622 1237 1648 δεικνύον
1250 1622 1347 1656 ἐνεργά
1356 1630 1362 1636 ·
1378 1621 1511 1656 φαντασία
1523 1620 1553 1647 δὲ
1565 1620 1595 1647 τὸ
1608 1621 1637 1646 ὲν
1662 1620 1695 1655 τῇ
1710 1618 1814 1654 διανοίᾳ

1022 1668 1227 1695 ἀνατυπωτικόν
1237 1677 1243 1683 ·
1257 1668 1319 1701 δόξα
1332 1667 1360 1693 δὲ
1381 1665 1647 1702 πεπληροφορημένη
1662 1664 1796 1700 ὑπόληψις
1805 1672 1812 1679 ·

185 1710 286 1743 ginatio
303 1713 344 1737 est
368 1709 394 1737 id
409 1710 521 1744 quodin
548 1710 685 1738 intellectu
707 1711 812 1746 species
833 1711 968 1743 eﬂ'ormat,

1022 1714 1125 1741 διάνοια
1138 1716 1154 1750 ὴ
1170 1713 1367 1749 ὲπιστημονικὴ
1381 1712 1438 1746 ἕξις
1450 1713 1499 1748 τῆς
1507 1712 1596 1747 ψυχῆς
1607 1720 1614 1726 ·
1628 1711 1721 1746 νόησις
1735 1712 1751 1746 ἡ
1765 1709 1814 1736 τοῦ

185 1755 276 1789 opinio
289 1759 378 1783 autem
394 1762 436 1783 est
448 1763 578 1791 persuasa
592 1757 759 1792 conjectura,
776 1758 913 1784 sententia
929 1762 971 1784 est

186 1801 354 1829 scientilicus
377 1803 461 1830 animi
487 1803 606 1836 habitus,
632 1803 780 1830 intellectio
807 1808 850 1830 est
870 1798 971 1831 hiemis

186 1848 319 1881 operatio,
333 1849 414 1876 statio
430 1854 472 1876 est
488 1850 597 1884 quidem
614 1850 696 1877 etiam
708 1850 786 1885 quies
808 1858 868 1885 qua:
884 1849 971 1878 motui

186 1894 340 1928 opponitur,
357 1899 543 1922 verumtamen
558 1902 668 1930 quoque
692 1896 762 1923 idem
777 1900 818 1923 est
830 1896 902 1930 quod
919 1900 973 1923 sta-

187 1939 291 1972 bilitas,
307 1948 356 1975 pro
369 1948 422 1975 qua
444 1947 479 1967 ex
505 1940 662 1968 Graecorum
687 1947 735 1969 usn
761 1941 903 1976 accipitur.
933 1941 972 1968 Illi

186 1985 258 2013 enim
277 1987 443 2018 statuebant,
455 1990 483 2013 et
493 1987 653 2021 quibusdam
666 1987 762 2014 ritibus
773 1988 973 2017 confirmabant

187 2040 234 2059 eos
255 2032 299 2066 qui
314 2032 377 2059 olim
400 2032 469 2067 apud
484 2039 531 2059 eos
545 2033 580 2059 dii
595 2032 776 2060 habebantur.
795 2033 911 2065 Ἕνωσις
924 2041 970 2062 seu

187 2077 252 2104 unio
267 2082 309 2105 est
326 2078 425 2105 mentis
437 2082 567 2110 attactus,
589 2082 617 2105 et
633 2078 712 2113 quasi
727 2079 859 2114 cognitio;
875 2080 972 2107 termi-

188 2132 252 2156 nus,
268 2125 341 2160 quod
356 2132 408 2152 non
427 2129 455 2152 ut
470 2132 532 2159 pars
556 2129 598 2152 est
625 2125 652 2152 in
667 2125 824 2158 terminato,
838 2130 867 2153 ut
881 2127 974 2153 terrui-

190 2177 242 2196 nus
256 2169 334 2197 lineae
349 2175 390 2197 est
405 2174 548 2205 punctum,
574 2174 603 2197 et
627 2170 760 2197 terminus
785 2171 914 2205 temporis
931 2175 975 2198 est

189 2222 271 2248 nunc,
286 2223 333 2242 seu
347 2216 465 2247 instans;
482 2216 588 2243 instans
603 2220 692 2243 autem
704 2216 782 2243 estin
799 2221 929 2251 tempore,
947 2223 975 2244 et

191 2270 244 2290 non
271 2266 398 2298 tanquam
423 2269 487 2296 pars
504 2262 649 2296 temporis;
671 2270 733 2289 nam
755 2270 817 2296 pars
844 2263 974 2298 temporis

191 2315 297 2344 tempus
308 2309 425 2336 exsistit.
437 2309 557 2336 infinitas
570 2313 612 2337 est
621 2309 719 2336 infiniti
734 2309 900 2337 coextensio.
911 2310 975 2338 Haec

190 2355 281 2386 omnia
300 2363 353 2382 non
371 2359 435 2382 sunt
457 2355 588 2388 essentia,
605 2355 653 2382 sed
676 2355 749 2382 circa
764 2357 912 2383 essentiam
930 2356 972 2383 vi-

1023 1760 1081 1792 νοὸς
1094 1760 1233 1796 ἐνέργεια·
1250 1760 1342 1791 στάσις
1367 1759 1425 1785 ἐστὶ
1452 1758 1501 1794 μὲν
1520 1758 1566 1784 καὶ
1589 1758 1606 1793 ἡ
1630 1756 1732 1792 ἠρεμία
1746 1755 1815 1791 πρὸς

1022 1807 1071 1842 τὴν
1089 1806 1196 1842 κίνησιν
1211 1805 1480 1840 ἀντιδιαστελλομένη
1491 1824 1498 1836 ,
1526 1804 1583 1830 ἐστι
1603 1803 1631 1829 δὲ
1646 1803 1693 1829 καὶ
1704 1801 1735 1828 τὺ
1748 1801 1815 1828 αὐτὸ

1022 1854 1054 1888 τῇ
1070 1852 1183 1887 ἱδρύσει,
1201 1852 1262 1886 ἥτις
1286 1850 1471 1886 παρείληπται
1485 1850 1516 1875 ὲκ
1541 1848 1590 1883 τῆς
1607 1847 1662 1874 τῶν
1681 1846 1814 1882 Ἐλλήνων

1024 1895 1176 1930 συνηθείας.
1197 1895 1310 1921 Ἐκεῖνοι
1333 1894 1387 1929 γὰρ
1410 1894 1490 1920 ἴστων
1509 1893 1556 1918 καὶ
1569 1892 1659 1928 ἵδρυον
1677 1891 1721 1918 διά
1733 1899 1815 1917 τινων

1023 1941 1140 1968 τελετῶν
1163 1940 1227 1972 τοὺς
1250 1939 1480 1975 δοκιμαζομένους
1503 1938 1634 1974 πρότερον
1649 1937 1726 1969 θεοὺς
1747 1937 1815 1972 παρ’

1023 1989 1124 2020 αὐτοῖς.
1143 1988 1259 2019 Ἔνωσις
1273 1987 1289 2022 ή
1300 1986 1347 2013 τοῦ
1361 1986 1419 2018 νοὸς
1432 1985 1524 2020 ἐπαφὴ
1537 1985 1584 2011 καὶ
1596 1983 1676 2011 οἱονεί
1689 1992 1730 2015 τις
1743 1983 1815 2018 γνῶ·

1024 2043 1081 2067 σις⁴
1097 2035 1194 2070 πέρας⁹
1207 2033 1239 2060 τὸ
1251 2033 1301 2068 οὑχ
1313 2033 1350 2064 ὡς
1365 2032 1450 2068 μέρος
1463 2033 1492 2058 ὲν
1503 2030 1542 2066 τῷ
1557 2030 1752 2066 περατουμένῳ
1772 2030 1814 2061 ὃν,

1024 2082 1061 2114 ὡς
1074 2081 1161 2117 πέρας
1173 2080 1304 2115 γραμμῆς
1326 2079 1342 2114 ἡ
1357 2079 1457 2114 στιγμή
1468 2087 1474 2093 ·
1491 2078 1537 2104 καὶ
1550 2077 1637 2112 πέρας
1649 2077 1696 2104 τοῦ
1717 2077 1814 2113 χρόνου

1024 2129 1054 2155 τὸ
1065 2129 1113 2156 νῦν
1122 2137 1129 2144 ·
1143 2129 1173 2155 τὸ
1188 2129 1217 2155 δὲ
1232 2128 1279 2155 νῦν
1292 2129 1320 2155 ἐν
1333 2127 1371 2163 τῷ
1384 2128 1481 2163 χρόνῳ,
1496 2129 1542 2155 καὶ
1553 2129 1602 2162 οὐχ
1613 2127 1649 2158 ὡς
1674 2126 1754 2161 μέρος
1767 2124 1814 2151 τοῦ

1025 2174 1121 2211 χρόνου
1132 2183 1138 2190 ·
1152 2174 1183 2200 τὺ
1195 2173 1249 2210 γὰρ
1263 2174 1344 2209 μέρος
1356 2174 1403 2200 τοῦ
1417 2173 1511 2210 χρόνου
1532 2173 1636 2209 χρόνος.
1658 2171 1783 2207 Ἀπειρία
1797 2171 1814 2206 ὴ

1024 2221 1071 2248 τοῦ
1108 2221 1222 2256 ἀπείρου
1247 2220 1480 2256 συμπαρέκτασις.
1506 2219 1539 2246 Ἃ
1559 2219 1646 2246 ταῦτα
1666 2218 1716 2245 οὐκ
1737 2218 1816 2244 οὐσία

1025 2268 1103 2299 εἰσὶν,
1117 2267 1184 2294 ἀλλὰ
1196 2267 1260 2302 περὶ
1272 2267 1366 2293 οὐσίαν
1379 2267 1484 2302 ὁρᾶται.
1500 2266 1608 2301 Ταύτης
1621 2265 1649 2291 δὲ
1668 2264 1748 2292 πάλιν
1765 2264 1816 2299 τῆς

1025 2313 1118 2344 οὐσίας
1129 2312 1159 2339 τὸ
1171 2313 1248 2338 Θεῐον
1262 2312 1432 2348 ὑπέρκειται,
1447 2312 1494 2339 καὶ
1512 2311 1674 2347 ὑπερούσιόν
1695 2311 1753 2336 ἐστι
1767 2310 1816 2336 καὶ

1026 2358 1166 2394 ὕπέρθεον.
1183 2358 1290 2394 Ἐπειδὴ
1303 2359 1331 2385 δὲ
1343 2358 1407 2384 αὐτὸ
1419 2358 1466 2393 μὲν
1472 2358 1545 2384 ἐστιν
1555 2357 1720 2392 ἀγαθότητος
1731 2356 1816 2391 ὓπαρ-

191 2402 299 2428 dentur.
314 2400 401 2435 Super
415 2401 486 2428 hanc
495 2405 585 2427 autem
601 2400 685 2434 ipsam
702 2400 848 2427 essentiam
863 2408 971 2428 rursum

1027 2403 1067 2436 ξις
1079 2404 1126 2430 καὶ
1136 2403 1185 2439 οὐχ
1197 2403 1291 2435 ἁπλῶς
1305 2403 1450 2438 ἁγαθότης,
1465 2403 1499 2429 τὰ
1509 2403 1538 2429 δὲ
1562 2402 1702 2438 κτίσματα
1725 2402 1815 2429 πάντα

191 2448 262 2474 Deus
268 2447 380 2480 eminet,
395 2452 422 2474 et
431 2453 511 2482 supra
524 2446 671 2473 essentiam
681 2449 769 2478 est,et
783 2453 866 2480 supra
877 2447 971 2474 Deum.

190 2494 323 2527 Quoniam
338 2493 396 2527 ipse
411 2493 520 2526 quidem
539 2495 580 2519 est
591 2493 709 2519 essentia
724 2492 863 2523 bonitatis.
879 2497 906 2520 et
922 2501 974 2520 non

192 2540 307 2575 simplici
331 2540 439 2567 ratione
459 2539 584 2571 bonitas;
607 2544 699 2566 creata
721 2545 786 2565 vero
800 2539 892 2566 omnia
914 2547 975 2574 qua:

193 2591 268 2618 sunt,
284 2586 366 2613 etiam
383 2586 466 2620 ipsius
482 2584 524 2611 sui
548 2591 609 2611 esse
627 2591 737 2611 causam
770 2583 872 2610 habent
889 2585 974 2611 Deum

192 2634 220 2661 in
235 2635 286 2660 hoc
300 2633 358 2667 ipso
370 2639 441 2663 esse,
457 2631 528 2665 quod
555 2630 674 2658 divinum
700 2638 799 2657 numen
820 2631 975 2658 eminenter

193 2679 277 2707 habet
289 2683 417 2713 tanquam
431 2677 550 2704 essentia
565 2676 704 2708 bonitatis,
722 2683 770 2711 per
782 2683 864 2711 quant
881 2678 975 2711 utique

194 2726 344 2753 bonitatem
370 2726 453 2752 etiam
476 2731 555 2750 omne
578 2723 650 2758 quod
669 2727 712 2750 est
732 2723 869 2758 produxit.
887 2723 976 2758 Atque

193 2772 257 2800 hinc
276 2771 417 2799 solvuntur
431 2770 510 2797 fatuae
518 2770 660 2804 opiniones
671 2777 765 2797 eorum
779 2769 823 2804 qui
842 2769 902 2797 ausi
913 2774 976 2797 sunt

194 2817 305 2849 dicere,
335 2815 446 2844 insitam
483 2823 544 2844 esse
574 2816 628 2843 Deo
652 2820 750 2843 natura
775 2815 893 2850 quadam
921 2815 976 2842 vim

194 2864 318 2896 creandi,
335 2863 406 2890 sicut
418 2863 530 2890 insitum
546 2866 589 2890 est
600 2861 737 2889 araneolis
753 2867 855 2895 texere,
872 2868 920 2896 per
932 2869 976 2888 so-

196 2911 249 2937 lam
266 2911 338 2937 enim
359 2910 506 2938 bonitatem
523 2907 650 2936 incilalili
668 2907 804 2937 voluntate
820 2907 890 2936 Deus
913 2915 976 2942 pro—

1025 2449 1098 2481 δντα,
1112 2449 1158 2475 καὶ
1171 2448 1242 2475 κατὰ
1253 2448 1284 2475 τὺ
1295 2447 1364 2475 εἶναι
1377 2448 1464 2475 αἰτίαν
1477 2448 1567 2483 ἔχουσι
1580 2448 1625 2474 τὸν
1633 2447 1744 2479 Θεὸν,ὲν
1754 2447 1816 2473 τού-

1025 2503 1064 2529 τῳ
1072 2494 1145 2530 αὐτῷ
1151 2494 1189 2530 τῷ
1206 2492 1286 2527 εἷναι,
1301 2495 1370 2530 ὅπερ
1381 2494 1437 2530 ἔχει
1450 2494 1624 2531 ὲξῃρημένως
1635 2494 1665 2520 τὸ
1677 2493 1763 2525 Θεῖον,
1776 2493 1815 2525 ὡς

1027 2540 1322 2576 ὒπαρξις,ἀγαθότητος
1334 2540 1367 2566 δι’
1378 2541 1412 2575 ἦν
1424 2540 1456 2575 δὴ
1468 2540 1623 2575 ἀγαθότητα
1644 2540 1690 2566 καὶ
1709 2539 1739 2566 τὸ
1760 2540 1814 2566 πᾶν

1028 2586 1191 2621 παρήγαγε·
1207 2585 1254 2612 καὶ
1266 2586 1298 2612 ὲκ
1310 2585 1411 2611 τούτων
1431 2585 1458 2611 αἱ
1481 2584 1588 2619 ἀνόητοι
1607 2583 1682 2616 δόξαι
1705 2583 1814 2609 ἐκλύον-

1028 2641 1072 2658 ται
1094 2631 1149 2658 τῶν
1171 2631 1363 2666 τολμησάντων
1387 2630 1485 2664 λέγειν,
1511 2629 1589 2664 φύσει
1602 2629 1654 2655 τινὶ
1668 2629 1766 2655 ἐνεῖναι
1784 2628 1814 2654 τὸ

1028 2676 1221 2712 δημιουργικὸν
1233 2675 1272 2711 τῷ
1283 2675 1352 2710 Θεῷ,
1367 2675 1404 2707 ὡς
1417 2676 1464 2701 καὶ
1475 2677 1531 2706 τοῖς
1544 2675 1683 2710 ἀραχνίοις
1693 2673 1724 2700 τδ
1738 2673 1816 2708 ὑφαί-

1030 2732 1084 2750 νειν
1094 2731 1100 2738 ³
1115 2723 1160 2750 διὰ
1171 2723 1225 2758 γὰρ
1239 2722 1322 2758 μόνην
1335 2722 1490 2757 ἀγαθὰτητα
1508 2722 1543 2748 τὰ
1566 2721 1703 2756 κτίσματα
1726 2720 1816 2755 παρή-

1028 2778 1113 2804 γαγεν
1124 2770 1138 2795 6
1150 2769 1216 2801 Θεὸς
1229 2769 1340 2805 ἀρρήτῳ
1351 2768 1459 2803 θελήσει
1468 2777 1475 2783 ·
1490 2768 1551 2794 ἐπεὶ
1561 2765 1608 2794 οὖν
1617 2766 1713 2798 ταῦτα,
1727 2766 1774 2792 διαὶ
1787 2766 1816 2791 ὲν

1029 2814 1104 2850 αὐτῷ
1116 2814 1155 2849 τῷ
1167 2812 1236 2840 εἶναι
1248 2814 1321 2840 αἰτία
1332 2814 1386 2840 τῶν
1397 2814 1480 2840 ὄντων
1492 2813 1566 2839 ἐστὶν
1576 2813 1591 2839 ὁ
1603 2812 1680 2844 Θεὸς,
1694 2812 1744 2847 τὴν
1756 2811 1817 2838 τού-

1029 2869 1075 2888 του
1093 2860 1230 2896 πρόνοιαν,
1253 2860 1314 2886 ἐπεὶ
1326 2859 1428 2895 ταύτης
1438 2859 1488 2895 τῆς
1506 2859 1595 2890 αἰτίας
1608 2858 1731 2893 ἀνωτὲρα
1743 2857 1816 2884 αἰτία

1029 2908 1078 2934 οὐκ
1091 2907 1173 2940 ἔστιν,
1189 2906 1217 2940 ἐξ
1230 2903 1263 2942 ἧς
1276 2906 1472 2943 ὑμνηθήσεται,
1484 2905 1515 2931 ἐκ
1528 2905 1580 2932 τῶν
1589 2903 1715 2934 αἰτιατῶν
1728 2903 1812 2939 ὑμνη-
