1929 3068
116 188 170 216 629

402 186 445 214 DE
464 186 590 214 DIVINIS
609 185 809 218 NOMINIBUS,
827 185 904 214 CAP.
924 186 942 212 l.
962 201 996 206 —
1017 183 1192 212 PARAPHR.
1213 182 1448 212 PACHYMERIE.

1691 183 1743 211 650

114 246 186 273 τέον.
210 245 259 272 Διὰ
282 245 327 278 si;
349 245 389 272 δτι
411 244 460 271 καὶ
480 244 544 279 περὶ
566 244 651 279 αὐτὴν
672 243 762 270 πάντα
783 242 821 274 ὡς
841 241 905 277 περὶ

962 242 1192 269 Juxitcreaturas.
1209 241 1276 268 Cum
1290 240 1347 268 hanc
1357 241 1538 276 itaque,quod
1552 241 1633 270 etiam
1647 242 1674 269 in
1685 243 1743 277 ipso

114 291 212 324 αἴτιον,
226 292 273 319 καὶ
287 291 461 327 δημιουργὸν,
481 291 529 318 καὶ
550 290 646 326 ἀρχὴν,
661 290 699 322 ὼς
712 290 777 325 περὶ
794 289 826 316 τὸ
845 288 906 316 κέν-

114 347 178 374 τρον
190 339 207 374 ἡ
220 338 392 374 περιφέρεια,
406 336 444 369 ὡς
455 337 488 364 ἄν
503 345 546 368 τις
558 336 630 363 είποι
641 335 685 362 διὰ
697 335 746 371 τὴν
759 335 813 362 τῶν
826 335 905 369 λεγο-

117 386 204 420 μένων
217 385 374 420 σαφήνειαν·
383 384 430 410 καὶ
442 383 526 418 αὐτῆς
538 383 674 415 ἓνεκα,ὼς
682 382 776 414 τέλους
784 382 903 409 πάντων

115 432 162 457 καὶ
173 430 242 466 αὑτὴ
254 430 306 466 πρὸ
318 430 426 456 πάντων
440 429 524 456 ἐστίν.
546 429 629 465 Ἀρχὴ
643 428 699 464 γὰρ
708 429 755 455 καὶ
762 428 839 460 τέλος
851 427 906 455 τῶν

115 476 243 502 ἁπάντων
256 475 332 507 Θεδς,
348 475 416 510 πλὴν
429 472 676 509 ὑπερεξῃρημένως
688 472 735 498 καὶ
743 471 904 507 δημιουργι-

115 522 172 553 κῶς
182 529 189 537 ’
213 521 260 548 καὶ
283 521 338 556 γὰρ
357 521 387 546 οὐ
403 521 450 546 σὺν
464 519 549 555 αὐτῷ,
564 519 620 546 ἀλλ’
633 520 661 545 ἐν
683 517 757 553 αὐτῷ
768 518 803 544 τὰ
816 518 906 545 πάντα

116 569 265 604 συνέστηκε
276 576 283 584 ·
299 567 346 594 καὶ
359 568 388 593 ἐν
399 566 438 601 τῷ
450 565 519 592 εἶναι
531 566 562 592 τὸ
574 565 651 591 Θεϊον
659 565 676 600 ὴ
691 565 844 600 παραγωγὴ
858 564 906 590 καὶ

115 615 265 646 ὑπόστασις
285 613 412 640 ἁπάντων
425 612 492 638 ἐστί.
509 611 609 638 Τούτου
632 611 719 638 πάντα
733 610 856 645 ἐφίεται·
870 609 906 636 τὰ

117 659 168 695 μὲν
181 659 272 694 νοερὰ,
294 659 377 694 ἦγουν
396 658 421 684 oi
443 657 563 691 ἄγγελοι,
585 657 632 684 καὶ
652 656 688 682 τὰ
699 654 807 690 λογικὰ,
822 655 905 690 ἧγουν

115 706 141 732 oi
149 705 197 732 ἄνθ
202 713 297 741 ρωποι,
305 703 462 739 γνωστικῶς
471 702 649 730 ἐπιὸάλλοντα
657 703 690 738 τῇ
700 701 748 728 τοῦ
757 700 825 728 Θεοῦ
839 708 906 736 προ-

115 753 176 788 νοία
191 772 198 785 ,
214 751 353 786 ἀναλόγως
372 751 493 786 ἐφίενται
514 750 560 776 τοῦ
573 749 651 776 Θεοῦ.
667 749 708 776 Τὰ
723 748 752 775 δέ
771 748 906 783 ὑφειμένα

115 797 228 829 τούτων,
243 796 326 832 ἡγουν
347 795 380 822 τὰ
402 794 497 829 ἄλογα,
520 791 557 821 ὧν
570 793 674 827 ἀλόγων
685 793 702 828 ὴ
714 791 786 827 ψυχὴ
806 791 838 817 ἐκ
850 789 905 816 τῶν

117 842 257 878 στοιχείων
273 842 320 869 καὶ
331 841 378 868 τοῦ
391 841 483 868 ὲνύλου
497 839 581 876 πυρὸς
595 838 762 870 συνεστῶσα,
783 837 812 864 ἐν
825 835 906 863 πνεύ-

118 897 184 924 ματι
197 888 282 924 ἐνύλῳ
293 887 348 923 ἔχει
363 887 394 914 τὸ
406 885 489 914 εἶναι’
502 885 589 912 ταῦτα
602 884 691 920 μόνον,
706 885 738 910 ἐκ
750 883 800 919 τῆς
811 882 906 919 αἰσθή-

956 289 1010 315 sint
1027 295 1075 323 per
1085 295 1164 314 suum
1178 293 1248 318 esse.
1260 293 1343 314 causa
1358 293 1447 314 rerum
1462 287 1498 314 sit
1509 287 1591 321 Deus,
1608 287 1668 322 ejus
1680 296 1742 322 pro-

956 333 1089 365 videntia,
1101 339 1163 360 cum
1180 331 1252 358 nulla
1270 332 1308 358 sit
1324 338 1407 358 causa
1424 331 1568 360 sublimior
1582 340 1596 359 a
1614 340 1666 367 qua
1680 333 1741 361 lau-

957 379 1015 407 dari
1033 378 1128 413 possit,
1143 385 1175 405 ex
1192 377 1298 405 effectis
1311 377 1446 404 laudanda
1466 382 1517 404 est.
1529 378 1616 411 Quam
1631 380 1665 407 ob
1677 387 1741 407 caus

958 425 1038 452 sam?
1052 425 1114 459 quia
1130 428 1158 451 et
1173 423 1278 451 circum
1295 424 1381 458 ipsam
1408 428 1472 451 sunt
1489 425 1592 455 omnia.
1613 430 1742 460 tanquam

957 471 1061 498 circum
1085 477 1208 502 causam,
1224 474 1251 496 et
1271 469 1463 501 conditricem,
1481 474 1510 496 et
1524 470 1698 505 principium,
1711 479 1743 499 ac

956 517 979 544 si
992 516 1053 551 quis
1069 515 1260 551 explicationis
1277 515 1364 550 gratia
1390 515 1475 548 dicat,
1501 516 1572 543 sicut
1593 517 1743 545 circumfe-

957 563 1042 589 rentia
1058 563 1162 589 circum
1179 566 1313 594 centrum,
1331 565 1359 589 et
1374 566 1485 597 propter
1500 563 1583 595 hanc,
1608 567 1741 598 tanquam

957 608 1037 634 linem
1046 612 1108 634 ante
1117 607 1248 639 omnium,
1259 611 1287 634 et
1298 607 1356 641 ipsa
1369 611 1412 634 est
1425 611 1490 634 ante
1511 607 1649 635 universa.
1663 609 1745 636 Prin-

955 655 1055 689 cipium
1067 654 1139 682 enim
1152 658 1180 681 et
1195 654 1256 681 linis
1267 653 1388 680 omnium
1402 658 1445 681 est
1459 655 1540 688 Deus,
1558 660 1744 683 verumtamen

955 697 1369 732 supereminentereteﬂective;
1385 698 1519 733 siquidem
1528 707 1582 726 non
1592 707 1653 727 cum
1673 700 1743 736 ipso.

955 743 1003 771 sed
1025 744 1052 770 in
1067 743 1125 778 ipso
1135 747 1230 770 cuncta
1246 743 1412 777 consistunt;
1427 749 1498 772 eteo
1511 746 1582 779 quod
1602 745 1673 772 Deus
1691 750 1744 777 est,

955 789 1075 816 omnium
1088 788 1279 824 quoquesll
1290 789 1430 824 productio
1442 793 1469 816 et
1483 789 1656 817 subsistentia
1669 791 1745 818 exsi-

955 834 1093 863 stit.Hunc
1100 834 1188 862 omnia
1202 838 1342 869 appetunt;
1352 835 1483 870 spiritalia
1491 835 1639 872 quidemlut
1646 837 1744 871 angeli,

956 885 984 908 et
998 879 1156 913 rationalia,
1176 884 1205 906 ut
1227 880 1366 914 homines,
1379 888 1428 916 per
1448 882 1634 917 cognitionem
1647 883 1746 911 divinae

117 920 188 965 σεως
209 920 424 967 συνελαυνόμενα
440 932 480 962 είς
491 930 522 956 τὸ
535 931 631 965 πεινῇν
646 929 695 956 καὶ
715 929 756 960 είς
768 928 800 955 τὸ
815 927 906 964 διψῆν.

962 928 1136 957 Providentiae
1153 935 1205 963 pro
1220 932 1304 962 captu
1333 936 1384 956 suo
1406 929 1493 956 Deum
1519 934 1661 964 appetunt.
1678 929 1744 963 Quae

116 979 239 1015 ἐφίενται
261 978 373 1010 εἰκότως
393 976 528 1012 αἰσθητῶς
540 975 587 1002 τοῦ
607 974 796 1010 χορηγοῦντος.
810 973 848 1006 ὡς
858 972 889 1000 τό
899 980 906 988 ·

116 1024 220 1051 Πάντα
228 1023 302 1058 πρὸς
311 1023 348 1050 σὲ
355 1021 546 1057 προσδοκῶσι
555 1021 660 1048 δοῦναι
667 1020 725 1054 τὴν
731 1018 847 1054 τροφὴν
855 1019 909 1045 αὐ-

117 1070 177 1097 τῶν
185 1071 229 1102 εὶς
236 1067 477 1103 εὔκαιρον-,Τάλλα
486 1067 576 1103 μέντοι
584 1067 634 1094 ὃσα
640 1066 689 1102 τὴν
697 1065 815 1101 ζωτικὴν
825 1064 909 1100 μόνην

116 1113 286 1149 ἀναισθήτως
299 1113 355 1148 ἔχει
367 1112 483 1148 κίνησιν,
495 1111 534 1144 ὼς
551 1111 586 1138 τὰ
598 1110 669 1146 φυτὰ
688 1110 735 1137 καὶ
747 1110 774 1137 αι
789 1109 908 1144 βοτάναι,

117 1160 136 1187 ἃ
148 1168 209 1188 τινα
223 1159 271 1186 καὶ
286 1159 400 1191 ζωτικδν
425 1157 534 1193 πνεῦμα
557 1157 636 1193 μόνον
661 1155 792 1183 συνιστῶν
806 1154 907 1190 ἔχουσι,

116 1205 166 1242 ¹τὴν
178 1205 282 1233 ἐαυτῶν
293 1205 386 1232 οὐσίαν
399 1204 463 1231 ἄνευ
483 1203 636 1239 αἰσθήσεως
648 1211 654 1217 ·
669 1202 688 1229 ἃ
703 1202 735 1237 δὴ
748 1201 795 1228 καὶ
808 1200 908 1228 πολλά-

117 1262 171 1285 κις,
182 1252 348 1288 στερούμενα
354 1250 402 1277 τοῦ
415 1249 530 1285 φυσικοῦ
537 1249 701 1285 πνεύματος,
716 1247 910 1283 ἀποξηραίνον-

117 1307 173 1331 ται,
199 1297 275 1325 δι’οὗ
292 1296 430 1324 κινοῦνται
455 1296 523 1332 πρὸς
547 1295 660 1331 αὔξησιν
683 1295 732 1321 καὶ
754 1293 908 1321 εὐθάλειαν.

124 1344 260 1379 Ἐφίενται
272 1343 320 1369 καὶ
332 1341 418 1369 ταῦτα
428 1342 477 1377 τῆς
491 1341 565 1372 Θείας
575 1340 717 1376 Προνοίας,
741 1339 784 1374 ἐφ’
798 1336 820 1373 ᾧ
833 1346 910 1365 συνε-

119 1391 216 1418 στάναι
229 1390 277 1417 καὶ
294 1389 384 1416 ἀνθεῖν
394 1397 401 1404 ·
414 1388 475 1416 ὅθεν
488 1389 535 1415 καὶ
546 1387 634 1414 ταῦτα
646 1386 909 1422 παραλαμὸάνονται

117 1437 148 1464 ἐν
170 1435 210 1472 τῷ
233 1438 297 1471 ρμη¹
311 1433 418 1470 Ψαλμῷ
430 1454 437 1466 ,
452 1435 536 1461 αἰνεῖν
549 1433 594 1460 τὸν
605 1433 670 1460 Θεὸν
683 1432 727 1459 διὰ
746 1432 795 1467 τῆς
818 1430 909 1458 αὐτῶν

118 1481 284 1513 συστάσεως.
305 1479 346 1507 Τὰ
359 1480 387 1506 δὲ
399 1479 500 1515 ἄψυχα,
521 1480 550 1506 ἐν
569 1479 609 1514 τῷ
627 1479 699 1514 ἔχειν
720 1479 748 1505 ἐν
761 1478 866 1509 ἑαυτοῖς
879 1476 909 1503 τὺ

117 1528 186 1559 ὅλως
199 1525 278 1560 εῖναι,
293 1526 310 1562 ἦ
330 1527 360 1553 ἐν
382 1525 420 1561 τῷ
432 1525 544 1552 τοιώσδε
565 1525 582 1561 ἢ
603 1524 716 1552 τοιώσδε
729 1523 799 1551 εἶναι
809 1533 816 1540 ι
830 1523 909 1550 τοῦτο

116 1574 173 1609 γὰρ
186 1571 262 1600 εἶπεν
274 1571 392 1607 οὐσιώδη
405 1572 453 1598 καὶ
466 1571 579 1607 ἐκτικὴν
591 1571 852 1606 ἐπιτηδειότητα,ῶς
860 1570 908 1597 τοῦ

958 981 1024 1002 vero
1037 973 1080 1001 bis
1092 973 1218 1001 inferiora
1229 978 1303 1006 sunt,
1316 973 1420 1002 scilicet
1433 974 1612 1009 irrationalia,
1625 982 1743 1009 quorum

960 1019 1159 1048 irrationalium
1173 1020 1264 1047 anima
1279 1027 1313 1048 ex
1328 1020 1472 1048 elementis
1487 1025 1515 1048 et
1530 1022 1665 1049 materiali
1686 1023 1747 1057 igne

960 1069 1076 1096 constat,
1092 1065 1120 1092 in
1136 1065 1234 1100 spiritu
1251 1065 1385 1093 materiali
1411 1066 1513 1094 habent
1527 1073 1603 1099 esse;
1620 1066 1679 1094 haec
1700 1075 1747 1095 so-

959 1111 1014 1138 lum
1024 1118 1057 1138 ex
1070 1118 1150 1138 sensu
1165 1110 1304 1145 compulsa
1320 1110 1354 1138 ad
1368 1110 1542 1138 esurientium
1557 1115 1584 1138 et
1597 1111 1747 1139 sitiendum

959 1157 1058 1185 merito
1083 1155 1242 1184 desiderant
1265 1156 1359 1184 sensili
1376 1156 1457 1185 modo
1468 1164 1530 1184 eum
1545 1157 1592 1192 qui
1614 1158 1746 1192 praebeat,

957 1202 1033 1237 juxta
1049 1202 1113 1230 illud
1128 1213 1133 1230 :
1146 1202 1266 1229 Omniaa
1278 1207 1302 1229 te
1315 1208 1474 1237 exspectant,
1492 1208 1519 1230 ut
1529 1203 1574 1230 du
1590 1203 1647 1230 illis
1657 1212 1746 1231 escam

959 1249 1076 1284 ipsorum
1098 1248 1125 1275 in
1143 1253 1256 1282 tempore
1276 1253 1426 1282 opportuna
1437 1249 1463 1275 h.
1487 1248 1573 1276 Porro
1596 1249 1660 1281 alia.
1685 1257 1746 1284 qua:

959 1295 1047 1323 solum
1057 1295 1166 1322 vitalem
1178 1295 1238 1322 sine
1244 1301 1325 1322 sensu
1334 1299 1435 1321 motum
1448 1295 1560 1328 habent,
1568 1296 1639 1324 sicut
1650 1297 1748 1331 plantas

959 1347 987 1369 et
999 1342 1101 1374 herbae,
1112 1348 1173 1376 quae
1188 1340 1299 1368 vitalem
1314 1340 1440 1375 spiritum
1451 1341 1538 1369 solum
1551 1342 1746 1370 c0nsistentem

959 1388 1071 1420 habent,
1087 1392 1115 1415 et
1128 1394 1204 1414 suam
1216 1387 1364 1414 essentiam
1380 1386 1439 1414 sine
1460 1394 1551 1420 sensu,
1570 1395 1632 1422 qua:
1654 1389 1748 1423 utique

959 1433 1118 1468 frequenter
1129 1437 1268 1464 arescunt.
1283 1432 1399 1459 naturali
1410 1432 1507 1468 spiritu
1520 1433 1637 1469 privata,
1649 1441 1703 1469 quo
1713 1434 1748 1462 ad

960 1478 1146 1506 aceretionem
1159 1482 1187 1505 et
1205 1478 1431 1513 germinationem
1449 1478 1635 1513 impelluntur.
1658 1480 1749 1515 Appe-

959 1528 1020 1551 tunt
1031 1524 1113 1551 etiam
1130 1523 1187 1551 haec
1197 1523 1319 1550 divinam
1328 1523 1528 1551 Providentiam
1541 1528 1570 1552 ut
1583 1525 1747 1558 consistant,

961 1575 989 1596 et
1005 1569 1135 1601 ﬂoreant,
1160 1569 1232 1597 unde
1246 1569 1329 1596 etiam
1347 1570 1405 1597 haec
1426 1575 1604 1598 assumuntur
1625 1571 1652 1599 in
1673 1571 1745 1600 Psal.

116 1603 192 1645 λίθου
206 1617 265 1644 ἐστὶ
276 1617 307 1644 τὺ
323 1603 398 1644 me}
409 1616 540 1652 φέρεσθαι
550 1603 618 1643 ’.καὶ
630 1603 677 1642 rei")
691 1603 786 1652 πυρός,
797 1615 828 1642 τὸ
841 1616 907 1643 ἄνου-

962 1622 1074 1647 cnvnt,
1088 1614 1122 1642 ad
1136 1615 1301 1642 laudandum
1317 1615 1402 1642 Deum
1416 1621 1529 1651 propter
1542 1617 1662 1651 ipsorum
1680 1625 1747 1646 cau-

117 1664 166 1691 καὶ
178 1663 226 1690 τοῦ
241 1662 349 1694 ὓδατος,
362 1661 392 1688 τὺ
405 1662 434 1688 ἐν
446 1662 527 1688 παντὶ
541 1661 766 1697 σχηματίζεσθαι.

961 1660 1125 1688 sistentiam.
1137 1660 1257 1687 lnanima
1276 1667 1342 1688 vero
1356 1667 1390 1688 eo
1401 1660 1474 1695 quod
1483 1662 1594 1689 omnino
1606 1662 1632 1689 in
1646 1670 1676 1690 se
1687 1670 1749 1691 esse

117 1709 248 1741 habeant,
266 1708 309 1736 vel
326 1708 379 1736 tale
393 1712 441 1735 aut
455 1707 509 1735 tale
520 1715 594 1741 esse;
611 1708 663 1736 hoc
687 1709 760 1736 enim
788 1708 934 1744 appellavit
962 1707 1169 1735 snbstanlialem
1196 1714 1229 1734 ac
1251 1707 1417 1735 habitualem
1439 1708 1640 1742 aptitudinem;
1659 1709 1748 1744 qualis

117 1761 160 1783 est
173 1755 271 1790 lapidis
283 1759 372 1782 motus
388 1755 527 1786 deorsum,
543 1760 571 1783 et
587 1756 656 1791 ignis
670 1763 792 1790 sursum,
805 1761 832 1784 et
845 1763 922 1790 aquae
938 1763 1046 1784 omnem
1060 1755 1204 1783 admittere
1219 1755 1344 1789 ﬁguram.

153 1801 168 1837 §
182 1801 225 1829 Vl.
239 1801 325 1828 Τοῦτο
344 1800 444 1833 εἰδότες
465 1801 490 1828 οἱ
511 1801 645 1836 θεολόγοι·
661 1801 739 1828 τοῦτο
751 1803 826 1829 ποῖον
839 1810 846 1835 ;
867 1802 908 1828 ὅτι

117 1848 249 1876 ἀδύνατόν
261 1849 335 1875 ἐστιν
348 1848 380 1874 ἐκ
393 1847 527 1883 προτέρας
537 1849 610 1880 τινὸς
621 1849 710 1880 αἰτίας
723 1849 770 1875 καὶ
782 1848 909 1883 γνώσεως

116 1895 150 1922 τὺ
173 1895 250 1922 Θείον
273 1896 427 1931 ὑμνεῖσθαι,
451 1897 475 1922 εί
489 1895 526 1931 μὴ
540 1896 573 1921 ὲκ
584 1895 638 1921 τῶν
658 1895 799 1927 αίτιατῶν,
813 1895 860 1922 καὶ
871 1895 910 1926 ὡς

119 1940 259 1976 ἀνώνυμον
271 1941 410 1977 ὑμνοῦσιν,
425 1941 466 1968 ὅτι
477 1940 644 1978 ἐξῃρημένον
653 1941 761 1968 πάντων
773 1941 831 1968 ἐστι
840 1949 847 1956 ⁸
862 1940 910 1967 καὶ

119 1987 202 2014 πάλιν
215 1988 247 2014 ἐκ
259 1988 357 2020 παντὸς
370 1987 511 2023 ὀνόματος,
525 1988 566 2014 ὃτι
579 1987 626 2014 καὶ
639 1987 747 2014 αἰτιατὰ
759 1987 793 2014 τὰ
818 1987 909 2014 πάντα

120 2031 154 2057 ἐκ
165 2030 260 2057 τούτου
271 2031 367 2058 αἰτίου.
386 2030 538 2066 Ἀνώνυμον
551 2031 610 2067 μὲν,
625 2031 663 2063 ὼς
676 2032 705 2058 ἐν
715 2033 748 2068 τῇ
763 2031 846 2067 βίϐλῳ
855 2031 910 2058 τῶν

120 2073 231 2110 Κριτῶν
243 2074 367 2111 εὓρηται,
376 2075 463 2110 λέγων
475 2075 543 2111 πρὸς
555 2076 601 2102 τὸν
619 2075 764 2112 ἐρωτῶντα
776 2085 782 2092 ·
796 2077 852 2104 Καὶ
861 2077 912 2104 ἵνα

121 2120 150 2146 τί
165 2119 276 2154 ἐρωτᾷς
285 2120 317 2147 τὸ
329 2120 421 2156 ὄνομά
427 2130 498 2156 μου,
505 2121 554 2148 καὶ
567 2122 640 2149 αὐτό
650 2122 715 2149 ἐστι
726 2123 910 2157 θαυμαστόν;

121 2167 186 2199 Πῶς
202 2167 369 2203 θαυμαστὸν,
389 2167 570 2204 ἐξηγούμενος
590 2168 675 2203 λέγει,
698 2169 738 2196 ὅτι
763 2169 839 2203 ὑπὲρ
850 2168 912 2196 πᾶν

997 1801 1011 1836 §
1024 1801 1069 1829 Vl;
1085 1801 1142 1829 Hoc
1158 1801 1278 1829 scientes
1292 1801 1419 1838 theologi,
1438 1802 1519 1837 quale
1534 1802 1616 1831 iilud?
1629 1805 1700 1839 quod
1708 1805 1750 1832 ni-

960 1847 1059 1875 mirum
1076 1847 1245 1882 impossibile
1255 1848 1302 1879 sit.
1321 1855 1355 1875 ex
1378 1849 1463 1883 priori
1483 1849 1574 1884 aliqua
1590 1857 1672 1878 causa
1695 1858 1745 1878 no-

962 1894 1069 1922 tioneve
1082 1893 1168 1921 Deum
1183 1893 1350 1928 collaudare,
1365 1895 1412 1923 sed
1429 1900 1531 1922 tantum
1543 1904 1577 1924 ex
1596 1897 1710 1931 eirectis,
1722 1902 1751 1925 et

961 1945 1092 1975 tanquam
1109 1940 1223 1968 nomine
1234 1946 1375 1968 carentem
1388 1942 1512 1976 laudant,
1527 1943 1600 1977 quod
1614 1944 1647 1971 ab
1662 1943 1750 1971 omni-

960 1986 1011 2014 bus
1027 1989 1168 2020 exemptus
1179 1986 1230 2019 sit;
1240 1991 1268 2014 et
1277 1994 1399 2022 rursum,
1414 1995 1447 2015 ex
1460 1989 1533 2016 omni
1546 1989 1665 2022 nomine,
1679 1990 1750 2024 quod

961 2032 1042 2059 etiam
1056 2039 1152 2060 omnes
1169 2031 1283 2060 eifectus
1294 2041 1328 2060 ex
1344 2034 1394 2062 hac
1409 2042 1492 2062 causa
1512 2035 1578 2064 sint.
1593 2034 1752 2063 lnuomina-

961 2077 1042 2105 bilem
1057 2077 1178 2112 quidem,
1193 2079 1257 2105 utin
1272 2079 1344 2106 libro
1354 2079 1479 2107 iudicum
1495 2081 1630 2116 reperitur
1641 2082 1750 2109 cuidam

963 2123 1143 2158 interroganti
1160 2123 1251 2150 dicere
1264 2132 1271 2150 :
1283 2124 1530 2160 Quareinterroga:
1542 2134 1636 2153 nomen
1651 2134 1748 2159 meum,

963 2173 987 2195 et
1004 2168 1053 2194 hoc
1073 2173 1111 2195 est
1126 2168 1246 2195 mirabile
1265 2175 1273 2189 ι
1288 2169 1299 2196 ?
1317 2169 1458 2202 Quomodo
1473 2159 1599 2199 mirabile
1610 2171 1645 2199 sit
1663 2171 1751 2205 expli-

121 2213 226 2248 ὄνομα,
239 2213 286 2240 καὶ
298 2213 349 2239 ὑπε
354 2213 494 2248 ρκειμενον
502 2213 615 2246 παντὸς
622 2213 838 2248 ὀνομαζομένου
845 2214 900 2241 ὀνό

965 2219 1042 2248 cans,
1058 2213 1110 2240 ait:
1127 2213 1261 2247 Quoniam
1277 2223 1356 2249 super
1369 2223 1447 2243 omne
1476 2224 1572 2244 nomen
1585 2217 1610 2249 Ιί,
1625 2222 1653 2245 et
1671 2225 1751 2253 supe-

118 2269 215 2296 ματος
225 2259 280 2287 εἴτε
290 2259 326 2286 ἐν
335 2257 376 2292 τῷ
388 2259 472 2287 αιῶνι
479 2259 582 2292 τούτῳ,
602 2259 658 2287 εἴτε
668 2259 704 2286 ἐν
711 2259 752 2293 τῷ
755 2260 910 2295 μέλλοντι·

122 2306 300 2342 πολυώνυμον
315 2307 354 2338 δὲ,
367 2306 405 2338 ὡς
418 2306 481 2334 ὅταν
494 2306 542 2333 καὶ
553 2306 634 2333 αὐτὸν
646 2307 775 2341 είσάγωσι
788 2306 911 2341 λέγοντα,

122 2353 162 2385 ὡς
175 2353 204 2379 ἐν
215 2352 254 2388 τῷ
266 2353 331 2388 Σινᾷ
340 2372 348 2384 ,
375 2351 448 2386 Ἐγώ
466 2353 523 2387 ειμι
536 2353 552 2378 ὁ
570 2351 613 2378 ὧν
623 2360 629 2367 ·
643 2352 690 2378 καὶ
714 2352 745 2378 ἐν
766 2352 879 2388 ἑτέροις,
894 2353 911 2388 ἡ

123 2397 193 2432 ζωὴ,
205 2397 236 2424 τὸ
249 2397 316 2432 φῶς,
330 2398 345 2424 ό
357 2397 432 2428 Θεὸς,
446 2397 464 2431 ἡ
476 2396 599 2432 ἀλήθεια,
612 2396 650 2428 ὡς
669 2397 699 2424 ἐν
720 2397 910 2432 Εὑαγγελίοις·

130 2443 202 2478 Ἐγώ
214 2444 272 2478 ειμι
286 2444 305 2477 ἡ
322 2443 377 2477 ζωὴ
398 2442 447 2469 καί
461 2443 480 2477 ὴ
497 2442 638 2475 ἀλήθειαν
655 2443 703 2469 καὶ
721 2443 817 2470 πάλιν·
845 2444 914 2478 Ἐγώ

122 2491 182 2525 ειμι
191 2489 223 2516 τὸ
233 2488 295 2523 φῶς
311 2488 364 2515 τοῦ
376 2489 491 2523 κόσμου
500 2497 507 2504 ·
523 2489 570 2515 καὶ
582 2488 611 2515 ἐν
623 2488 662 2524 τῷ
674 2489 743 2524 πρὸς
754 2489 800 2516 τὸν
817 2489 912 2517 Ἰακὼὸ

122 2535 324 2573 χρηματισμῷ·
351 2534 421 2570 Ἐγώ
434 2536 493 2569 εἰμι
510 2536 526 2562 ό
549 2535 620 2568 Θεὸς
638 2536 691 2562 τοῦ
716 2537 826 2570 πατρός
842 2545 912 2564 σου.

123 2583 181 2610 Καὶ
193 2581 274 2608 πάλιν
287 2580 363 2607 αὐτοὶ
381 2582 405 2607 oi
417 2580 537 2615 θεολόγοι
555 2581 618 2616 περὶ
634 2580 716 2608 αὑτοῦ
734 2581 859 2616 λέγουσιν
880 2583 913 2609 ἐκ

123 2625 180 2652 τῶν
191 2624 320 2651 αἰτιατῶν
332 2624 416 2652 τᾶλλα
428 2633 458 2650 τε
472 2625 520 2651 καὶ
539 2625 570 2651 τὸ
585 2624 704 2652 αἰώνιον·
724 2627 770 2653 τὸν
790 2626 846 2662 γὰρ
857 2627 913 2654 τῶν

124 2670 231 2698 αίώνων
249 2670 364 2706 ποιητὴν
382 2669 490 2697 αἰώνιόν
513 2679 611 2705 φασιν⁸
633 2670 739 2699 αιώνιον
759 2672 788 2699 δέ
809 2673 867 2699 ἐστι
882 2672 914 2700 τὸ

124 2717 223 2748 αιῶνος
241 2717 362 2753 μετέχον.
377 2717 432 2744 Καὶ
445 2716 510 2751 γοῦν
521 2725 603 2753 φησιν
617 2718 632 2744 ὁ
656 2718 768 2751 Ἡσαΐας
777 2727 785 2734 ο
806 2719 832 2745 '0
841 2719 914 2752 Θεὸς

125 2765 143 2792 ὀ
157 2761 285 2796 αιώνιος,
305 2764 322 2790 ὁ
341 2761 572 2796 κατασκευάσας
587 2763 624 2790 τὰ
637 2764 713 2798 ἄκρα
732 2763 787 2798 τῆς
799 2764 865 2799 τῆς.
884 2765 913 2792 Ὀ

163 2857 176 2878 ι
189 2855 259 2884 Psal.
272 2864 362 2888 cxuv,
379 2856 422 2884 l5.
472 2857 479 2877 ί
494 2855 555 2884 .1ιι‹1.
572 2863 632 2888 ιιιι,
646 2855 687 2883 18.

737 2855 750 2876 k
765 2855 863 2891 Philip.
880 2865 910 2888 ll,
930 2857 966 2884 9.,

965 2263 1008 2286 rat
1022 2267 1097 2287 omne
1111 2267 1204 2287 nomen
1216 2261 1286 2295 quod
1301 2262 1454 2288 nominatur
1471 2263 1530 2290 sive
1540 2263 1567 2290 in
1580 2264 1629 2290 hoc
1642 2264 1750 2297 recula,

965 2306 1023 2333 sive
1036 2305 1064 2333 in
1077 2305 1166 2340 futuro
1176 2305 1197 2333 ι.
1209 2306 1404 2334 lilultinomium
1414 2315 1488 2341 vero,
1501 2313 1530 2336 ut
1548 2309 1654 2343 quando
1668 2310 1750 2337 etiam

966 2351 1055 2386 ipsum
1075 2351 1363 2386 inducuntdicentem,
1378 2358 1408 2380 ut
1421 2354 1448 2380 in
1465 2353 1548 2381 Sina:
1564 2354 1620 2390 Ego
1636 2363 1695 2382 sum
1704 2355 1750 2391 qui

967 2404 1075 2430 summ;
1091 2404 1119 2426 et
1141 2398 1217 2432 alibi,
1236 2399 1308 2432 Vita,
1325 2399 1429 2433 lumen,
1447 2400 1528 2432 Deus,
1544 2402 1655 2433 veritas,
1681 2402 1752 2430 sicut

968 2444 995 2471 in
1010 2444 1179 2478 Evangeliis:
1194 2443 1249 2479 Ego
1259 2453 1316 2472 sum
1325 2445 1379 2472 vita
1393 2451 1417 2472 οι
1430 2446 1525 2473 veritas
1538 2451 1570 2479 I;
1584 2451 1612 2473 et
1629 2455 1750 2474 rursum:

966 2489 1024 2524 Ego
1042 2498 1100 2516 sum
1113 2489 1162 2517 lus;
1171 2490 1263 2516 mundi
1281 2493 1294 2507 °
1307 2499 1314 2523 ;
1326 2494 1353 2518 et
1371 2491 1398 2518 in
1413 2492 1526 2519 oraculo
1541 2492 1574 2520 ad
1585 2491 1683 2520 Jacob:
1695 2492 1752 2528 Ego

966 2544 1026 2563 sum
1048 2535 1117 2563 Deus
1140 2537 1224 2570 patria
1238 2537 1278 2563 tui
1292 2541 1317 2563 P.
1333 2537 1366 2563 Et
1381 2545 1488 2565 rursum
1505 2539 1614 2573 ipsimet
1633 2539 1752 2574 theologi

966 2582 1114 2617 pradicant
1124 2589 1157 2608 ex
1179 2581 1284 2609 eil'ectis
1297 2581 1455 2610 saecularem
1473 2592 1479 2610 :
1494 2591 1556 2610 nam
1569 2584 1748 2612 Conditorem

966 2627 1126 2654 saeculorum
1143 2628 1302 2656 stecularem
1317 2633 1432 2662 vocant;
1450 2629 1582 2657 staculare
1597 2635 1688 2657 autem
1709 2636 1752 2658 est

966 2672 994 2699 id
1019 2672 1091 2707 quod
1117 2674 1207 2701 saeculi
1227 2674 1364 2709 particeps
1381 2679 1435 2702 est.
1463 2675 1553 2709 Atque
1578 2674 1662 2703 lsaias
1687 2676 1748 2703 ait:

966 2718 1038 2745 Deus
1049 2719 1218 2753 sempiternus
1229 2721 1287 2755 (seu
1302 2720 1450 2753 saecularis)
1459 2722 1504 2755 qui
1514 2722 1611 2748 creavit
1624 2722 1749 2749 terminos

967 2770 1074 2792 terrea.
1088 2765 1169 2801 312
1183 2768 1252 2795 Deus
1264 2771 1353 2795 autent
1366 2774 1418 2794 non
1432 2772 1474 2794 est
1488 2767 1624 2801 posterior
1638 2768 1747 2801 sarculo,

1014 2856 1031 2894 1A
1056 2857 1154 2894 Ephes.
1171 2865 1189 2892 ι,
1206 2858 1250 2886 2i.
1291 2863 1308 2874 '
1324 2857 1399 2885 Exod
1430 2864 1472 2888 ιιι,
1491 2855 1533 2882 ιι.
1575 2860 1588 2874 ιι
1603 2853 1682 2883 Joan.
1695 2863 1751 2888 xw,

139 2892 167 2920 6.
212 2891 316 2920 "toan.
333 2899 392 2926 vm.
416 2891 459 2920 12.
498 2897 511 2918 ιτ
537 2891 606 2920 Gen.
633 2898 730 2925 xxvtu,
759 2891 801 2920 l5.
835 2891 908 2920 Usa.

973 2910 982 2926 .
999 2892 1044 2921 es.
