1929 3068
178 157 228 186 831

766 158 796 186 S.
814 157 962 186 DlONYSll
979 157 1210 186 AREUPAGITIE

1746 157 1802 186 (ὑί

180 219 210 240 ιιι
218 213 278 249 ejus
292 214 374 242 etiam
383 216 521 251 particeps
532 216 578 248 sit.
592 216 640 245 sed
650 217 776 245 conditor
787 217 960 245 saeculorum.

1016 217 1041 244 δὲ
1053 216 1119 249 Θεὸς
1131 217 1162 244 οὐ
1174 216 1300 252 δεύτερός
1313 217 1387 243 ἐστιν
1399 216 1507 249 αἰῶνος,
1521 216 1564 243 ἵνα
1578 216 1624 244 καί
1639 215 1739 252 μετέχῃ
1753 218 1802 244 αὺ-

180 259 255 287 Senii
278 266 418 295 expertem
443 261 519 296 dicit,
545 263 693 290 secundum
717 262 783 290 illud
800 271 807 289 :
825 262 863 290 Tu
874 268 962 290 autem

179 307 248 334 idem
262 307 316 340 ipse
330 315 369 339 es,
392 311 416 335 et
437 309 500 335 anni
515 308 554 336 tui
569 317 620 336 non
631 309 750 343 deﬁcient
769 313 780 328 ι’
792 317 800 341 ;
812 313 839 336 et
852 309 961 343 iterum,

179 356 209 378 ut
220 352 405 387 magnitudine
415 354 506 381 omnia
525 359 718 389 superantem;
729 354 829 381 cceium
849 353 922 382 enim
934 359 962 382 et

180 400 283 424 terram
301 398 415 433 implet:
432 403 460 426 et
477 404 505 426 ut
519 400 545 426 in
563 407 628 426 aura
646 399 731 432 tenui,
743 399 820 434 juxta
833 400 905 435 quod
921 399 963 427 di-

179 443 252 471 citur
264 443 290 470 in
307 444 385 472 libris
409 444 531 480 Regum:
552 445 606 474 Sed
619 445 714 473 sibilus
733 453 806 473 cum
821 447 919 479 tenuis,
937 450 963 473 et

180 489 217 516 ibi
230 489 360 517 Dominus
373 496 396 517 ι.
410 491 492 526 Atqui
506 495 533 519 et
557 491 584 518 in
599 492 737 519 mentibus
761 499 822 519 eum
846 499 908 520 esse
922 491 963 519 di-

179 538 255 564 cunt.
275 534 342 561 etin
357 535 468 568 animis,
492 534 558 563 etin
574 535 746 570 corporibus,
771 534 848 568 juxta
873 535 960 562 illud:

181 578 214 606 Et
229 580 382 607 inhabitaba
408 580 436 608 in
454 580 518 613 illis,
534 586 558 608 et
580 581 749 608 ittambulabo
766 581 790 614 ‘,
808 585 836 609 et
851 581 877 608 in
898 581 962 608 uni—

181 632 274 658 verso;
291 629 320 653 et
343 626 467 654 eumdem
485 626 564 653 simul
579 626 605 653 in
623 626 734 657 mundo.
758 630 787 654 ut
810 626 919 660 quando
935 625 961 652 in

180 670 282 698 mundo
292 677 353 698 esse
368 671 468 698 dicitur
483 677 507 705 ιι,
519 676 547 699 et
560 671 633 699 circa
648 672 789 702 mundum,
805 676 835 698 ut
855 670 963 706 quando

181 717 207 743 in
220 715 305 747 omni.
321 720 348 744 et
364 724 446 751 supra
463 715 606 748 mundum,
624 721 653 743 ut
667 716 775 751 quando
787 715 820 743 ab
836 715 963 742 universo

180 763 372 799 comprehendi
406 771 486 799 posse
511 769 642 800 negatur;
668 769 697 792 et
716 763 963 798 supractelestem,

181 809 481 844 suprasubstantialem,
494 808 571 844 juxta
583 809 667 837 illud:
684 810 773 844 Supra
789 809 889 836 coelum
905 808 964 843 glo-

182 856 222 883 ria
244 856 350 883 Domini
363 864 370 889 ;
385 861 413 883 et
424 857 522 884 iterum
537 856 621 884 solem
632 856 757 891 jusdtiae,
769 859 796 883 et
808 854 922 888 similia,
936 858 963 881 et

1012 262 1071 295 τοῦ,
1085 263 1142 290 ἀλλ’
1155 262 1260 290 αἰώνων
1272 264 1396 299 ποιητής.
1416 263 1523 299 Ἀγήρω
1535 263 1563 290 δὲ
1576 263 1649 297 λέγει
1668 263 1739 290 κατά
1750 264 1780 291 τό
1793 273 1801 279 ·

1012 309 1055 336 Σὺ
1062 308 1096 335 δὲ
1112 311 1129 336 ὁ
1140 309 1230 342 αὐτὸς
1238 310 1276 340 εἴ,
1292 309 1340 336 καὶ
1350 309 1387 336 τὰ
1398 309 1450 343 ἐτη
1465 317 1524 336 σου
1540 310 1596 336 οὐκ
1604 310 1783 344 ﬁdelia-ovat
1793 319 1800 325 ·

1012 356 1059 382 καὶ
1081 355 1172 387 πάλιν,
1187 355 1225 387 ὼς
1245 356 1274 382 ὲν
1288 355 1398 391 μεγέθει
1419 355 1527 382 πάντων
1550 355 1717 391 ὑπερέχοντα
1729 364 1735 370 ·
1756 355 1802 382 τὸν

1011 402 1124 438 οὐρανὸν
1142 402 1196 438 γὰρ
1212 402 1260 429 καὶ
1277 403 1328 438 τὴν
1348 403 1400 438 γῆν
1420 403 1536 439 πληροίο
1561 403 1607 429 καὶ
1629 402 1667 434 ὡς
1687 402 1717 428 έν
1729 401 1804 438 αὖρα

1011 449 1096 484 λεπτῇ
1103 449 1209 476 κατὰτὸ
1221 449 1363 484 εἰρημένον
1375 449 1406 476 ὲν
1417 450 1476 481 ταῖς
1484 449 1648 480 Βασιλείαιςι
1659 449 1745 476 Ἀλλὰ
1753 448 1803 482 καὶ

1012 495 1096 530 φωνὴ
1106 495 1200 529 αὔρας
1213 495 1338 530 λεπτῆς,
1355 495 1465 524 κάκεΐό
1474 496 1590 530 Κύριος.
1604 496 1658 523 Καί
1670 504 1702 530 γε
1715 496 1761 522 καὶ
1772 496 1802 522 ὲν

1012 541 1083 573 νόοις
1095 540 1187 568 αὐτῶν
1209 549 1286 576 φασι,
1301 541 1349 568 καὶ
1360 542 1390 569 ὲν
1402 541 1510 577 ψυχαῖς,
1524 542 1571 568 καὶ
1592 542 1621 569 ὲν
1634 541 1751 577 σώμασι,
1764 541 1802 573 ὡς

1012 587 1043 615 τό
1052 596 1058 603 ·
1080 587 1242 622 Ἐνοικήσω
1255 588 1291 614 ἐν
1303 588 1415 622 αὐτοῖς,
1429 589 1478 616 καὶ
1493 588 1722 624 ἐμπεριπατήσω
1732 597 1739 604 ·
1754 587 1802 614 καὶ

1012 637 1041 663 ὲν
1053 635 1092 672 τῷ
1104 636 1194 668 παντὶ,
1207 636 1254 662 καὶ
1262 635 1319 671 ἆμα
1330 635 1376 662 τὸν
1385 636 1466 662 αὐτὸν
1476 635 1632 671 έγκόσμιον,
1641 635 1684 662 ὅτε
1693 634 1802 668 λέγεται

1012 681 1044 708 ὲν
1053 680 1092 716 τῷ
1105 681 1200 717 κόσμῳ
1209 679 1278 708 εἶναι
1290 690 1296 697 ’
1310 682 1486 717 περικόσμιον
1496 681 1535 713 δὲ,
1547 681 1592 708 ὅτε
1609 681 1639 707 ὲν
1650 679 1690 716 τῷ
1701 679 1781 706 mw!
1793 687 1800 694 ·

1012 727 1060 755 καὶ
1070 727 1263 763 ὑπερκόσμιον,
1272 728 1316 755 ὅτε
1329 727 1469 764 ἀχώρητος
1479 727 1518 763 τῷ
1535 727 1615 754 παντὶ
1626 727 1746 761 λέγεται’
1755 726 1804 753 καὶ

1013 775 1216 812 ὑπερουράνιον,
1227 777 1274 803 καὶ
1283 775 1453 811 ὑπερούσιον,
1467 775 1504 806 ώς
1515 774 1556 801 τό·
1569 774 1655 810 Ὑπὲρ
1665 773 1712 800 τὸν
1721 774 1804 809 οὐρα-

1013 821 1058 848 νδν
1069 823 1086 857 ἡ
1100 822 1164 854 δόξα
1176 822 1280 858 Κυρίου
1289 831 1296 837 ’
1310 822 1357 849 καὶ
1373 821 1453 849 πάλιν
1465 821 1541 857 ἥλιον
1554 820 1738 856 δικαιοσύνης·
1755 820 1804 848 καὶ

1012 867 1047 895 τὰ
1059 867 1184 895 τοιαῦτα·
1195 869 1242 895 καὶ
1251 868 1324 895 λίϐον
1335 867 1473 903 τμηθέντα
1484 868 1514 901 ἐξ
1526 867 1606 903 ὅρους
1618 875 1625 882 ·
1639 867 1686 894 καὶ
1699 866 1804 902 πέτραν

180 902 295 937 lapidem
306 909 339 930 ex
352 907 443 930 monte
455 903 616 936 abscissum,
629 907 658 930 et
669 906 772 937 petram
788 900 924 933 scandaii;
936 905 963 927 et

1016 914 1173 945 σκανδάλου,
1195 914 1242 941 καὶ
1262 914 1351 942 πάντα
1366 913 1401 940 τὰ
1413 913 1478 941 ὄντα
1490 915 1523 940 ὲκ
1535 913 1589 941 τῶν
1601 912 1741 946 αῑτιατῶν,
1756 913 1804 939 καὶ

181 955 215 975 ex
228 947 345 982 eﬂ‘ectis,
360 949 452 976 omnia
466 955 528 984 qua:
549 953 623 983 sunt,
648 953 676 976 et.
701 947 769 976 nihil
794 953 889 975 eorum
905 953 965 981 qua:

179 997 251 1021 sunt.

217 1037 232 1074 ς
249 1037 302 1067 Vii.
317 1038 362 1066 Sic
377 1038 458 1073 igitur
468 1039 493 1066 ei
508 1038 554 1074 qui
571 1038 695 1067 omnium
706 1045 798 1066 rerum
810 1045 894 1066 causa
909 1041 962 1071 est,

179 1091 207 1112 et.
222 1091 303 1119 super
314 1085 417 1118 omnia,
428 1085 553 1121 congruit
567 1091 664 1112 carere
677 1084 798 1116 nomine,
823 1084 850 1111 in
874 1091 962 1117 quan-

181 1136 238 1158 tum
253 1138 336 1166 super
351 1131 441 1159 omnia
455 1136 507 1163 est,
526 1135 554 1159 et
567 1131 634 1158 nihil
651 1129 759 1158 horum.
782 1130 815 1157 Et
830 1137 926 1157 rursus
938 1129 963 1156 ci

180 1181 335 1211 congruunt
357 1176 448 1204 omnia
477 1183 568 1204 rerum
591 1176 711 1208 nomina,
728 1175 755 1203 in
773 1179 907 1210 quantum
922 1179 964 1202 est

179 1229 261 1248 causa
273 1229 406 1255 omnium,
420 1221 566 1257 omniaque
581 1222 668 1256 ipsum
682 1228 731 1257 pro
744 1224 825 1256 captu
841 1227 890 1248 suo
901 1227 964 1254 par-

181 1268 305 1302 ticipant,
321 1272 350 1295 ut
367 1268 402 1295 sit
420 1267 543 1303 perfecte
568 1275 680 1303 regnum
696 1267 898 1299 universorum,
923 1265 964 1292 di-

180 1312 284 1347 gnitate
304 1313 414 1347 quidem
435 1313 564 1340 omnibus
578 1312 752 1345 antecellens,
767 1316 795 1339 et
813 1319 829 1338 a
853 1311 963 1338 nemine

180 1366 280 1386 nomen
299 1359 437 1394 accipiens
450 1379 458 1392 ,
486 1357 660 1394 providentia
673 1365 738 1385 vero
764 1357 963 1393 complexuque

180 1412 230 1432 suo
247 1405 274 1432 in
291 1405 345 1432 illis
358 1405 505 1439 exsistens,
522 1410 549 1433 et
563 1405 596 1432 ab
610 1405 663 1432 illis
676 1405 856 1432 nominatum.
866 1403 961 1432 Omnia

181 1452 253 1479 enim
268 1451 303 1479 ab
319 1452 377 1487 ipso
388 1452 523 1487 pendent,
541 1456 669 1487 tanquam
683 1459 697 1478 a
710 1458 794 1479 causa
810 1450 918 1485 quidem
936 1456 961 1477 et

182 1497 327 1533 principio,
353 1498 480 1526 omnibus
506 1498 651 1526 essentiam
671 1497 876 1532 suppeditante,
902 1500 963 1523 tau-

181 1551 264 1578 quam
280 1552 295 1570 a
313 1544 365 1571 line
386 1551 462 1578 vero,
477 1550 506 1572 ut
524 1544 571 1579 qui
592 1544 700 1572 illorum
713 1551 772 1571 esse
782 1543 912 1570 continet.
931 1542 964 1569 Et

1014 959 1091 986 οὐδὲν
1103 959 1157 986 τῶν
1166 959 1261 986 ὄντων.

1049 1047 1064 1083 §
1077 1046 1130 1074 VII.
1144 1046 1237 1080 Οὕτως
1252 1044 1298 1075 οὖν
1309 1049 1342 1083 τῇ
1358 1047 1468 1075 πάντων
1485 1048 1558 1084 αἰτίᾳ
1572 1049 1619 1076 καὶ
1632 1049 1703 1085 ὑπὲρ
1715 1050 1805 1077 πάντα

1013 1092 1080 1129 οὔσῃ
1093 1093 1180 1121 καὶτὸ
1193 1093 1332 1130 ἀνώνυμον
1345 1094 1506 1129 ἐφαρμόσει,
1531 1095 1591 1122 καθ’
1603 1095 1618 1122 ὅ
1630 1095 1700 1130 ὑπὲρ
1714 1096 1804 1122 πάντα

1013 1139 1082 1172 ἐστὶ,
1098 1139 1144 1166 καὶ
1161 1139 1236 1166 οὐδὲν
1249 1138 1359 1166 τούτων.
1384 1139 1439 1166 Καὶ
1453 1139 1533 1166 πάλιν
1552 1140 1639 1167 πάντα
1653 1140 1804 1176 ἐφαρμόσει

1013 1184 1048 1212 τὰ
1060 1185 1113 1212 τῶν
1128 1185 1213 1212 ὄντων
1224 1185 1354 1221 ὀνόματα,
1369 1185 1430 1212 καθ’
1438 1186 1452 1212 ὃ
1465 1186 1540 1213 αἰτία
1555 1186 1663 1213 πάντων
1675 1186 1744 1217 ἐστὶ,
1755 1187 1805 1212 καὶ

1015 1231 1174 1266 μετέχουσιν
1184 1231 1270 1267 αὐτῆς
1278 1231 1415 1266 ἀναλόγως
1428 1232 1463 1258 τὰ
1475 1233 1575 1265 πάντα,
1589 1232 1711 1268 ἀκριϐῶς
1721 1232 1804 1269 οὔσης

1013 1277 1140 1304 ἁπάντων
1152 1277 1300 1313 βασιλείας,
1313 1278 1351 1310 ὡς
1363 1277 1402 1314 τῷ
1416 1278 1465 1314 μὲν
1479 1278 1614 1314 ἀξιώματι
1629 1279 1806 1316 ὑπεξῃρημέ-

1014 1332 1073 1359 νης,
1088 1325 1135 1351 καὶ
1157 1324 1194 1360 μὴ
1213 1324 1268 1351 ἀπό
1280 1333 1352 1357 τινος
1366 1325 1579 1361 ὀνομαζομένης,
1592 1327 1626 1362 τῇ
1647 1326 1677 1353 δὲ
1689 1326 1805 1362 προνοίᾳ

1014 1370 1061 1397 καὶ
1074 1371 1108 1405 τῇ
1121 1371 1220 1406 συνοχῇ
1234 1370 1310 1402 ἐντὸς
1329 1370 1422 1406 οὔσης,
1444 1372 1492 1398 καὶ
1507 1372 1555 1398 ἀπ’
1569 1372 1659 1398 αὐτῶν
1675 1372 1806 1407 ὀνομαζο-

1016 1415 1109 1452 μένης.
1134 1416 1226 1443 Πάντα
1240 1416 1294 1452 γὰρ
1313 1417 1398 1452 αὐτῆς
1420 1417 1566 1453 ἐξήρτηται
1582 1417 1620 1450 ὼς
1634 1417 1741 1450 αἰτίας’
1756 1418 1805 1445 καὶ

1014 1462 1102 1497 ἀρχῆς
1117 1462 1177 1497 μὲν,
1189 1461 1228 1494 ώς
1245 1462 1277 1489 τὸ
1291 1460 1360 1489 εἶναι
1376 1463 1588 1499 παρασχομένης
1599 1471 1607 1478 ο
1623 1463 1738 1499 πέρατος
1764 1464 1803 1495 δὲ,

1015 1507 1053 1539 ὡς
1074 1506 1104 1534 τὸ
1128 1505 1198 1534 εἶναι
1225 1507 1398 1543 συνεχούσης.
1421 1508 1476 1535 Καὶ
1493 1508 1562 1544 αὺτή
1576 1509 1644 1540 ἐστι,
1666 1508 1739 1535 κατά
1758 1509 1804 1535 τδν

1016 1553 1086 1580 θεῖον
1099 1554 1257 1588 ἀπόστολον,
1268 1554 1304 1581 τὰ
1315 1554 1404 1581 πάντα
1417 1555 1446 1581 ὲν
1461 1555 1553 1587 πᾶσιν,
1574 1554 1722 1587 ὐποονιάτις
1736 1555 1805 1582 παν-

182 1590 241 1625 ipse
253 1595 305 1622 est,
322 1594 350 1618 ut
370 1590 408 1618 ait
430 1591 585 1626 Scriptura,
599 1590 687 1617 omnia
701 1591 727 1616 in
743 1589 862 1617 omnibus
877 1593 902 1621 π,
916 1588 962 1623 qui

1016 1609 1077 1632 των,
1093 1601 1139 1628 καὶ
1152 1600 1263 1637 ἀρχικὴ,
1277 1601 1325 1627 καὶ
1336 1601 1493 1637 τελειωτική
1507 1610 1515 1614 ·
1535 1601 1585 1628 οὐκ
1596 1601 1676 1629 ἄλλου
1690 1602 1739 1637 μὲν
1752 1602 1803 1637 ἀρ-

183 1643 281 1666 cuncta
299 1637 364 1665 facit
379 1637 540 1670 subsistere,
558 1643 686 1672 tanquam
710 1637 872 1672 principium
887 1641 914 1664 et
929 1635 963 1662 ﬁ-

182 1685 241 1717 nis;
257 1692 309 1711 non
322 1684 401 1720 quasi
414 1684 483 1712 alius
493 1684 602 1720 quidem
617 1683 740 1719 incipiat,
754 1683 812 1719 ipse
822 1691 887 1710 vero
903 1689 965 1718 per-

182 1730 257 1758 iiciat
272 1731 315 1758 vel
330 1731 406 1766 quasi
427 1731 484 1766 ipse
505 1731 551 1758 det
567 1730 686 1762 initium,
714 1735 742 1757 et
765 1729 799 1757 ad
814 1729 899 1756 alium
923 1735 965 1756 re-

183 1777 284 1811 mittat,
299 1777 345 1812 qui
363 1777 496 1812 periiciat.
521 1776 638 1813 ipsemet
664 1781 703 1803 est
721 1776 766 1810 qui
788 1775 912 1803 continet
937 1781 965 1802 et

183 1822 397 1858 custodit,quasi
419 1822 585 1850 domicilium
602 1821 736 1849 exsistcns
751 1825 779 1847 et
791 1827 902 1848 sacrum
917 1820 966 1848 ha-

183 1869 342 1897 bitaculum.
367 1868 415 1896 Est
430 1868 488 1896 haec
511 1868 618 1903 phrasis
639 1866 804 1903 graecanica;
831 1866 965 1893 convertit

183 1915 255 1943 enim
271 1915 305 1942 ad
321 1922 351 1942 se
363 1919 529 1947 creaturam,
551 1914 645 1941 dicens
658 1921 665 1939 :
686 1912 792 1940 Maneto
803 1913 831 1940 in
842 1921 882 1940 me
894 1917 925 1945 x;
939 1917 966 1940 et

182 1963 282 1990 iterum
299 1961 368 1994 :Qui
382 1962 614 1988 manducatmeam
629 1969 744 1991 carnem.
763 1965 787 1987 et
804 1961 867 1987 bibit
880 1968 965 1987 meum

184 2009 349 2043 sanguinem,
375 2009 404 2034 in
428 2016 468 2035 me
493 2012 580 2034 manet
596 2011 621 2033 γ.
646 2007 877 2040 Quemadmodum
893 2006 965 2033 enim

183 2062 277 2082 sumus
287 2054 362 2081 velut
373 2054 503 2088 templum
520 2053 590 2088 ejus,
606 2053 684 2088 juxta
700 2053 764 2079 illud
782 2060 789 2078 :
807 2051 966 2079 [inhabitabo

182 2102 211 2128 in
224 2101 278 2128 illis
288 2120 296 2134 ,
309 2106 333 2127 et
347 2100 517 2126 iuambulubo
537 2103 548 2117 ι
562 2107 570 2125 :
584 2099 620 2125 ita
635 2100 718 2126 etiam
733 2098 790 2132 ipse
807 2098 903 2125 domus
917 2105 968 2125 no-

183 2153 239 2176 stra
257 2151 309 2174 est.
327 2146 410 2173 Recte
421 2150 512 2172 autent
527 2145 620 2172 statim
637 2144 779 2179 subjunxit
801 2143 884 2171 unite.
897 2143 965 2171 Cum

183 2194 257 2221 cnim
272 2193 385 2220 dixisset
397 2192 482 2227 ipsum
493 2199 554 2219 esse
563 2193 652 2218 omnia
666 2191 730 2218 etin
742 2191 802 2226 ipso
813 2190 916 2223 omnia,
931 2197 966 2218 ne

183 2239 246 2273 quis
261 2238 429 2265 existimaret
446 2237 537 2264 omnia
557 2237 584 2264 in
613 2238 667 2264 Deo
683 2237 830 2264 acervatim
849 2237 967 2264 circum-

184 2284 261 2315 i'crri,
274 2288 357 2318 atque
372 2284 433 2310 inde
448 2283 622 2318 incorporeas
633 2282 764 2318 quasdam
775 2282 856 2318 313
865 2282 967 2308 divisas

183 2335 211 2357 ct
239 2330 404 2364 compositas
428 2329 571 2364 opiniones
598 2329 750 2361 incideret,
780 2329 963 2363 suspicionem

184 2381 256 2407 hanc
269 2378 409 2412 corrigens
425 2377 462 2403 ait
474 2376 558 2408 unite,
574 2376 652 2410 quasi
669 2384 721 2402 non
739 2375 873 2410 partititn,
895 2381 922 2402 et
938 2377 963 2403 in

185 2425 294 2460 propria
303 2425 419 2455 unitate,
435 2424 499 2457 quin
513 2423 602 2457 potius
621 2429 701 2457 supra
716 2423 845 2450 unitatem
860 2430 965 2457 perma-

184 2480 252 2499 nens
267 2471 437 2499 estomnium
449 2469 628 2501 domicilium;
643 2469 707 2503 quin
719 2469 800 2496 etiam
820 2470 964 2502 incompre-

183 2521 274 2549 Itense.
288 2518 315 2545 id
333 2523 375 2545 est
389 2525 404 2544 a
426 2517 536 2544 nemine
548 2515 764 2550 c0mprchcnsus
780 2520 829 2542 aut
844 2516 965 2543 circum-

181 2565 315 2599 scriptus;
331 2564 372 2591 vel
394 2563 486 2598 potius
508 2563 615 2594 eximie,
633 2569 696 2589 nam
713 2566 755 2589 est
770 2567 846 2589 extra
861 2562 965 2589 omnia.

183 2612 322 2645 Siquidem
338 2618 390 2637 non
402 2614 505 2637 tantum
521 2617 601 2637 causa
612 2613 653 2637 est
663 2608 858 2643 compiexiouis
873 2615 966 2636 eorum

182 2665 242 2691 qua:
258 2655 418 2691 simpliciter
433 2660 508 2688 sunt,
530 2655 570 2683 vel
583 2656 644 2683 vitae
660 2655 821 2686 viventium,
846 2654 886 2682 vel
901 2662 965 2686 per-

182 2702 309 2730 i'eclionis
336 2702 500 2737 spiritalium
527 2709 560 2729 ac
583 2701 755 2728 rationaiium
771 2700 963 2732 essentiarum,

185 2749 263 2783 quasi
273 2753 350 2776 extra
365 2749 415 2776 has
429 2752 548 2781 maneat,
564 2753 594 2776 ut
614 2748 648 2776 ab
661 2748 703 2775 his
717 2747 782 2775 solis
797 2746 964 2779 nominetur,

221 2846 232 2859 ν
248 2842 317 2869 Psai.
333 2850 369 2874 Ci,
385 2842 430 2870 ‘28.

186 2879 197 2900 ῐ
213 2876 287 2906 Juan.
303 2886 341 2911 νι,
357 2878 401 2905 57.
441 2883 452 2896 ι
471 2877 490 2904 ii
503 2878 567 2905 (lor.
586 2884 623 2909 η,
645 2877 676 2903 Ili

471 2848 481 2860 ε
499 2840 530 2867 iii
545 2840 612 2876 iieg.
635 2848 692 2870 xix.
706 2840 748 2868 12.
789 2841 796 2859 ι
811 2840 830 2868 ΙΙ
844 2840 906 2869 Cor.
923 2847 960 2874 Vt,
978 2840 1018 2867 iii.

1016 1647 1129 1682 χομένου
1144 1647 1212 1682 αὐτὴ
1232 1647 1380 1680 τελειοῦσα,
1403 1647 1457 1674 οὐδ’
1469 1647 1539 1682 αὐτὴ
1551 1648 1690 1684 ἀρχομένη
1703 1649 1751 1675 καὶ
1762 1649 1804 1680 είς

1015 1691 1094 1718 ἀλλον
1107 1692 1330 1728 παραπέμπουσα
1341 1691 1387 1718 τὸν
1398 1691 1588 1719 τελειώσαντα.
1601 1692 1674 1728 Λὺτή
1691 1692 1804 1720 ἐστικαὶ

1015 1740 1032 1776 ἡ
1046 1739 1203 1774 συνέχουσα,
1215 1739 1262 1766 καὶ
1273 1740 1290 1774 ἡ
1303 1738 1468 1775 φρουροῦσα,
1494 1740 1542 1766 καὶ
1554 1739 1632 1767 ἑστία
1643 1737 1804 1773 οὗσα,οἱονεὶ

1016 1785 1077 1821 ἱερά
1099 1793 1141 1816 τις
1156 1784 1268 1819 οἴκησις.
1291 1783 1436 1820 Ἑλληνικὴ
1454 1785 1483 1812 δὲ
1502 1786 1519 1820 ἡ
1536 1785 1608 1817 λέξις
1620 1797 1628 1805 -
1642 1785 1803 1821 ἐπιστρέφει

1015 1829 1070 1866 γὰρ
1082 1829 1150 1865 πρὸς
1169 1829 1268 1865 ἑαυτὴν
1285 1829 1335 1865 τὴν
1352 1829 1450 1862 κτίσιν,
1469 1829 1599 1864 λέγουσα·
1619 1830 1748 1858 Μείνατε
1768 1831 1804 1858 ὲν

1015 1875 1098 1910 ἐμοί’
1120 1875 1167 1902 καὶ
1184 1875 1265 1903 πάλιν
1277 1883 1284 1890 ·
1301 1875 1328 1901 Ὁ
1343 1874 1461 1909 τρώγων
1471 1884 1531 1909 μου
1551 1875 1609 1909 τὴν
1628 1875 1738 1910 σάρκα,
1753 1876 1805 1902 καὶ

1016 1922 1112 1949 πίνων
1119 1930 1179 1956 μου
1191 1921 1222 1948 τὸ
1235 1921 1360 1956 αἷμα,ἐν
1373 1920 1437 1955 ἐμοὶ
1448 1920 1542 1955 μένει.
1557 1921 1661 1958 Ὥσπερ
1673 1923 1726 1958 γὰρ
1739 1923 1803 1954 ναὸς

1016 1968 1099 1995 αὑτοῦ
1120 1968 1214 2004 ἐσμεν,
1238 1968 1308 1996 κατὰ
1327 1968 1373 1995 τό·
1395 1969 1555 2002 Ἐνοικήσω
1576 1969 1610 1996 ὲν
1624 1969 1736 2002 αὐτοῖς,
1754 1969 1805 1996 και

1016 2013 1258 2048 ὲμπεριπατήσω·
1273 2014 1344 2042 οὕτω
1367 2014 1415 2041 καὶ
1435 2014 1516 2046 αὐτὸς
1540 2013 1614 2047 οἶκος
1636 2016 1652 2050 ἡ
1658 2015 1716 2051 μῶν
1732 2016 1802 2042 ἐστι.

1017 2060 1114 2092 Καλῶς
1126 2060 1154 2086 δὲ
1166 2060 1247 2092 εὐθὺς
1260 2061 1384 2096 ἐπήγαγε
1396 2061 1427 2088 τὸ
1439 2062 1606 2096 ήνωμένως.
1626 2061 1735 2097 Ἐπειδὴ
1748 2061 1805 2098 γὰρ

1016 2104 1101 2139 εἶπεν,
1116 2106 1195 2134 αὐτὸν
1208 2104 1277 2133 εἶναι
1292 2107 1390 2139 πάντα,
1406 2108 1453 2134 καὶ
1466 2109 1496 2135 ὲν
1509 2107 1583 2143 αὐτῷ
1600 2107 1634 2134 τὰ
1647 2108 1745 2139 πάντα,
1760 2108 1804 2134 ἴνα

1018 2152 1056 2188 μὴ
1066 2153 1149 2189 νοήσῃ
1156 2161 1198 2185 τις
1207 2154 1313 2180 ἅπαντα
1326 2153 1444 2189 σωρηδὸν
1451 2155 1481 2181 ὲν
1491 2153 1528 2189 τῷ
1535 2153 1594 2189 θεῷ
1605 2153 1803 2190 συμφέρεσθαι,

1017 2197 1140 2224 ἐντεῦθεν
1153 2197 1181 2224 δὲ
1193 2198 1233 2230 είς
1249 2198 1407 2234 σωματικὰς
1428 2198 1554 2230 ὑπονοίας
1573 2197 1691 2233 ἐμπέσῃ,
1709 2205 1806 2233 μερισ-

1022 2244 1088 2280 μοὺς
1099 2252 1174 2276 τινας
1194 2244 1242 2270 καὶ
1265 2243 1413 2276 συνθέσεις,
1429 2243 1587 2279 Θεραπεύων
1600 2243 1650 2278 τὴν
1664 2243 1804 2273 ὑπόνοιαν.

1019 2291 1102 2326 φησὶν
1118 2291 1285 2325 ἡνωμένως,
1309 2291 1390 2318 οἱονεὶ
1409 2290 1531 2327 ἀμερῶς,
1545 2291 1591 2317 καὶ
1606 2291 1636 2316 ὲν
1657 2291 1690 2325 τῇ
1715 2290 1805 2325 οἰκείᾳ.

1019 2335 1102 2368 ἐνάδι,
1119 2335 1216 2370 μᾶλλον
1231 2336 1270 2367 δὲ,
1282 2336 1330 2362 καὶ
1343 2335 1414 2371 ὑπὲρ
1426 2337 1475 2371 τὴν
1489 2335 1580 2367 ἐνάδα,
1596 2335 1713 2370 μένουσα
1727 2335 1805 2361 ἑστία

1018 2381 1072 2407 τῶν
1083 2381 1191 2407 πάντων
1208 2381 1291 2413 ἐστὶν,
1305 2381 1375 2408 ἀλλὰ
1386 2382 1432 2408 καὶ
1442 2381 1590 2415 ἀσχέτως,
1612 2381 1672 2407 ἀντὶ
1694 2380 1742 2407 τοῦ
1756 2381 1803 2407 ὑπ’

1018 2426 1123 2462 οὐδενὸς
1142 2426 1340 2462 κατεχομένηῆ
1362 2426 1582 2462 περιγραφομένη
1594 2433 1601 2440 ·
1628 2425 1804 2462 ὲξῃρημένως

1018 2474 1046 2500 δὲ
1056 2473 1166 2509 μᾶλλον,
1180 2473 1232 2505 ἔξω
1244 2473 1298 2508 γάρ
1310 2474 1367 2500 ἐστι
1378 2473 1432 2499 τῶν
1445 2473 1581 2500 ἁπάντων.
1605 2473 1642 2499 Οὐ
1655 2472 1709 2508 γὰρ
1723 2473 1804 2508 μόνον

1016 2520 1091 2547 αἰτία
1117 2520 1176 2546 ἐστι
1191 2519 1305 2554 συνοχῆς
1325 2518 1380 2545 τῶν
1401 2518 1495 2551 ἁπλῶς
1509 2518 1604 2550 ὄντων,
1620 2518 1637 2554 ἢ
1655 2518 1729 2553 ζωῆς
1747 2518 1803 2545 τῶν

1016 2566 1134 2599 ζώντων,
1154 2565 1171 2600 ἢ
1183 2565 1348 2597 τελειώσεως
1368 2564 1423 2591 τῶν
1432 2564 1533 2600 νοερῶν
1552 2565 1601 2591 καὶ
1621 2563 1738 2598 λογικῶν
1755 2565 1802 2591 οὺ-

1017 2611 1099 2638 σιὼν·
1117 2610 1191 2646 μένει
1208 2611 1237 2637 δὲ
1254 2611 1306 2644 ἔξω
1324 2610 1436 2643 τούτων,
1457 2610 1502 2637 ῐνα
1523 2610 1577 2637 ἀπὸ
1599 2610 1701 2637 τούτων
1722 2609 1801 2646 μόνον

1015 2656 1183 2692 ὀνομάζοιτο,
1205 2657 1333 2692 συνοχεὺς
1352 2656 1443 2692 τυχὸν,
1464 2655 1531 2692 ζωὴ,
1545 2656 1593 2683 καὶ
1612 2656 1768 2688 τελείωσιςο
1783 2656 1800 2691 ἢ

1017 2703 1063 2730 καὶ
1082 2703 1127 2737 ἀφ’
1140 2702 1236 2738 ἐτέρας
1249 2703 1385 2738 προνοίας,
1404 2702 1567 2738 δημιουργὸς
1589 2701 1669 2734 ἴσως,
1683 2710 1801 2728 παντεπ-

1019 2749 1115 2784 όπτης,
1130 2747 1328 2784 φιλάνθρωπος.
1342 2747 1546 2782 παντοκράτωρ,
1561 2748 1608 2774 καὶ
1622 2746 1657 2774 τά
1676 2747 1798 2778 τοιαῦτα,

1295 2844 1307 2857 ν
1321 2839 1330 2867 ι
1343 2839 1406 2868 Cor.
1424 2846 1468 2871 xv,
1489 2837 1532 2866 ‘18.

1058 2846 1070 2859 υ
1087 2838 1255 2871 Joan.t,10.
1295 2839 1406 2868 'iCor.
1424 2846 1468 2871 xv,
1489 2837 1532 2866 ‘18.
1574 2845 1583 2858 ι
1603 2836 1681 2865 .ioan.
1706 2846 1750 2871 xv,
1773 2838 1797 2866 ι,
