1929 3068
93 176 147 204 ore

375 177 420 205 DE
435 177 563 207 DlVlNlS
579 178 778 212 NOMINIBUS,
798 179 874 208 CAP.
894 179 915 208 1.
933 195 967 200 -
984 180 1157 209 ΡΑιιΑΡιιιι.
1176 181 1412 210 ΡΔΟΙΙΥΜΕΒίΕ.

1676 184 1726 212 054

92 233 110 260 ἃ.
124 233 157 269 δὴ
169 233 202 260 ἐκ
216 233 265 269 τῆς
276 233 366 266 αἰτίας
381 235 428 261 καὶ
440 234 490 270 τῆς
504 235 633 270 προνοίας
644 235 875 271 ὀνομασθήσονται

940 237 1085 264 continens
1099 245 1125 263 v.
1137 244 1164 272 ε.
1182 237 1234 264 vita
1247 242 1274 265 et
1288 239 1433 274 perfectio,
1451 241 1492 268 vel
1507 241 1542 268 ab
1556 241 1610 269 alia
1634 244 1729 277 provio

91 279 149 306 ἀλλ’
163 280 225 306 ἐπεὶ
242 281 289 307 καὶ
308 281 397 308 πάντα
408 281 472 307 ὅντα
484 281 577 313 ἁπλῶς
590 282 638 308 καὶ
651 282 820 314 ἀσυνθέτως,
836 282 884 309 καὶ

91 325 300 361 ἀπεριορίστως,
314 327 361 352 καὶ
372 327 534 362 ἀκρατήτως
550 328 579 354 ἐν
593 328 662 363 αὐτῇ
677 327 714 363 μὴ
727 328 807 363 μόνον
820 336 884 354 συν-

91 371 160 406 έχει,
179 371 247 398 ἀλλὰ
267 372 315 398 καὶ
333 373 481 408 προείληφε
504 374 564 405 ταῖς
585 374 733 409 ἀγαθότησι
754 374 804 409 τῆς
817 383 885 401 παν-

90 417 179 444 αιτίου
205 418 346 452 προνοίας·
367 418 436 455 αὑτὴ
463 420 518 455 γὰρ
539 421 613 447 ὲστιν
635 421 655 455 ἠ
687 420 827 448 καλοῦσα
847 421 884 449 τὰ

87 463 132 498 μὴ
149 463 222 490 ὄντα
233 464 274 498 ὡς
287 465 368 492 ὄντα.
389 465 573 501 Ἐναρμονίως
587 466 641 502 ἄρα
649 467 695 493 καὶ
704 466 881 502 καταλλήλως

90 510 124 537 ὲκ
133 510 243 537 πάντων
257 511 312 538 τῶν
331 511 416 538 όντων
430 512 555 547 ὑμνεῖται
567 513 615 540 καὶ
633 512 797 548 ὀνομάζεται
811 511 880 547 φῶς,

90 555 174 592 ὕδωρ,
188 556 255 593 πῦρ,
269 557 374 594 δρόσος,
388 558 498 594 νεφέλη,
511 560 558 586 καὶ
572 559 607 586 τὰ
619 560 741 586 τοιαδτα.

935 282 1026 309 deutia
1041 289 1068 308 ν.
1081 290 1108 316 g.
1121 287 1230 310 creator
1240 289 1337 311 cuncta
1354 293 1484 319 cernens,
1499 287 1640 314 hominum
1653 295 1729 314 ama-

936 333 990 360 tor,
1004 328 1190 362 omnipotens,
1204 332 1272 361 etc.;
1285 337 1346 364 quae
1359 333 1469 359 uouiiua
1486 332 1585 367 partim
1600 341 1614 359 a
1633 340 1727 366 causa,

935 374 1033 409 partim
1047 382 1062 400 ,ι
1076 374 1245 408 providentia
1260 375 1456 410 desumuntur;
1472 378 1518 405 sed
1530 378 1601 413 quod
1617 379 1729 405 univer—

934 427 964 447 sa
982 420 1154 456 simpliciter,
1168 425 1196 448 et
1208 421 1388 457 incomposite
1398 428 1443 457 ,et
1470 423 1629 457 indelinite,
1645 425 1710 452 etin
1720 440 1727 446 -

934 467 1041 494 victein
1053 467 1199 502 semetipso
1207 475 1259 495 non
1271 468 1358 496 solum
1370 470 1520 502 contineat,
1536 479 1629 499 verum
1643 472 1726 500 etiam

935 513 1106 548 anticiparit,
1122 514 1291 542 bonitatibus
1314 515 1400 550 ipsius
1421 517 1562 545 hominum
1577 517 1724 547 eliectricis

937 559 1124 594 providentiae.
1144 559 1207 587 Hinc
1222 560 1295 588 enim
1311 567 1354 588 est
1376 570 1438 597 quae
1459 569 1534 590 vocat
1551 572 1582 591 ea
1595 573 1655 599 quis
1673 573 1727 592 non

89 609 166 635 sunt,
187 609 313 638 tanquam
330 613 362 633 ea
373 613 432 640 qua:
444 612 506 634 sunt
529 613 554 635 ι.
568 606 697 643 ϐοηιιηιο
715 607 798 642 igitur
822 607 945 636 vicissim
957 614 1067 643 quoque
1079 615 1114 635 ex
1128 608 1209 635 rebus
1237 609 1367 636 omnibus
1389 609 1515 636 laudatur
1545 618 1578 638 ac
1600 611 1725 638 nomina-

92 655 136 677 tur
155 650 215 683 lux,
227 659 311 686 aqua,
331 652 413 687 ignis,
430 661 484 687 ros,
499 654 596 685 nubes.
610 658 667 682 etc.

126 697 140 733 §
159 697 226 726 VIII.
246 699 300 726 Καὶ
314 699 347 735 δὴ
365 700 403 736 μὴ
418 701 498 736 μόνον
510 701 612 732 ταύτας
625 700 675 733 τὰς
689 700 842 737 θεωνυμίας
856 701 881 727 ol

89 742 209 779 θεολόγοι
216 745 355 778 δοξάζουσι
361 747 411 779 τὰς
417 748 473 775 τῶν
479 748 619 775 παπελῶν
625 757 707 784 προνο
710 749 756 776 ιῶν
761 749 816 776 τῶν
823 757 888 785 προ-

66 825 69 829 .
89 791 254 828 νοουμένων,
268 790 323 819 οἷον
331 793 363 820 τὸ
371 793 511 826 Βασιλεὺς,
518 795 549 821 τὸ
556 795 684 831 Ποιητής,
692 795 723 822 τὺ
731 795 887 831 Παντοκρά-

971 699 985 736 §
1005 698 1070 726 Vill.
1092 699 1172 735 Atqui
1189 699 1305 735 theologi
1321 707 1374 728 non
1391 699 1449 729 hmo
1463 701 1550 729 solum
1564 702 1658 730 divina
1673 710 1725 729 no-

936 746 1008 774 mina
1024 745 1174 780 celebrant,
1199 754 1261 780 qum
1282 748 1316 775 ab
1330 748 1532 776 universalibus
1549 756 1641 776 rerum
1657 757 1724 784 pro-

935 792 1054 819 visarum
1077 792 1256 826 providentiis
1278 793 1426 825 ducuntur,
1452 798 1480 820 ut
1508 793 1577 826 Rex,
1596 795 1722 829 Creator,

87 845 146 872 τωρ
155 844 164 852 ⁸
178 836 264 864 ταῦτα
275 837 330 873 γὰρ
342 838 397 866 τῶν
411 839 509 867 κοινῶν
523 841 667 876 προνοῶν·
678 842 725 868 καὶ
740 841 822 869 πάλιν
833 841 875 868 τὰ(

934 837 1132 872 Omnipotens;
1149 838 1206 865 lucc
1221 838 1293 865 enim
1315 839 1424 866 nomina
1442 844 1505 866 sunt
1520 839 1618 867 divina:
1631 839 1724 868 Provi-

87 883 143 910 ἀπὺ
158 883 214 910 τῶν
226 884 347 919 μερικῶν
362 886 505 921 προνοῶν,
513 887 552 919 ὡς
559 887 599 920 τὸ,
606 888 673 920 Θεὸς
680 887 734 914 τῶν
741 888 821 921 θεῶν,
831 889 875 915 καὶ

929 883 1028 910 (lentia:
1045 883 1071 910 in
1088 890 1197 918 genere.
1212 882 1244 910 Et
1269 891 1377 911 rursum
1393 891 1453 919 quae
1477 892 1492 911 ιι
1512 886 1723 919 particularibus

88 929 190 966 Κύριος
201 930 256 957 τῶν
267 931 378 967 κυρίων,
391 933 439 959 καὶ
453 933 584 966 Βασιλεὺς
597 934 652 961 τῶν
664 934 860 970 βασιλευόντων
869 943 877 951 ⁶

85 975 173 1003 ταῦτα
186 976 240 1013 γὰρ
254 977 308 1004 τῶν
321 978 443 1013 μερικῶν
455 979 509 1006 εἱσι
522 980 665 1015 προνοῶν,
686 981 733 1008 καὶ
746 981 792 1007 ἐπι
805 989 877 1008 τισι·

88 1022 127 1058 μὴ
142 1022 222 1058 μόνον
233 1021 280 1050 οὖν
293 1024 343 1056 τὰς
355 1024 410 1051 ἀπὸ
423 1024 525 1053 τούτων
545 1025 698 1063 θεωνυμίας
711 1027 878 1061 δοξάζουσιν,

86 1069 156 1096 ἀλλά
167 1070 214 1096 καὶ
226 1070 280 1097 ἀπό
291 1079 371 1098 τινων
385 1071 458 1097 ἔστιν
471 1072 516 1098 ὅτε
529 1072 608 1099 θείων
624 1073 784 1109 φασμάτων·
797 1073 879 1100 οἱονεὶ

85 1114 141 1141 τῶν
163 1115 192 1141 ὲν
213 1115 357 1151 συμϐόλοις
377 1115 574 1151 ἀποκαλύψεων
591 1116 646 1143 τῶν
665 1117 694 1143 έν
721 1119 777 1149 τοῖς
797 1117 879 1152 ιεροϊς

86 1159 257 1196 ἀνακτόροις,
267 1161 350 1196 ἤγουν
358 1163 442 1194 ναοῖς,
449 1162 664 1198 ἐμφαινομένων·
673 1162 810 1199 ἀνάκτορα
824 1162 879 1197 γὰρ

86 1205 202 1232 ἐκάλουν
212 1207 238 1232 οἱ
251 1206 381 1242 Ἕλληνες
392 1207 446 1234 τῶν
458 1209 523 1243 παρ’
535 1208 626 1239 αὐτοῖς
642 1207 710 1234 θεῶν
721 1207 756 1234 τὰ
766 1207 876 1242 τεμένη.

93 1251 269 1288 Ὀνομάξουσι
277 1252 342 1286 γοῦν
348 1252 396 1288 τὴν
405 1253 456 1280 ὑπε
461 1254 532 1290 ρφαῆ
541 1253 706 1289 ἁγαθότητα,
719 1253 766 1280 καὶ
777 1253 878 1284 τύπους

85 1297 281 1333 ἀνθρωπίνους,
294 1298 484 1335 ῆπυρίνους,ἢ
496 1299 669 1335 ὴλεκτρίνους
683 1298 876 1333 περιτιθέασιν,

85 1344 124 1376 ὡς
136 1345 165 1370 έν
175 1344 216 1379 τῷ
234 1344 364 1382 Ἰεζεκιὴλ
377 1345 500 1381 εὓρηται.
518 1345 574 1372 Καὶ
586 1345 666 1373 πάλιν
688 1345 756 1380 μέλη
773 1344 878 1381 ἀνθρώ-

85 1399 152 1418 πινα
170 1390 311 1425 λέγουσιν,
333 1391 371 1424 ὡς
391 1392 420 1418 ὲν
439 1393 495 1424 τοῖς
510 1392 635 1427 Ψαλμοῖς
661 1393 708 1419 καὶ
722 1393 752 1419 ὲν
769 1392 876 1427 ἑτέραις

85 1436 216 1472 Γραφαῖς,
231 1437 269 1469 ὡς
281 1437 327 1465 τό·
345 1439 377 1464 Ol
388 1437 534 1472 ὀφθαλμοὶ
552 1437 646 1464 αὐτοῦ
657 1439 702 1470 εἰς
713 1437 765 1464 τὸν
785 1437 877 1472 πένη-

84 1491 122 1510 τα
134 1483 333 1510 ἐπιϐλέπουσι
342 1491 350 1498 ·
363 1483 411 1510 καὶ
425 1483 455 1510 τό
463 1491 470 1499 ·
485 1485 537 1516 Εις
548 1483 608 1510 ὦτα
619 1484 730 1518 Κυρίου
738 1483 858 1511 Σαϐαὼθ
866 1491 874 1498 ·

85 1529 132 1555 καὶ
145 1528 175 1555 τό
185 1539 192 1544 ι
213 1529 246 1557 Ὴ
267 1528 333 1563 θρὶξ
345 1529 438 1556 αὑτοῦ
453 1529 523 1556 ὡσεὶ
535 1529 625 1563 ἔριον·
644 1530 691 1556 καὶ
702 1529 741 1558 τό·
757 1530 876 1564 Προσω-

931 929 1109 964 providentiis
1124 934 1281 963 sumuntur,
1296 934 1325 958 ut
1349 930 1420 957 Deus
1440 931 1567 961 deorum.
1583 936 1612 959 et
1629 932 1723 959 Domi-

931 983 982 1003 nus
999 975 1181 1007 dominorum,
1194 981 1221 1002 et
1234 975 1293 1003 Rex
1308 983 1400 1012 regum
1418 985 1425 1003 :
1442 976 1499 1004 haec
1513 977 1586 1004 enim
1612 979 1723 1006 nomina

930 1021 1137 1055 particularium
1152 1027 1215 1049 sunt
1227 1023 1473 1057 providentiarum,
1488 1028 1515 1051 et
1529 1026 1720 1057 quorumdam.

931 1067 988 1094 Non
1002 1067 1082 1102 igitur
1096 1067 1129 1095 ab
1144 1067 1187 1095 bis
1201 1067 1334 1096 duntaxat
1355 1069 1447 1096 divina
1467 1070 1577 1097 nomina
1599 1070 1721 1103 laudant,

930 1113 977 1139 sed
993 1112 1075 1139 etiam
1104 1120 1119 1139 a
1141 1113 1305 1148 quibusdam
1332 1114 1432 1142 divinis
1456 1114 1534 1147 visis,
1556 1123 1616 1150 qua:
1644 1116 1722 1143 verbi

929 1159 1028 1194 gratia,
1039 1158 1184 1193 aliquando
1199 1159 1226 1186 in
1242 1160 1329 1187 sacris
1343 1160 1449 1194 templis
1470 1161 1619 1197 symbolice
1643 1169 1721 1188 reve-

930 1207 983 1233 lata
996 1210 1071 1238 sum,
1087 1207 1113 1233 id
1138 1210 1180 1233 est
1194 1206 1220 1233 in
1236 1207 1342 1242 templis
1366 1213 1569 1243 apparuerunt;
1584 1207 1721 1243 ἀνάκτορα

929 1253 1002 1279 enim
1027 1252 1144 1288 gentiles
1166 1253 1303 1280 vocabant
1325 1255 1438 1282 deorum
1461 1263 1572 1281 suorum
1596 1255 1721 1282 delubra.

929 1297 1076 1324 Nominant
1090 1297 1181 1332 itaque
1194 1305 1359 1334 supraqnant
1382 1299 1500 1327 lucidam
1528 1300 1680 1327 bonitatem
1694 1305 1724 1327 et

930 1345 1063 1371 humanas
1078 1343 1190 1379 ﬁguras,
1206 1344 1263 1372 sive
1279 1345 1386 1380 igneas,
1399 1346 1456 1372 sive
1468 1346 1615 1372 electrinas
1629 1346 1653 1373 ei
1667 1347 1724 1373 cir-

929 1394 1108 1425 «unponunt,
1121 1390 1193 1417 sicut
1206 1391 1232 1418 in
1249 1390 1391 1418 Ezechiele
1417 1392 1562 1426 reperitur.
1576 1391 1610 1418 Et
1626 1399 1722 1419 rursus

929 1436 1046 1462 humana
1064 1435 1185 1462 membra
1210 1435 1348 1466 referunt.
1364 1440 1392 1462 ut
1417 1436 1444 1463 in
1466 1435 1582 1464 Psalmis
1606 1436 1721 1472 aliisque

929 1479 1089 1514 Srripturis,
1102 1479 1179 1514 juxta
1195 1479 1261 1507 illud
1277 1490 1283 1508 ι
1301 1480 1379 1507 Oculi
1400 1481 1457 1516 ejus
1477 1490 1557 1516 super
1578 1490 1722 1517 pauperem

929 1527 1070 1560 respiciunt
1085 1526 1114 1558 1';
1127 1531 1154 1554 et
1177 1527 1242 1554 illud
1259 1538 1265 1555 :
1280 1526 1314 1554 In
1335 1536 1414 1555 aures
1436 1528 1541 1555 Domini
1559 1529 1674 1556 Sabaoth
1690 1535 1721 1562 c;

84 1583 144 1602 πον
155 1575 190 1602 δὲ
208 1575 318 1609 Κυρίου
342 1575 391 1602 ἐπὶ
408 1575 569 1608 ποιοῦντἰις
588 1575 681 1603 κακά·
702 1577 749 1603 καὶ
769 1576 800 1603 τό
812 1585 819 1592 ·
840 1578 875 1603 Al

928 1578 955 1598 et
969 1571 1034 1599 illud
1048 1580 1055 1599 :
1074 1572 1171 1606 Capilli
1186 1572 1243 1607 ejus
1256 1574 1333 1608 quasi
1348 1573 1410 1600 luna
1426 1573 1439 1593 ει
1452 1583 1459 1607 ;
1476 1579 1503 1601 et
1519 1574 1583 1601 illud
1598 1583 1605 1601 :
1621 1574 1717 1602 Facias

84 1621 182 1656 χεῖρές
199 1629 257 1648 σου
277 1621 427 1655 ἐποίησάν
436 1630 492 1656 με·
514 1620 561 1648 καὶ
573 1622 619 1649 τό·
649 1623 700 1649 Ἐν
710 1622 772 1656 τοῖς
787 1631 877 1657 μεταρ-

83 1667 204 1703 φρένοις
216 1668 310 1695 αὐτοῦ
323 1667 493 1695 ἐπισκιάσει
502 1675 550 1694 σοι
558 1675 566 1683 ι
579 1668 626 1695 καί
637 1677 643 1684 ·
664 1669 714 1695 Ἑν
729 1668 767 1703 τῇ
777 1668 875 1703 σκέπῃ

83 1713 142 1742 τῶν
156 1715 309 1749 πτερύγων
322 1722 380 1741 σου
395 1714 559 1748 σκεπάσεις
573 1723 611 1749 με
620 1723 628 1730 ο
641 1715 688 1742 καὶ
697 1715 728 1742 τό
737 1724 743 1730 ·
763 1715 794 1742 '0
801 1715 877 1749 βρα-

83 1761 158 1794 χίων
171 1768 228 1787 σου
241 1761 359 1787 ἔσωσεν
373 1760 493 1793 αὐτοὺς,
516 1761 563 1787 καὶ
581 1759 616 1787 τὰ
634 1760 743 1788 ὀπίσθια
761 1761 875 1796 Κυρίου,

82 1803 120 1833 ὧν
134 1805 237 1842 ἠξιώθη
251 1806 371 1841 Μωῡσῆς
380 1815 387 1821 ·
406 1806 454 1833 καὶ
470 1806 501 1833 τό
511 1815 517 1822 ·
535 1807 691 1834 Ἤκουσαν
703 1805 759 1840 τῆς
772 1807 876 1841 φωνῆς

83 1852 196 1886 Κυρίου
215 1851 449 1886 περιπατοῦντος
467 1852 503 1879 ἑν
525 1851 565 1885 τῷ
585 1852 765 1886 παραδείσῳ.
791 1853 875 1880 Πάλιν

83 1896 233 1931 στεφάνους
262 1895 464 1932 περιτιθέασιν,
491 1896 528 1928 ὡς
549 1896 595 1922 τό·
619 1897 799 1932 Εὑλόγησον
821 1896 876 1924 τὸν

82 1942 236 1977 στέφανον
247 1942 300 1977 τῆς
321 1942 524 1976 χρηστότητός
538 1949 596 1969 σου
608 1951 615 1958 ³
636 1943 684 1970 καὶ
702 1942 823 1978 θρόνους,
837 1943 875 1975 ὡς

81 1988 113 2016 τό
122 1997 129 2003 ·
152 1988 183 2014 '0
195 1988 301 2022 θρόνος
313 1995 382 2021 σου,
401 1989 419 2015 ὁ
436 1987 517 2020 Θεὸς,
525 1989 569 2021 εις
583 1987 636 2014 τὸν
648 1987 755 2015 αἰῶνα·
771 1989 818 2016 καὶ
826 1997 875 2015 πο-

81 2035 176 2071 τήρια,
193 2034 231 2066 ὠς
243 2034 274 2061 τό
284 2043 291 2050 ·
305 2033 451 2068 Ποτήριον
468 2034 503 2061 ἐν
517 2034 591 2069 χειρὶ
606 2035 718 2069 Κυρίου
728 2043 735 2050 ·
749 2035 795 2061 καὶ
807 2044 875 2071 κρα-

81 2080 115 2115 τῆ
120 2089 178 2116 ρας,
184 2079 221 2111 ὡς
231 2079 271 2106 τό·
287 2079 429 2114 Ἑκέρασε
437 2079 490 2106 τὸν
498 2079 608 2113 ἑαυτῆς
616 2079 756 2115 κρατῆρα-
766 2089 800 2107 πε
803 2081 830 2117 pi.
836 2077 874 2108 ὧν

82 2124 155 2152 εστιν
166 2126 253 2152 είπεῖν
261 2126 290 2151 ὲν
297 2126 330 2161 τῇ
340 2134 372 2152 συ
376 2125 490 2161 μδολικῇ
502 2125 633 2162 θεολογίᾳ.
643 2126 699 2153 Νῦν
706 2126 745 2160 δὲ,
760 2127 809 2154 ὅσα
819 2128 873 2154 εἰσὶ

81 2172 132 2208 τῆς
149 2171 290 2207 παρούσης
299 2171 492 2207 πραγματείας
508 2172 718 2206 συναγαγόντες,
732 2173 779 2200 καὶ
792 2173 873 2201 οἱονεὶ

82 2218 183 2245 κανόνα
189 2217 224 2244 τὰ
230 2218 291 2254 είρη
296 2218 364 2253 μένα
372 2216 571 2254 προθέντες,ὃτι
578 2218 610 2244 ὲκ
617 2218 671 2244 τῶν
681 2218 764 2247 ὄντων
772 2219 819 2245 καὶ
828 2227 873 2246 κα-

928 1617 1033 1645 Domini
1047 1626 1124 1652 super
1142 1619 1268 1653 facientes
1282 1619 1353 1647 mala
1370 1625 1398 1653 ος
1410 1625 1438 1647 el
1454 1620 1518 1647 illud
1533 1628 1541 1647 ;
1557 1620 1654 1648 Manus
1665 1626 1718 1647 ιιιιι·

926 1663 1045 1697 [eceruru
1070 1671 1111 1690 me
1129 1663 1153 1697 ῖς
1167 1669 1194 1691 et
1217 1664 1282 1692 illud
1302 1673 1309 1692 :
1332 1663 1454 1700 Scapulis
1475 1665 1531 1692 suis
1552 1665 1718 1691 obunbral'it

926 1709 974 1735 tibi
989 1710 1017 1742 Β;
1034 1714 1062 1737 et
1075 1719 1082 1737 :
1094 1709 1150 1737 Sub
1165 1711 1259 1736 umbra
1270 1710 1375 1737 alarum
1387 1716 1492 1737 tuarum
1513 1715 1617 1745 protcge
1635 1710 1716 1742 msh;

925 1759 953 1781 ct
971 1755 1055 1782 illud:
1069 1755 1214 1783 Brachium
1232 1762 1305 1783 tuum
1329 1757 1441 1783 servavit
1465 1764 1509 1783 eos
1524 1757 1549 1788 i;
1575 1762 1603 1784 et
1625 1761 1718 1792 poste-

926 1802 998 1829 riora
1016 1802 1135 1836 Domini,
1151 1804 1250 1838 quibus
1271 1804 1377 1838 Moyses
1394 1803 1492 1838 dignus
1507 1803 1590 1839 31E.
1604 1807 1646 1831 est
1665 1804 1716 1831 lia-

925 1848 997 1876 bitus
1012 1849 1041 1882 Ιι;
1065 1854 1091 1877 et
1109 1857 1118 1876 :
1135 1849 1283 1877 Audierant
1300 1858 1386 1877 vocem
1405 1849 1513 1876 Domini
1540 1848 1716 1876 deambulan-

924 1893 958 1921 ti;
983 1894 1011 1921 in
1036 1895 1161 1929 paradiso
1176 1895 1198 1923 ι.
1225 1895 1330 1923 Rursus
1354 1902 1472 1923 coronas
1494 1895 1717 1931 circumponnm,

921 1938 997 1973 juxta
1012 1940 1075 1967 illud
1092 1949 1099 1968 :
1116 1940 1231 1968 Benedic
1247 1949 1352 1969 corona:
1368 1941 1538 1976 benignitatis
1562 1946 1615 1968 tua:
1630 1945 1666 1973 "‘;
1689 1948 1716 1967 et

923 1987 1012 2019 Sedes,
1026 1987 1103 2021 juxta
1123 1988 1211 2022 illud}:
1225 1987 1345 2015 Tltromts
1361 1992 1435 2021 tuus,
1445 1988 1526 2021 Deus,
1540 1988 1568 2015 in
1586 1988 1715 2015 amulum

922 2033 1013 2060 swculi
1029 2038 1053 2066 η,
1070 2038 1098 2061 et
1120 2034 1231 2067 calices,
1245 2035 1322 2070 juxta
1350 2034 1436 2062 illud:
1453 2034 1532 2062 Calix
1555 2034 1664 2061 Domini
1687 2042 1714 2060 ιιι

923 2087 1003 2106 manu
1017 2079 1073 2114 ejus
1090 2084 1119 2112 ⁰;
1136 2085 1164 2107 et
1178 2085 1311 2113 crateras,
1326 2080 1404 2116 juxta
1426 2080 1491 2107 illud
1508 2089 1515 2106 :
1533 2079 1638 2106 Μὶηιιὶι
1654 2086 1714 2106 cra-

922 2129 1002 2152 terem
1026 2130 1146 2159 auumP;
1171 2126 1204 2153 de
1220 2126 1320 2160 quibus
1346 2126 1490 2153 dicendum
1512 2125 1538 2151 in
1564 2123 1715 2159 symbolica

923 2170 1069 2205 theologia.
1084 2171 1164 2199 Nunc
1178 2179 1270 2199 autem
1285 2179 1346 2207 quae
1360 2171 1501 2207 prmsentis
1518 2171 1633 2198 ittsliluti
1649 2175 1714 2197 sunt

922 2215 1089 2252 colligentes,
1097 2222 1123 2244 et
1130 2226 1161 2244 ea
1170 2225 1230 2253 quae
1240 2218 1312 2246 dicta
1321 2223 1384 2246 sunt
1395 2219 1472 2253 quasi
1482 2218 1602 2252 regulam
1611 2224 1711 2252 propo-

80 2263 237 2299 ταφατικῶς
245 2264 292 2291 καὶ
302 2264 477 2298 ἀποφατικιῖξ
485 2264 516 2290 τὸ
523 2264 600 2291 Θεῖον
611 2263 780 2300 ὀνομάζεται·
789 2273 872 2291 κατα-

928 2268 1029 2295 nentes,
1039 2264 1122 2290 Deum
1131 2271 1164 2290 ex
1176 2264 1210 2291 iis
1220 2272 1281 2299 quae
1296 2269 1370 2296 sunt,
1381 2269 1409 2292 et
1421 2264 1581 2292 allirmative
1591 2268 1619 2291 et
1630 2271 1712 2297 nega-

81 2310 203 2346 φατικῶς
215 2310 265 2345 μὲν
276 2310 314 2342 ὡς
325 2310 411 2337 αἴτιον
423 2311 455 2336 ὲκ
465 2309 520 2336 τῶν
531 2309 661 2336 αἱτιατῶν
672 2328 680 2342 ,
693 2309 870 2344 ἁποφατικῶς

80 2357 160 2390 δὲ,ὡς
170 2357 246 2384 οὐδὲν
256 2356 357 2384 τούτων
365 2356 403 2384 ὅν.
430 2357 475 2383 ἐπὶ
482 2357 531 2392 τὴν
538 2357 699 2392 διασάφησιν
707 2356 761 2383 τῶν
768 2356 870 2392 νοητῶν

80 2402 239 2438 θεωνυμιῶν
253 2403 401 2438 προΐωμεν.
417 2403 473 2429 Καὶ
487 2403 555 2438 ὅπερ
568 2404 633 2438 ἡμῖν
651 2402 698 2429 ἐπὶ
716 2403 790 2440 πάσῃ
808 2402 868 2429 θεο-

78 2449 182 2485 λογίᾳὸ
197 2449 268 2485 ἱερὸς
281 2449 360 2484 νόμος
383 2449 537 2485 ὑφηγεῖται,
552 2450 634 2482 ὁσίως
653 2449 772 2484 βλέπειν,
788 2449 868 2482 ὁσίως

78 2493 178 2528 λέγειν,
193 2494 238 2521 καὶ
248 2495 329 2526 ὁσίως
341 2494 450 2521 ἀκούειν
462 2494 496 2521 τά
512 2495 572 2526 ίερά
581 2503 588 2510 ·
601 2495 687 2527 οὕτως
699 2495 727 2521 ὲν
740 2495 869 2531 θεοτσιικῇ

78 2537 185 2574 διανοίᾳ
195 2538 247 2570 τὰς
257 2538 382 2571 θεοειδεῖς
394 2539 606 2575 ἐποπτεύσωμεν
619 2539 744 2575 θεωρίαςο
757 2540 805 2566 καὶ
815 2537 871 2567 ὦτα

79 2585 102 2611 ιε
107 2583 142 2620 ρὰ
152 2586 212 2617 ταῖς
221 2585 387 2617 ἀναπτύξεσι
395 2585 449 2612 τῶν
459 2585 539 2613 θείων
549 2586 690 2622 ὀνομάτων
702 2586 869 2622 παραθώμε-

77 2630 124 2663 θα,
133 2631 300 2666 ὲνιδρύοντες
310 2632 345 2659 τὰ
356 2632 420 2667 ἅγια
428 2632 505 2667 λογία
514 2634 570 2665 τοῖς
580 2633 668 2667 ἁγίοις
677 2633 738 2667 ὠσὶ,
747 2634 794 2661 καὶ
803 2634 873 2668 ἐξαι-

79 2676 205 2712 ρούμενοι
218 2678 273 2704 τῶν
290 2678 406 2714 ἀνιέρων
418 2679 543 2713 γελώτων
561 2680 607 2706 καὶ
633 2680 807 2716 ἐμπαιγμῶν,
820 2681 868 2714 οὓς

77 2721 180 2756 ἐγέλων
190 2723 215 2749 οι
229 2722 359 2759 Ἕλληνες
367 2725 464 2759 παχεῖς
475 2724 522 2751 καὶ
530 2725 651 2760 σάρκινοι
658 2725 743 2759 ὄντες,
753 2726 866 2754 ἀκούον-

77 2775 141 2800 τες·
164 2767 263 2803 μᾶλλον
292 2769 338 2802 δὲ,
357 2769 418 2796 ἐπεὶ
444 2769 577 2806 θεομαχία
606 2771 729 2806 κρίνεται
748 2772 779 2799 τὸ
797 2773 867 2808 μετά

115 2844 128 2859 ι
142 2837 221 2866 Rom.
237 2847 274 2873 Iv,
291 2840 333 2867 l7.
385 2840 399 2861 b
417 2838 488 2868 Psal.
505 2845 532 2870 ιι,
546 2837 573 2864 5.

613 2843 623 2857 ε
636 2837 693 2865 Jac.
710 2846 737 2872 v,
754 2840 780 2866 4.
818 2839 832 2860 d
848 2840 915 2868 Dan.
932 2850 978 2874 νιι,
990 2844 1016 2870 9.

923 2309 976 2336 tive
987 2309 1169 2344 nominamus.
1182 2310 1348 2339 Alﬁrmative
1358 2312 1484 2347 quidem,
1500 2315 1627 2345 tanquam
1644 2317 1711 2337 cau-

920 2362 978 2381 sam
994 2363 1027 2382 ex
1035 2355 1157 2388 ell'ectis;
1168 2357 1292 2391 negative
1305 2366 1381 2391 vero,
1391 2363 1420 2385 ut
1433 2358 1479 2392 qui
1492 2357 1559 2384 nihil
1572 2357 1607 2384 sit
1616 2364 1712 2384 eorum

920 2409 981 2436 qua:
987 2406 1060 2428 sunt.
1067 2402 1108 2429 Ad
1121 2402 1331 2432 declarationem
1340 2404 1503 2439 spiritalium
1513 2404 1559 2432 Dei
1568 2403 1710 2430 nominum

920 2449 1071 2476 veniamus.
1088 2449 1121 2476 Et
1135 2457 1196 2477 cum
1209 2451 1235 2476 in
1248 2451 1321 2478 omni
1332 2451 1466 2486 theologia
1480 2451 1559 2478 nobis
1576 2450 1619 2477 les
1632 2457 1713 2476 sacra

921 2495 1070 2529 praecipiat,
1088 2501 1182 2523 sancte
1192 2496 1317 2528 videnda,
1328 2502 1423 2524 sancte
1431 2497 1606 2532 prolerenda,
1615 2501 1712 2523 sancte

922 2540 1054 2568 audienda
1070 2548 1132 2569 esse
1144 2549 1236 2576 sacra;
1251 2544 1292 2570 sic
1304 2543 1450 2571 deilormes
1464 2541 1709 2576 contemplatioues

923 2586 1014 2614 divina
1029 2593 1119 2616 mente
1133 2589 1299 2621 intueamur,
1313 2595 1342 2617 et
1356 2596 1450 2617 sacras
1463 2596 1545 2616 aures
1567 2588 1654 2615 sacris
1666 2587 1710 2614 di--

921 2632 1046 2660 vitiorum
1061 2635 1201 2661 nominum
1228 2635 1500 2670 interpretationibus
1515 2633 1709 2664 adhibeamus,

922 2679 1029 2714 eloquia
1043 2685 1137 2708 sancta
1155 2682 1258 2709 sanctis
1273 2683 1386 2709 auribus
1398 2681 1563 2709 instillantes
1576 2685 1604 2708 et
1614 2689 1628 2707 ιι
1645 2688 1708 2714 pro-

922 2725 993 2753 fanis
1017 2726 1189 2754 irrisionibus
1208 2733 1236 2755 et
1256 2728 1427 2756 illusiouibus
1450 2726 1633 2757 vindicantes,
1648 2732 1711 2757 eos.

920 2779 989 2807 quos
1004 2773 1120 2807 gentiles
1137 2773 1175 2801 illi
1190 2774 1276 2802 crassi
1291 2779 1319 2803 et
1338 2774 1473 2807 carnales,
1488 2774 1552 2800 dum
1567 2771 1707 2803 audirent,

1067 2849 1078 2863 ε
1092 2842 1163 2870 Psal.
1178 2851 1279 2875 xxxnt,
1300 2844 1344 2872 l7.
1397 2843 1406 2863 ί
1420 2843 1471 2871 Job
1487 2852 1514 2872 ιι.
1526 2843 1553 2870 8.
1606 2843 1617 2861 ὅ
1632 2841 1707 2869 l‘sal.

80 2876 160 2914 “At
200 2874 299 2914 qui“
318 2883 373 2906 μιν
390 2877 418 2904 9,
457 2875 466 2895 ι
486 2873 558 2914 Paul.
573 2881 704 2901 untur.
744 2876 757 2896 Ιι
772 2876 875 2905 Exod.:

928 2886 970 2911 ιιι,
983 2878 1027 2906 25.
1071 2878 1161 2906 chn.
1176 2888 1216 2914 ιιι,
1231 2881 1257 2907 Β.
1273 2873 1277 2875 ’
1293 2886 1314 2900 ιιι
1325 2881 1396 2908 l'sal.
1413 2887 1487 2913 thv,
1506 2879 1547 2906 t2.
1588 2883 1599 2896 η
1618 2880 1705 2906 Hebr.

82 2916 100 2938 I.
113 2910 139 2937 8.
180 2909 273 2938 “Psal.
287 2918 380 2945 Lutv,
395 2914 420 2940 8.
459 2915 473 2936 Ρ
484 2909 564 2937 Prov.
578 2917 614 2937 ιι.
