  <div class='ocr_page' id='page_1' title='image "/cluster/home/n/w/nwhite01/storage/ocr_20150623/3/njp.32101077772356/394.png"; bbox 0 0 1929 3068; ppageno 0'>
   <div class='ocr_carea' id='block_1_1' title="bbox 94 175 147 203">
    <p class='ocr_par' dir='ltr' id='par_1_1' title="bbox 94 175 147 203">
     <span class='ocr_line' id='line_1_1' title="bbox 94 175 147 203; baseline 0 -1"><span class='ocrx_word' id='word_1_1' title='bbox 94 175 147 203; x_wconf 74' lang='lat'><strong>6&#39;57</strong></span> 
     </span>
    </p>
   </div>
   <div class='ocr_carea' id='block_1_2' title="bbox 639 173 1175 208">
    <p class='ocr_par' dir='ltr' id='par_1_2' title="bbox 639 173 1175 208">
     <span class='ocr_line' id='line_1_2' title="bbox 639 173 1175 208; baseline 0.002 -7"><span class='ocrx_word' id='word_1_2' title='bbox 639 174 684 201; x_wconf 87' lang='lat' dir='ltr'><strong>DE</strong></span> <span class='ocrx_word' id='word_1_3' title='bbox 699 173 824 202; x_wconf 82' lang='lat' dir='ltr'><strong>DIVINIS</strong></span> <span class='ocrx_word' id='word_1_4' title='bbox 836 174 1034 208; x_wconf 68' lang='lat' dir='ltr'><strong>NOMINIBUS,</strong></span> <span class='ocrx_word' id='word_1_5' title='bbox 1048 176 1124 204; x_wconf 64' lang='lat' dir='ltr'><strong>CAP.</strong></span> <span class='ocrx_word' id='word_1_6' title='bbox 1144 175 1175 203; x_wconf 85' lang='lat' dir='ltr'><strong>ll.</strong></span> 
     </span>
    </p>
   </div>
   <div class='ocr_carea' id='block_1_3' title="bbox 1671 176 1723 206">
    <p class='ocr_par' dir='ltr' id='par_1_3' title="bbox 1671 176 1723 206">
     <span class='ocr_line' id='line_1_3' title="bbox 1671 176 1723 206; baseline 0.019 -1"><span class='ocrx_word' id='word_1_7' title='bbox 1671 176 1723 206; x_wconf 77' lang='lat'><strong>658</strong></span> 
     </span>
    </p>
   </div>
   <div class='ocr_carea' id='block_1_4' title="bbox 93 231 893 271">
    <p class='ocr_par' dir='ltr' id='par_1_4' title="bbox 93 231 885 271">
     <span class='ocr_line' id='line_1_4' title="bbox 93 231 885 271; baseline 0.001 -11"><span class='ocrx_word' id='word_1_8' title='bbox 93 232 172 260; x_wconf 76' lang='grc' dir='ltr'>τοῦτο</span> <span class='ocrx_word' id='word_1_9' title='bbox 181 231 316 268; x_wconf 82' lang='grc' dir='ltr'>εἰρῆσθαι,</span> <span class='ocrx_word' id='word_1_10' title='bbox 324 231 479 268; x_wconf 78' lang='grc' dir='ltr'><strong>βλασφημεῖ</strong></span> <span class='ocrx_word' id='word_1_11' title='bbox 486 233 519 266; x_wconf 79' lang='grc'><strong>⁸³,</strong></span> <span class='ocrx_word' id='word_1_12' title='bbox 530 234 577 260; x_wconf 77' lang='grc' dir='ltr'>καὶ</span> <span class='ocrx_word' id='word_1_13' title='bbox 589 234 747 269; x_wconf 71' lang='grc' dir='ltr'>ἀποσχίζειν</span> <span class='ocrx_word' id='word_1_14' title='bbox 757 234 885 271; x_wconf 81' lang='grc' dir='ltr'>ὰθέσμως</span> 
     </span>
    </p>
   </div>
   <div class='ocr_carea' id='block_1_5' title="bbox 938 231 1726 271">
    <p class='ocr_par' dir='ltr' id='par_1_5' title="bbox 938 235 1726 271">
     <span class='ocr_line' id='line_1_5' title="bbox 938 235 1726 271; baseline 0.001 -9"><span class='ocrx_word' id='word_1_15' title='bbox 938 236 998 270; x_wconf 83' lang='lat' dir='ltr'><strong>quis</strong></span> <span class='ocrx_word' id='word_1_16' title='bbox 1011 236 1043 263; x_wconf 86' lang='lat' dir='ltr'><strong>de</strong></span> <span class='ocrx_word' id='word_1_17' title='bbox 1061 241 1114 263; x_wconf 88' lang='lat' dir='ltr'><strong>tota</strong></span> <span class='ocrx_word' id='word_1_18' title='bbox 1132 235 1279 263; x_wconf 88' lang='lat' dir='ltr'><strong>Divinitate</strong></span> <span class='ocrx_word' id='word_1_19' title='bbox 1303 236 1376 264; x_wconf 87' lang='lat' dir='ltr'><strong>dicat</strong></span> <span class='ocrx_word' id='word_1_20' title='bbox 1398 237 1449 265; x_wconf 92' lang='lat' dir='ltr'><strong>hoc</strong></span> <span class='ocrx_word' id='word_1_21' title='bbox 1475 237 1577 265; x_wconf 89' lang='lat' dir='ltr'><strong>dictum</strong></span> <span class='ocrx_word' id='word_1_22' title='bbox 1591 244 1661 271; x_wconf 83' lang='lat' dir='ltr'><strong>esse,</strong></span> <span class='ocrx_word' id='word_1_23' title='bbox 1684 245 1726 264; x_wconf 74' lang='lat' dir='ltr'><strong>ttae</strong></span> 
     </span>
    </p>
   </div>
   <div class='ocr_carea' id='block_1_6' title="bbox 94 277 884 315">
    <p class='ocr_par' dir='ltr' id='par_1_6' title="bbox 94 277 884 315">
     <span class='ocr_line' id='line_1_6' title="bbox 94 277 884 315; baseline 0.003 -11"><span class='ocrx_word' id='word_1_24' title='bbox 94 278 181 314; x_wconf 81' lang='grc' dir='ltr'>τολμᾷ</span> <span class='ocrx_word' id='word_1_25' title='bbox 193 278 241 314; x_wconf 81' lang='grc' dir='ltr'>τὴν</span> <span class='ocrx_word' id='word_1_26' title='bbox 256 278 472 314; x_wconf 77' lang='grc' dir='ltr'>ὑπερηνωμένην</span> <span class='ocrx_word' id='word_1_27' title='bbox 485 279 576 306; x_wconf 81' lang='grc' dir='ltr'>ὲνὰδα.</span> <span class='ocrx_word' id='word_1_28' title='bbox 598 280 708 315; x_wconf 85' lang='grc' dir='ltr'>Ῥητέον</span> <span class='ocrx_word' id='word_1_29' title='bbox 718 277 775 312; x_wconf 78' lang='grc' dir='ltr'>οὖν,</span> <span class='ocrx_word' id='word_1_30' title='bbox 787 280 825 312; x_wconf 87' lang='grc' dir='ltr'>ὼς</span> <span class='ocrx_word' id='word_1_31' title='bbox 836 281 884 307; x_wconf 77' lang='grc' dir='ltr'><strong>ἐπὶ</strong></span> 
     </span>
    </p>
   </div>
   <div class='ocr_carea' id='block_1_7' title="bbox 94 323 883 362">
    <p class='ocr_par' dir='ltr' id='par_1_7' title="bbox 94 323 883 362">
     <span class='ocr_line' id='line_1_7' title="bbox 94 323 883 362; baseline 0.003 -12"><span class='ocrx_word' id='word_1_32' title='bbox 94 324 184 360; x_wconf 82' lang='grc' dir='ltr'><strong>πάσης</strong></span> <span class='ocrx_word' id='word_1_33' title='bbox 198 324 221 339; x_wconf 66' lang='grc'>⁸⁵</span> <span class='ocrx_word' id='word_1_34' title='bbox 234 323 359 359; x_wconf 72' lang='grc' dir='ltr'><strong>θεότητος</strong></span> <span class='ocrx_word' id='word_1_35' title='bbox 372 325 439 351; x_wconf 81' lang='grc' dir='ltr'>αὐτὸ</span> <span class='ocrx_word' id='word_1_36' title='bbox 454 325 603 361; x_wconf 79' lang='grc' dir='ltr'>ὲκληπτέον</span> <span class='ocrx_word' id='word_1_37' title='bbox 613 334 620 341; x_wconf 76' lang='grc'><strong><em>⁸</em></strong></span> <span class='ocrx_word' id='word_1_38' title='bbox 635 326 682 352; x_wconf 77' lang='grc' dir='ltr'><strong>καὶ</strong></span> <span class='ocrx_word' id='word_1_39' title='bbox 700 326 754 362; x_wconf 72' lang='grc' dir='ltr'>γὰρ</span> <span class='ocrx_word' id='word_1_40' title='bbox 769 326 849 358; x_wconf 78' lang='grc' dir='ltr'>αὐτός</span> <span class='ocrx_word' id='word_1_41' title='bbox 861 326 883 342; x_wconf 78' lang='grc'><strong>⁸⁸</strong></span> 
     </span>
    </p>
   </div>
   <div class='ocr_carea' id='block_1_8' title="bbox 93 369 884 407">
    <p class='ocr_par' dir='ltr' id='par_1_8' title="bbox 93 369 884 407">
     <span class='ocr_line' id='line_1_8' title="bbox 93 369 884 407; baseline 0.004 -11"><span class='ocrx_word' id='word_1_42' title='bbox 93 379 123 396; x_wconf 85' lang='grc' dir='ltr'><strong>τε</strong></span> <span class='ocrx_word' id='word_1_43' title='bbox 143 370 157 396; x_wconf 87' lang='grc' dir='ltr'><strong>ό</strong></span> <span class='ocrx_word' id='word_1_44' title='bbox 169 369 327 406; x_wconf 74' lang='grc' dir='ltr'>ἀγαθοςρυὴς</span> <span class='ocrx_word' id='word_1_45' title='bbox 344 369 396 406; x_wconf 67' lang='grc' dir='ltr'>ἔφη</span> <span class='ocrx_word' id='word_1_46' title='bbox 418 371 504 405; x_wconf 80' lang='grc' dir='ltr'><strong>Λόγος</strong></span> <span class='ocrx_word' id='word_1_47' title='bbox 513 379 520 385; x_wconf 74' lang='grc'><strong><em>⁸</em></strong></span> <span class='ocrx_word' id='word_1_48' title='bbox 541 370 615 403; x_wconf 81' lang='grc' dir='ltr'><strong>Ἐτὼ</strong></span> <span class='ocrx_word' id='word_1_49' title='bbox 626 372 736 406; x_wconf 77' lang='grc' dir='ltr'>ἀγαθός</span> <span class='ocrx_word' id='word_1_50' title='bbox 747 373 805 407; x_wconf 77' lang='grc' dir='ltr'>εἰμι</span> <span class='ocrx_word' id='word_1_51' title='bbox 818 381 824 387; x_wconf 93' lang='grc'><strong>·</strong></span> <span class='ocrx_word' id='word_1_52' title='bbox 838 373 884 399; x_wconf 84' lang='grc' dir='ltr'><strong>καί</strong></span> 
     </span>
    </p>
   </div>
   <div class='ocr_carea' id='block_1_9' title="bbox 92 414 885 456">
    <p class='ocr_par' dir='ltr' id='par_1_9' title="bbox 92 414 885 456">
     <span class='ocr_line' id='line_1_9' title="bbox 92 414 885 456; baseline 0.004 -14"><span class='ocrx_word' id='word_1_53' title='bbox 92 422 135 446; x_wconf 72' lang='grc' dir='ltr'><strong>τις</strong></span> <span class='ocrx_word' id='word_1_54' title='bbox 149 415 202 456; x_wconf 74' lang='grc' dir='ltr'><strong>τῶν</strong></span> <span class='ocrx_word' id='word_1_55' title='bbox 220 414 375 450; x_wconf 76' lang='grc' dir='ltr'>θεολήπτων</span> <span class='ocrx_word' id='word_1_56' title='bbox 399 416 546 452; x_wconf 77' lang='grc' dir='ltr'><strong>προφητῶν</strong></span> <span class='ocrx_word' id='word_1_57' title='bbox 570 417 649 452; x_wconf 84' lang='grc' dir='ltr'><strong>ὑμνεί</strong></span> <span class='ocrx_word' id='word_1_58' title='bbox 669 417 700 444; x_wconf 85' lang='grc' dir='ltr'>τὸ</span> <span class='ocrx_word' id='word_1_59' title='bbox 720 418 833 453; x_wconf 81' lang='grc' dir='ltr'>Πνεῦμα</span> <span class='ocrx_word' id='word_1_60' title='bbox 853 418 885 445; x_wconf 81' lang='grc' dir='ltr'><strong>τὺ</strong></span> 
     </span>
    </p>
   </div>
   <div class='ocr_carea' id='block_1_10' title="bbox 93 459 883 500">
    <p class='ocr_par' dir='ltr' id='par_1_10' title="bbox 93 459 883 500">
     <span class='ocr_line' id='line_1_10' title="bbox 93 459 883 500; baseline 0.008 -14"><span class='ocrx_word' id='word_1_61' title='bbox 93 460 203 494; x_wconf 85' lang='grc' dir='ltr'>ἀγαθόν.</span> <span class='ocrx_word' id='word_1_62' title='bbox 219 461 274 487; x_wconf 78' lang='grc' dir='ltr'>Καὶ</span> <span class='ocrx_word' id='word_1_63' title='bbox 291 459 368 493; x_wconf 80' lang='grc' dir='ltr'>αὖθις</span> <span class='ocrx_word' id='word_1_64' title='bbox 384 462 415 488; x_wconf 86' lang='grc' dir='ltr'>τό</span> <span class='ocrx_word' id='word_1_65' title='bbox 425 470 432 477; x_wconf 85' lang='grc'><strong>·</strong></span> <span class='ocrx_word' id='word_1_66' title='bbox 452 462 525 497; x_wconf 77' lang='grc' dir='ltr'><strong>Ἐγώ</strong></span> <span class='ocrx_word' id='word_1_67' title='bbox 541 464 600 498; x_wconf 72' lang='grc' dir='ltr'>ειμι</span> <span class='ocrx_word' id='word_1_68' title='bbox 613 465 630 490; x_wconf 75' lang='grc' dir='ltr'><em>ὁ</em></span> <span class='ocrx_word' id='word_1_69' title='bbox 648 464 702 497; x_wconf 82' lang='grc' dir='ltr'><strong>ὧν,</strong></span> <span class='ocrx_word' id='word_1_70' title='bbox 723 465 748 491; x_wconf 82' lang='grc' dir='ltr'>εἰ</span> <span class='ocrx_word' id='word_1_71' title='bbox 770 464 807 500; x_wconf 85' lang='grc' dir='ltr'>μὴ</span> <span class='ocrx_word' id='word_1_72' title='bbox 823 464 883 491; x_wconf 87' lang='grc' dir='ltr'>καθ’</span> 
     </span>
    </p>
   </div>
   <div class='ocr_carea' id='block_1_11' title="bbox 92 506 885 546">
    <p class='ocr_par' dir='ltr' id='par_1_11' title="bbox 92 506 885 546">
     <span class='ocr_line' id='line_1_11' title="bbox 92 506 885 546; baseline 0.008 -14"><span class='ocrx_word' id='word_1_73' title='bbox 92 506 157 542; x_wconf 82' lang='grc' dir='ltr'>ὅλης</span> <span class='ocrx_word' id='word_1_74' title='bbox 170 507 284 541; x_wconf 78' lang='grc' dir='ltr'>φήσουσι</span> <span class='ocrx_word' id='word_1_75' title='bbox 295 507 345 542; x_wconf 83' lang='grc' dir='ltr'>τῆς</span> <span class='ocrx_word' id='word_1_76' title='bbox 356 507 480 544; x_wconf 74' lang='grc' dir='ltr'><strong>θεότητος</strong></span> <span class='ocrx_word' id='word_1_77' title='bbox 493 509 634 544; x_wconf 82' lang='grc' dir='ltr'><strong>ὑμνεῖσθαι</strong></span> <span class='ocrx_word' id='word_1_78' title='bbox 647 510 679 542; x_wconf 77' lang='grc'><strong>⁸⁸,</strong></span> <span class='ocrx_word' id='word_1_79' title='bbox 689 510 749 537; x_wconf 81' lang='grc' dir='ltr'>καθ’</span> <span class='ocrx_word' id='word_1_80' title='bbox 762 511 790 537; x_wconf 81' lang='grc' dir='ltr'>ἓν</span> <span class='ocrx_word' id='word_1_81' title='bbox 796 511 825 538; x_wconf 83' lang='grc' dir='ltr'>δὲ</span> <span class='ocrx_word' id='word_1_82' title='bbox 838 511 885 546; x_wconf 82' lang='grc' dir='ltr'><strong>μὲ-</strong></span> 
     </span>
    </p>
   </div>
   <div class='ocr_carea' id='block_1_12' title="bbox 94 554 885 591">
    <p class='ocr_par' dir='ltr' id='par_1_12' title="bbox 94 554 885 591">
     <span class='ocr_line' id='line_1_12' title="bbox 94 554 885 591; baseline 0.006 -12"><span class='ocrx_word' id='word_1_83' title='bbox 94 561 141 589; x_wconf 85' lang='grc' dir='ltr'><strong>ρος</strong></span> <span class='ocrx_word' id='word_1_84' title='bbox 159 554 225 580; x_wconf 73' lang='grc' dir='ltr'>αὐτὸ</span> <span class='ocrx_word' id='word_1_85' title='bbox 242 555 409 590; x_wconf 79' lang='grc' dir='ltr'>περιγράψαι</span> <span class='ocrx_word' id='word_1_86' title='bbox 432 555 570 591; x_wconf 83' lang='grc' dir='ltr'>βιάσαιντο</span> <span class='ocrx_word' id='word_1_87' title='bbox 596 557 630 589; x_wconf 81' lang='grc'><strong>⁸⁷,</strong></span> <span class='ocrx_word' id='word_1_88' title='bbox 651 557 712 590; x_wconf 83' lang='grc' dir='ltr'><strong>πῶς</strong></span> <span class='ocrx_word' id='word_1_89' title='bbox 725 558 885 585; x_wconf 82' lang='grc' dir='ltr'>ἀκούσονται</span> 
     </span>
    </p>
   </div>
   <div class='ocr_carea' id='block_1_13' title="bbox 91 600 886 638">
    <p class='ocr_par' dir='ltr' id='par_1_13' title="bbox 91 600 886 638">
     <span class='ocr_line' id='line_1_13' title="bbox 91 600 886 638; baseline 0.006 -12"><span class='ocrx_word' id='word_1_90' title='bbox 91 600 158 627; x_wconf 83' lang='grc' dir='ltr'>τοῦ·</span> <span class='ocrx_word' id='word_1_91' title='bbox 173 600 245 628; x_wconf 80' lang='grc' dir='ltr'><strong>Τάδε</strong></span> <span class='ocrx_word' id='word_1_92' title='bbox 253 601 275 617; x_wconf 74' lang='grc'><strong>⁸⁸</strong></span> <span class='ocrx_word' id='word_1_93' title='bbox 297 601 378 636; x_wconf 75' lang='grc' dir='ltr'>λέγει</span> <span class='ocrx_word' id='word_1_94' title='bbox 394 603 410 629; x_wconf 84' lang='grc' dir='ltr'><em>ὀ</em></span> <span class='ocrx_word' id='word_1_95' title='bbox 428 601 481 634; x_wconf 77' lang='grc' dir='ltr'><strong>ὢν,</strong></span> <span class='ocrx_word' id='word_1_96' title='bbox 499 602 533 636; x_wconf 77' lang='grc' dir='ltr'>ὃς</span> <span class='ocrx_word' id='word_1_97' title='bbox 544 602 585 637; x_wconf 80' lang='grc' dir='ltr'><strong>ἦν</strong></span> <span class='ocrx_word' id='word_1_98' title='bbox 593 603 626 635; x_wconf 75' lang='grc' dir='ltr'>θ’,</span> <span class='ocrx_word' id='word_1_99' title='bbox 643 605 659 630; x_wconf 80' lang='grc' dir='ltr'><em>ὁ</em></span> <span class='ocrx_word' id='word_1_100' title='bbox 677 603 848 638; x_wconf 81' lang='grc' dir='ltr'><strong>ἐρχόμενος,</strong></span> <span class='ocrx_word' id='word_1_101' title='bbox 869 605 886 631; x_wconf 79' lang='grc' dir='ltr'><em>ὁ</em></span> 
     </span>
    </p>
   </div>
   <div class='ocr_carea' id='block_1_14' title="bbox 92 646 886 683">
    <p class='ocr_par' dir='ltr' id='par_1_14' title="bbox 92 646 886 683">
     <span class='ocr_line' id='line_1_14' title="bbox 92 646 886 683; baseline 0.006 -10"><span class='ocrx_word' id='word_1_102' title='bbox 92 646 304 682; x_wconf 75' lang='grc' dir='ltr'><em>παντοκράτωρ</em></span> <span class='ocrx_word' id='word_1_103' title='bbox 313 657 320 663; x_wconf 93' lang='grc'><strong>·</strong></span> <span class='ocrx_word' id='word_1_104' title='bbox 333 649 389 675; x_wconf 85' lang='grc' dir='ltr'>καί·</span> <span class='ocrx_word' id='word_1_105' title='bbox 401 649 444 676; x_wconf 87' lang='grc' dir='ltr'><strong>Σὺ</strong></span> <span class='ocrx_word' id='word_1_106' title='bbox 459 649 493 676; x_wconf 81' lang='grc' dir='ltr'>δὲ</span> <span class='ocrx_word' id='word_1_107' title='bbox 502 651 519 676; x_wconf 81' lang='grc' dir='ltr'><em>ὀ</em></span> <span class='ocrx_word' id='word_1_108' title='bbox 530 650 621 683; x_wconf 81' lang='grc' dir='ltr'>αὐτὸς</span> <span class='ocrx_word' id='word_1_109' title='bbox 632 650 668 677; x_wconf 81' lang='grc' dir='ltr'><strong>εἴ·</strong></span> <span class='ocrx_word' id='word_1_110' title='bbox 680 651 728 678; x_wconf 76' lang='grc' dir='ltr'><strong>καὶ</strong></span> <span class='ocrx_word' id='word_1_111' title='bbox 739 651 777 677; x_wconf 83' lang='grc' dir='ltr'><strong>τό·</strong></span> <span class='ocrx_word' id='word_1_112' title='bbox 787 651 886 678; x_wconf 82' lang='grc' dir='ltr'><strong>Πνεῦ-</strong></span> 
     </span>
    </p>
   </div>
   <div class='ocr_carea' id='block_1_15' title="bbox 90 693 887 729">
    <p class='ocr_par' dir='ltr' id='par_1_15' title="bbox 90 693 887 729">
     <span class='ocr_line' id='line_1_15' title="bbox 90 693 887 729; baseline 0.003 -9"><span class='ocrx_word' id='word_1_113' title='bbox 90 702 136 728; x_wconf 82' lang='grc' dir='ltr'><strong>μα</strong></span> <span class='ocrx_word' id='word_1_114' title='bbox 151 693 207 727; x_wconf 81' lang='grc' dir='ltr'>τῆς</span> <span class='ocrx_word' id='word_1_115' title='bbox 222 693 365 727; x_wconf 73' lang='grc' dir='ltr'><strong>ἀληθείας</strong></span> <span class='ocrx_word' id='word_1_116' title='bbox 378 693 412 720; x_wconf 86' lang='grc' dir='ltr'>τὸ</span> <span class='ocrx_word' id='word_1_117' title='bbox 424 693 472 726; x_wconf 80' lang='grc' dir='ltr'><strong>ὃν,</strong></span> <span class='ocrx_word' id='word_1_118' title='bbox 483 693 498 720; x_wconf 80' lang='grc' dir='ltr'><em>ὃ</em></span> <span class='ocrx_word' id='word_1_119' title='bbox 512 694 592 728; x_wconf 83' lang='grc' dir='ltr'>παρὰ</span> <span class='ocrx_word' id='word_1_120' title='bbox 601 694 655 721; x_wconf 87' lang='grc' dir='ltr'>τοῦ</span> <span class='ocrx_word' id='word_1_121' title='bbox 670 694 786 729; x_wconf 81' lang='grc' dir='ltr'>Πατρός</span> <span class='ocrx_word' id='word_1_122' title='bbox 801 695 887 722; x_wconf 80' lang='grc' dir='ltr'>ἐκπο-</span> 
     </span>
    </p>
   </div>
   <div class='ocr_carea' id='block_1_16' title="bbox 88 738 885 777">
    <p class='ocr_par' dir='ltr' id='par_1_16' title="bbox 88 738 885 777">
     <span class='ocr_line' id='line_1_16' title="bbox 88 738 885 777; baseline 0.004 -12"><span class='ocrx_word' id='word_1_123' title='bbox 88 739 222 774; x_wconf 66' lang='lat' dir='ltr'><strong>petierat;</strong></span> <span class='ocrx_word' id='word_1_124' title='bbox 232 740 287 766; x_wconf 77' lang='grc' dir='ltr'>Καὶ</span> <span class='ocrx_word' id='word_1_125' title='bbox 296 740 320 765; x_wconf 82' lang='grc' dir='ltr'><strong>εί</strong></span> <span class='ocrx_word' id='word_1_126' title='bbox 334 739 370 776; x_wconf 88' lang='grc' dir='ltr'>μὴ</span> <span class='ocrx_word' id='word_1_127' title='bbox 383 740 447 776; x_wconf 83' lang='grc' dir='ltr'>ὅλην</span> <span class='ocrx_word' id='word_1_128' title='bbox 460 738 529 767; x_wconf 79' lang='grc' dir='ltr'>εἶναί</span> <span class='ocrx_word' id='word_1_129' title='bbox 543 749 608 775; x_wconf 81' lang='grc' dir='ltr'>φασι</span> <span class='ocrx_word' id='word_1_130' title='bbox 625 740 674 776; x_wconf 87' lang='grc' dir='ltr'><strong>τὴν</strong></span> <span class='ocrx_word' id='word_1_131' title='bbox 692 740 840 777; x_wconf 87' lang='grc' dir='ltr'>θεαρχικὴν</span> <span class='ocrx_word' id='word_1_132' title='bbox 863 742 885 758; x_wconf 69' lang='grc'><strong>⁷⁸</strong></span> 
     </span>
    </p>
   </div>
   <div class='ocr_carea' id='block_1_17' title="bbox 92 784 887 822">
    <p class='ocr_par' dir='ltr' id='par_1_17' title="bbox 92 784 887 822">
     <span class='ocr_line' id='line_1_17' title="bbox 92 784 887 822; baseline 0.003 -10"><span class='ocrx_word' id='word_1_133' title='bbox 92 785 177 820; x_wconf 82' lang='grc' dir='ltr'>ζωὴν.</span> <span class='ocrx_word' id='word_1_134' title='bbox 191 784 250 816; x_wconf 82' lang='grc' dir='ltr'><strong>πῶς</strong></span> <span class='ocrx_word' id='word_1_135' title='bbox 262 785 364 821; x_wconf 76' lang='grc' dir='ltr'>ἀληθὴς</span> <span class='ocrx_word' id='word_1_136' title='bbox 376 786 390 812; x_wconf 89' lang='grc' dir='ltr'>ὁ</span> <span class='ocrx_word' id='word_1_137' title='bbox 399 786 488 821; x_wconf 79' lang='grc' dir='ltr'>φήσας</span> <span class='ocrx_word' id='word_1_138' title='bbox 502 786 573 822; x_wconf 78' lang='grc' dir='ltr'>ἱερὸς</span> <span class='ocrx_word' id='word_1_139' title='bbox 585 786 672 820; x_wconf 82' lang='grc' dir='ltr'><strong>λόγος·</strong></span> <span class='ocrx_word' id='word_1_140' title='bbox 684 786 797 822; x_wconf 76' lang='grc' dir='ltr'>’Ὠσπερ</span> <span class='ocrx_word' id='word_1_141' title='bbox 805 788 887 814; x_wconf 81' lang='grc' dir='ltr'><strong>ὁΠα-</strong></span> 
     </span>
    </p>
   </div>
   <div class='ocr_carea' id='block_1_18' title="bbox 93 831 885 866">
    <p class='ocr_par' dir='ltr' id='par_1_18' title="bbox 93 831 885 866">
     <span class='ocr_line' id='line_1_18' title="bbox 93 831 885 866; baseline 0.004 -8"><span class='ocrx_word' id='word_1_142' title='bbox 93 831 151 865; x_wconf 82' lang='grc' dir='ltr'><strong>τὴρ</strong></span> <span class='ocrx_word' id='word_1_143' title='bbox 163 832 270 866; x_wconf 73' lang='grc' dir='ltr'>ἐγείρει</span> <span class='ocrx_word' id='word_1_144' title='bbox 290 832 360 865; x_wconf 82' lang='grc' dir='ltr'>τοὺς</span> <span class='ocrx_word' id='word_1_145' title='bbox 372 832 507 866; x_wconf 76' lang='grc' dir='ltr'>νεκροὺς,</span> <span class='ocrx_word' id='word_1_146' title='bbox 528 833 577 860; x_wconf 81' lang='grc' dir='ltr'>καὶ</span> <span class='ocrx_word' id='word_1_147' title='bbox 595 832 734 865; x_wconf 79' lang='grc' dir='ltr'>ζωοποιεῖ,</span> <span class='ocrx_word' id='word_1_148' title='bbox 743 833 821 860; x_wconf 80' lang='grc' dir='ltr'>οὕτω</span> <span class='ocrx_word' id='word_1_149' title='bbox 836 834 885 861; x_wconf 76' lang='grc' dir='ltr'><strong>καί</strong></span> 
     </span>
    </p>
   </div>
   <div class='ocr_carea' id='block_1_19' title="bbox 93 877 886 915">
    <p class='ocr_par' dir='ltr' id='par_1_19' title="bbox 93 877 886 915">
     <span class='ocr_line' id='line_1_19' title="bbox 93 877 886 915; baseline 0.005 -11"><span class='ocrx_word' id='word_1_150' title='bbox 93 880 111 904; x_wconf 82' lang='grc' dir='ltr'><strong><em>ό</em></strong></span> <span class='ocrx_word' id='word_1_151' title='bbox 127 878 193 910; x_wconf 78' lang='grc' dir='ltr'><strong>Υἱὸς</strong></span> <span class='ocrx_word' id='word_1_152' title='bbox 203 878 256 911; x_wconf 82' lang='grc' dir='ltr'>οὓς</span> <span class='ocrx_word' id='word_1_153' title='bbox 266 877 346 905; x_wconf 81' lang='grc' dir='ltr'><strong>θέλει</strong></span> <span class='ocrx_word' id='word_1_154' title='bbox 355 879 494 909; x_wconf 80' lang='grc' dir='ltr'><strong>ζωοποιεῖ·</strong></span> <span class='ocrx_word' id='word_1_155' title='bbox 505 879 562 906; x_wconf 83' lang='grc' dir='ltr'>καί·</span> <span class='ocrx_word' id='word_1_156' title='bbox 574 880 638 906; x_wconf 87' lang='grc' dir='ltr'>Ὅτι</span> <span class='ocrx_word' id='word_1_157' title='bbox 645 879 678 906; x_wconf 85' lang='grc' dir='ltr'>τὸ</span> <span class='ocrx_word' id='word_1_158' title='bbox 689 879 811 915; x_wconf 80' lang='grc' dir='ltr'><strong>Πνεῦμά</strong></span> <span class='ocrx_word' id='word_1_159' title='bbox 820 881 886 908; x_wconf 81' lang='grc' dir='ltr'>ἐστι</span> 
     </span>
    </p>
   </div>
   <div class='ocr_carea' id='block_1_20' title="bbox 91 922 887 960">
    <p class='ocr_par' dir='ltr' id='par_1_20' title="bbox 91 922 887 960">
     <span class='ocr_line' id='line_1_20' title="bbox 91 922 887 960; baseline 0.003 -10"><span class='ocrx_word' id='word_1_160' title='bbox 91 922 127 950; x_wconf 83' lang='grc' dir='ltr'>τὸ</span> <span class='ocrx_word' id='word_1_161' title='bbox 142 923 323 956; x_wconf 78' lang='grc' dir='ltr'>ζωοποιοῦν;</span> <span class='ocrx_word' id='word_1_162' title='bbox 336 924 396 951; x_wconf 78' lang='grc' dir='ltr'>Ὀτι</span> <span class='ocrx_word' id='word_1_163' title='bbox 407 924 435 951; x_wconf 78' lang='grc' dir='ltr'>δὲ</span> <span class='ocrx_word' id='word_1_164' title='bbox 447 925 494 951; x_wconf 77' lang='grc' dir='ltr'>καὶ</span> <span class='ocrx_word' id='word_1_165' title='bbox 503 924 553 960; x_wconf 84' lang='grc' dir='ltr'>τὴν</span> <span class='ocrx_word' id='word_1_166' title='bbox 564 924 675 960; x_wconf 81' lang='grc' dir='ltr'><strong>κυρείαν</strong></span> <span class='ocrx_word' id='word_1_167' title='bbox 685 925 742 960; x_wconf 81' lang='grc' dir='ltr'>ἔχει</span> <span class='ocrx_word' id='word_1_168' title='bbox 753 925 807 952; x_wconf 83' lang='grc' dir='ltr'><strong>τῶν</strong></span> <span class='ocrx_word' id='word_1_169' title='bbox 820 925 887 952; x_wconf 83' lang='grc' dir='ltr'>ὅλων</span> 
     </span>
    </p>
   </div>
   <div class='ocr_carea' id='block_1_21' title="bbox 90 969 887 1007">
    <p class='ocr_par' dir='ltr' id='par_1_21' title="bbox 90 969 887 1007">
     <span class='ocr_line' id='line_1_21' title="bbox 90 969 887 1007; baseline 0.003 -11"><span class='ocrx_word' id='word_1_170' title='bbox 90 970 108 1005; x_wconf 83' lang='grc' dir='ltr'><strong>ἡ</strong></span> <span class='ocrx_word' id='word_1_171' title='bbox 127 969 175 1005; x_wconf 77' lang='grc' dir='ltr'>ὅλη</span> <span class='ocrx_word' id='word_1_172' title='bbox 190 969 295 1005; x_wconf 79' lang='grc' dir='ltr'>θεότης,</span> <span class='ocrx_word' id='word_1_173' title='bbox 309 971 373 1006; x_wconf 76' lang='grc' dir='ltr'>περὶ</span> <span class='ocrx_word' id='word_1_174' title='bbox 390 971 439 1005; x_wconf 87' lang='grc' dir='ltr'>μὲν</span> <span class='ocrx_word' id='word_1_175' title='bbox 452 971 502 1006; x_wconf 84' lang='grc' dir='ltr'>τῆς</span> <span class='ocrx_word' id='word_1_176' title='bbox 519 970 641 1005; x_wconf 85' lang='grc' dir='ltr'>θεογόνου</span> <span class='ocrx_word' id='word_1_177' title='bbox 656 971 792 1007; x_wconf 74' lang='grc' dir='ltr'><strong>θεότητος,</strong></span> <span class='ocrx_word' id='word_1_178' title='bbox 808 971 887 1007; x_wconf 83' lang='grc' dir='ltr'>ἢτῆς</span> 
     </span>
    </p>
   </div>
   <div class='ocr_carea' id='block_1_22' title="bbox 92 1015 887 1053">
    <p class='ocr_par' dir='ltr' id='par_1_22' title="bbox 92 1015 887 1053">
     <span class='ocr_line' id='line_1_22' title="bbox 92 1015 887 1053; baseline -0.001 -9"><span class='ocrx_word' id='word_1_179' title='bbox 92 1017 186 1053; x_wconf 80' lang='grc' dir='ltr'>υίικῆς</span> <span class='ocrx_word' id='word_1_180' title='bbox 197 1017 259 1044; x_wconf 82' lang='grc' dir='ltr'>οὐδὲ</span> <span class='ocrx_word' id='word_1_181' title='bbox 271 1018 358 1045; x_wconf 76' lang='grc' dir='ltr'>εἰπεῖν</span> <span class='ocrx_word' id='word_1_182' title='bbox 370 1017 454 1050; x_wconf 75' lang='grc' dir='ltr'>ἐστιν,</span> <span class='ocrx_word' id='word_1_183' title='bbox 468 1018 505 1050; x_wconf 87' lang='grc' dir='ltr'>ὡς</span> <span class='ocrx_word' id='word_1_184' title='bbox 516 1015 601 1053; x_wconf 83' lang='grc' dir='ltr'>οἶμαι,</span> <span class='ocrx_word' id='word_1_185' title='bbox 615 1017 721 1053; x_wconf 86' lang='grc' dir='ltr'>ποσαχῆ</span> <span class='ocrx_word' id='word_1_186' title='bbox 729 1018 751 1033; x_wconf 79' lang='grc'><strong>⁷¹</strong></span> <span class='ocrx_word' id='word_1_187' title='bbox 762 1017 811 1052; x_wconf 86' lang='grc' dir='ltr'>τῆς</span> <span class='ocrx_word' id='word_1_188' title='bbox 827 1017 887 1044; x_wconf 90' lang='grc' dir='ltr'>θεο-</span> 
     </span>
    </p>
   </div>
   <div class='ocr_carea' id='block_1_23' title="bbox 91 1062 885 1098">
    <p class='ocr_par' dir='ltr' id='par_1_23' title="bbox 91 1062 885 1098">
     <span class='ocr_line' id='line_1_23' title="bbox 91 1062 885 1098; baseline -0.001 -9"><span class='ocrx_word' id='word_1_189' title='bbox 91 1062 189 1097; x_wconf 82' lang='grc' dir='ltr'>λογίας</span> <span class='ocrx_word' id='word_1_190' title='bbox 203 1064 249 1090; x_wconf 81' lang='grc' dir='ltr'><strong>ὲπὶ</strong></span> <span class='ocrx_word' id='word_1_191' title='bbox 261 1063 368 1098; x_wconf 85' lang='grc' dir='ltr'>Πατρδς</span> <span class='ocrx_word' id='word_1_192' title='bbox 380 1063 427 1090; x_wconf 73' lang='grc' dir='ltr'>καὶ</span> <span class='ocrx_word' id='word_1_193' title='bbox 438 1063 503 1090; x_wconf 85' lang='grc' dir='ltr'><strong>Υἱοῠ</strong></span> <span class='ocrx_word' id='word_1_194' title='bbox 518 1062 715 1098; x_wconf 81' lang='grc' dir='ltr'>διαθρυλλεῖται</span> <span class='ocrx_word' id='word_1_195' title='bbox 724 1063 755 1089; x_wconf 79' lang='grc' dir='ltr'>τὸ</span> <span class='ocrx_word' id='word_1_196' title='bbox 769 1062 885 1098; x_wconf 87' lang='grc' dir='ltr'>Κύριος·</span> 
     </span>
    </p>
   </div>
   <div class='ocr_carea' id='block_1_24' title="bbox 91 1107 888 1145">
    <p class='ocr_par' dir='ltr' id='par_1_24' title="bbox 91 1107 888 1145">
     <span class='ocr_line' id='line_1_24' title="bbox 91 1107 888 1145; baseline -0.003 -9"><span class='ocrx_word' id='word_1_197' title='bbox 91 1108 162 1136; x_wconf 83' lang='grc' dir='ltr'>ἀλλὰ</span> <span class='ocrx_word' id='word_1_198' title='bbox 174 1109 221 1135; x_wconf 80' lang='grc' dir='ltr'>καὶ</span> <span class='ocrx_word' id='word_1_199' title='bbox 237 1109 340 1145; x_wconf 64' lang='grc' dir='ltr'>Κρριος</span> <span class='ocrx_word' id='word_1_200' title='bbox 355 1109 384 1136; x_wconf 78' lang='grc' dir='ltr'>τὸ</span> <span class='ocrx_word' id='word_1_201' title='bbox 395 1109 508 1144; x_wconf 82' lang='grc' dir='ltr'><strong>Πνεῦμά</strong></span> <span class='ocrx_word' id='word_1_202' title='bbox 518 1109 586 1135; x_wconf 68' lang='grc' dir='ltr'>ἐστι.</span> <span class='ocrx_word' id='word_1_203' title='bbox 599 1108 655 1135; x_wconf 77' lang='grc' dir='ltr'>Καὶ</span> <span class='ocrx_word' id='word_1_204' title='bbox 668 1109 698 1135; x_wconf 83' lang='grc' dir='ltr'>τὸ</span> <span class='ocrx_word' id='word_1_205' title='bbox 709 1107 790 1135; x_wconf 77' lang='grc' dir='ltr'>καλὸν</span> <span class='ocrx_word' id='word_1_206' title='bbox 801 1108 829 1135; x_wconf 86' lang='grc' dir='ltr'>δὲ</span> <span class='ocrx_word' id='word_1_207' title='bbox 840 1109 888 1135; x_wconf 78' lang='grc' dir='ltr'>καὶ</span> 
     </span>
    </p>
   </div>
   <div class='ocr_carea' id='block_1_25' title="bbox 91 1153 884 1191">
    <p class='ocr_par' dir='ltr' id='par_1_25' title="bbox 91 1153 884 1191">
     <span class='ocr_line' id='line_1_25' title="bbox 91 1153 884 1191; baseline -0.001 -10"><span class='ocrx_word' id='word_1_208' title='bbox 91 1154 124 1182; x_wconf 83' lang='grc' dir='ltr'>τὸ</span> <span class='ocrx_word' id='word_1_209' title='bbox 143 1155 224 1189; x_wconf 82' lang='grc' dir='ltr'>σοφὸν</span> <span class='ocrx_word' id='word_1_210' title='bbox 237 1155 283 1181; x_wconf 78' lang='grc' dir='ltr'><strong>ἐπὶ</strong></span> <span class='ocrx_word' id='word_1_211' title='bbox 296 1155 345 1191; x_wconf 85' lang='grc' dir='ltr'>τῆς</span> <span class='ocrx_word' id='word_1_212' title='bbox 356 1155 420 1190; x_wconf 81' lang='grc' dir='ltr'>ὅλης</span> <span class='ocrx_word' id='word_1_213' title='bbox 432 1154 557 1190; x_wconf 82' lang='grc' dir='ltr'><strong>θεότητος</strong></span> <span class='ocrx_word' id='word_1_214' title='bbox 571 1155 706 1190; x_wconf 80' lang='grc' dir='ltr'><strong>ὑμνεῖται,</strong></span> <span class='ocrx_word' id='word_1_215' title='bbox 718 1155 804 1182; x_wconf 78' lang='grc' dir='ltr'>καὶτὸ</span> <span class='ocrx_word' id='word_1_216' title='bbox 816 1153 884 1188; x_wconf 83' lang='grc' dir='ltr'>φῶς,</span> 
     </span>
    </p>
   </div>
   <div class='ocr_carea' id='block_1_26' title="bbox 91 1199 887 1235">
    <p class='ocr_par' dir='ltr' id='par_1_26' title="bbox 91 1199 887 1235">
     <span class='ocr_line' id='line_1_26' title="bbox 91 1199 887 1235; baseline -0.003 -7"><span class='ocrx_word' id='word_1_217' title='bbox 91 1202 142 1228; x_wconf 79' lang='grc' dir='ltr'>καὶ</span> <span class='ocrx_word' id='word_1_218' title='bbox 158 1202 190 1228; x_wconf 84' lang='grc' dir='ltr'>τὸ</span> <span class='ocrx_word' id='word_1_219' title='bbox 201 1201 388 1234; x_wconf 79' lang='grc' dir='ltr'>θεοποιὺν,καὶ</span> <span class='ocrx_word' id='word_1_220' title='bbox 395 1201 425 1228; x_wconf 82' lang='grc' dir='ltr'>τὸ</span> <span class='ocrx_word' id='word_1_221' title='bbox 432 1201 527 1233; x_wconf 68' lang='grc' dir='ltr'>αἴτιον,</span> <span class='ocrx_word' id='word_1_222' title='bbox 536 1201 584 1227; x_wconf 59' lang='grc' dir='ltr'><strong>καὶ⁸</strong></span> <span class='ocrx_word' id='word_1_223' title='bbox 597 1200 684 1228; x_wconf 83' lang='grc' dir='ltr'>πάντα</span> <span class='ocrx_word' id='word_1_224' title='bbox 697 1200 747 1227; x_wconf 77' lang='grc' dir='ltr'>ὅσα</span> <span class='ocrx_word' id='word_1_225' title='bbox 758 1200 808 1235; x_wconf 83' lang='grc' dir='ltr'>τῆς</span> <span class='ocrx_word' id='word_1_226' title='bbox 824 1199 887 1235; x_wconf 78' lang='grc' dir='ltr'>ὅλης</span> 
     </span>
    </p>
   </div>
   <div class='ocr_carea' id='block_1_27' title="bbox 92 1244 886 1281">
    <p class='ocr_par' dir='ltr' id='par_1_27' title="bbox 92 1244 886 1281">
     <span class='ocr_line' id='line_1_27' title="bbox 92 1244 886 1281; baseline 0 -9"><span class='ocrx_word' id='word_1_227' title='bbox 92 1245 224 1281; x_wconf 84' lang='grc' dir='ltr'>θεαρχίας</span> <span class='ocrx_word' id='word_1_228' title='bbox 238 1246 320 1278; x_wconf 79' lang='grc' dir='ltr'>ἐστὶν,</span> <span class='ocrx_word' id='word_1_229' title='bbox 333 1246 372 1278; x_wconf 84' lang='grc' dir='ltr'><strong>είς</strong></span> <span class='ocrx_word' id='word_1_230' title='bbox 384 1246 472 1273; x_wconf 79' lang='grc' dir='ltr'>πᾶσαν</span> <span class='ocrx_word' id='word_1_231' title='bbox 485 1245 580 1279; x_wconf 80' lang='grc' dir='ltr'>ἀνάγει</span> <span class='ocrx_word' id='word_1_232' title='bbox 592 1244 626 1272; x_wconf 79' lang='grc' dir='ltr'><strong>τὰ</strong></span> <span class='ocrx_word' id='word_1_233' title='bbox 645 1245 722 1279; x_wconf 85' lang='grc' dir='ltr'>λόγια</span> <span class='ocrx_word' id='word_1_234' title='bbox 743 1245 792 1281; x_wconf 81' lang='grc' dir='ltr'>τὴν</span> <span class='ocrx_word' id='word_1_235' title='bbox 805 1245 886 1280; x_wconf 82' lang='grc' dir='ltr'>θεαρ-</span> 
     </span>
    </p>
   </div>
   <div class='ocr_carea' id='block_1_28' title="bbox 91 1290 886 1328">
    <p class='ocr_par' dir='ltr' id='par_1_28' title="bbox 91 1290 886 1328">
     <span class='ocr_line' id='line_1_28' title="bbox 91 1290 886 1328; baseline 0 -10"><span class='ocrx_word' id='word_1_236' title='bbox 91 1291 175 1327; x_wconf 84' lang='grc' dir='ltr'>χικὴν</span> <span class='ocrx_word' id='word_1_237' title='bbox 187 1291 333 1327; x_wconf 82' lang='grc' dir='ltr'>ὑμνῳδίαν·</span> <span class='ocrx_word' id='word_1_238' title='bbox 342 1290 545 1327; x_wconf 83' lang='grc' dir='ltr'>περιληπτικῶς</span> <span class='ocrx_word' id='word_1_239' title='bbox 563 1291 622 1326; x_wconf 83' lang='grc' dir='ltr'>μὲν,</span> <span class='ocrx_word' id='word_1_240' title='bbox 633 1290 670 1322; x_wconf 84' lang='grc' dir='ltr'>ὡς</span> <span class='ocrx_word' id='word_1_241' title='bbox 684 1291 747 1317; x_wconf 82' lang='grc' dir='ltr'>ὅταν</span> <span class='ocrx_word' id='word_1_242' title='bbox 755 1290 832 1328; x_wconf 81' lang='grc' dir='ltr'>λέγῃ·</span> <span class='ocrx_word' id='word_1_243' title='bbox 847 1290 886 1318; x_wconf 83' lang='grc' dir='ltr'><strong>Τὰ</strong></span> 
     </span>
    </p>
   </div>
   <div class='ocr_carea' id='block_1_29' title="bbox 92 1339 882 1376">
    <p class='ocr_par' dir='ltr' id='par_1_29' title="bbox 92 1339 882 1376">
     <span class='ocr_line' id='line_1_29' title="bbox 92 1339 882 1376; baseline 0.001 -10"><span class='ocrx_word' id='word_1_244' title='bbox 92 1339 194 1366; x_wconf 81' lang='grc' dir='ltr'>πάντα</span> <span class='ocrx_word' id='word_1_245' title='bbox 200 1340 234 1366; x_wconf 80' lang='grc' dir='ltr'>ἐκ</span> <span class='ocrx_word' id='word_1_246' title='bbox 240 1340 293 1367; x_wconf 88' lang='grc' dir='ltr'>τοῦ</span> <span class='ocrx_word' id='word_1_247' title='bbox 300 1340 383 1367; x_wconf 84' lang='grc' dir='ltr'>Θεοῦ·</span> <span class='ocrx_word' id='word_1_248' title='bbox 393 1339 546 1373; x_wconf 84' lang='grc' dir='ltr'>διεξοδικῶς</span> <span class='ocrx_word' id='word_1_249' title='bbox 553 1339 591 1372; x_wconf 84' lang='grc' dir='ltr'>δὲ,</span> <span class='ocrx_word' id='word_1_250' title='bbox 602 1339 639 1371; x_wconf 83' lang='grc' dir='ltr'>ὡς</span> <span class='ocrx_word' id='word_1_251' title='bbox 646 1340 709 1367; x_wconf 82' lang='grc' dir='ltr'>ὅταν</span> <span class='ocrx_word' id='word_1_252' title='bbox 721 1340 787 1376; x_wconf 87' lang='grc' dir='ltr'>φαίη</span> <span class='ocrx_word' id='word_1_253' title='bbox 795 1341 827 1357; x_wconf 80' lang='grc'><strong>⁷⁸·</strong></span> <span class='ocrx_word' id='word_1_254' title='bbox 844 1340 882 1367; x_wconf 86' lang='grc' dir='ltr'><em>Τὰ</em></span> 
     </span>
    </p>
   </div>
   <div class='ocr_carea' id='block_1_30' title="bbox 92 1386 887 1419">
    <p class='ocr_par' dir='ltr' id='par_1_30' title="bbox 92 1386 887 1419">
     <span class='ocr_line' id='line_1_30' title="bbox 92 1386 887 1419; baseline 0.001 -6"><span class='ocrx_word' id='word_1_255' title='bbox 92 1386 195 1413; x_wconf 79' lang='grc' dir='ltr'>πάντα</span> <span class='ocrx_word' id='word_1_256' title='bbox 214 1386 252 1414; x_wconf 79' lang='grc' dir='ltr'><strong>δι’</strong></span> <span class='ocrx_word' id='word_1_257' title='bbox 271 1387 365 1414; x_wconf 84' lang='grc' dir='ltr'>αὐτοῦ</span> <span class='ocrx_word' id='word_1_258' title='bbox 379 1386 428 1413; x_wconf 78' lang='grc' dir='ltr'><strong>καὶ</strong></span> <span class='ocrx_word' id='word_1_259' title='bbox 439 1387 481 1419; x_wconf 84' lang='grc' dir='ltr'><strong>εὶς</strong></span> <span class='ocrx_word' id='word_1_260' title='bbox 500 1386 594 1413; x_wconf 79' lang='grc' dir='ltr'>αὐτὸν</span> <span class='ocrx_word' id='word_1_261' title='bbox 611 1387 755 1418; x_wconf 75' lang='grc' dir='ltr'>ἔκτισται,</span> <span class='ocrx_word' id='word_1_262' title='bbox 770 1387 828 1414; x_wconf 82' lang='grc' dir='ltr'>καί·</span> <span class='ocrx_word' id='word_1_263' title='bbox 848 1387 887 1415; x_wconf 87' lang='grc' dir='ltr'><em>Τὰ</em></span> 
     </span>
    </p>
   </div>
   <div class='ocr_carea' id='block_1_31' title="bbox 91 1431 886 1466">
    <p class='ocr_par' dir='ltr' id='par_1_31' title="bbox 91 1431 886 1466">
     <span class='ocr_line' id='line_1_31' title="bbox 91 1431 886 1466; baseline -0.001 -6"><span class='ocrx_word' id='word_1_264' title='bbox 91 1431 194 1460; x_wconf 63' lang='grc' dir='ltr'>πάντα</span> <span class='ocrx_word' id='word_1_265' title='bbox 214 1432 249 1459; x_wconf 84' lang='grc' dir='ltr'><strong>ἐν</strong></span> <span class='ocrx_word' id='word_1_266' title='bbox 262 1431 341 1465; x_wconf 82' lang='grc' dir='ltr'><strong>αὐτῷ</strong></span> <span class='ocrx_word' id='word_1_267' title='bbox 362 1431 549 1466; x_wconf 76' lang='grc' dir='ltr'>συνέστηκε·</span> <span class='ocrx_word' id='word_1_268' title='bbox 569 1431 631 1458; x_wconf 80' lang='grc' dir='ltr'>καίο</span> <span class='ocrx_word' id='word_1_269' title='bbox 656 1432 886 1466; x_wconf 75' lang='grc' dir='ltr'>Ἐξαποστελεῒς</span> 
     </span>
    </p>
   </div>
   <div class='ocr_carea' id='block_1_32' title="bbox 91 1479 886 1515">
    <p class='ocr_par' dir='ltr' id='par_1_32' title="bbox 91 1479 886 1515">
     <span class='ocr_line' id='line_1_32' title="bbox 91 1479 886 1515; baseline -0.003 -8"><span class='ocrx_word' id='word_1_270' title='bbox 91 1479 129 1507; x_wconf 78' lang='grc' dir='ltr'>τὸ</span> <span class='ocrx_word' id='word_1_271' title='bbox 143 1479 260 1515; x_wconf 78' lang='grc' dir='ltr'><strong>πνεῦμά</strong></span> <span class='ocrx_word' id='word_1_272' title='bbox 273 1487 342 1512; x_wconf 85' lang='grc' dir='ltr'>σου,</span> <span class='ocrx_word' id='word_1_273' title='bbox 358 1480 406 1506; x_wconf 78' lang='grc' dir='ltr'>καὶ</span> <span class='ocrx_word' id='word_1_274' title='bbox 423 1479 648 1512; x_wconf 80' lang='grc' dir='ltr'>κτισθήσονται.</span> <span class='ocrx_word' id='word_1_275' title='bbox 665 1480 720 1506; x_wconf 81' lang='grc' dir='ltr'><strong>Καὶ</strong></span> <span class='ocrx_word' id='word_1_276' title='bbox 731 1480 774 1506; x_wconf 83' lang='grc' dir='ltr'>ἵνα</span> <span class='ocrx_word' id='word_1_277' title='bbox 789 1479 886 1515; x_wconf 79' lang='grc' dir='ltr'><strong>συλλή-</strong></span> 
     </span>
    </p>
   </div>
   <div class='ocr_carea' id='block_1_33' title="bbox 92 1525 886 1562">
    <p class='ocr_par' dir='ltr' id='par_1_33' title="bbox 92 1525 886 1562">
     <span class='ocr_line' id='line_1_33' title="bbox 92 1525 886 1562; baseline -0.001 -9"><span class='ocrx_word' id='word_1_278' title='bbox 92 1526 162 1562; x_wconf 70' lang='grc' dir='ltr'>ϐδην</span> <span class='ocrx_word' id='word_1_279' title='bbox 181 1526 246 1562; x_wconf 86' lang='grc' dir='ltr'>φαίη</span> <span class='ocrx_word' id='word_1_280' title='bbox 265 1535 317 1558; x_wconf 87' lang='grc' dir='ltr'>τις,</span> <span class='ocrx_word' id='word_1_281' title='bbox 338 1526 443 1558; x_wconf 78' lang='grc' dir='ltr'>αὺτδςό</span> <span class='ocrx_word' id='word_1_282' title='bbox 463 1525 607 1561; x_wconf 81' lang='grc' dir='ltr'>θεαρχικδς</span> <span class='ocrx_word' id='word_1_283' title='bbox 621 1525 673 1561; x_wconf 72' lang='grc' dir='ltr'>ἔφη</span> <span class='ocrx_word' id='word_1_284' title='bbox 691 1525 792 1560; x_wconf 86' lang='grc' dir='ltr'>Λόγος·</span> <span class='ocrx_word' id='word_1_285' title='bbox 811 1525 886 1560; x_wconf 78' lang='grc' dir='ltr'><strong>Ἐγὼ</strong></span> 
     </span>
    </p>
   </div>
   <div class='ocr_carea' id='block_1_34' title="bbox 93 1571 920 1614">
    <p class='ocr_par' dir='ltr' id='par_1_34' title="bbox 93 1571 920 1614">
     <span class='ocr_line' id='line_1_34' title="bbox 93 1571 920 1614; baseline -0.001 -13"><span class='ocrx_word' id='word_1_286' title='bbox 93 1574 145 1601; x_wconf 78' lang='grc' dir='ltr'>καὶ</span> <span class='ocrx_word' id='word_1_287' title='bbox 157 1575 174 1600; x_wconf 85' lang='grc' dir='ltr'><em>ὀ</em></span> <span class='ocrx_word' id='word_1_288' title='bbox 185 1573 286 1607; x_wconf 82' lang='grc' dir='ltr'>Πατὴρ</span> <span class='ocrx_word' id='word_1_289' title='bbox 298 1573 333 1600; x_wconf 77' lang='grc' dir='ltr'><strong>ἓν</strong></span> <span class='ocrx_word' id='word_1_290' title='bbox 346 1573 448 1608; x_wconf 75' lang='grc' dir='ltr'>ἐσμεν,</span> <span class='ocrx_word' id='word_1_291' title='bbox 461 1573 517 1604; x_wconf 74' lang='grc' dir='ltr'>καὶ,</span> <span class='ocrx_word' id='word_1_292' title='bbox 528 1572 628 1599; x_wconf 80' lang='grc' dir='ltr'><em>Πάντα</em></span> <span class='ocrx_word' id='word_1_293' title='bbox 640 1571 699 1599; x_wconf 80' lang='grc' dir='ltr'>ὅσα</span> <span class='ocrx_word' id='word_1_294' title='bbox 718 1571 780 1606; x_wconf 75' lang='grc' dir='ltr'>ἔχει</span> <span class='ocrx_word' id='word_1_295' title='bbox 799 1573 815 1599; x_wconf 85' lang='grc' dir='ltr'><em>ὀ</em></span> <span class='ocrx_word' id='word_1_296' title='bbox 827 1573 887 1600; x_wconf 62' lang='lat' dir='ltr'><strong>Ila?</strong></span> <span class='ocrx_word' id='word_1_297' title='bbox 898 1585 920 1614; x_wconf 65' lang='grc' dir='ltr'>ο</span> 
     </span>
    </p>
   </div>
   <div class='ocr_carea' id='block_1_35' title="bbox 93 1617 885 1655">
    <p class='ocr_par' dir='ltr' id='par_1_35' title="bbox 93 1617 885 1655">
     <span class='ocr_line' id='line_1_35' title="bbox 93 1617 885 1655; baseline -0.004 -8"><span class='ocrx_word' id='word_1_298' title='bbox 93 1620 161 1655; x_wconf 66' lang='lat' dir='ltr'><strong>tiu),</strong></span> <span class='ocrx_word' id='word_1_299' title='bbox 175 1619 232 1654; x_wconf 80' lang='grc' dir='ltr'><strong>ἐμά</strong></span> <span class='ocrx_word' id='word_1_300' title='bbox 251 1619 328 1651; x_wconf 82' lang='grc' dir='ltr'>ἐστι,</span> <span class='ocrx_word' id='word_1_301' title='bbox 342 1619 400 1650; x_wconf 76' lang='grc' dir='ltr'>καὶ,</span> <span class='ocrx_word' id='word_1_302' title='bbox 419 1618 520 1645; x_wconf 82' lang='grc' dir='ltr'><strong>Πάντα</strong></span> <span class='ocrx_word' id='word_1_303' title='bbox 539 1618 576 1644; x_wconf 84' lang='grc' dir='ltr'>τὰ</span> <span class='ocrx_word' id='word_1_304' title='bbox 593 1617 660 1652; x_wconf 82' lang='grc' dir='ltr'><strong>ἐμὰ,</strong></span> <span class='ocrx_word' id='word_1_305' title='bbox 679 1617 720 1644; x_wconf 85' lang='grc' dir='ltr'>σά</span> <span class='ocrx_word' id='word_1_306' title='bbox 739 1617 820 1649; x_wconf 81' lang='grc' dir='ltr'>ἐστι,</span> <span class='ocrx_word' id='word_1_307' title='bbox 836 1617 885 1644; x_wconf 78' lang='grc' dir='ltr'>καὶ</span> 
     </span>
    </p>
   </div>
   <div class='ocr_carea' id='block_1_36' title="bbox 91 1662 886 1700">
    <p class='ocr_par' dir='ltr' id='par_1_36' title="bbox 91 1662 886 1700">
     <span class='ocr_line' id='line_1_36' title="bbox 91 1662 886 1700; baseline -0.006 -6"><span class='ocrx_word' id='word_1_308' title='bbox 91 1667 132 1694; x_wconf 80' lang='grc' dir='ltr'>τὰ</span> <span class='ocrx_word' id='word_1_309' title='bbox 152 1666 204 1698; x_wconf 86' lang='grc' dir='ltr'>σὰ,</span> <span class='ocrx_word' id='word_1_310' title='bbox 226 1664 291 1700; x_wconf 81' lang='grc' dir='ltr'><strong>ἐμά.</strong></span> <span class='ocrx_word' id='word_1_311' title='bbox 311 1665 365 1691; x_wconf 77' lang='grc' dir='ltr'><strong>Καὶ</strong></span> <span class='ocrx_word' id='word_1_312' title='bbox 380 1662 467 1696; x_wconf 80' lang='grc' dir='ltr'>αὖθις,</span> <span class='ocrx_word' id='word_1_313' title='bbox 488 1664 539 1691; x_wconf 79' lang='grc' dir='ltr'>ὅσα</span> <span class='ocrx_word' id='word_1_314' title='bbox 559 1663 618 1690; x_wconf 76' lang='grc' dir='ltr'>ἐστὶ</span> <span class='ocrx_word' id='word_1_315' title='bbox 641 1662 689 1690; x_wconf 80' lang='grc' dir='ltr'>τοῦ</span> <span class='ocrx_word' id='word_1_316' title='bbox 713 1663 820 1699; x_wconf 83' lang='grc' dir='ltr'>Πατρὺς</span> <span class='ocrx_word' id='word_1_317' title='bbox 838 1664 886 1690; x_wconf 83' lang='grc' dir='ltr'>καὶ</span> 
     </span>
    </p>
   </div>
   <div class='ocr_carea' id='block_1_37' title="bbox 93 1710 887 1748">
    <p class='ocr_par' dir='ltr' id='par_1_37' title="bbox 93 1710 887 1748">
     <span class='ocr_line' id='line_1_37' title="bbox 93 1710 887 1748; baseline -0.006 -7"><span class='ocrx_word' id='word_1_318' title='bbox 93 1713 179 1741; x_wconf 79' lang='grc' dir='ltr'>αὐτοῦ</span> <span class='ocrx_word' id='word_1_319' title='bbox 198 1713 232 1745; x_wconf 90' lang='grc'><strong>⁷³,</strong></span> <span class='ocrx_word' id='word_1_320' title='bbox 252 1712 291 1748; x_wconf 85' lang='grc' dir='ltr'>τῷ</span> <span class='ocrx_word' id='word_1_321' title='bbox 316 1711 454 1748; x_wconf 83' lang='grc' dir='ltr'>θεαρχικῷ</span> <span class='ocrx_word' id='word_1_322' title='bbox 483 1710 622 1746; x_wconf 87' lang='grc' dir='ltr'>Πνεύματι</span> <span class='ocrx_word' id='word_1_323' title='bbox 647 1711 812 1742; x_wconf 84' lang='grc' dir='ltr'>κοινωνικῶς</span> <span class='ocrx_word' id='word_1_324' title='bbox 840 1711 887 1737; x_wconf 75' lang='grc' dir='ltr'>καὶ</span> 
     </span>
    </p>
   </div>
   <div class='ocr_carea' id='block_1_38' title="bbox 95 1756 887 1796">
    <p class='ocr_par' dir='ltr' id='par_1_38' title="bbox 95 1756 887 1796">
     <span class='ocr_line' id='line_1_38' title="bbox 95 1756 887 1796; baseline -0.008 -9"><span class='ocrx_word' id='word_1_325' title='bbox 95 1759 244 1796; x_wconf 80' lang='grc' dir='ltr'>ἡνωμένως</span> <span class='ocrx_word' id='word_1_326' title='bbox 259 1758 416 1794; x_wconf 83' lang='grc' dir='ltr'>ἀνατίθησι,</span> <span class='ocrx_word' id='word_1_327' title='bbox 435 1756 484 1789; x_wconf 77' lang='grc' dir='ltr'><strong>τὰς</strong></span> <span class='ocrx_word' id='word_1_328' title='bbox 505 1756 665 1792; x_wconf 82' lang='grc' dir='ltr'>θεουργίας,</span> <span class='ocrx_word' id='word_1_329' title='bbox 683 1756 713 1782; x_wconf 83' lang='grc' dir='ltr'>τὸ</span> <span class='ocrx_word' id='word_1_330' title='bbox 731 1756 822 1788; x_wconf 82' lang='grc' dir='ltr'>σέὸας,</span> <span class='ocrx_word' id='word_1_331' title='bbox 838 1756 887 1791; x_wconf 84' lang='grc' dir='ltr'>τὴν</span> 
     </span>
    </p>
   </div>
   <div class='ocr_carea' id='block_1_39' title="bbox 95 1802 887 1842">
    <p class='ocr_par' dir='ltr' id='par_1_39' title="bbox 95 1802 887 1842">
     <span class='ocr_line' id='line_1_39' title="bbox 95 1802 887 1842; baseline -0.004 -10"><span class='ocrx_word' id='word_1_332' title='bbox 95 1805 217 1842; x_wconf 84' lang='grc' dir='ltr'>πηγαίαν</span> <span class='ocrx_word' id='word_1_333' title='bbox 237 1805 285 1831; x_wconf 76' lang='grc' dir='ltr'>καὶ</span> <span class='ocrx_word' id='word_1_334' title='bbox 305 1804 480 1831; x_wconf 77' lang='grc' dir='ltr'>ἀνέκλειπτον</span> <span class='ocrx_word' id='word_1_335' title='bbox 500 1802 597 1834; x_wconf 75' lang='grc' dir='ltr'>αἰτίαν,</span> <span class='ocrx_word' id='word_1_336' title='bbox 623 1802 669 1829; x_wconf 77' lang='grc' dir='ltr'>καὶ</span> <span class='ocrx_word' id='word_1_337' title='bbox 689 1802 816 1838; x_wconf 83' lang='grc' dir='ltr'>διανομὴν</span> <span class='ocrx_word' id='word_1_338' title='bbox 832 1802 887 1829; x_wconf 88' lang='grc' dir='ltr'><strong>τῶν</strong></span> 
     </span>
    </p>
   </div>
   <div class='ocr_carea' id='block_1_40' title="bbox 94 1846 888 1887">
    <p class='ocr_par' dir='ltr' id='par_1_40' title="bbox 94 1846 888 1887">
     <span class='ocr_line' id='line_1_40' title="bbox 94 1846 888 1887; baseline -0.008 -8"><span class='ocrx_word' id='word_1_339' title='bbox 94 1850 299 1887; x_wconf 78' lang='grc' dir='ltr'>ἁγαθοπρεπῶν</span> <span class='ocrx_word' id='word_1_340' title='bbox 310 1849 404 1885; x_wconf 82' lang='grc' dir='ltr'>δώρων</span> <span class='ocrx_word' id='word_1_341' title='bbox 416 1849 449 1874; x_wconf 77' lang='grc'><strong>⁷⁸.</strong></span> <span class='ocrx_word' id='word_1_342' title='bbox 464 1848 518 1874; x_wconf 76' lang='grc' dir='ltr'><strong>Καὶ</strong></span> <span class='ocrx_word' id='word_1_343' title='bbox 529 1848 622 1874; x_wconf 73' lang='grc' dir='ltr'>οὐδένα</span> <span class='ocrx_word' id='word_1_344' title='bbox 635 1846 688 1874; x_wconf 88' lang='grc' dir='ltr'><strong>τῶν</strong></span> <span class='ocrx_word' id='word_1_345' title='bbox 700 1848 729 1873; x_wconf 78' lang='grc' dir='ltr'>ὲν</span> <span class='ocrx_word' id='word_1_346' title='bbox 739 1849 794 1879; x_wconf 87' lang='grc' dir='ltr'>τοῖς</span> <span class='ocrx_word' id='word_1_347' title='bbox 807 1847 888 1879; x_wconf 84' lang='grc' dir='ltr'>θείοις</span> 
     </span>
    </p>
   </div>
   <div class='ocr_carea' id='block_1_41' title="bbox 95 1892 890 1934">
    <p class='ocr_par' dir='ltr' id='par_1_41' title="bbox 95 1892 890 1934">
     <span class='ocr_line' id='line_1_41' title="bbox 95 1892 890 1934; baseline -0.008 -9"><span class='ocrx_word' id='word_1_348' title='bbox 95 1899 200 1934; x_wconf 80' lang='grc' dir='ltr'>λογίοις</span> <span class='ocrx_word' id='word_1_349' title='bbox 212 1897 401 1933; x_wconf 76' lang='grc' dir='ltr'>ἁδιαστρόφοις</span> <span class='ocrx_word' id='word_1_350' title='bbox 423 1895 539 1926; x_wconf 72' lang='grc' dir='ltr'>ἐννοίαις</span> <span class='ocrx_word' id='word_1_351' title='bbox 554 1893 790 1929; x_wconf 80' lang='grc' dir='ltr'>ὲντεθραμμένων,</span> <span class='ocrx_word' id='word_1_352' title='bbox 813 1892 890 1930; x_wconf 70' lang='grc' dir='ltr'>οἶμαι</span> 
     </span>
    </p>
   </div>
   <div class='ocr_carea' id='block_1_42' title="bbox 96 1939 892 1982">
    <p class='ocr_par' dir='ltr' id='par_1_42' title="bbox 96 1939 892 1982">
     <span class='ocr_line' id='line_1_42' title="bbox 96 1939 892 1982; baseline -0.01 -9"><span class='ocrx_word' id='word_1_353' title='bbox 96 1946 169 1982; x_wconf 80' lang='grc' dir='ltr'>πρὸς</span> <span class='ocrx_word' id='word_1_354' title='bbox 183 1944 262 1971; x_wconf 80' lang='grc' dir='ltr'>τοῦτο</span> <span class='ocrx_word' id='word_1_355' title='bbox 275 1944 408 1978; x_wconf 81' lang='grc' dir='ltr'>ἀντερεῖν,</span> <span class='ocrx_word' id='word_1_356' title='bbox 420 1941 460 1967; x_wconf 83' lang='grc' dir='ltr'>ὅτι</span> <span class='ocrx_word' id='word_1_357' title='bbox 480 1940 516 1967; x_wconf 80' lang='grc' dir='ltr'><strong>τὰ</strong></span> <span class='ocrx_word' id='word_1_358' title='bbox 536 1940 675 1975; x_wconf 78' lang='grc' dir='ltr'>θεοπρεπῆ</span> <span class='ocrx_word' id='word_1_359' title='bbox 689 1939 778 1967; x_wconf 82' lang='grc' dir='ltr'>πάντα</span> <span class='ocrx_word' id='word_1_360' title='bbox 790 1941 823 1975; x_wconf 84' lang='grc' dir='ltr'><strong>τῇ</strong></span> <span class='ocrx_word' id='word_1_361' title='bbox 842 1939 892 1976; x_wconf 77' lang='grc' dir='ltr'><strong>ὅλῃ</strong></span> 
     </span>
    </p>
   </div>
   <div class='ocr_carea' id='block_1_43' title="bbox 97 1984 892 2027">
    <p class='ocr_par' dir='ltr' id='par_1_43' title="bbox 97 1984 892 2027">
     <span class='ocr_line' id='line_1_43' title="bbox 97 1984 892 2027; baseline -0.01 -8"><span class='ocrx_word' id='word_1_362' title='bbox 97 1991 215 2027; x_wconf 71' lang='grc' dir='ltr'>ῡεαρχίᾳ</span> <span class='ocrx_word' id='word_1_363' title='bbox 226 1989 378 2026; x_wconf 73' lang='grc' dir='ltr'>πρόσεστιτδ</span> <span class='ocrx_word' id='word_1_364' title='bbox 387 1986 458 2014; x_wconf 85' lang='grc' dir='ltr'>κατὰ</span> <span class='ocrx_word' id='word_1_365' title='bbox 468 1987 514 2013; x_wconf 78' lang='grc' dir='ltr'>τὸν</span> <span class='ocrx_word' id='word_1_366' title='bbox 525 1986 635 2021; x_wconf 87' lang='grc' dir='ltr'>θεοτελῆ</span> <span class='ocrx_word' id='word_1_367' title='bbox 640 1984 892 2020; x_wconf 80' lang='grc' dir='ltr'>λόγον.Τούτωνοῦν</span> 
     </span>
    </p>
   </div>
   <div class='ocr_carea' id='block_1_44' title="bbox 97 2030 892 2073">
    <p class='ocr_par' dir='ltr' id='par_1_44' title="bbox 97 2030 892 2073">
     <span class='ocr_line' id='line_1_44' title="bbox 97 2030 892 2073; baseline -0.011 -8"><span class='ocrx_word' id='word_1_368' title='bbox 97 2039 167 2073; x_wconf 71' lang='grc' dir='ltr'>ἡμῖν</span> <span class='ocrx_word' id='word_1_369' title='bbox 183 2035 305 2072; x_wconf 79' lang='grc' dir='ltr'><strong>βραχέως</strong></span> <span class='ocrx_word' id='word_1_370' title='bbox 323 2034 372 2070; x_wconf 71' lang='grc' dir='ltr'>μὲν</span> <span class='ocrx_word' id='word_1_371' title='bbox 392 2033 421 2059; x_wconf 79' lang='grc' dir='ltr'>ὲν</span> <span class='ocrx_word' id='word_1_372' title='bbox 433 2031 537 2063; x_wconf 78' lang='grc' dir='ltr'>τούτοις</span> <span class='ocrx_word' id='word_1_373' title='bbox 559 2030 606 2058; x_wconf 77' lang='grc' dir='ltr'>καὶ</span> <span class='ocrx_word' id='word_1_374' title='bbox 616 2030 747 2066; x_wconf 83' lang='grc' dir='ltr'>μερικῶς,</span> <span class='ocrx_word' id='word_1_375' title='bbox 762 2031 791 2057; x_wconf 83' lang='grc' dir='ltr'>ὲν</span> <span class='ocrx_word' id='word_1_376' title='bbox 803 2030 892 2063; x_wconf 74' lang='grc' dir='ltr'>ἄλλοις</span> 
     </span>
    </p>
   </div>
   <div class='ocr_carea' id='block_1_45' title="bbox 98 2076 893 2114">
    <p class='ocr_par' dir='ltr' id='par_1_45' title="bbox 98 2076 893 2114">
     <span class='ocr_line' id='line_1_45' title="bbox 98 2076 893 2114; baseline -0.011 -4"><span class='ocrx_word' id='word_1_377' title='bbox 98 2083 130 2110; x_wconf 78' lang='grc' dir='ltr'>δὲ</span> <span class='ocrx_word' id='word_1_378' title='bbox 137 2082 236 2114; x_wconf 81' lang='grc' dir='ltr'>ἱκανῶς</span> <span class='ocrx_word' id='word_1_379' title='bbox 252 2082 284 2108; x_wconf 82' lang='grc' dir='ltr'>ὲκ</span> <span class='ocrx_word' id='word_1_380' title='bbox 297 2080 352 2107; x_wconf 86' lang='grc' dir='ltr'><strong>τῶν</strong></span> <span class='ocrx_word' id='word_1_381' title='bbox 370 2078 466 2113; x_wconf 90' lang='grc' dir='ltr'>λογίων</span> <span class='ocrx_word' id='word_1_382' title='bbox 482 2076 713 2111; x_wconf 81' lang='grc' dir='ltr'>ἀποδεδειγμένων</span> <span class='ocrx_word' id='word_1_383' title='bbox 727 2084 757 2102; x_wconf 88' lang='grc' dir='ltr'><strong>τε</strong></span> <span class='ocrx_word' id='word_1_384' title='bbox 772 2076 818 2102; x_wconf 75' lang='grc' dir='ltr'>καὶ</span> <span class='ocrx_word' id='word_1_385' title='bbox 834 2076 893 2102; x_wconf 90' lang='grc' dir='ltr'>διω-</span> 
     </span>
    </p>
   </div>
   <div class='ocr_carea' id='block_1_46' title="bbox 68 2118 893 2165">
    <p class='ocr_par' dir='ltr' id='par_1_46' title="bbox 68 2118 893 2165">
     <span class='ocr_line' id='line_1_46' title="bbox 68 2118 893 2165; baseline -0.012 -9"><span class='ocrx_word' id='word_1_386' title='bbox 68 2118 70 2120; x_wconf 24' lang='grc'><em>’</em></span> <span class='ocrx_word' id='word_1_387' title='bbox 101 2129 249 2165; x_wconf 81' lang='grc' dir='ltr'>ρισμένων,</span> <span class='ocrx_word' id='word_1_388' title='bbox 261 2125 355 2154; x_wconf 84' lang='grc' dir='ltr'>ὁποίαν</span> <span class='ocrx_word' id='word_1_389' title='bbox 367 2123 520 2156; x_wconf 78' lang='grc' dir='ltr'>ἀναπτύξαι</span> <span class='ocrx_word' id='word_1_390' title='bbox 533 2121 685 2157; x_wconf 86' lang='grc' dir='ltr'>θεωνυμίαν</span> <span class='ocrx_word' id='word_1_391' title='bbox 699 2121 793 2157; x_wconf 81' lang='grc' dir='ltr'>ὀλικὴν</span> <span class='ocrx_word' id='word_1_392' title='bbox 807 2122 893 2157; x_wconf 76' lang='grc' dir='ltr'>ἐγχει-</span> 
     </span>
    </p>
   </div>
   <div class='ocr_carea' id='block_1_47' title="bbox 100 2167 866 2211">
    <p class='ocr_par' dir='ltr' id='par_1_47' title="bbox 100 2167 866 2211">
     <span class='ocr_line' id='line_1_47' title="bbox 100 2167 866 2211; baseline -0.01 -10"><span class='ocrx_word' id='word_1_393' title='bbox 100 2176 221 2211; x_wconf 85' lang='grc' dir='ltr'>ρήσομεν</span> <span class='ocrx_word' id='word_1_394' title='bbox 231 2174 265 2205; x_wconf 80' lang='grc'><strong>⁷⁸,</strong></span> <span class='ocrx_word' id='word_1_395' title='bbox 279 2172 326 2199; x_wconf 75' lang='grc' dir='ltr'><strong>ἐπὶ</strong></span> <span class='ocrx_word' id='word_1_396' title='bbox 340 2171 389 2206; x_wconf 81' lang='grc' dir='ltr'>τῆς</span> <span class='ocrx_word' id='word_1_397' title='bbox 402 2170 466 2205; x_wconf 82' lang='grc' dir='ltr'>ὅλης</span> <span class='ocrx_word' id='word_1_398' title='bbox 477 2168 560 2205; x_wconf 80' lang='grc' dir='ltr'>αὐτὴν</span> <span class='ocrx_word' id='word_1_399' title='bbox 574 2168 697 2203; x_wconf 83' lang='grc' dir='ltr'>θεότητος</span> <span class='ocrx_word' id='word_1_400' title='bbox 709 2167 866 2203; x_wconf 83' lang='grc' dir='ltr'>ὲκληπτέον.</span> 
     </span>
    </p>
   </div>
   <div class='ocr_carea' id='block_1_48' title="bbox 935 281 1725 317">
    <p class='ocr_par' dir='ltr' id='par_1_48' title="bbox 935 281 1725 317">
     <span class='ocr_line' id='line_1_48' title="bbox 935 281 1725 317; baseline 0.001 -9"><span class='ocrx_word' id='word_1_401' title='bbox 935 283 1016 309; x_wconf 86' lang='lat' dir='ltr'><strong>audet</strong></span> <span class='ocrx_word' id='word_1_402' title='bbox 1030 281 1073 308; x_wconf 90' lang='lat' dir='ltr'><strong>ille</strong></span> <span class='ocrx_word' id='word_1_403' title='bbox 1087 287 1188 309; x_wconf 86' lang='lat' dir='ltr'><strong>temere</strong></span> <span class='ocrx_word' id='word_1_404' title='bbox 1204 282 1348 314; x_wconf 85' lang='lat' dir='ltr'><strong>unitatem,</strong></span> <span class='ocrx_word' id='word_1_405' title='bbox 1361 290 1421 316; x_wconf 67' lang='lat' dir='ltr'><strong>quae</strong></span> <span class='ocrx_word' id='word_1_406' title='bbox 1441 291 1605 317; x_wconf 83' lang='lat' dir='ltr'><strong>supraquatu</strong></span> <span class='ocrx_word' id='word_1_407' title='bbox 1629 291 1680 309; x_wconf 86' lang='lat' dir='ltr'><strong>una</strong></span> <span class='ocrx_word' id='word_1_408' title='bbox 1697 287 1725 309; x_wconf 89' lang='lat' dir='ltr'><strong>et</strong></span> 
     </span>
    </p>
   </div>
   <div class='ocr_carea' id='block_1_49' title="bbox 935 327 1725 362">
    <p class='ocr_par' dir='ltr' id='par_1_49' title="bbox 935 327 1725 362">
     <span class='ocr_line' id='line_1_49' title="bbox 935 327 1725 362; baseline 0.001 -8"><span class='ocrx_word' id='word_1_409' title='bbox 935 327 1049 362; x_wconf 77' lang='lat' dir='ltr'><strong>simplex</strong></span> <span class='ocrx_word' id='word_1_410' title='bbox 1063 332 1115 360; x_wconf 87' lang='lat' dir='ltr'><strong>est,</strong></span> <span class='ocrx_word' id='word_1_411' title='bbox 1129 327 1282 355; x_wconf 76' lang='lat' dir='ltr'><strong>distrahere</strong></span> <span class='ocrx_word' id='word_1_412' title='bbox 1296 332 1322 354; x_wconf 90' lang='lat' dir='ltr'><strong>et</strong></span> <span class='ocrx_word' id='word_1_413' title='bbox 1338 328 1501 362; x_wconf 72' lang='lat' dir='ltr'><strong>vituperare.</strong></span> <span class='ocrx_word' id='word_1_414' title='bbox 1518 329 1666 356; x_wconf 77' lang='lat' dir='ltr'><strong>Dicendum</strong></span> <span class='ocrx_word' id='word_1_415' title='bbox 1682 334 1725 355; x_wconf 90' lang='lat' dir='ltr'><strong>est</strong></span> 
     </span>
    </p>
   </div>
   <div class='ocr_carea' id='block_1_50' title="bbox 936 373 1723 409">
    <p class='ocr_par' dir='ltr' id='par_1_50' title="bbox 936 373 1723 409">
     <span class='ocr_line' id='line_1_50' title="bbox 936 373 1723 409; baseline 0 -9"><span class='ocrx_word' id='word_1_416' title='bbox 936 373 1030 409; x_wconf 79' lang='lat' dir='ltr'><strong>igitur,</strong></span> <span class='ocrx_word' id='word_1_417' title='bbox 1046 374 1080 401; x_wconf 88' lang='lat' dir='ltr'><strong>de</strong></span> <span class='ocrx_word' id='word_1_418' title='bbox 1093 378 1148 401; x_wconf 86' lang='lat' dir='ltr'><strong>tota</strong></span> <span class='ocrx_word' id='word_1_419' title='bbox 1164 373 1271 401; x_wconf 88' lang='lat' dir='ltr'><strong>Deitate</strong></span> <span class='ocrx_word' id='word_1_420' title='bbox 1284 374 1335 401; x_wconf 88' lang='lat' dir='ltr'><strong>hoc</strong></span> <span class='ocrx_word' id='word_1_421' title='bbox 1354 375 1440 408; x_wconf 79' lang='lat' dir='ltr'><strong>accipi</strong></span> <span class='ocrx_word' id='word_1_422' title='bbox 1460 380 1586 409; x_wconf 84' lang='lat' dir='ltr'><strong>oportere</strong></span> <span class='ocrx_word' id='word_1_423' title='bbox 1600 384 1607 402; x_wconf 91' lang='lat'><strong>:</strong></span> <span class='ocrx_word' id='word_1_424' title='bbox 1623 375 1723 402; x_wconf 90' lang='lat' dir='ltr'><strong>etenim</strong></span> 
     </span>
    </p>
   </div>
   <div class='ocr_carea' id='block_1_51' title="bbox 934 419 1723 455">
    <p class='ocr_par' dir='ltr' id='par_1_51' title="bbox 934 419 1723 455">
     <span class='ocr_line' id='line_1_51' title="bbox 934 419 1723 455; baseline 0 -8"><span class='ocrx_word' id='word_1_425' title='bbox 934 425 963 447; x_wconf 83' lang='lat' dir='ltr'><strong>et</strong></span> <span class='ocrx_word' id='word_1_426' title='bbox 984 419 1100 447; x_wconf 79' lang='lat' dir='ltr'><strong>Verbum</strong></span> <span class='ocrx_word' id='word_1_427' title='bbox 1129 420 1228 455; x_wconf 84' lang='lat' dir='ltr'><strong>ipsum,</strong></span> <span class='ocrx_word' id='word_1_428' title='bbox 1252 420 1323 454; x_wconf 86' lang='lat' dir='ltr'><strong>quod</strong></span> <span class='ocrx_word' id='word_1_429' title='bbox 1347 425 1444 446; x_wconf 84' lang='lat' dir='ltr'><strong>natura</strong></span> <span class='ocrx_word' id='word_1_430' title='bbox 1468 420 1567 446; x_wconf 87' lang='lat' dir='ltr'><strong>bonum</strong></span> <span class='ocrx_word' id='word_1_431' title='bbox 1591 428 1643 453; x_wconf 68' lang='grc' dir='ltr'>εει,</span> <span class='ocrx_word' id='word_1_432' title='bbox 1662 420 1723 448; x_wconf 76' lang='lat' dir='ltr'><strong>ait;</strong></span> 
     </span>
    </p>
   </div>
   <div class='ocr_carea' id='block_1_52' title="bbox 936 466 1724 501">
    <p class='ocr_par' dir='ltr' id='par_1_52' title="bbox 936 466 1724 501">
     <span class='ocr_line' id='line_1_52' title="bbox 936 466 1724 501; baseline -0.001 -8"><span class='ocrx_word' id='word_1_433' title='bbox 936 466 992 501; x_wconf 79' lang='lat' dir='ltr'><strong>Ego</strong></span> <span class='ocrx_word' id='word_1_434' title='bbox 1007 466 1090 493; x_wconf 72' lang='lat' dir='ltr'><strong>bonus</strong></span> <span class='ocrx_word' id='word_1_435' title='bbox 1113 475 1170 493; x_wconf 82' lang='lat' dir='ltr'><strong>rum</strong></span> <span class='ocrx_word' id='word_1_436' title='bbox 1187 471 1210 498; x_wconf 70' lang='grc' dir='ltr'><strong>ι,</strong></span> <span class='ocrx_word' id='word_1_437' title='bbox 1227 471 1255 493; x_wconf 88' lang='lat' dir='ltr'><strong>et</strong></span> <span class='ocrx_word' id='word_1_438' title='bbox 1271 467 1380 500; x_wconf 88' lang='lat' dir='ltr'><strong>quidam</strong></span> <span class='ocrx_word' id='word_1_439' title='bbox 1407 467 1536 500; x_wconf 76' lang='lat' dir='ltr'><strong>propheta</strong></span> <span class='ocrx_word' id='word_1_440' title='bbox 1557 467 1648 493; x_wconf 90' lang='lat' dir='ltr'><strong>divino</strong></span> <span class='ocrx_word' id='word_1_441' title='bbox 1669 466 1724 492; x_wconf 86' lang='lat' dir='ltr'><strong>Nu-</strong></span> 
     </span>
    </p>
   </div>
   <div class='ocr_carea' id='block_1_53' title="bbox 936 511 1723 548">
    <p class='ocr_par' dir='ltr' id='par_1_53' title="bbox 936 511 1723 548">
     <span class='ocr_line' id='line_1_53' title="bbox 936 511 1723 548; baseline -0.001 -9"><span class='ocrx_word' id='word_1_442' title='bbox 936 513 1009 540; x_wconf 94' lang='lat' dir='ltr'><strong>mine</strong></span> <span class='ocrx_word' id='word_1_443' title='bbox 1027 511 1131 539; x_wconf 71' lang='lat' dir='ltr'><strong>adlatus</strong></span> <span class='ocrx_word' id='word_1_444' title='bbox 1147 512 1230 548; x_wconf 74' lang='lat'><strong>316</strong></span> <span class='ocrx_word' id='word_1_445' title='bbox 1253 513 1343 539; x_wconf 82' lang='lat' dir='ltr'><strong>laudat</strong></span> <span class='ocrx_word' id='word_1_446' title='bbox 1366 513 1496 547; x_wconf 78' lang='lat' dir='ltr'><strong>Spiritum</strong></span> <span class='ocrx_word' id='word_1_447' title='bbox 1520 512 1619 539; x_wconf 87' lang='lat' dir='ltr'><strong>bonum</strong></span> <span class='ocrx_word' id='word_1_448' title='bbox 1644 516 1667 539; x_wconf 80' lang='lat'><strong>&#39;.</strong></span> <span class='ocrx_word' id='word_1_449' title='bbox 1689 512 1723 539; x_wconf 81' lang='lat' dir='ltr'><strong>Et</strong></span> 
     </span>
    </p>
   </div>
   <div class='ocr_carea' id='block_1_54' title="bbox 936 558 1725 594">
    <p class='ocr_par' dir='ltr' id='par_1_54' title="bbox 936 558 1725 594">
     <span class='ocr_line' id='line_1_54' title="bbox 936 558 1725 594; baseline 0 -8"><span class='ocrx_word' id='word_1_450' title='bbox 936 566 1043 586; x_wconf 88' lang='lat' dir='ltr'><strong>rursum</strong></span> <span class='ocrx_word' id='word_1_451' title='bbox 1056 559 1119 586; x_wconf 91' lang='lat' dir='ltr'><strong>illud</strong></span> <span class='ocrx_word' id='word_1_452' title='bbox 1135 567 1142 586; x_wconf 90' lang='lat'><strong>:</strong></span> <span class='ocrx_word' id='word_1_453' title='bbox 1157 559 1212 594; x_wconf 82' lang='lat' dir='ltr'><strong>Ego</strong></span> <span class='ocrx_word' id='word_1_454' title='bbox 1232 567 1290 585; x_wconf 77' lang='lat' dir='ltr'><strong>sum</strong></span> <span class='ocrx_word' id='word_1_455' title='bbox 1304 559 1349 593; x_wconf 86' lang='lat' dir='ltr'><strong>qui</strong></span> <span class='ocrx_word' id='word_1_456' title='bbox 1365 567 1422 585; x_wconf 74' lang='lat' dir='ltr'><strong>sum</strong></span> <span class='ocrx_word' id='word_1_457' title='bbox 1440 560 1460 590; x_wconf 78' lang='grc' dir='ltr'>ι,</span> <span class='ocrx_word' id='word_1_458' title='bbox 1478 558 1528 585; x_wconf 92' lang='lat' dir='ltr'><strong>nisi</strong></span> <span class='ocrx_word' id='word_1_459' title='bbox 1543 559 1576 585; x_wconf 91' lang='lat' dir='ltr'><strong>de</strong></span> <span class='ocrx_word' id='word_1_460' title='bbox 1592 563 1646 584; x_wconf 82' lang='lat' dir='ltr'><strong>tota</strong></span> <span class='ocrx_word' id='word_1_461' title='bbox 1660 566 1725 586; x_wconf 67' lang='lat' dir='ltr'><strong>cum</strong></span> 
     </span>
    </p>
   </div>
   <div class='ocr_carea' id='block_1_55' title="bbox 936 604 1724 639">
    <p class='ocr_par' dir='ltr' id='par_1_55' title="bbox 936 604 1724 639">
     <span class='ocr_line' id='line_1_55' title="bbox 936 604 1724 639; baseline -0.003 -7"><span class='ocrx_word' id='word_1_462' title='bbox 936 605 1031 632; x_wconf 78' lang='lat' dir='ltr'><strong>cedant</strong></span> <span class='ocrx_word' id='word_1_463' title='bbox 1051 604 1193 632; x_wconf 88' lang='lat' dir='ltr'><strong>divinitate</strong></span> <span class='ocrx_word' id='word_1_464' title='bbox 1252 606 1476 639; x_wconf 84' lang='lat' dir='ltr'><strong>pronuntiatum,</strong></span> <span class='ocrx_word' id='word_1_465' title='bbox 1502 604 1550 632; x_wconf 86' lang='lat' dir='ltr'><strong>sed</strong></span> <span class='ocrx_word' id='word_1_466' title='bbox 1576 605 1724 632; x_wconf 86' lang='lat' dir='ltr'><strong>secundum</strong></span> 
     </span>
    </p>
   </div>
   <div class='ocr_carea' id='block_1_56' title="bbox 937 650 1723 685">
    <p class='ocr_par' dir='ltr' id='par_1_56' title="bbox 937 650 1723 685">
     <span class='ocr_line' id='line_1_56' title="bbox 937 650 1723 685; baseline 0 -8"><span class='ocrx_word' id='word_1_467' title='bbox 937 658 1018 677; x_wconf 88' lang='lat' dir='ltr'><strong>unam</strong></span> <span class='ocrx_word' id='word_1_468' title='bbox 1043 650 1177 678; x_wconf 78' lang='lat' dir='ltr'><strong>duntaxat</strong></span> <span class='ocrx_word' id='word_1_469' title='bbox 1202 657 1307 685; x_wconf 87' lang='lat' dir='ltr'><strong>partem</strong></span> <span class='ocrx_word' id='word_1_470' title='bbox 1330 651 1495 685; x_wconf 81' lang='lat' dir='ltr'><strong>descriptum</strong></span> <span class='ocrx_word' id='word_1_471' title='bbox 1519 651 1723 684; x_wconf 89' lang='lat' dir='ltr'><strong>contenderint,</strong></span> 
     </span>
    </p>
   </div>
   <div class='ocr_carea' id='block_1_57' title="bbox 937 696 1723 732">
    <p class='ocr_par' dir='ltr' id='par_1_57' title="bbox 937 696 1723 732">
     <span class='ocr_line' id='line_1_57' title="bbox 937 696 1723 732; baseline 0 -10"><span class='ocrx_word' id='word_1_472' title='bbox 937 696 1072 730; x_wconf 90' lang='lat' dir='ltr'><strong>quomodo</strong></span> <span class='ocrx_word' id='word_1_473' title='bbox 1087 696 1151 723; x_wconf 91' lang='lat' dir='ltr'><strong>illud</strong></span> <span class='ocrx_word' id='word_1_474' title='bbox 1174 697 1348 732; x_wconf 79' lang='lat' dir='ltr'><strong>intelligent:</strong></span> <span class='ocrx_word' id='word_1_475' title='bbox 1364 696 1427 724; x_wconf 67' lang='lat' dir='ltr'><strong>Haec</strong></span> <span class='ocrx_word' id='word_1_476' title='bbox 1451 697 1514 723; x_wconf 85' lang='lat' dir='ltr'><strong>dicit</strong></span> <span class='ocrx_word' id='word_1_477' title='bbox 1532 697 1576 732; x_wconf 86' lang='lat' dir='ltr'><strong>qui</strong></span> <span class='ocrx_word' id='word_1_478' title='bbox 1600 701 1656 729; x_wconf 76' lang='lat' dir='ltr'><strong>ut,</strong></span> <span class='ocrx_word' id='word_1_479' title='bbox 1679 697 1723 732; x_wconf 84' lang='lat' dir='ltr'><strong>qui</strong></span> 
     </span>
    </p>
   </div>
   <div class='ocr_carea' id='block_1_58' title="bbox 936 742 1725 777">
    <p class='ocr_par' dir='ltr' id='par_1_58' title="bbox 936 742 1725 777">
     <span class='ocr_line' id='line_1_58' title="bbox 936 742 1725 777; baseline 0 -8"><span class='ocrx_word' id='word_1_480' title='bbox 936 749 1003 776; x_wconf 79' lang='lat' dir='ltr'><strong>erat,</strong></span> <span class='ocrx_word' id='word_1_481' title='bbox 1027 743 1072 777; x_wconf 83' lang='lat' dir='ltr'><strong>qui</strong></span> <span class='ocrx_word' id='word_1_482' title='bbox 1096 747 1217 770; x_wconf 75' lang='lat' dir='ltr'><strong>venturus</strong></span> <span class='ocrx_word' id='word_1_483' title='bbox 1237 748 1286 774; x_wconf 71' lang='lat' dir='ltr'><strong>est,</strong></span> <span class='ocrx_word' id='word_1_484' title='bbox 1302 743 1466 775; x_wconf 72' lang='lat' dir='ltr'><strong>omnipotens</strong></span> <span class='ocrx_word' id='word_1_485' title='bbox 1479 749 1508 777; x_wconf 70' lang='lat' dir='ltr'><strong>II;</strong></span> <span class='ocrx_word' id='word_1_486' title='bbox 1531 749 1559 770; x_wconf 85' lang='lat' dir='ltr'><strong>et</strong></span> <span class='ocrx_word' id='word_1_487' title='bbox 1581 743 1666 770; x_wconf 87' lang='lat' dir='ltr'><strong>illud:</strong></span> <span class='ocrx_word' id='word_1_488' title='bbox 1685 742 1725 770; x_wconf 79' lang='lat' dir='ltr'><strong>Tu</strong></span> 
     </span>
    </p>
   </div>
   <div class='ocr_carea' id='block_1_59' title="bbox 936 788 1725 824">
    <p class='ocr_par' dir='ltr' id='par_1_59' title="bbox 936 788 1725 824">
     <span class='ocr_line' id='line_1_59' title="bbox 936 788 1725 824; baseline 0 -9"><span class='ocrx_word' id='word_1_489' title='bbox 936 793 1024 815; x_wconf 79' lang='lat' dir='ltr'><strong>autent</strong></span> <span class='ocrx_word' id='word_1_490' title='bbox 1041 789 1110 815; x_wconf 78' lang='lat' dir='ltr'><strong>idem</strong></span> <span class='ocrx_word' id='word_1_491' title='bbox 1127 789 1181 822; x_wconf 74' lang='lat' dir='ltr'><strong>ipse</strong></span> <span class='ocrx_word' id='word_1_492' title='bbox 1202 796 1230 815; x_wconf 79' lang='grc' dir='ltr'><strong>ει</strong></span> <span class='ocrx_word' id='word_1_493' title='bbox 1245 793 1273 820; x_wconf 89' lang='lat'><strong>&#39;;</strong></span> <span class='ocrx_word' id='word_1_494' title='bbox 1297 792 1324 816; x_wconf 87' lang='lat' dir='ltr'><strong>et</strong></span> <span class='ocrx_word' id='word_1_495' title='bbox 1356 788 1441 816; x_wconf 87' lang='lat' dir='ltr'><strong>illud:</strong></span> <span class='ocrx_word' id='word_1_496' title='bbox 1470 788 1585 824; x_wconf 72' lang='lat' dir='ltr'><strong>Spiritu:</strong></span> <span class='ocrx_word' id='word_1_497' title='bbox 1608 790 1725 816; x_wconf 74' lang='lat' dir='ltr'><strong>veritati:</strong></span> 
     </span>
    </p>
   </div>
   <div class='ocr_carea' id='block_1_60' title="bbox 936 833 1724 868">
    <p class='ocr_par' dir='ltr' id='par_1_60' title="bbox 936 833 1724 868">
     <span class='ocr_line' id='line_1_60' title="bbox 936 833 1724 868; baseline 0 -8"><span class='ocrx_word' id='word_1_498' title='bbox 936 834 981 868; x_wconf 81' lang='lat' dir='ltr'><strong>qui</strong></span> <span class='ocrx_word' id='word_1_499' title='bbox 988 835 1087 868; x_wconf 72' lang='grc' dir='ltr'>εει,ᾳυί</span> <span class='ocrx_word' id='word_1_500' title='bbox 1096 843 1111 860; x_wconf 89' lang='lat' dir='ltr'><strong>a</strong></span> <span class='ocrx_word' id='word_1_501' title='bbox 1122 833 1201 861; x_wconf 79' lang='lat' dir='ltr'><strong>Putre</strong></span> <span class='ocrx_word' id='word_1_502' title='bbox 1213 834 1328 868; x_wconf 78' lang='lat' dir='ltr'><strong>procedit</strong></span> <span class='ocrx_word' id='word_1_503' title='bbox 1341 833 1375 860; x_wconf 77' lang='lat' dir='ltr'><strong>x‘?</strong></span> <span class='ocrx_word' id='word_1_504' title='bbox 1389 834 1423 861; x_wconf 85' lang='lat' dir='ltr'><strong>Et</strong></span> <span class='ocrx_word' id='word_1_505' title='bbox 1435 835 1487 862; x_wconf 81' lang='lat' dir='ltr'><strong>nisi</strong></span> <span class='ocrx_word' id='word_1_506' title='bbox 1501 834 1670 862; x_wconf 86' lang='lat' dir='ltr'><strong>divinitatem</strong></span> <span class='ocrx_word' id='word_1_507' title='bbox 1683 839 1724 860; x_wconf 85' lang='lat' dir='ltr'><strong>lo-</strong></span> 
     </span>
    </p>
   </div>
   <div class='ocr_carea' id='block_1_61' title="bbox 940 878 1724 914">
    <p class='ocr_par' dir='ltr' id='par_1_61' title="bbox 940 878 1724 914">
     <span class='ocr_line' id='line_1_61' title="bbox 940 878 1724 914; baseline 0 -9"><span class='ocrx_word' id='word_1_508' title='bbox 940 883 993 905; x_wconf 86' lang='lat' dir='ltr'><strong>tam</strong></span> <span class='ocrx_word' id='word_1_509' title='bbox 1009 878 1102 906; x_wconf 86' lang='lat' dir='ltr'><strong>dicant</strong></span> <span class='ocrx_word' id='word_1_510' title='bbox 1116 886 1179 906; x_wconf 85' lang='lat' dir='ltr'><strong>esse</strong></span> <span class='ocrx_word' id='word_1_511' title='bbox 1194 879 1285 910; x_wconf 84' lang='lat' dir='ltr'><strong>vitam.</strong></span> <span class='ocrx_word' id='word_1_512' title='bbox 1295 880 1431 914; x_wconf 85' lang='lat' dir='ltr'><strong>quomodo</strong></span> <span class='ocrx_word' id='word_1_513' title='bbox 1447 886 1540 906; x_wconf 87' lang='lat' dir='ltr'><strong>verum</strong></span> <span class='ocrx_word' id='word_1_514' title='bbox 1554 884 1596 907; x_wconf 89' lang='lat' dir='ltr'><strong>est</strong></span> <span class='ocrx_word' id='word_1_515' title='bbox 1616 886 1724 907; x_wconf 85' lang='lat' dir='ltr'><strong>sacrum</strong></span> 
     </span>
    </p>
   </div>
   <div class='ocr_carea' id='block_1_62' title="bbox 903 915 1724 960">
    <p class='ocr_par' dir='ltr' id='par_1_62' title="bbox 903 915 1724 960">
     <span class='ocr_line' id='line_1_62' title="bbox 903 915 1724 960; baseline -0.001 -8"><span class='ocrx_word' id='word_1_516' title='bbox 903 915 924 942; x_wconf 76' lang='grc' dir='ltr'><strong><em>Β</em></strong></span> <span class='ocrx_word' id='word_1_517' title='bbox 944 925 1057 952; x_wconf 86' lang='lat' dir='ltr'><strong>verbum</strong></span> <span class='ocrx_word' id='word_1_518' title='bbox 1072 925 1144 960; x_wconf 89' lang='lat' dir='ltr'><strong>quod</strong></span> <span class='ocrx_word' id='word_1_519' title='bbox 1158 925 1197 951; x_wconf 95' lang='lat' dir='ltr'><strong>ait</strong></span> <span class='ocrx_word' id='word_1_520' title='bbox 1211 932 1218 951; x_wconf 88' lang='lat'><strong>:</strong></span> <span class='ocrx_word' id='word_1_521' title='bbox 1236 924 1312 952; x_wconf 80' lang='lat' dir='ltr'><strong>Sicut</strong></span> <span class='ocrx_word' id='word_1_522' title='bbox 1327 924 1410 952; x_wconf 85' lang='lat' dir='ltr'><strong>Pater</strong></span> <span class='ocrx_word' id='word_1_523' title='bbox 1430 926 1541 952; x_wconf 71' lang='grc' dir='ltr'>ιαιεὶιαι</span> <span class='ocrx_word' id='word_1_524' title='bbox 1560 931 1688 956; x_wconf 75' lang='lat' dir='ltr'><strong>mortuos,</strong></span> <span class='ocrx_word' id='word_1_525' title='bbox 1700 929 1724 952; x_wconf 83' lang='lat' dir='ltr'><strong>et</strong></span> 
     </span>
    </p>
   </div>
   <div class='ocr_carea' id='block_1_63' title="bbox 937 970 1723 1005">
    <p class='ocr_par' dir='ltr' id='par_1_63' title="bbox 937 970 1723 1005">
     <span class='ocr_line' id='line_1_63' title="bbox 937 970 1723 1005; baseline 0 -7"><span class='ocrx_word' id='word_1_526' title='bbox 937 970 1060 1004; x_wconf 70' lang='lat' dir='ltr'><strong>viviﬁcat,</strong></span> <span class='ocrx_word' id='word_1_527' title='bbox 1076 971 1113 997; x_wconf 67' lang='lat' dir='ltr'><strong>sit:</strong></span> <span class='ocrx_word' id='word_1_528' title='bbox 1126 976 1150 998; x_wconf 75' lang='lat' dir='ltr'><strong>et</strong></span> <span class='ocrx_word' id='word_1_529' title='bbox 1165 970 1252 997; x_wconf 64' lang='lat' dir='ltr'><strong>Filius</strong></span> <span class='ocrx_word' id='word_1_530' title='bbox 1265 979 1331 1005; x_wconf 69' lang='lat' dir='ltr'><strong>quo:</strong></span> <span class='ocrx_word' id='word_1_531' title='bbox 1349 971 1403 998; x_wconf 83' lang='lat' dir='ltr'><strong>vult</strong></span> <span class='ocrx_word' id='word_1_532' title='bbox 1419 972 1531 1005; x_wconf 70' lang='lat' dir='ltr'><strong>vivi/ica!</strong></span> <span class='ocrx_word' id='word_1_533' title='bbox 1543 975 1573 1000; x_wconf 69' lang='lat' dir='ltr'><strong>Y:</strong></span> <span class='ocrx_word' id='word_1_534' title='bbox 1589 976 1616 998; x_wconf 91' lang='lat' dir='ltr'><strong>et</strong></span> <span class='ocrx_word' id='word_1_535' title='bbox 1637 971 1701 998; x_wconf 84' lang='lat' dir='ltr'><strong>illud</strong></span> <span class='ocrx_word' id='word_1_536' title='bbox 1717 981 1723 998; x_wconf 74' lang='grc' dir='ltr'>ε</span> 
     </span>
    </p>
   </div>
   <div class='ocr_carea' id='block_1_64' title="bbox 938 1015 1726 1053">
    <p class='ocr_par' dir='ltr' id='par_1_64' title="bbox 938 1015 1726 1053">
     <span class='ocr_line' id='line_1_64' title="bbox 938 1015 1726 1053; baseline 0.001 -10"><span class='ocrx_word' id='word_1_537' title='bbox 938 1015 1053 1051; x_wconf 74' lang='lat' dir='ltr'><strong>Spiritus</strong></span> <span class='ocrx_word' id='word_1_538' title='bbox 1075 1022 1112 1043; x_wconf 75' lang='lat' dir='ltr'><strong>est</strong></span> <span class='ocrx_word' id='word_1_539' title='bbox 1126 1017 1172 1052; x_wconf 86' lang='lat' dir='ltr'><strong>qui</strong></span> <span class='ocrx_word' id='word_1_540' title='bbox 1186 1017 1299 1050; x_wconf 79' lang='lat' dir='ltr'><strong>uiviﬁcat</strong></span> <span class='ocrx_word' id='word_1_541' title='bbox 1313 1016 1346 1043; x_wconf 64' lang='lat'><strong>1?</strong></span> <span class='ocrx_word' id='word_1_542' title='bbox 1365 1017 1497 1050; x_wconf 79' lang='lat' dir='ltr'><strong>Quoniam</strong></span> <span class='ocrx_word' id='word_1_543' title='bbox 1517 1024 1624 1053; x_wconf 85' lang='lat' dir='ltr'><strong>quoque</strong></span> <span class='ocrx_word' id='word_1_544' title='bbox 1638 1017 1726 1044; x_wconf 86' lang='lat' dir='ltr'><strong>domi-</strong></span> 
     </span>
    </p>
   </div>
   <div class='ocr_carea' id='block_1_65' title="bbox 937 1063 1725 1096">
    <p class='ocr_par' dir='ltr' id='par_1_65' title="bbox 937 1063 1725 1096">
     <span class='ocr_line' id='line_1_65' title="bbox 937 1063 1725 1096; baseline 0.001 -7"><span class='ocrx_word' id='word_1_545' title='bbox 937 1067 1029 1090; x_wconf 88' lang='lat' dir='ltr'><strong>natum</strong></span> <span class='ocrx_word' id='word_1_546' title='bbox 1046 1063 1128 1091; x_wconf 84' lang='lat' dir='ltr'><strong>tutius</strong></span> <span class='ocrx_word' id='word_1_547' title='bbox 1143 1063 1235 1090; x_wconf 88' lang='lat' dir='ltr'><strong>mundi</strong></span> <span class='ocrx_word' id='word_1_548' title='bbox 1257 1068 1311 1090; x_wconf 88' lang='lat' dir='ltr'><strong>tota</strong></span> <span class='ocrx_word' id='word_1_549' title='bbox 1333 1064 1464 1090; x_wconf 83' lang='lat' dir='ltr'><strong>Divinitas</strong></span> <span class='ocrx_word' id='word_1_550' title='bbox 1480 1064 1597 1096; x_wconf 87' lang='lat' dir='ltr'><strong>obtinet,</strong></span> <span class='ocrx_word' id='word_1_551' title='bbox 1613 1064 1647 1091; x_wconf 91' lang='lat' dir='ltr'><strong>de</strong></span> <span class='ocrx_word' id='word_1_552' title='bbox 1670 1063 1725 1090; x_wconf 90' lang='lat' dir='ltr'><strong>Deo</strong></span> 
     </span>
    </p>
   </div>
   <div class='ocr_carea' id='block_1_66' title="bbox 937 1109 1725 1144">
    <p class='ocr_par' dir='ltr' id='par_1_66' title="bbox 937 1109 1725 1144">
     <span class='ocr_line' id='line_1_66' title="bbox 937 1109 1725 1144; baseline 0 -8"><span class='ocrx_word' id='word_1_553' title='bbox 937 1109 1046 1144; x_wconf 86' lang='lat' dir='ltr'><strong>quidem</strong></span> <span class='ocrx_word' id='word_1_554' title='bbox 1057 1109 1103 1144; x_wconf 92' lang='lat' dir='ltr'><strong>qui</strong></span> <span class='ocrx_word' id='word_1_555' title='bbox 1120 1109 1204 1136; x_wconf 92' lang='lat' dir='ltr'><strong>Deum</strong></span> <span class='ocrx_word' id='word_1_556' title='bbox 1221 1109 1326 1144; x_wconf 78' lang='lat' dir='ltr'><strong>genuit,</strong></span> <span class='ocrx_word' id='word_1_557' title='bbox 1340 1110 1381 1136; x_wconf 86' lang='lat' dir='ltr'><strong>vel</strong></span> <span class='ocrx_word' id='word_1_558' title='bbox 1395 1111 1428 1138; x_wconf 88' lang='lat' dir='ltr'><strong>de</strong></span> <span class='ocrx_word' id='word_1_559' title='bbox 1449 1110 1504 1138; x_wconf 87' lang='lat' dir='ltr'><strong>Deo</strong></span> <span class='ocrx_word' id='word_1_560' title='bbox 1528 1110 1597 1138; x_wconf 84' lang='lat' dir='ltr'><strong>Filio</strong></span> <span class='ocrx_word' id='word_1_561' title='bbox 1621 1118 1655 1137; x_wconf 89' lang='lat' dir='ltr'><strong>ne</strong></span> <span class='ocrx_word' id='word_1_562' title='bbox 1669 1110 1725 1137; x_wconf 84' lang='lat' dir='ltr'><strong>dici</strong></span> 
     </span>
    </p>
   </div>
   <div class='ocr_carea' id='block_1_67' title="bbox 936 1154 1726 1190">
    <p class='ocr_par' dir='ltr' id='par_1_67' title="bbox 936 1154 1726 1190">
     <span class='ocr_line' id='line_1_67' title="bbox 936 1154 1726 1190; baseline 0.003 -9"><span class='ocrx_word' id='word_1_563' title='bbox 936 1154 1044 1189; x_wconf 85' lang='lat' dir='ltr'><strong>quidem</strong></span> <span class='ocrx_word' id='word_1_564' title='bbox 1068 1155 1165 1189; x_wconf 79' lang='lat' dir='ltr'><strong>passit,</strong></span> <span class='ocrx_word' id='word_1_565' title='bbox 1189 1159 1218 1182; x_wconf 92' lang='lat' dir='ltr'><strong>ut</strong></span> <span class='ocrx_word' id='word_1_566' title='bbox 1242 1156 1349 1190; x_wconf 88' lang='lat' dir='ltr'><strong>opinor,</strong></span> <span class='ocrx_word' id='word_1_567' title='bbox 1364 1161 1430 1190; x_wconf 87' lang='lat' dir='ltr'><strong>quot</strong></span> <span class='ocrx_word' id='word_1_568' title='bbox 1453 1155 1601 1190; x_wconf 76' lang='lat' dir='ltr'><strong>Scriptura:</strong></span> <span class='ocrx_word' id='word_1_569' title='bbox 1623 1161 1726 1183; x_wconf 66' lang='lat' dir='ltr'><strong>sancta:</strong></span> 
     </span>
    </p>
   </div>
   <div class='ocr_carea' id='block_1_68' title="bbox 937 1201 1728 1229">
    <p class='ocr_par' dir='ltr' id='par_1_68' title="bbox 937 1201 1728 1229">
     <span class='ocr_line' id='line_1_68' title="bbox 937 1201 1728 1229; baseline 0.001 -2"><span class='ocrx_word' id='word_1_570' title='bbox 937 1201 1003 1229; x_wconf 84' lang='lat' dir='ltr'><strong>locis</strong></span> <span class='ocrx_word' id='word_1_571' title='bbox 1030 1201 1056 1228; x_wconf 92' lang='lat' dir='ltr'><strong>in</strong></span> <span class='ocrx_word' id='word_1_572' title='bbox 1079 1201 1161 1228; x_wconf 79' lang='lat' dir='ltr'><strong>Patre</strong></span> <span class='ocrx_word' id='word_1_573' title='bbox 1185 1206 1211 1228; x_wconf 91' lang='lat' dir='ltr'><strong>et</strong></span> <span class='ocrx_word' id='word_1_574' title='bbox 1239 1201 1307 1229; x_wconf 84' lang='lat' dir='ltr'><strong>Filio</strong></span> <span class='ocrx_word' id='word_1_575' title='bbox 1333 1210 1430 1229; x_wconf 81' lang='lat' dir='ltr'><strong>nomen</strong></span> <span class='ocrx_word' id='word_1_576' title='bbox 1454 1202 1580 1229; x_wconf 78' lang='lat' dir='ltr'><strong>Dominus</strong></span> <span class='ocrx_word' id='word_1_577' title='bbox 1607 1201 1728 1229; x_wconf 71' lang='lat' dir='ltr'><strong>celebre-</strong></span> 
     </span>
    </p>
   </div>
   <div class='ocr_carea' id='block_1_69' title="bbox 938 1246 1726 1282">
    <p class='ocr_par' dir='ltr' id='par_1_69' title="bbox 938 1246 1726 1282">
     <span class='ocr_line' id='line_1_69' title="bbox 938 1246 1726 1282; baseline 0.001 -9"><span class='ocrx_word' id='word_1_578' title='bbox 938 1251 997 1280; x_wconf 85' lang='lat' dir='ltr'><strong>tur;</strong></span> <span class='ocrx_word' id='word_1_579' title='bbox 1015 1246 1090 1281; x_wconf 87' lang='lat' dir='ltr'><strong>atqui</strong></span> <span class='ocrx_word' id='word_1_580' title='bbox 1107 1246 1224 1281; x_wconf 84' lang='lat' dir='ltr'><strong>Spiritus</strong></span> <span class='ocrx_word' id='word_1_581' title='bbox 1236 1255 1346 1282; x_wconf 89' lang='lat' dir='ltr'><strong>quoque</strong></span> <span class='ocrx_word' id='word_1_582' title='bbox 1365 1247 1494 1276; x_wconf 81' lang='lat' dir='ltr'><strong>Dominus</strong></span> <span class='ocrx_word' id='word_1_583' title='bbox 1510 1253 1561 1276; x_wconf 86' lang='lat' dir='ltr'><strong>est.</strong></span> <span class='ocrx_word' id='word_1_584' title='bbox 1579 1248 1726 1275; x_wconf 83' lang='lat' dir='ltr'><strong>Pulchrum</strong></span> 
     </span>
    </p>
   </div>
   <div class='ocr_carea' id='block_1_70' title="bbox 936 1293 1726 1329">
    <p class='ocr_par' dir='ltr' id='par_1_70' title="bbox 936 1293 1726 1329">
     <span class='ocr_line' id='line_1_70' title="bbox 936 1293 1726 1329; baseline 0.001 -10"><span class='ocrx_word' id='word_1_585' title='bbox 936 1293 1018 1320; x_wconf 78' lang='lat' dir='ltr'><strong>etiam</strong></span> <span class='ocrx_word' id='word_1_586' title='bbox 1038 1297 1065 1320; x_wconf 90' lang='lat' dir='ltr'><strong>et</strong></span> <span class='ocrx_word' id='word_1_587' title='bbox 1082 1293 1189 1328; x_wconf 80' lang='lat' dir='ltr'><strong>sapiens</strong></span> <span class='ocrx_word' id='word_1_588' title='bbox 1202 1293 1235 1321; x_wconf 90' lang='lat' dir='ltr'><strong>de</strong></span> <span class='ocrx_word' id='word_1_589' title='bbox 1250 1298 1306 1320; x_wconf 86' lang='lat' dir='ltr'><strong>tota</strong></span> <span class='ocrx_word' id='word_1_590' title='bbox 1330 1294 1473 1322; x_wconf 78' lang='lat' dir='ltr'><strong>divinitate</strong></span> <span class='ocrx_word' id='word_1_591' title='bbox 1495 1295 1670 1329; x_wconf 64' lang='lat' dir='ltr'><strong>praedicatur,</strong></span> <span class='ocrx_word' id='word_1_592' title='bbox 1687 1294 1726 1321; x_wconf 91' lang='lat' dir='ltr'><strong>uti</strong></span> 
     </span>
    </p>
   </div>
   <div class='ocr_carea' id='block_1_71' title="bbox 936 1338 1728 1375">
    <p class='ocr_par' dir='ltr' id='par_1_71' title="bbox 936 1338 1728 1375">
     <span class='ocr_line' id='line_1_71' title="bbox 936 1338 1728 1375; baseline 0.001 -9"><span class='ocrx_word' id='word_1_593' title='bbox 936 1343 964 1366; x_wconf 87' lang='lat' dir='ltr'><strong>et</strong></span> <span class='ocrx_word' id='word_1_594' title='bbox 979 1338 1036 1372; x_wconf 84' lang='lat' dir='ltr'><strong>lux,</strong></span> <span class='ocrx_word' id='word_1_595' title='bbox 1050 1344 1078 1366; x_wconf 85' lang='lat' dir='ltr'><strong>et</strong></span> <span class='ocrx_word' id='word_1_596' title='bbox 1094 1339 1120 1366; x_wconf 95' lang='lat' dir='ltr'><strong>id</strong></span> <span class='ocrx_word' id='word_1_597' title='bbox 1144 1340 1216 1374; x_wconf 84' lang='lat' dir='ltr'><strong>quod</strong></span> <span class='ocrx_word' id='word_1_598' title='bbox 1240 1340 1322 1367; x_wconf 89' lang='lat' dir='ltr'><strong>Deum</strong></span> <span class='ocrx_word' id='word_1_599' title='bbox 1347 1339 1440 1372; x_wconf 74' lang='lat' dir='ltr'><strong>eiIit-it.</strong></span> <span class='ocrx_word' id='word_1_600' title='bbox 1454 1344 1482 1368; x_wconf 89' lang='lat' dir='ltr'><strong>et</strong></span> <span class='ocrx_word' id='word_1_601' title='bbox 1505 1348 1599 1373; x_wconf 82' lang='lat' dir='ltr'><strong>causa,</strong></span> <span class='ocrx_word' id='word_1_602' title='bbox 1614 1346 1641 1367; x_wconf 90' lang='lat' dir='ltr'><strong>et</strong></span> <span class='ocrx_word' id='word_1_603' title='bbox 1653 1347 1728 1375; x_wconf 64' lang='lat' dir='ltr'><strong>quie-</strong></span> 
     </span>
    </p>
   </div>
   <div class='ocr_carea' id='block_1_72' title="bbox 937 1385 1726 1421">
    <p class='ocr_par' dir='ltr' id='par_1_72' title="bbox 937 1385 1726 1421">
     <span class='ocr_line' id='line_1_72' title="bbox 937 1385 1726 1421; baseline 0.001 -9"><span class='ocrx_word' id='word_1_604' title='bbox 937 1392 1044 1421; x_wconf 89' lang='lat' dir='ltr'><strong>cunque</strong></span> <span class='ocrx_word' id='word_1_605' title='bbox 1067 1386 1175 1413; x_wconf 80' lang='lat' dir='ltr'><strong>tandem</strong></span> <span class='ocrx_word' id='word_1_606' title='bbox 1199 1391 1263 1413; x_wconf 77' lang='lat' dir='ltr'><strong>sunt</strong></span> <span class='ocrx_word' id='word_1_607' title='bbox 1284 1385 1366 1414; x_wconf 89' lang='lat' dir='ltr'><strong>totius</strong></span> <span class='ocrx_word' id='word_1_608' title='bbox 1390 1387 1551 1418; x_wconf 70' lang='lat' dir='ltr'><strong>dLVinitatis,</strong></span> <span class='ocrx_word' id='word_1_609' title='bbox 1568 1388 1600 1413; x_wconf 90' lang='lat' dir='ltr'><strong>ad</strong></span> <span class='ocrx_word' id='word_1_610' title='bbox 1617 1393 1726 1414; x_wconf 89' lang='lat' dir='ltr'><strong>omnem</strong></span> 
     </span>
    </p>
   </div>
   <div class='ocr_carea' id='block_1_73' title="bbox 937 1432 1727 1466">
    <p class='ocr_par' dir='ltr' id='par_1_73' title="bbox 937 1432 1727 1466">
     <span class='ocr_line' id='line_1_73' title="bbox 937 1432 1727 1466; baseline 0.001 -8"><span class='ocrx_word' id='word_1_611' title='bbox 937 1432 1058 1460; x_wconf 86' lang='lat' dir='ltr'><strong>divinam</strong></span> <span class='ocrx_word' id='word_1_612' title='bbox 1084 1433 1193 1460; x_wconf 88' lang='lat' dir='ltr'><strong>laudem</strong></span> <span class='ocrx_word' id='word_1_613' title='bbox 1218 1440 1302 1461; x_wconf 69' lang='lat' dir='ltr'><strong>sacrm</strong></span> <span class='ocrx_word' id='word_1_614' title='bbox 1327 1433 1423 1460; x_wconf 69' lang='lat' dir='ltr'><strong>litterae</strong></span> <span class='ocrx_word' id='word_1_615' title='bbox 1447 1433 1633 1466; x_wconf 80' lang='lat' dir='ltr'><strong>transferunt;</strong></span> <span class='ocrx_word' id='word_1_616' title='bbox 1650 1441 1727 1461; x_wconf 82' lang='lat' dir='ltr'><strong>Sum-</strong></span> 
     </span>
    </p>
   </div>
   <div class='ocr_carea' id='block_1_74' title="bbox 936 1477 1728 1512">
    <p class='ocr_par' dir='ltr' id='par_1_74' title="bbox 936 1477 1728 1512">
     <span class='ocr_line' id='line_1_74' title="bbox 936 1477 1728 1512; baseline 0 -8"><span class='ocrx_word' id='word_1_617' title='bbox 936 1478 1029 1504; x_wconf 83' lang='lat' dir='ltr'><strong>tnatim</strong></span> <span class='ocrx_word' id='word_1_618' title='bbox 1045 1478 1165 1512; x_wconf 87' lang='lat' dir='ltr'><strong>quidem,</strong></span> <span class='ocrx_word' id='word_1_619' title='bbox 1183 1487 1244 1505; x_wconf 89' lang='lat' dir='ltr'><strong>cum</strong></span> <span class='ocrx_word' id='word_1_620' title='bbox 1263 1478 1356 1505; x_wconf 86' lang='lat' dir='ltr'><strong>dicunt</strong></span> <span class='ocrx_word' id='word_1_621' title='bbox 1369 1488 1376 1506; x_wconf 89' lang='lat'><strong>:</strong></span> <span class='ocrx_word' id='word_1_622' title='bbox 1391 1478 1487 1505; x_wconf 82' lang='lat' dir='ltr'><strong>Omnia</strong></span> <span class='ocrx_word' id='word_1_623' title='bbox 1510 1486 1543 1505; x_wconf 71' lang='lat' dir='ltr'><strong>ex</strong></span> <span class='ocrx_word' id='word_1_624' title='bbox 1568 1477 1620 1505; x_wconf 75' lang='lat' dir='ltr'><strong>Deo</strong></span> <span class='ocrx_word' id='word_1_625' title='bbox 1638 1484 1662 1511; x_wconf 72' lang='grc' dir='ltr'>α,</span> <span class='ocrx_word' id='word_1_626' title='bbox 1686 1478 1728 1504; x_wconf 82' lang='lat' dir='ltr'><strong>fu-</strong></span> 
     </span>
    </p>
   </div>
   <div class='ocr_carea' id='block_1_75' title="bbox 937 1523 1727 1559">
    <p class='ocr_par' dir='ltr' id='par_1_75' title="bbox 937 1523 1727 1559">
     <span class='ocr_line' id='line_1_75' title="bbox 937 1523 1727 1559; baseline 0 -9"><span class='ocrx_word' id='word_1_627' title='bbox 937 1524 994 1551; x_wconf 82' lang='lat' dir='ltr'><strong>sius</strong></span> <span class='ocrx_word' id='word_1_628' title='bbox 1010 1531 1087 1556; x_wconf 83' lang='lat' dir='ltr'><strong>vero,</strong></span> <span class='ocrx_word' id='word_1_629' title='bbox 1102 1529 1130 1551; x_wconf 93' lang='lat' dir='ltr'><strong>ut</strong></span> <span class='ocrx_word' id='word_1_630' title='bbox 1145 1532 1206 1551; x_wconf 89' lang='lat' dir='ltr'><strong>cum</strong></span> <span class='ocrx_word' id='word_1_631' title='bbox 1223 1524 1332 1558; x_wconf 86' lang='lat' dir='ltr'><strong>quidam</strong></span> <span class='ocrx_word' id='word_1_632' title='bbox 1358 1525 1396 1551; x_wconf 86' lang='lat' dir='ltr'><strong>ait</strong></span> <span class='ocrx_word' id='word_1_633' title='bbox 1409 1533 1416 1550; x_wconf 90' lang='lat'><strong>:</strong></span> <span class='ocrx_word' id='word_1_634' title='bbox 1433 1524 1530 1551; x_wconf 87' lang='lat' dir='ltr'><strong>Omnia</strong></span> <span class='ocrx_word' id='word_1_635' title='bbox 1541 1532 1588 1559; x_wconf 84' lang='lat' dir='ltr'><strong>per</strong></span> <span class='ocrx_word' id='word_1_636' title='bbox 1602 1525 1688 1558; x_wconf 78' lang='lat' dir='ltr'><strong>ipsum</strong></span> <span class='ocrx_word' id='word_1_637' title='bbox 1702 1523 1727 1550; x_wconf 79' lang='lat' dir='ltr'><strong>et</strong></span> 
     </span>
    </p>
   </div>
   <div class='ocr_carea' id='block_1_76' title="bbox 937 1568 1726 1605">
    <p class='ocr_par' dir='ltr' id='par_1_76' title="bbox 937 1568 1726 1605">
     <span class='ocr_line' id='line_1_76' title="bbox 937 1568 1726 1605; baseline -0.003 -8"><span class='ocrx_word' id='word_1_638' title='bbox 937 1570 962 1597; x_wconf 81' lang='lat' dir='ltr'><strong>in</strong></span> <span class='ocrx_word' id='word_1_639' title='bbox 975 1572 1031 1605; x_wconf 68' lang='lat' dir='ltr'><strong>ipso</strong></span> <span class='ocrx_word' id='word_1_640' title='bbox 1045 1570 1114 1604; x_wconf 81' lang='lat' dir='ltr'><strong>facta</strong></span> <span class='ocrx_word' id='word_1_641' title='bbox 1127 1575 1188 1598; x_wconf 72' lang='lat' dir='ltr'><strong>sunt</strong></span> <span class='ocrx_word' id='word_1_642' title='bbox 1197 1572 1238 1604; x_wconf 65' lang='lat' dir='ltr'><strong>u‘,‘</strong></span> <span class='ocrx_word' id='word_1_643' title='bbox 1256 1577 1282 1598; x_wconf 88' lang='lat' dir='ltr'><strong>et</strong></span> <span class='ocrx_word' id='word_1_644' title='bbox 1294 1579 1301 1598; x_wconf 87' lang='lat'><strong>:</strong></span> <span class='ocrx_word' id='word_1_645' title='bbox 1312 1570 1346 1597; x_wconf 84' lang='lat' dir='ltr'><strong>In</strong></span> <span class='ocrx_word' id='word_1_646' title='bbox 1364 1570 1421 1605; x_wconf 72' lang='lat' dir='ltr'><strong>ipso</strong></span> <span class='ocrx_word' id='word_1_647' title='bbox 1431 1576 1524 1597; x_wconf 80' lang='lat' dir='ltr'><strong>cuncta</strong></span> <span class='ocrx_word' id='word_1_648' title='bbox 1535 1570 1680 1597; x_wconf 67' lang='lat' dir='ltr'><strong>consistunt</strong></span> <span class='ocrx_word' id='word_1_649' title='bbox 1693 1568 1726 1599; x_wconf 70' lang='grc' dir='ltr'><strong>δε</strong></span> 
     </span>
    </p>
   </div>
   <div class='ocr_carea' id='block_1_77' title="bbox 936 1616 1728 1652">
    <p class='ocr_par' dir='ltr' id='par_1_77' title="bbox 936 1616 1728 1652">
     <span class='ocr_line' id='line_1_77' title="bbox 936 1616 1728 1652; baseline -0.004 -8"><span class='ocrx_word' id='word_1_650' title='bbox 936 1622 986 1644; x_wconf 86' lang='lat' dir='ltr'><strong>et:</strong></span> <span class='ocrx_word' id='word_1_651' title='bbox 1005 1617 1114 1644; x_wconf 67' lang='lat' dir='ltr'><strong>Emitte:</strong></span> <span class='ocrx_word' id='word_1_652' title='bbox 1133 1616 1263 1652; x_wconf 78' lang='lat' dir='ltr'><strong>Spiritum</strong></span> <span class='ocrx_word' id='word_1_653' title='bbox 1276 1622 1361 1650; x_wconf 89' lang='lat' dir='ltr'><strong>tuum,</strong></span> <span class='ocrx_word' id='word_1_654' title='bbox 1380 1621 1404 1643; x_wconf 79' lang='lat' dir='ltr'><strong>et</strong></span> <span class='ocrx_word' id='word_1_655' title='bbox 1427 1616 1585 1643; x_wconf 76' lang='lat' dir='ltr'><strong>creabantur</strong></span> <span class='ocrx_word' id='word_1_656' title='bbox 1598 1621 1622 1643; x_wconf 73' lang='grc' dir='ltr'>ε.</span> <span class='ocrx_word' id='word_1_657' title='bbox 1642 1616 1683 1648; x_wconf 82' lang='lat' dir='ltr'><strong>Et,</strong></span> <span class='ocrx_word' id='word_1_658' title='bbox 1698 1618 1728 1641; x_wconf 88' lang='lat' dir='ltr'><strong>ut</strong></span> 
     </span>
    </p>
   </div>
   <div class='ocr_carea' id='block_1_78' title="bbox 937 1661 1726 1697">
    <p class='ocr_par' dir='ltr' id='par_1_78' title="bbox 937 1661 1726 1697">
     <span class='ocr_line' id='line_1_78' title="bbox 937 1661 1726 1697; baseline 0 -7"><span class='ocrx_word' id='word_1_659' title='bbox 937 1663 1099 1697; x_wconf 87' lang='lat' dir='ltr'><strong>compendio</strong></span> <span class='ocrx_word' id='word_1_660' title='bbox 1115 1663 1177 1697; x_wconf 87' lang='lat' dir='ltr'><strong>quis</strong></span> <span class='ocrx_word' id='word_1_661' title='bbox 1200 1663 1284 1695; x_wconf 88' lang='lat' dir='ltr'><strong>dicat,</strong></span> <span class='ocrx_word' id='word_1_662' title='bbox 1308 1663 1452 1697; x_wconf 87' lang='lat' dir='ltr'><strong>ipsutnmet</strong></span> <span class='ocrx_word' id='word_1_663' title='bbox 1476 1661 1522 1689; x_wconf 89' lang='lat' dir='ltr'><strong>Dei</strong></span> <span class='ocrx_word' id='word_1_664' title='bbox 1540 1661 1655 1689; x_wconf 86' lang='lat' dir='ltr'><strong>Verbum</strong></span> <span class='ocrx_word' id='word_1_665' title='bbox 1668 1664 1726 1690; x_wconf 81' lang='lat' dir='ltr'><strong>ait:</strong></span> 
     </span>
    </p>
   </div>
   <div class='ocr_carea' id='block_1_79' title="bbox 937 1707 1728 1744">
    <p class='ocr_par' dir='ltr' id='par_1_79' title="bbox 937 1707 1728 1744">
     <span class='ocr_line' id='line_1_79' title="bbox 937 1707 1728 1744; baseline 0 -8"><span class='ocrx_word' id='word_1_666' title='bbox 937 1708 994 1744; x_wconf 83' lang='lat' dir='ltr'><strong>Ego</strong></span> <span class='ocrx_word' id='word_1_667' title='bbox 1027 1713 1052 1736; x_wconf 80' lang='lat' dir='ltr'><strong>et</strong></span> <span class='ocrx_word' id='word_1_668' title='bbox 1081 1708 1163 1736; x_wconf 83' lang='lat' dir='ltr'><strong>Pater</strong></span> <span class='ocrx_word' id='word_1_669' title='bbox 1193 1717 1275 1736; x_wconf 84' lang='lat' dir='ltr'><strong>unum</strong></span> <span class='ocrx_word' id='word_1_670' title='bbox 1294 1717 1384 1736; x_wconf 69' lang='lat' dir='ltr'><strong>sumus</strong></span> <span class='ocrx_word' id='word_1_671' title='bbox 1412 1708 1444 1741; x_wconf 71' lang='lat' dir='ltr'><strong>d;</strong></span> <span class='ocrx_word' id='word_1_672' title='bbox 1473 1713 1501 1736; x_wconf 86' lang='lat' dir='ltr'><strong>et</strong></span> <span class='ocrx_word' id='word_1_673' title='bbox 1525 1717 1533 1735; x_wconf 88' lang='lat'><strong>:</strong></span> <span class='ocrx_word' id='word_1_674' title='bbox 1560 1707 1728 1744; x_wconf 79' lang='lat' dir='ltr'><strong>Qutecunque</strong></span> 
     </span>
    </p>
   </div>
   <div class='ocr_carea' id='block_1_80' title="bbox 937 1754 1729 1789">
    <p class='ocr_par' dir='ltr' id='par_1_80' title="bbox 937 1754 1729 1789">
     <span class='ocr_line' id='line_1_80' title="bbox 937 1754 1729 1789; baseline 0 -7"><span class='ocrx_word' id='word_1_675' title='bbox 937 1756 1012 1782; x_wconf 84' lang='lat' dir='ltr'><strong>habet</strong></span> <span class='ocrx_word' id='word_1_676' title='bbox 1023 1754 1115 1789; x_wconf 83' lang='lat' dir='ltr'><strong>Pater,</strong></span> <span class='ocrx_word' id='word_1_677' title='bbox 1125 1763 1181 1782; x_wconf 89' lang='lat' dir='ltr'><strong>mea</strong></span> <span class='ocrx_word' id='word_1_678' title='bbox 1191 1760 1252 1782; x_wconf 67' lang='lat' dir='ltr'><strong>sunt</strong></span> <span class='ocrx_word' id='word_1_679' title='bbox 1267 1760 1294 1788; x_wconf 66' lang='lat'><strong>0;</strong></span> <span class='ocrx_word' id='word_1_680' title='bbox 1312 1759 1357 1782; x_wconf 85' lang='lat' dir='ltr'><strong>et:</strong></span> <span class='ocrx_word' id='word_1_681' title='bbox 1373 1754 1470 1781; x_wconf 79' lang='lat' dir='ltr'><strong>Omnia</strong></span> <span class='ocrx_word' id='word_1_682' title='bbox 1486 1762 1543 1781; x_wconf 86' lang='lat' dir='ltr'><strong>mea</strong></span> <span class='ocrx_word' id='word_1_683' title='bbox 1561 1759 1606 1781; x_wconf 81' lang='lat' dir='ltr'><strong>tua</strong></span> <span class='ocrx_word' id='word_1_684' title='bbox 1623 1759 1693 1786; x_wconf 75' lang='lat' dir='ltr'><strong>sum,</strong></span> <span class='ocrx_word' id='word_1_685' title='bbox 1704 1759 1729 1782; x_wconf 77' lang='lat' dir='ltr'><strong>et</strong></span> 
     </span>
    </p>
   </div>
   <div class='ocr_carea' id='block_1_81' title="bbox 940 1795 1730 1835">
    <p class='ocr_par' dir='ltr' id='par_1_81' title="bbox 940 1795 1730 1835">
     <span class='ocr_line' id='line_1_81' title="bbox 940 1795 1730 1835; baseline 0.003 -8"><span class='ocrx_word' id='word_1_686' title='bbox 940 1801 1028 1828; x_wconf 80' lang='lat' dir='ltr'><strong>omnia</strong></span> <span class='ocrx_word' id='word_1_687' title='bbox 1044 1805 1090 1827; x_wconf 84' lang='lat' dir='ltr'><strong>tua</strong></span> <span class='ocrx_word' id='word_1_688' title='bbox 1105 1809 1163 1828; x_wconf 81' lang='lat' dir='ltr'><strong>mea</strong></span> <span class='ocrx_word' id='word_1_689' title='bbox 1187 1806 1248 1827; x_wconf 77' lang='lat' dir='ltr'><strong>sum</strong></span> <span class='ocrx_word' id='word_1_690' title='bbox 1263 1800 1285 1828; x_wconf 74' lang='grc' dir='ltr'>ί.</span> <span class='ocrx_word' id='word_1_691' title='bbox 1302 1801 1335 1828; x_wconf 86' lang='lat' dir='ltr'><strong>Et</strong></span> <span class='ocrx_word' id='word_1_692' title='bbox 1359 1808 1465 1828; x_wconf 87' lang='lat' dir='ltr'><strong>rursum</strong></span> <span class='ocrx_word' id='word_1_693' title='bbox 1480 1808 1539 1835; x_wconf 79' lang='lat' dir='ltr'><strong>qua.-</strong></span> <span class='ocrx_word' id='word_1_694' title='bbox 1561 1795 1624 1828; x_wconf 83' lang='lat' dir='ltr'><strong>sunt</strong></span> <span class='ocrx_word' id='word_1_695' title='bbox 1641 1801 1730 1829; x_wconf 88' lang='lat' dir='ltr'><strong>Patris</strong></span> 
     </span>
    </p>
   </div>
   <div class='ocr_carea' id='block_1_82' title="bbox 938 1845 1730 1881">
    <p class='ocr_par' dir='ltr' id='par_1_82' title="bbox 938 1845 1730 1881">
     <span class='ocr_line' id='line_1_82' title="bbox 938 1845 1730 1881; baseline 0.003 -9"><span class='ocrx_word' id='word_1_696' title='bbox 938 1850 966 1872; x_wconf 86' lang='lat' dir='ltr'><strong>et</strong></span> <span class='ocrx_word' id='word_1_697' title='bbox 980 1853 1038 1878; x_wconf 88' lang='lat' dir='ltr'><strong>sua,</strong></span> <span class='ocrx_word' id='word_1_698' title='bbox 1055 1845 1167 1880; x_wconf 84' lang='lat' dir='ltr'><strong>Spiritui</strong></span> <span class='ocrx_word' id='word_1_699' title='bbox 1184 1845 1276 1873; x_wconf 87' lang='lat' dir='ltr'><strong>divino</strong></span> <span class='ocrx_word' id='word_1_700' title='bbox 1300 1845 1442 1881; x_wconf 81' lang='lat' dir='ltr'><strong>principali</strong></span> <span class='ocrx_word' id='word_1_701' title='bbox 1473 1853 1522 1880; x_wconf 84' lang='lat' dir='ltr'><strong>per</strong></span> <span class='ocrx_word' id='word_1_702' title='bbox 1544 1847 1730 1874; x_wconf 88' lang='lat' dir='ltr'><strong>communica-</strong></span> 
     </span>
    </p>
   </div>
   <div class='ocr_carea' id='block_1_83' title="bbox 941 1892 1730 1928">
    <p class='ocr_par' dir='ltr' id='par_1_83' title="bbox 941 1892 1730 1928">
     <span class='ocr_line' id='line_1_83' title="bbox 941 1892 1730 1928; baseline 0.003 -10"><span class='ocrx_word' id='word_1_703' title='bbox 941 1892 1041 1918; x_wconf 85' lang='lat' dir='ltr'><strong>tionem</strong></span> <span class='ocrx_word' id='word_1_704' title='bbox 1057 1893 1237 1927; x_wconf 87' lang='lat' dir='ltr'><strong>unionetnque</strong></span> <span class='ocrx_word' id='word_1_705' title='bbox 1255 1893 1388 1924; x_wconf 83' lang='lat' dir='ltr'><strong>attribuit,</strong></span> <span class='ocrx_word' id='word_1_706' title='bbox 1407 1897 1498 1927; x_wconf 84' lang='lat' dir='ltr'><strong>utpote</strong></span> <span class='ocrx_word' id='word_1_707' title='bbox 1509 1893 1614 1920; x_wconf 84' lang='lat' dir='ltr'><strong>divinas</strong></span> <span class='ocrx_word' id='word_1_708' title='bbox 1633 1901 1730 1928; x_wconf 89' lang='lat' dir='ltr'><strong>opera-</strong></span> 
     </span>
    </p>
   </div>
   <div class='ocr_carea' id='block_1_84' title="bbox 943 1936 1729 1973">
    <p class='ocr_par' dir='ltr' id='par_1_84' title="bbox 943 1936 1729 1973">
     <span class='ocr_line' id='line_1_84' title="bbox 943 1936 1729 1973; baseline 0.005 -11"><span class='ocrx_word' id='word_1_709' title='bbox 943 1936 1046 1968; x_wconf 79' lang='lat' dir='ltr'><strong>tiones,</strong></span> <span class='ocrx_word' id='word_1_710' title='bbox 1076 1938 1293 1968; x_wconf 85' lang='lat' dir='ltr'><strong>venerationem,</strong></span> <span class='ocrx_word' id='word_1_711' title='bbox 1320 1938 1515 1965; x_wconf 84' lang='lat' dir='ltr'><strong>scaturientem</strong></span> <span class='ocrx_word' id='word_1_712' title='bbox 1539 1943 1567 1966; x_wconf 87' lang='lat' dir='ltr'><strong>et</strong></span> <span class='ocrx_word' id='word_1_713' title='bbox 1592 1946 1729 1973; x_wconf 88' lang='lat' dir='ltr'><strong>nunquam</strong></span> 
     </span>
    </p>
   </div>
   <div class='ocr_carea' id='block_1_85' title="bbox 942 1981 1730 2018">
    <p class='ocr_par' dir='ltr' id='par_1_85' title="bbox 942 1981 1730 2018">
     <span class='ocr_line' id='line_1_85' title="bbox 942 1981 1730 2018; baseline 0.001 -8"><span class='ocrx_word' id='word_1_714' title='bbox 942 1981 1112 2010; x_wconf 83' lang='lat' dir='ltr'><strong>deﬁcientem</strong></span> <span class='ocrx_word' id='word_1_715' title='bbox 1128 1990 1251 2014; x_wconf 88' lang='lat' dir='ltr'><strong>causam.</strong></span> <span class='ocrx_word' id='word_1_716' title='bbox 1267 1988 1350 2018; x_wconf 84' lang='lat' dir='ltr'><strong>atque</strong></span> <span class='ocrx_word' id='word_1_717' title='bbox 1364 1984 1580 2013; x_wconf 85' lang='lat' dir='ltr'><strong>distributionem</strong></span> <span class='ocrx_word' id='word_1_718' title='bbox 1599 1985 1730 2012; x_wconf 87' lang='lat' dir='ltr'><strong>donorum</strong></span> 
     </span>
    </p>
   </div>
   <div class='ocr_carea' id='block_1_86' title="bbox 944 2030 1731 2066">
    <p class='ocr_par' dir='ltr' id='par_1_86' title="bbox 944 2030 1731 2066">
     <span class='ocr_line' id='line_1_86' title="bbox 944 2030 1731 2066; baseline 0.003 -12"><span class='ocrx_word' id='word_1_719' title='bbox 944 2037 1004 2064; x_wconf 83' lang='lat' dir='ltr'><strong>quae</strong></span> <span class='ocrx_word' id='word_1_720' title='bbox 1018 2030 1118 2057; x_wconf 80' lang='lat' dir='ltr'><strong>bonum</strong></span> <span class='ocrx_word' id='word_1_721' title='bbox 1135 2031 1239 2058; x_wconf 88' lang='lat' dir='ltr'><strong>decent.</strong></span> <span class='ocrx_word' id='word_1_722' title='bbox 1264 2031 1303 2058; x_wconf 83' lang='lat' dir='ltr'><strong>Ac</strong></span> <span class='ocrx_word' id='word_1_723' title='bbox 1323 2031 1459 2058; x_wconf 85' lang='lat' dir='ltr'><strong>neminem</strong></span> <span class='ocrx_word' id='word_1_724' title='bbox 1479 2031 1588 2066; x_wconf 82' lang='lat' dir='ltr'><strong>quidem</strong></span> <span class='ocrx_word' id='word_1_725' title='bbox 1611 2032 1731 2059; x_wconf 87' lang='lat' dir='ltr'><strong>arbitror</strong></span> 
     </span>
    </p>
   </div>
   <div class='ocr_carea' id='block_1_87' title="bbox 945 2076 1732 2113">
    <p class='ocr_par' dir='ltr' id='par_1_87' title="bbox 945 2076 1732 2113">
     <span class='ocr_line' id='line_1_87' title="bbox 945 2076 1732 2113; baseline 0.003 -11"><span class='ocrx_word' id='word_1_726' title='bbox 945 2083 1050 2108; x_wconf 91' lang='lat' dir='ltr'><strong>eorum,</strong></span> <span class='ocrx_word' id='word_1_727' title='bbox 1068 2077 1113 2110; x_wconf 92' lang='lat' dir='ltr'><strong>qui</strong></span> <span class='ocrx_word' id='word_1_728' title='bbox 1130 2076 1280 2111; x_wconf 84' lang='lat' dir='ltr'><strong>Scripturis</strong></span> <span class='ocrx_word' id='word_1_729' title='bbox 1295 2077 1502 2112; x_wconf 85' lang='lat' dir='ltr'><strong>haudquaquam</strong></span> <span class='ocrx_word' id='word_1_730' title='bbox 1518 2078 1653 2113; x_wconf 82' lang='lat' dir='ltr'><strong>perversis</strong></span> <span class='ocrx_word' id='word_1_731' title='bbox 1669 2081 1732 2105; x_wconf 88' lang='lat' dir='ltr'><strong>sunt</strong></span> 
     </span>
    </p>
   </div>
   <div class='ocr_carea' id='block_1_88' title="bbox 946 2121 1732 2158">
    <p class='ocr_par' dir='ltr' id='par_1_88' title="bbox 946 2121 1732 2158">
     <span class='ocr_line' id='line_1_88' title="bbox 946 2121 1732 2158; baseline 0.001 -9"><span class='ocrx_word' id='word_1_732' title='bbox 946 2121 1053 2155; x_wconf 87' lang='lat' dir='ltr'><strong>imbuti,</strong></span> <span class='ocrx_word' id='word_1_733' title='bbox 1076 2128 1251 2157; x_wconf 74' lang='lat' dir='ltr'><strong>negaturum,</strong></span> <span class='ocrx_word' id='word_1_734' title='bbox 1266 2123 1357 2150; x_wconf 85' lang='lat' dir='ltr'><strong>omnia</strong></span> <span class='ocrx_word' id='word_1_735' title='bbox 1380 2131 1440 2158; x_wconf 71' lang='lat' dir='ltr'><strong>qlia:</strong></span> <span class='ocrx_word' id='word_1_736' title='bbox 1466 2123 1521 2152; x_wconf 88' lang='lat' dir='ltr'><strong>Deo</strong></span> <span class='ocrx_word' id='word_1_737' title='bbox 1546 2123 1651 2151; x_wconf 86' lang='lat' dir='ltr'><strong>ratiOne</strong></span> <span class='ocrx_word' id='word_1_738' title='bbox 1671 2131 1732 2158; x_wconf 80' lang='lat' dir='ltr'><strong>per-</strong></span> 
     </span>
    </p>
   </div>
   <div class='ocr_carea' id='block_1_89' title="bbox 946 2167 1731 2205">
    <p class='ocr_par' dir='ltr' id='par_1_89' title="bbox 946 2167 1731 2205">
     <span class='ocr_line' id='line_1_89' title="bbox 946 2167 1731 2205; baseline 0.003 -11"><span class='ocrx_word' id='word_1_739' title='bbox 946 2167 1023 2195; x_wconf 67' lang='lat' dir='ltr'><strong>fectae</strong></span> <span class='ocrx_word' id='word_1_740' title='bbox 1034 2168 1147 2196; x_wconf 86' lang='lat' dir='ltr'><strong>Deitatis</strong></span> <span class='ocrx_word' id='word_1_741' title='bbox 1158 2175 1326 2205; x_wconf 77' lang='lat' dir='ltr'><strong>cornpetunl,</strong></span> <span class='ocrx_word' id='word_1_742' title='bbox 1340 2171 1389 2198; x_wconf 89' lang='lat' dir='ltr'><strong>toti</strong></span> <span class='ocrx_word' id='word_1_743' title='bbox 1406 2171 1496 2199; x_wconf 89' lang='lat' dir='ltr'><strong>inesse</strong></span> <span class='ocrx_word' id='word_1_744' title='bbox 1508 2171 1653 2200; x_wconf 87' lang='lat' dir='ltr'><strong>divinitati.</strong></span> <span class='ocrx_word' id='word_1_745' title='bbox 1663 2171 1731 2198; x_wconf 89' lang='lat' dir='ltr'><strong>Cum</strong></span> 
     </span>
    </p>
   </div>
   <div class='ocr_carea' id='block_1_90' title="bbox 100 2211 1731 2256">
    <p class='ocr_par' dir='ltr' id='par_1_90' title="bbox 100 2211 1731 2256">
     <span class='ocr_line' id='line_1_90' title="bbox 100 2211 1731 2256; baseline -0.004 -7"><span class='ocrx_word' id='word_1_746' title='bbox 100 2221 184 2256; x_wconf 80' lang='lat' dir='ltr'><strong>igitur</strong></span> <span class='ocrx_word' id='word_1_747' title='bbox 200 2220 258 2246; x_wconf 65' lang='lat' dir='ltr'><strong>hanc</strong></span> <span class='ocrx_word' id='word_1_748' title='bbox 278 2216 521 2252; x_wconf 73' lang='lat' dir='ltr'><strong>impraesentiarum</strong></span> <span class='ocrx_word' id='word_1_749' title='bbox 543 2213 651 2247; x_wconf 86' lang='lat' dir='ltr'><strong>quidem</strong></span> <span class='ocrx_word' id='word_1_750' title='bbox 683 2211 803 2239; x_wconf 84' lang='lat' dir='ltr'><strong>breviter</strong></span> <span class='ocrx_word' id='word_1_751' title='bbox 825 2216 853 2239; x_wconf 91' lang='lat' dir='ltr'><strong>et</strong></span> <span class='ocrx_word' id='word_1_752' title='bbox 876 2219 909 2239; x_wconf 79' lang='lat' dir='ltr'><strong>ex</strong></span> <span class='ocrx_word' id='word_1_753' title='bbox 938 2217 1029 2247; x_wconf 87' lang='lat' dir='ltr'><strong>parte,</strong></span> <span class='ocrx_word' id='word_1_754' title='bbox 1056 2212 1120 2239; x_wconf 86' lang='lat' dir='ltr'><strong>alibi</strong></span> <span class='ocrx_word' id='word_1_755' title='bbox 1152 2221 1227 2247; x_wconf 87' lang='lat' dir='ltr'><strong>vero,</strong></span> <span class='ocrx_word' id='word_1_756' title='bbox 1256 2220 1387 2249; x_wconf 87' lang='lat' dir='ltr'><strong>quantum</strong></span> <span class='ocrx_word' id='word_1_757' title='bbox 1412 2216 1479 2243; x_wconf 81' lang='lat' dir='ltr'><strong>satis</strong></span> <span class='ocrx_word' id='word_1_758' title='bbox 1504 2221 1559 2248; x_wconf 81' lang='lat' dir='ltr'><strong>est,</strong></span> <span class='ocrx_word' id='word_1_759' title='bbox 1590 2223 1731 2243; x_wconf 78' lang='lat' dir='ltr'><strong>sacrarunt</strong></span> 
     </span>
    </p>
   </div>
   <div class='ocr_carea' id='block_1_91' title="bbox 98 2259 1732 2301">
    <p class='ocr_par' dir='ltr' id='par_1_91' title="bbox 98 2259 1732 2301">
     <span class='ocr_line' id='line_1_91' title="bbox 98 2259 1732 2301; baseline -0.004 -7"><span class='ocrx_word' id='word_1_760' title='bbox 98 2266 271 2301; x_wconf 83' lang='lat' dir='ltr'><strong>cloquiorum</strong></span> <span class='ocrx_word' id='word_1_761' title='bbox 304 2261 459 2291; x_wconf 85' lang='lat' dir='ltr'><strong>testimonio</strong></span> <span class='ocrx_word' id='word_1_762' title='bbox 492 2259 696 2295; x_wconf 78' lang='lat' dir='ltr'><strong>probaverimus</strong></span> <span class='ocrx_word' id='word_1_763' title='bbox 718 2266 751 2286; x_wconf 85' lang='lat' dir='ltr'><strong>ac</strong></span> <span class='ocrx_word' id='word_1_764' title='bbox 780 2259 988 2286; x_wconf 87' lang='lat' dir='ltr'><strong>distinxerimus</strong></span> <span class='ocrx_word' id='word_1_765' title='bbox 1010 2278 1018 2292; x_wconf 83' lang='lat'><strong>,</strong></span> <span class='ocrx_word' id='word_1_766' title='bbox 1046 2260 1228 2296; x_wconf 87' lang='lat' dir='ltr'><strong>quodcunque</strong></span> <span class='ocrx_word' id='word_1_767' title='bbox 1256 2262 1365 2289; x_wconf 84' lang='lat' dir='ltr'><strong>tandem</strong></span> <span class='ocrx_word' id='word_1_768' title='bbox 1391 2263 1526 2298; x_wconf 80' lang='lat' dir='ltr'><strong>integrum</strong></span> <span class='ocrx_word' id='word_1_769' title='bbox 1559 2262 1606 2291; x_wconf 88' lang='lat' dir='ltr'><strong>Dei</strong></span> <span class='ocrx_word' id='word_1_770' title='bbox 1633 2271 1732 2291; x_wconf 81' lang='lat' dir='ltr'><strong>nomen</strong></span> 
     </span>
    </p>
   </div>
   <div class='ocr_carea' id='block_1_92' title="bbox 98 2307 1170 2350">
    <p class='ocr_par' dir='ltr' id='par_1_92' title="bbox 98 2307 1170 2350">
     <span class='ocr_line' id='line_1_92' title="bbox 98 2307 1170 2350; baseline -0.007 -6"><span class='ocrx_word' id='word_1_771' title='bbox 98 2315 242 2350; x_wconf 77' lang='lat' dir='ltr'><strong>explicare</strong></span> <span class='ocrx_word' id='word_1_772' title='bbox 257 2311 459 2348; x_wconf 73' lang='lat' dir='ltr'><strong>aggrediemur,</strong></span> <span class='ocrx_word' id='word_1_773' title='bbox 473 2309 507 2336; x_wconf 86' lang='lat' dir='ltr'><strong>ad</strong></span> <span class='ocrx_word' id='word_1_774' title='bbox 522 2312 606 2336; x_wconf 82' lang='lat' dir='ltr'><strong>totam</strong></span> <span class='ocrx_word' id='word_1_775' title='bbox 622 2307 791 2335; x_wconf 83' lang='lat' dir='ltr'><strong>divinitatem</strong></span> <span class='ocrx_word' id='word_1_776' title='bbox 804 2307 941 2342; x_wconf 70' lang='lat' dir='ltr'><strong>pertinuere</strong></span> <span class='ocrx_word' id='word_1_777' title='bbox 955 2309 1103 2342; x_wconf 88' lang='lat' dir='ltr'><strong>putandum</strong></span> <span class='ocrx_word' id='word_1_778' title='bbox 1118 2314 1170 2337; x_wconf 84' lang='lat' dir='ltr'><strong>est.</strong></span> 
     </span>
    </p>
   </div>
   <div class='ocr_carea' id='block_1_93' title="bbox 881 2380 951 2418">
    <p class='ocr_par' dir='ltr' id='par_1_93' title="bbox 881 2380 951 2418">
     <span class='ocr_line' id='line_1_93' title="bbox 881 2380 951 2418; baseline 0.014 -8"><span class='ocrx_word' id='word_1_779' title='bbox 881 2381 895 2418; x_wconf 84' lang='lat'><strong>§</strong></span> <span class='ocrx_word' id='word_1_780' title='bbox 911 2380 951 2411; x_wconf 81' lang='lat' dir='ltr'><strong>ll.</strong></span> 
     </span>
    </p>
   </div>
   <div class='ocr_carea' id='block_1_94' title="bbox 139 2457 893 2495">
    <p class='ocr_par' dir='ltr' id='par_1_94' title="bbox 139 2458 890 2495">
     <span class='ocr_line' id='line_1_94' title="bbox 139 2458 890 2495; baseline 0.001 -10"><span class='ocrx_word' id='word_1_781' title='bbox 139 2459 172 2486; x_wconf 71' lang='lat' dir='ltr'><strong>Et</strong></span> <span class='ocrx_word' id='word_1_782' title='bbox 182 2459 210 2486; x_wconf 83' lang='grc' dir='ltr'>δέ</span> <span class='ocrx_word' id='word_1_783' title='bbox 222 2467 264 2491; x_wconf 88' lang='grc' dir='ltr'><strong>τις</strong></span> <span class='ocrx_word' id='word_1_784' title='bbox 277 2459 355 2494; x_wconf 85' lang='grc' dir='ltr'>φαίη,</span> <span class='ocrx_word' id='word_1_785' title='bbox 370 2458 498 2495; x_wconf 80' lang='grc' dir='ltr'>σύγχυσιν</span> <span class='ocrx_word' id='word_1_786' title='bbox 516 2460 588 2495; x_wconf 79' lang='grc' dir='ltr'>ἡμᾶς</span> <span class='ocrx_word' id='word_1_787' title='bbox 609 2459 639 2486; x_wconf 77' lang='grc' dir='ltr'>ἐν</span> <span class='ocrx_word' id='word_1_788' title='bbox 653 2458 740 2495; x_wconf 85' lang='grc' dir='ltr'>τούτῳ</span> <span class='ocrx_word' id='word_1_789' title='bbox 755 2459 825 2486; x_wconf 84' lang='grc' dir='ltr'>κατὰ</span> <span class='ocrx_word' id='word_1_790' title='bbox 840 2459 890 2495; x_wconf 85' lang='grc' dir='ltr'>τῆς</span> 
     </span>
    </p>
   </div>
   <div class='ocr_carea' id='block_1_95' title="bbox 938 2457 1735 2495">
    <p class='ocr_par' dir='ltr' id='par_1_95' title="bbox 978 2457 1735 2495">
     <span class='ocr_line' id='line_1_95' title="bbox 978 2457 1735 2495; baseline -0.007 -8"><span class='ocrx_word' id='word_1_791' title='bbox 978 2460 1006 2488; x_wconf 92' lang='lat' dir='ltr'><strong>Si</strong></span> <span class='ocrx_word' id='word_1_792' title='bbox 1030 2460 1091 2495; x_wconf 88' lang='lat' dir='ltr'><strong>quis</strong></span> <span class='ocrx_word' id='word_1_793' title='bbox 1112 2464 1202 2487; x_wconf 86' lang='lat' dir='ltr'><strong>autem</strong></span> <span class='ocrx_word' id='word_1_794' title='bbox 1226 2457 1359 2494; x_wconf 85' lang='lat' dir='ltr'><strong>objecerit</strong></span> <span class='ocrx_word' id='word_1_795' title='bbox 1385 2466 1434 2486; x_wconf 88' lang='lat' dir='ltr'><strong>nos</strong></span> <span class='ocrx_word' id='word_1_796' title='bbox 1458 2458 1512 2485; x_wconf 91' lang='lat' dir='ltr'><strong>isto</strong></span> <span class='ocrx_word' id='word_1_797' title='bbox 1533 2457 1615 2485; x_wconf 85' lang='lat' dir='ltr'><strong>modo</strong></span> <span class='ocrx_word' id='word_1_798' title='bbox 1640 2461 1735 2484; x_wconf 83' lang='lat' dir='ltr'><strong>contra</strong></span> 
     </span>
    </p>
   </div>
   <div class='ocr_carea' id='block_1_96' title="bbox 100 2505 888 2542">
    <p class='ocr_par' dir='ltr' id='par_1_96' title="bbox 100 2505 888 2542">
     <span class='ocr_line' id='line_1_96' title="bbox 100 2505 888 2542; baseline -0.001 -8"><span class='ocrx_word' id='word_1_799' title='bbox 100 2505 272 2542; x_wconf 81' lang='grc' dir='ltr'>θεοπρεποῦς</span> <span class='ocrx_word' id='word_1_800' title='bbox 295 2506 452 2541; x_wconf 82' lang='grc' dir='ltr'>διαιρέσεως</span> <span class='ocrx_word' id='word_1_801' title='bbox 474 2507 603 2540; x_wconf 81' lang='grc' dir='ltr'>είσὰγειν,</span> <span class='ocrx_word' id='word_1_802' title='bbox 630 2507 675 2533; x_wconf 76' lang='grc' dir='ltr'>τὸν</span> <span class='ocrx_word' id='word_1_803' title='bbox 692 2506 792 2533; x_wconf 86' lang='grc' dir='ltr'>τοιόνδε</span> <span class='ocrx_word' id='word_1_804' title='bbox 811 2506 888 2541; x_wconf 85' lang='grc' dir='ltr'>λόγον</span> 
     </span>
    </p>
   </div>
   <div class='ocr_carea' id='block_1_97' title="bbox 144 2577 382 2610">
    <p class='ocr_par' dir='ltr' id='par_1_97' title="bbox 144 2577 382 2610">
     <span class='ocr_line' id='line_1_97' title="bbox 144 2577 382 2610; baseline -0.008 -4"><span class='ocrx_word' id='word_1_805' title='bbox 144 2584 154 2598; x_wconf 71' lang='grc' dir='ltr'><strong>ι</strong></span> <span class='ocrx_word' id='word_1_806' title='bbox 171 2579 266 2606; x_wconf 84' lang='lat' dir='ltr'><strong>Matth.</strong></span> <span class='ocrx_word' id='word_1_807' title='bbox 279 2585 327 2610; x_wconf 81' lang='lat' dir='ltr'><strong>xx,</strong></span> <span class='ocrx_word' id='word_1_808' title='bbox 338 2577 382 2605; x_wconf 80' lang='grc'><strong>15.</strong></span> 
     </span>
    </p>
   </div>
   <div class='ocr_carea' id='block_1_98' title="bbox 102 2610 904 2647">
    <p class='ocr_par' dir='ltr' id='par_1_98' title="bbox 102 2610 904 2647">
     <span class='ocr_line' id='line_1_98' title="bbox 102 2610 904 2647; baseline -0.006 -6"><span class='ocrx_word' id='word_1_809' title='bbox 102 2619 116 2634; x_wconf 79' lang='lat' dir='ltr'><strong>V</strong></span> <span class='ocrx_word' id='word_1_810' title='bbox 134 2614 214 2641; x_wconf 84' lang='lat' dir='ltr'><strong>Joan.</strong></span> <span class='ocrx_word' id='word_1_811' title='bbox 229 2621 245 2640; x_wconf 95' lang='lat' dir='ltr'><strong>v</strong></span> <span class='ocrx_word' id='word_1_812' title='bbox 257 2636 263 2647; x_wconf 84' lang='lat'><strong>,</strong></span> <span class='ocrx_word' id='word_1_813' title='bbox 280 2613 326 2640; x_wconf 73' lang='grc'><strong>21.</strong></span> <span class='ocrx_word' id='word_1_814' title='bbox 380 2617 390 2630; x_wconf 74' lang='grc' dir='ltr'><strong>ι</strong></span> <span class='ocrx_word' id='word_1_815' title='bbox 407 2612 483 2638; x_wconf 85' lang='lat' dir='ltr'><strong>Joan.</strong></span> <span class='ocrx_word' id='word_1_816' title='bbox 503 2619 527 2638; x_wconf 82' lang='grc' dir='ltr'><strong>νι</strong></span> <span class='ocrx_word' id='word_1_817' title='bbox 541 2632 548 2644; x_wconf 87' lang='grc'><strong>,</strong></span> <span class='ocrx_word' id='word_1_818' title='bbox 564 2611 609 2638; x_wconf 62' lang='grc'><strong>64.</strong></span> <span class='ocrx_word' id='word_1_819' title='bbox 642 2617 673 2647; x_wconf 23' lang='lat' dir='ltr'><em>‘th</em></span> <span class='ocrx_word' id='word_1_820' title='bbox 686 2610 695 2637; x_wconf 90' lang='lat' dir='ltr'><strong>l</strong></span> <span class='ocrx_word' id='word_1_821' title='bbox 708 2610 772 2637; x_wconf 86' lang='lat' dir='ltr'><strong>Cor.</strong></span> <span class='ocrx_word' id='word_1_822' title='bbox 789 2617 815 2636; x_wconf 78' lang='grc' dir='ltr'><strong>ιιι</strong></span> <span class='ocrx_word' id='word_1_823' title='bbox 829 2629 848 2647; x_wconf 22' lang='grc' dir='ltr'>,ν</span> <span class='ocrx_word' id='word_1_824' title='bbox 861 2610 904 2647; x_wconf 68' lang='grc' dir='ltr'><strong>η.</strong></span> 
     </span>
    </p>
   </div>
   <div class='ocr_carea' id='block_1_99' title="bbox 106 2645 881 2682">
    <p class='ocr_par' dir='ltr' id='par_1_99' title="bbox 106 2645 881 2682">
     <span class='ocr_line' id='line_1_99' title="bbox 106 2645 881 2682; baseline -0.01 -4"><span class='ocrx_word' id='word_1_825' title='bbox 106 2650 117 2670; x_wconf 77' lang='grc'>¹</span> <span class='ocrx_word' id='word_1_826' title='bbox 135 2649 217 2678; x_wconf 75' lang='lat' dir='ltr'><strong>Joan.</strong></span> <span class='ocrx_word' id='word_1_827' title='bbox 234 2645 262 2682; x_wconf 70' lang='grc' dir='ltr'><strong>κ,</strong></span> <span class='ocrx_word' id='word_1_828' title='bbox 277 2649 323 2677; x_wconf 77' lang='lat'><strong>30.</strong></span> <span class='ocrx_word' id='word_1_829' title='bbox 363 2653 375 2667; x_wconf 77' lang='grc' dir='ltr'><strong>ε</strong></span> <span class='ocrx_word' id='word_1_830' title='bbox 393 2647 471 2675; x_wconf 76' lang='lat' dir='ltr'><strong>Joan.</strong></span> <span class='ocrx_word' id='word_1_831' title='bbox 484 2654 540 2681; x_wconf 85' lang='lat' dir='ltr'><strong>xvt,</strong></span> <span class='ocrx_word' id='word_1_832' title='bbox 555 2647 598 2674; x_wconf 76' lang='grc'><strong>15.</strong></span> <span class='ocrx_word' id='word_1_833' title='bbox 639 2645 740 2674; x_wconf 71' lang='grc' dir='ltr'>ίιιυιλιι.</span> <span class='ocrx_word' id='word_1_834' title='bbox 758 2652 824 2677; x_wconf 83' lang='lat' dir='ltr'><strong>xvn,</strong></span> <span class='ocrx_word' id='word_1_835' title='bbox 842 2646 881 2671; x_wconf 83' lang='lat' dir='ltr'><strong>to.</strong></span> 
     </span>
    </p>
   </div>
   <div class='ocr_carea' id='block_1_100' title="bbox 422 2574 1205 2610">
    <p class='ocr_par' dir='ltr' id='par_1_100' title="bbox 422 2574 1205 2610">
     <span class='ocr_line' id='line_1_100' title="bbox 422 2574 1205 2610; baseline -0.005 -7"><span class='ocrx_word' id='word_1_836' title='bbox 422 2583 432 2596; x_wconf 70' lang='grc'>³</span> <span class='ocrx_word' id='word_1_837' title='bbox 443 2576 514 2604; x_wconf 83' lang='lat' dir='ltr'><strong>Psal.</strong></span> <span class='ocrx_word' id='word_1_838' title='bbox 528 2584 613 2608; x_wconf 70' lang='lat' dir='ltr'><strong>cun,</strong></span> <span class='ocrx_word' id='word_1_839' title='bbox 626 2575 670 2602; x_wconf 80' lang='grc'><strong>10.</strong></span> <span class='ocrx_word' id='word_1_840' title='bbox 702 2576 721 2593; x_wconf 64' lang='grc'><strong>⁵⁸</strong></span> <span class='ocrx_word' id='word_1_841' title='bbox 737 2574 821 2601; x_wconf 82' lang='lat' dir='ltr'><strong>Exod.</strong></span> <span class='ocrx_word' id='word_1_842' title='bbox 858 2581 897 2606; x_wconf 86' lang='grc' dir='ltr'>ιιι,</span> <span class='ocrx_word' id='word_1_843' title='bbox 935 2574 978 2600; x_wconf 69' lang='grc'><strong>14.</strong></span> <span class='ocrx_word' id='word_1_844' title='bbox 1013 2581 1028 2595; x_wconf 80' lang='grc' dir='ltr'><strong>ιι</strong></span> <span class='ocrx_word' id='word_1_845' title='bbox 1043 2576 1127 2610; x_wconf 77' lang='lat' dir='ltr'><strong>Apoc.</strong></span> <span class='ocrx_word' id='word_1_846' title='bbox 1143 2583 1162 2608; x_wconf 85' lang='grc' dir='ltr'><strong>ι,</strong></span> <span class='ocrx_word' id='word_1_847' title='bbox 1177 2574 1205 2603; x_wconf 78' lang='grc'><strong>4.</strong></span> 
     </span>
    </p>
   </div>
   <div class='ocr_carea' id='block_1_101' title="bbox 943 2504 1732 2541">
    <p class='ocr_par' dir='ltr' id='par_1_101' title="bbox 943 2504 1732 2541">
     <span class='ocr_line' id='line_1_101' title="bbox 943 2504 1732 2541; baseline -0.006 -7"><span class='ocrx_word' id='word_1_848' title='bbox 943 2506 1144 2534; x_wconf 85' lang='lat' dir='ltr'><strong>distinctionem</strong></span> <span class='ocrx_word' id='word_1_849' title='bbox 1161 2506 1294 2535; x_wconf 86' lang='lat' dir='ltr'><strong>divinitati</strong></span> <span class='ocrx_word' id='word_1_850' title='bbox 1316 2510 1528 2541; x_wconf 83' lang='lat' dir='ltr'><strong>cotnpetentetn,</strong></span> <span class='ocrx_word' id='word_1_851' title='bbox 1542 2504 1732 2532; x_wconf 83' lang='lat' dir='ltr'><strong>confusionem</strong></span> 
     </span>
    </p>
   </div>
   <div class='ocr_carea' id='block_1_102' title="bbox 1245 2573 1460 2604">
    <p class='ocr_par' dir='ltr' id='par_1_102' title="bbox 1245 2573 1460 2604">
     <span class='ocr_line' id='line_1_102' title="bbox 1245 2573 1460 2604; baseline -0.005 -3"><span class='ocrx_word' id='word_1_852' title='bbox 1245 2579 1259 2593; x_wconf 74' lang='grc' dir='ltr'><strong>ν</strong></span> <span class='ocrx_word' id='word_1_853' title='bbox 1273 2574 1344 2601; x_wconf 81' lang='lat' dir='ltr'><strong>Psal.</strong></span> <span class='ocrx_word' id='word_1_854' title='bbox 1361 2581 1398 2604; x_wconf 79' lang='lat' dir='ltr'><strong>Cl.</strong></span> <span class='ocrx_word' id='word_1_855' title='bbox 1415 2573 1460 2601; x_wconf 70' lang='lat'><strong>28.</strong></span> 
     </span>
    </p>
   </div>
   <div class='ocr_carea' id='block_1_103' title="bbox 1197 2609 1422 2642">
    <p class='ocr_par' dir='ltr' id='par_1_103' title="bbox 1197 2609 1422 2642">
     <span class='ocr_line' id='line_1_103' title="bbox 1197 2609 1422 2642; baseline -0.004 -6"><span class='ocrx_word' id='word_1_856' title='bbox 1197 2611 1211 2630; x_wconf 71' lang='grc' dir='ltr'>ιι</span> <span class='ocrx_word' id='word_1_857' title='bbox 1224 2609 1302 2637; x_wconf 74' lang='lat' dir='ltr'><strong>itom.</strong></span> <span class='ocrx_word' id='word_1_858' title='bbox 1323 2618 1361 2642; x_wconf 81' lang='lat' dir='ltr'><strong>xi,</strong></span> <span class='ocrx_word' id='word_1_859' title='bbox 1376 2609 1422 2636; x_wconf 80' lang='lat'><strong>36.</strong></span> 
     </span>
    </p>
   </div>
   <div class='ocr_carea' id='block_1_104' title="bbox 1502 2571 1732 2603">
    <p class='ocr_par' dir='ltr' id='par_1_104' title="bbox 1502 2571 1732 2603">
     <span class='ocr_line' id='line_1_104' title="bbox 1502 2571 1732 2603; baseline 0 -5"><span class='ocrx_word' id='word_1_860' title='bbox 1502 2579 1514 2592; x_wconf 76' lang='grc' dir='ltr'><strong>ι</strong></span> <span class='ocrx_word' id='word_1_861' title='bbox 1528 2571 1608 2599; x_wconf 80' lang='lat' dir='ltr'><strong>Joan.</strong></span> <span class='ocrx_word' id='word_1_862' title='bbox 1626 2579 1673 2603; x_wconf 80' lang='lat' dir='ltr'><strong>xv,</strong></span> <span class='ocrx_word' id='word_1_863' title='bbox 1687 2571 1732 2598; x_wconf 71' lang='lat'><strong>26.</strong></span> 
     </span>
    </p>
   </div>
   <div class='ocr_carea' id='block_1_105' title="bbox 950 2607 1724 2644">
    <p class='ocr_par' dir='ltr' id='par_1_105' title="bbox 950 2607 1724 2644">
     <span class='ocr_line' id='line_1_105' title="bbox 950 2607 1724 2644; baseline -0.006 -6"><span class='ocrx_word' id='word_1_864' title='bbox 950 2613 974 2630; x_wconf 73' lang='grc' dir='ltr'>α·</span> <span class='ocrx_word' id='word_1_865' title='bbox 987 2607 1107 2644; x_wconf 62' lang='grc' dir='ltr'>Ιοιιιιξι,</span> <span class='ocrx_word' id='word_1_866' title='bbox 1121 2607 1159 2637; x_wconf 51' lang='grc'><strong>5(</strong></span> <span class='ocrx_word' id='word_1_867' title='bbox 1197 2611 1211 2630; x_wconf 76' lang='lat' dir='ltr'><strong>b</strong></span> <span class='ocrx_word' id='word_1_868' title='bbox 1224 2609 1302 2637; x_wconf 78' lang='lat' dir='ltr'><strong>itom.</strong></span> <span class='ocrx_word' id='word_1_869' title='bbox 1323 2618 1361 2642; x_wconf 80' lang='lat' dir='ltr'><strong>xi,</strong></span> <span class='ocrx_word' id='word_1_870' title='bbox 1376 2609 1422 2636; x_wconf 79' lang='lat'><strong>36.</strong></span> <span class='ocrx_word' id='word_1_871' title='bbox 1477 2613 1488 2627; x_wconf 78' lang='grc' dir='ltr'><strong>ο</strong></span> <span class='ocrx_word' id='word_1_872' title='bbox 1503 2607 1577 2635; x_wconf 74' lang='lat' dir='ltr'><strong>Psal.</strong></span> <span class='ocrx_word' id='word_1_873' title='bbox 1603 2614 1651 2634; x_wconf 86' lang='lat' dir='ltr'><strong>ctu</strong></span> <span class='ocrx_word' id='word_1_874' title='bbox 1664 2627 1672 2639; x_wconf 88' lang='lat'><strong>,</strong></span> <span class='ocrx_word' id='word_1_875' title='bbox 1689 2607 1724 2633; x_wconf 77' lang='grc'><strong>50</strong></span> 
     </span>
    </p>
   </div>
   <div class='ocr_carea' id='block_1_106' title="bbox 748 2713 1089 2742">
    <p class='ocr_par' dir='ltr' id='par_1_106' title="bbox 748 2713 1089 2742">
     <span class='ocr_line' id='line_1_106' title="bbox 748 2713 1089 2742; baseline 0 0"><span class='ocrx_word' id='word_1_876' title='bbox 748 2713 867 2742; x_wconf 65' lang='grc' dir='ltr'><strong>νΑΙὶΙΛΕ</strong></span> <span class='ocrx_word' id='word_1_877' title='bbox 885 2714 1089 2742; x_wconf 81' lang='lat' dir='ltr'><strong>LECTIONES.</strong></span> 
     </span>
    </p>
   </div>
   <div class='ocr_carea' id='block_1_107' title="bbox 143 2792 1733 2861">
    <p class='ocr_par' dir='ltr' id='par_1_107' title="bbox 143 2792 1733 2861">
     <span class='ocr_line' id='line_1_107' title="bbox 143 2792 1733 2861; baseline -0.004 -36"><span class='ocrx_word' id='word_1_878' title='bbox 143 2799 360 2861; x_wconf 52' lang='grc' dir='ltr'>ηυβλαξὲρημεῖν,</span> <span class='ocrx_word' id='word_1_879' title='bbox 375 2798 405 2825; x_wconf 84' lang='grc' dir='ltr'><strong>Ρ.</strong></span> <span class='ocrx_word' id='word_1_880' title='bbox 421 2798 452 2825; x_wconf 92' lang='lat' dir='ltr'><strong>D.</strong></span> <span class='ocrx_word' id='word_1_881' title='bbox 467 2806 520 2839; x_wconf 65' lang='grc' dir='ltr'>ηομ</span> <span class='ocrx_word' id='word_1_882' title='bbox 537 2799 617 2825; x_wconf 85' lang='lat' dir='ltr'><strong>habet</strong></span> <span class='ocrx_word' id='word_1_883' title='bbox 631 2798 660 2826; x_wconf 89' lang='lat' dir='ltr'><strong>S.</strong></span> <span class='ocrx_word' id='word_1_884' title='bbox 674 2799 713 2826; x_wconf 92' lang='lat' dir='ltr'><strong>Ch</strong></span> <span class='ocrx_word' id='word_1_885' title='bbox 738 2799 761 2815; x_wconf 71' lang='lat'><strong>“</strong></span> <span class='ocrx_word' id='word_1_886' title='bbox 773 2799 833 2850; x_wconf 61' lang='grc' dir='ltr'>τῇς.</span> <span class='ocrx_word' id='word_1_887' title='bbox 872 2800 894 2815; x_wconf 73' lang='grc'>⁸⁸</span> <span class='ocrx_word' id='word_1_888' title='bbox 908 2799 946 2831; x_wconf 85' lang='grc' dir='ltr'>ὡς</span> <span class='ocrx_word' id='word_1_889' title='bbox 959 2798 1049 2831; x_wconf 83' lang='grc' dir='ltr'>αὐτός,</span> <span class='ocrx_word' id='word_1_890' title='bbox 1064 2798 1094 2826; x_wconf 87' lang='grc' dir='ltr'><strong>Ρ.</strong></span> <span class='ocrx_word' id='word_1_891' title='bbox 1108 2798 1136 2825; x_wconf 92' lang='lat' dir='ltr'><strong>D.</strong></span> <span class='ocrx_word' id='word_1_892' title='bbox 1179 2798 1201 2814; x_wconf 80' lang='grc'><strong>⁸⁸</strong></span> <span class='ocrx_word' id='word_1_893' title='bbox 1214 2796 1351 2861; x_wconf 49' lang='grc' dir='ltr'>εἰὲῆσθσῄ</span> <span class='ocrx_word' id='word_1_894' title='bbox 1365 2796 1397 2823; x_wconf 85' lang='grc'><strong>1).</strong></span> <span class='ocrx_word' id='word_1_895' title='bbox 1415 2795 1466 2836; x_wconf 62' lang='lat' dir='ltr'><strong>CII:</strong></span> <span class='ocrx_word' id='word_1_896' title='bbox 1503 2795 1524 2811; x_wconf 86' lang='lat'><strong>&quot;&#39;</strong></span> <span class='ocrx_word' id='word_1_897' title='bbox 1537 2792 1733 2845; x_wconf 47' lang='lat' dir='ltr'><strong>naptypqildgtv:</strong></span> 
     </span>
     <span class='ocr_line' id='line_1_108' title="bbox 143 2831 1733 2861; baseline -0.003 0"><span class='ocrx_word' id='word_1_898' title='bbox 143 2856 146 2861; x_wconf 98' lang='lat'><strong>.</strong></span> <span class='ocrx_word' id='word_1_899' title='bbox 185 2856 191 2861; x_wconf 87' lang='lat'><strong>.</strong></span> <span class='ocrx_word' id='word_1_900' title='bbox 265 2843 351 2861; x_wconf 82' lang='grc' dir='ltr'>ταυτα</span> <span class='ocrx_word' id='word_1_901' title='bbox 363 2833 401 2861; x_wconf 86' lang='grc' dir='ltr'><strong>δέ.</strong></span> <span class='ocrx_word' id='word_1_902' title='bbox 419 2835 447 2861; x_wconf 78' lang='grc' dir='ltr'><strong>Ρ.</strong></span> <span class='ocrx_word' id='word_1_903' title='bbox 461 2843 541 2861; x_wconf 87' lang='grc' dir='ltr'>τουτο</span> <span class='ocrx_word' id='word_1_904' title='bbox 551 2833 590 2861; x_wconf 82' lang='grc' dir='ltr'><strong>δέ.</strong></span> <span class='ocrx_word' id='word_1_905' title='bbox 604 2834 631 2861; x_wconf 89' lang='lat' dir='ltr'><strong>S.</strong></span> <span class='ocrx_word' id='word_1_906' title='bbox 654 2835 675 2850; x_wconf 83' lang='grc'><strong>⁶⁹</strong></span> <span class='ocrx_word' id='word_1_907' title='bbox 688 2835 702 2861; x_wconf 87' lang='grc' dir='ltr'>ὁ</span> <span class='ocrx_word' id='word_1_908' title='bbox 713 2832 755 2861; x_wconf 74' lang='grc' dir='ltr'><strong>ἦν.</strong></span> <span class='ocrx_word' id='word_1_909' title='bbox 806 2835 816 2850; x_wconf 91' lang='grc'>⁰</span> <span class='ocrx_word' id='word_1_910' title='bbox 829 2834 968 2861; x_wconf 81' lang='grc' dir='ltr'>θεαονίαν.</span> <span class='ocrx_word' id='word_1_911' title='bbox 984 2833 1012 2861; x_wconf 86' lang='lat' dir='ltr'><strong>S.</strong></span> <span class='ocrx_word' id='word_1_912' title='bbox 1028 2835 1058 2861; x_wconf 84' lang='lat' dir='ltr'><strong>P.</strong></span> <span class='ocrx_word' id='word_1_913' title='bbox 1074 2833 1222 2861; x_wconf 79' lang='grc' dir='ltr'>ζωαογίαν.</span> <span class='ocrx_word' id='word_1_914' title='bbox 1261 2837 1287 2859; x_wconf 88' lang='grc' dir='ltr'><strong>Ιι.</strong></span> <span class='ocrx_word' id='word_1_915' title='bbox 1363 2839 1470 2861; x_wconf 73' lang='lat' dir='ltr'><strong>meum</strong></span> <span class='ocrx_word' id='word_1_916' title='bbox 1491 2838 1552 2861; x_wconf 80' lang='grc' dir='ltr'>που,</span> <span class='ocrx_word' id='word_1_917' title='bbox 1568 2831 1599 2857; x_wconf 86' lang='grc' dir='ltr'><strong>υ.</strong></span> <span class='ocrx_word' id='word_1_918' title='bbox 1670 2835 1733 2854; x_wconf 69' lang='lat' dir='ltr'><strong>amt</strong></span> 
     </span>
    </p>
   </div>
   <div class='ocr_carea' id='block_1_108' title="bbox 101 2832 755 2870">
    <p class='ocr_par' dir='ltr' id='par_1_108' title="bbox 101 2832 755 2870">
     <span class='ocr_line' id='line_1_109' title="bbox 101 2832 755 2870; baseline 0 -9"><span class='ocrx_word' id='word_1_919' title='bbox 101 2844 146 2867; x_wconf 67' lang='grc' dir='ltr'><strong>το,</strong></span> <span class='ocrx_word' id='word_1_920' title='bbox 163 2832 191 2861; x_wconf 80' lang='lat' dir='ltr'><strong>D.</strong></span> <span class='ocrx_word' id='word_1_921' title='bbox 232 2832 351 2861; x_wconf 51' lang='grc' dir='ltr'><strong>⁸⁸⁷τᾶὖτα</strong></span> <span class='ocrx_word' id='word_1_922' title='bbox 363 2833 401 2870; x_wconf 82' lang='grc' dir='ltr'>δέ,</span> <span class='ocrx_word' id='word_1_923' title='bbox 419 2835 451 2870; x_wconf 62' lang='lat' dir='ltr'><strong>P.</strong></span> <span class='ocrx_word' id='word_1_924' title='bbox 461 2833 541 2870; x_wconf 82' lang='grc' dir='ltr'>τοῦτο</span> <span class='ocrx_word' id='word_1_925' title='bbox 551 2833 590 2866; x_wconf 81' lang='grc' dir='ltr'>δέ,</span> <span class='ocrx_word' id='word_1_926' title='bbox 604 2834 631 2861; x_wconf 89' lang='lat' dir='ltr'><strong>S.</strong></span> <span class='ocrx_word' id='word_1_927' title='bbox 652 2835 675 2870; x_wconf 55' lang='lat' dir='ltr'><strong>f’</strong></span> <span class='ocrx_word' id='word_1_928' title='bbox 688 2835 702 2861; x_wconf 82' lang='lat'><strong><em>6</em></strong></span> <span class='ocrx_word' id='word_1_929' title='bbox 713 2832 755 2870; x_wconf 83' lang='grc' dir='ltr'><strong>ἦν.</strong></span> 
     </span>
    </p>
   </div>
   <div class='ocr_carea' id='block_1_109' title="bbox 806 2833 1222 2870">
    <p class='ocr_par' dir='ltr' id='par_1_109' title="bbox 806 2833 1222 2870">
     <span class='ocr_line' id='line_1_110' title="bbox 806 2833 1222 2870; baseline -0.002 -9"><span class='ocrx_word' id='word_1_930' title='bbox 806 2835 816 2850; x_wconf 91' lang='grc'>⁰</span> <span class='ocrx_word' id='word_1_931' title='bbox 829 2834 968 2870; x_wconf 82' lang='grc' dir='ltr'>θεαρχίαν,</span> <span class='ocrx_word' id='word_1_932' title='bbox 984 2833 1012 2861; x_wconf 88' lang='lat' dir='ltr'><strong>S.</strong></span> <span class='ocrx_word' id='word_1_933' title='bbox 1028 2835 1058 2861; x_wconf 85' lang='lat' dir='ltr'><strong>P.</strong></span> <span class='ocrx_word' id='word_1_934' title='bbox 1074 2833 1222 2870; x_wconf 81' lang='grc' dir='ltr'>ζωαρχίαν,</span> 
     </span>
    </p>
   </div>
   <div class='ocr_carea' id='block_1_110' title="bbox 1261 2829 1735 2867">
    <p class='ocr_par' dir='ltr' id='par_1_110' title="bbox 1261 2829 1735 2867">
     <span class='ocr_line' id='line_1_111' title="bbox 1261 2829 1735 2867; baseline -0.011 -8"><span class='ocrx_word' id='word_1_935' title='bbox 1261 2829 1287 2859; x_wconf 78' lang='lat' dir='ltr'><strong>Ii.</strong></span> <span class='ocrx_word' id='word_1_936' title='bbox 1326 2833 1347 2848; x_wconf 85' lang='lat'><strong>&quot;</strong></span> <span class='ocrx_word' id='word_1_937' title='bbox 1363 2830 1470 2867; x_wconf 83' lang='grc' dir='ltr'>ποσαχῆ</span> <span class='ocrx_word' id='word_1_938' title='bbox 1491 2838 1552 2862; x_wconf 80' lang='grc' dir='ltr'>που,</span> <span class='ocrx_word' id='word_1_939' title='bbox 1637 2829 1658 2844; x_wconf 88' lang='grc'><strong>⁷²</strong></span> <span class='ocrx_word' id='word_1_940' title='bbox 1670 2829 1735 2867; x_wconf 71' lang='grc' dir='ltr'>ὅταν</span> 
     </span>
    </p>
   </div>
   <div class='ocr_carea' id='block_1_111' title="bbox 104 2864 1732 2912">
    <p class='ocr_par' dir='ltr' id='par_1_111' title="bbox 104 2864 1732 2912">
     <span class='ocr_line' id='line_1_112' title="bbox 104 2864 1732 2912; baseline -0.002 -16"><span class='ocrx_word' id='word_1_941' title='bbox 104 2864 156 2912; x_wconf 43' lang='grc' dir='ltr'><strong>ἐξῆ,</strong></span> <span class='ocrx_word' id='word_1_942' title='bbox 172 2870 192 2896; x_wconf 92' lang='lat' dir='ltr'><strong>D</strong></span> <span class='ocrx_word' id='word_1_943' title='bbox 238 2869 264 2912; x_wconf 35' lang='lat'><strong>1&quot;</strong></span> <span class='ocrx_word' id='word_1_944' title='bbox 273 2869 321 2896; x_wconf 84' lang='grc' dir='ltr'>τοῦ</span> <span class='ocrx_word' id='word_1_945' title='bbox 335 2864 588 2912; x_wconf 41' lang='grc' dir='ltr'>Λόγοοιδηλονότιί</span> <span class='ocrx_word' id='word_1_946' title='bbox 600 2864 739 2905; x_wconf 71' lang='lat' dir='ltr'><strong>subiungit</strong></span> <span class='ocrx_word' id='word_1_947' title='bbox 756 2869 787 2897; x_wconf 90' lang='lat' dir='ltr'><strong>D.</strong></span> <span class='ocrx_word' id='word_1_948' title='bbox 808 2864 913 2906; x_wconf 44' lang='lat' dir='ltr'><strong>quod-t7</strong></span> <span class='ocrx_word' id='word_1_949' title='bbox 924 2864 1087 2906; x_wconf 74' lang='lat' dir='ltr'><strong>glossemate</strong></span> <span class='ocrx_word' id='word_1_950' title='bbox 1105 2864 1225 2904; x_wconf 68' lang='lat' dir='ltr'><strong>irrepsit.</strong></span> <span class='ocrx_word' id='word_1_951' title='bbox 1264 2868 1288 2884; x_wconf 76' lang='grc'><strong>⁷⁵</strong></span> <span class='ocrx_word' id='word_1_952' title='bbox 1299 2867 1419 2904; x_wconf 85' lang='grc' dir='ltr'>δωρεῶν.</span> <span class='ocrx_word' id='word_1_953' title='bbox 1436 2864 1479 2883; x_wconf 58' lang='grc'><strong>”⁷⁷¹</strong></span> <span class='ocrx_word' id='word_1_954' title='bbox 1503 2864 1673 2901; x_wconf 79' lang='grc' dir='ltr'>προσένεστι,</span> <span class='ocrx_word' id='word_1_955' title='bbox 1701 2865 1732 2893; x_wconf 79' lang='grc' dir='ltr'><strong>υ.</strong></span> 
     </span>
    </p>
   </div>
   <div class='ocr_carea' id='block_1_112' title="bbox 105 2905 523 2945">
    <p class='ocr_par' dir='ltr' id='par_1_112' title="bbox 105 2905 523 2945">
     <span class='ocr_line' id='line_1_113' title="bbox 105 2905 523 2945; baseline 0.01 -16"><span class='ocrx_word' id='word_1_956' title='bbox 105 2908 130 2924; x_wconf 64' lang='grc' dir='ltr'>ιε</span> <span class='ocrx_word' id='word_1_957' title='bbox 140 2905 358 2945; x_wconf 56' lang='grc' dir='ltr'>ξτχειρήσωμεν,</span> <span class='ocrx_word' id='word_1_958' title='bbox 374 2905 402 2932; x_wconf 78' lang='lat' dir='ltr'><strong>S.</strong></span> <span class='ocrx_word' id='word_1_959' title='bbox 417 2905 446 2932; x_wconf 69' lang='grc' dir='ltr'>ιι.</span> <span class='ocrx_word' id='word_1_960' title='bbox 462 2905 523 2933; x_wconf 77' lang='lat' dir='ltr'><strong>Sar.</strong></span> 
     </span>
    </p>
   </div>
  </div>
