1929 3068
189 171 243 198 639

790 171 820 199 S.
837 169 988 199 DIONYSII
1002 170 1233 199 AREOPAGITIE

1766 174 1822 203 640

189 229 337 265 quamdam
349 228 537 261 introducere,
545 236 585 256 nae
597 229 631 261 is.
643 234 739 257 nostro
749 229 864 264 judicio.
877 230 981 264 eiusce-

1035 231 1116 266 ἡμεῖς
1130 229 1192 257 οὔτε
1208 230 1288 258 αὐτὸν
1301 231 1323 246 ⁷⁷
1336 229 1446 266 οἰόμεθα
1466 230 1570 258 πείθειν
1581 231 1683 264 ἱκανὸν,
1700 231 1738 265 ὼς
1749 232 1823 260 ἐστιν

191 276 262 304 modi
275 275 583 310 ohjet-tionisveritalem
592 276 708 310 probare
720 283 856 309 nunquam
871 275 980 309 poterit.

190 322 258 350 Nam
281 321 361 357 317
376 322 401 348 si
422 321 484 348 talis
500 322 591 356 sitqui
602 321 715 349 omnino
726 322 813 349 sacris
826 321 927 349 litteris
939 329 982 348 re-

190 370 283 400 sistat,
298 376 313 395 a
327 367 496 403 philosophia
509 374 617 402 quoque
627 374 718 395 nostra
729 367 822 403 procul
836 368 981 395 admodum

191 414 279 442 aberit
308 424 315 442 :
340 419 368 442 et
388 415 439 442 nisi
460 413 496 441 illi
514 421 587 441 cura;
603 413 640 440 sit
660 414 752 441 divina
769 421 908 441 sacrarum
936 414 982 441 Iit-

192 465 313 488 terarum
337 460 472 495 sapientia
487 480 494 491 ,
523 459 658 494 quomodo
683 459 760 487 nobis
781 467 853 487 cura:
875 459 929 487 erit
952 463 983 486 ut

191 506 281 542 ipsum
314 507 346 534 ad
371 507 512 534 scientiam
541 506 717 542 theologicam
748 506 981 534 manuducamus?

192 553 241 581 Sin
263 553 436 587 eloquiorum
452 552 561 580 veritati
581 553 714 585 altendal,
729 559 779 580 nos
794 553 846 580 ista
871 560 981 587 quoque

192 599 287 634 regula
302 599 416 634 lat-eque
429 598 502 630 freti,
519 598 551 625 ad
566 597 730 626 reddendam
753 605 804 633 pro
818 598 923 626 viribus
936 606 980 626 ra-

192 645 294 672 tionem
310 645 369 673 sine
394 644 620 680 tergiversatione
642 644 860 679 properabimus,
886 645 981 672 dicen-

192 695 250 722 tes,
275 691 441 726 theologiam
463 691 573 726 quidem
606 690 735 718 nonnulla
759 690 904 725 copulatim
926 694 983 717 tra-

191 737 268 770 dere,
280 737 403 772 quaedam
419 743 485 764 vero
500 735 645 768 distincte;
663 742 750 770 neque
769 734 811 762 fas
823 741 884 762 esse
896 742 981 769 copu—

192 782 248 810 lata
280 782 457 818 disiungere,
483 788 534 809 nec
564 781 692 809 distincta
722 780 911 813 confundere,
933 781 981 808 sed

192 829 345 864 Scripturis
375 828 526 856 insisteudo
551 835 601 863 pro
626 827 698 855 virili
733 827 767 854 ad
789 827 896 854 divinos
921 833 983 854 esse

192 867 351 912 splendores
365 876 556 911 aspirandum;
581 876 709 911 quoniam
723 875 786 902 inde
808 874 914 903 divinas
934 882 981 902 ex-

1033 275 1187 313 ἁληθής.Εί
1201 277 1251 313 μὲν
1264 277 1318 314 γάρ
1331 277 1389 303 ἐστί
1403 286 1446 308 τις
1459 277 1528 309 ὅλως
1545 277 1560 304 ό
1578 279 1635 310 τοῖς
1645 277 1745 313 λογίοις
1761 279 1824 306 ἀντ-

1032 323 1223 358 ανιστάμενος,
1245 323 1340 360 πόρῤω
1362 331 1412 350 που
1426 323 1536 355 πάντως
1549 323 1625 350 ἔσται
1639 324 1685 351 καὶ
1696 325 1746 360 τῆς
1761 325 1823 351 καθ’

1031 366 1106 401 ἡμᾶς
1123 366 1294 401 φιλοσοφίας·
1311 367 1359 394 καὶ
1373 368 1397 394 εί
1412 366 1448 403 μὴ
1461 368 1511 403 τῆς
1524 368 1557 395 ἐκ
1573 368 1627 395 τῶν
1639 368 1736 403 λογίων
1748 370 1824 405 αὐτῷ

1033 411 1176 447 θεοσοφὶας
1196 412 1284 448 μέλει,
1302 413 1361 446 πῶς
1374 414 1407 442 ἂν
1425 415 1492 449 ἡμῖν
1512 414 1625 450 μελήσει
1640 415 1690 451 τῆς
1710 416 1756 442 ἐπὶ
1772 416 1823 452 τὴν

1032 456 1192 494 θεολογιχὴν
1210 459 1366 495 ἐπιστήμην
1380 459 1463 486 αὑτοῦ
1476 460 1676 496 χειραγωγίας;
1693 462 1725 488 Ei
1742 462 1770 488 δὲ
1783 463 1824 495 είς

1031 504 1081 540 τὴν
1099 504 1152 532 τῶν
1169 505 1267 540 λογίων
1288 505 1312 522 ⁷⁸
1333 505 1462 542 ἀλήθειαν
1483 507 1649 540 ἀποσκοπεῖ,
1668 507 1754 544 τούτῳ
1775 509 1824 535 καὶ

1031 550 1113 585 ἡμεῖς
1126 550 1218 577 κανόνι
1232 551 1279 577 καὶ
1292 551 1360 586 φωτὶ
1375 552 1397 568 ⁷³
1411 551 1547 587 χρώμενοι
1566 553 1636 588 πρὸς
1656 553 1706 589 τὴν
1726 554 1824 581 ἀπολο-

1031 596 1104 630 γίαν,
1117 595 1155 628 ὡς
1167 593 1218 623 οἷοί
1229 596 1260 623 τέ
1272 597 1366 632 ἐσμεν,
1378 597 1494 630 ἁκλινῶς
1512 597 1687 634 βαδιούμεθα,
1705 599 1824 634 φάσκον-

1031 650 1087 674 τες,
1104 641 1142 674 ὼς
1155 642 1172 678 ἠ
1186 642 1311 677 θεολογία
1322 644 1358 670 τὰ
1370 643 1420 679 μὲν
1433 644 1580 679 ἡνωμένως
1595 645 1771 680 παραδίδωσι,
1788 646 1824 673 τὰ

1031 688 1059 715 δὲ
1070 687 1300 724 διακεκριμένως·
1319 690 1366 716 καὶ
1383 689 1444 716 οὗτε
1457 689 1492 716 τὰ
1503 690 1631 726 ἡνωμένα
1646 691 1760 726 διαιρεῖν
1778 691 1823 718 θε-

1032 733 1120 768 μιτὸν,
1133 732 1196 760 οὔτε
1208 733 1242 760 τὰ
1253 734 1448 770 διακεκριμένα
1463 736 1572 770 συγχεῖν
1582 743 1589 751 ⁸
1603 736 1661 763 ἀλλ’
1673 736 1823 772 ἑπομένως

1031 779 1100 815 αὐτῇ
1114 780 1185 807 κατὰ
1197 780 1321 815 δύναμιν,
1336 781 1382 808 ἐπὶ
1397 780 1447 813 τὰς
1459 781 1535 813 θείας
1556 781 1739 818 μαρμαρυγὰς
1756 783 1823 809 ἁνα-

1031 825 1132 853 νεύειΨ
1145 827 1192 853 καὶ
1205 825 1259 863 γὰρ
1272 826 1375 854 ἐκεῖθεν
1387 826 1437 859 τὰς
1450 827 1525 859 θείας
1539 828 1718 864 ὲκφαντορίας
1730 837 1822 865 παρα-

1031 871 1168 904 λαϐόντες,
1181 872 1275 908 ὥσπερ
1286 872 1347 900 τινὰ
1364 873 1464 900 κανόνα
1480 873 1621 901 κάλλιστον
1638 874 1776 910 ἀληθείας,
1787 874 1824 901 τὰ

192 924 364 959 planationes
389 931 438 951 ceu
462 923 608 957 quamdam
633 922 757 958 veritatis
779 921 900 957 regulam
922 921 982 957 pul-

1034 919 1091 945 ὲκεῖ
1115 919 1229 954 κείμενα
1261 921 1390 955 φρουρεῖν
1412 920 1442 947 ἐν
1463 921 1571 953 ἑαυτοῖς
1592 921 1751 956 ὰπλήθυντα
1775 921 1824 948 καὶ

191 969 377 1001 cherrimam,
409 968 572 1004 accipimus,
603 967 667 994 dum
700 974 760 1002 quae
783 967 820 994 ibi
846 971 909 995 sunt
936 974 981 995 re-

191 1014 316 1047 condita,
330 1013 397 1041 nihil
421 1014 556 1046 addendo,
572 1013 641 1041 nihil
666 1012 827 1046 minuendo,
841 1012 908 1040 nihil
922 1020 984 1048 per-

191 1060 343 1093 vertendo,
370 1060 398 1088 in
434 1060 637 1095 nobismetipsis
660 1066 825 1087 conservare
859 1059 983 1090 nitimur.

1032 965 1157 1001 ἅμείωτα
1169 966 1217 993 καὶ
1228 966 1427 1003 ἀπαράτρεπτα
1441 967 1600 1003 σπεύδομεν,
1615 968 1645 995 ὲν
1662 969 1695 1004 τῇ
1716 968 1824 1004 φρουρᾷ

1033 1012 1088 1038 τῶν
1099 1012 1196 1046 λογίων
1204 1012 1399 1048 φρουρούμενοι
1413 1013 1461 1040 καὶ
1472 1013 1539 1050 πρὸς
1551 1014 1641 1041 αὐτῶν
1659 1014 1698 1046 είς
1704 1014 1824 1050 τὺφρου-

1036 1058 1149 1095 ροῦντας
1161 1058 1231 1086 αὐτὰ
1243 1059 1419 1095 φρουρεῖσθαι
1429 1060 1636 1097 δυναμούμενοι.

192 1114 274 1144 atque
297 1109 346 1144 ipsi
368 1109 478 1136 interim
504 1109 673 1143 eloquiorum
697 1106 822 1135 custodia
851 1113 1060 1140 conservamur,
1075 1114 1126 1134 nec
1151 1113 1205 1134 non
1230 1107 1265 1134 ab
1288 1106 1384 1134 iisdem
1405 1106 1440 1134 ad
1453 1114 1547 1135 eorum
1568 1108 1760 1136 observatores
1775 1109 1824 1137 de-

192 1155 341 1183 fendendos
354 1155 428 1183 vires
445 1156 608 1190 accipimus.

951 1208 1038 1246 ΜΠ.

226 1283 342 1311 Nomina
360 1285 452 1319 itaque
472 1283 599 1319 copulata
616 1283 643 1311 in
657 1291 740 1311 unum
760 1284 787 1311 in
803 1287 860 1311 tota
880 1282 979 1310 divini-

193 1334 259 1363 tate,
275 1335 305 1357 ut
329 1330 357 1358 in
383 1331 542 1366 tlteologicis
566 1330 805 1358 inl'orutatiOnibus
823 1329 927 1364 prolixe
946 1337 979 1356 ex

194 1378 343 1411 Scripluris
372 1379 458 1405 sacris
483 1378 739 1410 demonstravimus,
771 1381 855 1409 sunt,
883 1383 981 1411 supra-

193 1431 275 1458 quam
301 1425 397 1457 bonus,
416 1432 581 1459 supraquam
610 1425 690 1457 Deus,
716 1431 881 1459 supraquam
914 1424 980 1451 sub-

193 1470 316 1502 stantia,
341 1479 507 1506 stipi-aquam
535 1472 640 1504 vivens,
664 1478 830 1506 supraquam
859 1469 980 1505 sapiens,

193 1520 221 1542 et
237 1523 406 1551 quzecunque
417 1522 480 1544 sunt
494 1517 639 1545 ablationis
651 1517 800 1544 secundum
813 1524 982 1552 exsuperan-

194 1561 276 1594 tiam;
293 1569 354 1589 cnm
369 1563 468 1597 quibus
484 1568 663 1590 numerantur
674 1566 765 1591 omnia
780 1571 840 1598 quae
853 1564 887 1590 ad
901 1564 981 1591 ratio-

1069 1279 1110 1306 Τὰ
1127 1279 1175 1314 μὲν
1192 1275 1238 1305 οὖν
1254 1278 1382 1314 ἡνωμένα
1401 1279 1450 1315 τῆς
1464 1278 1528 1314 ὅλης
1542 1278 1665 1315 θεότητός
1685 1279 1769 1313 ἐστιν,
1784 1281 1823 1313 ὼς

1033 1325 1062 1353 ὲν
1076 1326 1136 1357 ταῖς
1151 1325 1318 1359 θεολογικαῖς
1333 1325 1524 1352 ὑποτυπώσεσι
1534 1325 1578 1352 διὰ
1587 1325 1716 1353 πλειόνων
1727 1327 1758 1353 ὲκ
1767 1327 1823 1355 τῶν

1033 1371 1131 1406 λογίων
1154 1372 1344 1408 ἀπεδείξαμεν,
1369 1372 1400 1399 τὺ
1420 1372 1603 1408 ὕπεράγαθον,
1626 1372 1656 1398 τὺ
1678 1372 1822 1409 ὑπέρθεον,

1033 1418 1064 1445 τὸ
1077 1418 1249 1454 ὕπερούσιον,
1265 1418 1296 1445 τὸ
1309 1417 1459 1454 ὐπέρζωον,
1480 1419 1511 1445 τὺ
1529 1418 1693 1455 ὑπέρσοφον,
1708 1421 1755 1446 καὶ
1772 1420 1823 1447 ὅσα

1033 1464 1084 1500 τῆς
1104 1465 1268 1500 ὑπεροχικῆς
1289 1465 1363 1491 ἐστιν
1382 1465 1566 1500 ἀφαιρέσεως’
1584 1465 1643 1500 μεθ’
1661 1462 1699 1492 ὧν
1720 1466 1768 1492 καὶ
1788 1466 1824 1492 τὰ

1034 1511 1202 1546 αἱτιολογικὰ
1225 1512 1324 1544 πάντα,
1339 1511 1369 1538 τὸ
1391 1511 1504 1546 ἀγαθὸν,
1522 1511 1553 1538 τὺ
1574 1511 1667 1543 καλὸν,
1686 1512 1717 1538 τὸ
1738 1512 1778 1544 ὃν,
1792 1512 1824 1538 τὸ

1035 1558 1178 1592 ζωογόνον,
1197 1558 1227 1585 τὸ
1248 1558 1340 1592 σοφὸν,
1356 1557 1402 1583 καὶ
1423 1557 1473 1583 ὅσα
1494 1557 1527 1584 ἐκ
1546 1557 1600 1584 τῶν
1620 1557 1823 1593 ἀγαθοπρεπῶν

193 1614 255 1634 nem
270 1615 360 1634 causa:
374 1608 524 1642 pertinent,
537 1609 650 1641 bonum,
662 1609 817 1643 pulchrum,
832 1609 980 1642 exsistens.

1034 1606 1119 1641 αὐτῆς
1131 1605 1251 1640 δωρεῶν,
1266 1605 1283 1640 ἡ
1299 1604 1406 1631 πάντων
1423 1603 1533 1638 ἀγαθῶν
1550 1603 1625 1631 αἰτία
1637 1604 1822 1640 κατονομάζε-

193 1653 344 1686 viviﬁcum,
357 1655 478 1689 sapiens,
491 1659 520 1682 et
531 1662 702 1690 quaecunque
713 1659 777 1682 sunt
785 1663 820 1682 ex
832 1655 912 1683 donis
923 1655 983 1689 ejus

193 1708 254 1734 qua:
279 1701 427 1728 bonitatem
451 1700 510 1734 ejus
532 1701 639 1733 decent,
656 1709 670 1728 a
686 1702 786 1736 quibus
799 1702 921 1730 omnium
936 1702 983 1729 bo-

194 1755 290 1774 norum
306 1755 387 1775 causa
409 1748 576 1775 nominatur.
594 1748 715 1776 Discreta
737 1756 802 1776 vero
817 1753 880 1776 sunt
895 1748 984 1776 Patris

194 1794 455 1828 suprasubstanliale
468 1802 575 1828 nomen,
589 1800 617 1822 et
628 1802 685 1826 res,
697 1800 726 1823 et
737 1795 810 1828 Filii,
822 1800 851 1823 et
864 1795 983 1830 Spiritus

194 1840 295 1873 sancti,
312 1840 383 1867 nulla
409 1840 435 1868 iu
460 1840 502 1868 his
526 1840 599 1868 facta
623 1841 847 1876 reciprocatione,
862 1849 913 1870 nec
929 1841 981 1869 ulla

195 1894 306 1920 prorsus
319 1887 512 1914 communitate
538 1887 705 1916 introducta.
720 1887 769 1915 Est
781 1892 912 1922 prteterea
927 1888 982 1916 dis-

196 1938 269 1959 creta
285 1940 317 1960 ac
329 1933 470 1965 distincta,
486 1934 618 1967 perlecta,
636 1934 708 1961 sicut
726 1934 753 1961 in
769 1934 857 1968 nobis,
872 1939 901 1962 et
929 1935 980 1962 im-

197 1980 339 2006 mutabilis
352 1980 416 2008 Jesu
431 1979 559 2011 essentia.
576 1985 604 2007 et
620 1988 789 2015 quaecunque
803 1986 866 2009 sunt
882 1987 984 2017 myste-

201 2025 242 2052 ria
260 2026 453 2055 substantialia
467 2027 647 2055 humanitatis
662 2026 731 2061 eius.

1033 1660 1078 1679 ται
1089 1660 1096 1668 ·
1109 1651 1143 1678 τὰ
1153 1651 1181 1678 δὲ
1192 1650 1396 1686 διακεκριμένα,
1404 1650 1435 1676 τὸ
1447 1650 1553 1686 [ἰατρὸς
1561 1651 1584 1666 ³ο
1595 1650 1757 1686 ὑπερούσιον
1766 1651 1824 1677 δνο-

1035 1707 1074 1734 μα
1087 1698 1134 1725 καὶ
1146 1697 1252 1734 χρῆμα,
1268 1697 1316 1724 καὶ
1326 1696 1402 1729 Υίοῦ,
1418 1696 1465 1723 καὶ
1481 1696 1679 1732 Πνεύματοςθί,
1697 1696 1824 1732 οὐδεμιᾶς

1034 1745 1063 1771 ὲν
1075 1743 1179 1775 τούτοις
1190 1742 1382 1778 ἀπιπροφῆς,
1399 1742 1416 1777 ἢ
1430 1742 1498 1774 ὅλως
1512 1742 1665 1778 κοινότητος
1680 1743 1824 1777 ἐπεισαγο-

1035 1791 1128 1826 μένης.
1142 1790 1219 1816 Ἔστι
1240 1789 1268 1816 δὲ
1284 1787 1361 1820 αὖθις
1375 1789 1443 1825 πρὸς
1452 1788 1538 1825 τούτῳ
1546 1788 1568 1805 θ’
1582 1789 1788 1825 διακεκριμένον
1806 1791 1823 1825 ἡ

1034 1836 1095 1863 καθ’
1110 1837 1183 1872 ἡμᾶς
1201 1835 1288 1872 Ἰησοῦ
1301 1835 1433 1871 παντελὴς
1448 1835 1496 1862 καί
1507 1835 1683 1867 ἀναλλοίωτος
1695 1835 1823 1871 ὒπαρξις,

1035 1882 1082 1909 καὶ
1101 1882 1152 1908 ὅσα
1172 1882 1223 1918 τῆς
1243 1882 1399 1918 κατάὐτήν
1416 1882 1474 1908 ἐστι
1494 1881 1697 1917 φιλανθρωπίας
1707 1881 1823 1918 οὺσιώδτι

1038 1928 1124 1964 μυστή
1128 1937 1184 1964 ρια.

965 2096 978 2133 §
994 2095 1049 2127 ιν.

231 2167 357 2194 Arbitror
370 2172 460 2196 autem
475 2170 614 2205 expedire,
626 2174 655 2197 ut
671 2170 793 2198 nonnihil
806 2170 889 2198 altius
904 2178 980 2198 resu-

1069 2169 1130 2206 Χρὴ
1153 2170 1191 2202 δὲ,
1213 2170 1250 2202 ὡς
1270 2168 1357 2206 οἶμαι,
1376 2169 1475 2206 μᾶλλον
1491 2169 1673 2202 ἀναλαϐόντας
1692 2170 1768 2205 ἡμᾶς
1780 2170 1827 2196 τὸν

197 2214 296 2241 mendo
310 2214 529 2248 perfectissimus
543 2216 589 2244 ille
602 2216 700 2244 divina:
716 2217 826 2244 unionis
838 2224 871 2244 ac
884 2217 983 2244 distin-

196 2259 296 2288 ctionis
311 2261 405 2288 modus
423 2262 594 2297 explanetur,
608 2270 663 2297 quo
684 2263 762 2291 nobis
785 2263 874 2291 oratio
893 2263 983 2291 omnis

197 2305 234 2333 lla
248 2306 283 2332 sit
296 2311 400 2341 aperta,
415 2312 445 2335 ut
468 2308 628 2336 varietatem
644 2309 755 2344 quidem
768 2317 877 2338 omnem
890 2314 919 2337 et
931 2310 983 2337 ob-

197 2351 355 2379 scuritalem
371 2353 505 2387 repudiet,
520 2353 647 2382 distincte
667 2360 757 2382 autem
777 2363 810 2383 ac
829 2356 919 2391 plane,
935 2364 981 2383 or-

196 2398 314 2432 dineque
328 2405 388 2432 qua:
404 2400 513 2433 propria
526 2404 600 2434 sunt,
615 2402 705 2435 quoad
719 2400 779 2435 ejus
802 2402 861 2429 lieri
882 2407 982 2437 potest,

197 2444 319 2472 deﬁniat.
332 2444 505 2481 Theologicaa
520 2451 619 2474 nostra:
634 2448 788 2476 traditionis
799 2455 927 2477 auctores
942 2451 983 2486 (ut

198 2490 262 2518 alibi
274 2490 341 2523 disi)
357 2490 463 2518 divinas
486 2492 594 2526 quidem
622 2491 737 2520 uniones
758 2497 856 2521 vocant
877 2494 985 2522 abditas

198 2537 265 2565 istas
291 2537 483 2566 collocationes
510 2538 571 2573 plus
588 2538 828 2574 quamincﬂ‘abilis
851 2545 879 2568 et
900 2548 983 2576 supra

199 2584 308 2611 modum
326 2584 424 2619 ignota:
441 2585 600 2617 mansionis,
616 2593 677 2620 qua:
693 2594 826 2621 nusquam
842 2595 904 2615 sese
920 2595 984 2623 pro-

198 2630 253 2664 dit;
268 2630 458 2659 distinctiones
479 2638 554 2664 vero,
574 2632 714 2660 benelicas
733 2634 779 2661 Dei
797 2635 986 2662 emanationes

198 2680 226 2704 et
250 2676 494 2711 manifestaliones,
508 2677 591 2714 318
606 2679 811 2716 assignantque,
834 2680 984 2715 Scripturis

1037 2216 1156 2252 παντελῆ
1172 2216 1222 2251 τῆς
1239 2216 1314 2248 θείας
1329 2215 1451 2248 ἑνώσεώς
1463 2225 1493 2242 τε
1509 2216 1556 2242 καὶ
1573 2215 1736 2251 διακρίσεως
1750 2215 1829 2242 ὲκθέ-

1037 2263 1099 2290 σθαι
1112 2263 1222 2299 τρόπον,
1231 2263 1305 2295 ὅπως
1318 2262 1351 2290 ἂν
1363 2263 1428 2298 ἡμῖν
1443 2261 1607 2293 εὐσύνοπτος
1622 2262 1636 2288 ὁ
1650 2263 1704 2293 πᾶς
1715 2262 1829 2297 ἐγγένη-

1036 2317 1082 2337 ται
1094 2310 1182 2345 λόγος,
1196 2309 1227 2336 τὸ
1241 2309 1290 2346 μὲν
1304 2309 1424 2336 ποικίλον
1441 2309 1513 2336 ἅπαν
1528 2309 1575 2335 καὶ
1587 2309 1691 2343 ἀσαφὲς
1710 2308 1829 2335 ἀπαναι-

1037 2356 1158 2391 νόμενος,
1173 2356 1347 2392 εὐδιακρίτως
1367 2356 1395 2383 δὲ
1408 2356 1455 2382 καὶ
1471 2355 1564 2389 σαφῶς
1580 2355 1627 2382 καὶ
1641 2353 1781 2385 εὐτάκτως
1794 2354 1830 2380 τὰ

1037 2403 1123 2430 οἰκεῖα
1136 2402 1206 2429 κατὰ
1223 2402 1336 2438 δύναμιν
1354 2401 1497 2438 ὁροθετῶν.
1510 2401 1630 2428 Καλοῦσι
1646 2400 1701 2436 γὰρ
1709 2401 1742 2432 ⁸³,
1759 2401 1830 2436 ὅπερ

1036 2449 1084 2476 καὶ
1100 2450 1129 2476 ὲν
1142 2449 1244 2485 ἑτέροις
1259 2448 1337 2484 ἔφην,
1347 2448 1373 2475 οἱ
1384 2448 1434 2483 τῆς
1445 2448 1505 2475 καθ’
1519 2448 1594 2483 ἡμᾶς
1606 2447 1764 2482 θεολογικῆς
1776 2455 1830 2473 πα-

1039 2495 1171 2532 ραδόσεως
1187 2495 1346 2531 ἱερομύσται
1359 2494 1409 2526 τὰς
1428 2494 1478 2530 μὲν
1496 2493 1607 2526 ἐνώσεις
1618 2493 1668 2525 τὰς
1680 2493 1766 2524 θείας,
1779 2493 1830 2524 τὰς

1035 2542 1087 2577 τῆς
1109 2543 1301 2578 ὑπεραρῥήτου
1329 2541 1377 2568 καὶ
1401 2539 1612 2576 ὕπεραγνὼστου
1640 2539 1829 2575 μονιμότητος,

1036 2589 1155 2626 κρυφίας
1167 2590 1214 2616 καὶ
1224 2589 1434 2624 ἁνεκφοιτήτους
1445 2587 1635 2623 ὑπεριδρύσεις
1644 2595 1650 2602 ·
1664 2586 1714 2617 τὰς
1723 2586 1830 2621 διακρί-

1037 2643 1094 2666 σεις
1109 2635 1149 2667 δὲ,
1163 2634 1212 2667 τὰς
1224 2634 1425 2670 ἀγαθοπρεπεῐς
1437 2633 1487 2669 τῆς
1501 2633 1639 2670 οεαρχίας,
1654 2632 1784 2669 προόδους
1799 2640 1828 2658 τε

1038 2682 1085 2709 καὶ
1094 2681 1239 2717 ὲκφάνσεις
1248 2689 1255 2696 ·
1269 2681 1315 2708 καί
1329 2689 1406 2715 φασι,
1416 2681 1472 2712 τοῖς
1484 2681 1565 2716 ἱεροῖς
1577 2679 1676 2715 λογίοις
1690 2679 1830 2714 ἑπόμενοι,

838 2785 958 2814 νΑΒιιΕ
980 2785 1185 2815 LECTIONES.

235 2849 256 2864 ""
269 2849 340 2888 obfis
352 2850 455 2888 ξαυτόν,
519 2887 526 2888 7
547 2852 569 2888 ἐξ
581 2852 635 2879 τῶν
650 2852 729 2880 θείων
741 2853 836 2888 λόγων.
849 2854 898 2881 Ch.

938 2854 960 2869 ⁷³
974 2854 1020 2881 καὶ
1035 2853 1138 2888 σκοπῷ,
1152 2852 1202 2880 Ch.

1256 2853 1278 2869 κθ
1297 2853 1326 2880 τὸ
1349 2852 1394 2880 τοῦ
1405 2851 1529 2888 Πατρός,
1546 2851 1573 2880 S.
1590 2852 1619 2880 Ρ.
1634 2851 1684 2880 Cb.
1742 2849 1762 2866 "
1781 2848 1827 2876 καὶ

202 2883 278 2919 ἅγιον
293 2885 460 2924 Πνεύματος,
474 2887 501 2916 S.
516 2887 546 2916 Ρ.
561 2887 593 2917 D.
605 2889 653 2917 Lib.
693 2889 714 2906 ⁸³
728 2883 841 2922 τούτοις,
860 2889 893 2917 Μ.
914 2888 987 2917 Stot.
1028 2889 1050 2906 '”
1063 2883 1171 2924 λέγουσι
1184 2889 1246 2925 γάρ,
1263 2889 1291 2916 S.
1302 2889 1331 2916 ιι.
