1929 3068
103 181 156 215 6)ιί

641 183 684 210 DE
701 181 828 210 DlVINIS
842 179 1043 212 NOMINIBUS,
1054 178 1133 208 ΕΑΡ.
1155 179 1189 207 ΙΙ.

1687 183 1742 212 ΜΞ

103 246 152 271 καὶ
165 243 215 279 τῆς
229 242 376 278 είρημένης
392 240 514 272 ἐνώσεως
529 239 597 267 ῐδια·
612 240 660 266 καὶ
675 237 763 271 αὖθις,
778 239 829 273 τῆς
841 238 888 265 δια-

949 237 1037 264 sacris
1062 236 1226 268 insistendo.
1246 237 1374 265 nonnulla
1401 238 1479 266 dieue
1502 239 1594 267 uniuni
1617 242 1737 276 propria,

101 290 221 326 κρίσεως
231 286 300 316 εἷναί
312 297 388 320 τινας
400 287 487 317 tam;
498 287 544 314 καὶ
555 286 666 317 ἑνώσεις
677 286 725 312 καὶ
735 285 895 320 διακρίσεις·

100 333 159 362 οἷον
175 335 222 362 ἐπὶ
238 335 288 370 τῆς
304 334 426 366 ἑνώσεως
440 333 490 368 τῆς
503 332 578 365 θείας
592 333 651 368 ἦτοι
665 332 716 367 τῆς
735 330 896 367 ὺπερουσιό-

100 390 184 418 τητος
194 382 229 412 ⁸⁸,
242 382 380 417 ἡνωμένον
397 381 445 416 μὲν
460 380 517 407 ἐστι
533 381 567 416 τῇ
581 380 711 416 ἐναρχικῇ
725 378 831 414 Τριὰδι,
849 377 897 404 καὶ

101 428 221 464 κοινὺνή
238 428 398 464 ὑπερούσιος
414 427 541 463 ὓπαρξις,
563 427 580 462 ή
601 425 734 462 ὑπέρθεος
755 425 859 460 θεότης,
878 424 896 459 ὴ

102 474 276 510 ὑπεράγαθος
298 473 448 509 ἀγαθότης·
464 473 590 500 ἁπάντων
611 472 740 499 ἐπέκεινα
763 471 814 506 τῆς
831 471 895 497 έπέ-

101 529 181 547 κεινα
194 521 301 547 πάντων
313 520 375 556 ὅλης
390 520 520 555 ἰδιότητος
535 519 667 554 ταὺτότης
678 527 685 534 ·
700 519 717 554 ὴ
735 518 805 554 ὑπὲρ
816 518 896 553 ἐναρ-

101 567 165 602 χίαν
178 566 281 602 ἑνότης,
295 566 326 593 τὺ
337 566 498 601 ἄφθεγκτον,
512 566 543 592 τὸ
555 565 722 600 πολύφωνον,
733 565 750 600 ἡ
762 564 894 598 ἀγνωσία,

101 613 134 639 τὸ
150 613 309 649 παννόητον,
324 614 341 649 ἡ
355 613 463 640 πάντων
485 612 569 644 θέσις,
585 613 602 648 ὴ
614 612 723 639 πάντων
737 610 894 646 ἀφαίρεσις,

100 659 133 685 τὸ
149 660 219 695 ὑπὲρ
237 661 326 686 πᾶσαν
344 660 390 686 καὶ
413 659 486 685 θέσιν
507 660 554 686 καὶ
575 658 729 694 ἀφαίρεσιν,
743 659 761 693 ὴ
773 658 802 684 ὲν
814 656 895 692 ἀλλή-

100 704 172 737 λαις,
185 706 209 731 εἰ
221 705 291 732 οὕτω
307 706 359 742 χρὴ
377 706 470 740 φάναι,
483 705 538 732 τῶν
556 704 706 740 ἑναρχικῶν
719 703 894 730 ὑποστάσεων

102 751 182 787 μονὴ,
198 751 245 777 καὶ
265 752 379 787 ἵδρυσις,
395 751 494 783 ὑλικῶς
514 750 722 786 ὑπερηνωμένη,
739 750 787 776 καὶ
807 749 894 776 οὐδενὶ

102 797 182 832 μέρει
201 798 402 833 συγκεχυμένη,
418 797 543 833 καθάπερ
558 796 636 831 φῶτα
647 796 815 832 λαμπτήρων
833 795 894 830 (ἶνα

100 843 240 878 αἰσθητοῖς
252 845 299 870 καὶ
309 844 419 876 οἰκείοις
428 846 573 880 χρήσωμαι
581 842 819 878 παραδείγμασιν),
828 842 893 868 ὄντα

100 890 130 916 ἐν
142 889 209 925 οἴκῳ
221 890 270 921 ἑνὶ,
281 890 328 916 καὶ
339 890 386 916 ὅλα
399 891 428 916 ὲν
445 890 569 926 ἀλλήλοις
580 889 650 921 ὅλοις
660 890 744 920 ἐστὶν,
753 889 892 925 ἀκραιφνῆ

948 283 1124 317 vicissimque
1138 283 1321 316 distinctioni,
1336 286 1462 319 proprias
1478 286 1542 313 item
1560 293 1624 314 suns
1652 294 1736 321 copu-

948 328 1063 356 lationes
1086 336 1119 356 ac
1141 328 1353 364 disjunctiones;
1380 331 1454 358 verbi
1479 332 1577 366 gratia.
1593 331 1620 359 in
1644 332 1736 360 divina

948 376 1050 403 unione
1075 383 1122 403 seu
1150 376 1475 410 supersulistantialitate,
1495 378 1651 412 copulatum
1674 379 1736 413 qui-

948 421 1008 449 dem
1033 421 1146 449 unitatis
1163 421 1279 456 principi
1305 422 1431 450 Trinitati
1456 431 1488 451 ac
1512 432 1657 452 commune
1681 430 1734 458 est,

947 468 1183 502 superessenlialis
1206 469 1377 502 exsistentia.
1396 475 1424 496 et
1450 478 1614 505 supraquam
1645 472 1735 499 divina

948 513 1089 546 divinitas,
1110 521 1274 549 supraquam
1301 515 1371 542 bona
1397 515 1515 548 bonitas,
1535 524 1640 543 summa
1675 526 1734 546 om—

947 560 1021 587 nium
1036 560 1095 594 ejus
1108 568 1168 595 qua:
1184 568 1266 595 supra
1289 562 1380 589 omnia
1402 566 1444 589 est
1460 563 1542 590 totius
1556 564 1735 598 proprietatis

946 606 1091 640 identitas;
1108 607 1200 634 unitas
1215 614 1296 641 supra
1311 607 1476 642 principium
1491 609 1624 637 unitatis:
1641 610 1735 638 inclia-

946 652 1050 685 bilitas,
1067 653 1265 685 multivocatio,
1286 654 1582 690 indemonstrabilitas,
1597 657 1734 684 omnimo-

945 698 978 725 da
993 699 1209 734 intelligibilitas,
1226 700 1347 727 omnium
1363 701 1471 735 positio,
1485 703 1606 730 omnium
1620 704 1732 738 ablatio.

944 752 1024 780 supra
1043 753 1151 773 omnem
1167 747 1330 781 positionem
1346 752 1373 773 et
1386 747 1564 783 ablutionem,
1577 749 1731 778 divinarqu

943 798 1121 825 personarum
1147 792 1174 819 in
1199 793 1308 827 seipsis,
1326 795 1349 820 si
1373 794 1409 821 ita
1422 794 1496 828 loqui
1511 794 1552 823 fas
1567 801 1620 827 est.
1637 802 1730 825 mutua

943 837 1060 871 mansio,
1073 842 1101 865 et
1125 838 1279 871 collocatio,
1307 839 1333 866 in
1355 844 1441 867 totum
1458 848 1625 876 supraquam
1643 851 1729 878 copu-

943 882 996 910 lata
1023 883 1050 910 in
1072 891 1166 916 unum,
1185 889 1213 912 et
1228 893 1281 912 non
1300 885 1413 913 confusa
1429 886 1458 913 in
1475 894 1552 921 parte
1567 888 1619 915 ulla
1635 898 1643 917 :
1658 890 1730 917 sicut

99 937 148 962 καὶ
162 936 263 972 ἀκριϐῆ
276 937 324 972 τὴν
337 937 385 964 ἀπ’
398 937 519 973 ἀλλήλων
536 937 625 968 ίδικῶς
639 936 824 972 ὑφισταμένην
838 936 888 972 ἔχει

944 929 1045 957 lumina
1060 930 1215 966 lampadum
1230 930 1278 967 (ut
1291 931 1425 966 exemplis
1438 933 1489 960 sub
1505 941 1616 962 sensum
1631 937 1729 963 caden-

99 982 245 1019 διάκρισιν,
258 984 384 1020 ἡνωμένα
401 986 434 1020 τῇ
451 985 594 1021 διακρίσει,
610 985 657 1012 καὶ
672 986 704 1020 τῇ
728 984 822 1011 ἑνώσει
833 984 890 1011 δια-

100 1030 260 1065 κεκριμένα.
277 1031 332 1057 Καὶ
348 1030 414 1065 γοῦν
433 1030 550 1066 ὁρῶμεν,
565 1032 593 1057 ὲν
610 1031 676 1066 οἴκῳ
697 1030 800 1057 πολλῶν
817 1030 890 1056 ὲνόν-

99 1083 154 1101 των
168 1075 346 1111 λαμπτήρων,
359 1077 426 1112 πρὸς
441 1077 470 1103 ἓν
483 1086 508 1103 τι
523 1077 580 1112 φῶς
593 1077 723 1112 ένούμενα
736 1076 770 1103 τὰ
781 1077 889 1103 πάντων

100 1122 189 1156 φῶτα,
205 1123 251 1149 καὶ
266 1122 330 1157 μίαν
346 1123 442 1158 αἴγλην
454 1123 608 1159 ἀδιάκριτον
622 1122 824 1158 ἀναλάμποντα,
842 1122 889 1148 καὶ

99 1168 150 1194 οὐκ
167 1168 199 1194 ἀν
214 1177 265 1199 τις,
279 1168 316 1200 ὼς
331 1166 415 1204 οἶμαι,
429 1168 535 1195 δύναιτο
545 1169 620 1195 τοῦδε
629 1169 675 1195 τοῦ
687 1169 847 1204 λαμπτῆρος
858 1168 889 1194 τὸ

100 1213 159 1248 φῶς
171 1214 224 1240 ἀπὸ
237 1214 290 1240 τῶν
302 1214 388 1241 ἄλλων
403 1215 435 1241 ὲκ
449 1214 498 1241 τοῦ
514 1215 602 1242 πάντα
614 1214 647 1241 τὰ
660 1215 736 1250 φῶτα
750 1215 890 1250 περιέχον-

98 1267 145 1290 τος
161 1260 241 1295 ἀέρος
257 1260 390 1296 διακρῖναι
410 1261 456 1287 καὶ
478 1260 541 1287 ἰδεῖν
553 1261 616 1287 ἄνευ
630 1261 744 1297 θατέρου
765 1260 888 1295 θάτερον,

100 1306 170 1332 ὅλων
185 1307 214 1333 ὲν
231 1307 301 1339 ὅλοις
315 1306 421 1342 ἀμιγῶς
435 1307 673 1342 συγκεκραμένων.

101 1357 169 1384 tror,
199 1357 287 1386 potest
310 1354 388 1381 unius
414 1353 545 1387 lampadis
562 1353 651 1380 lumen
666 1354 700 1380 ab
721 1352 835 1380 aliarum
854 1359 886 1378 cx

945 976 1017 1003 tibus
1031 980 1058 1003 et
1070 976 1251 1004 familiaribus
1268 978 1338 1011 utar)
1354 985 1414 1012 qua:
1429 983 1493 1006 sunt
1518 979 1543 1007 in
1567 988 1619 1007 una
1634 981 1727 1017 domo,

942 1027 972 1050 et
994 1027 1049 1050 tota
1076 1027 1140 1050 sunt
1154 1023 1179 1049 in
1195 1030 1224 1050 se
1241 1024 1303 1050 totis
1321 1024 1453 1058 vicissim,
1472 1034 1524 1053 non
1540 1028 1681 1061 permista,
1696 1036 1728 1056 ac

943 1076 991 1104 per
1006 1077 1036 1097 se
1047 1070 1184 1097 exsistunt
1196 1069 1319 1104 perfecte
1335 1070 1408 1098 inter
1427 1079 1457 1099 se
1482 1077 1574 1100 mutuo
1586 1074 1726 1108 sigillatim

943 1114 1080 1146 distincta,
1098 1114 1238 1147 conjuncta
1270 1115 1295 1141 in
1321 1123 1404 1142 unum
1421 1116 1546 1149 discrete,
1563 1123 1591 1145 et
1605 1118 1726 1147 discreta

942 1161 1121 1195 cenjunctim.
1137 1161 1276 1196 Siquidem
1302 1161 1328 1188 in
1352 1162 1433 1189 domo
1453 1164 1601 1196 cernimus,
1623 1165 1650 1191 iu
1674 1173 1725 1200 qua

942 1208 1032 1234 multa:
1046 1209 1183 1243 lampades
1196 1209 1343 1240 exsistunt,
1353 1209 1379 1235 in
1390 1217 1474 1236 unum
1485 1210 1621 1244 quoddam
1637 1211 1726 1240 lumen

940 1260 1098 1280 cunctarum
1112 1254 1214 1281 lumina
1227 1256 1393 1288 coalescere,
1403 1255 1632 1292 splendoremque
1642 1267 1726 1286 unum

940 1299 1162 1334 imlividuumque
1176 1299 1316 1334 proferre;
1337 1308 1425 1337 neque
1440 1304 1596 1338 quisquam,
1610 1308 1638 1330 ut
1653 1303 1727 1331 arbi-

909 1356 971 1376 aere
985 1353 1082 1374 cuncta
1099 1347 1202 1373 lumina
1218 1347 1378 1375 continente
1405 1355 1561 1382 secernere,
1590 1355 1672 1386 atque
1683 1352 1724 1379 al-

101 1403 190 1424 ternm
219 1398 320 1432 absque
346 1399 433 1426 altero
453 1400 556 1432 videre,
573 1401 644 1435 quod
668 1404 725 1426 tota
745 1399 808 1426 totis
830 1398 890 1425 sine
905 1394 1067 1424 conlusionc
1083 1399 1289 1428 contempera"!
1305 1394 1368 1421 Silli-

143 1444 224 1471 Ἀλλὰ
241 1445 288 1471 καὶ
309 1446 333 1471 εί
353 1445 398 1472 τὸν
414 1446 462 1472 ἕνα
474 1455 516 1478 τις
531 1446 585 1473 τῶν
599 1445 708 1482 πυρσῶν
720 1444 887 1479 ὑπεξαγάγοι

98 1490 148 1517 τοῦ
170 1491 314 1526 δωματίου,
330 1491 545 1524 συνεξελεύσεται
568 1493 613 1519 καὶ
639 1492 670 1519 τὺ
694 1493 792 1518 οἰκεῖον
815 1491 886 1518 ἇπαν

99 1537 159 1571 φῶς
175 1537 249 1564 οὐδέν
259 1546 284 1564 τι
293 1538 347 1564 τῶν
359 1538 458 1574 ἐτέρων
470 1538 565 1572 φώτων
577 1540 604 1564 ὲν
618 1538 705 1573 ἐαυτῷ
719 1537 888 1564 συνεπισπώ-

101 1592 181 1618 μενον
188 1584 222 1615 ⁸⁵,
237 1584 253 1619 ἢ
266 1583 312 1610 τοῦ
324 1584 420 1611 ἑαυτοῦ
433 1587 489 1616 τοῖς
508 1585 611 1621 ἑτέροις
627 1585 790 1611 καταλεῐπον
798 1585 820 1601 ³⁸
829 1593 835 1600 ·
853 1583 887 1621 ἦν

99 1630 154 1666 γὰρ
178 1630 278 1662 αὐτῶν,
290 1631 357 1666 ὅπερ
378 1630 485 1666 ἐφην,ή
507 1631 574 1658 ὅλων
597 1631 665 1666 πρὸς
686 1631 734 1657 ὅλα
754 1631 886 1668 παντελὴς

98 1676 196 1708 ἓνωσις
212 1676 315 1712 ἀμιγὴς
331 1676 454 1708 καθόλου,
467 1677 514 1703 καὶ
529 1677 615 1703 οὐδενὶ¹
633 1676 710 1712 μέρει
728 1685 887 1713 συμπεφυρ-

101 1722 181 1758 μένη,
200 1723 247 1749 καὶ
264 1723 350 1749 ταῦτα
366 1723 450 1755 ὅντως
469 1723 498 1749 ὲν
516 1723 620 1758 σώματι
640 1723 679 1758 τῷ
698 1724 770 1759 ἀέρι,
788 1724 835 1750 καὶ
856 1724 886 1757 ἐξ

99 1768 194 1795 ὲνύλου
207 1768 253 1795 τοῦ
267 1769 351 1804 πυρὸς
367 1769 519 1804 ἠρτημένου
532 1769 579 1795 τοῦ
591 1769 779 1803 φωτός.”οπου
796 1777 827 1803 γε
841 1769 887 1794 καὶ

98 1815 148 1850 τὴν
169 1815 328 1850 ὑπερούσιον
345 1815 439 1841 ἕνωσιν
457 1815 650 1851 ὑπεριδρῦσθαί
671 1823 771 1850 φαμεν,
783 1815 814 1841 οὐ
831 1814 886 1841 τῶν

98 1861 129 1887 ὲν
150 1860 257 1896 σώμασι
276 1861 363 1895 μόνων
383 1860 514 1892 ὲνώσεων,
532 1860 600 1887 ἀλλὰ
611 1862 658 1888 καὶ
676 1861 730 1888 τῶν
745 1861 773 1888 έν
787 1860 886 1896 ψυχαῖς

99 1906 195 1938 αὑταῖς
217 1907 264 1933 καὶ
285 1908 314 1933 ἐν
334 1907 425 1939 αὐτοῖς
446 1907 526 1939 νόοις,
539 1907 572 1939 ἃς
591 1907 696 1942 ἔχουσιν
713 1908 820 1943 ἀμιγῶς
838 1907 886 1935 καὶ

99 1952 302 1988 ὓπερκοσμίως,
320 1953 352 1980 δι’
364 1953 431 1979 ὅλων
442 1953 490 1980 ὅλα
509 1953 544 1980 τὰ
561 1953 662 1989 θεοειδῆ
676 1954 723 1980 καὶ
734 1953 885 1990 ὑπερουρά-

98 2006 144 2024 νια
161 1998 238 2032 φῶτα
255 1998 325 2025 κατὰ
339 1998 444 2034 μέθεξιν
460 1998 589 2033 ἀνάλογον
601 2001 656 2032 τοῖς
670 1999 822 2035 μετέχουσι,
835 2000 884 2036 τῆς

100 2044 211 2072 πάντων
224 2045 415 2081 ὑπερηρμένης
421 2045 442 2061 ⁸⁷
454 2045 586 2078 ένώσεως.

975 1440 1101 1473 Quinimo
1115 1441 1137 1467 si
1151 1441 1213 1474 quis
1232 1448 1311 1467 unam
1327 1440 1477 1475 lampadem
1492 1443 1589 1471 educat
1604 1452 1619 1472 e
1632 1446 1725 1479 domo.

939 1485 1021 1513 sinml
1045 1485 1130 1512 exibit
1157 1489 1242 1512 totum
1265 1486 1403 1521 proprium
1429 1487 1532 1521 lumen,
1554 1490 1621 1517 nihil
1645 1492 1724 1526 quid-

940 1539 1021 1566 quam
1037 1537 1195 1558 cancrorum
1209 1531 1338 1559 luminum
1350 1533 1376 1559 in
1403 1534 1491 1568 seipsa
1505 1535 1584 1563 simul
1602 1537 1723 1570 trahens,

901 1597 922 1625 Ο
941 1584 1027 1612 neque
1039 1577 1141 1612 aliquid
1152 1578 1194 1604 sui
1205 1577 1258 1605 illis
1269 1579 1442 1613 relinquens;
1455 1588 1512 1608 crat
1523 1583 1594 1610 enim
1605 1584 1722 1616 illorum.

939 1629 967 1649 ut
983 1623 1050 1655 dixi,
1066 1628 1184 1650 totorum
1200 1624 1234 1651 ad
1252 1630 1307 1652 tota
1323 1626 1442 1660 perfecta
1460 1629 1633 1663 coniunctio;
1649 1639 1722 1658 mera

939 1670 1044 1704 penitus
1059 1675 1086 1697 et
1100 1670 1173 1697 nulla
1189 1678 1222 1698 ex
1238 1677 1315 1705 parte
1329 1673 1452 1705 confusa,
1469 1675 1550 1709 idque
1563 1684 1625 1703 cum
1650 1683 1724 1705 esset

939 1714 1028 1742 lumen
1044 1715 1070 1742 in
1084 1724 1208 1751 corpore,
1224 1717 1249 1744 id
1262 1721 1302 1745 est
1321 1725 1394 1751 aere,
1409 1724 1436 1747 et
1449 1727 1482 1747 ex
1499 1723 1645 1751 materiato
1660 1724 1722 1759 igne

939 1763 1079 1796 penderet.
1093 1763 1182 1796 Quare
1194 1765 1483 1798 supersubstantialem
1506 1767 1578 1795 illam
1593 1771 1722 1798 unionem

939 1807 1018 1843 longe
1034 1808 1249 1842 praestantiorem
1271 1811 1397 1843 dicimus.
1412 1819 1464 1839 non
1477 1815 1559 1841 modo
1572 1814 1605 1842 iis
1620 1824 1680 1850 quae
1695 1818 1721 1844 in

937 1855 1098 1888 corporibus
1123 1855 1260 1883 exsistunt
1283 1857 1441 1890 unionibus,
1458 1866 1550 1887 verum
1573 1862 1654 1889 etiam
1670 1863 1723 1890 illis

935 1908 996 1936 quae
1024 1901 1050 1928 in
1074 1901 1218 1929 animabus
1244 1902 1310 1937 ipsis
1335 1905 1526 1941 mentibusque
1549 1909 1721 1943 contingunt.

935 1954 1003 1981 quas
1023 1946 1163 1974 iucoul‘usa
1177 1951 1206 1974 et
1220 1949 1434 1982 supermundiali
1457 1951 1563 1979 ratione
1584 1954 1720 1989 obtinent,

935 1992 998 2019 dum
1019 1992 1121 2020 lumina
1145 1993 1197 2020 ista
1220 1994 1364 2022 deiformia
1380 1998 1640 2034 supercmlestiaque
1654 2008 1720 2035 pro-

934 2038 1092 2072 portiouata
1118 2038 1169 2066 sibi
1190 2039 1402 2075 participatione
1415 2049 1465 2076 per
1480 2044 1607 2072 unionem
1624 2054 1721 2080 quam-

935 2085 996 2112 dam
1016 2085 1142 2113 omnibus
1156 2086 1375 2121 eminentiorem,
1390 2095 1420 2117 se
1445 2091 1509 2119 lotis
1529 2095 1583 2118 tota
1607 2093 1718 2127 partici-

936 2137 1012 2167 paul.

868 2203 937 2240 εν.

135 2274 214 2301 Ἐστι
228 2274 256 2302 δὲ
272 2275 319 2302 καὶ
335 2274 469 2311 διάκρισις
482 2275 512 2302 ὲν
529 2276 590 2308 ταῖς
608 2275 778 2311 ὑπερουσίοις
795 2275 884 2302 θεολο-

971 2275 1126 2309 Quinetiam
1142 2282 1184 2304 est
1193 2277 1219 2304 in
1229 2277 1499 2313 superessentinlibus
1508 2278 1554 2307 Dei
1564 2280 1718 2308 nominibus

96 2320 180 2355 γίαις,
193 2321 242 2356 οὐχ
253 2321 287 2356 ἣν
299 2321 365 2357 ἔφην
387 2322 476 2357 μόνον,
490 2322 531 2348 ὅτι
549 2323 609 2348 κατ’
622 2322 705 2358 αὐτὴν
724 2321 774 2357 τὴν
786 2322 883 2349 ἕνωσιν

96 2367 205 2402 ἀμιγῶς
227 2366 341 2403 ἵδρυται,
353 2369 399 2395 καὶ
417 2368 576 2404 ἀσυγχύτως
592 2369 694 2404 ἑκάστη
706 2369 760 2395 τῶν
775 2369 882 2404 ἐναρχι-

96 2412 153 2439 κῶν
166 2413 350 2440 ὑποπάσεων·
363 2413 419 2441 ἀλλ’
432 2414 472 2441 ὅτι
485 2415 530 2441 καὶ
541 2414 575 2442 τὰ
586 2415 636 2450 τῆς
646 2415 807 2450 ὑπερουσίου
822 2415 883 2441 θεο-

95 2458 189 2492 γονίας
198 2459 248 2485 οὐκ
258 2459 428 2495 ἀντιστρέφει
445 2461 513 2496 πρὸς
524 2460 634 2496 ἄλληλα.
647 2461 721 2496 Μόνη
735 2460 763 2486 δὲ
777 2461 851 2496 πηγὴ
859 2461 882 2476 ⁸⁸

94 2504 146 2539 τῆς
172 2505 332 2540 ὖπερουσίου
358 2506 483 2541 θεότητος
502 2508 516 2533 ὁ
539 2507 642 2543 Πατὴρ,
657 2507 707 2533 οὐκ
727 2507 802 2538 όντος
817 2506 881 2533 Υἱοῦ

94 2550 143 2576 τοῦ
167 2551 281 2586 Πατρὸς,
293 2553 353 2579 οὐδὲ
373 2553 478 2588 Πατρὸς
495 2553 543 2580 τοῦ
558 2553 633 2585 Υἰοῦ,
651 2553 835 2589 φυλαττόντων
854 2553 883 2580 δὲ

94 2595 130 2622 τὰ
149 2597 235 2623 οἰκεῖα
248 2597 303 2624 τῶν
321 2597 412 2634 ὓμνων
429 2599 535 2633 εὐαγῶς
546 2600 648 2636 ἑκάστῃ
660 2600 714 2626 τῶν
730 2599 882 2635 θεαρχικῶν

95 2642 281 2671 ὑποστάσεων.
299 2641 383 2671 Αὗται
402 2645 451 2679 μὲν
464 2646 491 2671 αἱ
505 2645 575 2672 κατά
587 2646 636 2681 τὴν
652 2645 802 2680 ἄφθεγκτον
815 2645 882 2672 ἕνω-

95 2689 138 2715 σίν
153 2697 183 2715 τε
201 2690 247 2716 καὶ
266 2689 382 2726 ὓπαρξιν
397 2690 506 2721 ὲνώσεις
523 2699 553 2717 τε
573 2692 619 2718 καὶ
634 2691 792 2727 διακρίσεις.
806 2692 838 2718 Εἰ
853 2691 882 2718 δὲ

95 2736 142 2761 καὶ
155 2734 214 2762 θεία
230 2735 364 2771 διάκρισίς
377 2737 451 2764 ἐστιν
467 2738 483 2773 ἡ
497 2737 690 2774 ἀγαθοπρεπὴς
707 2737 818 2774 πρόοδος
833 2738 884 2773 τῆς

934 2321 1084 2353 distinctio,
1098 2329 1150 2358 qua
1158 2330 1212 2350 non
1223 2327 1325 2350 tantum
1342 2323 1383 2358 (ut
1396 2323 1461 2358 dixi)
1475 2325 1622 2352 secundum
1637 2324 1719 2361 319

933 2367 1019 2403 ipsam
1035 2368 1163 2396 unionem
1175 2369 1304 2404 quaelibet
1319 2369 1518 2404 praecipuarum
1542 2378 1717 2405 personarum

934 2414 1102 2449 impermista
1126 2420 1209 2450 atque
1234 2414 1374 2442 inconfusa
1391 2416 1513 2449 ponitur,
1526 2424 1619 2443 verum
1634 2418 1717 2444 etiam

933 2467 965 2488 ea
980 2468 1042 2495 qute
1053 2461 1321 2496 supersubstantialis
1336 2462 1408 2489 illius
1421 2463 1520 2490 divinae
1532 2465 1719 2498 generationis

933 2511 1008 2539 sinit,
1024 2507 1096 2535 inter
1109 2515 1138 2535 se
1150 2508 1261 2535 minime
1276 2509 1490 2543 reciprocantur.
1507 2510 1581 2537 Adeo
1601 2517 1630 2538 ut
1644 2510 1718 2538 solus

933 2553 1016 2581 Pater
1038 2553 1101 2581 l‘ons
1122 2554 1158 2581 sit
1183 2554 1208 2580 in
1227 2555 1482 2589 supersubstantiali
1504 2555 1620 2590 Dcitale,
1635 2561 1718 2592 atque

934 2599 971 2626 ita
984 2599 1064 2626 Pater
1080 2607 1131 2626 non
1147 2599 1182 2627 sit
1196 2599 1292 2632 Filius,
1311 2608 1398 2634 neque
1410 2600 1493 2628 Filius
1508 2602 1544 2628 sit
1557 2601 1650 2635 Pater,
1668 2605 1716 2630 sed

932 2645 1030 2680 cuique
1046 2645 1198 2672 divinarum
1210 2645 1388 2673 Personarum
1405 2647 1521 2680 propria:
1545 2654 1601 2673 sua:
1624 2647 1717 2674 laudes

934 2691 1068 2719 inviolatae
1082 2696 1289 2719 conserventur.
1305 2691 1351 2718 Ha:
1364 2692 1471 2726 quidem
1487 2698 1550 2720 sunt
1562 2693 1676 2720 uniones
1688 2699 1716 2720 et

938 2736 1128 2765 distinctiones
1152 2737 1180 2764 in
1202 2737 1247 2765 illa
1269 2736 1397 2764 ineﬂ‘abili
1418 2737 1520 2766 unione
1543 2743 1571 2766 et
1586 2736 1715 2767 essentia.

732 2815 850 2845 VARIJE
868 2815 1070 2845 LECTIONES.

130 2883 153 2922 Ὺ
168 2883 328 2922 ὑπερουσίου
356 2885 498 2922 θεότητος,
523 2887 554 2916 Ρ.

95 2918 116 2933 ’⁸
131 2918 160 2946 S.
176 2918 246 2956 μόνῃ
256 2920 283 2947 δὲ
294 2921 328 2956 τῇ
342 2922 427 2957 πηγῇ.

610 2888 633 2905 ⁸⁵
648 2887 935 2923 συνεπισπασάμενον,
963 2886 991 2914 S.
1013 2886 1043 2914 Ρ.
1065 2887 1095 2914 D.
1142 2886 1165 2903 ⁸⁸
1179 2884 1334 2913 καταλιπόν.
1374 2885 1395 2902 ³⁷
1409 2885 1640 2922 ὑπερηνωμένης,
1662 2884 1714 2914 Cb.
