1929 3068
206 175 259 204 (διδ

789 177 820 205 S.
836 176 987 206 DlONYSll
1004 178 1238 208 AREOPAGITIE

1786 181 1837 214 6M

205 232 285 267 Quod
309 234 331 261 si
347 240 413 261 vero
434 234 515 261 etiam
538 233 629 262 divina
642 234 782 262 distinctio
798 234 834 262 sit
852 236 983 263 emanatit

1043 237 1166 269 ἐνώτεως
1181 238 1233 274 τῆς
1246 238 1322 272 Θείας
1339 239 1556 276 ὑπερηνωμένως
1573 240 1672 276 ἑαυτὴν
1691 241 1837 279 ἀγαθότητι

205 281 277 307 bono
299 280 462 307 conVcniens
484 280 582 307 divinae
606 281 723 313 unionis,
743 288 803 316 qua;
829 289 992 316 supraquam

206 326 282 352 unite
294 325 416 352 bonitate
431 325 477 352 Dei
493 325 694 360 multiplicatur
714 335 720 353 :
740 326 916 353 distinctione
931 326 994 360 qui-

205 371 266 397 dem
295 370 385 398 divina
415 371 499 398 uuitae
525 375 587 398 sunt
615 372 907 407 incomprehensibiles
934 372 994 400 ista:

206 417 476 449 Communicatlones,
485 417 775 450 substantiﬁcationes,
785 418 992 452 viviﬁcationes,

206 463 477 496 sapientiﬁcaliones,
492 464 600 498 aliaque
623 464 774 492 istiusmodi
789 465 909 492 omnium
926 465 993 492 elle-

205 510 298 537 ctricis
311 509 440 537 bonitatis
454 518 580 542 munera,
596 512 744 538 secttndum
760 519 821 546 quae
833 519 865 539 ex
881 513 993 546 partici—

205 555 360 590 pationibus
372 561 399 583 et
413 556 589 591 participibus
602 556 746 584 laudantur
756 565 788 584 ea
802 565 862 592 quae
875 559 995 593 imparti-

205 612 294 645 cipate
306 612 514 646 participantur.
527 612 560 639 Et
572 613 623 640 huc
636 620 781 640 commune
795 619 822 640 ct
836 614 991 648 copulatum

204 663 232 684 et
244 665 325 684 unttm
339 662 381 684 est
393 658 440 685 toti
455 658 601 691 divinitati,
615 659 771 694 participari
786 660 888 687 scilicet
906 661 990 694 ipsam

205 704 238 729 ab
255 711 418 738 unoquoque
434 704 669 738 participantium,
684 709 711 732 et
724 712 738 731 a
756 705 828 732 nullo
842 706 914 732 nulla
929 714 993 741 par—

205 753 230 775 te
247 759 252 776 :
269 749 338 776 sicut
363 754 493 782 punctum
516 750 602 776 centri
630 750 657 777 in
683 751 773 777 medio
798 751 893 778 circuli
910 757 937 778 et
957 752 991 779 ah

202 795 329 822 omnibus
347 794 425 821 lineis
442 795 536 826 rectis,
554 802 614 830 qua:
636 800 700 822 sunt
716 796 741 822 iu
756 796 857 823 circulo
874 797 992 824 circnm-

203 840 296 867 nositze
317 840 507 874 participatur,
522 844 551 867 et
573 840 644 866 sicut
673 840 763 867 multm
792 841 885 876 ﬁgurae
908 841 988 876 sigilli

202 893 338 920 expressae
364 887 540 920 archetypum
566 886 685 921 sigillum
716 886 890 921 participant,
908 893 935 915 et
963 889 988 916 in

201 939 364 967 unaquaque
377 932 461 966 ﬁgura
476 932 557 966 sigilli
574 939 701 967 expressa
719 937 803 960 totum
819 938 847 960 et
864 934 933 960 idem
949 935 988 961 si-

201 977 293 1012 gillum
311 982 362 1010 est,
378 983 405 1004 et
422 978 447 1004 in
465 977 537 1004 nulla
553 978 638 1013 ﬁgura
661 979 809 1005 secundum
827 979 909 1006 ullam
924 988 988 1015 par-

1045 283 1218 321 πληθυούσης
1231 294 1261 312 τε
1279 286 1326 312 καὶ
1332 286 1632 322 πολλαπλασιαζούσης,
1641 289 1778 323 ἡνωμέναι
1790 290 1836 324 μέν

1044 331 1097 356 εἰσι
1120 331 1190 358 κατὰ
1206 332 1256 367 τὴν
1271 331 1346 359 θείαν
1358 332 1494 368 διάκρισιν
1509 334 1536 360 αι
1549 334 1659 369 ἄσχετοι
1672 335 1835 369 μεταδόσεις,

1043 377 1072 403 αἱ
1086 377 1226 410 οὑσιώσεις
1233 378 1266 410 ⁸⁸,
1281 379 1308 405 αἱ
1322 378 1451 411 ζωώσεις
1465 380 1493 407 αἱ
1507 381 1706 416 σοφοποιήσεις,
1721 382 1747 408 αἱ
1762 382 1835 409 ἄλλαι

1043 423 1143 459 δωρεαὶ
1161 423 1211 459 τῆς
1232 425 1341 452 πάντων
1362 425 1451 458 αἰτίας
1471 426 1649 462 ἀγαοότητος,
1668 428 1729 454 καθ’
1748 428 1781 460 ἃς
1806 430 1836 456 ἐκ

1042 469 1097 496 τῶν
1116 469 1238 505 μετοχῶν
1254 471 1301 497 καὶ
1316 471 1370 498 τῶν
1385 472 1551 507 μετεχόντων
1567 474 1690 509 ὑμνεῖται
1705 473 1738 500 τὰ
1752 474 1835 510 ἀμεθ-

1043 516 1129 549 έκτως
1155 517 1333 553 μετεχόμενα.
1355 518 1411 545 Καὶ
1431 519 1509 545 τοῦτο
1526 519 1615 546 κοινὸν
1631 520 1678 546 καὶ
1697 521 1835 556 ἡνωμένον

1043 563 1090 589 καὶ⁵
1109 563 1138 590 ἓν
1154 563 1213 590 ἐστι
1229 565 1262 600 τῇ
1281 564 1330 600 ὅλῃ
1349 564 1497 600 Baden-tt”,
1510 565 1540 591 τὸ
1561 566 1650 592 πᾶσαν
1669 566 1753 602 αὐτὴν
1773 566 1835 602 ὃλην

1043 609 1087 643 ὑφ’
1106 609 1220 636 ἑκάστου
1232 610 1286 636 τῶν
1301 611 1468 646 μετεχόντων
1481 611 1653 647 μετέχεσθαι,
1672 612 1719 639 καὶ
1735 613 1780 639 ὑπ’
1791 613 1835 639 οὖ-

1041 655 1116 688 δενὸς
1129 656 1215 683 οὐδενὶ
1223 657 1245 672 ⁰¹
1262 657 1349 693 μέρει·
1360 657 1486 693 καθάπερ
1502 659 1614 693 σημεῖον
1622 659 1644 674 θ’
1659 659 1686 684 ὲν
1700 659 1775 694 μέσῳ
1789 659 1835 686 κὺ-

1042 703 1106 729 κλου
1122 702 1189 738 πρὸς
1203 703 1298 730 πασῶν
1308 703 1362 730 τῶν
1375 704 1404 730 ἐν
1420 703 1459 739 τῷ
1472 704 1564 739 κύκλῳ
1581 705 1778 740 περικειμένων
1792 706 1834 732 εὑ-

1042 748 1138 775 θειῶν·
1158 750 1204 776 καὶ
1227 749 1322 785 ὥσπερ
1347 750 1492 786 σφραγῖδος
1514 750 1698 785 ὲκτυπώματα
1718 751 1802 778 πολλὰ
1812 752 1834 767 ’³

1043 795 1149 830 μετέχει
1161 795 1211 830 τῆς
1223 795 1375 831 ἀρχετύπου
1389 796 1544 831 σφραγῖδος,
1559 797 1606 822 καὶ
1621 798 1650 823 ἐν
1660 797 1767 832 ἑκάστῃ
1780 798 1834 825 τῶν

1041 841 1260 876 ὲκτυπωμάτων,
1272 841 1335 876 ὅλης
1348 842 1395 868 καὶ
1405 841 1507 876 ταὺτῆς
1520 843 1608 869 οὐδενὶ
1621 845 1682 870 κατ’
1696 844 1772 870 οὐδὲν
1787 845 1834 880 μὲ-

1043 896 1098 922 ρος.
1108 887 1280 923 ’Υπέρκειται
1292 887 1320 914 δὲ
1334 888 1381 914 καὶ
1392 888 1494 914 τούτων
1512 890 1529 924 ὴ
1549 890 1599 924 τῆς
1620 890 1761 917 παναιτίου
1774 890 1833 917 θεό-

1039 943 1121 970 τητος
1140 934 1282 969 ἅμεθεξία,
1295 934 1334 970 τῷ
1357 935 1425 970 μήτε
1439 934 1547 970 ἐπαφὴν
1568 935 1652 971 αὐτῆς
1666 934 1745 968 εἶναι,
1765 937 1833 972 μήτε

1041 980 1124 1015 ἄλλην
1135 979 1195 1006 τινὰ
1208 980 1275 1015 πρὸς
1287 980 1321 1006 τὰ
1334 980 1481 1015 μετέχοντα
1494 981 1618 1016 συμμιγῆ
1630 982 1780 1008 κοινωνίαν.

201 1029 266 1052 tem.
287 1025 379 1052 Vincit
403 1030 494 1051 autent
518 1025 577 1052 luet:
603 1024 726 1058 exempla
751 1025 919 1058 divinitatis,
948 1033 1008 1060 quae
1039 1027 1162 1054 omnium
1196 1033 1278 1053 causa
1303 1031 1366 1059 est,
1394 1026 1674 1062 imparticipabilitas;
1704 1029 1832 1063 quoniam

199 1071 258 1106 ejus
270 1070 342 1098 nttlla
355 1075 396 1098 est
409 1071 503 1103 tactio,
519 1077 605 1105 neque
615 1070 667 1097 alia
682 1077 743 1098 cum
756 1071 985 1106 participautihus
1004 1072 1139 1100 mistionis
1153 1073 1319 1100 communio.

973 1144 987 1181 §
1016 1144 1070 1174 Vl.

233 1218 268 1245 At
281 1218 352 1245 dicet
368 1217 476 1253 aliquis,
487 1218 604 1254 sigillum
617 1220 643 1246 in
662 1219 725 1247 totis
739 1222 877 1255 expressis
891 1221 984 1256 ﬁguris

197 1274 250 1293 non
268 1273 329 1293 esse
343 1271 428 1293 totum
444 1271 471 1293 et
483 1266 564 1293 idern.
582 1267 681 1294 Verum
697 1267 776 1301 hujus
788 1268 826 1295 rei
842 1276 895 1295 non
908 1268 985 1303 sigil-

197 1312 251 1339 lum
267 1320 349 1340 causa
376 1319 417 1340 est
441 1313 547 1348 (totum
565 1314 637 1341 enim
653 1321 712 1341 sese
727 1315 793 1341 illud
809 1319 890 1350 atque
911 1316 983 1342 idem

197 1359 341 1393 unicuique
353 1359 557 1393 communicat),
569 1359 616 1386 sed
627 1360 844 1395 participantium
858 1360 985 1388 diﬁeren-

198 1405 244 1435 tia,
259 1405 350 1437 ttnins,
367 1405 459 1436 totius.
475 1404 651 1440 ejusdemque
663 1406 806 1440 primitivae
819 1406 914 1434 forma:
925 1407 984 1434 dis-

195 1451 297 1478 similes
312 1452 400 1478 reddit
415 1451 517 1487 eﬁigics
534 1460 541 1479 :
558 1459 587 1479 ιιι
601 1452 635 1484 si,
655 1453 730 1480 verbi
748 1453 849 1488 gratia,
862 1453 982 1487 subjecta

195 1497 251 1524 sint
270 1497 373 1529 mollia,
389 1497 563 1532 formatuqne
581 1497 681 1531 facilia,
704 1498 827 1533 leviaque
844 1504 871 1526 et
887 1499 984 1534 inﬁgu-

195 1549 264 1576 rata,
283 1552 332 1571 nec
348 1544 521 1575 reluctantia,
542 1552 592 1572 nec
608 1545 687 1577 dura,
706 1553 793 1579 neque
805 1545 888 1578 ﬂuxa,
900 1550 928 1572 et
942 1545 982 1572 in~

1072 1221 1168 1248 Καίτοι
1185 1220 1251 1256 φαίη
1264 1228 1316 1252 τις⁵
1328 1220 1385 1247 Οὐκ
1397 1220 1469 1246 ἔστιν
1481 1220 1498 1255 ἡ
1511 1219 1627 1255 σφραγὶς
1645 1219 1674 1246 ὲν
1692 1218 1764 1251 ὅλοις
1776 1220 1833 1249 τοῖς

1036 1266 1196 1302 ὲκμαγείοις
1213 1266 1260 1302 ὅλη
1279 1266 1431 1301 καὶταῦτή.
1445 1264 1547 1292 Τούτου
1558 1264 1586 1291 δὲ
1605 1265 1655 1299 οὺχ
1676 1265 1692 1300 ἡ
1711 1265 1833 1300 σφραγὶς

1037 1314 1110 1340 αἰτία
1125 1314 1226 1349 (πᾶσαν
1237 1313 1291 1348 γὰρ
1306 1312 1406 1347 ἑαυτὴν
1420 1311 1511 1347 ἐκείνη
1522 1312 1570 1338 καὶ
1579 1311 1679 1346 ταὺτὴν
1692 1311 1832 1347 Exacto)”

1036 1360 1190 1386 ἐπιδίδωσιν
1206 1359 1227 1392 ),
1242 1359 1297 1395 ἡδὲ
1311 1358 1366 1385 τῶν
1383 1358 1548 1394 μετεχόντων
1557 1358 1579 1374 ³³
1595 1358 1758 1394 διαφορότης
1771 1358 1833 1385 ἀνό-

1038 1415 1102 1442 μοια
1126 1407 1198 1433 ποιεῖ
1218 1406 1252 1432 τὰ
1274 1405 1476 1440 ἁπομόργματα
1497 1404 1546 1439 τῆς
1560 1405 1624 1440 μιᾶς
1636 1405 1683 1431 καὶ
1700 1404 1766 1440 ὅλης
1784 1405 1833 1432 καὶ

1036 1452 1139 1488 ταὺτῆς
1157 1452 1337 1488 ἀρχετυπίας·
1352 1450 1417 1482 οἷον,
1431 1451 1455 1476 εί
1470 1450 1518 1486 μὲν
1533 1450 1622 1477 ἁπαλὰ
1640 1451 1687 1476 καὶ
1703 1450 1833 1476 εὺτύπωο

1035 1508 1070 1526 τα
1077 1500 1100 1515 η
1139 1519 1145 1530 Ι
1159 1499 1205 1526 καὶ
1217 1499 1275 1525 λεῖα
1287 1519 1294 1530 ,
1309 1498 1355 1525 καὶ
1373 1497 1516 1533 ἀχάρακτα
1535 1497 1582 1524 καὶ
1605 1497 1673 1532 μήτε
1693 1497 1832 1523 ἀντίτυπα

1036 1545 1084 1572 καὶ
1100 1545 1215 1581 σκληρὰ,
1230 1546 1297 1580 μήτε
1315 1544 1459 1578 εὐδιάχυτα
1475 1543 1522 1570 καὶ
1532 1542 1670 1569 ἀσύστατα
1680 1563 1686 1574 ,
1706 1542 1833 1578 καθαρὸν

194 1591 358 1624 constantia,
376 1591 489 1626 ﬁguram
503 1591 615 1618 nitidam
633 1597 661 1618 et
675 1596 808 1626 apertam,
829 1599 861 1617 ac
877 1599 983 1625 perma-

1042 1592 1091 1625 ἕξει
1104 1593 1152 1619 καὶ
1165 1592 1238 1626 σαφῆ
1253 1592 1300 1617 καὶ
1318 1591 1519 1626 ἑναπομὲνοντα
1533 1590 1579 1616 τὸν
1596 1590 1680 1616 τύπον
1690 1598 1696 1604 ’
1719 1591 1744 1616 εί
1766 1590 1832 1616 δέτι

195 1642 301 1664 nentcm
314 1638 440 1664 habitura
453 1643 516 1664 sunt
528 1646 535 1668 :
549 1638 590 1664 sin
604 1642 693 1665 autem
707 1637 808 1672 aliquid
821 1637 900 1664 tlictte
914 1637 982 1671 apti—

194 1683 281 1709 ludini
297 1683 423 1713 defuerit.
437 1690 468 1710 ea
485 1683 577 1717 utique
591 1691 673 1710 causa
689 1683 753 1716 erit,
768 1691 816 1710 cur
830 1683 913 1716 ﬁgura
932 1683 983 1709 nti-

193 1737 246 1756 nus
267 1737 395 1763 expressa
411 1729 446 1755 sit
462 1733 489 1755 et
508 1728 594 1760 clara,
610 1733 764 1763 castor-aque
783 1729 909 1755 accidant.
922 1737 981 1762 qua:

192 1782 225 1801 ex
251 1774 428 1808 participaudi
454 1774 739 1814 ineptitudinesoleut
752 1774 871 1801 evenire.
890 1774 978 1802 Porro

193 1821 219 1847 in
234 1820 353 1847 beneﬁca
370 1821 457 1847 nostri
473 1821 647 1855 reparatione
660 1828 759 1847 munus
775 1820 827 1847 hoc
843 1828 856 1846 ιι
872 1820 981 1848 Deitate

192 1867 349 1893 distinctum
368 1872 420 1899 est,
431 1868 503 1902 quod
517 1872 628 1902 propter
645 1874 695 1894 nos
709 1874 742 1894 ex
758 1867 838 1894 nobis
850 1867 978 1898 Verbum,

191 1913 264 1947 quod
290 1920 371 1946 supra
397 1913 579 1940 substantiam
603 1917 657 1944 est,
674 1913 807 1947 integrant
833 1920 979 1947 veramque

192 1963 311 1985 nostram
327 1958 504 1985 substantiam
521 1958 707 1993 asstnnpserit,
723 1958 805 1993 320
818 1965 904 1992 eaque
917 1965 979 1993 ges-

191 2005 257 2032 serit
274 2004 429 2038 tnleritqne,
443 2011 504 2038 qua:
519 2005 645 2031 humanm
657 2004 740 2038 ipsius
753 2004 870 2031 actionis
884 2005 979 2039 praeci-

191 2059 242 2086 pua
274 2056 338 2077 sunt
363 2057 390 2078 et
415 2051 574 2085 singularia.
591 2050 653 2077 Htec
676 2051 748 2077 enim
774 2050 845 2077 nulla
875 2052 978 2078 ratione

191 2097 344 2124 communia
369 2101 432 2123 sunt
449 2096 537 2123 Patris
551 2103 583 2123 ac
598 2096 728 2131 Spiritus,
752 2095 804 2123 nisi
825 2096 895 2123 forte
917 2097 978 2131 quis

190 2144 274 2175 dicat,
290 2142 396 2169 consilii
412 2142 520 2177 benigni
533 2146 626 2176 latque
641 2141 752 2168 humani
769 2142 975 2174 communitate,

190 2195 217 2215 et
231 2188 380 2215 secundum
392 2195 501 2215 omnem
518 2187 590 2213 illam
605 2187 771 2214 eminentem
789 2191 870 2222 atque
885 2187 978 2214 ineffa-

190 2234 270 2261 bilem
285 2232 403 2260 divinam
422 2232 622 2267 operationem.
638 2239 730 2266 quam,
746 2233 817 2266 apud
843 2240 891 2259 nos
903 2233 976 2260 exsi-

189 2285 274 2313 stens,
294 2280 317 2306 is
329 2279 374 2314 qui
389 2278 566 2305 immutabilis
579 2282 639 2304 erat
651 2278 785 2309 exercuit,
801 2278 828 2304 in
843 2283 972 2312 quantum

190 2326 260 2353 Dens
273 2331 298 2352 ct
314 2325 360 2351 Dei
378 2323 505 2351 Verbum.
522 2323 576 2350 Nos
587 2330 695 2358 quoque
709 2323 833 2350 similiter
849 2331 892 2350 res
905 2323 974 2350 divi-

1031 1639 1081 1674 τῆς
1095 1637 1243 1674 εἰρημένης
1256 1637 1471 1672 ἐπιτηδειότητος
1477 1637 1500 1652 ³⁷
1512 1636 1638 1667 ἐλλείποι,
1648 1635 1727 1662 τοῦτο
1739 1635 1832 1662 αἴτιον

1032 1685 1108 1711 ἐσται
1128 1684 1175 1711 τοῦ
1194 1684 1346 1719 ἀμεθέκτου
1365 1683 1413 1709 καὶ
1433 1682 1603 1709 ὀιτυπιῦτοιδθίι
1624 1682 1671 1709 καὶ
1691 1681 1738 1708 τοῦ
1762 1683 1833 1708 ἀσα-

1032 1731 1109 1766 φοῦς,
1127 1731 1174 1758 καλ¹
1195 1730 1249 1756 τῶν
1270 1729 1358 1756 ἄλλων
1378 1729 1427 1755 ὅσα
1448 1728 1682 1763 ἀνεπιτηδειότητι
1707 1727 1833 1763 μετοχῆς

1031 1777 1149 1811 γίνεται.
1164 1775 1336 1811 Διακέκριται
1360 1775 1388 1801 δὲ
1405 1775 1455 1810 τῆς
1474 1773 1681 1810 ἀγαθοπρεποῦς
1694 1775 1736 1806 εἰς
1754 1775 1832 1810 ἡμᾶς

1031 1822 1184 1858 θεουργίας,
1198 1821 1229 1848 τὸ
1248 1821 1308 1847 καθ’
1321 1822 1395 1856 ἡμᾶς
1413 1820 1442 1853 ἐξ
1459 1819 1538 1856 ἡμῶν
1548 1819 1644 1851 ὑλικῶς
1657 1820 1704 1847 καὶ
1717 1820 1833 1856 ἀληθῶς

1030 1868 1192 1904 οὑσιωθῆναι
1203 1867 1248 1894 τὸν
1261 1866 1421 1902 ὑπερούσιον
1434 1866 1522 1900 λόγον,
1535 1866 1582 1892 καὶ
1594 1866 1691 1901 δρᾶσαι
1707 1867 1758 1893 καὶ
1773 1875 1831 1893 πα-

1031 1914 1086 1941 Θεῖν
1106 1914 1156 1940 ὃσα
1170 1914 1219 1949 τῆς
1236 1912 1412 1948 ἀνθρωπικῆς
1429 1911 1510 1938 αὐτοῦ
1527 1911 1670 1947 θεουργίας
1690 1912 1771 1939 ἐστὶν
1786 1912 1834 1938 ἕκ-

1030 1966 1110 1994 κριτα
1137 1957 1184 1984 καὶ
1206 1957 1342 1992 ἐξαίρετα.
1367 1955 1478 1987 Τούτοις
1500 1955 1554 1992 γὰρ
1576 1957 1590 1982 ὁ
1608 1956 1703 1991 Πατὴρ
1724 1957 1777 1983 καὶ
1801 1956 1833 1983 τδ

1028 2004 1141 2039 Πνεῦμα
1164 2003 1224 2030 κατ’
1237 2002 1332 2029 οὐδένα
1351 2002 1534 2037 κεκοινώνηκε
1554 2001 1642 2036 λόγον,
1655 2003 1680 2029 εἰ
1705 2003 1745 2038 μή
1777 2003 1833 2030 πού

1027 2058 1069 2081 τις
1098 2049 1164 2085 φαίη
1191 2048 1261 2075 κατὰ
1285 2048 1334 2084 τὴν
1358 2048 1536 2084 ἀγαθοπρεπῆ
1559 2048 1606 2074 καὶ
1632 2048 1835 2084 φιλάνθρωπον

1029 2093 1195 2129 βούλησιν⁶⁹,
1215 2093 1262 2120 καὶ
1283 2093 1353 2120 κατὰ
1374 2094 1464 2121 πᾶσαν
1484 2094 1533 2129 τὴν
1554 2094 1762 2130 ὑπερκειμένην
1783 2096 1835 2122 καὶ

1027 2140 1146 2176 ἄρῤητον
1158 2139 1312 2175 θεουργίαν,
1325 2140 1358 2174 ἣν
1370 2139 1483 2175 δέδρακε
1495 2139 1528 2155 ¹⁰⁰
1543 2139 1604 2166 καθ’
1615 2140 1689 2176 ἡμᾶς
1699 2141 1834 2175 γεγονὼς

1026 2187 1040 2213 ό
1057 2185 1244 2217 ἀναλλοίωτος,
1301 2185 1384 2216 Θεὸςί
1409 2185 1455 2212 καὶ
1467 2184 1535 2212 Θεοῢ
1557 2185 1652 2219 Λόγος.
1673 2185 1758 2212 Οὕτω
1782 2187 1836 2213 καὶ

1026 2231 1107 2266 ἡμεῖς
1118 2230 1151 2256 τὰ
1165 2229 1224 2256 θεῖα
1237 2230 1284 2256 καὶ
1297 2229 1374 2256 ἑνοῦν
1386 2229 1423 2265 τῷ
1434 2230 1505 2266 λόγῳ
1518 2231 1565 2257 καὶ
1575 2231 1725 2266 διακρίνειν
1740 2232 1836 2259 σπεύ-

1026 2277 1125 2312 δομεν,
1153 2276 1190 2308 ὼς
1227 2276 1296 2303 αὺτᾶ
1318 2276 1352 2303 τὰ
1377 2276 1436 2303 θεῖα
1461 2279 1507 2304 καὶ
1536 2277 1637 2312 ἥνωται
1655 2278 1701 2304 καὶ
1728 2278 1835 2306 διακέ-

1027 2331 1127 2358 κριται.

189 2381 237 2399 nas
250 2379 374 2400 sermone
399 2371 564 2406 conjungere
586 2370 808 2404 distinguereqne
833 2369 997 2404 satagimus,
1014 2374 1094 2404 prout
1117 2370 1182 2405 ipsi».
1206 2369 1335 2396 nimirum
1359 2369 1386 2396 in
1410 2377 1439 2397 se
1455 2370 1498 2397 vel
1522 2370 1604 2398 unita:
1629 2375 1691 2398 sunt
1705 2371 1754 2398 vel
1777 2371 1836 2399 dis-

190 2421 291 2447 tinctae.

945 2496 1046 2535 gvn.

223 2568 278 2596 Sed
303 2569 399 2596 harum
423 2568 552 2595 unionum
566 2575 598 2595 ac
611 2568 816 2596 distinctionum
833 2575 969 2603 quascun-

187 2623 240 2650 que
258 2615 284 2642 in
298 2615 414 2650 eloquiis
430 2614 549 2642 rationes
570 2615 625 2642 Deo
648 2621 846 2642 consentaneas
869 2615 971 2650 reperi-

1065 2557 1154 2598 ’λλλὰ,
1163 2566 1265 2593 τούτων
1278 2567 1327 2602 μὲν
1340 2567 1394 2594 τῶν
1408 2567 1529 2595 ὲνώσεὼν
1541 2577 1570 2596 τε
1584 2570 1631 2597 καὶ
1643 2569 1832 2608 διακρίσεων,

1024 2615 1089 2647 ὅσας
1106 2616 1134 2641 ὲν
1147 2615 1202 2646 τοῖς
1217 2614 1317 2649 λογίοις
1330 2614 1491 2650 θεοπρεπεῖς
1503 2615 1593 2648 αἰτίας
1606 2617 1788 2654 εὑρήκαμεν,
1801 2622 1833 2647 ὲν

821 2702 937 2730 νΑῐιιλΕ
955 2702 1161 2731 LECTIONES.

226 2773 248 2789 "
261 2772 409 2805 οὖσιώδεις.

471 2772 496 2810 ’ἦ
506 2773 664 2810 ἀγαθότητι.
680 2774 708 2802 S.
723 2775 754 2803 P.

185 2807 280 2839 πολλὰ,
295 2808 321 2835 S.
339 2809 368 2836 Ρ.

805 2775 826 2791 ⁰¹
842 2775 871 2802 ὲν
884 2774 979 2805 οὐδενί,
1003 2774 1031 2800 Ρ.

420 2808 443 2824 ⁸⁸
450 2809 503 2846 καὶ
514 2808 723 2846 mutilum-5m,
739 2810 773 2837 Μ.
789 2810 966 2846 καὶγέκάστῳ,
982 2809 1010 2836 S.
1026 2809 1056 2835 θ.
1071 2809 1100 2835 Ρ.
1139 2809 1162 2846 ἦε
1177 2808 1234 2846 ἀλλ’

1084 2774 1106 2813 f"
1121 2772 1234 2813 κέντρον
1250 2774 1372 2813 σημεῖον,
1386 2774 1418 2802 P.
1428 2775 1459 2813 l).
1476 2776 1525 2803 Ch.
1544 2811 1556 2813 _
1577 2777 1604 2813 ’ξ
1614 2776 1779 2813 ὲκτύπωμα
1794 2779 1832 2806 τὰ

1281 2809 1335 2847 τῶν
1350 2811 1527 2847 μετεχᾷντων,
1543 2811 1573 2838 Ρ.
1590 2811 1650 2839 Sar-
1691 2814 1719 2828 ⁹⁶
1735 2809 1830 2847 διπλᾶ,

185 2842 216 2870 n.
231 2834 388 2881 esset,
401 2844 432 2881 μ,
444 2834 482 2881 Δεῖ
514 2834 1186 2881 έτ-ίδοέηξξξςίδςτ·κοί-ξείιξέεοιςςτδίηίοξινιιπνιτι
1205 2844 1235 2881 υ,
1251 2834 1279 2881 tt.
1294 2834 1574 2881 “lassabant;
1590 2834 1648 2876 “est
1660 2849 1687 2875 in
1715 2834 1831 2878 s73:

183 2881 245 2906 δίη.
283 2880 305 2895 "
320 2879 494 2916 ωδμῆουλίαν,
509 2880 537 2909 S.
551 2879 728 2920 opo‘iouuav,
743 2882 772 2909 D.
786 2881 814 2908 Ρ.
855 2879 1008 2918 ¹⁰⁰⁷ἒδρασε,

1023 2879 1051 2907 S.
1068 2880 1096 2906 ι».
1137 2880 1144 2894 ³
1160 2879 1176 2917 ᾗ
1190 2879 1236 2905 καὶ
1250 2878 1325 2912 Θεός,
1344 2880 1363 2907 l’
