1929 3068
112 169 167 198 M5

672 167 717 195 DE
734 166 860 196 DIVINIS
876 166 1079 199 NOMINIBUS,
1096 164 1173 194 CAP.
1190 165 1223 194 ll.

1687 169 1742 197 646

111 225 174 256 ταῖς
191 224 359 260 θεολογικαῖς
381 224 597 257 ὑπατυπώσεσιν,
623 224 675 260 ἰδίᾳ
699 223 764 259 περὶ
785 223 899 250 ἑκάστου

957 232 1026 256 ntus,
1040 225 1066 252 in
1081 223 1296 251 institutionibus
1312 223 1480 259 tbeologicis,
1494 220 1617 253 seorsti'm
1633 225 1667 254 de
1681 234 1740 254 sm—

111 270 294 304 διαλαϐόντες,
310 271 347 304 ὡς
360 271 479 305 ἐφικτὸν,
493 270 650 306 ὲξεθέμεθα,
661 269 695 296 τὰ
704 270 753 306 μὲν
765 269 902 301 ἀνελίξαν-

109 318 174 349 τες¹
187 316 226 352 τῷ
237 317 332 353 ἀληθεῖ
346 317 417 353 λόγῳ
431 319 477 345 καὶ
490 316 700 350 ἀναπτύξαντες,
714 316 762 343 καὶ
774 316 820 343 τὸν
831 315 903 351 ἱερὸν

111 362 161 389 καὶ
178 363 223 389 τὸν
234 363 428 390 ἀνεπιθόλωτθν
444 363 506 390 νοῦν
525 363 570 390 ἐπὶ
582 363 617 390 τὰ
635 362 705 398 φανὰ
717 362 771 390 τῶν
786 361 883 397 λογίων
892 362 902 377 ³

112 407 236 444 θεάματα
251 410 469 445 προσαγαγόντες
479 418 485 424 ·
500 411 556 442 τοῖς
570 410 608 442 δὲ,
623 409 661 441 ὡς
679 410 819 446 μυστικοῖς
832 407 902 434 κατὰ

110 454 164 490 τὴν
175 454 250 481 θείαν
260 456 407 492 παράδοσιν
419 456 488 492 ὑπὲρ
500 455 596 492 νοερὰν
612 455 750 491 ἐνέργειαν
761 453 903 481 ἐπιϐαλόν-

110 499 184 530 τες⁸.
199 499 291 526 Πάντα
304 501 358 536 γὰρ
372 500 406 527 τὰ
420 500 489 532 θεῖα,
502 501 550 527 καὶ
569 501 618 527 ὅσα
637 501 703 536 ἡμῖν
721 499 901 533 ὲκπέφανται,

110 547 173 577 ταῖς
198 547 324 581 μετοχαῖς
348 546 441 582 μόναις
464 546 645 581 γινώσκεται·
671 546 740 573 αὐτὰ
763 545 802 577 δὲ,
824 544 904 571 ὁποῖά

113 593 180 618 ποτέ
194 593 252 619 ἐστι
270 592 340 619 κατὰ
354 593 403 628 τὴν
416 593 518 620 οἰκείαν
536 592 622 628 ἀρχὴν
642 592 688 619 καὶ
703 591 816 627 ἵδρυσιν,
832 590 903 626 ὑπὲρ

957 270 1026 305 gulis
1048 270 1224 302 disserentes,
1239 269 1277 296 uti
1291 269 1446 304 (potuimus,
1467 271 1660 306 explicuimus,
1679 281 1742 308 par—

956 316 1004 343 tim
1028 315 1137 351 quidem
1163 322 1209 342 eas
1233 323 1298 343 vera
1323 316 1428 343 ratione
1448 317 1600 349 enodando,
1616 323 1743 353 etexpo-

954 362 1055 394 nendo,
1079 366 1160 396 atque
1182 361 1219 388 ita
1243 370 1339 396 pttrttm
1362 370 1394 390 ac
1420 363 1594 397 tranquillum
1621 364 1741 391 animum

954 415 1086 443 perquam
1104 407 1201 434 lucidis
1217 407 1386 442 eIOquiorutn
1404 409 1678 444 contemplationibus
1699 410 1744 437 ad-

955 454 1103 487 movendo;
1119 455 1217 489 partim
1234 462 1310 486 vero,
1327 463 1375 482 cett
1389 455 1520 490 mysticis,
1537 463 1569 483 ex
1584 456 1673 483 divina
1686 461 1742 483 tra-

954 501 1058 528 dilione
1081 508 1162 534 supra
1187 500 1343 528 intellectus
1364 502 1550 536 operationem
1567 497 1749 530 intendenda.-

955 547 1051 574 Divina
1059 547 1133 573 enim
1141 547 1242 578 omnia,
1251 547 1332 574 etiam
1341 547 1383 573 illa
1394 555 1453 581 qua:
1461 547 1540 575 nobis
1548 555 1741 583 apparuerunt,

954 593 1019 620 solis
1029 593 1282 627 participationihus
1293 599 1508 626 cognoscuntur;
1521 601 1601 628 porro
1617 595 1684 629 ipsa,
1693 603 1742 622 cu-

112 637 177 664 νοῦν
190 638 247 664 ἐστι
260 639 307 665 καὶ
322 639 412 665 πᾶσαν
426 639 518 666 οὐσίαν
531 640 579 665 καὶ
597 638 707 673 γνῶσιν.
727 636 799 670 Οἷον,
816 638 841 664 εἰ
854 638 899 673 τὴν

954 638 1068 672 iusmodi
1086 639 1112 665 in
1132 645 1181 665 suo
1195 639 1327 673 principio
1341 647 1445 674 suaque
1465 640 1528 667 sede
1544 641 1652 676 propria
1670 641 1742 668 eisi.

112 684 274 719 ὑπερούσιον
294 686 460 722 κρυφιότητα
479 685 555 717 Θεὸν,
578 685 595 721 ἢ
618 685 700 721 ζωὴν,
722 685 738 721 ἢ
760 685 870 717 οὐσίαν,
885 685 902 720 ἢ

112 728 182 762 φῶς,
195 729 211 764 ἢ
226 729 304 767 λόγον
324 730 517 765 ὀνομάσαιμεν,
532 729 609 756 οὐδὲν
631 729 724 765 ἕτερον
745 730 870 765 νοοῦμεν,
886 729 903 764 ἢ

110 774 162 806 τὰς
194 775 234 806 εἰς
261 775 334 811 ἡμᾶς
363 775 393 809 ἐξ
420 775 505 811 αὐτῆς
533 775 722 810 προαγομένας
743 775 871 810 δυνάμεις
881 776 902 807 ⁵,

111 818 288 852 ἐκθεωτικὰς,
309 820 326 856 ἢ
343 821 521 852 οὺσιοποιοὺς,
542 820 559 856 ἢ
575 819 733 854 ζωογόνους,
748 820 764 856 ἢ
787 819 903 855 σοφοδὼ-

112 873 193 900 ρους·
209 866 278 901 αὐτῇ
301 865 329 892 δὲ
350 866 420 893 κατὰ
441 866 490 901 τὴν
514 865 607 893 πασῶν
619 866 629 881 ⁶
643 865 697 892 τῶν
715 865 815 902 νοερῶν
828 866 904 901 ἐνερ-

955 690 1036 716 stant,
1052 684 1143 711 nullus
1157 692 1253 712 sensus
1268 685 1386 719 attingit,
1404 686 1475 712 nulla
1493 691 1589 713 natura
1609 686 1739 721 nullaque

955 730 1075 764 cognitio
1091 734 1226 764 penetrat.
1244 728 1332 756 Veluti
1346 738 1407 756 cum
1426 737 1555 758 arcanum
1571 731 1636 758 illud
1651 739 1745 766 super.

955 775 1114 809 essentiale,
1137 775 1178 803 vel
1200 775 1296 808 Deum,
1313 775 1356 803 vel
1378 776 1471 808 vitam,
1487 776 1530 804 vel
1550 777 1743 810 substantiam,

954 822 996 849 vel
1024 821 1125 855 lucem,
1149 821 1191 848 vel
1217 820 1336 848 Verbum
1365 821 1550 856 appellamus,
1577 822 1645 849 nihil
1670 822 1742 850 aliud

955 876 1035 903 quam
1050 868 1092 895 vel
1121 868 1244 900 deiﬁcas,
1257 867 1301 894 vel
1319 867 1535 901 substantiﬁcas,
1554 868 1593 896 vel
1611 869 1742 900 viviﬁcas,

109 913 194 947 γειῶν
213 913 341 940 ἀπόλυσιν
353 913 545 948 ἐπιῧάλλομεν,
558 912 685 948 οὐδεμίαν
701 912 818 948 ὁρῶντες
836 912 899 939 θέω-

954 914 995 941 vel
1011 914 1195 948 sapientiiicas
1208 914 1323 941 virtutes
1341 914 1528 949 intelligimus,
1543 923 1602 949 quae
1618 915 1652 942 ab
1667 923 1699 942 eo
1715 917 1742 944 in

109 959 190 995 σιν,ἢ
206 959 288 996 ζωὴν,
303 960 320 996 ἢ
335 959 625 995 οὒσίαν,ἦτιςὰκρι6ὦς
646 960 769 995 ἐμφερής
789 959 847 985 ἐστι
867 960 900 994 τῇ

108 1006 219 1033 πάντων
241 1006 398 1043 ὲξῃρημένῃ
420 1006 490 1033 κατὰ
517 1006 607 1032 πᾶσαν
632 1004 769 1041 ὑπεροχὴν
792 1004 865 1040 αἰτίᾳ
879 1005 900 1032 ⁷.

108 1052 204 1083 Πάλιν,
220 1052 261 1078 ὅτι
285 1052 333 1088 μὲν
354 1052 411 1079 ἐστι
435 1052 541 1088 πηγαία
562 1051 657 1086 θεότης
679 1051 693 1076 ὁ
716 1050 821 1086 Πατὴρ,
837 1050 851 1075 ὁ
872 1049 900 1076 δὲ

115 1097 238 1133 Ἰησοῦς⁸
254 1099 301 1125 καὶ
324 1098 355 1124 τὸ
375 1098 498 1134 Πνεῦμα,
510 1098 560 1133 τῆς
583 1097 707 1133 θεογόνου
724 1097 860 1133 θεότητος,
876 1097 900 1124 εἰ

107 1143 180 1172 οὕτω
190 1145 242 1181 χρὴ
257 1145 348 1180 φάναι,
366 1145 474 1180 βλαστοὶ
489 1144 622 1179 θεόφυτοι,
639 1145 686 1171 καὶ
700 1142 756 1170 οἷον
770 1143 839 1179 ἄνθη
853 1143 900 1169 καὶ

108 1191 260 1227 ὖπερούσια
275 1191 363 1226 φῶτα,
378 1191 446 1228 πρὸς
463 1191 518 1217 τῶν
533 1191 612 1226 ἱερῶν
624 1190 722 1224 λογίων
733 1190 901 1226 παρειλήφα-

110 1244 160 1271 μεν
169 1244 176 1251 '
192 1236 266 1269 ὅπως
281 1236 310 1263 δὲ
323 1236 409 1264 ταῦτά
423 1238 508 1270 ἐστιν,
519 1236 581 1263 οὔτε
595 1237 691 1270 εἰπεῖν,
703 1235 764 1263 οὔτε
775 1236 900 1272 ἐννοῆσαι

106 1279 230 1311 δυνατόν.

954 968 1003 988 nos
1019 960 1176 994 dimanant;
1199 960 1286 995 ipsum
1309 964 1399 986 autem
1414 960 1535 986 omnium
1557 961 1656 987 mentis
1677 968 1744 995 ope-

954 1007 1088 1034 rationum
1111 1007 1265 1034 cessatione
1284 1006 1478 1040 contingimus,
1494 1014 1554 1033 cntn
1569 1006 1668 1033 nullam
1682 1015 1744 1034 cer-

953 1061 1050 1081 namus
1066 1054 1219 1081 divinitatis
1243 1052 1414 1081 eil‘ectionem
1426 1073 1434 1086 ,
1450 1053 1550 1080 nullam
1571 1053 1653 1079 vitam
1667 1072 1676 1086 ,
1696 1058 1744 1079 attt

952 1100 1113 1132 essentiam,
1130 1107 1191 1135 qua:
1217 1099 1296 1135 plane
1317 1099 1414 1126 similis
1441 1099 1477 1126 sit
1500 1107 1589 1127 causa:
1610 1099 1668 1132 illi,
1683 1106 1744 1134 qute

952 1146 1058 1174 cunctis
1082 1153 1130 1180 per
1156 1153 1264 1173 omnem
1289 1145 1479 1172 excellentiatn
1505 1145 1653 1172 antecellit.
1669 1144 1742 1172 Bur—

952 1199 1012 1218 snm
1043 1198 1058 1217 a
1081 1191 1233 1225 Scripturis
1250 1191 1338 1218 sacris
1361 1191 1532 1225 accepimus,
1549 1191 1658 1219 Patrem
1681 1192 1743 1226 qui-

951 1237 1011 1264 dem
1025 1231 1087 1264 esse
1102 1236 1236 1271 originem
1252 1236 1278 1263 in
1294 1236 1401 1266 divinis.
1418 1236 1509 1264 Jesttm
1526 1244 1590 1264 vero
1605 1241 1633 1264 et
1653 1236 1742 1271 Spiti-

952 1286 1009 1308 tum
1036 1286 1171 1313 sanctum,
1187 1281 1264 1316 quasi
1287 1281 1335 1308 Dei
1360 1281 1476 1316 prolem,
1491 1282 1543 1314 vel,
1560 1282 1582 1309 si
1604 1282 1676 1309 dictu
1702 1282 1743 1309 ius

108 1330 156 1361 sit,
178 1330 254 1364 quasi
272 1329 393 1365 germina
408 1329 510 1362 divina,
527 1328 641 1356 ﬂoresve
661 1336 693 1356 ac
711 1329 811 1356 ltttnina
824 1329 1094 1365 supersubstantialia
1108 1329 1242 1357 exsistere
1257 1338 1264 1356 :
1280 1337 1398 1364 quonam
1416 1335 1505 1357 autem
1522 1335 1603 1365 pacto
1618 1337 1677 1358 sesc
1693 1330 1743 1357 ba-

108 1376 203 1409 beaut,
218 1384 306 1412 neque
326 1376 415 1412 eloqui
447 1383 536 1411 neque
560 1376 712 1411 intelligere
736 1375 866 1403 valemus.

842 1436 856 1472 δ
874 1433 961 1464 Vill.

152 1508 232 1536 Ἀλλὰ
249 1508 345 1544 μέχριθ
360 1507 456 1534 τοότου
476 1507 550 1534 πᾶσα
570 1507 621 1542 τῆς
642 1505 702 1533 καθ’
715 1506 789 1541 ἡμᾶς
804 1505 900 1541 νοερᾶς

990 1503 1123 1532 Caeterum
1151 1502 1283 1530 hactenus
1298 1503 1388 1530 omnis
1403 1503 1558 1532 intellectus
1581 1506 1666 1534 nostri
1681 1511 1743 1534 stu-

107 1555 249 1592 ἐνεργείας
262 1557 278 1591 ἡ
293 1554 406 1591 δύναμις
416 1554 447 1586 ¹⁰,
459 1554 499 1580 ὅτι
515 1554 589 1581 πᾶσα
600 1553 659 1580 θεία
673 1552 775 1588 πατριὰ
788 1552 834 1579 κα¹ι
844 1551 899 1578 υἱό-

954 1550 1026 1578 dium
1039 1557 1073 1577 eo
1086 1549 1183 1582 tendit,
1199 1553 1228 1575 ut
1242 1549 1385 1584 intelligat,
1402 1551 1537 1585 quomodo
1549 1551 1640 1580 divina
1653 1554 1743 1581 omnis

106 1613 158 1640 της
172 1605 205 1630 ὲκ
214 1603 263 1638 τῆς
274 1602 381 1629 πάντων
392 1600 562 1638 ἐξῃρημένης
572 1600 753 1637 πατριαρχίας
763 1599 810 1626 καὶ
819 1600 898 1634 υίαρ-

107 1649 170 1685 χίας
184 1648 331 1685 δεδώρηται
346 1648 393 1675 καὶ
413 1649 478 1684 ἡμῖν
496 1648 543 1674 καὶ
557 1649 616 1679 ταῖς
631 1645 840 1682 ὑπερουρανιαις
856 1644 901 1671 δυ-

106 1694 232 1730 νάμεσιν,
245 1694 275 1726 ἐξ
289 1691 322 1730 ἦς
334 1694 381 1721 καὶ
396 1693 462 1726 θεοὶ,
478 1693 525 1720 καὶ
540 1692 608 1720 θεῶν
624 1693 686 1725 υἱοὶ,
703 1692 750 1718 καὶ
763 1691 832 1718 θεῶν
845 1698 899 1717 πα-

106 1741 188 1776 τέρες
211 1740 236 1766 οἱ
258 1739 383 1771 θεοειδεῖς
402 1738 540 1773 γίγνονται
562 1738 609 1765 καὶ
630 1737 806 1773 ὀνομάζονται
829 1735 898 1767 νόες,

108 1785 301 1821 πνευματικῶς
308 1784 406 1820 δηλαδὴ
412 1784 460 1819 τῆς
465 1783 570 1810 τοιᾶσδε
579 1782 746 1819 πατρότητος
758 1781 804 1808 καὶ
811 1781 900 1816 υίότη-

106 1840 154 1864 τος
166 1831 372 1867 ὲκτελουμένης,
385 1830 535 1857 τοῦτ’ἐστιν
547 1829 708 1864 ἀσωμάτως,
723 1828 821 1860 ὰΰλως,
836 1835 899 1862 νοη-

952 1595 1103 1630 paternitas
1129 1599 1156 1622 et
1183 1595 1288 1627 illiatio,
1310 1601 1345 1622 ex
1371 1596 1587 1630 supraeminenti
1614 1599 1738 1626 omnium

949 1641 1136 1676 patriarchatu
1161 1641 1263 1676 filiique
1288 1641 1453 1676 principatu,
1475 1647 1529 1670 tam
1553 1643 1633 1672 nobis
1655 1653 1738 1680 quam

950 1695 1030 1722 supra
1046 1686 1202 1714 caelestibus
1220 1687 1369 1714 virtutibus
1390 1687 1493 1715 indulta
1511 1689 1557 1722 sit,
1573 1697 1606 1717 ex
1621 1698 1674 1724 qua
1697 1690 1737 1724 ﬁt,

949 1739 979 1761 ut
991 1733 1074 1760 etiam
1090 1733 1127 1759 dii
1141 1733 1309 1768 deorumque
1320 1732 1368 1760 ﬁlii
1382 1740 1414 1760 ac
1429 1739 1521 1768 patres
1534 1735 1590 1762 sint
1601 1743 1635 1763 ac
1648 1737 1740 1764 nomi-

950 1785 1049 1807 nentur
1062 1779 1142 1814 32],
1158 1783 1263 1806 mentes
1277 1778 1436 1812 deiformes,
1455 1781 1554 1815 quibus
1569 1781 1736 1817 ejuscemodi

949 1825 1100 1860 paternitas
1126 1832 1158 1851 ac
1182 1824 1277 1851 tiliatio
1303 1824 1465 1859 spiritaliter
1488 1826 1641 1859 confertur,
1655 1828 1737 1856 modo

107 1878 173 1910 τῶς,
187 1877 234 1904 τοῦ
247 1877 390 1913 θεαρχικοῦ
401 1876 568 1912 Πνεύματος,
580 1875 650 1911 ὑπὲρ
665 1875 754 1901 πᾶσαν
771 1873 867 1909 νοητὴν
877 1873 898 1889 “

954 1870 1053 1898 scilicet
1069 1870 1232 1905 incorporeo
1245 1877 1259 1896 a
1276 1870 1391 1897 materia
1415 1875 1570 1905 segregato.
1588 1871 1736 1899 intellecti-

107 1925 206 1953 ἀῠλίαν
217 1925 264 1951 καὶ
273 1924 369 1950 θέωσιν
384 1922 609 1960 ὑπεριδρυμὲνου,
622 1920 724 1948 καὶτοῦ
736 1919 840 1956 Πατρὺς
852 1919 899 1946 καὶ

954 1916 1032 1951 lique,
1045 1923 1099 1950 qtto
1113 1919 1203 1942 tamen
1220 1914 1339 1950 Spiritus
1352 1915 1472 1949 divinus,
1489 1921 1518 1943 ut
1535 1924 1615 1951 supra
1627 1925 1736 1945 onmem

107 1971 156 1999 τοῦ
172 1970 247 2002 Υίοῦ,
263 1970 352 2006 πάσης
367 1970 483 2005 πατριᾶς
497 1968 544 1995 καὶ
560 1967 680 2003 υἱότητος
698 1966 781 1999 θείας,
800 1966 899 2001 ὑπερο-

954 1969 1011 1996 quae
1024 1961 1132 1995 concipi
1146 1965 1235 1995 potest
1252 1960 1374 1988 materia:
1390 1962 1557 1988 vacuitatem
1577 1969 1608 1988 ac
1624 1963 1740 1989 deifica—

108 2017 195 2053 χικῶς
210 2015 396 2053 ἐξῃρημένων.
406 2014 472 2041 Οὐδὲ
486 2014 541 2049 γάρ
555 2014 628 2040 ἐστιν
638 2011 754 2048 ἀκριϐὴς
764 2011 898 2047 ὲμφέρεια

954 2008 1054 2035 tionem
1064 2007 1239 2039 constitutus,
1251 2007 1417 2035 eminentior
1429 2007 1546 2041 exsistit,
1559 2009 1610 2041 uti,
1619 2013 1647 2036 et
1659 2009 1741 2037 Pater

107 2066 166 2096 τοῖς
180 2063 311 2094 αὶτιατοῖς
327 2062 373 2088 καὶ
393 2061 450 2093 τοῖς
466 2059 561 2092 αἰτίοις
571 2068 578 2075 ·
595 2059 652 2086 ἀλλ’
669 2058 724 2094 ἔχει
741 2057 790 2093 μὲν
805 2057 839 2084 τὰ
854 2058 897 2084 αἰ-

954 2054 1098 2089 Filiusque,
1113 2054 1147 2081 ab
1167 2054 1240 2080 omni
1264 2053 1347 2080 simili
1366 2053 1532 2087 paternitate
1553 2061 1586 2082 ac
1607 2055 1740 2083 ttliatione

107 2109 188 2137 τιατὰ
209 2109 258 2140 τὰς
277 2107 332 2135 τῶν
349 2107 442 2134 αἰτίων
458 2105 634 2141 ἐνδεχομένας
651 2104 767 2136 εἰκόνας,
781 2104 850 2130 αὐτὰ
870 2103 898 2130 δὲ

954 2101 1041 2127 divina
1056 2100 1210 2127 eminenter
1228 2100 1358 2134 exempti.
1380 2099 1439 2126 Non
1454 2100 1526 2127 enim
1550 2105 1593 2128 est
1616 2101 1736 2135 perfecta

107 2156 144 2184 τὰ
171 2155 244 2182 αἴτια
270 2154 325 2181 τῶν
348 2152 476 2180 αῑτιατῶν
496 2151 626 2188 ἐξῄρηται
644 2151 691 2178 καὶ
710 2150 896 2186 ὑπερίδρυται,

954 2147 1107 2174 etabsoluta
1119 2145 1270 2174 similitudo
1281 2153 1375 2172 eorum
1387 2153 1447 2181 quae
1459 2145 1555 2173 eil‘ecta
1564 2151 1627 2173 sunt
1638 2151 1665 2174 et
1676 2154 1737 2174 cau-

109 2203 180 2229 κατὰ
196 2202 242 2228 τὸν
255 2201 303 2237 τῆς
319 2200 422 2231 οἰκείας
439 2198 525 2234 ἀρχῆς
540 2198 633 2232 λόγον’
651 2198 698 2224 καὶ
710 2197 753 2224 ἵνα
769 2198 824 2228 τοῖς
835 2196 896 2223 καθ’

954 2199 1059 2224 sarum;
1084 2192 1149 2227 quin
1167 2192 1256 2227 potius
1270 2192 1370 2219 habent
1393 2191 1500 2225 quidem
1523 2191 1619 2220 θέσει-ιιι
1645 2200 1741 2220 causa-

109 2249 184 2285 ἡμᾶς
205 2235 351 2284 χρήσῷμαι
368 2245 624 2282 παραδείγμασιν¹¹,
643 2243 734 2279 ἡδοναὶ
751 2243 798 2270 καὶ
817 2243 899 2271 λῦπαι

954 2247 1023 2271 rum,
1040 2239 1128 2275 quoad
1143 2238 1200 2266 ﬁeri
1214 2237 1469 2273 pulcst,imagines:
1487 2237 1552 2272 ipsae
1567 2245 1631 2265 vero
1647 2245 1738 2266 causa:

109 2295 234 2329 λέγονται
252 2292 391 2328 ποιητικαὶ
404 2291 451 2318 τοῦ
461 2290 573 2326 ἥδεσθαι
585 2289 631 2316 καὶ
641 2288 786 2316 λυπεῖσθαι
798 2298 804 2304 ·
821 2289 899 2316 αὐταὶ

954 2296 985 2317 ex
997 2288 1102 2316 eﬂ'ectis
1117 2291 1249 2321 exempta:
1263 2291 1327 2314 sunt
1345 2291 1372 2314 et
1386 2293 1436 2321 pro
1450 2286 1556 2313 ratione
1567 2285 1739 2321 principatus

109 2341 140 2368 δὲ
162 2339 224 2367 οὗτε
246 2339 365 2374 ἥδονται,
383 2337 444 2364 οὔτε
463 2335 628 2363 λυποῦνται·
647 2335 695 2362 καὶ
715 2335 745 2362 τὸ
769 2335 824 2371 πῦρ
840 2335 899 2371 θερ-

954 2335 994 2362 sui
1018 2341 1098 2368 supra
1124 2333 1219 2360 locata:
1248 2339 1282 2359 ae
1305 2331 1425 2358 fundatae
1441 2339 1449 2358 :
1467 2335 1494 2358 et
1519 2335 1548 2358 ut
1570 2332 1738 2359 nostratibus

111 2388 207 2423 μαῖνον
225 2386 271 2412 καὶ
288 2386 364 2411 καῖον
383 2384 413 2410 οὐ
433 2383 540 2417 λέγεται
557 2381 681 2409 καίεσθαι
698 2382 744 2408 καὶ
759 2380 899 2416 θερμαίνε-

954 2378 1082 2413 exemplis
1098 2384 1168 2410 utar,
1184 2379 1336 2412 voluptates
1349 2384 1381 2404 ac
1395 2376 1503 2404 dolores
1517 2376 1623 2404 eilicere
1640 2377 1736 2404 dicm.-

110 2422 184 2460 σθαι.
200 2432 255 2459 Καὶ
270 2431 319 2467 ζῇν
340 2430 367 2456 εἴ
377 2439 420 2461 τις
433 2429 501 2465 φαίη
514 2428 563 2464 τὴν
582 2427 732 2462 αὐτοζωὴν,
749 2426 766 2462 ἦ
786 2426 899 2461 φωτίζε-

954 2430 1007 2457 tttr,
1024 2429 1052 2451 ιιι
1075 2424 1200 2452 homines
1219 2423 1343 2450 laetentur
1364 2422 1404 2449 vel
1425 2422 1545 2455 doleant,
1563 2427 1651 2450 tamen
1674 2424 1738 2456 ipsa:

110 2479 173 2505 σθαι
182 2478 212 2504 τὸ
221 2477 355 2512 αὑτόφως,
370 2476 420 2503 οὐκ
431 2474 518 2511 ὀρθῶς
530 2475 588 2509 ἐρεῖ
599 2473 668 2500 κατὰ
677 2473 721 2500 τὸν
732 2472 798 2508 ὲμδν
806 2472 895 2506 λόγον,

954 2480 1002 2499 nec
1026 2471 1153 2498 laetantur
1175 2478 1226 2498 nec
1250 2470 1359 2502 dolent;
1374 2469 1445 2503 ignis
1458 2469 1539 2496 etiam
1555 2476 1617 2495 cum
1633 2467 1738 2496 calefa-

109 2527 135 2552 εἰ
151 2526 187 2561 μή
208 2533 259 2551 που
277 2523 338 2551 καθ’
353 2522 445 2557 ἕτερον
465 2520 551 2547 ταῦτα
573 2519 644 2546 εἴποι
663 2518 773 2554 τρόπον,
790 2519 898 2560 ὅτιιπε-

954 2517 1004 2545 ciat
1025 2522 1053 2545 et
1074 2517 1226 2549 comburat,
1244 2523 1296 2543 non
1311 2520 1401 2543 tamen
1417 2514 1542 2542 comburi
1566 2518 1594 2542 et
1617 2513 1737 2542 caleﬁeri

111 2559 211 2608 ρισσῶς
223 2570 269 2598 καὶ
284 2568 418 2600 οὺσιοκῖὥς
434 2566 573 2601 προένεστι
583 2565 617 2592 τὰ
630 2565 684 2591 τῶν
701 2563 828 2591 αἰτιατῶν
840 2564 897 2595 τοῖς

954 2563 1061 2590 dicitur.
1074 2562 1139 2590 Etsi
1152 2561 1214 2597 quis
1229 2561 1311 2588 vitam
1326 2561 1411 2595 ipsam
1422 2559 1514 2587 vivere
1527 2564 1573 2586 aut
1588 2559 1738 2587 illuminari

109 2605 216 2649 αἰτίοις.
951 2608 1039 2636 lucem
1053 2608 1161 2640 dixerit,
1179 2615 1238 2634 mea
1259 2607 1368 2642 quidem
1390 2606 1535 2638 sententia,
1550 2613 1603 2632 non
1625 2605 1737 2632 ontniuo

111 2670 187 2692 recte
203 2663 309 2690 locutus
321 2660 414 2692 fuerit.
431 2659 481 2687 nisi
497 2658 566 2686 forte
578 2659 636 2685 [nec
652 2657 706 2684 alio
721 2655 802 2683 modo
814 2655 898 2688 dicat,
916 2655 1125 2690 qttodnimirum
1138 2654 1333 2687 abundantius,
1360 2657 1387 2680 ct
1411 2653 1561 2680 Secundum
1574 2652 1735 2685 essentiam,

111 2719 143 2740 ea
156 2718 217 2746 qua:
228 2713 292 2737 sunt
308 2707 451 2735 eﬁ‘ectuum
466 2706 542 2741 prius
555 2705 610 2733 sint
625 2711 724 2731 causae.

745 2759 862 2788 VARUE
880 2755 1089 2786 LEGTIONES.

154 2836 164 2851 ¹
177 2833 365 2866 ἁναλέξαντες,
380 2832 414 2859 Μ.
432 2832 477 2860 Sc.
491 2831 688 2866 ἀναδείξαντες,
702 2831 730 2858 S.
782 2830 792 2846 ³
806 2829 877 2866 φανὰ
884 2828 944 2866 τῶν
957 2835 1010 2866 non
1026 2825 1112 2866 h_.'t_i)et‘
1123 2825 1155 2852 D.
1168 2825 1198 2852 P.
1212 2824 1317 2866 φανερά
1328 2824 1412 2866 est_in
1426 2822 1460 2850 M.

110 2855 477 2900 S.
638 2855 688 2894 ’
704 2855 730 2882 τί
743 2855 822 2916 αὑτηί
838 2865 864 2891 Ι).
882 2863 924 2890 διε⁴
941 2861 1021 2925 αὖτέ,
1036 2858 1066 2888 8ξ
1079 2861 1198 2891 πάντων,
1255 2855 1327 2887 ΡῘΙ).
1375 2860 1384 2875 ⁷
1400 2857 1566 2893 ὑπεροχικὴν
1579 2856 1667 2884 αἰτίαν
1679 2875 1687 2889 ,
1700 2855 1734 2884 1³.

110 2909 121 2922 ι
134 2908 148 2925 ι
159 2906 188 2925 λι
197 2905 266 2925 rw,
283 2903 311 2925 ς.
325 2903 355 2925 P.
378 2903 408 2925 n.
430 2903 475 2925 Sp.
498 2903 559 2925 δην.
607 2904 617 2919 ι
633 2903 705 2925 im.
721 2901 749 2925 S.
791 2902 798 2916 ¹
826 2900 843 2925 ἡ
857 2899 980 2925 πρόοδος.
1016 2916 1023 2924 .
1037 2896 1067 2924 Ρ.
1115 2897 1135 2912 ¹¹
1150 2895 1252 2925 νόησιν,
1268 2895 1302 2923 Μ.
1354 2895 1375 2910 ¹¹
1391 2894 1544 2925 πράγμασι,
1556 2892 1587 2920 D.

367 2892 476 2932 ἰῑῖδε.
492 2892 623 2930 [suit-77‘7"
633 2892 706 2938 5:291,
721 2901 750 2928 ὃ.
791 2892 843 2936 ¹’⁶’ή
857 2899 980 2935 πρόοδος,
994 2892 1023 2925 5.
1037 2896 1067 2924 P.
1105 2897 1135 2930 η¹¹
1150 2895 1252 2930 νόησιν,
1268 2895 1302 2923 Μ.
1327 2933 1331 2937 _
1346 2895 1375 2937 ,η
1391 2892 1544 2930 πράγμασι,
1556 2892 1587 2932 D.

1508 2822 1518 2838 ⁵
1526 2822 1733 2854 ἐπιϐάλλοντες,
