1929 3068
188 169 242 199 [Π

780 167 811 196 S.
835 166 984 195 DlONYSI’l
1002 165 1234 195 AREOPAGlTA:

1781 167 1832 194 (ἥδ

970 240 984 275 §
1002 239 1056 269 IX.

224 311 395 346 Quinetiam,
415 312 443 339 id
464 312 536 346 quod
554 316 596 339 est
608 313 730 340 omnium
746 321 806 348 qua:
824 315 857 341 de
877 314 932 341 Deo
943 313 986 340 di-
1001 319 1021 346 Α

189 363 290 386 cuntur
315 357 507 389 clarissimum,
528 357 621 385 divina
650 359 734 393 ipsius
758 358 822 386 Jesu
844 366 859 386 e
884 362 983 385 natura

191 410 282 433 nostra
297 403 438 436 lormatio,
462 411 490 430 et
520 404 666 432 ineli'abilis
688 409 730 432 est
752 412 881 432 sermone
896 406 983 437 omni,

191 451 313 486 nullique
328 455 392 477 uota
418 450 617 485 intelligentiae,
642 452 726 478 etiam
748 451 801 486 ipsi
826 452 985 486 antiquissi-

191 504 297 524 morum
317 496 476 531 angelorum
494 497 616 531 primati.
633 497 722 532 Atque
733 505 796 525 eum
809 499 917 532 quidem
934 499 984 526 viri

192 544 308 570 formam
327 547 355 570 et
366 543 548 570 substantiam
568 544 759 577 assumpsisse,
778 544 892 579 mystice
906 552 986 572 arce-

191 589 296 624 pimus;
323 589 371 616 scd
399 589 550 624 ignoratur,
565 590 701 624 quomodo
723 597 756 617 ex
784 590 903 625 Virginis
923 598 987 618 san-

191 636 271 671 guine
284 635 337 662 alia
353 643 435 670 quant
452 640 556 662 natura:
580 635 640 670 lege
659 635 696 662 sit
713 635 884 669 cﬁ‘urntatus,
898 643 987 671 quove

192 685 271 716 pacto
295 681 378 708 siccis
403 681 528 716 pedibus.
547 681 593 715 qui
613 682 736 716 corporis
762 682 863 709 moletn
886 687 913 708 et
931 690 988 709 ma-

193 728 269 755 teria:
295 728 402 762 pomlus
426 727 569 760 baberent,
599 726 730 762 liquidam
754 727 987 762 pcrambulaverit

191 773 347 810 lluxamque
365 774 556 805 substantiam,
580 774 688 809 aliaque
707 775 852 809 perfecerit
867 783 927 810 quae
942 783 988 802 su-

193 819 394 855 pernaturalem
416 819 478 847 Jcsu
496 824 622 847 naturam
638 820 768 848 indicant.
786 821 885 848 Verqu
903 821 959 848 haec
973 829 988 848 a

194 867 273 895 nobis
286 867 368 894 etiam
385 866 449 893 alibi
467 867 533 894 satis
546 867 693 902 explicata,
714 872 741 894 et
753 867 788 894 ah
807 868 907 903 iuclyto
920 876 990 903 prte-

193 918 306 948 ceptore
337 918 430 939 nostro
453 919 534 947 supra
562 918 666 940 natura:
689 913 798 940 modum
823 913 905 941 valde
921 913 991 941 cele-

195 961 272 987 brata
290 964 354 987 sunt
370 960 396 986 in
411 958 571 994 tlicologicis
594 959 681 994 ipsius
693 959 845 992 clementis,
860 967 920 994 qua:
944 959 989 987 ille

194 1007 292 1042 partim
308 1015 323 1033 a
337 1007 472 1041 theologis
485 1006 589 1033 sanctis
603 1006 717 1040 accepit,
738 1007 838 1040 partim
858 1007 940 1034 etiam
954 1013 985 1033 ex
1006 997 1026 1024 Β

193 1054 286 1082 solerti
301 1053 504 1089 Scripturarum
519 1053 695 1087 inilagationc
714 1053 796 1087 longo
811 1054 943 1081 exercitio
955 1061 986 1081 ac

194 1105 315 1134 tempore
330 1099 547 1134 comprehcndit,
562 1098 661 1132 partim
674 1099 755 1126 etiam
771 1098 907 1126 diviniore
917 1106 987 1134 qua-

193 1146 255 1172 dam
274 1145 452 1180 inspiratione
470 1145 570 1175 hausit.
587 1145 638 1172 ista
660 1152 714 1171 non
729 1145 859 1172 discendo
871 1150 986 1179 tantum,

193 1200 288 1220 verum
303 1192 387 1219 etiam
407 1192 498 1218 divina
527 1191 655 1226 patiendo
677 1196 834 1222 assecutus,
861 1199 909 1219 nec
934 1199 987 1219 non

194 1245 288 1265 eorum
303 1238 336 1273 (si
352 1238 425 1264 dictu
441 1237 482 1265 l'as
497 1238 545 1273 sit)
560 1237 762 1272 compassionn,
778 1237 811 1264 ad
829 1237 901 1265 illam
927 1246 988 1273 qua)

195 1285 286 1312 doceri
313 1285 408 1320 nequit
434 1284 516 1311 iidem
543 1285 686 1320 mysticam
709 1289 791 1319 alqtte
804 1285 932 1312 unionem
949 1285 990 1311 in-

195 1331 341 1359 formatus.
370 1333 458 1366 Atque
489 1337 518 1359 ut
540 1332 674 1366 plurima,
707 1339 796 1366 eaque
821 1332 990 1364 beatissima,

196 1379 333 1412 praeclara:
355 1378 428 1405 illius
445 1379 543 1406 mentis
565 1378 726 1405 dorumcnta
751 1378 847 1412 paucis
863 1377 992 1411 subjicia-

197 1432 270 1455 mus,
292 1423 348 1450 bare
374 1423 407 1450 de
429 1422 494 1450 Jcsu
520 1423 547 1450 in
576 1422 737 1458 tlicologicis
760 1423 904 1450 elementis
924 1431 938 1450 a
962 1430 992 1450 se

197 1469 320 1496 collectis
331 1469 368 1495 ait
381 1475 390 1495 :

196 1526 278 1563 322
289 1526 454 1555 δανισιὶεεὶΜὶ
470 1525 606 1554 Hierollm'
619 1526 703 1567 _rerbu
718 1534 751 1553 ex
771 1525 924 1561 tlwologici:
937 1525 990 1554 cle-

544 1568 650 1590 mentm

1079 311 1160 338 Ἀλλά
1180 312 1227 338 καὶ
1252 310 1283 337 τὸ
1304 310 1396 345 πάσης
1419 308 1558 343 θεολογίας
1580 308 1790 342 ἑκφανέστατον,
1817 311 1833 345 ἡ

1033 358 1095 386 καθ’
1108 359 1183 394 ἡμᾶς
1201 357 1290 393 Ἰησοῦ
1306 356 1484 388 θεοπλαστία,
1500 355 1548 382 καὶ
1560 353 1679 390 άῤῥητός
1691 355 1750 380 ἐστι
1763 353 1835 391 λόγῳ

1034 406 1124 438 παντὶ,
1139 405 1186 432 καὶ
1197 405 1335 439 ἄγνωστος
1343 403 1382 439 νῷ
1389 404 1480 435 παντὶ,
1495 403 1542 430 καὶ
1553 402 1627 437 αὐτῷ
1637 401 1676 437 τῷ
1690 402 1836 438 πρωτίστῳ

1034 452 1090 479 τῶν
1102 451 1298 488 πρεσϐυτάτων
1313 450 1448 485 ἀγγέλων.
1468 449 1523 476 Καὶ
1535 449 1565 476 τὺ
1579 449 1628 484 μὲν
1642 449 1776 484 ἀνδρικῶς
1787 450 1835 476 αὒ-

1034 499 1081 526 τὸν
1091 498 1267 534 οὑσιωθῆναι,
1282 497 1423 533 μυστικῶς
1443 495 1662 533 παρειλήφαμεν·
1683 496 1835 531 ἀγνοοῦμεν

1035 545 1064 572 δὲ
1075 545 1096 561 ¹³
1114 545 1189 577 ὅπως
1206 546 1239 571 ὲκ
1255 543 1428 578 παρθενικῶν
1451 543 1574 578 αἱμάτων
1587 542 1674 578 ἑτέρῳ
1689 542 1765 577 παρὰ
1783 542 1835 578 τὴν

1036 591 1117 626 φύσιν
1136 591 1229 626 θεσμῷ
1243 590 1419 617 διεπλάττετο
1430 610 1438 622 ,
1458 589 1505 616 καὶ
1523 589 1597 620 ὅπως
1616 588 1743 624 ἀὸρόχοις
1757 589 1832 621 ποσὶ,

1037 636 1192 672 σωματικὸν
1205 635 1287 670 ὄγκον
1297 635 1387 671 ἔχουσι
1396 635 1443 661 καὶ
1453 634 1519 669 ὓλης
1530 634 1623 669 βάρος,
1632 634 1801 670 ὲπεπόρευτο
1811 635 1835 650 ¹⁸

1036 670 1086 719 τὴν
1103 683 1191 719 ὑγρὰν
1208 683 1255 709 καὶ
1267 670 1383 709 ἄστατον
1397 681 1501 708 οὺσίαψ
1520 681 1567 707 καὶ
1581 680 1616 707 τὰ
1632 680 1700 707 ἄλλα
1714 670 1766 707 ὅσα
1784 681 1835 717 τῆς

1038 729 1196 766 ὑπερφυοῦς
1210 730 1284 756 ἐστιν
1308 728 1395 764 Ἰησοῦ
1410 727 1594 763 φυσιολογίας.
1609 727 1702 755 Ταῦτα
1720 728 1749 754 δὲ
1767 729 1836 764 ἡμῖν

1037 785 1066 803 τε
1085 777 1115 803 ὲν
1133 775 1223 808 ἄλλοις
1235 775 1334 807 ἱκανῶς
1349 775 1467 811 εἴρηται,
1486 774 1534 801 καὶ
1545 773 1585 810 τῷ
1597 773 1694 810 κλεινῷ
1715 774 1836 810 καθηγε-

1041 823 1101 859 μόνι
1119 822 1191 850 κατὰ
1204 822 1255 854 τὰς
1272 821 1430 857 θεολογικὰς
1443 821 1525 848 αὑτοῦ
1544 820 1726 856 στοιχειώσεις
1744 821 1834 857 ὕμνη-

1010 883 1013 896 ρ
1039 877 1084 897 ται
1101 868 1122 884 ¹³
1138 869 1198 896 λίαν
1216 868 1376 905 ὑπερφυῶς,
1400 869 1473 904 άπερ
1487 868 1602 899 ἐκεῖνος,
1624 867 1679 894 εἴτε
1696 868 1765 904 πρὸς
1781 869 1836 896 τῶν

1040 917 1122 954 ἱερῶν
1139 915 1272 951 θεολόγων
1291 915 1471 952 παρείληφεν,
1491 915 1546 942 εἴτε
1561 915 1607 942 καὶ
1619 915 1651 942 ὲκ
1663 915 1713 950 τῆς
1723 916 1836 951 ἐπιπη-

1043 963 1155 999 μονικῆς
1166 962 1221 989 τῶν
1237 961 1335 996 λογίων
1355 962 1471 998 ἐρεύνης
1484 960 1666 997 συνεώρακεν,
1683 963 1716 988 ὲκ
1733 962 1837 998 πολλῆς

1040 1009 1090 1044 τῆς
1104 1009 1169 1044 περὶ
1181 1008 1252 1035 αὐτὰ
1270 1008 1425 1044 γυμνασίας
1438 1017 1468 1034 τε
1487 1010 1534 1034 καὶ
1547 1008 1655 1044 τριϐῆς,
1673 1009 1728 1035 εἴτε
1742 1009 1791 1035 καὶ
1805 1009 1837 1036 ἐκ
1850 1012 1859 1025 ⁵

1040 1063 1113 1086 τινος
1133 1054 1240 1090 ἐμυήθη
1263 1054 1403 1090 θειοτέρας
1420 1054 1572 1086 ἐπιπνοίας,
1587 1055 1616 1081 οὐ
1637 1054 1716 1090 μόνον
1731 1055 1836 1090 μαθὼν,

1041 1100 1109 1128 ἀλλὰ
1122 1101 1169 1127 καὶ
1184 1101 1280 1128 παθὼν
1291 1101 1326 1128 τὰ
1338 1101 1408 1127 θεῖα·
1429 1102 1484 1128 κὰκ
1496 1101 1545 1136 τῆς
1556 1101 1623 1136 πρὸς
1640 1101 1709 1128 αὐτὰ
1725 1110 1836 1138 συμπα-

1041 1146 1126 1179 θείας,
1139 1147 1164 1173 εί
1177 1146 1248 1173 οὕτω
1268 1147 1320 1183 χρὴ
1336 1147 1429 1181 φάναι,
1442 1146 1510 1183 πρὸς
1526 1147 1575 1183 τὴν
1590 1148 1731 1175 ἀδίδακτον
1744 1149 1837 1175 αὐτῶν

1023 1190 1028 1226 ί
1040 1194 1088 1221 καὶ
1103 1193 1237 1229 μυστικὴν
1249 1193 1441 1226 ἀποτελεσθεὶς
1454 1194 1551 1220 ἕνωσιν
1562 1195 1608 1221 καὶ
1616 1194 1715 1221 πίστιν.
1728 1195 1782 1221 Καὶ
1793 1196 1837 1222 ἵνα

1039 1240 1074 1267 τὰ
1091 1239 1176 1266 πολλὰ
1190 1239 1237 1266 καὶ
1259 1240 1383 1276 μακάρια
1403 1240 1528 1276 θεάματα
1540 1240 1590 1275 τῆς
1604 1241 1752 1276 κρατίστης
1763 1242 1837 1268 ὲκεί-

1039 1294 1085 1313 νου
1100 1285 1218 1317 διανοίας
1236 1286 1265 1312 ὲν
1285 1285 1437 1322 ἐλαχίστοις
1456 1286 1664 1323 παραθώμεθα,
1685 1287 1749 1314 τάδε
1771 1288 1838 1322 περὶ

1039 1331 1088 1358 τοῦ
1110 1330 1198 1367 Ἰησοῦ
1211 1340 1293 1367 φησιν
1305 1333 1335 1360 ἐν
1351 1333 1412 1365 ταῖς
1428 1333 1610 1369 συνηγμέναις
1628 1332 1703 1369 αὐτῷ
1716 1333 1838 1368 θεολογι-

1042 1379 1105 1411 καῖς
1116 1379 1313 1415 στοιχειώσεσι.

1047 1523 1102 1551 Τοῦ
1114 1523 1278 1559 ἀγιωτάτου
1297 1523 1440 1567 ἰεροθέου
1451 1523 1486 1551 ἐκ
1498 1524 1557 1552 τῶν
1567 1524 1746 1561 θεολογικῶν
1756 1533 1837 1552 στοι-

1356 1567 1516 1594 χειωσεων.

982 1630 1054 1668 §X.

233 1706 321 1734 Causa
345 1706 478 1739 omnium,
507 1710 534 1734 et
553 1714 613 1742 quae
628 1706 719 1735 omnia
743 1706 850 1742 implet,
870 1711 911 1734 est
925 1705 987 1734 Jesu
1003 1712 1024 1741 ο

198 1753 341 1786 divinitas,
357 1760 418 1788 qua:
440 1757 533 1780 servat
546 1757 637 1788 partes
660 1753 708 1780 toti
726 1753 948 1786 consentientes;
965 1758 994 1780 et

199 1806 287 1834 neque
299 1806 362 1834 pars
379 1806 465 1833 neque
481 1803 567 1826 totum
588 1804 641 1832 est,
664 1804 749 1827 etest
763 1803 849 1826 touun
869 1803 898 1826 et
918 1806 993 1834 pars,

199 1852 334 1883 quatenus
343 1854 425 1874 omne
440 1852 468 1875 et
484 1851 570 1875 totum
591 1852 618 1876 et
631 1851 735 1883 partem
759 1846 786 1874 in
807 1847 898 1881 seipsa
916 1853 993 1873 com-

200 1894 345 1929 prehendit
368 1899 397 1922 et
420 1894 600 1929 suprahabet,
624 1898 654 1922 et
683 1893 839 1921 antebabet.
866 1893 992 1920 Perfecta

198 1941 310 1976 quidem
337 1942 430 1968 estin
461 1941 639 1977 imperfectis,
671 1946 803 1976 tanquam
835 1941 993 1977 principalis

199 1994 283 2014 eausa
299 1987 492 2022 perfectionis;
520 1986 680 2022 imperlecta
700 1992 792 2014 autetn
810 1987 836 2014 in
854 1987 992 2021 lmrl‘ectis,

201 2039 331 2069 tanquam
355 2041 520 2069 supraquam
547 2033 668 2070 perfecta
699 2039 728 2062 et
761 2039 825 2062 ante
848 2034 991 2069 perlecta:

201 2080 289 2107 farina
306 2081 399 2107 innuat.
419 2079 543 2107 eﬂ‘ectrix
573 2080 599 2107 in
623 2080 657 2107 iis
684 2087 746 2114 qua:
771 2083 865 2107 carent
894 2078 992 2112 forma,

199 2131 331 2161 tanquam
359 2126 519 2161 principalis
543 2134 627 2154 causa
657 2127 765 2160 l‘ormaz;
788 2126 847 2154 siue
864 2125 949 2152 forma
965 2125 991 2151 in

202 2171 268 2205 ipsas
281 2171 387 2205 formis,
401 2177 494 2205 utpote
513 2179 594 2207 supra
611 2171 906 2218 lormamAsubstautia
927 2172 992 2198 totis

201 2217 363 2245 substantiis
381 2218 511 2245 insistens
540 2218 694 2253 impnllute,
717 2216 750 2245 et'
774 2217 809 2245 ab
826 2217 900 2244 omni
928 2216 992 2243 sub-

202 2264 301 2290 stantia
315 2272 396 2299 supra
411 2265 594 2292 substantiam
610 2266 765 2298 abstracta;
781 2268 836 2291 tota
859 2263 991 2299 principia

202 2314 231 2336 et
257 2309 368 2337 ordines
395 2311 540 2342 deﬁniens.
568 2318 650 2346 supra
678 2318 760 2338 omne
784 2310 949 2345 principium
965 2314 993 2336 ct

202 2363 312 2383 omnem
331 2357 455 2384 ordinem
487 2357 629 2384 collocata.
651 2356 754 2384 Rerum
781 2361 823 2383 est
846 2363 990 2387 mensura,

203 2402 388 2436 sacculumque
412 2407 441 2429 et
464 2410 547 2436 supra
562 2403 703 2436 saeculum,
723 2409 750 2430 et
770 2408 833 2430 ante
849 2402 991 2433 sacculum;
1008 2391 1030 2418 D

204 2449 281 2484 plena
304 2454 346 2476 est
362 2449 389 2476 in
412 2449 446 2476 iis
466 2456 527 2483 quae
545 2454 643 2484 egent,
662 2449 689 2476 in
706 2449 740 2476 iis
755 2456 815 2484 qua:
828 2449 906 2483 plena
930 2453 998 2484 suntg

203 2496 351 2528 exuberat;
377 2494 523 2523 ineﬂabilis
546 2500 589 2523 est
613 2501 641 2523 et
665 2495 882 2529 inexplicabilis.
911 2487 998 2529 supra‘

205 2550 329 2575 senSum,
344 2549 424 2576 supra
439 2542 535 2574 vitam,
550 2550 632 2577 supra
647 2542 841 2573 substantiam,
862 2548 1000 2582 superuaq

206 2590 330 2616 turaliter
355 2589 438 2616 habet
460 2588 746 2623 supernaturaliuttem
762 2608 770 2620 ,
795 2592 822 2616 ct
846 2587 994 2623 supersth-

206 2635 368 2664 stantialiter
390 2635 571 2664 substantiam
595 2635 714 2663 excedit.
742 2633 830 2668 Unde,
861 2634 989 2670 quoniam

1082 1705 1115 1732 Ἥ
1131 1705 1239 1734 πάντων
1257 1704 1341 1736 αἰτία,
1352 1704 1399 1731 καὶ
1412 1703 1637 1740 ἀποπληρωτικὴ,
1649 1703 1697 1730 τοῦ
1716 1703 1804 1739 Ἰησοῦ
1814 1704 1835 1720 ¹⁶

1045 1751 1152 1788 θεὸτης,
1165 1752 1182 1787 ἠ
1196 1751 1231 1778 τὰ
1251 1751 1322 1787 μέρη
1339 1753 1374 1787 τῇ
1389 1751 1496 1786 όλότητι
1511 1751 1645 1786 σύμφωνα
1665 1750 1835 1783 διασώζουσα

1045 1798 1093 1825 καὶ
1104 1797 1166 1824 οὗτε
1181 1797 1263 1834 μέρος
1275 1796 1337 1823 οὔτε
1349 1796 1410 1824 ὅλον
1420 1794 1497 1828 οὖσα,
1508 1796 1555 1823 καὶ
1566 1796 1625 1823 ὅλον
1636 1795 1683 1822 καὶ
1697 1795 1790 1832 μέρος,
1799 1795 1837 1827 ὡς

1044 1845 1099 1871 πᾶν
1122 1844 1170 1871 καὶ
1194 1843 1276 1879 μέρος
1296 1843 1345 1870 καὶ
1363 1842 1423 1870 ὅλον
1439 1843 1468 1870 ὲν
1487 1843 1568 1878 ἑαυτῇ
1589 1842 1776 1878 συνειληφυῖα,
1791 1842 1839 1869 καὶ

1045 1890 1219 1927 ὑπερέχουσα
1231 1909 1239 1922 ,
1260 1890 1307 1917 καὶ
1323 1889 1495 1926 προέχουσα,
1507 1889 1598 1916 τελεία
1614 1889 1663 1924 μὲν
1675 1889 1696 1904 ¹⁷
1717 1888 1792 1916 ἔστιν
1809 1890 1839 1916 ἐν

1043 1939 1100 1970 τοῖς
1107 1937 1241 1970 ἀτελέσιν,
1249 1936 1287 1969 ὼς
1294 1937 1460 1972 τελετάρχις·
1470 1936 1567 1972 ἀτελὴς
1574 1936 1602 1963 δὲ
1610 1937 1640 1963 ὲν
1646 1937 1703 1968 τοῖς
1711 1935 1838 1968 τελείοις,

1045 1983 1084 2016 ὡς
1096 1983 1247 2019 ὑπερτελὴς
1265 1983 1312 2010 καὶ
1325 1982 1490 2019 προτέλειος·
1504 1980 1573 2014 εἶδος
1586 1982 1719 2009 είδοποιὺν
1731 1982 1762 2009 ἐν
1781 1983 1840 2014 τοῖς

1043 2030 1183 2062 ἀνειδέοις,
1196 2030 1235 2061 ὡς
1253 2030 1399 2066 εἰδεάρχις,
1420 2029 1539 2061 ὰνείδεος
1556 2030 1585 2056 ὲν
1604 2030 1661 2060 τοῖς
1674 2028 1785 2061 εἴδεσιν,
1800 2029 1840 2061 ὡς

1044 2077 1116 2113 ὑπὲρ
1128 2074 1209 2108 εἶδος·
1221 2076 1300 2103 οὐσία
1312 2077 1372 2108 ταῖς
1388 2075 1462 2108 ὅλαις
1473 2075 1578 2107 οὐσίαις
1591 2075 1732 2110 ἀχράντως
1744 2075 1766 2091 ¹³
1775 2076 1839 2102 ἐπι-

1044 2122 1204 2155 σατεύουσα,
1215 2122 1263 2149 καὶ
1271 2122 1442 2158 ὑπερούσιος,
1452 2122 1560 2156 ἁπάσης
1568 2121 1660 2153 οὐσίας
1667 2120 1752 2157 ὲξῃρη
1757 2121 1839 2157 μένη,

1042 2170 1092 2202 τὰς
1104 2170 1168 2201 ὅλας
1182 2169 1269 2205 ἀρχὰς
1280 2169 1328 2196 καὶ
1340 2168 1431 2202 τάξεις
1444 2167 1619 2205 ἀφορίζουσα,
1628 2168 1676 2194 καὶ
1688 2168 1779 2204 πάσης
1790 2168 1842 2204 ἀρ-

1043 2217 1095 2252 χῆς
1108 2217 1156 2243 καὶ
1167 2215 1272 2248 τάξεως
1288 2215 1502 2252 ὐπεριδρυμένη.
1520 2215 1576 2242 Καὶ
1589 2215 1687 2251 μέτρον
1706 2215 1766 2242 ἐστὶ
1784 2215 1842 2243 τῶν

1042 2263 1137 2296 ὅντων,
1161 2263 1209 2289 καὶ
1228 2261 1307 2295 αἰὼν,
1323 2263 1370 2289 καὶ
1388 2263 1459 2298 ὑπὲρ
1481 2261 1577 2294 αίῶνα,
1592 2262 1638 2288 καὶ
1651 2262 1705 2298 πρὸ
1727 2262 1839 2296 αἰῶνοςο

1043 2309 1149 2346 πλήρης
1160 2310 1181 2326 ¹⁹
1195 2311 1224 2336 ὲν
1237 2310 1293 2342 τοῖς
1312 2309 1440 2336 ἐνδεέσιν·
1458 2308 1582 2345 ὐπερπλή
1588 2318 1637 2344 ρης
1649 2310 1679 2335 ὲν
1691 2310 1749 2341 τοῖς
1769 2310 1843 2346 πλή-

1045 2365 1118 2393 ρεσιν
1127 2357 1160 2388 ”,
1174 2357 1302 2393 ἇρῤητος,
1315 2355 1476 2391 ἄφθεγκτος,
1497 2355 1567 2392 ὑπὲρ
1581 2355 1653 2387 νοῦν,
1666 2356 1737 2392 ὑπὲρ
1754 2355 1840 2393 ζωὴν,

1045 2403 1115 2439 ὑπὲρ
1126 2402 1229 2430 οὐσίαν·
1242 2402 1388 2438 ὑπερφυῶς
1402 2402 1457 2438 ἔχει
1469 2402 1500 2429 τὺ
1510 2403 1655 2437 ὑπερφυὲς,
1669 2403 1841 2440 ὑπερουσίως

1043 2449 1074 2476 τὸ
1081 2448 1344 2485 ὑπεροὺσιονὴὍθεν
1351 2448 1444 2484 ἐπειδὴ
1452 2449 1499 2475 καὶ
1509 2448 1562 2480 ἕως
1571 2448 1678 2483 φύσεως
1686 2450 1707 2465 ²¹
1716 2449 1770 2476 ὑπὸ
1776 2451 1840 2485 φιλ-

1046 2494 1202 2531 ανθρωπίας
1210 2496 1232 2511 ’³
1247 2494 1369 2530 ἐλήλυθε,
1389 2493 1436 2520 καὶ
1449 2494 1557 2530 άληθῶς
1568 2494 1697 2531 οὺσιώθη,
1710 2498 1757 2522 καὶ
1768 2496 1840 2532 ἀνὴρ

1044 2541 1060 2567 ὁ
1071 2540 1204 2576 ὐπέρθεος
1217 2540 1402 2577 ἐχρημάτισεν
1416 2539 1490 2575 (ἵλεω
1501 2540 1529 2567 δὲ
1542 2540 1585 2576 εἴη
1598 2541 1632 2568 τά
1645 2542 1713 2577 πρὸς
1725 2542 1805 2578 ἡμῶν
1815 2543 1838 2558 ’³

1045 2588 1080 2614 τὰ
1092 2587 1161 2623 ὑπὲρ
1174 2586 1236 2614 νοῦν
1248 2587 1295 2613 καὶ
1308 2586 1385 2620 λόγον
1399 2586 1575 2622 ὑμνούμενα)’
1588 2588 1640 2614 κὰν
1657 2588 1762 2620 τούτοις
1780 2588 1838 2624 ἔχει

1044 2634 1076 2661 τὸ
1086 2633 1223 2669 ὑπερφυὲς
1236 2633 1283 2659 καὶ
1295 2632 1467 2669 ὑπερούσιον,
1480 2633 1510 2660 οὺ
1525 2633 1605 2669 μόνον
1618 2631 1634 2672 ᾖ
1650 2634 1837 2666 ἀναλλοιώτως

844 2735 964 2763 VARUS
984 2734 1192 2763 LECTIONES.

244 2820 267 2836 ¹³
279 2818 467 2856 παραδέδοταισ
481 2818 618 2856 ἀγνοεῖται
683 2815 713 2845 S.
725 2816 775 2856 _“‘
786 2814 978 2856 ξπεςιτορεύετο,

207 2856 307 2887 τελεία,
321 2851 351 2883 ἰ).
388 2856 409 2891 [⁸
420 2851 620 2891 ἁχράνὲοιςηθί.
699 2889 704 2891 _
723 2852 750 2891 "_
758 2851 933 2891 καί-πλήρης,

1756 2813 1777 2829 ⁸⁷
1791 2813 1839 2840 καὶ

1047 2814 1075 2841 S.
1117 2814 1138 2830 ”
1153 2814 1276 2850 ὑμνεῖται
1287 2835 1294 2846 ,
1310 2814 1339 2842 S.
1356 2814 1401 2842 Sc.
1450 2813 1472 2830 ¹⁶
1482 2812 1613 2844 τοῦΥἷοῦ,
1628 2811 1656 2839 S.
1674 2810 1705 2839 Ρ.
1756 2813 1777 2829 ⁸⁷
1791 2813 1839 2840 καὶ

1061 2850 1083 2867 ¹⁰
1098 2849 1227 2883 πλήθεσιν
1237 2869 1244 2881 ,
1268 2851 1302 2876 Μ.
1325 2851 1370 2878 Sc.
1404 2849 1426 2865 ¹¹
1440 2848 1526 2883 ἡμῶν.
1566 2850 1588 2865 ’⁸
1602 2847 1672 2883 ὑπὲρ
1686 2847 1839 2883 φιλανθρωι

1602 2858 1672 2876 υπεμ
1686 2858 1766 2876 φιΛαν

1061 2850 1083 2867 ¹⁰
1098 2848 1244 2885 πλήθεσιν,
1268 2851 1313 2885 Ma
1325 2851 1370 2878 Sc.
1404 2849 1426 2865 ἰ
1440 2848 1526 2884 ἡμῶν.

209 2892 284 2923 πίας,
298 2884 332 2918 it.
344 2891 372 2919 s.
391 2890 420 2918 Ρ.
437 2884 483 2907 “ﬂ
496 2884 600 2918 ῖλειιῖδδ
612 2888 680 2925 πρὸς
696 2887 782 2930 ἡμῷν,
798 2887 827 2915 ιν.
842 2884 880 2914 τὰ
891 2884 942 2915 non
954 2887 1054 2914 habent
1066 2884 1164 2921 pra‘tcr
1176 2885 1205 2912 ι».
1216 2884 1240 2912 ιι
1263 2885 1291 2913 s.
1305 2884 1336 2912 ο.
