1929 3068
191 147 241 175 651
775 143 802 172 S.
823 141 973 171 DIONYSII

1028 143 1219 171 iEOPAGITIE

1766 147 1819 176 652

184 206 285 232 citatus
296 209 347 236 est,
366 207 394 231 et
408 203 456 230 lux
472 207 515 230 est
527 192 639 234 'mundi,
655 201 712 229 hinc
726 200 753 227 in
773 200 902 236 Epistolis
920 201 973 228 suis

1028 202 1070 233 εἰς
1088 201 1191 227 αὐτόν·
1206 201 1253 227 καὶ
1265 200 1308 233 εἷς
1321 201 1427 234 Κύριος
1445 201 1563 235 Ἰησοῦς
1579 203 1715 237 Χριστὸς,
1729 204 1765 230 δι’
1782 205 1819 232 οὗ

185 251 278 278 divino
296 250 412 277 Numine
428 249 534 276 alllatus
555 248 651 275 scribit
668 257 676 276 :
701 247 771 274 Nam
786 247 834 274 eisi
853 251 914 274 sunt
931 247 976 282 qui

183 298 309 324 dicamur
335 296 385 329 dii,
412 297 466 323 sive
486 295 515 322 in
531 294 606 327 cazlo,
621 291 674 321 sive
697 295 725 320 in
748 298 819 320 terra
836 293 976 328 (siquidem

183 348 244 370 sunt
258 343 296 370 dii
318 341 406 374 multi,
425 345 450 368 et
473 340 577 368 domini
597 339 696 375 multi),
709 340 782 366 nobis
804 344 891 366 tamen
906 347 974 366 unus

185 389 255 416 Deus
272 388 366 421 Pater,
386 395 419 414 ea:
432 395 483 422 quo
504 386 604 418 omnia,
620 391 645 412 et
665 394 712 412 nos
731 386 761 412 in
775 386 849 420 ipso;
863 389 887 412 et
905 393 973 411 unus

186 434 312 461 Dominus
332 433 410 460 Iesus
432 431 565 464 Christus,
588 439 635 466 per
658 438 734 466 quem
759 431 860 463 omnia,
883 435 907 457 et
928 438 975 458 nos

183 487 229 513 per
243 480 327 514 ipsum
346 479 370 506 ⁸.
385 478 490 504 Etenim
511 477 537 504 in
551 476 652 504 divinis
669 476 750 503 rebus
767 476 880 503 uniones
893 483 974 511 supe-

187 530 249 553 rant
263 524 465 558 distinctiones,
491 528 520 551 ct
541 523 719 556 antecedunt,
735 522 872 556 nihiloque
886 522 974 549 minus

185 578 276 601 tamen
292 573 374 600 etiam
387 571 541 605 conjuncta:
554 575 618 598 sunt
631 575 692 604 post
705 569 784 596 unius
797 576 850 595 non
870 568 974 596 abeun-

185 625 240 647 tem
254 618 474 654 singularemque
492 615 707 645 distinctionem.
723 614 778 642 llas
793 615 885 649 itaque
898 622 974 641 com-

184 673 281 693 munes
307 664 454 699 unitasque
478 663 561 691 totius
590 661 742 689 divinitatis
768 661 972 692 distinctiones,

183 712 243 739 sive
259 710 395 738 heneticas
409 709 606 741 emanationes,
628 715 662 734 ex
686 706 843 734 nominibus
862 707 970 740 divinis,

1029 247 1065 273 τὰ
1080 246 1187 278 πάντα,
1203 247 1251 273 καὶ
1267 246 1353 281 ἡμεῖς
1369 246 1407 272 δι’
1427 247 1530 274 αὑτοῦ.
1552 249 1607 274 Καὶ
1627 248 1681 284 γὰρ
1701 250 1747 276 ἐπὶ
1764 251 1820 277 τῶν

1029 291 1108 318 θείων
1128 293 1156 318 αἱ
1177 292 1287 324 ἐνώσεις
1302 291 1357 318 τῶν
1379 292 1542 327 διακρίσεων
1563 293 1754 330 ἐπικρατοῦσι,
1772 296 1819 322 καὶ

1029 338 1260 373 προκατάρχουσι,
1274 338 1320 364 καὶ
1333 337 1410 364 οὐδὲν
1420 335 1500 374 ἧττόν
1512 340 1584 367 ἐστιν
1594 342 1720 376 ἡνωμένα
1727 342 1761 358 ⁸⁷⁸
1773 343 1820 369 καὶ

1030 384 1099 419 μετὰ
1106 384 1156 419 τὴν
1163 383 1211 410 τοῦ
1223 384 1282 416 ἑνὸς
1294 384 1488 420 ἁνεκφοίτητον
1499 386 1545 412 καὶ
1558 387 1661 414 ἑνιαίαν
1671 388 1817 425 διάκρισιν.

1029 429 1136 461 Ταύτας
1149 431 1229 465 ἡμεῖς
1243 429 1292 462 τὰς
1307 430 1398 462 κοινὰς
1411 432 1458 457 καὶ
1469 432 1611 467 ήνωμένας
1624 433 1673 469 τῆς
1685 434 1749 470 ὅλης
1763 435 1820 462 θεό-

1028 484 1108 511 τητος
1124 475 1284 511 διακρίσεις,
1297 477 1346 503 εἴτ’
1359 475 1406 504 οὖν
1416 478 1618 514 ἀγαθοπρεπεῖς
1633 480 1772 515 προόδους,
1786 482 1818 508 ἐκ

1027 519 1081 545 τῶν
1093 520 1282 555 ἐμφαινουσῶν
1295 521 1316 536 ³⁸
1343 522 1426 555 αὑτὰς
1439 524 1468 549 ὲν
1481 525 1538 555 τοῖς
1549 523 1647 558 λογίοις
1659 525 1816 561 θεωνυμιῶν

1028 567 1147 602 ὑμνῆσαι
1158 567 1229 593 κατὰ
1240 567 1270 594 τὸ
1283 568 1395 595 δυνατὸν
1408 570 1605 605 πειρασόμεθα,
1621 571 1715 598 τούτου
1730 571 1816 599 καθά-

1028 622 1082 649 περ
1095 613 1201 649 εἴρηται
1213 614 1478 650 προδιεγνωσμένου,
1490 616 1537 642 τοῦ
1552 618 1641 644 πᾶσαν
1653 617 1817 654 ἀγαθουργι-

1028 660 1078 695 κὴν
1087 659 1108 675 ⁸³
1123 659 1286 696 θεωνυμίαν,
1304 662 1347 696 ἐφ’
1359 658 1432 698 ᾗπερ
1445 661 1478 689 ἂν
1490 661 1585 697 κέηται
1595 663 1649 690 τῶν
1663 664 1817 700 θεαρχικῶν

1032 705 1232 739 Ὑποστάσεων,
1247 707 1293 733 ἐπὶ
1304 707 1355 742 τῆς
1367 707 1431 744 ὅλης
1441 707 1524 744 αὐτὴν
1536 709 1702 745 ἐκληφθῆναι
1712 710 1818 746 θεαρχι-

184 765 245 793 qua:
257 757 318 785 illas
339 756 364 783 in
384 755 499 791 eloquiis
526 754 678 785 declarant,
703 760 752 788 pro
778 753 850 780 virili
877 757 970 780 nostra

1028 752 1075 788 κῆς
1083 752 1105 768 ⁸ο
1115 753 1240 789 ὁλότητος
1251 754 1478 790 ἀπαρατηρήτως.

184 808 262 840 parte
287 803 428 832 celebrare
452 802 629 834 conabimur;
657 801 680 828 si
716 801 767 828 hoc
795 802 925 835 primum,
947 800 985 827 uti
1018 800 1119 828 dictum
1148 807 1199 833 est,
1227 802 1408 829 constitutum
1432 802 1526 835 fuerit,
1549 803 1699 831 benelicum
1737 811 1818 833 omne

183 850 266 886 324
284 857 382 878 nomen
408 849 466 882 Dei,
490 849 643 884 cuicunque
666 849 818 876 divinarum
843 847 1025 875 Personarum
1049 847 1206 883 impositum
1237 849 1331 883 fuerit,
1362 851 1421 878 sine
1439 851 1597 879 discrimine
1624 852 1651 879 in
1670 852 1734 880 ‘tota
1757 852 1815 887 ipsa

183 899 275 926 divina
291 897 424 925 Trinitate
436 897 535 931 accipi.

980 969 1020 978 _..

765 1030 1033 1059 ADNOTATIONES
1056 1030 1230 1059 CORDERll.

218 1139 271 1167 Pro
286 1139 422 1168 exactiori
437 1138 517 1174 hujus
536 1139 633 1175 capitis
658 1138 847 1175 intelligentia,
876 1139 993 1166 maxime
1018 1137 1032 1174 §
1053 1138 1074 1171 Ι,
1099 1138 1160 1166 vide
1183 1133 1245 1174 quae
1271 1137 1299 1165 in
1322 1137 1565 1167 Observationibus
1591 1137 1811 1175 generalioribus

219 1147 271 1167 vro
286 1147 422 1168 exactiori
437 1147 517 1174 nutus
536 1147 633 1201 (ηιξκιε
658 1147 683 1166 in

183 1174 254 1202 dicta
269 1180 342 1208 sunt,
356 1175 550 1203 observatione
576 1175 580 1179 '
595 1179 622 1202 et
638 1174 683 1201 l0.

220 1209 270 1238 Ubi
287 1210 352 1237 item
370 1215 445 1243 nota,
462 1218 515 1237 non
532 1214 635 1236 tantum
652 1210 783 1237 attributa
805 1209 961 1237 essentialia
976 1210 1025 1236 toti
1042 1208 1170 1236 Trinitati
1186 1213 1353 1243 competere,
1368 1216 1462 1245 verum
1480 1210 1562 1237 etiam
1582 1210 1703 1243 nomina,
1716 1216 1775 1245 qua:
1795 1216 1811 1235 a

182 1252 275 1272 rerum
289 1249 443 1272 creatarum
466 1244 653 1280 productione,
678 1246 885 1273 conservatione
906 1252 938 1272 ac
952 1244 1149 1280 gubegnatione
1165 1244 1307 1278 desumpta
1328 1249 1404 1271 sunt.
1427 1244 1606 1279 Operationes
1630 1246 1714 1276 enim,
1743 1251 1812 1278 quas

183 1281 217 1306 ad
232 1285 314 1315 extrui
325 1280 441 1315 theologi
456 1279 566 1312 vocant,
581 1287 740 1308 communes
753 1285 816 1307 sunt
831 1279 1011 1315 sanctissume
1024 1279 1162 1310 Trinitati,
1178 1284 1261 1314 atque
1277 1280 1324 1306 uni
1345 1279 1484 1307 Divinitati
1501 1280 1620 1307 omnium
1634 1280 1773 1315 creatrici.

213 1314 232 1350 δ
249 1314 280 1341 ιι.
302 1314 336 1342 Et
352 1315 403 1342 nisi
419 1314 462 1342 illi
485 1323 555 1341 cura:
576 1315 612 1350 sit
623 1315 712 1342 divina
728 1323 866 1343 sacrarum
883 1314 1044 1342 Litterarum
1059 1315 1200 1348 sapientia,
1213 1322 1268 1350 etc.
1294 1315 1362 1341 Hinc
1379 1315 1447 1341 bene
1473 1315 1570 1349 probat
1592 1315 1671 1342 divus
1691 1314 1811 1341 Thomas

182 1349 269 1385 prima
287 1356 375 1384 parte,
390 1355 486 1385 quiest.
503 1350 547 1381 32,
563 1349 641 1377 artic.
661 1351 686 1383 l,
713 1350 739 1377 in
762 1358 876 1385 corpore
893 1359 900 1377 :
919 1350 1047 1385 mysteria
1061 1350 1183 1384 quantam
1206 1349 1268 1377 ﬁdei
1292 1350 1406 1377 rationis
1431 1355 1538 1384 captum
1554 1350 1723 1382 excedentia,
1740 1357 1812 1376 non-

183 1384 236 1412 iiisi
250 1392 284 1411 ex
296 1384 445 1419 Scripturis
458 1393 504 1413 seu
518 1385 616 1413 divinis
631 1384 844 1413 revelationibiis
859 1384 988 1420 cognosci
1001 1392 1091 1419 posse.
1108 1385 1159 1418 Qui
1176 1385 1259 1416 enim,
1277 1385 1375 1420 inquit,
1392 1386 1507 1412 naturali
1526 1386 1631 1412 ratione
1645 1385 1808 1411 Trinitatem

182 1420 260 1447 verbi
275 1420 374 1455 gratia,
391 1422 507 1455 probare
520 1421 625 1453 nititur,
646 1420 669 1447 is
685 1420 748 1448 ﬁdei
767 1419 910 1455 dupliciter
935 1421 1059 1454 derogat.
1084 1420 1177 1448 Primo
1198 1419 1460 1454 quidem’quantuni
1483 1421 1516 1447 ad
1537 1420 1697 1455 dignitatem
1723 1419 1810 1453 ipsius

181 1455 255 1487 ﬁdei,
279 1463 340 1490 quae
362 1457 392 1482 in
405 1457 456 1484 hoc
476 1456 609 1488 consistit,
631 1461 660 1482 ut
681 1457 717 1482 sit
740 1456 773 1483 de
796 1456 876 1483 rebus
894 1455 1075 1482 invisibilibus
1090 1463 1149 1490 qua:
1168 1456 1314 1482 humanam
1332 1456 1465 1482 excedant
1482 1456 1626 1482 rationein.
1645 1455 1720 1483 Unde
1736 1455 1810 1488 Apo—

182 1489 267 1526 stolus
282 1491 360 1523 dicit,
377 1491 456 1518 ﬁdem
476 1498 538 1518 esse
559 1491 593 1518 de
611 1498 664 1517 non
685 1491 892 1526 apparentibus;
909 1495 936 1518 et
949 1490 1013 1518 alibi
1029 1499 1036 1517 :
1054 1489 1226 1524 Sapientiam,
1245 1491 1350 1526 inquit,
1371 1490 1503 1524 loquimur
1521 1491 1590 1517 inter
1605 1490 1751 1524 perfectos;
1765 1498 1811 1526 sa-

180 1525 307 1558 pientiam
329 1534 388 1552 vero
411 1534 463 1553 non
485 1526 564 1560 hujus
587 1526 687 1559 sitculi,
705 1525 785 1561 neque
804 1527 954 1560 principum
973 1525 1053 1560 hujus
1066 1526 1167 1558 sa'culi,
1181 1526 1226 1553 sed
1240 1525 1373 1560 loquimur
1385 1526 1432 1552 Dei
1451 1525 1609 1559 sapientium
1625 1526 1653 1551 in
1671 1525 1808 1559 mysterio,

180 1567 239 1594 quis:
253 1560 408 1588 abscondita
432 1567 468 1588 est
488 1561 513 1588 ιι.
546 1561 691 1592 Secundo,
716 1560 849 1596 quantum
875 1562 910 1588 ad
928 1561 1071 1588 utilitatem
1089 1561 1211 1588 trahendi
1232 1561 1300 1588 alios
1320 1561 1354 1587 ad
1379 1561 1470 1587 iidem.
1488 1560 1554 1587 Cum
1569 1562 1640 1587 enim
1657 1560 1756 1596 aliquis
1774 1561 1809 1587 ad

181 1596 348 1628 probandam
371 1596 449 1623 [idem
481 1596 630 1623 introducit
658 1596 778 1624 rationes
792 1603 853 1631 quae
867 1604 921 1624 non
936 1600 1000 1623 sunt
1019 1600 1156 1631 urgentes,
1183 1596 1209 1623 in
1233 1596 1390 1624 irrisionem
1413 1596 1486 1622 cedit
1503 1596 1668 1628 iiilidclium;
1691 1595 1809 1622 credunt

180 1631 253 1657 enim
269 1632 342 1665 quod
359 1631 513 1665 hujusmodi
542 1631 692 1658 rationibus
717 1631 876 1664 innitamur,
901 1636 929 1659 et
951 1636 1063 1666 propter
1083 1638 1130 1658 eas
1148 1632 1302 1659 credamus.
1322 1631 1387 1664 Quae
1401 1631 1560 1666 igitiiijﬁdei
1579 1636 1654 1663 sunt,
1677 1638 1730 1657 non
1745 1634 1810 1657 sunt

180 1666 317 1699 probanda
337 1666 389 1694 nisi
414 1675 462 1701 per
489 1667 668 1694 auctoritates
691 1667 733 1693 his
744 1667 790 1701 qui
806 1665 985 1694 auctoritates
1001 1665 1168 1701 suscipiunt;
1187 1666 1257 1700 apud
1278 1667 1345 1693 alios
1367 1665 1431 1693 vero
1446 1665 1546 1693 sullicit
1572 1667 1734 1698 defendere,
1753 1672 1808 1692 non

181 1708 243 1736 este
262 1700 429 1736 impossibile
442 1702 468 1729 id
482 1703 555 1736 quod
571 1701 637 1729 lides
654 1700 792 1735 praedicat.
807 1702 844 1728 lla
861 1706 971 1729 sanctus
995 1700 1140 1736 Dionysius
1153 1702 1205 1729 hoc
1219 1701 1288 1735 loco,
1303 1707 1331 1729 et
1350 1708 1381 1728 ex
1399 1708 1431 1728 eo
1448 1702 1527 1729 divus
1540 1700 1670 1729 Thomas.

217 1735 232 1772 ς
245 1735 288 1772 ll_l.
310 1736 377 1763 Nota
389 1735 498 1764 nomina
510 1736 542 1763 τὸ
555 1736 753 1772 ὑπεράγαθον,
771 1736 804 1763 τὸ
820 1737 973 1771 ὑπέρθεον,

1036 1735 1293 1772 θεὶνειῳνιι-Ιγοηυηι,
1309 1736 1499 1771 supra-Deum,
1516 1742 1582 1769 etc.,
1594 1736 1711 1771 (Ιὶοὶτῆς
1719 1737 1810 1769 ὑπερ-

180 1770 287 1804 οχὶκῆς
299 1772 492 1806 ἀφαιρέσεως,
507 1773 532 1799 id
548 1777 590 1799 est
602 1770 744 1799 oblationis
759 1774 903 1799 secundant
918 1770 1141 1806 exsuperantiam,
1157 1772 1220 1806 quia
1238 1770 1375 1798 lolluiit'in
1390 1773 1444 1798 Deo
1463 1773 1611 1798 bonitatem
1629 1779 1762 1804 creatam,
1779 1775 1809 1798 et

183 1808 305 1842 tribuunt
320 1813 526 1842 exsuperantem
541 1812 568 1834 et
592 1808 756 1840 superlatam
769 1808 935 1841 bonitatem,
959 1808 1064 1834 scilicet
1085 1807 1247 1839 inci-catam,
1271 1815 1330 1841 qua:
1350 1807 1434 1834 vincit
1449 1806 1557 1834 ouin'em
1576 1807 1761 1842 cognitionem
1772 1812 1807 1833 Aet

182 1841 399 1877 intelligentiam.
416 1843 481 1869 Vide
497 1843 701 1869 observationes
713 1842 729 1868 4
744 1847 772 1869 et
782 1843 799 1870 9
811 1843 962 1877 generales.

216 1875 283 1913 Nota
300 1877 411 1910 ibidem,
428 1877 466 1904 Τὰ
481 1877 514 1904 δὲ
529 1877 738 1913 διακεκριμένα
753 1877 786 1903 τὸ
802 1875 918 1912 Πατρός
934 1879 973 1905 ὑπ

1028 1877 1117 1905 timor
1133 1878 1226 1913 ὄνομα
1239 1878 1287 1905 καὶ
1299 1877 1400 1913 χρῆμα
1413 1886 1422 1906 :
1437 1879 1550 1905 discreta
1569 1885 1626 1905 vero
1637 1881 1698 1905 sunt
1716 1876 1808 1904 Patris

180 1912 350 1949 substantialis
364 1918 491 1949 rionieiiel
509 1920 560 1941 res.
585 1911 688 1949 Nomen
711 1911 918 1949 Pati-is,.iiiquit
941 1913 1093 1940 Turrianus
1116 1911 1466 1949 (52),»siipras’ubsiantiam
1488 1913 1564 1946 dicit,
1581 1913 1643 1947 quia
1659 1913 1685 1939 in
1704 1913 1808 1949 divinis

181 1954 235 1974 non
249 1947 385 1984 signilicat
400 1948 477 1975 nobis
501 1955 598 1974 nomen
623 1947 713 1984 Patris
735 1953 781 1975 aut
803 1945 876 1982 Filii;
900 1948 1014 1983 quodin
1036 1945 1375 1984 creaturisintelligimus,
1393 1956 1523 1984 personas
1539 1945 1645 1975 Scilicet
1658 1955 1687 1974 re
1701 1953 1729 1974 et
1741 1947 1808 1984 sub:

180 1983 282 2018 stantia
296 1988 446 2016 separatas.
465 1984 530 2009 Item
550 1991 614 2010 vero
635 1983 723 2010 Patris
741 1989 820 2010 vocat
836 1992 890 2010 non
906 1984 993 2018 ipsam
1009 1984 1201 2016 substantiam,
1215 1983 1341 2018 quie’uiia
1358 1983 1400 2011 esi
1419 1990 1447 2012 et
1463 1985 1557 2010 eadem
1585 1983 1611 2009 in
1633 1983 1729 2014 tribus,
1747 1983 1808 2018 [sed

181 2025 238 2044 rein
252 2011 351 2051 Patris,
366 2023 393 2044 et
409 2026 465 2046 rem
485 2018 558 2052 Filii,
570 2023 599 2045 et
620 2026 677 2046 rem
701 2018 818 2052 Spiritus
836 2011 924 2046 sancti
939 2023 1018 2045 vocat
1038 2011 1231 2053 proprietates,-
1245 2027 1304 2053 qua:
1316 2020 1342 2046 in
1360 2011 1459 2046 divinis
1470 2019 1598 2047 Pet-sonis
1609 2011 1732 2046 ordinem
1747 2011 1808 2044 'ori-

179 2053 252 2087 ginis
268 2053 333 2089 rsivc
358 2054 482 2088 principii
499 2053 631 2081 intereas
651 2054 810 2088 designant;
838 2055 910 2081 unde
934 2054 1086 2081 iiotionales
1109 2055 1291 2089 proprietates
1315 2056 1373 2082 sive
1392 2060 1470 2082 actus
1497 2054 1635 2085 dicuntur,
1658 2053 1721 2087 quia
1743 2057 1808 2079 sunt.

181 2088 291 2123 proprie
306 2090 431 2124 notiones
445 2090 504 2124 sive
522 2089 730 2124 designationes,
740 2096 930 2122 personarum,
951 2094 984 2123 ut.
1000 2088 1139 2123 propritim
1157 2088 1249 2116 Patris
1268 2095 1309 2118 est
1333 2097 1465 2124 generare
1491 2088 1600 2122 Filium,
1625 2088 1734 2124 propria
1762 2092 1809 2115 est

180 2123 308 2160 iiativitas
324 2123 431 2160 Filii‘ex
445 2123 537 2155 Patre,
559 2129 586 2151 et
597 2125 706 2160 propria
719 2123 837 2158 Spiritus
852 2125 939 2152 sancti
961 2126 1102 2158 processio
1118 2132 1151 2151 ex
1169 2132 1222 2151 uno
1241 2123 1377 2160 principio
1393 2125 1473 2152 Patre
1488 2123 1614 2157 ct.l“ilio;
1636 2125 1692 2150 hinc
1708 2123 1808 2160 dicun-

180 2163 224 2185 tur
238 2157 332 2186 Griece
343 2158 479 2194 χρήματα
489 2157 677 2194 τ-νωριστικᾶ,
691 2158 716 2186 id
732 2157 783 2195 est,
799 2168 839 2186 res
855 2161 913 2186 sive
926 2157 1002 2185 actus
1016 2160 1173 2195 (talionales.
1190 2157 1341 2192 Ιιθεύηίιιιξ
1356 2166 1491 2195 quatenus
1511 2160 1627 2193 pertinet
1639 2159 1680 2195 ad
1696 2158 1808 2195 relatio-

180 2201 255 2230 nem»,
269 2201 386 2230 numero
402 2193 521 2229 plurium
538 2194 702 2228 praedicatur
715 2195 743 2222 in
758 2194 876 2227 divitiis;
893 2200 1003 2221 sanctus
1019 2194 1139 2222 Thomas
1149 2196 1238 2230 prima
1253 2201 1340 2230 parte,
1360 2193 1457 2230 quaest.
1473 2195 1517 2226 59,
1535 2195 1614 2230 artic.
1638 2194 1666 2226 5,
1682 2193 1759 2230 ad}.
1778 2195 1807 2220 In

179 2228 224 2255 bis
240 2228 323 2263 igitur
337 2237 391 2256 non
406 2228 449 2257 est
463 2230 653 2264 reciprocatio,
673 2237 762 2265 neque
774 2230 966 2262 communitas,
984 2237 1033 2257 nec
1047 2231 1074 2256 in
1091 2228 1159 2264 ipsis
1182 2228 1339 2258 nominibus
1361 2228 1462 2259 Patris.
1485 2236 1513 2257 et
1533 2229 1607 2261 Filii,
1625 2234 1660 2258 et
1685 2228 1806 2265 Spiritus

180 2269 279 2296 sancti,
293 2271 344 2291 nec
358 2265 385 2291 in
403 2272 497 2292 eorum
513 2266 605 2297 rebus,
622 2265 649 2291 id
660 2270 702 2292 est
716 2264 747 2292 in
764 2273 859 2292 eorum
877 2266 995 2296 actibus,
1011 2265 1068 2293 sive
1083 2267 1187 2298 usibus,
1201 2267 1271 2293 unde
1285 2271 1405 2293 manant.
1425 2265 1481 2294 Nec
1501 2266 1573 2292 enim
1591 2272 1691 2292 nomen
1716 2264 1807 2291 Patris

180 2300 308 2337 convenit
328 2299 415 2337 _Fili'_o,
433 2308 520 2337 neque
533 2299 594 2327 Filii
615 2307 714 2337 nomen
730 2302 856 2328 convenit
869 2300 959 2337 Patri;
983 2301 1045 2334 quia
1061 2308 1149 2335 neque
1162 2309 1295 2337 generare
1308 2301 1369 2329 Filii
1390 2306 1443 2335 est,
1458 2308 1546 2336 neque
1561 2300 1688 2336 generari
1701 2298 1804 2326 Patris.

180 2333 312 2370 Similiter
326 2335 354 2361 in
371 2333 594 2370 Spiritu’sancto,
610 2335 655 2369 qui
668 2336 702 2363 ab
718 2339 832 2370 utroque
845 2336 977 2370 procedit.

216 2368 265 2408 ζει
279 2368 408 2408 prieterea
422 2368 749 2408 observatioiie’dignum,
765 2368 903 2408 quod—hic
925 2373 963 2398 ait
988 2370 1143 2407 Dionysius,
1160 2373 1276 2401 discreta
1298 2379 1358 2400 esse
1381 2374 1408 2400 in
1424 2373 1524 2400 divinis
1544 2371 1752 2408 nontenPatris
1775 2374 1806 2408 et

180 2405 336 2442 xoimmjd
351 2411 394 2442 est
408 2413 470 2436 rem,
487 2411 514 2432 et
527 2413 623 2442 nomen
643 2405 705 2432 Filii
718 2411 746 2433 et
762 2405 837 2439 rem;
858 2407 922 2434 item
941 2414 1038 2433 nomen
1054 2405 1172 2442 Spiritus
1195 2410 1280 2436 sancti
1303 2414 1330 2436 et
1343 2415 1416 2435 rem.
1431 2410 1498 2435 Cum
1515 2415 1589 2435 enim
1616 2407 1690 2441 prius
1712 2406 1806 2441 posuit

181 2447 281 2478 nomen
298 2439 398 2473 Patris,
412 2446 440 2467 et
452 2448 549 2468 nomen
564 2440 636 2473 Filii,
648 2445 676 2468 et
691 2449 792 2478 nomen
807 2442 926 2476 Spiritus
939 2443 1037 2474 sancti,
1052 2439 1083 2470 ei
1091 2450 1185 2477 postea
1209 2445 1328 2471 secundo
1343 2443 1405 2471 loco
1423 2441 1513 2478 posuit
1524 2439 1637 2478 χρῆμά,
1653 2442 1679 2469 id
1692 2439 1804 2478 estrem

181 2473 281 2514 Ρκιΐλβ»
296 2483 356 2514 (illa:
373 2481 566 2514 estrgenerarc,
580 2480 677 2514 e_t_rein
687 2475 752 2503 Filii
766 2473 837 2514 qua:—
848 2483 890 2504 est
911 2473 1045 2512 generari,
1062 2473 1162 2506 (il-fell!
1179 2480 1297 2513 Spiritus
1310 2480 1398 2506 sancti
1412 2473 1471 2513 qum
1486 2473 1690 2514 est'procedere
1702 2486 1709 2510 ;
1723 2477 1806 2514 plane

183 2511 274 2537 itocuit
300 2512 326 2537 id
353 2513 425 2544 quod
454 2516 566 2538 sanctus
587 2510 707 2538 Thomas
736 2510 818 2540 etiam
850 2510 956 2546 tradit,
981 2514 1056 2547 prius
1079 2510 1298 2549 cipi'inc'ipalius
1324 2510 1473 2542 secundum
1502 2510 1611 2543 nio-dum
1636 2510 1805 2548 intelligendi

218 2599 254 2626 ει
269 2599 332 2627 Cor.
353 2607 411 2632 viii,
427 2600 453 2627 5.
490 2598 526 2626 1λι
541 2600 603 2628 Cor.
619 2608 648 2634 ii,
663 2600 688 2628 6.

824 2655 940 2683 VARI/ii
957 2655 1162 2684 LECTlUNES.

221 2731 254 2771 ’ζ’
266 2729 339 2791 logi;
348 2730 494 2765 ἡνωμέναι.
510 2729 590 2758 Ent'r.
605 2729 724 2757 PATRCL.
764 2729 786 2745 ³⁸
800 2729 973 2773 ὲκφαινουσῶη

221 2774 272 2791 ιηί.
308 2784 317 2791 .

1028 2742 1039 2757 ι⁵
1056 2729 1086 2756 D.
1128 2728 1157 2765 V”
1169 2728 1199 2755 τὸ
1212 2729 1300 2756 πᾶσαν
1313 2729 1483 2768 θεουργικήν,
1499 2731 1527 2760 S.
1548 2731 1578 2758 P.
1617 2732 1640 2748 ⁸ο
1656 2733 1706 2769 τῆς
1720 2733 1805 2771 Θεαρ-

183 2774 272 2802 χικης,
286 2774 317 2792 ι’.

221 2847 273 2884 βξ)
292 2847 333 2876 Ad
355 2855 416 2882 cap.
428 2847 456 2883 ι,
469 2847 527 2876 dcc.
543 2847 569 2882 9,
584 2847 770 2882 Cyparissioti.
