1929 3068
214 147 267 174 655
803 145 830 173 S.
846 144 993 173 DlONYSll
1013 143 1243 171 AREOP.\GIT.'E
1786 140 1834 170 656

214 207 299 233 Docet
314 205 400 236 enim,
413 204 452 230 sic
465 203 634 232 substantias
647 205 719 231 uniri
733 211 811 238 posse
826 205 884 231 sine
901 205 1038 232 mistionc.
1058 209 1088 230 ut
1100 204 1145 230 hic
1160 203 1218 230 sine
1236 201 1362 229 mistione
1376 201 1508 228 uniuntur
1524 200 1673 237 qualitates
1689 200 1830 234 luminum,

213 246 240 268 et
255 240 386 266 uniunlnr
402 239 560 274 splendores
578 240 732 273 stellarum,
747 240 821 267 salva
835 241 1005 273 proprietate
1023 240 1117 272 quanti
1133 239 1158 264 in
1175 238 1258 272 quali.

249 276 263 311 ς
278 276 309 302 ν.
323 275 362 302 Ad
377 272 422 302 illa
438 275 518 311 verba
537 285 543 302 :
560 275 605 301 Est
624 280 712 302 autem
727 276 817 302 divina
837 272 984 307 distinctio,
999 275 1132 311 emnnalia
1146 274 1229 300 Deum
1245 273 1337 300 decens
1350 273 1446 311 divina:
1464 272 1582 311 naianis.
1599 272 1638 299 De
1653 272 1833 311 inexplicabili

215 308 316 345 (innuit
331 315 443 338 sanctus
464 310 608 343 Maximus)
624 311 768 338 Ttinilalis
791 311 965 338 emanatione
982 318 1069 344 usque
1084 310 1116 336 ad
1134 314 1188 336 tres
1202 316 1333 345 personas
1356 308 1562 345 philosophatur
1578 315 1663 340 nunc,
1680 308 1751 342 quod
1768 308 1834 335 Dens

214 343 242 375 et
266 347 346 373 Pater
361 346 420 373 sine
445 351 576 380 tempore,
601 346 794 373 convenienter
816 346 871 372 Deo
890 351 918 372 et
942 351 1069 372 amanter
1086 350 1187 377 motus,
1202 343 1335 380 processit
1360 344 1393 370 ad
1419 344 1833 380 distinctionempersonarum.

215 384 318 415 absque
341 378 531 408 imminutione
544 387 572 408 et
584 381 731 415 partitione
746 382 771 408 in
787 389 816 408 se
833 385 890 408 toto
912 388 1035 411 manens,
1050 380 1159 414 proprio
1174 380 1232 412 ejus
1257 378 1400 415 splendore
1412 379 1679 415 supraquamiunile,
1694 382 1721 405 et
1738 386 1832 413 supra-

214 426 294 452 qnam
313 417 474 451 simpliciter
494 414 613 448 emisso,
640 422 669 443 ut
693 417 825 444 existeret
854 421 982 450 tanquam
1006 416 1095 452 imago
1116 416 1204 452 rviva;
1227 420 1254 442 et
1269 414 1379 452 .Spiritu
1403 419 1554 452 sanctoex
1578 414 1660 441 Patre
1683 415 1833 452 venerande

214 449 241 481 et
266 449 429 487 snpraqiiam
460 452 617 486 perenniter
653 453 833 486 procedente.
850 449 928 487 sicut
950 451 1081 487 Dominus
1108 451 1185 487 docet
1208 459 1214 477 :
1240 449 1428 487 «Antiatitcm
1455 450 1575 487 bonitate
1606 457 1689 476 causa
1703 449 1832 487 'et_origo

214 484 335 516 omnium
352 484 378 514 in
402 484 487 514 tribus
497 487 625 515 Pcrsonis
641 484 739 514 divinis
753 486 927 521 multiplicata
943 491 984 514 est
999 485 1020 512 ι.
1038 496 1047 512 ›
1063 487 1128 513 ltem
1144 484 1454 521 GregoriusTheologus
1467 486 1608 520 disputans
1630 489 1723 512 contra
1747 484 1833 521 Euno-

215 525 297 551 minm
313 532 319 549 :
339 532 347 549 ‹
366 523 414 549 Est
427 530 493 549 vero
507 522 602 552 etiam,
620 523 719 555 inquit.
735 522 788 548 alio
805 519 885 548 modo
899 522 1037 549 distinctio
1051 522 1153 552 divina,
1169 519 1306 548 enianatio
1322 520 1367 547 Dei
1380 521 1414 547 ob
1430 519 1541 547 nimiam
1557 521 1705 547 bonitatem
1721 520 1753 546 ad
1767 519 1832 546 mul-

215 560 353 587 tiformem
379 557 547 584 creationem
570 556 776 591 aspectabilein.
792 563 819 584 et
835 565 886 583 non
903 557 1110 590 aspectabilem;
1129 556 1279 583 secundum
1303 562 1384 589 quam
1398 556 1441 588 (ut
1456 556 1508 582 hoc
1530 556 1595 582 item
1610 555 1671 583 loco
1684 555 1722 581 ait
1736 555 1833 591 Diony-

214 594 281 629 sius)
292 594 326 620 ἐκ
338 592 397 620 τῶν
405 592 540 629 μετοχῶν
555 590 608 618 κ(ιῖ
624 592 683 618 τῶν
695 593 880 629 μετεχόντων
895 592 975 629 {uti/ei

1070 592 1251 629 ιὰμξρέκτῳς
1258 591 1451 629 μετξχτῖμενᾳ,
1460 591 1485 618 id
1497 597 1538 618 est
1548 599 1580 618 ea:
1590 590 1831 629 participationibus

213 637 236 657 ei
247 625 420 662 participibus
429 628 573 654 laudantur
582 636 612 654 ea
622 635 680 661 qua:
695 625 892 661 imparticipate
907 625 1206 661 participaittur.iﬂuiic
1218 626 1304 653 locum
1319 627 1382 653 item
1398 627 1552 654 edisserens
1566 634 1594 653 sa
1601 631 1679 653 nctus
1691 625 1830 652 Maximus:

216 675 225 691 t
243 665 380 694 Trinitas.
398 663 486 698 inquit
501 682 508 694 ,
522 662 642 698 universi
665 663 756 697 regina
774 663 807 689 ab
829 662 862 689 iis
875 670 935 697 quae
951 662 1116 698 participare
1140 670 1200 698 eam
1217 667 1330 696 possunt
1353 662 1533 698 participatur
1559 670 1612 688 non
1638 662 1833 698 comprehense

214 708 302 734 neque
326 696 500 734 participato.
520 707 529 723 ι
549 697 620 724 Idem
640 696 722 734 enim
741 702 894 734 utrumque
913 697 1035 734 declarat
1052 708 1058 724 2
1074 697 1259 734 participatan
1272 697 1343 724 enim
1359 696 1436 734 Deus
1453 705 1505 724 non
1525 696 1722 734 comprehenso
1746 703 1832 734 neque

214 732 365 766 restrictius.
383 734 428 761 sed
444 733 533 766 potius
553 737 626 759 totus
639 733 664 759 in
681 733 814 768 cujusque
826 732 1036 768 participatione
1050 733 1183 764 existens,
1198 737 1225 759 et
1236 733 1269 759 ab
1290 732 1416 759 omnibus
1432 737 1585 766 exemptus,
1602 732 1635 758 Et
1648 739 1751 768 rursus
1763 732 1830 768 idem

214 771 240 797 in
257 769 388 797 Centuriis
407 769 570 802 theologicis.
587 768 710 795 centuria
728 776 757 794 lll
770 766 777 800 ζ
792 766 848 795 ε,’7
867 777 872 795 :
894 777 904 793 ι
923 767 1004 799 Deus,
1024 768 1121 802 inquit,
1139 769 1183 801 qui
1198 768 1346 795 secundmu
1363 767 1545 794 substantiam
1563 775 1616 794 non
1629 772 1672 794 est
1684 766 1831 801 participa-

213 806 284 838 hilis,
297 813 357 832 cum
371 804 429 830 vult
442 803 522 830 aliter
537 803 571 830 ab
586 803 619 830 iis
632 803 676 837 qui
692 808 805 838 possunt
820 803 991 838 participari,
1003 810 1017 829 a
1031 809 1126 830 natura
1140 806 1167 829 et
1178 803 1331 830 substantia
1345 810 1393 830 sua
1405 803 1510 830 occulta
1522 811 1574 830 non
1590 802 1710 838 recedit;
1726 802 1832 838 quando

214 837 296 867 etiam
314 840 407 866 modus
423 839 491 873 ipse.
507 846 560 871 quo
576 838 671 865 volens
687 837 876 872 participatiir,
892 843 985 865 manet
1001 845 1108 872 semper
1121 838 1249 865 omnibus
1264 843 1386 873 opertus.
1407 847 1417 864 t
1438 838 1533 866 Adhuc
1550 838 1621 865 idem
1637 838 1664 864 in
1686 837 1719 864 iis
1732 845 1791 871 qua:
1805 837 1833 864 in

214 876 368 910 Dogmntica
383 874 506 907 parmplia
521 873 647 910 feruntur
667 883 708 910 εγ(
734 873 934 910 Participabilis
948 878 988 900 est
1009 873 1080 910 Petis
1094 876 1245 910 secundum
1265 873 1532 910 rcommunicationes
1549 880 1632 910 suas;
1649 880 1702 900 non
1722 873 1831 910 particif

213 907 310 946 pahilis
323 916 399 940 vero,
410 914 552 946 quatenus
567 909 635 946 nihil
649 907 906 946 substantiam’ejus
917 908 1078 946 participat,
1093 909 1135 946 vel
1151 909 1234 936 vitam
1247 909 1318 944 ejus,
1333 909 1376 936 vel
1391 909 1555 943 sapientiam
1571 908 1642 943 ejus,
1664 912 1712 935 aut
1731 907 1831 943 aliquid

213 944 317 977 talium,
334 952 392 979 qua:
410 945 492 971 habet
506 944 596 971 omnia
611 945 762 971 secundum
779 944 980 976 excellentiam,
997 949 1022 971 el
1036 945 1146 972 eximie.
1165 953 1174 970 υ

250 991 259 1007 ε
280 981 316 1007 Ex
330 978 372 1007 liis
388 979 718 1015 (inquitCyparissiotus‘)
731 984 840 1006 constat
856 980 957 1014 primo,
973 980 1109 1014 duplicem
1124 987 1186 1007 esse
1197 980 1396 1007 emanalionem
1412 987 1483 1008 :una
1497 984 1549 1012 est,
1562 987 1614 1014 qua
1629 979 1699 1006 Deus
1713 983 1740 1006 et
1751 978 1831 1015 Pater

211 1019 244 1045 ad
262 1024 310 1043 sua
327 1013 463 1042 manando
477 1013 576 1041 Filium
600 1013 894 1048 suprasuhstantialem
910 1019 937 1042 et
954 1013 1084 1049 Spiritum
1107 1020 1242 1047 sanctum,
1259 1015 1313 1043 duo
1330 1016 1410 1043 unius
1431 1020 1459 1042 et
1482 1013 1605 1049 ejusdem
1621 1014 1774 1042 divinitatis
1792 1013 1832 1041 lu-

212 1052 299 1084 mina,
318 1051 434 1077 nnivoce
448 1050 571 1084 protulit,
586 1050 662 1077 nullo
676 1050 758 1078 modo
778 1058 791 1076 a
809 1058 838 1078 se
854 1051 912 1085 ipso
930 1055 987 1077 toto
1004 1058 1141 1084 egressus,
1156 1052 1202 1077 sed
1219 1051 1309 1084 potius
1325 1052 1358 1077 ad
1374 1052 1492 1084 scipsum
1514 1055 1604 1078 motus
1627 1050 1686 1076 sine
1702 1049 1830 1076 distantia

212 1086 385 1116 intermcdia.
400 1093 433 1112 ex
447 1085 598 1112 aeternitate
613 1085 639 1112 in
653 1091 777 1112 naturam
794 1086 874 1113 trium
887 1093 1061 1120 personarum
1075 1087 1165 1113 desiit.
1178 1086 1268 1120 Atque
1280 1086 1338 1113 haec
1349 1087 1488 1114 emanatio
1501 1091 1572 1113 mota
1584 1085 1698 1113 adivina
1714 1091 1830 1119 persona

211 1124 237 1149 in
253 1122 363 1149 divinas
382 1128 513 1155 personas
530 1120 555 1147 in
574 1120 720 1152 Trinitate,
737 1121 770 1147 ad
787 1128 866 1155 quam
883 1125 955 1148 mota
973 1125 1024 1152 est,
1040 1121 1172 1154 substitit,
1188 1126 1214 1148 et
1238 1123 1385 1149 motionem
1409 1122 1558 1149 increatam
1581 1120 1717 1155 exhibuit.
1735 1120 1830 1147 Omnis

209 1158 282 1186 enim
296 1154 447 1189 emanatio,
462 1163 522 1182 cum
541 1155 588 1181 ﬁat
599 1163 680 1182 causa
697 1154 867 1190 eorum’qua:
887 1162 1026 1188 emanant,
1043 1156 1105 1183 talis
1121 1162 1160 1184 est
1175 1157 1322 1190 emanatio,
1337 1157 1426 1191 qualia
1443 1161 1504 1185 sunt
1518 1163 1549 1183 ea
1571 1156 1606 1183 ad
1628 1163 1689 1189 qua:
1703 1154 1773 1182 facta
1789 1161 1830 1182 est

210 1192 359 1220 emanatio.
373 1191 465 1218 Altera
483 1195 535 1223 est,
552 1198 606 1225 qua
622 1191 846 1227 Deusaiquivoce
860 1196 950 1218 motus
965 1195 1007 1218 est
1022 1192 1054 1218 ad
1071 1197 1238 1224 creaturam,
1255 1199 1314 1219 eam
1329 1192 1356 1219 in
1380 1197 1501 1227 tempore
1519 1191 1693 1226 producendo
1708 1199 1714 1217 :
1732 1198 1764 1217 ac
1781 1198 1829 1224 per

211 1228 285 1255 illam
298 1227 409 1261 quidem
426 1230 517 1253 motus
532 1232 576 1253 est
593 1226 765 1258 naturaliter,
777 1234 825 1260 per
840 1227 911 1254 hanc
925 1234 991 1254 vero
1006 1226 1170 1254 voluntarie.
1189 1235 1199 1252 ›

245 1260 358 1290 Constat
373 1260 503 1298 secundo,
517 1262 589 1295 quod
606 1262 633 1287 in
650 1266 734 1298 totum
751 1262 822 1289 Dens
836 1267 863 1289 et
876 1269 890 1288 a
903 1261 983 1298 nobis
996 1262 1185 1298 participatur,
1198 1267 1226 1289 et
1240 1270 1292 1289 non
1315 1263 1505 1298 participatur.
1519 1261 1704 1298 Participatur
1719 1260 1828 1298 quidem

210 1298 358 1326 secundum
378 1296 510 1323 rationem
524 1304 623 1328 causae,
640 1297 665 1323 id
682 1301 735 1328 est,
749 1302 883 1330 quatenus
895 1297 985 1331 omnia
998 1295 1034 1323 cx
1050 1295 1135 1324 nihilo
1150 1298 1285 1330 producit,
1299 1295 1329 1325 ιιί
1341 1303 1368 1325 et
1381 1295 1540 1332 simpliciter
1552 1299 1617 1328 sint,
1632 1301 1659 1323 et
1672 1297 1741 1332 bene
1754 1295 1830 1332 sint;

210 1340 306 1361 rursus
321 1339 387 1359 vero
401 1339 454 1358 non
469 1332 659 1366 partieipatur.
675 1332 825 1358 secundum
849 1332 1085 1367 participationem
1104 1338 1238 1364 nostram,
1254 1339 1281 1359 et
1304 1335 1454 1361 secundum
1476 1334 1659 1360 existentiatn.
1678 1331 1733 1359 Nec
1744 1331 1830 1367 enim

210 1370 294 1396 Deum
311 1367 516 1404 participainus
526 1367 597 1394 sicut
612 1368 718 1400 species
729 1366 1024 1404 iparticipantgenera.
1037 1372 1064 1394 et
1080 1368 1151 1404 sicut
1165 1368 1315 1404 singularia
1330 1369 1496 1403 participant
1514 1368 1594 1404 327
1612 1366 1788 1404 universalia,
1802 1371 1831 1394 et

209 1405 280 1432 sicut
294 1410 355 1437 qua:
370 1402 564 1438 subterprima
577 1408 650 1434 sunt,
665 1401 889 1437 participant’illa
904 1403 960 1437 ipsa
974 1402 1072 1436 prima.
1085 1402 1179 1436 Neque
1195 1401 1390 1438 participainus
1403 1401 1465 1430 eum
1482 1401 1631 1432 secundum
1644 1401 1831 1434 existentiam,

209 1445 237 1467 et
254 1439 326 1466 illam
345 1445 426 1471 quam
444 1437 588 1472 Dionysius
604 1437 669 1464 dicit
686 1438 844 1473 permistam
860 1438 1080 1465 communionem
1094 1448 1100 1470 ;
1117 1439 1180 1465 utsi
1193 1437 1314 1467 dicamus
1329 1447 1337 1465 :
1355 1439 1412 1467 Vita
1430 1438 1550 1466 sentiens
1566 1444 1608 1466 est
1622 1445 1686 1473 pars
1702 1438 1830 1464 substan-

209 1475 254 1502 tia!
267 1473 389 1501 omnium
404 1479 483 1499 sensu
501 1473 670 1508 viventium;
687 1477 715 1499 et
731 1481 738 1499 :
755 1472 857 1500 Omnes
872 1473 978 1508 species
994 1480 1026 1499 ex
1046 1475 1158 1501 materia
1177 1480 1323 1508 concretae,
1338 1475 1486 1502 Secundum
1501 1472 1644 1501 admistain
1660 1473 1829 1500 communio-

209 1518 282 1542 nem,
298 1508 440 1535 materiam
464 1512 491 1544 et
505 1507 621 1544 formam
641 1508 820 1544 participant;
836 1507 973 1535 hisenim
999 1508 1087 1544 modis
1108 1515 1136 1536 et
1153 1509 1304 1537 rationibus
1328 1517 1499 1544 nequaquatn
1513 1518 1528 1536 a
1544 1509 1621 1536 nobis
1636 1509 1826 1544 participatur.

208 1545 264 1572 Nec
277 1551 371 1571 rursus
386 1547 429 1569 est
446 1542 548 1577 aliquid
563 1543 590 1570 in
607 1551 640 1570 eo
653 1543 724 1579 quod
740 1544 930 1578 participatur,
945 1547 972 1569 et
987 1543 1088 1578 aliquid
1104 1546 1176 1579 quod
1194 1552 1246 1571 non
1263 1542 1456 1579 participzitur;
1474 1546 1622 1573 absurdum
1636 1542 1720 1571 "enim
1737 1548 1789 1576 est,
1805 1542 1829 1570 si

208 1582 327 1610 dicatur,
343 1579 654 1615 oportereexistentiam
675 1578 769 1615 Deiex
785 1580 888 1606 duobus
904 1579 1068 1615 quihusdam
1087 1578 1439 1614 dissimilibuscoasiStere,
1465 1587 1498 1606 ex
1517 1579 1699 1615 participabili
1723 1578 1829 1606 scilicet

208 1621 234 1642 ct
250 1623 302 1642 non
319 1613 511 1648 participabili.
529 1614 595 1640 Vide
608 1614 665 1641 haec
680 1614 766 1641 fusius
789 1615 859 1648 apud
875 1613 1103 1650 Cyparissiotum,
1117 1616 1218 1643 decade
1244 1615 1270 1649 7,
1287 1623 1348 1650 qua:
1368 1613 1435 1643 tota
1447 1621 1489 1643 est
1504 1613 1538 1643 de
1562 1613 1663 1642 divinis
1677 1615 1829 1649 participa-

209 1652 334 1679 tionibus.

242 1687 256 1722 ἐ
272 1685 327 1713 Vll.
344 1685 495 1722 Explicatio
506 1685 597 1722 colligi
614 1690 704 1720 potest
717 1693 750 1713 ex
767 1686 879 1714 notabili
894 1687 982 1721 primo
995 1687 1092 1720 capitis
1110 1687 1201 1721 primi.

242 1724 257 1758 ᾗ
274 1722 337 1758 Vill.
355 1721 457 1758 Allndit
481 1721 624 1758 Dionysius
649 1722 681 1748 ad
697 1729 770 1749 vers.
788 1722 822 1749 15
845 1722 943 1757 capitis
961 1722 1034 1750 tertii
1068 1722 1155 1756 Epist.
1181 1723 1214 1750 ad
1237 1722 1381 1758 Ephesios,
1397 1724 1497 1751 docens
1518 1722 1601 1749 Deum
1624 1721 1747 1758 omnium
1765 1728 1828 1747 esse

208 1756 316 1784 Patrem
330 1756 469 1793 hominum
486 1761 512 1782 et
526 1756 698 1793 angelorum,
709 1764 762 1791 quo
775 1756 913 1784 communi
926 1757 1043 1784 Parente
1055 1758 1148 1786 afﬁnes
1161 1763 1225 1785 sunt
1238 1756 1362 1786 homines
1376 1763 1402 1786 et
1417 1759 1514 1793 angeli.
1532 1758 1593 1791 Ipse
1609 1757 1679 1784 enim
1692 1756 1775 1793 Pater
1785 1761 1830 1783 est

207 1793 336 1828 omnium
346 1791 510 1818 familiarum
528 1792 710 1828 corporalium
723 1797 751 1819 et
764 1793 954 1828 spiritualium,
970 1801 1002 1820 ac
1018 1794 1130 1827 proinde
1142 1795 1323 1821 counnuniter
1336 1795 1370 1821 ab
1383 1791 1511 1822 omnibus
1527 1793 1681 1820 adorandus
1694 1797 1720 1818 et
1734 1791 1827 1818 colen—

208 1830 259 1856 dus
272 1827 403 1864 [videtur
421 1830 511 1864 autem
527 1832 620 1864 notare
636 1827 817 1864 pluralitatein
835 1829 1029 1863 principiorum
1041 1833 1068 1855 et
1079 1830 1192 1856 deorum
1212 1829 1334 1857 Simonis
1349 1830 1417 1864 Magi
1428 1835 1456 1857 et
1472 1829 1615 1856 Valentini.

243 1863 314 1898 §IX.
328 1862 470 1899 Quomodo
484 1862 622 1899 moduset
634 1864 791 1897 mysterium
807 1862 1004 1890 lncarnationis
1017 1872 1159 1898 supremos
1174 1865 1257 1891 etiatu
1272 1865 1382 1899 angelos
1393 1862 1516 1895 latuerit,
1530 1863 1589 1890 \‘idc
1601 1871 1684 1897 supra
1697 1867 1825 1889 sanctum

207 1898 364 1934 Dionysium
379 1905 412 1934 ο(
424 1897 572 1934 [Caelestis
584 1897 737 1925 hierarchiw
747 1919 755 1929 .
768 1904 795 1925 et
808 1903 934 1926 sanctum
950 1897 1080 1926 Thomam
1098 1901 1125 1925 in
1142 1900 1226 1932 Epist.
1240 1901 1274 1927 ad
1294 1897 1420 1934 Ephesios
1430 1921 1437 1932 ,
1452 1908 1478 1928 c.
1494 1900 1521 1931 5,
1538 1899 1600 1926 lect.
1617 1899 1644 1926 4.

242 1933 310 1973 nam
320 1933 364 1973 hic
374 1933 424 1959 sub
435 1933 514 1972 linem
527 1933 608 1973 huius
619 1934 929 1973 paragraphi,sanetum
943 1935 1118 1973 llierotheum
1133 1936 1185 1962 dici
1197 1936 1300 1973 partim
1317 1933 1331 1962 a
1348 1936 1489 1971 theologis,
1505 1935 1609 1973 partim
1619 1933 1826 1973 Scripturatnm

207 1970 392 2004 indagatione,
405 1968 503 2002 partim
517 1968 650 1995 diviniore
665 1971 781 2003 quadam
800 1970 978 2004 inspiratione
994 1971 1102 1997 doctum
1117 1979 1169 1999 non
1186 1968 1316 1999 discendo
1331 1968 1451 2004 tantum,
1467 1968 1561 1997 verum
1575 1969 1657 1996 etiam
1671 1970 1760 1996 divma
1777 1979 1827 2004 pa-

207 2003 308 2032 tiendo.
334 2003 435 2041 Tribus
449 2004 522 2030 enim
547 2004 635 2041 modis
647 2004 737 2031 divina
754 2003 931 2039 percipimus,
949 2013 1048 2040 nempe
1068 2007 1185 2038 actione,
1205 2012 1251 2033 aut
1267 2007 1405 2041 passione,
1422 2011 1469 2033 aut
1493 2006 1571 2032 modo
1595 2005 1710 2039 quodam
1729 2005 1826 2033 misto.

205 2040 319 2068 Actione
339 2040 449 2074 quidem
472 2039 619 2076 praecipue,
646 2041 754 2076 quando
779 2047 809 2066 ea
833 2048 884 2066 non
905 2041 939 2068 ab
958 2039 1021 2067 aliis
1040 2042 1172 2075 eruditis,
1195 2042 1243 2069 sed
1263 2039 1378 2069 rationis
1403 2042 1612 2076 investigatione
1634 2041 1824 2074 assequimur;

205 2077 333 2110 passione
349 2082 422 2112 vero,
439 2082 501 2101 cum
519 2075 647 2112 divinitus
662 2075 744 2112 alllati
762 2076 940 2110 percipimus;
963 2077 1043 2112 mislo
1067 2077 1185 2112 denique
1210 2078 1302 2110 modo,
1326 2078 1353 2105 id
1378 2083 1419 2105 est
1434 2075 1545 2112 partiinr
1561 2075 1697 2110 patiendo,
1723 2076 1825 2109 partim

205 2108 379 2148 agendopubi
394 2110 507 2148 docente
521 2108 584 2141 alio,
598 2115 645 2136 ant
660 2111 748 2138 verbis
762 2108 808 2137 aut
828 2108 1090 2148 litteris‘erudimttr.
1109 2108 1184 2139 Tunc
1206 2113 1278 2140 enim
1296 2108 1441 2148 'qttatenus'
1456 2108 1572 2148 aliunde
1588 2108 1739 2143 movemur,
1755 2118 1828 2145 quo-

206 2146 350 2183 dammodo
371 2146 498 2183 patimur,
510 2149 646 2183 quatenus
660 2151 750 2183 autem
766 2147 905 2183 propiinm
924 2147 974 2181 ipsi
996 2147 1128 2181 jlltlli‘lllll)
1152 2146 1320 2183 examenque
1338 2148 1508 2181 adhibemus,
1531 2147 1654 2173 videmur
1677 2151 1704 2183 et
1724 2153 1824 2183 agere.

205 2180 339 2218 Caeterum
353 2185 380 2207 et
391 2181 477 2218 aliena
501 2180 654 2218 disciplina.
670 2185 697 2218 ct
710 2180 830 2208 inventio
845 2180 954 2216 propria
970 2180 1134 2218 divinorum,
1149 2184 1181 2210 ad
1199 2184 1250 2211 hoc
1267 2180 1338 2211 velut
1351 2185 1385 2210 ad
1403 2184 1508 2218 signum
1532 2181 1826 2218 duutaxaldirigenda

205 2222 258 2248 est,
273 2221 301 2242 ut
314 2215 369 2242 Deo
387 2216 495 2252 assidue
512 2223 560 2252 nos
574 2216 690 2252 pulsanti
706 2218 812 2249 penitus
827 2215 1005 2251 eitpouamur.
1023 2217 1050 2244 ld
1065 2222 1154 2244 autem
1177 2219 1234 2246 solo
1253 2220 1279 2246 in
1295 2227 1355 2246 cum
1375 2215 1468 2245 amore
1491 2217 1655 2252 perliciinus.
1672 2215 1728 2243 Hoc
1747 2216 1824 2242 enim

206 2252 337 2278 duntaxat
350 2255 377 2277 et
392 2251 425 2277 ad
441 2250 523 2276 Deum
546 2251 687 2289 dirigimus
702 2252 805 2283 omnia.
820 2257 847 2279 et
863 2253 916 2280 Deo
938 2252 1098 2285 subjicituur
1111 2254 1180 2280 clam
1201 2255 1336 2289 pulsanti;
1352 2259 1435 2289 atque
1453 2250 1499 2281 illo
1514 2253 1675 2289 inspirante,
1690 2256 1718 2278 el
1741 2253 1824 2289 quasi

206 2290 331 2325 movente
344 2290 504 2320 agenthuc,
519 2286 608 2312 subito
627 2293 838 2325 commovemur,
853 2294 934 2322 atque
950 2289 985 2314 ita
1001 2289 1181 2321 compatimur
1196 2286 1347 2324 spirituque
1369 2286 1512 2323 replentur.
1535 2287 1650 2314 Atl‘eclio
1669 2294 1732 2313 vero
1749 2286 1824 2325 ejus-

206 2321 278 2347 modi
297 2328 387 2354 passm
395 2325 580 2357 nuncupatur,
596 2326 651 2347 tutu
667 2323 795 2355 quoniam
815 2324 946 2349 amatoria
969 2328 1011 2349 est
1035 2324 1121 2357 (amor
1141 2321 1218 2351 enim.
1233 2321 1404 2352 trans-ferens
1415 2326 1441 2351 in
1457 2329 1587 2357 amatum,
1603 2328 1739 2349 amantem
1758 2323 1824 2350 inde

205 2358 260 2391 pati
276 2356 437 2395 compellit).
453 2355 752 2395 tuinquia-va‘cantihus
769 2362 832 2395 tunc
846 2358 962 2392 propriis
977 2355 1090 2385 rationis
1107 2360 1343 2395 intelligentimque
1359 2361 1522 2392 actionibus,
1536 2355 1626 2386 divitia
1641 2358 1701 2395 luce
1716 2357 1824 2395 forma-

205 2390 276 2422 Πιιπν
290 2392 462 2425 ῐιθιὶῐιιιιηιυθ
479 2390 597 2430 formati.
677 2392 747 2430 lianc
770 2390 863 2430 utique
885 2390 972 2420 lucem
994 2401 1086 2420 amore
1102 2390 1408 2423 solunffcrven'ttssimo
1430 2390 1625 2430 prteparamur.
1649 2393 1822 2430 Sicutjeniiu

204 2434 315 2465 opacas
328 2434 397 2460 saepe
418 2425 546 2452 materias
570 2425 622 2465 luci
647 2426 734 2465 invias
751 2425 831 2465 _c:ilor
849 2429 943 2462 ingens
956 2433 1065 2465 purgat,
1081 2435 1218 2462 extenuat,
1237 2433 1344 2465 pervias
1359 2431 1412 2458 luci
1429 2425 1546 2464 prasbct‘,
1561 2429 1601 2456 sic
1623 2428 1774 2465 amatorias
1793 2429 1822 2454 in

204 2461 288 2502 Deum
303 2461 394 2502 fervor
416 2469 431 2488 a
453 2461 590 2494 corporeis
609 2461 899 2502 perturbationibusct
921 2461 1164 2502 nebulispurgans
1179 2461 1311 2499 animum,
1327 2467 1406 2501 quasi
1429 2461 1558 2493 serenum
1585 2464 1683 2494 reddit,
1706 2463 1820 2497 lucique

203 2499 302 2537 divina:
317 2500 449 2531 paratum,
467 2503 528 2522 cum
550 2504 603 2530 qua
619 2501 646 2523 et
661 2499 787 2524 unionem
803 2499 948 2526 arctiorem
966 2499 1154 2533 intelligentia,
1172 2508 1198 2528 et
1213 2502 1292 2529 fidem
1315 2499 1434 2529 humana
1459 2501 1571 2528 scientia
1592 2501 1736 2527 certiorem
1753 2507 1824 2526 con-

203 2538 351 2566 sequimur.

240 2566 369 2608 §ll.'Pi'o
383 2565 559 2608 intelligentia
581 2568 726 2608 verborum
743 2568 956 2608 llierotlieipota
979 2578 1042 2608 cum
1061 2571 1197 2599 Turriano
1225 2573 1257 2600 ad
1276 2581 1334 2607 cap.
1359 2573 1376 2599 2
1405 2573 1513 2600 decadis
1537 2572 1551 2598 7
1569 2570 1746 2608 Cyparissioti
1766 2577 1772 2595 :
1794 2570 1822 2596 in

202 2602 328 2643 essentiis
344 2610 437 2643 rerum
455 2602 525 2643 hunc
549 2603 670 2643 ordinem
691 2605 870 2643 considerari.
886 2605 986 2639 Primo,
1004 2607 1135 2641 principia
1154 2615 1265 2641 rerum;
1284 2602 1412 2640 sccundo,
1433 2602 1631 2638 substantiam;
1650 2607 1740 2643 ιυνιίορ
1757 2613 1823 2639 ενα·

201 2638 270 2677 ciem
295 2638 539 2679 compositiItotius
551 2645 594 2679 ‘cx
612 2638 696 2665 forma
718 2640 949 2679 proficiscentem;
966 2638 1074 2676 quarto,
1091 2638 1285 2676 perfectionem
1300 2644 1382 2678 ipsius
1399 2638 1448 2674 rei.
1470 2651 1521 2671 non
1539 2644 1625 2670 solum
1647 2638 1824 2679 quoadaspc-

201 2673 281 2703 ciem,
296 2672 342 2713 sed
361 2672 451 2713 quoad
461 2673 602 2714 propriam
620 2672 804 2714 operationem
819 2681 845 2702 et
857 2677 938 2714 linem
954 2686 960 2703 :
973 2672 1039 2704 tunc
1056 2672 1127 2704 enim
1145 2686 1187 2705 tes
1199 2684 1239 2705 est
1254 2672 1409 2706 oimiimode
1421 2672 1551 2714 perfecta,
1566 2685 1628 2705 cum
1641 2672 1721 2714 suum
1738 2672 1823 2703 [idem

200 2711 376 2749 assequitur;
391 2711 495 2742 quinto,
513 2716 556 2736 res
571 2711 672 2749 varias,
692 2716 756 2749 quq
776 2711 887 2749 singula:
911 2720 961 2746 qua

1064 2714 1159 2747 uropria
1186 2714 1352 2748 pet-lectione
1368 2711 1486 2749 prwditte
1507 2718 1580 2745 sunt,
1595 2718 1624 2740 et
1641 2712 1738 2738 ordine
1753 2719 1825 2746 qu0<

201 2744 262 2768 dam
278 2743 420 2776 copulatae.
439 2748 524 2771 totum
539 2745 674 2780 quoddam
691 2743 844 2780 perficiunt,
861 2754 889 2774 ut
902 2743 928 2774 in
946 2743 1084 2782 universo,
1101 2743 1128 2775 ct
1143 2749 1169 2776 in
1186 2743 1309 2777 homine.
1323 2743 1484 2778 llic'rotheus
1500 2757 1565 2784 ergo
1575 2743 1658 2783 Vdocel
1684 2743 1825 2779 (Ιυοιιῖυιιιι

240 2853 248 2873 ι
262 2854 340 2883 Joau.
357 2863 400 2884 sV.
