1929 3068
1693 205 1744 232 658

116 200 171 228 657
426 199 469 226 DE
486 199 613 227 DlVlNlS
627 200 828 234 NOMINIBUS,
847 200 894 228 CA'

947 201 974 229 ll.
992 217 1027 224 ——
1043 201 1216 229 PARAPlIR.
1235 202 1470 231 ΡΑΟΗΥΜΕΠᾹΞ.

117 258 249 301 divinitas
262 258 366 299 _Cb_risti
380 264 422 286 est
436 266 519 301 causa
537 260 563 286 in
578 259 621 286 his
634 261 771 301 omnibus,
786 261 935 301 incipitque
951 261 984 288 ab
999 265 1133 294 extremo,
1149 263 1174 290 id
1190 268 1231 290 est
1249 271 1262 289 a
1285 268 1350 296 toto,
1364 268 1392 291 et
1410 269 1514 293 remeat
1527 265 1553 292 in
1568 265 1698 300 primum,
1716 266 1744 293 id

115 298 160 321 est
184 293 211 320 in
229 293 359 333 principia
377 301 477 334 rerum.
494 295 643 322 Conservat
657 296 749 330 igitur,
764 286 865 330 inquit,
882 286 1394 334 uinivéfsdiﬁigi'ﬁariés'hiiivdﬁQithi

115 337 151 369 eo
170 332 378 372 conspirantes;
391 335 418 356 et
433 332 491 372 ipsa
510 335 727 372 nonnestrtotm'n,
742 339 832 372 neque
847 332 998 372 pars,‘quia
1013 332 1118 360 scilicet
1131 341 1183 360 non
1201 334 1282 360 habet
1299 334 1492 367 perfectionem
1507 336 1591 362 totius
1606 340 1633 362 ct
1647 337 1732 369 partis

116 365 189 405 sient
202 369 287 406 totum
301 369 329 406 et
344 371 417 406 pars,
434 355 480 405 sred
497 365 673 406 excellentius
698 355 727 392 iii
742 355 889 406 iii—libitum,

113 400 179 441 quia
196 399 326 441 quidquid
344 391 520 441 perfectionis
535 391 620 441 estin

114 439 188 476 sum.
208 434 273 476 illud
290 441 365 475 vero.
380 436 526 476 substantia
541 436 602 462 totis
613 434 903 476 subslqiuiisinsiatens
920 434 1066 471 impolluta.
1081 439 1216 473 signiﬁcat
1241 447 1302 466 esse
1320 434 1402 466 Deum
1419 440 1444 466 in
1467 434 1591 467 omnibus
1615 441 1744 467 substan-

115 469 161 512 tiis
173 489 180 501 ,
197 473 224 512 et
244 469 278 496 ab
293 469 508 512 eisnpartiIcipat-i
534 479 657 512 nonmpcr
669 472 858 512 admistionem
872 492 878 502 .
897 469 1014 512 hoc-cst,
1039 481 1091 500 tton
1106 469 1216 500 inisceri
1231 482 1293 501 cum
1310 475 1368 506 eis;
1389 475 1425 501 ita
1441 480 1550 502 sanctus
1566 476 1688 503 Thomas
1710 476 1743 501 ad

116 504 189 532 hunc
207 504 309 532 locum.
329 505 446 533 Consule
462 507 525 533 item
540 507 566 534 in
580 506 822 535 Observationibus
836 504 1011 542 generalibus
1021 513 1147 535 octavam
1165 514 1192 535 et
1205 517 1314 537 nonam.

603 664 686 700 323
708 664 950 693 P.-\RAl’llR.\SlS
967 666 1192 694 PACllYMERzE
1212 666 1277 702 (δε).

148 741 161 776 §
177 742 197 768 Ι.
214 742 249 768 Τὸ
265 743 351 779 παρὸν
375 744 521 779 κεφάλαιόν
535 746 593 773 ἐστι
615 748 678 782 περὶ
694 748 837 784 ήνωμὲνης
854 750 894 776 καὶ

987 747 1000 782 §
1016 746 1034 773 Ι.
1051 748 1106 773 lloc
1119 753 1238 780 praesens
1256 749 1338 779 caput
1349 747 1390 771 est
1404 744 1437 770 de
1460 744 1533 770 unita
1559 743 1741 777 distinctaque

109 787 321 824 θιακεκριμένης
347 789 494 825 Θεολογὶας.
523 792 630 828 Ἐπειδὴ
654 794 709 829 γὰρ
734 796 863 831 προέθετο
887 797 901 822 ὁ

109 833 188 867 ἇγιος
199 834 261 869 περὶ
273 834 351 862 θείων
362 835 500 871 ὀνομάτων
511 839 607 870 εἰπεῖν,
619 840 652 866 τὰ
664 840 692 867 δὲ
703 841 762 868 θεῖα
771 842 900 877 ὀνόματα,

108 879 145 906 τὰ
161 880 210 915 μὲν
224 881 320 913 κοινῶς
335 883 382 909 καὶ
403 885 459 915 τοῖς
482 886 556 920 τρισὶ
570 885 724 923 θεαρχικοῖς
742 889 901 925 Προσώποις

109 926 270 961 ἁρμόζουσι,
294 927 365 955 τὰδὲ
382 930 432 964 μιᾷ
445 930 547 966 ἑκάστῃ
564 932 617 958 τῶν
638 933 842 963 Ὑποστάσεων”
858 937 902 964 διὰ

107 972 189 998 τοῦτο
202 972 236 999 τὰ
250 973 299 1007 μὲν
322 974 419 1006 κοινῶς
438 976 471 1011 τῇ
497 976 557 1012 Οείᾳ
579 977 657 1011 φύσει
672 979 824 1015 ἁρμόζοντα
845 982 901 1008 ὀνό-

110 1026 199 1053 ματα,
221 1019 378 1054 ἡνωμένην
392 1021 539 1057 ἐπιγράφει
563 1023 714 1058 θεολογίαν·
738 1025 773 1052 τὰ
797 1027 825 1053 δὲ
852 1029 901 1062 μιᾷ

107 1063 212 1099 ἑκάστῃ
223 1064 406 1098 ὑποστάσεων,
421 1056 656 1102 διακέκριμένηιλ.
669 1071 722 1097 Καὶ
736 1071 815 1098 πάλιν
827 1056 900 1100 οέίαῶ

107 1108 206 1135 ἕνωσιν
225 1109 297 1144 λέγει
318 1111 366 1147 τὴν
387 1113 505 1148 κρυφίαν
525 1114 572 1140 καὶ
586 1115 776 1152 ἀκατάληπτον
798 1118 899 1152 γνῶσιν

107 1154 158 1189 τῆς
177 1154 252 1186 θείας
273 1156 389 1190 φύσεως,
408 1158 466 1194 (τὴν
488 1159 541 1194 γὰρ
553 1160 646 1188 οὐσίαν
664 1162 747 1197 αὐτὴν
760 1163 809 1198 τῆς
829 1164 899 1190 ἀκα-

106 1199 245 1246 ταλήπτου
267 1201 382 1237 Τριάδος
402 1204 427 1229 τί
449 1205 522 1232 ἐστιν
541 1207 627 1238 οὐδεὶς
647 1207 781 1241 γνώσεταί
803 1210 899 1246 ποτε

106 1245 244 1281 διάκρισιν
270 1247 298 1274 δὲ
318 1248 392 1276 Θείαν
406 1249 456 1282 τὰς
484 1252 681 1286 ἐνυποστάτους
708 1256 898 1292 προσκυνητὰς

107 1293 251 1328 ὑπάρξεις,
260 1295 392 1328 τουτέστι,
405 1297 451 1323 τοῦ
464 1298 513 1333 μὲν
525 1299 589 1326 Υἰοῦ
601 1300 646 1326 τὸν
659 1301 691 1327 ὲκ
701 1302 806 1337 Πατρὸς
820 1303 899 1330 ἀνέχ-

106 1348 228 1374 φροιστον
248 1341 438 1378 ἀπαυγασμὺν,
462 1344 507 1371 τοῦ
532 1345 560 1371 δὲ
585 1347 716 1381 παναγίου
741 1348 898 1383 Πνεύματος

172 1386 204 1411 ἐκ
218 1386 325 1422 Πατρὸς
332 1389 490 1425 ἀνεννόητον
503 1392 675 1428 ἐκπόρευσιν,
686 1394 734 1430 τὴν
750 1394 897 1431 θεαργικὴν

954 793 1100 827 theologia.
1115 792 1182 819 Cum
1195 793 1267 819 enim
1283 791 1326 818 hic
1338 796 1450 817 sanctus
1465 791 1498 817 de
1511 790 1610 816 divinis
1625 790 1741 817 nomini-

952 840 1002 867 bus
1024 839 1095 874 loqui
1122 837 1304 874 proposuerit,
1324 837 1413 864 divina
1436 844 1499 864 vero
1524 837 1644 867 nomina,
1665 844 1740 870 qua:-

952 887 1013 913 dam
1036 886 1064 913 in
1087 885 1223 913 communi
1252 884 1337 911 tribus
1369 882 1497 911 Personis
1522 882 1620 909 divinis
1643 889 1742 909 convc-

952 933 1039 964 niant,
1054 931 1177 966 quantam
1191 930 1273 957 etiam
1290 930 1336 956 uni
1352 936 1385 956 ex
1402 928 1529 955 l’ersonis
1544 928 1598 955 illis
1613 928 1639 954 in
1654 928 1740 961 parti-

952 978 1049 1011 culari,
1063 977 1166 1004 idcirco
1179 976 1224 1002 illa
1240 975 1348 1007 quidctn
1366 974 1473 1001 nomina
1489 981 1548 1008 qum
1561 973 1588 1000 in
1603 973 1743 1000 communi

951 1024 1050 1051 divina:
1064 1026 1168 1050 natum
1193 1025 1357 1056 congruunt,
1375 1021 1475 1046 unitum
1500 1018 1623 1046 inscribit
1637 1017 1742 1045 theolo-

952 1072 1035 1106 giam,
1049 1077 1108 1104 quae
1121 1076 1186 1096 vero
1199 1067 1311 1094 cuilibet
1323 1074 1443 1101 persona)
1455 1066 1481 1092 in
1495 1064 1654 1100 particulari
1666 1071 1741 1091 com-

952 1121 1067 1151 petunt,
1093 1115 1253 1142 distinctum.
1281 1113 1315 1139 Et
1341 1120 1435 1138 rursus
1464 1111 1583 1138 divinam
1611 1109 1740 1137 unionem

952 1166 1031 1189 vocat
1045 1160 1177 1188 occultam
1202 1163 1229 1186 et
1253 1155 1554 1191 incomprehensibilem
1571 1154 1670 1181 divime
1687 1161 1739 1180 na-

953 1214 1020 1236 tur-ve
1039 1207 1219 1242 cognitionem
1243 1205 1318 1240 (nam
1333 1205 1482 1231 essentiam
1507 1200 1740 1236 incomprehensi-

951 1255 1011 1282 bilis
1025 1253 1175 1285 Triuitatis,
1188 1251 1253 1287 quid
1270 1251 1316 1283 sit,
1333 1257 1413 1276 nemo
1428 1252 1574 1284 cognoscet
1589 1248 1718 1281 unquam)
1731 1254 1738 1277 ;

951 1302 1069 1329 divinam
1086 1308 1149 1327 vero
1171 1299 1387 1330 distinctionem,
1410 1296 1589 1324 subsistentes
1615 1294 1738 1322 existens

953 1349 1003 1375 tias
1014 1347 1178 1379 adorandas,
1194 1346 1220 1373 id
1234 1350 1276 1372 est
1291 1344 1352 1371 Filii
1367 1343 1476 1378 quidem
1495 1349 1527 1369 ex
1543 1341 1624 1368 Patre
1647 1339 1740 1374 splen-

951 1397 1044 1423 dorem
1068 1393 1245 1425 inell'abilem,
1262 1391 1352 1419 sancti
1381 1398 1447 1417 vero
1471 1388 1590 1424 Spiritus
1604 1395 1638 1414 ex
1659 1386 1740 1413 Patre

107 1432 173 1465 ὅλην
191 1432 318 1467 ὕπαρξιν,
337 1434 435 1468 μᾶλλον
448 1435 476 1461 δὲ
492 1437 551 1463 οὐδὲ
568 1438 668 1473 κυρίως
685 1439 813 1475 ὓπαρξιν,
831 1441 894 1468 ἀλλὰ

953 1440 1188 1475 ineonceptibilem
1206 1439 1408 1474 proccssionem
1420 1458 1428 1471 ,
1442 1437 1559 1464 divinam
1576 1439 1659 1463 totam
1679 1434 1739 1460 esi-

107 1475 315 1526 t'maptimtpgtir
339 1479 395 1506 ἀλλ’
415 1481 508 1518 ἐπειδὴ
533 1484 607 1511 πᾶσα
621 1485 738 1522 ὒπαρξις
757 1488 896 1524 ἐξαυτῆς,

107 1521 141 1547 ὲκ
151 1521 205 1548 τῶν
215 1523 342 1550 αἰτιατών
356 1527 511 1561 κτισμάτων
522 1521 684 1564 ὀνομάζεται
700 1532 825 1568 ὕπαρξις.
843 1521 897 1570 Τῆν

106 1568 173 1617 γοῦν
193 1568 339 1617 οεῌαρχικὴν
357 1573 458 1608 ταύτην
481 1574 598 1611 ὓπαρξιν
618 1578 691 1613 ὅλην,
713 1581 834 1607 τουτέστι
848 1568 896 1617 τῆν

106 1613 173 1664 μιίαν
185 1615 231 1665 καὶ
246 1616 330 1665 μόνην
346 1617 468 1665 οεοτητα,
482 1619 552 1655 (ἔθος
564 1622 618 1658 γὰρ
632 1624 706 1660 αὐτῷ
718 1625 788 1652 οὕτω
804 1613 896 1654 καλεέν

104 1667 155 1708 ’την
175 1661 225 1708 τῆς
236 1661 324 1708 μαγίας
342 1663 389 1689 καὶ
410 1665 493 1701 μόνης
511 1670 701 1705 προσκυνητῆς
716 1671 829 1706 Τριάδος
847 1673 896 1708 τὴν

104 1707 135 1731 ὲν
141 1706 410 1755 τρισὶνΎποστάσεσι
422 1713 624 1749 γνωριζομένην
635 1715 749 1752 Θεότητα
760 1718 779 1754 ,)
795 1706 895 1756 ratiqu

104 1760 174 1805 γονον.
182 1752 298 1805 ὅτιτοτὲ
313 1755 385 1781 ἐστιν
398 1757 413 1791 ἡ
428 1757 641 1795 αὑτοαγαθότης,
653 1762 668 1787 ὁ
682 1752 784 1798 Κύριος
799 1764 827 1790 ἐν
838 1752 894 1797 τοις

103 1799 188 1832 ιεροῗς
205 1799 380 1834 Εὐαγγελίοις
394 1803 534 1838 γνωρίζων
549 1806 614 1841 ἡμῖν
626 1807 760 1842 ὑμνεῖται,
773 1811 894 1837 τουτέστι

106 1844 177 1879 μετὰ
199 1846 288 1881 πάσης
312 1848 454 1881 εὐλαϐείας
477 1851 522 1877 καὶ
548 1851 674 1888 Θεότητος
701 1858 891 1884 κατανοεῖται·

103 1889 175 1938 αὑτὴ
195 1891 249 1938 γὰρ
272 1893 287 1928 ἡ
309 1893 421 1929 θεαρχία
441 1896 455 1921 ὁ
478 1896 578 1932 Κύριος
606 1899 794 1936 ὑφηγούμενος
818 1903 893 1938 ἔλεγε

104 1936 174 1970 πρὸς
186 1937 231 1963 τὸν
250 1938 410 1973 ὲρωτῶντα’
437 1941 466 1968 Τί
482 1950 520 1976 με
535 1943 634 1978 λέγεις
646 1946 776 1981 ιὶγαθόν;
795 1936 895 1983 οὐδεὶς

102 1984 224 2018 ἀγαθὸς,
237 1987 263 2012 sl
273 1986 316 2021 μὴ
328 1988 371 2020 εἷς
384 1990 400 2015 ὁ
420 1989 501 2022 Θεός.
520 1990 605 2018 Τοῦτο
620 1992 668 2027 μὲν
681 1991 727 2020 οὖν
741 1995 786 2021 καὶ
805 1996 834 2022 ἐν
846 1995 893 2023 ἄλ-

104 2031 161 2063 λοις
182 2033 288 2068 εἴρηται
310 2036 374 2069 παρ’
389 2035 467 2071 ἡμῶν
483 2037 635 2072 ὲξετασθὲν,
658 2040 698 2067 ὅτι
722 2041 751 2068 οὐ
775 2043 894 2078 μερικῶς

103 2079 147 2112 ἐφ’
162 2079 202 2105 ἐνὶ
218 2080 271 2107 τῶν
286 2081 438 2118 οεαρχικῶν
460 2086 634 2113 ὐποστάπεων
648 2086 681 2113 τὰ
703 2087 814 2115 τοιαῦτα
834 2089 893 2116 ὀνό-

105 2133 178 2159 ματα
189 2125 321 2160 λέγονται,
336 2129 392 2155 ἀλλ’
407 2131 452 2157 ἐπὶ
463 2131 513 2166 τῆς
527 2131 590 2167 ὅλης
604 2133 650 2160 καὶ
664 2133 783 2169 πλήρους
799 2135 892 2171 θεότη-
908 2121 928 2150 C

102 2180 150 2203 τος
160 2180 166 2186 “
193 2173 239 2199 καὶ
254 2174 294 2200 ὅτι
311 2176 398 2202 πάντα
419 2177 505 2204 ταῦτα
520 2179 554 2206 τὰ
569 2179 646 2206 κοινὰ
660 2180 779 2216 ὀνόματα
799 2182 892 2209 ἀνατί-

103 2216 195 2244 θενται
216 2219 335 2255 ἁμερῶς,
357 2221 386 2247 οὐ
411 2223 576 2258 μεριζόμενα
596 2225 666 2252 κατὰ
689 2226 892 2262 ἀποκλήρωσιν.

101 2263 140 2295 ὡς
154 2264 182 2290 ἓν
195 2265 340 2300 Πρός-ωπον
354 2288 360 2299 ,
382 2268 438 2294 ἀλλ’
453 2270 495 2304 ἐφ’
509 2270 549 2296 ἑνὶ
564 2271 680 2307 ἑκάστῳ,
706 2273 751 2299 καὶ
773 2274 819 2300 ἐπὶ
838 2275 893 2306 τοῖς

102 2312 177 2337 rotat
197 2312 304 2344 κοινῶς,
332 2314 482 2347 ἀπολύτως,
510 2317 648 2344 τουτέστιν
670 2319 700 2344 οὐ
725 2320 793 2354 μετά
821 2328 893 2351 τινος

103 2356 263 2393 προσθήκης
285 2360 325 2391 εὶς
349 2360 378 2386 ἓν
394 2361 552 2397 Προσωπον,
579 2365 626 2391 καὶ
647 2364 709 2400 δίχα
730 2365 831 2401 ταύτης
853 2368 892 2399 εις

101 2401 183 2428 ἄλλο·
202 2403 258 2429 ἀλλ’
275 2404 504 2442 ἀπαρατηρήτως,
521 2409 559 2440 ὡς
581 2410 623 2444 ἐφ’
647 2410 686 2436 ἐνὶ
708 2411 824 2447 ἑκάττῳ,
847 2414 892 2439 καὶ

100 2448 150 2474 ἐπὶ
171 2450 226 2480 τοῖς
248 2451 320 2485 τρισὶ
342 2451 454 2483 κοινῶς·
472 2455 519 2480 καὶ
538 2454 576 2487 ὡς
603 2455 709 2488 κοινῶς,
727 2458 772 2483 καὶ
791 2458 833 2492 ἐφ’
850 2459 890 2485 ἐνὶ

100 2494 220 2530 ἑκάστῳ,
236 2496 283 2522 καὶ
297 2496 394 2528 ὑλικῶς
412 2499 457 2526 ἐπὶ
474 2500 565 2536 ἀπάτῃ
586 2502 617 2536 τῇ
636 2501 741 2538 ὀλότητι
763 2503 812 2537 τῆς
834 2503 891 2530 0εό-

99 2549 191 2575 τητος.
213 2542 267 2568 Καὶ
289 2543 354 2576 γοῦν
368 2545 415 2570 καὶ
434 2544 472 2576 ὡς
487 2546 516 2571 ὲν
539 2546 627 2578 ἄλλοις
647 2548 854 2584 ὑπεμνήσαμεν,
873 2551 887 2577 ὁ

100 2587 139 2623 μὴ
152 2588 243 2621 κοινὰς
259 2588 328 2618 εἶναι
341 2591 426 2627 λέγων
440 2593 489 2625 τὰς
504 2594 656 2630 θεωνυμίας
670 2596 811 2632 ἀποσχίζει
827 2598 890 2624 ἀσε-

97 2633 155 2665 ϐῶς
169 2634 218 2670 τὴν
234 2635 346 2671 ἑνότητα
365 2639 414 2673 τῆς
435 2641 623 2676 προπυνητῆς
639 2642 761 2676 Τριάδος.
783 2643 890 2677 Ῥητέον

97 2679 146 2707 οὖν
157 2682 195 2713 ὡς
206 2683 236 2709 τὸ
249 2683 277 2709 ὲν
287 2684 463 2719 Εὑαγγελίοις
471 2686 581 2720 ἀγαθὸς
591 2688 636 2713 ἐπὶ
651 2687 705 2713 τῶν
713 2688 795 2723 τριῶν
810 2688 889 2723 Θεαρ-

100 2727 184 2763 (ικῶν
206 2729 397 2757 ’Υποστέισεων
413 2731 570 2768 ἑκληπτέον,
592 2734 705 2770 καὶγὰρ
727 2735 798 2761 καὶὸ
822 2735 889 2768 ἀγα-

97 2774 200 2809 Οοφυὴς
216 2776 300 2810 Λόγος
311 2776 394 2811 λέγει·
414 2779 447 2804 Εἰ
458 2778 514 2805 οὖν
525 2780 541 2805 ὁ
555 2779 706 2814 ὀφθαλμός
719 2789 776 2808 σου
796 2788 888 2815 πονη-

139 2859 156 2869 “·
172 2854 256 2883 Marc.
276 2864 303 2887 tt.
323 2857 366 2884 l8.

950 1488 1089 1520 stentiam,
1106 1487 1146 1514 vel
1170 1486 1261 1521 potius
1281 1485 1391 1520 proprie
1409 1491 1463 1511 non
1488 1481 1674 1512 existentiam,
1691 1479 1738 1507 sed

950 1532 1216 1568 superexistentiam,
1234 1532 1281 1559 sed
1296 1531 1427 1566 quoniam
1440 1529 1528 1556 omnis
1545 1526 1689 1555 existentia
1704 1533 1736 1553 ex

949 1582 1006 1615 ipsa
1021 1585 1079 1614 est,
1093 1587 1127 1608 ex
1143 1579 1246 1607 eﬂ'ectis
1258 1579 1393 1606 creaturis
1410 1576 1556 1605 existentia
1570 1574 1736 1603 nominatur.

949 1627 1024 1654 Hanc
1036 1627 1127 1660 itaque
1142 1625 1260 1652 divinam
1276 1629 1358 1652 totam
1372 1623 1557 1654 existentiam,
1574 1621 1601 1648 id
1617 1626 1659 1647 est
1675 1620 1737 1646 uni-

948 1680 1008 1700 cam
1022 1676 1049 1700 et
1063 1672 1147 1700 solam
1164 1671 1296 1698 Deitatem
1313 1671 1364 1706 (sic
1378 1670 1450 1696 enim
1463 1667 1600 1703 appellare
1621 1673 1736 1696 consue-

949 1718 987 1745 vit
1011 1721 1113 1745 sancta:
1139 1721 1221 1751 atque
1248 1716 1333 1743 solum
1360 1715 1504 1742 adoranda:
1535 1711 1678 1739 Trinitatis
1708 1710 1735 1737 iu

948 1765 1033 1792 tribus
1046 1763 1174 1790 Personis
1187 1763 1306 1797 agnitam
1322 1761 1466 1796 Deitatem)
1477 1767 1484 1791 ;
1497 1760 1567 1786 hanc
1578 1779 1587 1792 ,
1608 1758 1736 1792 inquam,

947 1812 1033 1846 ipsam
1046 1817 1094 1845 per
1111 1816 1142 1836 se
1159 1809 1307 1836 bonitatem
1334 1814 1406 1839 esse,
1430 1807 1457 1832 in
1480 1804 1634 1839 Evangeliis
1659 1803 1736 1830 nobis

946 1857 1098 1885 declarasse
1118 1855 1249 1882 Dominus
1274 1853 1447 1888 prazdicatur,
1464 1852 1491 1879 id
1515 1856 1558 1878 est
1582 1857 1644 1877 cum
1661 1849 1735 1876 omni

946 1903 1078 1938 religione
1102 1909 1135 1929 ac
1161 1900 1305 1928 divinitate
1329 1899 1503 1934 agnoscitur;
1533 1905 1596 1923 nam
1622 1897 1736 1931 ipsemet

946 1951 1017 1978 Deus
1026 1949 1155 1976 Dominus
1166 1946 1328 1981 explicando
1339 1945 1408 1973 dixit
1416 1944 1524 1971 cuidam
1536 1942 1734 1977 interroganti:

947 1995 1018 2028 Quid
1029 2002 1069 2022 me
1079 1994 1145 2021 dicis
1157 1995 1251 2020 bonum
1260 1994 1271 2019 ξ’
1281 2000 1354 2019 nemo
1365 1991 1459 2023 bonus,
1472 1991 1522 2017 nisi
1535 1989 1605 2016 solus
1619 1988 1690 2015 Deus
1702 1993 1733 2014 ω.

949 2042 1046 2069 Verum
1072 2042 1124 2068 hoc
1148 2040 1211 2067 aliis
1233 2040 1316 2066 etiam
1340 2038 1406 2065 locis
1430 2045 1445 2064 a
1471 2036 1549 2063 nobis
1566 2034 1733 2069 expositum,

948 2087 1097 2115 istiusmodi
1117 2087 1226 2114 nomina
1251 2093 1303 2112 non
1321 2083 1476 2119 partialiter
1491 2082 1524 2109 de
1546 2089 1598 2108 una
1613 2088 1647 2108 ex
1667 2080 1734 2108 Per—

946 2134 1018 2162 sonis
1031 2133 1129 2160 divinis
1144 2132 1207 2164 dici,
1219 2132 1265 2159 sed
1280 2131 1314 2158 de
1329 2135 1382 2157 tota
1398 2129 1531 2164 plenaque
1545 2127 1650 2154 Deitate
1663 2135 1670 2158 ;
1684 2133 1734 2152 nec

946 2188 999 2207 non
1023 2179 1113 2207 omnia
1140 2179 1197 2205 hinc
1226 2178 1335 2205 nomina
1365 2175 1520 2204 communia
1543 2174 1594 2208 ipsi
1621 2173 1734 2200 attribui

946 2226 1160 2261 imparticipate,
1187 2225 1212 2252 id
1243 2229 1285 2252 est
1314 2232 1367 2250 non
1395 2223 1558 2258 participata
1583 2219 1732 2247 secundmn

944 2271 1236 2304 atlributionem,sicut
1247 2278 1299 2297 una
1312 2269 1440 2301 Persona,
1449 2268 1496 2295 sed
1508 2267 1541 2294 ad
1554 2272 1732 2300 unamquam-

944 2327 996 2354 que
1018 2324 1046 2347 et
1068 2319 1101 2346 ad
1115 2324 1168 2346 tres
1193 2319 1219 2345 in
1243 2317 1391 2348 communi,
1408 2315 1540 2347 absolute,
1557 2314 1583 2341 id
1608 2317 1650 2340 est
1672 2312 1732 2338 sine

945 2366 996 2393 ulla
1013 2365 1184 2393 restrictione
1199 2365 1232 2392 ad
1253 2371 1335 2391 unam
1362 2362 1522 2393 Personam,
1540 2359 1580 2387 vel
1603 2359 1662 2386 sine
1680 2359 1732 2385 hac

944 2415 976 2440 ad
991 2412 1084 2444 aliam,
1097 2411 1144 2439 sed
1160 2411 1219 2439 sine
1234 2409 1429 2441 reservatione,
1447 2407 1485 2434 uti
1501 2408 1535 2433 ad
1552 2413 1731 2439 unamquam-

943 2465 1004 2492 que,
1020 2458 1059 2485 sie
1074 2458 1156 2485 etiam
1172 2456 1206 2484 ad
1224 2460 1279 2483 tres
1296 2455 1322 2482 in
1341 2453 1478 2482 communi
1493 2461 1500 2485 ;
1516 2457 1544 2479 et.
1567 2451 1728 2482 universim,

944 2509 998 2530 tam
1011 2504 1045 2531 ad
1062 2509 1291 2538 unamquamque,
1310 2508 1392 2536 quam
1413 2500 1541 2527 universe
1566 2497 1599 2524 ad
1620 2504 1729 2524 onmem

942 2550 1147 2577 universitatem
1164 2548 1313 2576 divinitatis
1326 2546 1433 2574 referri.
1447 2544 1598 2579 Siquidem,
1612 2547 1641 2569 ut
1663 2541 1728 2568 alibi

942 2595 1124 2627 meminimus,
1135 2594 1180 2629 qui
1193 2594 1250 2622 hinc
1261 2593 1353 2621 divina
1366 2591 1475 2619 nomina
1488 2595 1568 2625 negat
1579 2597 1640 2617 esse
1654 2596 1729 2616 com-

942 2641 1043 2674 munia,
1060 2641 1186 2669 distrahit
1201 2640 1313 2668 omnino
1328 2639 1411 2673 impie
1430 2638 1560 2664 unitatem
1581 2635 1728 2662 adorandae

941 2687 1091 2715 Trinitatis.
1117 2687 1262 2714 Dicendum
1288 2687 1389 2719 itaque,
1405 2684 1431 2710 in
1457 2681 1612 2717 Evangeliis
1632 2689 1726 2708 vocem

940 2734 1023 2770 329
1038 2735 1109 2762 illam
1126 2735 1206 2761 bonus
1226 2733 1259 2761 de
1280 2732 1365 2759 tribus
1385 2730 1486 2758 divinis
1507 2729 1638 2757 Personis
1653 2729 1727 2755 acci~

943 2782 1069 2816 piendam
1087 2788 1159 2814 esse;
1175 2788 1236 2808 nam
1252 2781 1353 2808 bonum
1373 2778 1490 2806 Verbum
1506 2778 1564 2804 ait:
1581 2777 1619 2802 An
1633 2775 1724 2802 oculus

145 2934 200 2967 ιῦῧ)
216 2933 282 2963 Vide
298 2934 408 2964 Scholia
422 2936 450 2964 S.
466 2936 588 2971 Maxim.,
607 2941 671 2966 lout.
687 2937 717 2971 ll,
736 2946 794 2973 cap.
811 2938 827 2965 2
857 2937 892 2966 De
911 2938 1006 2966 divinis
1020 2938 1148 2965 nominib.
