1929 3068
201 178 253 220 659

783 191 811 218 S.
830 190 980 218 DIONYSH
998 189 1229 218 AREOPAGITAZ

1774 191 1827 218 660

201 257 262 278 Iuni
279 259 389 287 nequam
402 250 524 285 estgquin
540 258 587 285 ego
609 251 691 277 bonus
710 249 809 276 sum“?
831 253 858 276 et
878 257 986 276 rursum

1042 249 1091 282 ρός
1102 249 1197 280 ἐστιν,
1220 248 1265 275 ὅτι
1287 248 1345 284 ἐγὼ
1363 250 1473 284 ἀγαθός
1484 250 1557 284 εἰμι;
1583 249 1630 276 καὶ
1643 249 1723 277 πάλιν
1750 251 1828 288 παρὰ

200 298 271 332 apud
289 297 418 324 Davidem
438 297 462 323 in
478 294 593 323 Psalmis
606 296 741 323 dicentem
757 296 913 329 reperitur:
929 294 989 328 Spi-

200 344 267 370 ritus
289 348 349 369 tuus
372 341 454 369 bonus
478 343 588 368 deducet
605 350 645 368 me
667 342 694 368 in
713 341 781 368 viain
801 344 937 373 rectam”;
960 346 988 368 et

201 391 311 421 iterum,
322 389 347 415 id
361 389 433 423 quod
446 388 479 415 ad
496 388 614 423 Moysem
629 388 729 415 dictum
740 391 798 415 est:
811 387 866 422 Ego
875 383 932 413 sunt
942 388 987 422 qui

199 443 256 460 sum
267 439 289 460 ιι.
305 433 332 460 Si
350 435 375 460 id
398 433 518 460 nonnulli
537 433 581 460 uni
596 427 719 467 personat
736 432 874 460 ascribere
890 433 986 466 velint,

199 481 336 514 quomodo
359 479 530 515 intelligent,
557 487 617 514 quae
637 479 664 506 in
689 478 853 514 Apoealypsi
875 476 988 506 Joannis

199 528 375 562 evangelista
390 527 423 554 de
440 527 520 554 Patre
539 527 611 553 dicta
627 530 709 553 sunt:
725 525 776 558 Qui
790 530 845 558 est,
861 526 906 560 qui
919 531 986 558 erat,

198 572 243 606 qui
265 579 389 600 uenturus
402 577 438 599 est
451 573 516 599 ιι-τῖ)
536 572 569 599 de
586 571 655 599 Filio
672 579 736 599 vero
756 573 781 598 in
802 571 904 599 Davide
922 581 929 598 :
948 572 988 599 Tu

199 625 285 646 autem
302 619 370 646 idem
386 620 441 653 ipse
456 627 482 646 es
493 619 523 645 ﬁ?
539 619 571 646 de
592 623 687 646 sancto
710 624 817 652 quoque
832 617 935 651 Spiritu
961 618 987 644 in

199 665 355 701 Evangelils
371 674 378 692 :
396 665 514 698 Spiritu:
533 664 653 691 ueritatis
671 664 715 698 ‘qui
734 669 789 695 est,
808 662 854 698 qui
871 672 886 689 α
906 662 988 691 Patre

197 713 316 746 procedit
328 712 337 730 ι
349 712 361 739 ?
375 712 408 739 Et
422 713 538 739 observa
551 731 558 743 ,
574 710 711 745 quomodo
737 711 796 737 hazc
817 710 890 737 dicat
911 717 989 737 usur-

199 756 275 793 pari;
301 766 373 785 nunc
403 754 475 785 enim
502 759 556 784 non
582 757 617 784 ita
643 755 741 783 fertur.
767 756 800 783 Et
826 764 933 783 rursum
955 756 989 783 de

197 803 265 836 \ita,
290 802 342 830 nisi
365 803 422 830 haec
443 803 477 829 de
493 801 579 828 tribus
601 802 728 836 personis
747 800 818 828 dicta
839 801 905 832 sint,
922 808 987 835 qno-

200 850 282 877 modo
296 849 323 876 in
341 849 442 876 divinis
464 847 619 883 Evangeliis
643 848 789 882 reperitur,
810 849 898 882 quod,
922 847 988 873 sicut

201 888 282 922 Pater
293 892 404 921 suscitat
418 892 538 920 ntortuos
553 898 578 919 et
589 893 715 927 uini/ient.
728 894 765 920 sic
779 899 802 920 et
818 893 907 921 Filius
924 902 988 929 quos

198 941 254 968 vult
268 940 383 974 vivi/ient
397 940 428 966 ‘4?
443 940 475 967 Et
490 940 554 966 illud
571 949 578 966 :
597 940 712 974 Spiritus
724 945 761 967 est
777 941 820 975 qui
833 941 944 974 vivi/ica!
956 941 990 967 V?

198 984 275 1019 Quod
293 991 383 1014 autem
400 994 498 1014 nomen
523 986 652 1013 Dominus
675 987 758 1014 etiam
779 994 923 1014 commune
935 987 986 1020 sit,

198 1029 232 1060 ile
245 1032 300 1060 Deo
315 1033 424 1068 quidem
437 1033 482 1067 qui
498 1033 581 1060 Deum
594 1033 704 1067 genuit,
719 1033 777 1060 sive
793 1033 884 1066 Patre,
908 1038 934 1060 et
954 1033 987 1060 de

198 1076 254 1107 Deo
273 1079 318 1113 qui
333 1079 442 1114 genitus
456 1084 511 1111 est,
527 1079 584 1106 sive
596 1079 676 1112 Filio,
690 1078 733 1106 vix
750 1079 802 1106 dici
817 1080 902 1114 possit
922 1087 988 1114 quo-

199 1122 251 1152 iies
265 1125 379 1152 dicatur.
398 1124 469 1158 Quin
491 1125 572 1151 etiam
589 1124 709 1158 Spiritus
730 1128 840 1152 sanctus
859 1124 988 1152 Dominus

197 1176 242 1198 cst
258 1180 266 1198 :
281 1170 410 1198 similiter
425 1179 533 1206 quoque
548 1171 704 1206 pulchrum,
723 1175 751 1198 et
769 1171 886 1205 sapiens,
903 1175 930 1198 et
945 1171 988 1197 lu-

199 1212 273 1249 men,
289 1221 318 1244 et
332 1213 457 1244 deificum
469 1237 476 1248 .
498 1223 526 1244 et
547 1224 642 1244 causa.
659 1216 767 1249 Omnia,
790 1217 910 1251 inquam,
932 1217 989 1244 lucc

199 1261 311 1291 nomina
335 1263 490 1290 summatim
516 1263 550 1289 de
571 1263 628 1291 tota
651 1262 757 1290 Deitate
785 1263 987 1296 przcdicantur,

197 1307 275 1345 juxta
291 1308 355 1336 illud
370 1317 377 1335 :
391 1308 486 1335 Omnia
499 1305 530 1335 ea:
544 1308 596 1336 Deo
612 1312 673 1335 sunt
683 1315 696 1329 ι
708 1328 716 1342 ,
732 1313 759 1336 et
772 1307 894 1335 diffusius
906 1308 988 1335 etiam

200 1356 234 1382 de
251 1355 366 1390 singulis
382 1353 523 1383 Personis.
544 1360 574 1381 ut
589 1362 650 1381 cum
672 1355 704 1381 de
724 1353 778 1381 Deo
793 1353 903 1388 quidem
922 1353 989 1380 Filio

200 1400 265 1429 dicit
279 1411 285 1429 :
305 1400 400 1429 Omnia
413 1410 458 1436 per
471 1401 554 1435 ipsum
566 1406 589 1427 et
601 1400 627 1427 in
641 1401 695 1434 ipso
712 1400 783 1434 facta
796 1404 856 1426 sunt
866 1403 891 1431 1,
903 1403 928 1426 et
939 1407 946 1425 :
956 1398 987 1427 In

200 1450 256 1482 ipso
269 1452 364 1474 cuncta
380 1447 559 1474 consistunt".
583 1445 639 1474 Hoc
663 1446 735 1472 enim
751 1453 846 1472 omnes
870 1445 991 1472 referunt.

199 1491 235 1523 ad
248 1495 367 1523 Verbum
389 1495 461 1530 quod
476 1499 562 1522 creat.
577 1495 614 1522 De
630 1494 732 1529 Spiritu
750 1498 841 1521 autem
859 1504 864 1521 :
881 1493 990 1520 Emitte:

201 1538 332 1576 Spiritum
356 1546 429 1567 tuum
443 1560 451 1573 ,
469 1547 494 1566 et
513 1541 672 1567 rreabuntur
684 1546 708 1567 α.
733 1539 766 1567 Et
787 1545 814 1566 ut
832 1539 990 1574 compendio

201 1589 263 1623 quis
282 1588 365 1620 dicat,
392 1587 508 1622 ipsemet
535 1587 665 1614 Dominus
685 1587 754 1614 dixit
776 1595 783 1613 :
808 1585 904 1613 Omnia
932 1594 991 1621 qua!

200 1628 276 1660 ~habet
290 1632 372 1660 Pater
385 1640 443 1659 mea
456 1638 515 1659 sunt
526 1633 539 1652 b
549 1653 556 1666 ,
569 1638 613 1659 et:
633 1632 728 1659 Omnia
741 1640 797 1658 mea
815 1637 859 1658 tua
878 1636 949 1663 sunt,
966 1637 990 1657 et

201 1675 247 1706 iua
262 1687 320 1706 mea
332 1685 425 1706 eunte.
442 1679 634 1706 Verumtamen
658 1681 715 1706 lia-c
743 1679 825 1706 etiam
851 1678 992 1705 sanctissi-

201 1734 246 1753 mo
276 1726 389 1760 Spiritui
425 1733 474 1761 per
506 1725 778 1752 comnmnicationem
811 1725 991 1759 uitionemque

199 1772 335 1800 ‘nttribuit.
372 1771 501 1806 Quzenam
531 1767 606 1799 lucc?
642 1771 753 1798 Divinas
790 1772 991 1806 operationes,

201 1817 229 1846 id
252 1823 294 1844 est
328 1818 478 1852 miracula,
504 1819 581 1853 jtu‘tta
603 1818 667 1845 illud
683 1826 692 1844 :
715 1817 745 1845 Si
769 1826 814 1853 ego
838 1819 863 1844 in
890 1817 992 1852 Spiritu

201 1863 251 1891 Dei
268 1864 346 1899 ejirio
369 1864 500 1892 dwmonia
511 1865 535 1891 ἀ.
558 1865 783 1898 Venerationcm,
803 1865 880 1899 juxta
905 1865 990 1892 illud:

205 1910 257 1942 Qui
274 1918 334 1937 vero
351 1910 566 1945 blasphemaverit
588 1911 615 1937 in
638 1910 766 1946 Spiritum
787 1917 918 1943 sanctum,
941 1918 993 1940 non

201 1957 350 1983 “remittetur
360 1957 384 1983 ei
392 1964 412 1984 -.
431 1957 544 1983 Fontem
558 1961 585 1984 et
600 1957 817 1984 distributionem
833 1959 992 1993 gratiarum,

200 2001 278 2035 juxta
295 2001 379 2028 illud:
394 2001 533 2036 Accipietis
553 2001 675 2028 'virtutem
697 2009 729 2028 ex
750 2001 804 2028 alto
818 2001 841 2033 ί,
865 2008 993 2035 superve-

205 2047 297 2074 niente
310 2047 412 2082 Spiritu
428 2051 534 2074 sancto.
551 2047 590 2073 Ac
605 2046 741 2074 neminem
757 2047 886 2074 existimo
897 2050 992 2074 eorum

205 2093 252 2127 qui
269 2093 420 2128 Scripturis
441 2093 650 2127 hanquaquam
666 2099 793 2126 perverse
807 2097 870 2120 sunt
886 2093 992 2125 imbuti,

204 2145 379 2175 negaturum,
396 2139 462 2174 quin
489 2139 640 2166 istiusmodi
659 2139 781 2168 nomina.
800 2143 853 2165 tam
873 2138 900 2165 in
918 2144 993 2165 com-

205 2183 282 2210 muni
300 2191 380 2218 quam
399 2183 426 2210 in
449 2182 621 2216 particulari,
645 2183 794 2209 secundum
820 2182 952 2209 rati0uem
969 2186 996 2209 et

206 2237 316 2256 causam
328 2229 412 2257 insint
426 2229 552 2256 omnibus
564 2227 688 2262 personis
704 2227 814 2259 divinis,
829 2227 865 2254 ita
878 2231 907 2253 ut
922 2234 994 2260 quae-

207 2277 272 2303 libet.
293 2277 329 2303 sit
352 2277 492 2311 perl‘ectus
511 2275 591 2306 Deus,
615 2280 643 2302 et
665 2283 774 2301 rursum
797 2281 892 2301 omnes
914 2273 996 2309 330
1011 2295 1033 2323 Ι)

208 2329 264 2349 tres
279 2322 334 2349 sint
347 2330 418 2349 unus
436 2322 576 2356 perfectus
593 2322 675 2349 licus.
691 2321 757 2348 Cum
775 2321 857 2356 igitur
870 2321 927 2347 lucc
945 2321 994 2346 im-

207 2368 414 2397 praesentiarum
431 2367 539 2401 quidem
564 2366 694 2399 breviter,
709 2366 773 2393 alilii
789 2369 852 2393 vero
870 2366 937 2392 satis
949 2366 995 2392 de-

208 2414 284 2441 ﬁnita
307 2413 372 2446 sint,
395 2413 579 2448 quodcunque
594 2413 701 2439 tandem
719 2413 852 2447 integrum
869 2415 896 2438 et
919 2419 994 2437 com-

209 2465 292 2486 mune
320 2459 368 2486 Dei
402 2467 499 2486 nomen
527 2460 664 2495 (excepto
697 2459 800 2486 scilicet
831 2458 940 2492 proprio
969 2462 996 2485 et

211 2507 369 2542 personali)
398 2507 536 2542 explicare
568 2507 771 2542 aggrediemur,
804 2506 829 2532 in
858 2505 992 2532 comunmi

212 2554 397 2588 accipiendum
413 2559 463 2581 est.

247 2599 262 2635 ᾗ
283 2599 314 2626 ll.
329 2599 357 2626 Si
373 2599 433 2634 quis
449 2604 537 2627 autem
554 2599 684 2634 obiecerit
701 2605 749 2626 nos
764 2599 815 2625 hoc
837 2598 917 2625 modo
933 2604 996 2625 con-

213 2645 347 2672 fusionem
364 2645 548 2678 iutroducere,
568 2649 596 2672 et
613 2644 668 2671 Deo
683 2649 881 2678 competente":
899 2643 996 2671 Perso-

214 2696 308 2718 narum
325 2692 526 2719 dislinctionem
542 2691 717 2723 confundere,
730 2691 801 2725 quod
815 2698 840 2718 ν,
855 2699 881 2725 g.
899 2699 995 2718 nomen

214 2733 275 2766 Fiiii
290 2738 337 2767 Dei
358 2739 391 2766 de
413 2744 469 2766 tota
485 2739 632 2766 Divinitate
648 2738 836 2773 prmdicemus,
853 2745 901 2764 nos
917 2743 996 2772 puta-

253 2857 265 2871 "
283 2851 379 2880 Matth.
391 2853 483 2885 ΗΑΒ.
523 2855 535 2869 ⁰
547 2851 619 2879 Psal.
635 2860 717 2884 «χιιι,
735 2851 777 2879 ‘|0.
817 2857 831 2876 ι)
844 2850 929 2878 Exod.
947 2857 986 2880 ιιι,

1042 2871 1043 2874 η
1082 2854 1123 2874 Γι-ι’
1140 2848 1224 2885 Apoc.
1245 2848 1306 2885 1.}.

1037 293 1076 329 τῷ
1088 294 1169 321 Δαυῒδ
1183 294 1307 330 εὕρηται,
1320 295 1435 329 λέγοντι·
1453 295 1487 322 Τὸ
1502 295 1627 331 Πνεῦμά
1639 305 1697 324 σου
1707 296 1740 324 τὸ
1753 298 1827 333 ἁγνι-

1038 341 1092 368 θὸν
1105 341 1249 376 ὁδηγήσει
1259 351 1297 377 με
1310 342 1345 368 ἐν
1357 341 1395 376 τῇ
1412 342 1513 376 εὐθείᾳ
1522 351 1528 357 ·
1544 343 1592 369 καὶ
1605 343 1685 370 πάλιν
1707 343 1738 370 τὺ
1759 345 1829 379 πρὸς

1038 387 1141 423 Μωσῆν
1162 388 1306 423 εἰρημένον
1318 396 1324 402 ·
1355 388 1428 422 Ἐγώ
1445 389 1503 423 ειμι
1516 389 1532 415 ό
1546 388 1598 415 ὧν.
1619 389 1681 415 Ἐὰν
1696 390 1830 425 περιγρά-

1037 432 1086 467 ψαι
1099 433 1230 468 θελήσωσί
1251 443 1322 466 τινες
1335 434 1364 460 ἐν
1377 434 1418 461 ἑνὶ
1431 433 1579 470 προσώπῳ,
1594 435 1653 467 πῶς
1667 435 1828 462 ἀκούσονται

1039 479 1102 514 περ).
1128 479 1178 514 μὲν
1200 480 1247 506 τοῦ
1266 481 1373 517 Πατρδς
1397 481 1432 507 τὰ
1453 481 1482 507 ἐν
1505 483 1538 517 τῇ
1570 481 1751 517 ’Λποκαλύψει
1779 481 1828 508 τοῦ

1039 524 1230 559 εὐαγγελιποῦ
1259 527 1380 553 Ἰωάννου
1395 536 1401 542 ·
1421 527 1453 553 '0
1465 526 1517 557 ὢν.
1534 529 1550 554 ὁ
1562 527 1612 562 ἦν,
1624 529 1641 555 ὁ
1652 528 1829 562 ὲρχόμενος;

1039 572 1103 607 περὶ
1114 572 1143 598 δὲ
1154 571 1201 598 τοῦ
1216 572 1281 598 Υἱοῠ
1293 572 1328 599 τὰ
1341 573 1369 599 ἐν
1380 573 1420 608 τῷ
1436 574 1517 600 Δαυΐδ
1527 583 1533 589 ·
1550 574 1591 601 Σὺ
1605 574 1639 600 δὲ
1651 576 1667 601 ὀ
1683 575 1773 607 αὐτὸς
1785 575 1829 606 ei;

1039 618 1103 653 περὶ
1116 617 1144 644 δὲ
1160 617 1207 645 τοῦ
1224 619 1302 653 ἁγίου
1315 619 1473 656 Πνεύματος
1487 620 1522 647 τὰ
1534 622 1564 647 ὲν
1575 622 1632 652 τοῖς
1648 621 1728 656 ἱεροῖς
1742 621 1830 655 Εὐαγ-

1038 661 1148 696 γελίοις·
1175 663 1208 690 Τὸ
1223 663 1343 698 Πνεῦμα
1361 664 1417 699 τῆς
1428 665 1581 699 ἀληθείας,
1601 665 1634 693 τὸ
1653 665 1700 698 ὃν,
1721 666 1736 693 ὃ
1749 666 1830 700 παρὰ

1039 709 1093 736 τοῦ
1115 709 1229 743 Πατρός
1241 710 1452 745 suamsuam;
1475 713 1531 739 Καὶ
1557 713 1655 748 σκέψαι
1680 713 1739 745 πῶς
1762 722 1830 749 φησι

1038 754 1087 789 τὴν
1102 754 1198 790 χρῆσιν
1215 752 1316 790 ταύτην
1328 764 1335 770 ⁷
1349 755 1409 782 οὐδὲ
1428 756 1482 793 γὰρ
1497 757 1607 793 φέρεται
1621 757 1691 784 οὕτω
1703 758 1760 785 νῦν.
1775 759 1831 796 καὶ

1040 798 1120 826 πάλιν
1144 801 1208 836 περὶ
1229 801 1279 836 τῆς
1303 800 1392 836 ζωῆς,
1414 803 1438 828 εἰ
1466 803 1503 837 μὴ
1528 802 1575 830 καὶ
1600 803 1646 830 ἐπὶ
1662 805 1722 836 ταῖς
1741 803 1831 839 τρισὶν

1040 847 1205 873 ὑποστάσεσι
1219 847 1314 883 ῥηθείη
1327 867 1334 878 ,
1357 847 1415 880 πῶς
1436 849 1463 875 ἐν
1483 850 1539 881 τοῖς
1554 841 1636 881 θείοις
1654 848 1830 884 Εὑαγγελίοις

1040 891 1069 918 εὖ
1075 901 1154 928 ρηται
1168 912 1175 923 ,
1199 893 1239 919 ὅτι
1251 892 1352 927 ὥσπερ
1366 895 1382 920 ό
1393 894 1493 928 Πατὴρ
1506 895 1612 930 ἐγείρει
1632 895 1679 923 καὶ
1700 896 1835 926 ζωοποιεῖ

1007 941 1028 971 Β
1042 938 1113 970 τοὺς
1136 938 1276 972 νεκροὺς,
1301 939 1378 966 οὕτω
1391 941 1439 967 καὶ
1459 942 1476 967 ὁ
1500 941 1566 974 Υἱὸς
1587 942 1641 975 οὓς
1665 943 1744 969 θέλει
1765 942 1833 972 ζωο-

1039 984 1134 1015 amisi;
1157 985 1204 1011 καὶ
1219 984 1266 1011 τό”
1281 985 1404 1020 Πνεῦμά
1425 987 1491 1013 ἐστι
1509 987 1543 1013 τὸ
1566 984 1742 1020 (iaciamur;
1771 989 1832 1015 Ὅτι

1039 1030 1067 1057 δὲ
1083 1031 1130 1057 κα)⁸
1147 1031 1178 1057 τὺ
1190 1031 1299 1064 Κύριος
1313 1033 1400 1059 κοινόν
1413 1034 1471 1059 ἐστι
1481 1053 1488 1065 ,
1503 1034 1567 1069 περὶ
1582 1034 1631 1069 μὲν
1643 1034 1692 1070 τῆς
1705 1032 1832 1069 θέογὸνου

1040 1076 1165 1113 θεότητος
1183 1077 1230 1104 τοῦ
1255 1079 1370 1114 Πατρὺς,
1396 1079 1412 1114 ἢ
1433 1079 1483 1114 τῆς
1506 1080 1616 1115 υίικῆς,
1641 1080 1761 1116 δηλονότι
1783 1081 1832 1107 τοῦ

1039 1123 1121 1155 Υἱοῦ,
1151 1124 1205 1150 οὐδ’
1229 1124 1302 1151 ἐστιν
1332 1125 1419 1152 εἰπεῖν
1452 1126 1580 1161 ποσαχῶς
1604 1123 1722 1161 λέγεται.
1752 1119 1833 1154 Ἀλλὰ

1040 1169 1086 1196 καὶ
1110 1169 1211 1206 Κύριος
1223 1170 1254 1196 τὸ
1269 1171 1381 1207 Πνεῦμά
1395 1172 1484 1198 ἐστιν’
1501 1173 1601 1207 ὁμοίως
1622 1169 1668 1200 καὶ
1688 1173 1719 1200 τὸ
1738 1173 1831 1205 καλὸν.

1040 1215 1087 1241 καὶ
1105 1215 1135 1241 τὸ
1155 1215 1246 1250 σοφὸν,
1266 1216 1313 1243 καὶ
1329 1217 1360 1243 τὸ
1380 1216 1437 1251 φῶς
1451 1237 1459 1250 ,
1477 1216 1525 1244 καὶ
1545 1218 1577 1244 τὺ
1596 1218 1728 1250 θεοποιὸν,
1741 1219 1789 1246 καὶ
1801 1220 1834 1246 τὸ

1040 1260 1135 1288 αἴτιον.
1152 1261 1245 1288 Πάντα
1259 1262 1346 1290 ταῦτα
1360 1263 1408 1290 καὶ
1421 1272 1454 1289 πε
1460 1264 1628 1299 ριληπτικῶς
1644 1264 1690 1291 ἐπὶ
1703 1265 1754 1299 τῆς
1768 1265 1834 1300 ὅλης

1041 1306 1166 1343 θεότητος
1180 1328 1187 1340 ,
1204 1307 1275 1334 κατὰ
1295 1308 1340 1334 τό·
1360 1308 1398 1335 Τὰ
1419 1308 1517 1335 πάντα
1536 1309 1570 1335 ἐκ
1591 1309 1644 1336 τοῦ
1662 1310 1735 1337 Θεοῦ
1748 1310 1833 1339 ἐστι,

1040 1352 1088 1379 καὶ
1111 1353 1265 1385 διεξοδικῶς
1293 1355 1339 1381 ἐπὶ
1357 1355 1407 1390 μιᾷ
1429 1355 1532 1391 ἑκάστῃ
1557 1355 1610 1381 τῶν
1630 1355 1832 1388 ’Υποστάσεων,

1041 1399 1088 1426 ἐπὶ
1105 1400 1153 1435 μὲν
1167 1400 1213 1426 τοῦ
1228 1401 1293 1427 Υἱοῦ
1309 1401 1353 1428 ὅτε
1367 1402 1449 1438 φησί’
1468 1403 1505 1429 Τὰ
1517 1402 1615 1429 πάντα
1626 1403 1663 1429 δι’
1678 1403 1770 1430 αὑτοῦ
1783 1403 1832 1430 καὶ

1041 1446 1084 1478 εἰς
1092 1446 1185 1473 αὑτὸν
1192 1447 1335 1479 ἔκτισται,
1350 1448 1398 1474 καὶ
1411 1448 1446 1474 ἐν
1458 1447 1538 1480 αὐτῷ
1551 1448 1722 1484 συνέστηκε
1731 1458 1737 1464 ·
1752 1445 1834 1476 τοῦτο

1041 1491 1096 1527 γὰρ
1120 1493 1159 1524 είς
1180 1492 1227 1519 τὸν
1246 1493 1442 1529 δημιουργικὸν
1468 1494 1555 1528 Λόγον
1577 1495 1701 1528 ἐδέξαντο
1721 1495 1831 1527 πάντες.

1049 1538 1110 1564 Ἐπὶ
1129 1538 1157 1564 δὲ
1176 1538 1223 1565 τοῦ
1245 1539 1322 1573 ἁγίου
1343 1539 1520 1575 Πνεύματος·
1550 1541 1780 1574 Ἐξιιποστελεῖς
1800 1541 1832 1568 τὸ

1042 1584 1164 1619 Πνεῦμά
1183 1594 1254 1617 σου,
1276 1586 1324 1612 καὶ
1343 1586 1567 1619 κτισθήσσνται.
1592 1588 1648 1614 Καὶ
1669 1588 1712 1614 ἵνα
1736 1588 1833 1623 συλλη-

1043 1630 1148 1663 πτικῶς
1164 1631 1236 1658 εἴποι
1250 1641 1291 1664 τις
1301 1652 1308 1664 ,
1323 1633 1402 1664 αὐτὸς
1419 1634 1434 1659 ὁ
1453 1633 1555 1668 Κύριος
1573 1633 1623 1670 ἔφη
1635 1642 1642 1649 ³
1662 1633 1763 1661 Πάντα
1775 1634 1833 1662 ὅσα

1041 1677 1103 1711 ἔχει
1122 1679 1138 1705 ὁ
1157 1678 1274 1712 Πατὴρ,
1300 1679 1356 1713 ἐμά
1372 1679 1447 1712 ἐστι,
1459 1680 1515 1712 καὶ,
1538 1680 1639 1707 Πάντα
1662 1680 1697 1707 τὰ
1716 1681 1772 1716 ἐμὰ
1793 1680 1833 1708 σά

1041 1723 1117 1756 ἐστι,
1131 1725 1229 1752 καὶτὰ
1248 1726 1305 1758 σὰ,
1325 1726 1390 1761 ἐμά.
1411 1726 1484 1762 Πλὴν
1512 1727 1676 1758 κοινωνικῶς
1696 1727 1743 1753 καὶ
1762 1727 1833 1762 ἡνω-

1044 1769 1132 1805 μὲνως
1159 1771 1206 1797 καὶ
1237 1770 1276 1806 τῷ
1304 1772 1429 1807 παναγίῳ
1456 1773 1603 1808 Πνεύματι.
1633 1773 1700 1799 Τίνα
1726 1772 1833 1803 ταῦτας

1042 1815 1075 1840 Δί
1095 1815 1250 1851 θεουργίαι,
1267 1817 1387 1852 δηλονότι
1411 1818 1445 1844 τὰ
1463 1818 1604 1853 θαύματα,
1620 1819 1657 1850 ὡς
1678 1818 1724 1845 τό·
1745 1820 1781 1845 Εἰ
1800 1810 1834 1845 δὲ

1042 1860 1100 1895 ἐγὼ
1123 1862 1158 1887 ἐν
1184 1863 1332 1897 Πνεῦμα-τι
1360 1863 1434 1890 Θεοῦ
1459 1863 1594 1890 ἐκϐάλλω
1618 1863 1655 1890 τὰ
1681 1862 1828 1897 δαιμόνια.

1043 1906 1081 1932 Τὸ
1094 1906 1174 1938 σέϐας
1184 1927 1191 1938 ,
1211 1907 1248 1939 ὡς
1267 1908 1297 1934 τό
1309 1916 1316 1922 ·
1346 1907 1386 1940 Τῷ
1410 1908 1444 1934 δὲ
1461 1909 1505 1941 εἰς
1517 1909 1550 1935 τὸ
1569 1908 1690 1943 Πνεῦμα
1702 1906 1735 1934 εὐ
1749 1908 1835 1942 ἅγιον

1042 1953 1300 1988 βλασφημήσαντι
1317 1955 1372 1981 οὐκ
1386 1955 1577 1989 ἀφεθήσεται.
1602 1955 1657 1990 Τὴν
1680 1954 1770 1990 πηγὴν
1788 1955 1836 1981 καὶ

1044 2000 1172 2035 διανομὴν
1185 2000 1238 2027 τῶν
1253 2001 1440 2037 χαρισμάτων,
1461 2001 1498 2032 ὡς
1517 2001 1564 2027 τό·
1581 1998 1723 2035 Λήψεσθε
1742 2001 1835 2027 δύνα-

1042 2056 1095 2081 μιν
1118 2046 1152 2079 ἐξ
1177 2047 1294 2081 ὕψους,
1315 2047 1474 2079 ἐπελθόντος
1496 2046 1543 2074 τοῦ
1563 2048 1640 2081 ἁγίου
1666 2047 1835 2082 Πνεύματος.

1045 2092 1100 2118 Καὶ
1116 2091 1211 2118 οὐδένα
1223 2092 1277 2118 τῶν
1289 2092 1317 2118 ἐν
1331 2093 1391 2124 ταῖς
1409 2093 1495 2128 ἱεραῖς
1508 2092 1630 2128 Γραφαῖς
1650 2091 1836 2127 ὰδιάστρόφως

1045 2137 1283 2174 ὲντεθραμμένων,
1303 2136 1379 2174 οἶμαι
1398 2138 1521 2174 ἀντερεῖν
1542 2138 1610 2173 πρὸς
1623 2137 1720 2170 ταῦτα,
1735 2138 1776 2164 ὅτι
1790 2138 1837 2164 καὶ

1045 2185 1142 2216 κοινῶς
1158 2185 1204 2211 καὶ
1225 2185 1278 2220 ἰδίᾳ.
1297 2184 1332 2211 τὰ
1344 2184 1454 2211 τοιαῦτα
1465 2184 1584 2220 ὀνόματα
1602 2184 1742 2220 πρόσεισι,
1766 2184 1837 2212 κατὰ

1045 2232 1091 2258 τὸν
1109 2231 1186 2265 λόγον
1208 2232 1255 2258 καὶ
1267 2231 1316 2266 τὴν
1330 2231 1429 2263 αἰτίαν,
1451 2231 1492 2257 ὅτι
1511 2231 1627 2257 ἕκαστον
1650 2230 1704 2267 τῶν
1725 2230 1836 2266 ϐεαρχι-

1046 2274 1102 2301 κῶν
1125 2275 1227 2306 τέλειος
1248 2274 1330 2306 Θεὸς,
1345 2276 1392 2301 καὶ
1415 2275 1449 2301 τὰ
1465 2275 1527 2310 τρία
1545 2274 1624 2301 πάλιν
1647 2272 1687 2307 εἷς
1707 2275 1773 2307 Θεὸς
1790 2275 1836 2302 τὲ-

1047 2320 1126 2352 λειος.
1148 2320 1256 2346 Τούτων
1272 2318 1318 2346 οὖν
1334 2320 1455 2356 βραχέως
1478 2319 1526 2355 μὲν
1547 2319 1679 2352 ἐνταῦθα,
1700 2320 1729 2346 ἐν
1748 2319 1837 2351 ἄλλοις

1048 2365 1077 2391 δὲ
1102 2365 1203 2397 ἱκανῶς
1226 2365 1423 2400 διωρισμένων,
1449 2365 1543 2392 ὁποίαν
1568 2365 1720 2400 θεωνυμίαν
1744 2365 1838 2401 ὀλικὴν

1047 2411 1095 2438 καὶ
1117 2412 1208 2447 κοινὴν
1225 2411 1475 2447 (ὑπεξαιρουμένης
1489 2412 1538 2447 τῆς
1557 2411 1624 2443 ιδίας
1646 2412 1693 2438 καὶ
1716 2412 1837 2438 ὑποστα-

1047 2458 1153 2493 τικῆς),
1166 2458 1317 2490 ἀναπτύξαι
1330 2458 1536 2493 ἐγχειρήσομεν,
1551 2457 1647 2489 κοινῶς
1661 2457 1744 2493 αὐτὴν
1758 2458 1840 2494 ἐκλη-

1049 2505 1138 2531 πτέον.

1085 2595 1100 2630 §
1126 2596 1159 2621 ll.
1190 2595 1221 2621 Ei
1249 2595 1277 2621 δέ
1302 2603 1343 2626 τις
1368 2594 1455 2627 εἴποι,
1482 2595 1523 2621 ὅτι
1554 2595 1684 2631 σύγχυσιν
1713 2595 1838 2622 ἐντεῦθεν

1049 2641 1199 2677 ποιούμεθα
1219 2642 1266 2668 καὶ
1289 2641 1439 2677 συγχέομεν
1465 2642 1515 2677 τὴν
1536 2643 1674 2678 θεοπρεπῆ
1697 2642 1767 2669 κατὰ
1786 2642 1838 2674 τὰς

1055 2687 1234 2719 ’Υποστὰσεις
1247 2687 1387 2722 διαίρεσιν,
1413 2688 1453 2714 ὅτι
1477 2689 1526 2723 τὴν
1551 2688 1597 2714 ἐπὶ
1622 2688 1668 2715 τοῦ
1689 2687 1753 2714 Υἱοῦ
1768 2687 1836 2714 Θεω-

1049 2734 1148 2769 νυμίαν
1173 2733 1253 2768 τυχὸν
1285 2734 1331 2760 ἐπὶ
1356 2733 1446 2769 πάσης
1472 2733 1590 2769 φέρομεν
1617 2734 1667 2769 τῆς
1693 2734 1836 2768 θεότητος,

1346 2853 1356 2865 ⁸
1372 2846 1444 2874 Psal.
1459 2854 1494 2874 ct.
1509 2845 1554 2872 28.
1596 2845 1604 2862 ί
1621 2843 1698 2871 Jonn.
1716 2851 1768 2873 xv,
1791 2846 1835 2874 gn.

220 2878 322 2920 f-Jonn.
331 2878 476 2920 i721?»
487 2878 623 2919 nam;
636 2878 693 2914 6ιῖ
711 2878 731 2905 ἰ
747 2887 828 2914 lCor.
845 2895 883 2917 XI,
903 2887 944 2912 te.
982 2878 990 2907 ’δ

1042 2893 1087 2910 )m.
1103 2892 1141 2915 χι,
1160 2878 1204 2908 36.
1244 2889 1254 2901 ι
1266 2883 1345 2910 Joan.
1360 2891 1380 2916 ι,
1393 2883 1418 2909 5.
1456 2888 1468 2901 ﬂ
1481 2881 1550 2908 i‘sal.
1566 2887 1623 2912 cut,
1641 2879 1684 2906 50.
1725 2878 1738 2898 ι*
1754 2878 1835 2906 Joan.

220 2916 275 2954 MT,
289 2916 446 2951 i5."‘loan.
459 2931 524 2956 xm,
542 2924 585 2951 10.
611 2916 634 2963 ἑά
651 2923 716 2951 Luc.
734 2931 771 2956 χι,
786 2923 831 2950 fit).
851 2927 884 2962 _¢
901 2921 985 2949 Marc.

1051 2919 1096 2947 29.
1114 2953 1123 2957 _
1139 2918 1149 2938 ί
1166 2919 1226 2946 Act.
1244 2919 1303 2950 1.8.
