1929 3068
129 194 180 222 661

415 193 459 221 DE
476 193 606 222 DlVlNlS
630 190 830 226 NOMlNlBUS,
849 192 926 221 CAP.
943 194 976 222 ll.
997 209 1032 215 —-
1047 193 1219 222 PARAPHR.
1237 194 1472 225 PACHYMERE.

1704 198 1758 226 662

129 252 211 289 ἡμεῖς
232 251 295 278 οὐδὲ
319 250 544 286 ὑπολαμὸάνομεν
565 250 645 277 αὑτὸν
672 248 740 277 εἶναι
767 251 857 278 ἰκανὸν
880 251 910 277 ait

973 258 1034 279 mus
1049 251 1137 286 ipsum
1153 259 1206 279 non
1229 253 1298 280 satis
1320 253 1436 287 probare
1450 260 1541 290 posse,
1563 261 1592 282 se
1606 255 1684 283 nobis
1700 256 1757 284 haec

127 299 160 326 τὸ
186 298 309 330 πείθειν,
333 297 374 324 ὅτι
399 296 484 333 ἀληθῆ
508 297 580 332 λέγει
603 297 621 324 ἃ.
644 296 717 331 λέγει
747 297 808 323 καθ’
828 297 915 332 ἡμῶν.

127 343 161 371 El
176 343 225 379 μὲν
245 342 300 378 γὰρ
318 343 351 378 τῇ
371 342 432 378 θείᾳ
451 342 545 379 Γραφῇ
566 343 738 374 ἀνθίσταται,
759 343 853 379 πόρρω
872 344 918 371 καὶ

129 390 180 424 τῆς
200 389 338 425 ἡμετέρας
364 388 522 423 φιλοσοφίας
548 389 641 416 ἔσται·
664 390 711 416 καὶ
730 390 754 416 εἰ
776 390 813 426 μὴ
842 390 917 426 μέλει

128 437 216 471 τούτῳ
230 436 284 463 τῶν
297 436 377 463 θείων
385 436 500 472 Λογίων,
512 436 571 469 πῶς
593 436 626 464 ἂν
651 437 760 473 μελήσοι
781 439 846 473 ἡμῖν
867 438 917 474 τῆς

128 482 234 508 ἐκείνου
248 482 431 518 χειραγωγίας
450 483 497 509 καὶ
516 482 705 516 διδασκαλίαςς
726 484 757 510 El
771 484 798 510 δὲ
811 483 917 519 δέχεται

127 527 177 562 τὴν
190 527 244 555 τῶν
257 527 354 562 λογίων
367 529 494 564 ἀλήθειαν
505 548 511 561 ,
526 530 606 564 ἡμεῖς
626 529 716 562 αὐτοῖς
729 532 784 562 τοῖς
806 530 915 565 λογίοις,

127 574 166 606 ὡς
179 575 271 602 κανόνι
289 576 335 602 καὶ
347 576 416 610 φωτὶ
430 575 581 612 χρώμενοι,
596 576 819 612 ἀπολογησόμεθα
831 577 915 612 αὐτῷ,

127 620 166 652 ὡς
180 621 196 655 ἡ
210 620 333 655 θεολογία
344 620 378 647 τὰ
392 621 441 656 μὲν
454 621 507 647 τῶν
520 621 657 657 ὀνομάτων
668 622 813 657 ἡνωμὲνως
829 631 916 659 παρα-

125 666 243 698 δίδωσιν,
257 666 294 698 ὡς
313 667 344 693 τὸ
361 667 442 700 Θεὸς,
457 667 487 693 τὸ
500 667 619 702 ἀγαθὸς,
640 668 685 694 καὶ
707 667 741 694 τὰ
762 668 856 703 ὅμοια·
882 669 916 696 τὰ

125 711 155 737 δὲ
168 711 380 748 διακεκριμένως
392 733 399 745 ,
419 713 456 744 ὡς
469 713 499 739 τὸ
510 712 612 747 Πατὴρ
621 733 628 745 ,
641 713 671 739 τὸ
688 714 753 747 Υἱὸς
762 734 768 745 ,
782 714 812 741 τὸ
823 714 916 742 Πνεῦ-

123 766 184 792 μα,
201 758 232 784 τὸ
249 759 409 793 γεννητὸν,
426 759 456 785 τὸ
473 759 652 794 ἀγέννητονξ,
667 759 698 786 τὸ
714 760 896 795 ἐκπορευτόν
906 769 912 775 ·

126 804 174 830 καὶ
187 805 236 840 οὐχ
251 802 306 831 οἶόν
327 814 357 832 τε
379 805 440 832 οὔτε
452 805 485 832 τὰ
504 806 629 842 ἡνωμένα
651 807 773 842 διαιρεῖν,
797 807 858 834 οὔτε
881 807 915 834 τὰ

124 850 321 887 διακεκριμένα
337 854 454 888 συγχεῖν,
471 853 538 880 ἀλλὰ
558 854 610 890 χρὴ
634 854 781 890 ἑπομένους
800 857 832 891 τῇ
858 855 916 882 θεο-

125 896 215 932 λογίᾳ,
244 899 385 925 ἀνανεύειν
408 900 455 926 ἐπὶ
476 899 526 932 τὰς
545 900 619 932 Θείας
640 902 821 936 φωαγωγίας
834 911 840 918 ·
867 903 915 929 καὶ

970 297 1122 324 secundum
1136 298 1278 325 veritatem
1294 298 1423 333 objicere.
1446 299 1513 327 Nam
1529 300 1552 328 si
1567 301 1628 328 talis
1650 302 1685 330 sit
1709 303 1756 337 qui

968 342 1079 370 omnino
1091 344 1176 371 sacris
1189 343 1300 371 Litteris
1322 344 1444 377 resistat,
1464 353 1478 372 a
1500 346 1672 382 philosophia
1685 355 1755 382 quo-

969 395 1022 423 que
1048 394 1141 416 nostra
1166 390 1261 424 procul
1286 390 1431 418 admodum
1451 391 1539 420 aberit
1554 401 1562 419 :
1576 398 1605 420 et
1627 393 1680 422 nisi
1702 395 1754 428 ipsi

968 443 1041 464 cura:
1063 436 1120 463 sint
1144 436 1294 472 Scriptura:
1310 445 1408 472 sacrae,
1422 440 1559 474 quomodo
1585 441 1662 468 nobis
1683 449 1756 469 cura:

968 482 1022 509 erit
1047 487 1077 509 ut
1105 483 1195 518 ipsum
1226 483 1259 510 ad
1288 484 1430 512 scientiam
1455 485 1692 514 manuducamus?
1707 487 1755 514 Sin

968 527 1143 561 Eloquiorum
1174 528 1316 556 veritatem
1346 530 1492 562 admittat,
1522 537 1572 558 nos
1600 530 1755 566 Scripturas

969 577 1096 608 tanquam
1111 574 1231 609 regulam
1252 575 1396 611 lucemque
1410 576 1571 604 adhibentes
1583 597 1590 609 ,
1607 579 1754 612 responde-

969 620 1057 648 bimus
1075 621 1136 655 ipsi,
1149 623 1221 657 quod
1236 622 1370 657 theologia
1382 624 1510 651 nonnulla
1522 625 1631 659 quidem
1646 626 1755 653 nomina

968 667 1042 693 unite
1050 667 1150 700 tradat,
1161 672 1190 694 ut
1199 668 1280 701 Deus,
1291 669 1385 702 bonus,
1393 670 1522 697 etsimilia
1532 679 1539 704 ;
1549 671 1677 698 nonnulla
1687 679 1754 699 vero

968 711 1094 740 diSIincle
1104 720 1150 740 seu
1164 714 1282 747 divisim,
1291 714 1421 748 utPater,
1433 714 1530 748 Filius,
1541 715 1668 750 Spiritus,
1679 716 1754 751 geni-

968 764 1023 786 tum
1032 779 1040 792 ,
1062 761 1219 796 ingenitum,
1232 761 1373 794 procedens
1384 770 1394 794 ;
1405 765 1431 788 et
1438 760 1514 789 nefas
1521 761 1556 789 sit
1567 760 1753 789 velunitadis-

967 805 1091 842 tinguere
1123 807 1166 834 vel
1185 807 1311 835 distincta
1327 807 1511 838 confundere.
1535 808 1581 835 sed
1603 807 1753 842 Scripturis

967 852 1127 885 insistendo,
1145 854 1179 881 ad
1199 853 1305 881 divinas
1315 853 1581 882 esseilluslrationes
1601 854 1751 889 suspicien-

966 897 1043 930 dum,
1056 898 1184 933 quoniam
1201 899 1264 927 inde
1275 899 1380 927 divinas
1390 900 1594 935 explanationes
1614 901 1752 935 accipien-

124 943 181 979 γὰρ
193 943 298 970 ἐκεῖθεν
312 944 362 976 τὰς
375 944 549 977 διδασκαλίας
563 955 599 972 πα
605 946 764 982 ραλαϐόντες
777 967 784 979 ,
798 948 910 975 σπεύσο-

966 946 1017 976 tes,
1030 950 1162 970 conamur
1171 944 1281 972 easdem
1293 948 1423 980 tanquam
1433 952 1564 972 canonem
1574 953 1621 973 sett
1632 945 1752 980 regulam

126 997 177 1024 μεν
191 989 285 1025 ὥσπερ
297 990 358 1016 τινὰ
372 990 470 1017 κανόνα
483 991 584 1023 ταύτας
597 991 740 1026 φυλάττειν
759 993 806 1020 καὶ¹
827 994 914 1030 ἀπλη-

124 1035 237 1068 θύντους
246 1056 253 1068 ,
267 1037 314 1063 καὶ
327 1036 488 1072 ἀμειώτους,
502 1037 580 1064 τοῦτο
593 1037 646 1074 γάρ
659 1039 718 1065 ἐστι
735 1039 782 1065 τοῦ
802 1040 913 1073 κανόνος

123 1082 155 1108 τὸ
174 1081 250 1115 ἴδιον,
272 1082 303 1109 τὸ
326 1083 405 1110 πλέον
417 1083 445 1110 δὲ
460 1084 692 1120 ἀπεριτρέπτους,
718 1086 913 1122 φρουρούμενοι

125 1128 177 1163 μὲν
198 1129 227 1156 ὲν
249 1130 282 1165 τῇ
298 1131 405 1166 φρουρᾷ
416 1130 471 1157 τῶν
485 1131 582 1166 λογίων
591 1151 599 1163 ,
613 1131 810 1168 δυναμούμενοι
821 1134 860 1167 δὲ,
874 1135 913 1167 είς

123 1174 204 1201 τοῦτο
216 1175 249 1211 δὴ
261 1176 292 1203 τὸ
306 1176 481 1213 φρουρεῖσθαι
493 1178 523 1203 ὲν
535 1178 574 1213 τῷ
588 1181 714 1215 φρουρεῖν
727 1180 806 1207 αὑτά.

162 1220 176 1256 ς
203 1222 248 1248 Ill.
279 1222 319 1248 Τὰ
344 1223 392 1258 μὲν
415 1221 462 1250 οὖν
485 1225 632 1259 ἡνωμένα,
654 1226 753 1262 δηλαδὴ
777 1227 827 1261 τῆς
850 1227 912 1263 ὕλης

124 1267 257 1304 Θεὸτητος
269 1288 277 1300 ,
292 1269 343 1304 τῆς
366 1270 513 1307 Τριαδικῆς
528 1272 641 1307 μονάδος
653 1293 660 1305 ,
674 1272 711 1305 ὡς
728 1274 756 1300 ὲν
768 1274 856 1306 ἄλλοις
873 1273 912 1300 εί-

124 1322 222 1349 πομεν,
249 1315 308 1341 ἐστὶ
329 1315 358 1342 τὸ
371 1317 567 1352 ὑπεράγαθον,
591 1319 637 1346 καὶ
654 1319 754 1352 τᾶλλα,
771 1320 911 1356 προσλαμ-

124 1359 276 1396 ϐανομένης
308 1361 358 1396 τῆς
386 1362 462 1396 ὑπὲρ
488 1363 657 1400 προθέσεως,
683 1364 701 1392 ἃ
728 1365 759 1400 δὴ
784 1365 830 1392 καὶ
861 1366 911 1402 τῆς

124 1405 291 1442 ὑπεροχικῆς
313 1408 484 1444 ἀφαιρέσεως
504 1408 597 1444 λέγει·
621 1411 835 1446 ἀφαιρεματικὸν
858 1413 911 1448 γὰρ

123 1451 172 1477 καὶ
183 1450 214 1478 τὸ
226 1451 386 1485 ἀθάνατον,
404 1454 451 1480 καὶ
463 1455 493 1481 τὸ
511 1454 663 1485 ἄκτιστον.
678 1456 745 1483 ἀλλὰ
760 1457 830 1485 κατὰ
844 1459 911 1485 άπό-

124 1505 216 1531 φασιν.
250 1497 479 1535 Ἀφαιρεματικὸν
501 1501 547 1527 καὶ
569 1501 599 1528 τὸ
625 1502 825 1538 ὐπερὰγηαθον·
851 1504 910 1531 οὐδὲ

122 1543 178 1579 γὰρ
194 1543 287 1576 ἁπλῶς
302 1545 404 1579 ἀγαθὸν
419 1547 465 1573 καὶ
483 1547 573 1582 σοφὸν,
586 1548 644 1574 ἀλλ’
665 1549 735 1585 ὑπὲρ
754 1550 840 1577 ταῦτα
863 1551 910 1579 καὶ

122 1589 295 1625 ἀσυγκρίτως
307 1612 314 1624 ,
340 1593 386 1619 καὶ
397 1593 441 1645 δια
457 1593 536 1620 τοῦτο
560 1595 732 1631 ύπεροχικῶς
756 1597 805 1632 τὴν
831 1598 910 1633 ἀφαί-
923 1615 945 1645 C

123 1644 199 1670 ρεσιν
220 1637 329 1673 ἔχουσι’
346 1636 454 1674 μεθ’ὦν
476 1641 528 1667 εισι
551 1642 598 1668 καὶ
615 1642 650 1668 τὰ
675 1643 856 1678 αἱτιολογικά·
878 1645 908 1671 τὸ

121 1681 176 1717 γὰρ
189 1681 310 1717 ἀγαθὸν,
325 1684 413 1711 καὶτὸ
428 1685 533 1717 καλὸν,
548 1687 594 1713 καὶ
614 1687 644 1714 τὸ
661 1687 704 1718 ὂν,
717 1689 758 1715 ὄτι
777 1689 808 1715 τὸ
828 1689 905 1716 Θεῖον

121 1727 259 1763 ὑπέστησε
285 1728 369 1760 καλὰ,
389 1731 435 1756 καὶ
457 1730 531 1762 ὄντα,
557 1733 602 1759 καὶ
626 1733 733 1767 ἀγαθὰ,
747 1735 779 1760 ὲκ
799 1735 853 1761 τῶν
868 1736 909 1762 αὶ-

119 1773 221 1800 τιατῶν
244 1774 313 1801 αὐτὰ
336 1776 515 1811 ὀνομάζεται·
541 1778 627 1805 ταῦτα
649 1779 683 1806 τὰ
706 1781 841 1816 ἡνωμένα.
869 1782 908 1809 Τὰ

119 1818 150 1846 δὲ
171 1819 365 1856 διακεκριμένα
375 1843 382 1855 ,
404 1822 434 1849 τὸ
457 1824 618 1859 ύπερούσιον
631 1825 715 1861 ὄνομα
728 1827 776 1853 τοῦ
791 1828 907 1864 Πατρὸς,

120 1865 152 1889 τὸ
166 1864 325 1900 ὐπερούσιον
338 1867 422 1902 ὄνομα
434 1868 480 1894 τοῦ
494 1868 560 1895 Υίοῦ
570 1889 578 1902 ,
591 1870 621 1896 τὸ
644 1870 804 1907 ὑπερούσιον
823 1873 908 1909 ὄνομα

120 1908 168 1935 τοῦ
182 1910 258 1943 ἁγίου
272 1911 446 1947 Πνεύματος·
462 1913 524 1940 οὔτε
543 1914 597 1950 γὰρ
611 1916 776 1953 άντιστροφὴ
797 1919 829 1944 ἐκ
844 1918 908 1945 τού-

120 1963 176 1982 των
194 1956 314 1991 γίνεται,
338 1958 398 1986 οὕτε
410 1961 541 1996 κοινότης.
563 1961 591 1988 '0
609 1962 663 1998 γὰρ
676 1963 771 1999 Πατὴρ
783 1964 865 1997 Θεὸς,
877 1965 907 1992 οὐ

123 2001 177 2037 μὴν
191 2003 205 2028 ὁ
217 2003 283 2036 Θεὸς
295 2005 390 2041 Πατὴρ
412 2006 500 2041 μόνως
511 2016 517 2022 ”
532 2008 578 2034 καὶ
599 2008 613 2033 ὁ
635 2009 699 2041 Υἱὸς
712 2009 777 2041 Θεὸς
790 2030 796 2042 ,
811 2011 840 2036 οὺ
856 2010 908 2047 μὴν

117 2048 149 2075 δὲ
167 2049 214 2076 καὶ
226 2051 240 2076 ὁ
253 2050 319 2082 Θεὸς
333 2052 400 2085 Υἱὸς
414 2053 502 2088 μόνως
512 2063 520 2069 ·
541 2055 641 2089 ὁμοίως
653 2056 699 2082 καὶ
710 2056 757 2083 ἐπὶ
772 2057 818 2083 τοῦ
831 2058 907 2092 ἁγίου

121 2094 169 2120 καὶ
190 2094 322 2126 ζωοποιοῦ
337 2097 504 2133 Πνεὺματος.
530 2099 651 2135 Εὕρηται
667 2100 713 2127 καὶ⁸
731 2101 797 2137 ἄλλη
820 2102 909 2129 διακε-

119 2140 238 2177 κριμένη
252 2141 375 2177 θεολογία
398 2144 471 2176 ἰδίως
483 2145 529 2171 ἐπὶ
541 2145 588 2171 τοῦ
608 2145 710 2179 Κυρίου
724 2146 801 2181 ἡμῶν
821 2147 907 2183 Ἰησοῦ

119 2186 240 2221 Χριστοῦ
263 2189 309 2215 καὶ
330 2189 409 2222 Θεοῦ,
431 2191 447 2226 ὴ
473 2191 566 2218 τούτου
582 2191 643 2218 καθ’
656 2192 729 2227 ἡμᾶς
752 2192 867 2229 ὖπαρξις
889 2196 906 2230 ἡ

118 2233 257 2269 παντελής
267 2243 273 2249 ·
290 2235 379 2271 σάρκα
392 2236 446 2272 γὰρ
460 2237 640 2274 ὲψυχωμένην
652 2237 698 2264 καὶ
712 2240 809 2276 νοερὰν
825 2249 908 2276 προσ-

965 989 1121 1023 observare,
1138 990 1207 1017 nihil
1221 991 1358 1024 addendo,
1375 991 1443 1018 nihil
1454 991 1599 1024 demendo,
1616 992 1668 1019 hoc
1679 991 1752 1019 enim

965 1035 1105 1069 proprium
1119 1039 1162 1062 est
1177 1036 1293 1070 regulae;
1307 1041 1334 1063 et
1348 1036 1421 1071 quod
1436 1037 1522 1072 magis
1542 1041 1594 1069 est,
1612 1037 1677 1063 dum
1691 1036 1752 1070 qui-

964 1080 1024 1107 dem
1044 1080 1103 1108 illas
1117 1081 1262 1109 inviolatas
1276 1082 1453 1114 custodimus,
1470 1081 1673 1117 Scripturarum
1699 1082 1750 1117 ipsi

965 1126 1086 1153 custodia
1102 1134 1261 1161 servantur;
1277 1127 1340 1154 dum
1355 1135 1419 1155 vero
1435 1127 1471 1154 ita
1489 1135 1640 1160 servamur,
1656 1131 1752 1162 poten-

965 1172 1049 1198 tiores
1063 1172 1204 1200 evadimus
1219 1173 1252 1200 ad
1267 1173 1374 1201 easdem
1389 1173 1595 1202 custodiendas.

1001 1218 1015 1253 ς
1036 1217 1080 1245 lll.
1099 1219 1213 1247 Nomina
1232 1220 1314 1255 igitur
1331 1220 1416 1253 unita,
1431 1221 1536 1249 scilicet
1561 1222 1644 1249 totius
1658 1223 1750 1250 Deita-

965 1263 1107 1297 tis,Trinaa
1122 1265 1246 1299 unitatis,
1263 1266 1334 1294 sicut
1351 1266 1414 1294 alibi
1431 1267 1561 1301 diximus,
1574 1273 1638 1295 sunt
1654 1277 1749 1304 supra-

963 1319 1042 1345 quam
1057 1311 1166 1343 bonum,
1189 1316 1216 1338 et
1231 1317 1330 1339 caetera
1342 1332 1350 1344 ,
1366 1313 1466 1348 quibus
1489 1314 1644 1348 praepositio
1670 1323 1751 1346 supra

963 1358 1139 1392 praeponitur,
1156 1365 1217 1393 quae
1237 1363 1317 1386 vocat
1336 1358 1484 1386 ablationis
1499 1360 1646 1387 secundum
1668 1368 1750 1388 exsu-

963 1403 1129 1436 perantiam;
1151 1403 1284 1438 siquidem
1301 1403 1384 1431 etiam
1410 1404 1558 1431 ablativum
1581 1411 1624 1433 est
1650 1413 1749 1434 nomen

962 1448 1109 1476 immortale
1129 1453 1157 1476 et
1175 1450 1319 1476 iucreatum
1330 1470 1338 1483 ,
1352 1449 1398 1477 sed
1414 1451 1563 1477 secundum
1587 1451 1749 1479 allirmatio-

962 1502 1032 1522 nem.
1070 1495 1224 1522 Ablativum
1255 1496 1338 1523 etiam
1370 1500 1413 1523 est
1449 1504 1608 1531 supraqunm
1635 1498 1750 1531 bonum;

961 1548 1014 1569 non
1029 1542 1101 1569 enim
1121 1542 1282 1577 simpliciter
1297 1543 1396 1570 bonum
1411 1547 1438 1570 et
1454 1543 1573 1577 sapiens,
1593 1544 1640 1570 sed
1664 1552 1748 1578 supra

962 1588 1020 1615 haec
1031 1608 1038 1620 ,
1051 1592 1079 1615 et
1093 1589 1154 1616 sine
1177 1589 1394 1622 comparatione,
1411 1593 1436 1616 et
1458 1589 1562 1616 idcirco
1585 1590 1748 1624 superlative

961 1633 1123 1661 ahlationem
1147 1634 1298 1666 continent,
1317 1634 1414 1668 quibus
1429 1635 1642 1662 adnumerantur
1656 1636 1747 1663 omnia

960 1687 1019 1713 qua:
1041 1679 1074 1706 ad
1102 1679 1235 1707 rationem
1261 1687 1352 1708 causa:
1376 1681 1513 1715 pertinent
1531 1690 1538 1714 ;
1560 1689 1620 1708 nam
1641 1681 1746 1714 bonum,

959 1730 986 1752 et
1003 1726 1138 1759 pulchrum
1151 1746 1158 1758 ,
1176 1731 1203 1753 et
1218 1734 1279 1759 ens,
1301 1726 1428 1761 quoniam
1446 1726 1516 1754 Deus
1542 1735 1573 1754 ea
1598 1735 1658 1762 quze
1680 1733 1747 1755 sunt

959 1771 1083 1806 pulchra,
1100 1776 1128 1799 et
1141 1772 1287 1804 exsistunt,
1305 1775 1332 1799 et
1342 1771 1412 1800 bona
1425 1776 1497 1803 sunt,
1506 1773 1697 1807 suppeditavit.
1712 1780 1746 1800 ex

959 1816 1062 1844 ell‘ectis
1078 1818 1136 1844 htee
1151 1817 1260 1844 nomina
1281 1816 1414 1850 sortitur;
1434 1824 1494 1852 qua:
1506 1822 1569 1845 sunt
1583 1818 1671 1845 unita.
1687 1817 1744 1846 Dis-

959 1867 1034 1890 crela
1063 1870 1128 1890 vero
1160 1867 1223 1890 sunt
1249 1870 1348 1890 nomen
1381 1863 1606 1898 superessentiale
1635 1863 1744 1894 Patris.

958 1909 1038 1944 331
1056 1916 1154 1936 nomen
1172 1910 1401 1944 superessentiale
1422 1909 1494 1942 Filii,
1512 1917 1608 1939 nomen
1620 1917 1745 1945 superes-

959 1954 1075 1981 sentiale
1091 1953 1211 1988 Spiritus
1225 1955 1330 1987 sancti;
1344 1962 1378 1982 ex
1391 1955 1433 1982 his
1447 1955 1519 1982 enim
1534 1955 1605 1982 nulla
1621 1955 1652 1983 lit
1676 1956 1745 1983 reci-

959 2000 1092 2035 procatio,
1111 2001 1153 2027 vel
1168 2001 1393 2029 communicatio.
1407 2000 1486 2028 Pater
1503 2002 1576 2029 enim
1592 2002 1673 2036 Deus,
1688 2010 1743 2030 non

961 2052 1049 2075 tamen
1075 2047 1148 2075 Deus
1170 2047 1257 2075 solum
1284 2047 1384 2081 Pater;
1409 2053 1437 2075 et
1461 2048 1548 2076 Filius
1573 2048 1660 2081 Deus,
1690 2057 1743 2076 non

960 2100 1051 2122 tamen
1065 2093 1138 2121 Deus
1152 2095 1228 2122 solus
1245 2094 1346 2127 Filius;
1364 2095 1492 2122 similiter
1504 2096 1586 2123 etiam
1599 2096 1631 2123 de
1649 2100 1744 2123 sancto

959 2145 986 2167 et
1008 2139 1116 2167 viviﬁco
1140 2140 1254 2175 Spiritu.
1277 2140 1417 2168 lnvenilur
1438 2141 1521 2168 etiam
1543 2141 1596 2169 alia
1619 2142 1743 2176 quazdam

959 2186 1088 2214 distincta
1104 2187 1252 2223 theologia,
1272 2194 1332 2222 quin
1346 2188 1454 2222 propria
1467 2193 1509 2215 est
1524 2188 1637 2216 Domino
1651 2193 1745 2216 nostro

959 2232 1022 2260 Jesu
1044 2233 1155 2260 Christo
1178 2241 1210 2260 ac
1234 2234 1299 2266 Deo,
1315 2234 1420 2261 scilicet
1436 2233 1557 2269 perfecta
1573 2233 1632 2268 ejus
1647 2242 1744 2261 secun-

118 2278 246 2306 ελάϐετο·
266 2281 313 2307 καὶ
335 2282 528 2315 ἀναλλοίωτος·
553 2285 568 2311 ὃ
590 2285 645 2321 γὰρ
665 2284 699 2322 ἦν
714 2287 808 2322 μείνας
827 2286 908 2323 ἀτρέ-

963 2279 1024 2307 dum
1049 2287 1098 2306 nos
1119 2279 1430 2314 existentia,siquidem
1459 2280 1608 2315 assumpsit
1632 2288 1742 2308 carnem

120 2334 213 2358 πτως,
228 2326 242 2353 ὃ
254 2327 304 2353 οὐκ
326 2326 361 2364 ἦν
384 2330 579 2365 προσελάϐετο,
600 2332 720 2368 δηλονότι
735 2333 791 2365 υίὸς
804 2332 908 2368 ἀνθρὼ-

119 2380 190 2404 που,
213 2373 244 2399 τὸ
267 2374 314 2401 ὑπ’
334 2375 421 2411 ἀρχὴν
442 2377 584 2410 γενέσθαι,
606 2379 637 2405 τὸ
660 2379 711 2406 ὑπὸ
735 2380 840 2415 χρόνον,
861 2380 907 2406 καὶ

117 2418 204 2446 τᾶλλα
222 2419 256 2446 τὰ
277 2419 432 2456 ἀνθρώπινα
444 2442 451 2453 ,
474 2423 521 2449 καὶ
540 2424 589 2450 ὅσα
610 2424 678 2452 ἄλλα
689 2425 739 2460 τῆς
754 2426 812 2452 κατ’
826 2426 906 2453 αὑτὸν

118 2463 324 2500 φιλανθρωπίας
344 2468 495 2502 μυστήρια,
517 2469 547 2495 τὸ
568 2470 711 2505 πεινῆσαι,
727 2470 757 2496 τὸ
777 2470 905 2506 διψῆσαι,

116 2510 149 2536 τὸ
162 2511 300 2543 κοπιάσαι,
315 2513 361 2539 καὶ
377 2514 470 2546 τᾶλλα,
484 2514 502 2541 ἃ
515 2514 546 2550 δή
562 2524 644 2550 φησιν
654 2516 769 2551 οὺσιώδη
780 2537 787 2548 ,
807 2518 904 2544 ἐκϐάλ-

117 2556 173 2582 λων
185 2556 234 2592 τὴν
246 2558 315 2585 κατὰ
329 2561 478 2593 φαντασίαν
493 2560 580 2593 δόξαν.

159 2646 174 2683 §
189 2647 233 2674 ιν.
255 2649 358 2684 Πρέπει
371 2651 470 2683 τοίνυν,
485 2652 667 2686 ἀναλαϐόντας
679 2655 724 2681 τὸν
735 2655 843 2691 ὁλοτελῆ
855 2656 905 2691 τῆς

116 2694 192 2726 θείας
214 2694 336 2727 ἐνώσεώς
347 2705 377 2722 τε
392 2698 437 2723 καὶ
448 2697 609 2734 διακρίσεως
620 2699 746 2727 ἐκθέσθαι
761 2701 806 2728 καὶ
819 2702 905 2728 εἰπεῖν

115 2740 229 2776 τρόπον,
243 2741 317 2774 ὅπως
329 2737 439 2777 δῆλος“ὁ
456 2744 534 2777 λόγος
547 2745 668 2781 γένηται,
684 2747 754 2773 ἅπαν
774 2748 823 2782 μὲν
838 2749 906 2775 ἀσα-

118 2787 168 2821 φὲς
186 2787 305 2822 φεύγων,
319 2788 353 2815 τὰ
367 2789 395 2815 δὲ
409 2790 479 2816 κατά
497 2790 610 2826 δύναμιν
625 2792 718 2826 σαφῶς
730 2794 902 2830 περιορίζων.

115 2834 236 2861 Καλοῦσι
250 2834 315 2872 γὰρ,
334 2836 403 2872 ὅπερ
414 2837 464 2863 καὶ
477 2838 505 2864 ἐν
518 2837 622 2874 ἑτέροις
633 2837 719 2871 εἷπον,
743 2841 768 2866 οἱ
789 2840 823 2867 τὰ
844 2841 904 2876 ἱερὰ

118 2882 306 2917 μεμυημένοι,
321 2882 431 2915 ὲνώσεις
444 2884 492 2918 μὲν
508 2883 583 2916 θείας
599 2884 648 2917 τὰς
662 2886 724 2920 περ).
741 2887 790 2921 τῆς
813 2887 904 2919 οὐσίας

115 2927 307 2964 ἀκαταλήπτου
331 2929 459 2963 γνώσεις·
476 2930 523 2965 τὴν
535 2930 562 2958 δὲ
573 2931 664 2958 οὐσίαν
677 2931 760 2967 αὐτὴν
773 2932 821 2967 τῆς
834 2932 902 2959 ἀκα-

959 2326 1106 2352 animatam
1117 2333 1149 2353 ac
1161 2326 1313 2354 intellectus
1326 2327 1500 2362 participem;
1511 2331 1538 2355 el.
1550 2327 1739 2362 immutabilis;

957 2372 1029 2406 quod
1045 2372 1118 2399 enim
1132 2377 1192 2399 erat
1204 2373 1411 2400 immutabiliter
1426 2381 1549 2406 manens,
1562 2374 1589 2404 id
1604 2375 1675 2409 quod
1688 2382 1740 2402 non

957 2424 1017 2445 erat
1039 2419 1202 2453 nasumpsit,
1232 2426 1329 2452 netnpe
1359 2419 1431 2446 ﬁlius
1458 2419 1594 2452 hominis,
1617 2421 1742 2455 principii

957 2465 1143 2500 temporisque
1166 2465 1380 2499 subiectionem,
1404 2465 1510 2500 aliaque
1536 2473 1596 2500 qua:
1623 2466 1740 2493 humana

957 2516 1031 2543 sunt,
1050 2516 1204 2545 ceteraque
1230 2510 1360 2545 mysteria
1381 2510 1558 2537 humanitatis
1580 2510 1656 2544 ejus,
1679 2518 1742 2538 esu-

957 2558 1034 2587 rictu,
1057 2557 1140 2589 sitim,
1170 2556 1299 2590 laborent,
1321 2562 1349 2583 et.
1372 2562 1471 2584 caetera
1486 2564 1546 2591 qua:
1563 2557 1628 2584 dicit
1643 2564 1738 2584 essen-

958 2603 1043 2635 tialia,
1058 2608 1088 2629 ut
1103 2603 1231 2630 excludat
1245 2603 1432 2637 apparentiam
1447 2603 1648 2636 imaginariam.

994 2649 1007 2684 §
1029 2649 1071 2677 IV.
1095 2649 1208 2684 Expedit
1223 2649 1331 2683 utique,
1347 2648 1469 2675 nonnihil
1485 2648 1566 2674 altius
1577 2647 1740 2675 resumenth

957 2695 1184 2731 perfectissimum
1200 2695 1273 2722 illum
1290 2695 1389 2722 divina)
1410 2694 1518 2721 unionis
1534 2702 1566 2722 ae
1586 2694 1740 2722 distinctio-

956 2744 999 2770 nis
1014 2743 1133 2774 modum,
1147 2742 1299 2777 explanari,
1312 2750 1365 2776 quo
1381 2742 1460 2770 nobis
1477 2742 1565 2769 oratio
1575 2741 1616 2772 sit
1633 2747 1739 2776 aperta,

955 2788 1148 2816 obscuritatem
1161 2789 1270 2822 quidem
1282 2787 1401 2822 fugiens,
1413 2789 1471 2815 hate
1484 2795 1561 2820 vero,
1578 2789 1666 2822 quoad
1680 2788 1740 2815 ﬁeri

955 2838 1062 2869 potest,
1087 2834 1163 2861 clare
1188 2833 1330 2861 definiens.
1355 2834 1431 2861 Sacri
1452 2834 1523 2861 enim
1548 2834 1684 2866 doctores,
1710 2837 1740 2860 ut

955 2880 982 2906 in
1000 2880 1059 2907 aliis
1073 2881 1155 2908 etiam
1175 2880 1242 2913 dixi,
1260 2881 1366 2908 divinas
1381 2881 1489 2915 quidem
1504 2880 1618 2908 uniones
1641 2886 1740 2908 vocant

956 2927 1081 2957 notiones
1096 2928 1155 2957 illas
1178 2929 1325 2966 divinaeet
1349 2927 1630 2963 incomprehensibilis
1645 2935 1739 2956 esseu-
