1929 3068
186 164 239 192 663

775 163 803 191 S.
825 163 976 192 DIONYSII
992 164 1225 192 AREOPAGITAS

1767 166 1824 193 664

186 225 248 256 tiae;
266 223 352 258 ipsam
366 228 456 250 autem
471 223 616 251 essentiam
626 223 908 259 incomprehensibilis
921 224 978 251 Tri-

1036 225 1166 261 ιαλήτπου
1180 225 1294 261 Τριάδος
1313 224 1339 250 τί
1361 226 1444 256 ἐστιν,
1470 225 1556 258 οὐδεὶς
1579 224 1712 260 γνώσεταί
1734 233 1801 251 ποτε
1814 234 1821 240 ι

186 271 280 297 uitatis
305 269 371 303 quid
390 269 442 300 sit,
467 276 546 296 nemo
566 274 714 304 cognoscet
730 277 867 305 unquam;
882 270 976 297 distin-

184 316 290 343 ctiones
305 323 368 342 vero
384 314 500 347 divinas,
513 321 562 349 per
576 322 605 342 se
621 315 802 343 subsistentes
815 316 977 342 existentias

187 360 368 394 venerandas,
388 360 415 387 id
441 364 485 388 est
506 359 567 386 Filii
584 359 692 394 quidem
707 367 740 387 ex
757 359 839 387 Patre
853 360 978 388 ineffabi-

188 409 240 436 lem
261 409 446 444 splendorem,
461 413 490 436 et
502 408 590 435 sancti
607 407 727 442 Spiritus
743 415 777 435 ex
790 407 872 435 Patre
884 408 978 435 incon-

188 455 344 491 ceptibilcm
372 455 593 488 processionem;
620 454 700 486 illas,
727 454 856 488 inquam,
879 459 978 481 vocant

188 504 316 533 uniones,
335 503 464 536 quoniam
480 501 650 528 identitatem
670 501 750 528 unius
763 505 868 528 natum
886 501 979 528 decla-

189 554 268 582 rant;
284 550 334 576 bas
346 555 410 575 vero
421 547 622 579 distinctiones,
635 547 763 582 quoniam
775 547 977 574 distinctionem

189 601 369 628 personarunt
393 599 542 627 expomtnt.
566 593 743 627 Traduntque
758 593 910 620 istiusmodi
927 593 976 619 vrri

190 643 294 674 sancti,
309 640 432 674 quaedam
449 646 510 666 esse
524 639 635 667 unionis
649 639 770 674 propria,
787 638 914 666 videlicet
929 639 979 666 bo-

191 686 303 712 nitatem
316 705 324 716 ,
347 685 522 720 sapientiam,
541 684 791 716 immortalitatem;
809 689 890 719 atque
915 685 978 711 item

190 732 315 766 quaedam
335 732 443 766 propria
469 731 668 762 distinctionis,
695 735 724 757 ut
745 730 834 758 Patris
856 731 978 765 quidem,

190 789 250 808 csse
274 780 442 815 ingenitum;
468 779 528 806 Filii
559 787 634 812 vero,
650 779 792 814 genitum,
811 782 838 806 et
862 778 981 813 Spiritus

191 828 291 860 sancti,
307 826 520 862 processionem.
542 825 671 859 Quaedam
692 825 756 852 item
778 829 842 851 sunt
865 825 981 859 propria:

192 874 329 907 unitates,
355 878 382 901 et
407 875 530 908 quzcdam
553 873 669 907 propria
690 873 894 904 distinctiones;
911 881 937 899 v.
953 880 979 907 g.

1026 270 1176 306 διακρίσεις
1195 270 1223 296 δὲ
1243 270 1317 301 θείας
1334 270 1384 302 τὰς
1405 271 1604 302 ὲνυποστάτους
1626 269 1824 305 προσκυνητάς

1027 314 1158 350 ὑπάρξεις
1171 334 1178 345 ,
1202 315 1344 346 τουτέστι,
1369 314 1417 341 τοῦ
1441 316 1490 350 μὲν
1512 315 1578 342 Υἱοῦ
1594 315 1640 341 τὸν
1659 316 1692 342 ἐκ
1713 315 1825 351 Πατρὸς

1027 361 1215 396 ἀνέκφραστον
1234 361 1426 396 ἁπαυγασμὺν,
1450 360 1497 387 τοῦ
1523 360 1552 387 δὲ
1574 360 1706 395 παναγίου
1732 361 1822 387 Ilva-J—

1029 416 1112 443 ματος
1136 408 1184 443 τὴν
1205 409 1238 434 ὲκ
1257 408 1361 444 Πατρὸς
1382 408 1541 444 ἀνεννόητον
1563 409 1742 443 ὲκπύρευσιν,
1761 409 1826 435 ἐκεῖ

1029 455 1138 486 ἐνώσεις
1150 475 1157 485 .
1181 455 1221 481 ὅτι
1234 455 1264 481 τὸ
1277 455 1375 482 ταύτὸν
1388 454 1437 490 τῆς
1451 455 1553 486 ἑνιαίας
1565 455 1675 490 δηλοῦσι
1696 455 1821 489 φύσεως·

1029 502 1144 530 ἐνταῦθα
1161 502 1313 538 διακρίσεις
1326 523 1332 535 ,
1354 503 1394 529 δτι
1411 502 1460 537 τὴν
1477 502 1608 538 διαίρεσιν
1629 502 1683 529 τῶν
1702 503 1823 530 ὑποστά-

1031 558 1098 575 σεων
1113 549 1275 584 παριστῶσι.
1290 549 1344 576 Καί
1362 558 1443 584 φασιν
1461 550 1486 576 οί
1503 549 1617 576 τοιοῦτοι
1632 550 1699 585 ἱεροὶ
1712 550 1822 585 ἄνδρες,

1029 594 1076 620 καὶ
1099 594 1148 629 τῆς
1172 594 1294 625 ἐνώσεως
1318 595 1352 621 τὰ
1375 594 1438 625 ἴδια,
1463 594 1582 630 δηλονότι
1604 594 1634 620 τὸ
1656 595 1765 629 ἀγαθὸν,
1790 596 1824 622 τὸ

1031 640 1122 674 σοφὸν,
1147 641 1177 667 τὸ
1201 640 1344 671 ἀθάνατον,
1368 642 1413 667 καὶ
1433 641 1481 676 τῆς
1500 641 1663 676 διακρίσεως
1684 641 1764 668 πάλιν
1786 642 1823 668 τὰ

1031 686 1084 714 ἴδια
1095 696 1100 702 ·
1116 686 1220 721 [ἰατρὸς
1236 687 1284 722 μὲν
1295 686 1325 713 τὸ
1338 687 1484 722 ἀγέννητον
1495 707 1502 718 ,
1521 685 1584 712 fio-3
1595 686 1622 712 δὲ
1635 685 1666 712 τὸ
1676 687 1822 722 γεννητὸν,

1030 733 1077 758 καὶ
1100 732 1257 767 Πνεύματος
1272 732 1350 766 ἁγίου
1370 732 1400 758 τὸ
1420 731 1595 767 ὲκπορευτὸν.
1618 732 1694 764 Τινὲς
1706 732 1734 758 δέ
1752 733 1824 759 εἰσιν

1031 778 1058 803 αἱ
1081 777 1161 804 ἰδικαὶ
1185 777 1314 809 ἑνώσεις,
1333 779 1381 805 καὶ
1404 777 1475 810 τινὲς
1497 779 1525 804 αἱ
1552 777 1634 804 ἱδικαὶ
1650 778 1822 814 διακρίσεις,

1030 824 1166 859 δηλονότι,
1181 825 1270 851 κοινὸν
1292 825 1341 860 μὲν
1365 824 1430 851 Υίοῦ
1444 826 1491 852 καὶ
1508 825 1665 861 Πνεύματος
1676 826 1706 852 τὸ
1719 827 1752 853 ὲκ
1765 827 1824 854 Πα-

1031 870 1094 905 τρδς
1109 867 1194 901 εἶναι,
1211 870 1276 896 ἴδιον
1289 870 1316 896 δὲ
1331 870 1421 901 πάλιν,
1441 871 1482 897 ὅτι
1502 871 1532 897 τὸ
1556 871 1604 906 μὲν
1621 871 1756 907 γεννητῶς
1770 892 1776 903 ,
1791 873 1825 898 τὸ

191 927 336 947 commune
358 919 468 953 quidem
486 923 528 946 est
547 918 616 946 Filio
630 923 657 946 et
672 919 785 953 Spiritui
809 924 920 950 sancto,
947 925 980 945 ex

1036 916 1054 942 δ’
1066 916 1249 951 ὲκπορευτῶς.
1262 917 1317 942 Καὶ
1326 916 1416 948 πάλιν,
1426 917 1514 943 κοινὸν
1523 917 1571 951 μὲν
1583 917 1689 953 Πατρδς
1700 919 1747 944 καὶ
1756 918 1824 945 Υἱοῦ

190 965 273 992 Patre
285 971 356 997 esse.
372 965 512 1000 proprium
529 973 606 998 vero,
623 965 694 1000 quod
709 965 753 992 ille
765 972 813 1000 per
826 965 982 1001 generatio-

191 1019 271 1045 nem,
291 1010 335 1038 hic
352 1019 400 1046 per
423 1011 640 1046 processionem.
663 1011 695 1038 Et
716 1019 822 1043 rursus,
838 1019 982 1039 commune

191 1057 300 1092 quidem
324 1056 398 1084 Patri
424 1061 450 1084 et
473 1056 553 1089 Filio,
580 1057 652 1091 quod
674 1057 793 1091 Spiritus
813 1061 924 1084 sanctus
948 1057 982 1083 sit

191 1103 280 1130 Patris
297 1107 321 1130 et
336 1103 413 1135 Filii;
429 1103 569 1138 proprium
583 1109 647 1130 vero
657 1123 664 1133 ,
681 1103 752 1136 quod
768 1103 803 1129 sit
818 1102 907 1129 Patris
921 1102 982 1137 Spi-

192 1149 272 1182 ritus,
291 1153 416 1183 tanquam
429 1156 463 1176 ex
478 1147 559 1176 Patre
575 1147 743 1183 procedens;
758 1148 819 1175 Filii
838 1155 903 1176 vero
921 1149 982 1182 Spi-

192 1195 272 1227 ritus,
292 1199 422 1230 tanquam
439 1194 682 1222 consubstantialis
698 1202 730 1221 ac
745 1194 871 1228 proprius
887 1195 982 1229 ipsius.

193 1241 226 1270 Et
247 1242 296 1268 llas
320 1245 399 1268 \ocat
415 1241 530 1267 uniones
547 1244 575 1267 et
591 1240 780 1268 distinctiones
796 1241 984 1267 distinctionis

192 1287 330 1322 proprias.
355 1286 458 1314 Deinde
474 1286 552 1319 dicit,
573 1285 654 1322 332
673 1293 797 1320 qua-nam
815 1287 870 1314 sint
886 1286 985 1314 divinae

194 1333 321 1364 uniones,
338 1332 396 1359 sive
408 1340 469 1366 qua:
480 1339 641 1366 communes
657 1337 718 1359 sunt
733 1332 859 1359 essentia:
875 1332 983 1365 divinae,

194 1376 324 1402 nimirum
339 1376 580 1410 superesseutialis
595 1377 755 1409 existentia,
771 1381 799 1404 et
810 1383 984 1411 superessen-

195 1421 266 1449 tialis
279 1421 367 1449 deitas
379 1442 387 1453 ,
405 1427 431 1449 et
445 1429 611 1456 supraquam
634 1422 703 1449 bona
719 1423 838 1455 bonitas;
855 1424 985 1458 quoniam

195 1474 277 1501 supra
290 1475 334 1500 ea,
349 1475 430 1503 supra
444 1476 504 1502 quae
521 1469 592 1496 Deus
607 1476 668 1496 esse
685 1470 795 1501 dicitur,
813 1470 985 1504 incompara-

195 1513 286 1540 biliter
303 1514 430 1548 superior
448 1519 503 1547 est;
519 1515 590 1549 quod
607 1523 733 1542 asserens
744 1535 751 1546 ,
771 1523 820 1550 per
837 1515 986 1543 exuberant.

196 1565 252 1587 tem
270 1561 444 1596 negationem
464 1562 544 1588 dixit.
561 1561 690 1590 Itlontilas
706 1563 834 1590 omnibus
848 1563 984 1597 superior,

195 1607 288 1633 omnia
305 1607 462 1642 superantis
489 1608 573 1635 totius
595 1607 642 1636 Dei
669 1610 855 1644 proprietatis,
881 1609 986 1637 scilicet

197 1652 270 1684 boni,
286 1657 313 1680 et
329 1653 470 1688 sapientis,
486 1658 513 1680 et
525 1653 672 1687 similium;
692 1655 750 1682 haec
766 1655 838 1682 enim
857 1660 919 1682 sunt
939 1655 985 1682 Dei

196 1700 365 1733 proprietas,
387 1699 516 1727 videlicet
538 1707 586 1734 per
612 1709 753 1729 excessum
776 1701 809 1728 ad
834 1706 986 1728 creaturas.

197 1746 287 1781 Super
301 1754 411 1774 omnem
426 1747 558 1775 unitatem
571 1755 631 1782 qua:
644 1748 670 1774 in
686 1747 768 1776 rebus
785 1752 837 1781 est,
855 1747 987 1776 indivisus

197 1798 225 1819 et
242 1792 357 1827 simplex
369 1812 377 1826 ,
399 1793 556 1827 ineﬂ'abilis,
581 1800 610 1822 et
631 1795 723 1822 multis
742 1794 857 1822 vocibus
874 1802 987 1829 expres-

197 1847 261 1872 sus;
278 1844 334 1866 tum
352 1840 415 1873 quia
438 1840 651 1873 innominabilis,
674 1845 730 1868 tum
748 1841 812 1876 quia
836 1848 886 1875 pro
903 1841 988 1868 bene-

199 1885 322 1914 ticiorum
342 1885 504 1914 diversitate
520 1887 705 1914 diversimode
724 1887 893 1914 nominatur.
909 1888 987 1922 Igno-

200 1930 282 1963 ratio,
301 1935 328 1958 et
345 1938 377 1958 ex
390 1931 466 1958 omni
483 1932 667 1966 intelleclilis;
684 1933 711 1960 in
728 1933 901 1968 ignoratione
913 1934 987 1961 enim

200 1975 271 2003 Deus
299 1978 483 2012 cognoscitur.
506 1978 709 2014 lgnorationem
734 1984 824 2006 autem
847 1987 900 2006 non
927 1987 987 2007 eam

200 2023 319 2058 accipias
339 2031 399 2059 qua:
422 2031 456 2050 ex
481 2025 589 2052 inscitia
610 2029 697 2051 oritur
720 2025 793 2060 (nam
817 2025 875 2054 lucc
889 2026 989 2052 animm

200 2071 324 2104 quaedam
339 2075 381 2098 est
396 2071 613 2105 tenebricositas)
627 2078 714 2106 neque
727 2073 810 2098 etiam
822 2079 990 2107 cognoscen-

202 2122 256 2144 tem
276 2117 418 2151 (quoniam
442 2117 487 2152 qui
511 2117 733 2153 incognoscibilis
750 2123 792 2145 est
809 2119 920 2146 minime
945 2126 990 2146 co-

201 2164 363 2199 gnoscitur),
374 2171 434 2192 nam
448 2165 505 2190 haec
513 2172 620 2199 quoque
631 2165 734 2199 species
743 2170 785 2192 est
795 2165 988 2200 coguoscitiva.

203 2211 250 2237 sed
267 2210 416 2237 secundum
433 2211 504 2237 illam
518 2211 729 2246 ignorationem,
746 2212 894 2238 secundum
909 2219 989 2246 quam

1032 961 1063 987 τὸ
1075 958 1143 988 εἷναι
1158 961 1188 987 τὸ
1206 961 1317 997 Πνεῦμα
1329 962 1360 988 τὸ
1373 962 1450 996 ἅγιον
1471 962 1519 989 καὶ
1536 962 1583 988 τοῦ
1599 963 1703 998 Πατρος
1718 965 1763 990 καὶ
1775 964 1825 990 τοῦ

1033 1006 1118 1034 Τίοῦ·
1147 1007 1212 1033 ἴδιον
1234 1007 1279 1040 δὲ,
1306 1008 1345 1034 ὅτι
1367 1008 1474 1044 Πατρὸς
1497 1008 1546 1044 μὲν
1573 1008 1704 1044 Πνεῦμαγ
1727 1010 1765 1041 ὡς
1790 1011 1825 1036 ὲκ

1034 1053 1139 1089 Πατρὸς
1153 1054 1368 1090 ἐκπορευόμενον
1379 1063 1387 1070 ’
1405 1055 1470 1081 Υἱοῦ
1484 1055 1512 1081 δὲ
1526 1055 1648 1090 Πνεῦμα,
1668 1056 1705 1088 ὡς
1728 1065 1825 1083 συνου-

1034 1100 1165 1136 σιωμένον
1185 1101 1231 1127 καὶ
1251 1101 1315 1127 ἴδιον
1328 1100 1420 1127 αὐτοῦ.
1436 1101 1490 1128 Καὶ
1507 1101 1608 1134 ταύτας
1623 1101 1696 1136 λέγει
1711 1102 1825 1134 ἑνώσεις

1034 1146 1080 1172 καὶ
1094 1146 1241 1182 διακρίσεις
1257 1146 1307 1182 τῆς
1321 1146 1481 1182 διακρίσεως
1497 1147 1592 1180 ἰδικάς.
1614 1148 1726 1183 Ἑφεξῆς
1737 1149 1825 1182 λέγει,

1033 1192 1105 1224 τίνες
1126 1193 1154 1218 αἱ
1178 1192 1248 1218 θεῖαι
1275 1192 1404 1224 ἑνώσεις,
1425 1193 1508 1228 ἤγουν
1524 1194 1553 1220 αἱ
1573 1195 1661 1220 κοιναὶ
1683 1195 1731 1229 τῆς
1749 1194 1826 1226 θείας

1033 1239 1128 1270 οὐσίας
1141 1258 1148 1269 ,
1161 1238 1282 1274 δηλονότι
1296 1241 1313 1274 ἡ
1328 1239 1490 1274 ὑπερούσιος
1515 1240 1610 1276 eam;
1620 1260 1627 1272 ,
1648 1241 1664 1276 ἡ
1684 1241 1827 1276 ὑπεραγα-

1035 1285 1080 1318 θος
1102 1286 1253 1321 ἀγαθότης·
1280 1287 1320 1312 ὅτι
1343 1287 1390 1313 καὶ
1419 1287 1489 1323 ὑπὲρ
1509 1287 1526 1314 ἃ
1549 1287 1672 1322 λέγεται,
1693 1288 1723 1314 τὸ
1748 1288 1826 1314 Θεῐον

1035 1333 1206 1368 ἀσυγκρίτως
1230 1333 1321 1359 ἐστίν·
1345 1333 1360 1359 ὃ
1378 1333 1410 1369 δὴ
1429 1333 1582 1370 προλαϐὼν,
1599 1334 1645 1361 καὶ
1658 1334 1826 1370 ὑπεροχικὴν

1035 1380 1179 1415 ἀφαίρεσιν
1193 1377 1283 1406 εἶπεν·
1305 1380 1336 1406 Ἡ
1356 1380 1464 1406 πάντων
1479 1380 1607 1407 ἐπέκεινα
1620 1381 1763 1416 ταύτότης,
1776 1381 1827 1416 τῆς

1035 1426 1163 1452 ἐπέκεινα
1182 1426 1289 1452 πάντων
1310 1425 1373 1461 ὅλης
1387 1425 1455 1452 Θεοῦ
1480 1427 1622 1462 ἰδιότητος,
1636 1426 1756 1462 δηλονότι
1777 1427 1826 1453 τοῦ

1035 1472 1149 1506 ἀγαθοῦ,
1173 1472 1221 1498 τοῦ
1236 1472 1332 1508 σοφοῦτ
1351 1473 1399 1499 καὶ⁸
1422 1472 1476 1499 τῶν
1497 1473 1642 1500 τοιούτων·
1664 1473 1750 1499 ταῦτα
1773 1473 1828 1508 γάρ

1036 1519 1105 1545 εἰσιν
1120 1518 1218 1554 ἰδιότης
1232 1519 1298 1545 Θεοῦ
1321 1519 1388 1555 πρὸς
1406 1519 1440 1546 τὰ
1460 1519 1558 1546 κτιστά
1580 1519 1763 1556 ὑπεροχικῶς.
1790 1519 1827 1545 Τὸ

1037 1564 1107 1599 ὑπὲρ
1130 1565 1220 1590 πᾶσαν
1241 1564 1354 1600 ἑνότητα
1376 1565 1406 1591 ὲν
1431 1566 1487 1597 τοῖς
1510 1562 1584 1591 οὖσιν
1607 1565 1709 1600 ἀμερές
1729 1573 1758 1590 τε
1781 1566 1828 1591 καὶ

1036 1609 1149 1640 ἁπλοῦν,
1170 1610 1199 1636 τὸ
1219 1609 1371 1644 ἄφθεγκτον
1386 1610 1433 1636 καὶ
1458 1610 1614 1645 πολύφωνον
1626 1619 1633 1625 ⁸
1656 1611 1688 1638 τὸ
1705 1610 1765 1646 μὲν.
1785 1611 1829 1636 ὃτι

1037 1655 1256 1691 ἀκατονόμαστον
1266 1664 1272 1670 ·
1288 1656 1318 1682 τὸ
1331 1655 1370 1687 δὲ,
1383 1656 1424 1682 ὃτι
1437 1657 1470 1692 τῇ
1493 1656 1614 1692 ποικιλίᾳ
1636 1656 1692 1683 τῶν
1714 1657 1827 1692 εὐεργε-

1036 1702 1173 1738 τουμένων
1189 1702 1318 1734 ποικίλως
1339 1702 1511 1737 ὀνομάζεται.
1533 1702 1564 1728 Ἡ
1583 1703 1704 1737 ἀγνωσία
1727 1703 1773 1728 καὶ
1797 1703 1829 1728 τὸ

1038 1749 1187 1785 παννόητον
1198 1756 1204 1762 ·
1220 1749 1249 1775 ἐν
1262 1748 1360 1784 ἀγνοίᾳ
1382 1748 1436 1784 γὰρ
1459 1748 1564 1782 γίνεται
1586 1749 1706 1782 γνωστὸς
1723 1749 1738 1774 ὁ
1750 1748 1826 1781 Θεός.

1040 1794 1168 1828 ’Λγνοιαν
1189 1793 1218 1820 δὲ
1244 1793 1280 1829 μὴ
1295 1793 1344 1830 τὴν
1363 1793 1407 1820 διὰ
1420 1793 1470 1828 τῆς
1492 1794 1610 1829 ἀμαθίας
1632 1793 1726 1830 λάϐῃς,
1742 1794 1828 1829 (αὕτη

1038 1840 1092 1876 γὰρ
1105 1840 1198 1872 σκότος
1213 1840 1270 1866 ἐστὶ
1282 1839 1370 1875 ψυχῆς
1380 1839 1398 1875 ,)
1421 1841 1489 1875 μήτε
1502 1839 1551 1876 τὴν
1564 1839 1760 1874 γινώσκουσιν,
1776 1841 1829 1875 (ὅτι

1039 1887 1175 1921 ἀγνοεῖται
1188 1886 1202 1912 ὁ
1213 1885 1374 1920 ἄγνωστος,)
1389 1883 1457 1917 εἶδος
1471 1885 1526 1921 γὰρ
1539 1886 1585 1912 καὶ
1602 1885 1671 1921 αὕτη
1685 1894 1828 1922 γνωριστιμ

1039 1933 1086 1959 κόν
1099 1941 1106 1948 ’
1125 1931 1191 1958 ἀλλά
1210 1931 1270 1958 κατ’
1285 1931 1393 1967 ἐκείνην
1407 1931 1456 1967 τὴν
1472 1931 1593 1965 ἄγνοιαν,
1613 1931 1674 1958 καθ’
1688 1931 1720 1966 ἢν
1736 1932 1829 1958 ἁπλω-

1039 1979 1130 2010 ϐέντες
1154 1979 1224 2014 ὑπὲρ
1243 1978 1292 2010 τὰς
1316 1979 1433 2013 νοήσεις,
1458 1979 1503 2005 καὶ
1529 1979 1617 2004 πᾶσαν
1640 1978 1742 2004 ἔννοιαν
1765 1979 1830 2014 περὶ

1039 2023 1106 2050 Θεοῦ
1130 2023 1316 2059 ὑπερϐάντες,
1343 2023 1423 2051 ἀττλοί
1445 2023 1585 2058 γινόμεθα.
1614 2022 1777 2058 Νομίξοντες
1801 2023 1830 2049 δὲ

1040 2070 1242 2106 κατειληφέναι,
1257 2071 1303 2097 καὶ
1317 2070 1466 2106 ἀδιάκριτοι
1482 2070 1622 2105 μένοντες,
1641 2069 1684 2095 διὰ
1697 2069 1746 2104 τὴν
1762 2068 1829 2104 πρὸς

1040 2117 1089 2153 τὴν
1103 2117 1215 2153 ἑνότητα
1234 2118 1342 2144 στάσιν·
1359 2118 1405 2143 καὶ
1419 2117 1533 2152 βεϐαίως
1549 2115 1664 2147 ἑστῶτες
1677 2117 1706 2141 ὲν
1718 2116 1751 2150 τῇ
1765 2115 1830 2141 ἑνώ-

1043 2170 1101 2193 σει,
1123 2161 1273 2196 ἀγνοοῦμεν
1286 2162 1326 2188 ὃτι
1340 2162 1370 2188 οὐ
1389 2161 1585 2196 κατελάϐομεν,
1610 2161 1759 2191 τουτέστιν,
1781 2160 1830 2195 οὐχ

1042 2209 1135 2244 ἑτέρου
1151 2208 1223 2239 τινος
1249 2208 1366 2240 εἰδότες,
1383 2209 1463 2244 ἡμεῖς
1479 2207 1516 2239 ὡς
1532 2207 1646 2242 ἀμαθεῖς
1669 2206 1827 2241 ἀγνοοῦμεν.

203 2256 382 2290 simplilicati,
396 2265 477 2292 supra
499 2258 625 2284 notiones
645 2264 810 2292 omnemque
823 2257 868 2284 Dei
885 2258 985 2292 cogita-

1049 2255 1128 2281 Ἀλλὰ
1141 2254 1176 2281 τὰ
1192 2254 1267 2290 παρά
1280 2255 1368 2290 πάσης
1384 2255 1432 2289 τῆς
1448 2254 1563 2285 κτίσεως
1580 2253 1699 2284 εὐσεϐῶς
1718 2252 1830 2286 ἀγνοού-

205 2304 307 2332 tionem
333 2303 574 2335 trauscendentes,
599 2303 737 2338 simplices
761 2303 903 2330 ellicimur.
922 2304 989 2330 Dutn

203 2349 393 2377 existimamus
420 2353 510 2376 autem
539 2356 589 2376 nos
618 2349 882 2383 comprehendisse,
907 2349 990 2376 etiam

205 2403 346 2423 manemus
360 2395 499 2429 ambigui,
517 2399 629 2429 propter
643 2399 744 2422 statum
763 2396 890 2428 unionis;
906 2401 934 2422 et
947 2396 993 2422 lir-

203 2442 285 2469 tuiler
300 2442 327 2468 in
344 2442 445 2468 unione
466 2441 665 2472 consistentes,
690 2441 847 2475 ignoramus
866 2449 915 2469 nos
938 2450 991 2469 nou

204 2489 368 2523 percepisse,
393 2487 472 2514 idest
497 2487 564 2514 nihil
590 2486 662 2513 aliud
690 2493 825 2519 scientes,
846 2495 895 2514 nos
919 2487 993 2514 velut

205 2534 286 2562 rudes
315 2534 483 2569 ignoramus.
508 2533 611 2561 Tamen
633 2542 694 2569 quae
719 2535 752 2561 ab
768 2534 841 2560 omni
865 2539 992 2561 creatura

206 2580 333 2615 religiose
347 2582 518 2616 ignorantur,
535 2581 699 2615 ignoramus.
715 2580 742 2606 In
759 2581 809 2607 bac
829 2581 901 2608 enim
922 2580 994 2615 igno-

206 2627 312 2654 ratione
330 2628 483 2659 coustituti.
505 2627 640 2654 cﬂicimur
659 2626 747 2653 forma
764 2626 822 2661 ejus
842 2627 913 2660 quod
931 2631 994 2653 ante

206 2673 296 2700 omnia
311 2673 430 2706 exsistit,
441 2673 607 2708 negligentes
618 2673 727 2707 quidem
741 2671 844 2699 formas
859 2679 953 2699 omnes
963 2680 994 2699 ac

208 2720 345 2751 notiones.
363 2719 388 2746 in
404 2720 513 2747 silentio
528 2724 619 2746 autent
632 2727 759 2746 Sermone
770 2719 844 2745 omni
860 2723 993 2753 praestan-

208 2765 269 2792 tiori
284 2765 436 2798 constituti,
450 2766 500 2792 hoc
516 2765 586 2799 ipso,
604 2762 676 2798 quod
698 2771 732 2790 ne
756 2763 806 2790 ltoc
828 2762 916 2797 ipsum
935 2762 994 2796 qui-

205 2813 268 2845 dem
281 2814 470 2848 cognoscimus
484 2819 534 2839 nos
549 2812 691 2847 ignorare;
706 2810 878 2845 postmodum
893 2809 990 2836 iterum

1045 2310 1113 2337 μενα
1126 2301 1284 2336 ἀγνοοῦμεν.
1307 2301 1350 2328 Ἐν
1369 2301 1453 2337 ταύτῃ
1466 2301 1520 2337 γὰρ
1536 2301 1647 2332 στάντες
1662 2302 1694 2335 τῇ
1716 2299 1811 2335 ἀγνοίᾳ
1821 2319 1829 2331 ,

1043 2347 1113 2379 εἶδος
1125 2347 1256 2382 γινόμεθα
1271 2347 1318 2373 τοῦ
1339 2347 1393 2382 πρὸ
1407 2348 1515 2375 πάντων
1528 2347 1613 2379 ὗντος,
1635 2347 1764 2378 ἐάσαντες
1782 2346 1831 2381 μὲν

1045 2394 1133 2421 πάντα
1145 2393 1179 2420 τὰ
1193 2393 1251 2428 εἴδη
1268 2394 1315 2420 καὶ
1327 2393 1376 2425 τὰς
1390 2394 1506 2429 νοήσεις,
1526 2394 1555 2420 ἐν
1575 2393 1679 2428 ἀφασίᾳ
1701 2392 1729 2418 δὲ
1743 2392 1830 2428 κρείτ-

1044 2448 1100 2466 τονι
1120 2440 1210 2475 πάσης
1224 2439 1362 2474 φθέγξεως
1388 2439 1522 2474 ἱδρυμένοι
1542 2438 1582 2474 τῷ
1603 2439 1669 2474 μηδὲ
1691 2438 1770 2464 τοῦτο
1789 2447 1830 2472 γι-

1045 2485 1160 2512 νώσκειν
1171 2488 1213 2514 ὅτι
1227 2485 1388 2521 ἀγνοοῦμεν·
1407 2483 1465 2512 εἶτα
1482 2485 1562 2512 πάλιν
1571 2485 1789 2521 ὑποστρέψαντες
1799 2486 1830 2511 ἐκ

1047 2532 1096 2567 τῆς
1111 2533 1140 2558 ὲν
1154 2532 1259 2568 ἀφασίᾳ
1278 2533 1393 2568 σιωπῆς,
1409 2533 1454 2559 καὶ
1469 2533 1603 2564 συνιέντες
1616 2533 1657 2559 ὅτι
1671 2531 1828 2567 ἠγνοοῦμεν,

1049 2578 1221 2613 ἁψιστάμεθα
1239 2578 1331 2605 λοιπὸν
1345 2579 1392 2605 τοῦ
1408 2579 1471 2614 περὶ
1491 2579 1629 2613 ἀγνώστου
1644 2579 1743 2614 ζητεῖν.
1763 2579 1829 2604 [Iav-

1046 2624 1140 2658 νόητος
1157 2623 1184 2650 δὲ
1206 2623 1286 2650 πάλιν
1301 2625 1316 2650 ὁ
1332 2623 1411 2656 θεὸς,
1429 2624 1467 2656 ὡς
1488 2626 1521 2651 ἑκ
1543 2624 1598 2651 τῶν
1617 2623 1771 2659 φιλοδὼρων
1790 2624 1829 2649 ὲν-

1047 2669 1154 2695 νοιῶν⁵¹
1171 2670 1313 2705 νοούμενος
1335 2671 1375 2696 ὅτι
1396 2671 1464 2702 ἐστι,
1487 2671 1534 2697 καὶ
1549 2672 1582 2697 ὲκ
1596 2670 1650 2697 τῶν
1669 2670 1829 2705 δημιουργη-

1049 2715 1156 2751 μάτων·
1176 2717 1208 2742 ἐκ
1224 2716 1278 2742 τῶν
1300 2717 1358 2751 μὲν,
1383 2717 1424 2742 ὅτι
1444 2717 1536 2752 σωτήρ
1556 2717 1644 2742 ἐστιν’
1667 2717 1700 2742 ἐκ
1722 2715 1776 2741 τῶν
1793 2714 1827 2745 δὲ,

1046 2762 1086 2788 ὅτι
1109 2761 1281 2797 δημιουργός.
1305 2763 1359 2788 Καὶ
1380 2761 1454 2788 θέσιν
1480 2762 1528 2797 μὲν
1543 2761 1591 2797 τὴν
1608 2760 1725 2796 ὓπαρξιν
1747 2760 1827 2792 κειλείι

1047 2808 1084 2839 ὡς
1098 2807 1128 2840 ἐξ
1140 2808 1222 2835 αὑτοῦ
1237 2808 1283 2835 τοῦ
1300 2808 1366 2834 Θεοῦ
1377 2828 1384 2839 ,
1397 2809 1447 2844 τῆς
1467 2808 1570 2835 πάντων
1583 2809 1666 2843 οὔσης
1681 2807 1826 2843 ὑπάρξεως.

860 2865 973 2894 γλιιιΑε
992 2865 1195 2894 LECTIONES.

241 2917 262 2934 “
285 2919 414 2953 προνοιών
427 2939 434 2952 ,
448 2919 478 2946 Ι).
