1929 3068
97 177 152 206 663

382 178 426 205 DE
445 178 571 206 DlVlNlS
598 178 796 211 NOMlNlBUS,
815 179 892 206 CAP.
912 179 944 206 ll.
964 194 998 198 —-
1019 179 1193 207 PARAPHR.
1210 181 1445 211 PACIIYMER/E.

1678 183 1732 211 666

95 236 214 271 Λέγουσι
225 235 282 272 γὰρ
303 237 327 262 οὶ
344 236 482 271 φιλόσοφοι
504 236 577 263 θέσιν
592 237 626 264 τὰ
640 237 814 272 ἐπιτιθέμενα
833 237 887 272 εἴδη

942 245 956 263 a
972 242 1046 264 tnuto
1060 238 1168 265 silentio
1180 239 1318 270 conversi,
1333 243 1360 266 et
1374 245 1572 273 cognoscentes
1587 248 1636 267 nos
1651 241 1729 275 igno-

95 284 130 318 τῇ
147 282 196 318 ὕλῃ
209 291 217 299 ο
233 283 378 319 ἀφαίρεσιν
393 283 431 315 δὲ,
450 284 514 310 ὅταν
533 284 561 310 αί
579 283 721 319 ποιότητες
740 284 794 310 τῶν
811 284 889 310 εἱδῶν

96 329 299 365 ἀφαιρεθῶσιν,
326 327 381 356 οἷον
405 330 457 365 γῆς
478 331 508 357 τὸ
534 331 616 366 ξηρὸν
643 332 689 357 καὶ
718 331 800 367 βαρύ·
829 331 889 356 τότε

95 375 152 411 γὰρ
175 375 251 402 ἔσται
272 376 351 411 τυχὸν
378 376 459 412 ὕδωρ.
488 377 516 403 ’0
540 377 604 411 γοῦν
625 376 690 409 Θεὸς
709 378 723 403 ὁ
742 376 889 404 καὶταῦτα

98 423 362 458 μετασχηματίζων,
389 425 405 459 ή
439 424 547 450 πάντων
575 423 648 456 θέσις
674 424 720 450 καὶ
745 423 889 459 ἀφαίρεσίς

96 469 174 494 ἐστι’
193 467 267 500 θέσις
299 469 347 503 μὲν
373 469 482 495 πάντων
496 488 504 500 ,
533 469 571 501 ὡς
593 469 627 496 τὰ
652 470 741 496 πάντα
764 469 820 501 θεὶς
842 469 889 495 καὶ

98 515 233 549 ποιήσας,
261 515 306 541 καὶ
336 514 458 550 ἱδρύσθαι
486 515 722 551 παρασκευάζων·
756 516 785 542 ὲν
815 515 888 551 αὐτῷ

95 561 152 597 γὰρ
175 560 209 587 τὰ
233 560 321 587 πάντα
345 561 519 596 συνέστηκεν.
550 562 704 597 ’Λφαίρεσις
725 562 754 589 δὲ
779 563 887 589 πάντων

96 607 181 638 ἐστὶν,
201 607 238 639 ὡς
256 608 302 634 καὶ
325 607 374 644 τὴν
398 608 471 634 θέσιν
494 608 578 644 αὐτὴν
596 608 650 634 τῶν
670 608 754 635 ὄντων
775 609 822 635 καὶ
838 608 887 644 τὴν

96 653 206 689 ποίησιν
220 653 457 689 μεταρῤυθμίζων,
477 654 684 689 μετασκευάζων
704 655 750 681 καὶ
763 654 886 689 ἀφαιρῶν

95 700 129 726 ἐκ
142 699 196 726 τῶν
213 700 378 735 τεθειμένων
388 701 422 727 τὰ
437 701 506 728 κατὰ
522 702 611 737 φύσιν.
628 703 659 729 Εἰ
672 702 726 738 γὰρ
746 703 886 738 ὡμολόγη-

95 753 153 776 ται,
168 745 201 771 τὰ
220 746 249 771 ὲν
270 746 374 779 γενέσει
394 746 501 778 πάντως
514 747 560 774 καὶ
574 747 739 782 φθείρεσθαι,
757 749 837 780 αὐτὸς
857 749 885 775 δὲ

96 791 204 825 πλούτῳ
217 791 395 826 ἀγαθότητος,
412 792 466 819 τῶν
482 793 529 828 μὲν
543 793 630 820 ἀνεῖλε
643 795 689 820 καὶ
708 794 738 820 τὸ
755 794 883 830 φθαρτὸν,

95 836 134 868 ὡς
146 835 269 870 ἀγγέλων
282 837 329 863 καὶ
339 837 442 872 ψυχῶν,
455 837 509 864 τῶν
521 838 548 865 δὲ
561 839 591 865 τὸ
604 838 721 874 φθαρτὸν
733 841 772 871 εἰς
786 840 887 876 ἀῳθαρ-

97 882 158 909 σίαν
172 883 336 918 μετήγαγεν,
350 884 388 915 ὡς
409 884 443 910 τὰ
460 883 572 919 σώματα
583 884 662 920 ἡμῶν
677 886 706 911 ἐν
719 887 751 920 τῇ
766 886 884 912 ἀναστά-

97 937 150 955 σει·
167 929 245 964 δῆλον
258 929 296 961 ὡς
309 931 389 962 αὐτὸς
401 930 486 956 ταῦτα
498 931 564 966 ἡμῖν
591 931 731 967 ὑπάρχων,
745 932 826 963 αὐτὸς
841 932 886 958 καὶ

95 975 168 1010 ὑπὲρ
176 975 248 1002 θέσιν
259 977 317 1002 ἐστὶ
327 976 373 1002 καὶ
385 975 540 1011 ἀφαίρεσιν,
554 976 677 1011 θεμέλιος
689 977 737 1002 καὶ
748 976 809 1012 ῥίζα
821 977 887 1003 πάν-

95 1029 150 1047 των
164 1021 210 1052 ὢν,
225 1022 254 1048 οὑ
267 1021 396 1054 τοπικῶς,
411 1021 478 1048 ἀλλὰ
491 1021 561 1048 κατὰ
574 1022 604 1048 τὸ
616 1022 711 1048 αἴτιον.
725 1022 793 1049 Οῦτε
805 1023 886 1057 ἀφαί-

97 1075 172 1102 ρεσις
192 1068 271 1100 αὐτὸς
284 1067 332 1100 ῶν,
347 1065 383 1095 ὧν
394 1069 474 1100 αὐτὸς
488 1069 553 1105 ἔχει’
567 1069 598 1095 τὸ
618 1065 673 1105 γάρ
686 1070 827 1100 ἀθάνατον,
842 1071 888 1096 καὶ

95 1114 304 1150 ἀκατάληπτον,
323 1116 369 1141 καὶ
386 1115 538 1149 ἄγνωστον,
561 1117 606 1142 καὶ
626 1116 676 1142 ὅσα
695 1115 807 1142 τοιαῦτα
821 1115 885 1150 ἔχει,

94 1161 144 1195 οὐχ
155 1161 192 1192 ὡς
215 1160 252 1196 μὴ
272 1161 309 1187 ὣν
321 1161 351 1188 τὸ
363 1161 492 1193 ἐναντίον,
514 1162 580 1188 ἀλλὰ
601 1162 670 1188 κατὰ
692 1162 810 1197 ἰδιότητά
828 1171 888 1188 τινα

96 1207 179 1233 πᾶσιν
191 1207 320 1242 ἄρρητον·
336 1207 466 1244 ἐξῄρηται
481 1208 536 1244 γὰρ
554 1209 608 1234 τῶν
630 1209 766 1240 ἁπάντων,
782 1209 827 1236 καὶ
842 1209 887 1235 ὑπ’

95 1254 201 1285 οὐδενὸς
221 1255 337 1285 νοεῖται,
360 1254 376 1289 ἢ
394 1253 463 1286 ὅλως
487 1254 735 1290 καταλαμϐάνεται,
749 1256 786 1287 ὡς
807 1255 887 1287 αὐτὸς

94 1300 189 1326 ἑαυτὸν
203 1300 327 1336 ἁρπάσας
341 1300 384 1327 διὰ
395 1301 444 1336 τῆς
457 1301 594 1336 ἀπειρίας.
610 1302 640 1328 ’Π
654 1303 683 1328 ἐν
696 1302 824 1338 ἀλλήλαις
837 1303 889 1329 πά-

95 1348 137 1375 λιν
148 1349 202 1375 τῶν
215 1349 365 1384 ἐναρχικῶν
387 1349 563 1376 ὑποστάσεων
579 1350 645 1386 μονὴ
660 1350 706 1376 καὶ
725 1350 838 1386 ἵδρυσις
859 1351 887 1377 ἓν

95 1393 160 1428 γὰρ,
175 1394 221 1420 καὶ
234 1394 273 1426 ἓν,
287 1395 334 1421 καὶ
345 1392 385 1425 ἓν,
397 1395 488 1421 καὶτὰ
500 1395 563 1430 τρία
575 1395 613 1421 έν.
628 1395 695 1422 Τίδέ
707 1397 780 1422 ἐστιν
792 1397 808 1432 ὴ
821 1396 888 1433 μονὴ

95 1440 143 1466 καὶ
156 1440 269 1475 ἵδρυσις,
284 1441 321 1472 ὡς
334 1441 374 1472 τὸ,
395 1441 464 1476 Ἐγὼ
477 1442 511 1468 ἐν
524 1441 564 1474 τῷ
580 1442 682 1475 Harp),
696 1443 743 1469 καὶ
757 1444 772 1469 ό
786 1443 887 1477 Πατὴρ

95 1486 131 1512 ἐν
145 1486 227 1520 ego];
239 1486 309 1513 οὕτω
321 1488 367 1513 καὶ
381 1488 443 1522 περὶ
456 1487 503 1513 τοῦ
518 1487 594 1521 ἁγίου
613 1488 770 1524 Πνεύματός
784 1498 864 1524 φησιν
874 1490 888 1516 ὁ

96 1531 167 1563 Θεῖος
181 1531 337 1564 ἀπόστολος.
358 1533 389 1558 Ἠ
404 1532 441 1568 μὴ
457 1533 645 1568 συγκεχυμένη
660 1534 688 1560 ᾗ
703 1535 790 1570 μέρει,
805 1534 888 1562 καθά-

943 292 1019 317 rare,
1036 285 1204 312 abstinemus
1221 291 1351 313 cmtcrum
1375 287 1409 314 ab
1431 286 1489 320 ejus
1510 287 1582 322 quod
1603 288 1730 323 cognosci

942 332 1038 366 nequit
1063 332 1250 367 inquisitione.
1275 332 1395 362 Rursum
1419 341 1483 360 vero
1501 334 1572 361 Deus
1597 341 1629 360 ex
1656 335 1730 361 onmi

942 378 1106 405 intellectilis
1117 379 1232 411 dicitur;
1248 380 1375 412 qttoniam
1387 387 1420 406 cx
1431 380 1526 407 amicis
1541 381 1598 407 suis
1613 381 1730 407 muneri.

942 424 992 450 bus
1003 429 1030 451 et
1043 424 1226 459 intelligentiis
1234 425 1278 458 δί’,
1290 433 1340 452 nec
1349 434 1400 453 non
1409 433 1441 453 ex
1452 427 1586 454 creaturis
1595 427 1730 454 exsistere

940 469 1127 502 cognoscitur,
1148 477 1181 496 ex
1198 470 1251 497 illis
1275 471 1384 504 quidem
1404 471 1540 503 Salvator,
1556 479 1588 498 ex
1604 473 1645 499 his
1667 481 1731 499 vero

940 513 1063 540 Creator.
1078 514 1245 543 Positionem
1259 522 1351 543 autent
1368 525 1414 543 seu
1431 517 1637 544 aliirmalioneut
1652 524 1731 546 vocat

940 561 1125 593 existentiam,
1139 566 1266 597 tauquam
1282 571 1313 590 ex
1332 564 1389 596 ipso
1406 564 1469 596 Deo,
1493 564 1538 597 qui
1553 568 1595 590 est
1608 565 1730 591 omnium

939 607 1094 634 existenlia.
1104 608 1260 643 Philosophi
1270 610 1341 635 enim
1351 609 1435 640 θέσιν,
1446 617 1492 636 seu
1509 611 1663 638 positionem
1672 631 1679 642 ,
1688 618 1731 636 vo-

939 658 1001 679 cant
1012 653 1114 681 formas
1124 654 1183 682 illas
1193 663 1252 689 qua:
1261 655 1383 682 materia:
1394 655 1603 689 imprimuntur;
1618 656 1731 682 ablatio-

939 706 999 725 nem
1008 701 1199 732 vero,q.uaudo
1206 701 1349 735 qualitates
1357 708 1372 726 a
1385 701 1481 728 formis
1494 701 1665 734 auferuntur,
1677 702 1731 729 vcl-

939 745 1001 772 utia
1016 750 1087 772 terra
1107 746 1216 773 siccitas
1235 752 1262 773 et
1285 748 1416 781 gravitas,
1436 753 1502 774 tunc
1514 747 1586 774 cnim
1603 747 1729 774 fortassis

938 799 1007 826 aqua
1019 791 1099 827 333
1116 792 1177 818 erit.
1189 792 1259 820 Deus
1274 793 1355 828 igitur
1366 793 1410 827 qui
1423 794 1480 820 hinc
1488 793 1579 819 omnia
1594 791 1729 820 transfor-

938 841 1001 868 tuat,
1015 837 1136 864 otnnittm
1153 842 1193 865 est
1206 839 1303 872 positio
1315 843 1342 865 et
1353 839 1465 865 ablatio.
1478 839 1603 867 Outuium
1620 840 1728 874 quidem

938 881 1046 916 positio,
1055 883 1134 917 utqui
1146 885 1236 910 omttia
1245 884 1319 918 ponit
1328 890 1354 911 et
1364 884 1439 915 facit,
1450 890 1531 919 atque
1540 890 1570 912 ut
1578 885 1729 912 causistant

938 929 1076 963 disponit;
1093 929 1118 956 in
1139 930 1197 964 ipso
1219 930 1291 956 enim
1311 935 1410 958 cuncta
1428 931 1596 959 consistunt.
1616 931 1662 958 Est
1677 939 1727 957 au-

939 980 992 1003 tetn
1008 976 1128 1003 omniuut
1147 976 1260 1009 ablatio,
1273 982 1302 1003 ιιι
1317 977 1362 1011 qui
1386 978 1531 1012 ipsauunet
1547 986 1637 1004 rerum
1658 979 1724 1012 posi—

940 1023 1039 1049 tionem
1061 1030 1093 1050 ac
1116 1024 1283 1050 creationem
1308 1024 1448 1058 componit
1470 1029 1553 1057 atque
1570 1024 1726 1054 concinnat.

939 1075 989 1095 ttec
999 1076 1051 1095 non
1069 1068 1158 1095 attfert
1174 1077 1189 1095 a
1207 1069 1287 1096 rebus
1307 1069 1402 1103 positis
1416 1077 1477 1104 qua;
1495 1069 1602 1096 illarum
1622 1073 1727 1095 natura:

939 1115 1128 1142 adversantur.
1142 1115 1209 1142 Cum
1225 1115 1296 1142 enim
1310 1115 1336 1141 in
1353 1115 1480 1142 confesso
1495 1115 1541 1146 sit,
1559 1122 1590 1142 ea
1604 1122 1664 1148 qua:
1680 1123 1727 1149 ge—

940 1166 1071 1188 nerantur
1084 1162 1196 1189 omnino
1209 1162 1290 1188 etiam
1305 1162 1457 1196 corrumpi,
1472 1161 1528 1195 ipse
1542 1167 1633 1187 autent
1645 1161 1728 1188 abun-

938 1207 1029 1234 dantia
1044 1207 1174 1234 bonitatis
1187 1208 1369 1242 quoruntdam
1386 1214 1495 1242 quoque
1508 1206 1616 1234 auferat
1630 1213 1726 1232 corru-

939 1252 1120 1286 ptibilitatem,
1137 1259 1167 1281 ut
1182 1254 1342 1288 angelorum
1366 1258 1449 1288 atque
1475 1254 1648 1284 animarum;
1665 1260 1729 1286 quo—

939 1299 1061 1326 rumdam
1075 1308 1140 1327 vero
1151 1300 1408 1335 corruptibilitatem
1426 1299 1572 1326 transferat
1586 1299 1619 1325 ad
1635 1299 1726 1325 incor-

939 1345 1108 1380 ruptionem,
1137 1351 1165 1372 ut
1188 1354 1302 1380 corpora
1325 1351 1417 1373 nostra
1440 1346 1467 1372 iu
1505 1345 1703 1372 resurrectione
1719 1351 1725 1356 ·

939 1391 1110 1419 manifestum
1144 1397 1186 1420 est
1215 1393 1301 1427 ipsum
1336 1392 1412 1419 nobis
1444 1393 1503 1418 hate
1530 1391 1727 1422 exsisteutem,

939 1445 1021 1472 supra
1046 1438 1213 1472 positionem
1239 1444 1346 1472 quoque
1374 1444 1452 1470 esse,
1482 1440 1509 1463 et
1541 1435 1727 1466 ablationem,

939 1491 1000 1510 cum
1017 1483 1052 1511 sit
1064 1483 1269 1511 fundamentum
1283 1491 1316 1511 ac
1332 1483 1407 1510 radix
1420 1483 1555 1514 omnium,
1569 1490 1622 1510 non
1637 1482 1726 1516 quoad

940 1530 1040 1562 locum,
1055 1530 1102 1557 sed
1116 1536 1248 1564 quantum
1268 1530 1302 1557 ad
1316 1537 1437 1557 causam.
1461 1528 1554 1563 Neque
1570 1528 1626 1562 ipse
1644 1529 1727 1554 ctiant

97 1586 150 1611 περ
163 1578 193 1604 τὸ
206 1577 333 1612 αίσθητὸν
354 1578 525 1614 παράδειγμα
540 1578 610 1614 ἔχον.
624 1580 729 1615 Ὥσπερ
740 1579 794 1615 γὰρ
805 1580 887 1616 τριῶν

941 1582 982 1605 est
994 1577 1094 1605 ablatio
1106 1585 1201 1604 eorum
1221 1585 1281 1611 qua:
1297 1577 1397 1609 habet;
1421 1583 1483 1602 nam
1505 1576 1562 1610 ipse
1579 1583 1627 1609 pcr
1642 1583 1672 1602 se
1685 1576 1729 1601 ha-

95 1622 189 1657 κηρῶν
203 1623 342 1650 ἁπτόντων
362 1623 390 1649 ἕν
411 1633 464 1650 τινι
478 1623 553 1659 οἴκῳ,
573 1626 632 1655 ταῖς
653 1625 701 1659 μὲν
722 1626 886 1653 ὑποστάσεσι

95 1670 321 1706 διακεκριμένων,
336 1669 374 1704 τῷ
387 1670 415 1696 δὲ
437 1670 506 1704 φωτὶ
527 1670 670 1706 ἡνωμένην
683 1671 732 1706 τὴν
746 1671 886 1698 κοινωνίαν

95 1717 224 1752 ἐχόντων,
238 1717 284 1743 καὶ
302 1716 389 1748 οὐδεὶς
404 1716 514 1742 δύναται
526 1716 661 1752 διακρῖναι
675 1717 704 1743 τὸ
718 1717 805 1744 κοινὸν
818 1718 885 1752 φῶς,

94 1761 137 1788 ὅτι
149 1760 229 1788 τοῦτο
246 1761 294 1796 μὲν
307 1760 412 1792 τούτου,
428 1759 507 1786 τοῦτο
517 1761 545 1787 δὲ
559 1761 606 1788 τοῦ
619 1761 698 1788 ἄλλου
716 1762 886 1798 λαμπτῆρος.

96 1807 190 1834 Ταῦτα
203 1807 298 1839 εἰπὼν,
315 1807 461 1842 μεταφέρει
474 1808 519 1834 τὺν
532 1807 610 1841 λόγον
624 1807 670 1834 ἐπὶ
681 1808 712 1834 τὸ
723 1809 773 1844 τῆς
785 1809 887 1835 οίκονο-

98 1854 163 1888 μίας
177 1853 334 1888 μυστήριον,
350 1853 397 1880 καὶ
407 1853 437 1879 τὸ
449 1853 630 1887 Εὐαγγελικον
643 1853 723 1889 ῥητὸν
745 1854 886 1890 σαφηνίζει

95 1900 138 1931 τὸ,
157 1900 227 1935 Ἐγὼ
239 1901 272 1926 ἐκ
286 1900 339 1926 τοῦ
352 1899 614 1933 Πατρός-ἐξῆλθον,
623 1901 671 1926 καὶ
680 1900 756 1934 πρὸς
765 1900 819 1927 τὸν
829 1903 888 1927 Πα-

96 1946 167 1980 τέρα
182 1955 238 1980 μου
254 1945 368 1980 ὑπάγω,
382 1946 464 1982 φησὶν
500 1948 540 1975 ὃτι
562 1945 640 1977 εἴτις
652 1946 700 1972 ἕνα
711 1946 764 1972 τῶν
777 1947 887 1982 πυρσῶν

96 1991 370 2025 ὑπεξαγαγέσθαιτοῦ
381 1991 518 2026 δωματίου
531 1991 633 2026 νοήσει,
642 1991 718 2017 οὐδέν
728 2000 753 2017 τι
764 1991 818 2018 τῶν
831 1992 888 2018 ἑτέ-

99 2047 154 2073 ρων
169 2037 264 2072 φώτων
273 2036 522 2072 συνεπισπώμενον,
537 2037 553 2072 ἢ
565 2037 595 2064 τὸ
609 2036 704 2063 ἑαυτοῦ
717 2038 772 2068 τοῖς
784 2037 888 2072 ἑτέροις

96 2084 270 2114 καταλεῖπον,
283 2084 313 2110 τὸ
334 2083 536 2119 ὑπεξαγόμενον
557 2083 614 2118 φῶς
628 2082 802 2117 ὑπεξάγεται·
818 2082 888 2109 οὕτω

96 2131 152 2158 νόει
166 2132 212 2157 καὶ
227 2131 272 2157 επὶ
284 2131 333 2165 τῆς
344 2130 476 2166 ὲνσάρκου
495 2129 659 2164 οἰκονομίας.
682 2128 781 2156 Ἐλθὼν
798 2129 812 2154 ὁ
825 2129 888 2161 Υἱὸς

96 2179 130 2204 ἐκ
141 2176 187 2203 τοῦ
201 2177 314 2212 Πατρὸς,
330 2177 375 2202 καὶ
393 2175 564 2210 ἐπιδημήσας
576 2176 605 2201 ὲν
617 2175 656 2210 τῷ
669 2176 773 2210 κόσμῳ,
786 2175 816 2201 οὺ
832 2178 890 2201 συν-

96 2223 232 2257 εξήγαγεν
248 2223 336 2257 ἑαυτῷ
356 2223 402 2249 τὸν
424 2222 534 2256 Πατέρα
557 2223 603 2249 καὶ
622 2222 652 2248 τὸ
674 2222 786 2257 Πνεῦμα
799 2243 805 2254 ,
826 2221 888 2248 οὔτε

940 1624 986 1651 bet
998 1623 1244 1656 immortalitatem,
1268 1628 1295 1650 et
1313 1621 1684 1656 ineompreltensibilitatent,
1702 1627 1729 1647 et

939 1670 1241 1706 iucognoscibilitatem,
1255 1670 1364 1703 aliaque
1377 1668 1494 1700 similia;
1513 1675 1566 1694 non
1581 1667 1659 1702 quasi
1675 1674 1727 1693 nou

939 1718 974 1744 sit
995 1717 1180 1749 contrarium,
1203 1717 1250 1743 sed
1273 1715 1350 1750 juxta
1372 1715 1568 1751 proprietatem
1584 1713 1727 1748 quamdam

938 1764 1064 1791 omnibus
1079 1762 1241 1790 ineffabilem
1265 1771 1271 1789 :
1294 1770 1356 1788 nant
1371 1765 1516 1795 exemptus
1530 1765 1573 1787 est
1590 1761 1622 1786 ab
1640 1759 1727 1787 omni-

939 1811 1000 1841 bus,
1014 1814 1041 1837 ct
1054 1817 1069 1836 a
1084 1809 1157 1836 ttttllo
1169 1809 1354 1844 cognoscitur,
1370 1808 1411 1834 vel
1423 1808 1535 1834 omnino
1550 1805 1728 1840 comprehen-

939 1856 1029 1888 ditur,
1047 1860 1075 1882 ut
1091 1855 1137 1890 qui
1157 1856 1332 1889 semetipsum
1359 1859 1471 1889 propter
1486 1853 1650 1880 infinitatem
1667 1852 1728 1878 sub-

939 1903 1031 1930 ducat.
1049 1902 1166 1928 ltursum
1179 1905 1220 1928 est
1232 1901 1384 1928 divinaruttt
1399 1908 1506 1935 quoque
1521 1899 1548 1926 iu
1565 1906 1594 1926 se
1611 1899 1727 1925 iuvicetu

939 1955 1116 1982 personarum
1131 1947 1238 1974 mansio
1249 1953 1275 1973 et
1290 1947 1449 1978 collocatio;
1464 1950 1527 1973 suttt
1541 1945 1614 1972 enittt
1632 1952 1726 1973 unum,

940 1999 966 2022 et
989 2002 1082 2027 utttutt,
1099 1998 1126 2021 et
1141 2001 1223 2020 unum
1238 2013 1245 2026 ,
1261 1999 1287 2020 et
1312 1994 1362 2020 tria
1381 2001 1475 2019 unum.
1488 1992 1557 2025 Quid
1579 1996 1668 2018 autent
1685 1996 1726 2018 est

939 2042 1044 2069 mansio
1063 2041 1253 2072 etcolloeatio,
1269 2046 1298 2068 ιιι
1313 2041 1375 2068 illud
1394 2051 1400 2068 :
1420 2040 1473 2075 Ego
1486 2041 1512 2066 in
1531 2039 1621 2070 Putre,
1633 2044 1657 2065 ει
1675 2038 1728 2065 Pa-

940 2094 978 2115 ter
1009 2089 1036 2115 in
1064 2097 1104 2115 me
1134 2093 1172 2115 est
1199 2087 1239 2114 f“!
1262 2088 1299 2114 lta
1329 2088 1411 2115 etiam
1441 2087 1474 2114 de
1502 2086 1603 2121 Spiritu
1631 2089 1728 2112 sancto

939 2134 1078 2169 apostolus
1100 2134 1147 2162 ait.
1183 2133 1245 2161 lltec
1275 2134 1380 2160 mansio
1402 2141 1454 2159 non
1476 2137 1518 2160 est
1532 2132 1558 2158 in
1572 2136 1648 2166 parte
1660 2139 1727 2158 con~

939 2182 1008 2214 fusa,
1032 2181 1101 2207 sicut
1115 2180 1242 2207 sensibile
1262 2180 1416 2214 exemplum
1441 2179 1570 2207 declarat.
1589 2177 1729 2210 Quemad-

941 2227 1048 2254 modum
1065 2227 1137 2253 cnint
1155 2227 1177 2254 si
1194 2227 1219 2253 itt
1236 2226 1325 2260 aliqua
1347 2226 1427 2253 dotno
1451 2229 1506 2253 tres
1530 2225 1602 2252 cerei
1629 2231 1727 2251 accen-

97 2269 152 2304 μὴν
164 2269 218 2295 τῶν
229 2270 336 2295 οἰκείων
353 2278 379 2295 τι
394 2269 508 2300 ἐκείνοις
520 2269 664 2295 κατέλιπεν
674 2288 681 2299 ,
696 2268 752 2295 ἀλλ’
766 2268 887 2303 ἀδιαίρε-

941 2274 1051 2307 dantur,
1067 2273 1197 2308 subjectis
1210 2273 1319 2307 quidem
1335 2273 1434 2300 diversi
1456 2276 1547 2304 erunt,
1562 2271 1608 2298 sed
1624 2271 1729 2298 lumine

95 2324 142 2342 τον
151 2315 201 2350 τῆς
219 2315 315 2341 ἑαυτοῦ
329 2315 412 2350 μονῆς
431 2315 478 2350 τὴν
493 2315 581 2348 ἔξοδον
598 2315 755 2350 ἐποιήσατο.
771 2313 844 2350 Πλὴν
859 2316 886 2341 αἱ

95 2361 151 2388 τῶν
163 2362 294 2396 σωμάτων
306 2361 415 2393 ἑνώσεις
430 2361 484 2388 τῶν
498 2370 527 2387 τε
544 2361 719 2396 στοιχειωδῶς
731 2361 886 2397 θεωρουμέ-

95 2416 160 2438 νων,
177 2407 223 2434 uati.
237 2407 291 2433 τῶν
307 2406 392 2438 ἄλλως
414 2415 471 2438 πως
488 2406 670 2442 μιγνυμένων,
692 2406 822 2441 δυνάμεσι
839 2407 887 2433 καὶ

96 2452 219 2488 ποιότητι
239 2452 269 2478 τὸ
280 2453 504 2488 παρηλλαγμένον
519 2452 635 2487 ἕχουσιψ
652 2451 782 2483 ὡσαύτως
799 2453 845 2478 καὶ
859 2453 887 2478 αί

95 2498 210 2534 ψυχικαὶ
222 2499 349 2534 δυνάμεις
363 2499 394 2524 τὸ
408 2498 534 2533 διάφορον
554 2498 654 2533 ἔχουσι,
671 2497 717 2524 καὶ
737 2498 790 2533 μὴν
805 2498 851 2524 καὶ
861 2500 888 2524 αί

95 2543 151 2569 τῶν
167 2543 290 2577 ἀγγέλων
301 2543 369 2578 πρὸς
384 2544 432 2575 τὰς
457 2544 530 2576 θείας
546 2543 694 2579 tamen;
709 2543 842 2578 ὲνάτητες,
859 2545 889 2570 τὸ

95 2589 149 2616 ἀνὰ
165 2589 246 2624 μέρος
258 2590 305 2616 καὶ
320 2589 449 2623 ἀνάλογον
460 2591 519 2622 ταῖς
529 2590 642 2621 οἰκείαις
651 2589 758 2622 τάξεσιν
770 2589 885 2625 ἔχουσιν-

95 2636 113 2670 ἡ
126 2634 154 2661 δὲ
171 2636 199 2662 ἐν
210 2636 243 2671 τῇ
259 2635 323 2670 ἁγία
336 2635 430 2671 Τριάδι
444 2636 547 2671 ἑνότης,
558 2637 604 2662 καὶ
613 2636 662 2662 ὅσα
674 2635 785 2671 ταύτης,
799 2636 886 2662 οὐδενὶ

95 2681 152 2708 τῶν
168 2681 321 2716 εἰρημένων
335 2681 546 2716 διακοπτομένη,
563 2681 578 2716 ἦ
594 2681 697 2708 ἑαυτῶν
712 2681 885 2717 διαφέρουσα,

94 2730 210 2762 εἰκότως
237 2730 306 2765 ὑπὲρ
323 2730 425 2762 ταύτας
444 2729 494 2761 τὰς
513 2729 623 2761 ἐνώσεις
644 2728 713 2756 εἶναι
736 2729 884 2762 δοξάζεται.

103 2777 297 2813 Ὑπερίδρυται
314 2777 363 2812 μὲν
378 2777 394 2812 ἡ
409 2775 570 2812 ὑπερούσιος
591 2776 696 2807 ἕνωσις.
715 2777 744 2802 οὐ
762 2776 815 2802 τῶν
835 2785 888 2802 σω-

139 2843 161 2862 τ⁹
176 2843 253 2870 Joau.
272 2851 298 2874 Χ,
314 2843 359 2871 58.
400 2845 412 2863 κ
427 2843 505 2870 Joau.
520 2851 573 2875 xw,
586 2843 630 2870 ‘28.

941 2320 1008 2347 ttuiti
1021 2321 1071 2347 sibi
1085 2320 1200 2347 invicem
1213 2319 1453 2346 communicabuut
1464 2327 1471 2351 ;
1483 2325 1570 2352 nequc
1584 2317 1726 2352 quisqttatn

941 2371 1029 2402 potest
1045 2373 1186 2394 commune
1199 2366 1288 2392 lumen
1302 2365 1465 2396 discernere,
1481 2364 1617 2398 quodnam
1630 2363 1665 2390 sit
1682 2362 1730 2389 hu-

938 2414 992 2448 jus,
1002 2412 1107 2447 etquod
1117 2413 1229 2439 alterius
1238 2411 1390 2439 luminaris.
1406 2410 1468 2437 llazc
1480 2410 1524 2437 ubi
1543 2410 1625 2443 dixit,
1639 2413 1727 2436 trans-

941 2459 994 2487 fert
1013 2467 1166 2486 sermonem
1189 2459 1223 2485 ad
1251 2459 1410 2493 mysterium
1441 2456 1673 2492 dispensationis,
1700 2460 1729 2482 et

941 2506 1126 2541 evangelicum
1145 2505 1210 2532 illud
1225 2505 1324 2532 dicttutt
1342 2504 1513 2541 explanatis;
1536 2502 1592 2537 Ego
1611 2511 1627 2528 α
1649 2501 1729 2528 Patre

943 2551 1026 2584 exiri,
1046 2555 1071 2577 et
1094 2550 1128 2577 ad
1146 2549 1253 2576 Patrem
1268 2557 1354 2576 meum
1372 2549 1437 2576 vado
1462 2549 1485 2580 8,
1499 2548 1537 2575 ait
1553 2556 1559 2574 :
1573 2547 1609 2575 Ut
1632 2548 1655 2576 si
1672 2549 1734 2583 quis

943 2604 1025 2624 uuam
1041 2596 1127 2624 facem
1139 2603 1281 2623 accensam
1299 2603 1314 2622 e
1328 2595 1410 2622 domo
1425 2594 1504 2622 educi
1517 2595 1653 2630 intelligit,
1666 2595 1732 2622 nihil

942 2645 1057 2673 aliorum
1081 2644 1215 2671 luminum
1244 2651 1337 2671 secum
1365 2643 1476 2670 trahens
1494 2642 1535 2669 vel
1556 2643 1589 2669 de
1606 2650 1656 2670 suo
1680 2650 1732 2669 cat—

943 2691 1008 2718 teris
1018 2691 1186 2725 relinquens.
1195 2690 1284 2716 lumen
1301 2690 1429 2717 eductum
1445 2689 1570 2716 educitur
1581 2696 1588 2721 ;
1598 2689 1638 2715 sic
1649 2688 1732 2714 etiam

942 2738 1061 2773 intelligo
1090 2738 1117 2764 itt
1149 2736 1354 2771 dispensatione
1385 2734 1593 2762 incarnationis.
1627 2734 1732 2768 Quippe

941 2784 1026 2812 Filius
1047 2792 1062 2811 a
1081 2783 1161 2811 Patre
1190 2783 1322 2814 veniens,
1348 2786 1376 2821 ct
1401 2782 1429 2808 in
1457 2782 1508 2808 hoc
1537 2780 1639 2807 mundo
1664 2787 1730 2807 con-

739 2876 856 2905 VARle
891 2872 1090 2902 Ll‘lCTlONES.

138 2912 172 2929 ⁸¹¹
192 2914 301 2942 Malim.
317 2914 495 2941 urat-identiit'.
