  <div class='ocr_page' id='page_1' title='image "/cluster/home/n/w/nwhite01/storage/ocr_20150623/3/njp.32101077772356/409.png"; bbox 0 0 1929 3068; ppageno 0'>
   <div class='ocr_carea' id='block_1_1' title="bbox 183 149 235 176">
    <p class='ocr_par' dir='ltr' id='par_1_1' title="bbox 183 149 235 176">
     <span class='ocr_line' id='line_1_1' title="bbox 183 149 235 176; baseline 0 0"><span class='ocrx_word' id='word_1_1' title='bbox 183 149 235 176; x_wconf 76' lang='lat'><strong>667</strong></span> 
     </span>
    </p>
   </div>
   <div class='ocr_carea' id='block_1_2' title="bbox 774 141 1218 171">
    <p class='ocr_par' dir='ltr' id='par_1_2' title="bbox 774 141 1218 171">
     <span class='ocr_line' id='line_1_2' title="bbox 774 141 1218 171; baseline -0.002 0"><span class='ocrx_word' id='word_1_2' title='bbox 774 143 800 171; x_wconf 86' lang='lat' dir='ltr'><strong>S.</strong></span> <span class='ocrx_word' id='word_1_3' title='bbox 819 142 969 171; x_wconf 77' lang='lat' dir='ltr'><strong>DlONYSll</strong></span> <span class='ocrx_word' id='word_1_4' title='bbox 987 141 1218 171; x_wconf 66' lang='lat' dir='ltr'><strong>AREOPAGITE</strong></span> 
     </span>
    </p>
   </div>
   <div class='ocr_carea' id='block_1_3' title="bbox 1764 139 1824 167">
    <p class='ocr_par' dir='ltr' id='par_1_3' title="bbox 1764 139 1824 167">
     <span class='ocr_line' id='line_1_3' title="bbox 1764 139 1824 167; baseline 0.017 -1"><span class='ocrx_word' id='word_1_5' title='bbox 1764 139 1824 167; x_wconf 71' lang='lat'><strong>666</strong></span> 
     </span>
    </p>
   </div>
   <div class='ocr_carea' id='block_1_4' title="bbox 185 197 990 236">
    <p class='ocr_par' dir='ltr' id='par_1_4' title="bbox 185 200 990 235">
     <span class='ocr_line' id='line_1_4' title="bbox 185 200 990 235; baseline -0.005 -4"><span class='ocrx_word' id='word_1_6' title='bbox 185 208 310 233; x_wconf 81' lang='lat' dir='ltr'><strong>versatus</strong></span> <span class='ocrx_word' id='word_1_7' title='bbox 321 211 374 231; x_wconf 87' lang='lat' dir='ltr'><strong>non</strong></span> <span class='ocrx_word' id='word_1_8' title='bbox 382 203 479 231; x_wconf 82' lang='lat' dir='ltr'><strong>eduxit</strong></span> <span class='ocrx_word' id='word_1_9' title='bbox 491 209 584 230; x_wconf 84' lang='lat' dir='ltr'><strong>secum</strong></span> <span class='ocrx_word' id='word_1_10' title='bbox 594 201 716 234; x_wconf 84' lang='lat' dir='ltr'><strong>Patrem,</strong></span> <span class='ocrx_word' id='word_1_11' title='bbox 727 208 815 235; x_wconf 85' lang='lat' dir='ltr'><strong>neque</strong></span> <span class='ocrx_word' id='word_1_12' title='bbox 826 200 969 235; x_wconf 77' lang='lat' dir='ltr'><strong>Spiritum,</strong></span> <span class='ocrx_word' id='word_1_13' title='bbox 988 227 990 231; x_wconf 80' lang='grc'><strong>,</strong></span> 
     </span>
    </p>
   </div>
   <div class='ocr_carea' id='block_1_5' title="bbox 1042 197 1826 236">
    <p class='ocr_par' dir='ltr' id='par_1_5' title="bbox 1042 197 1826 235">
     <span class='ocr_line' id='line_1_5' title="bbox 1042 197 1826 235; baseline -0.003 -8"><span class='ocrx_word' id='word_1_14' title='bbox 1042 200 1150 227; x_wconf 88' lang='grc' dir='ltr'>,ατικῶν</span> <span class='ocrx_word' id='word_1_15' title='bbox 1167 200 1247 235; x_wconf 87' lang='grc' dir='ltr'>μόνον</span> <span class='ocrx_word' id='word_1_16' title='bbox 1262 198 1394 231; x_wconf 61' lang='grc' dir='ltr'>ἑνώσεων,</span> <span class='ocrx_word' id='word_1_17' title='bbox 1411 198 1478 226; x_wconf 74' lang='grc' dir='ltr'>ἀλλὰ</span> <span class='ocrx_word' id='word_1_18' title='bbox 1491 198 1538 225; x_wconf 72' lang='grc' dir='ltr'><strong>καὶ</strong></span> <span class='ocrx_word' id='word_1_19' title='bbox 1551 197 1607 224; x_wconf 84' lang='grc' dir='ltr'>τῶν</span> <span class='ocrx_word' id='word_1_20' title='bbox 1620 197 1649 224; x_wconf 79' lang='grc' dir='ltr'><strong>ἐν</strong></span> <span class='ocrx_word' id='word_1_21' title='bbox 1660 197 1758 232; x_wconf 78' lang='grc' dir='ltr'>ψυχαῖς</span> <span class='ocrx_word' id='word_1_22' title='bbox 1771 199 1826 225; x_wconf 77' lang='grc' dir='ltr'><strong>αὐ-</strong></span> 
     </span>
    </p>
   </div>
   <div class='ocr_carea' id='block_1_6' title="bbox 185 246 974 284">
    <p class='ocr_par' dir='ltr' id='par_1_6' title="bbox 185 246 974 284">
     <span class='ocr_line' id='line_1_6' title="bbox 185 246 974 284; baseline -0.006 -7"><span class='ocrx_word' id='word_1_23' title='bbox 185 257 274 284; x_wconf 90' lang='lat' dir='ltr'><strong>neque</strong></span> <span class='ocrx_word' id='word_1_24' title='bbox 285 249 431 284; x_wconf 76' lang='lat' dir='ltr'><strong>quidquam</strong></span> <span class='ocrx_word' id='word_1_25' title='bbox 444 249 495 276; x_wconf 94' lang='lat' dir='ltr'><strong>sibi</strong></span> <span class='ocrx_word' id='word_1_26' title='bbox 507 248 647 282; x_wconf 83' lang='lat' dir='ltr'><strong>proprium</strong></span> <span class='ocrx_word' id='word_1_27' title='bbox 662 247 695 274; x_wconf 90' lang='lat' dir='ltr'><strong>iis</strong></span> <span class='ocrx_word' id='word_1_28' title='bbox 709 246 828 281; x_wconf 88' lang='lat' dir='ltr'><strong>reliquit,</strong></span> <span class='ocrx_word' id='word_1_29' title='bbox 841 246 889 274; x_wconf 86' lang='lat' dir='ltr'><strong>sed</strong></span> <span class='ocrx_word' id='word_1_30' title='bbox 897 246 974 279; x_wconf 53' lang='lat' dir='ltr'><strong>,lutnc</strong></span> 
     </span>
    </p>
   </div>
   <div class='ocr_carea' id='block_1_7' title="bbox 185 291 975 330">
    <p class='ocr_par' dir='ltr' id='par_1_7' title="bbox 185 291 975 330">
     <span class='ocr_line' id='line_1_7' title="bbox 185 291 975 330; baseline -0.006 -8"><span class='ocrx_word' id='word_1_31' title='bbox 185 302 326 330; x_wconf 76' lang='lat' dir='ltr'><strong>egressum</strong></span> <span class='ocrx_word' id='word_1_32' title='bbox 344 302 359 321; x_wconf 94' lang='lat' dir='ltr'><strong>a</strong></span> <span class='ocrx_word' id='word_1_33' title='bbox 374 294 414 321; x_wconf 92' lang='lat' dir='ltr'><strong>sui</strong></span> <span class='ocrx_word' id='word_1_34' title='bbox 430 293 514 328; x_wconf 90' lang='lat' dir='ltr'><strong>ipsius</strong></span> <span class='ocrx_word' id='word_1_35' title='bbox 530 293 671 320; x_wconf 87' lang='lat' dir='ltr'><strong>mansione</strong></span> <span class='ocrx_word' id='word_1_36' title='bbox 686 292 749 320; x_wconf 84' lang='lat' dir='ltr'><strong>fecit</strong></span> <span class='ocrx_word' id='word_1_37' title='bbox 765 292 848 328; x_wconf 65' lang='grc'><strong>334</strong></span> <span class='ocrx_word' id='word_1_38' title='bbox 863 291 975 319; x_wconf 81' lang='lat' dir='ltr'><strong>indivul—</strong></span> 
     </span>
    </p>
   </div>
   <div class='ocr_carea' id='block_1_8' title="bbox 185 336 976 372">
    <p class='ocr_par' dir='ltr' id='par_1_8' title="bbox 185 336 976 372">
     <span class='ocr_line' id='line_1_8' title="bbox 185 336 976 372; baseline -0.004 -6"><span class='ocrx_word' id='word_1_39' title='bbox 185 347 257 368; x_wconf 85' lang='lat' dir='ltr'><strong>sum.</strong></span> <span class='ocrx_word' id='word_1_40' title='bbox 279 340 412 367; x_wconf 61' lang='lat' dir='ltr'><strong>Caeterum</strong></span> <span class='ocrx_word' id='word_1_41' title='bbox 430 339 546 365; x_wconf 87' lang='lat' dir='ltr'><strong>uniones</strong></span> <span class='ocrx_word' id='word_1_42' title='bbox 569 345 717 372; x_wconf 90' lang='lat' dir='ltr'><strong>corporum</strong></span> <span class='ocrx_word' id='word_1_43' title='bbox 732 345 793 371; x_wconf 62' lang='lat' dir='ltr'><strong>qua:</strong></span> <span class='ocrx_word' id='word_1_44' title='bbox 810 336 976 364; x_wconf 88' lang='lat' dir='ltr'><strong>elcmentali—</strong></span> 
     </span>
    </p>
   </div>
   <div class='ocr_carea' id='block_1_9' title="bbox 187 375 977 418">
    <p class='ocr_par' dir='ltr' id='par_1_9' title="bbox 187 375 977 418">
     <span class='ocr_line' id='line_1_9' title="bbox 187 375 977 418; baseline -0.005 -6"><span class='ocrx_word' id='word_1_45' title='bbox 187 391 230 412; x_wconf 85' lang='lat' dir='ltr'><strong>ter</strong></span> <span class='ocrx_word' id='word_1_46' title='bbox 250 385 472 414; x_wconf 74' lang='lat' dir='ltr'><strong>considerantur.</strong></span> <span class='ocrx_word' id='word_1_47' title='bbox 490 388 572 418; x_wconf 82' lang='lat' dir='ltr'><strong>alque</strong></span> <span class='ocrx_word' id='word_1_48' title='bbox 584 383 637 410; x_wconf 88' lang='lat' dir='ltr'><strong>alio</strong></span> <span class='ocrx_word' id='word_1_49' title='bbox 650 382 769 417; x_wconf 89' lang='lat' dir='ltr'><strong>quodam</strong></span> <span class='ocrx_word' id='word_1_50' title='bbox 783 382 862 409; x_wconf 93' lang='lat' dir='ltr'><strong>modo</strong></span> <span class='ocrx_word' id='word_1_51' title='bbox 876 375 977 416; x_wconf 84' lang='lat' dir='ltr'><strong>permi-</strong></span> 
     </span>
    </p>
   </div>
   <div class='ocr_carea' id='block_1_10' title="bbox 188 426 977 464">
    <p class='ocr_par' dir='ltr' id='par_1_10' title="bbox 188 426 977 464">
     <span class='ocr_line' id='line_1_10' title="bbox 188 426 977 464; baseline -0.006 -6"><span class='ocrx_word' id='word_1_52' title='bbox 188 435 313 462; x_wconf 85' lang='lat' dir='ltr'><strong>scentur,</strong></span> <span class='ocrx_word' id='word_1_53' title='bbox 327 430 474 457; x_wconf 79' lang='lat' dir='ltr'><strong>virtutibus</strong></span> <span class='ocrx_word' id='word_1_54' title='bbox 488 433 515 456; x_wconf 84' lang='lat' dir='ltr'><strong>et</strong></span> <span class='ocrx_word' id='word_1_55' title='bbox 528 429 706 464; x_wconf 73' lang='lat' dir='ltr'><strong>qualitatibus</strong></span> <span class='ocrx_word' id='word_1_56' title='bbox 720 432 929 463; x_wconf 86' lang='lat' dir='ltr'><strong>permutantur;</strong></span> <span class='ocrx_word' id='word_1_57' title='bbox 940 426 977 453; x_wconf 83' lang='lat' dir='ltr'><strong>si-</strong></span> 
     </span>
    </p>
   </div>
   <div class='ocr_carea' id='block_1_11' title="bbox 186 473 978 511">
    <p class='ocr_par' dir='ltr' id='par_1_11' title="bbox 186 473 978 511">
     <span class='ocr_line' id='line_1_11' title="bbox 186 473 978 511; baseline -0.006 -7"><span class='ocrx_word' id='word_1_58' title='bbox 186 477 288 504; x_wconf 87' lang='lat' dir='ltr'><strong>militer</strong></span> <span class='ocrx_word' id='word_1_59' title='bbox 312 483 420 511; x_wconf 89' lang='lat' dir='ltr'><strong>quoque</strong></span> <span class='ocrx_word' id='word_1_60' title='bbox 450 475 595 502; x_wconf 81' lang='lat' dir='ltr'><strong>facultates</strong></span> <span class='ocrx_word' id='word_1_61' title='bbox 617 474 748 501; x_wconf 81' lang='lat' dir='ltr'><strong>animales</strong></span> <span class='ocrx_word' id='word_1_62' title='bbox 774 480 851 501; x_wconf 86' lang='lat' dir='ltr'><strong>suam</strong></span> <span class='ocrx_word' id='word_1_63' title='bbox 878 473 978 500; x_wconf 89' lang='lat' dir='ltr'><strong>habent</strong></span> 
     </span>
    </p>
   </div>
   <div class='ocr_carea' id='block_1_12' title="bbox 187 519 979 555">
    <p class='ocr_par' dir='ltr' id='par_1_12' title="bbox 187 519 979 555">
     <span class='ocr_line' id='line_1_12' title="bbox 187 519 979 555; baseline -0.003 -7"><span class='ocrx_word' id='word_1_64' title='bbox 187 521 389 553; x_wconf 72' lang='lat' dir='ltr'><strong>ditfercutiam;</strong></span> <span class='ocrx_word' id='word_1_65' title='bbox 408 521 472 555; x_wconf 88' lang='lat' dir='ltr'><strong>quin</strong></span> <span class='ocrx_word' id='word_1_66' title='bbox 495 525 522 547; x_wconf 88' lang='lat' dir='ltr'><strong>et</strong></span> <span class='ocrx_word' id='word_1_67' title='bbox 537 520 696 555; x_wconf 81' lang='lat' dir='ltr'><strong>angelorum</strong></span> <span class='ocrx_word' id='word_1_68' title='bbox 712 527 775 546; x_wconf 87' lang='lat' dir='ltr'><strong>cum</strong></span> <span class='ocrx_word' id='word_1_69' title='bbox 797 519 896 546; x_wconf 86' lang='lat' dir='ltr'><strong>divinis</strong></span> <span class='ocrx_word' id='word_1_70' title='bbox 919 519 979 546; x_wconf 90' lang='lat' dir='ltr'><strong>illu-</strong></span> 
     </span>
    </p>
   </div>
   <div class='ocr_carea' id='block_1_13' title="bbox 187 565 978 600">
    <p class='ocr_par' dir='ltr' id='par_1_13' title="bbox 187 565 978 600">
     <span class='ocr_line' id='line_1_13' title="bbox 187 565 978 600; baseline -0.004 -6"><span class='ocrx_word' id='word_1_71' title='bbox 187 567 365 595; x_wconf 86' lang='lat' dir='ltr'><strong>stratiouibus</strong></span> <span class='ocrx_word' id='word_1_72' title='bbox 396 566 532 593; x_wconf 86' lang='lat' dir='ltr'><strong>uuitioues</strong></span> <span class='ocrx_word' id='word_1_73' title='bbox 559 574 608 600; x_wconf 90' lang='lat' dir='ltr'><strong>pro</strong></span> <span class='ocrx_word' id='word_1_74' title='bbox 643 565 769 592; x_wconf 85' lang='lat' dir='ltr'><strong>ordinum</strong></span> <span class='ocrx_word' id='word_1_75' title='bbox 806 565 978 599; x_wconf 88' lang='lat' dir='ltr'><strong>propriorum</strong></span> 
     </span>
    </p>
   </div>
   <div class='ocr_carea' id='block_1_14' title="bbox 188 610 980 647">
    <p class='ocr_par' dir='ltr' id='par_1_14' title="bbox 188 610 980 647">
     <span class='ocr_line' id='line_1_14' title="bbox 188 610 980 647; baseline -0.001 -8"><span class='ocrx_word' id='word_1_76' title='bbox 188 617 266 647; x_wconf 86' lang='lat' dir='ltr'><strong>parte</strong></span> <span class='ocrx_word' id='word_1_77' title='bbox 288 619 321 639; x_wconf 90' lang='lat' dir='ltr'><strong>ac</strong></span> <span class='ocrx_word' id='word_1_78' title='bbox 340 612 516 646; x_wconf 83' lang='lat' dir='ltr'><strong>proportione</strong></span> <span class='ocrx_word' id='word_1_79' title='bbox 535 611 614 638; x_wconf 86' lang='lat' dir='ltr'><strong>lium.</strong></span> <span class='ocrx_word' id='word_1_80' title='bbox 638 610 773 638; x_wconf 89' lang='lat' dir='ltr'><strong>Divinitas</strong></span> <span class='ocrx_word' id='word_1_81' title='bbox 792 618 859 637; x_wconf 80' lang='lat' dir='ltr'><strong>vero</strong></span> <span class='ocrx_word' id='word_1_82' title='bbox 878 615 980 638; x_wconf 81' lang='lat' dir='ltr'><strong>sanctae</strong></span> 
     </span>
    </p>
   </div>
   <div class='ocr_carea' id='block_1_15' title="bbox 189 657 979 692">
    <p class='ocr_par' dir='ltr' id='par_1_15' title="bbox 189 657 979 692">
     <span class='ocr_line' id='line_1_15' title="bbox 189 657 979 692; baseline -0.001 -7"><span class='ocrx_word' id='word_1_83' title='bbox 189 657 344 690; x_wconf 87' lang='lat' dir='ltr'><strong>Trinitatis,</strong></span> <span class='ocrx_word' id='word_1_84' title='bbox 357 663 384 685; x_wconf 92' lang='lat' dir='ltr'><strong>et</strong></span> <span class='ocrx_word' id='word_1_85' title='bbox 396 657 529 692; x_wconf 86' lang='lat' dir='ltr'><strong>quidquid</strong></span> <span class='ocrx_word' id='word_1_86' title='bbox 543 657 601 691; x_wconf 85' lang='lat' dir='ltr'><strong>ejus</strong></span> <span class='ocrx_word' id='word_1_87' title='bbox 618 661 671 688; x_wconf 89' lang='lat' dir='ltr'><strong>est,</strong></span> <span class='ocrx_word' id='word_1_88' title='bbox 685 657 758 684; x_wconf 91' lang='lat' dir='ltr'><strong>nullo</strong></span> <span class='ocrx_word' id='word_1_89' title='bbox 770 657 905 684; x_wconf 87' lang='lat' dir='ltr'><strong>dictorum</strong></span> <span class='ocrx_word' id='word_1_90' title='bbox 920 664 979 684; x_wconf 92' lang='lat' dir='ltr'><strong>mo-</strong></span> 
     </span>
    </p>
   </div>
   <div class='ocr_carea' id='block_1_16' title="bbox 189 703 981 736">
    <p class='ocr_par' dir='ltr' id='par_1_16' title="bbox 189 703 981 736">
     <span class='ocr_line' id='line_1_16' title="bbox 189 703 981 736; baseline -0.001 -5"><span class='ocrx_word' id='word_1_91' title='bbox 189 704 223 731; x_wconf 92' lang='lat' dir='ltr'><strong>do</strong></span> <span class='ocrx_word' id='word_1_92' title='bbox 239 704 370 736; x_wconf 86' lang='lat' dir='ltr'><strong>dissecta,</strong></span> <span class='ocrx_word' id='word_1_93' title='bbox 386 708 432 730; x_wconf 90' lang='lat' dir='ltr'><strong>aut</strong></span> <span class='ocrx_word' id='word_1_94' title='bbox 449 711 463 730; x_wconf 86' lang='lat' dir='ltr'><strong>a</strong></span> <span class='ocrx_word' id='word_1_95' title='bbox 489 710 518 730; x_wconf 88' lang='lat' dir='ltr'><strong>se</strong></span> <span class='ocrx_word' id='word_1_96' title='bbox 531 703 649 734; x_wconf 87' lang='lat' dir='ltr'><strong>diversa,</strong></span> <span class='ocrx_word' id='word_1_97' title='bbox 667 703 765 729; x_wconf 85' lang='lat' dir='ltr'><strong>merito</strong></span> <span class='ocrx_word' id='word_1_98' title='bbox 780 708 908 730; x_wconf 83' lang='lat' dir='ltr'><strong>censetur</strong></span> <span class='ocrx_word' id='word_1_99' title='bbox 920 710 981 730; x_wconf 85' lang='lat' dir='ltr'><strong>esse</strong></span> 
     </span>
    </p>
   </div>
   <div class='ocr_carea' id='block_1_17' title="bbox 190 747 980 784">
    <p class='ocr_par' dir='ltr' id='par_1_17' title="bbox 190 747 980 784">
     <span class='ocr_line' id='line_1_17' title="bbox 190 747 980 784; baseline -0.003 -8"><span class='ocrx_word' id='word_1_100' title='bbox 190 757 274 784; x_wconf 81' lang='lat' dir='ltr'><strong>supra</strong></span> <span class='ocrx_word' id='word_1_101' title='bbox 288 750 357 777; x_wconf 87' lang='lat' dir='ltr'><strong>istas</strong></span> <span class='ocrx_word' id='word_1_102' title='bbox 372 749 497 776; x_wconf 88' lang='lat' dir='ltr'><strong>uniones.</strong></span> <span class='ocrx_word' id='word_1_103' title='bbox 513 748 753 783; x_wconf 88' lang='lat' dir='ltr'><strong>Supercollocatur</strong></span> <span class='ocrx_word' id='word_1_104' title='bbox 768 749 839 775; x_wconf 88' lang='lat' dir='ltr'><strong>enim</strong></span> <span class='ocrx_word' id='word_1_105' title='bbox 853 747 918 775; x_wconf 89' lang='lat' dir='ltr'><strong>uuio</strong></span> <span class='ocrx_word' id='word_1_106' title='bbox 934 756 980 775; x_wconf 90' lang='lat' dir='ltr'><strong>su-</strong></span> 
     </span>
    </p>
   </div>
   <div class='ocr_carea' id='block_1_18' title="bbox 190 793 980 829">
    <p class='ocr_par' dir='ltr' id='par_1_18' title="bbox 190 793 980 829">
     <span class='ocr_line' id='line_1_18' title="bbox 190 793 980 829; baseline -0.004 -7"><span class='ocrx_word' id='word_1_107' title='bbox 190 795 430 829; x_wconf 83' lang='lat' dir='ltr'><strong>persuhstantialis</strong></span> <span class='ocrx_word' id='word_1_108' title='bbox 442 802 493 821; x_wconf 92' lang='lat' dir='ltr'><strong>non</strong></span> <span class='ocrx_word' id='word_1_109' title='bbox 509 798 612 821; x_wconf 86' lang='lat' dir='ltr'><strong>tantum</strong></span> <span class='ocrx_word' id='word_1_110' title='bbox 627 793 777 828; x_wconf 80' lang='lat' dir='ltr'><strong>corporeis,</strong></span> <span class='ocrx_word' id='word_1_111' title='bbox 789 801 882 820; x_wconf 79' lang='lat' dir='ltr'><strong>verum</strong></span> <span class='ocrx_word' id='word_1_112' title='bbox 898 794 980 820; x_wconf 86' lang='lat' dir='ltr'><strong>etiam</strong></span> 
     </span>
    </p>
   </div>
   <div class='ocr_carea' id='block_1_19' title="bbox 190 840 983 877">
    <p class='ocr_par' dir='ltr' id='par_1_19' title="bbox 190 840 983 877">
     <span class='ocr_line' id='line_1_19' title="bbox 190 840 983 877; baseline -0.001 -8"><span class='ocrx_word' id='word_1_113' title='bbox 190 843 225 870; x_wconf 87' lang='lat' dir='ltr'><strong>iis</strong></span> <span class='ocrx_word' id='word_1_114' title='bbox 239 850 298 877; x_wconf 73' lang='lat' dir='ltr'><strong>qua:</strong></span> <span class='ocrx_word' id='word_1_115' title='bbox 319 843 345 869; x_wconf 92' lang='lat' dir='ltr'><strong>in</strong></span> <span class='ocrx_word' id='word_1_116' title='bbox 363 842 524 873; x_wconf 82' lang='lat' dir='ltr'><strong>animabus,</strong></span> <span class='ocrx_word' id='word_1_117' title='bbox 545 841 611 875; x_wconf 90' lang='lat' dir='ltr'><strong>quin</strong></span> <span class='ocrx_word' id='word_1_118' title='bbox 633 846 660 867; x_wconf 90' lang='lat' dir='ltr'><strong>et</strong></span> <span class='ocrx_word' id='word_1_119' title='bbox 682 842 708 867; x_wconf 92' lang='lat' dir='ltr'><strong>in</strong></span> <span class='ocrx_word' id='word_1_120' title='bbox 736 841 859 875; x_wconf 75' lang='lat' dir='ltr'><strong>ipsismet</strong></span> <span class='ocrx_word' id='word_1_121' title='bbox 878 840 983 875; x_wconf 76' lang='lat' dir='ltr'><strong>angelis</strong></span> 
     </span>
    </p>
   </div>
   <div class='ocr_carea' id='block_1_20' title="bbox 190 883 1020 923">
    <p class='ocr_par' dir='ltr' id='par_1_20' title="bbox 190 883 1020 923">
     <span class='ocr_line' id='line_1_20' title="bbox 190 883 1020 923; baseline -0.006 -8"><span class='ocrx_word' id='word_1_122' title='bbox 190 889 363 923; x_wconf 75' lang='lat' dir='ltr'><strong>contingunt,</strong></span> <span class='ocrx_word' id='word_1_123' title='bbox 382 895 449 922; x_wconf 89' lang='lat' dir='ltr'><strong>quas</strong></span> <span class='ocrx_word' id='word_1_124' title='bbox 470 887 563 922; x_wconf 83' lang='lat' dir='ltr'><strong>utique</strong></span> <span class='ocrx_word' id='word_1_125' title='bbox 577 887 683 914; x_wconf 87' lang='lat' dir='ltr'><strong>divinas</strong></span> <span class='ocrx_word' id='word_1_126' title='bbox 706 887 821 914; x_wconf 88' lang='lat' dir='ltr'><strong>uniones</strong></span> <span class='ocrx_word' id='word_1_127' title='bbox 839 886 883 913; x_wconf 88' lang='lat' dir='ltr'><strong>illa</strong></span> <span class='ocrx_word' id='word_1_128' title='bbox 901 886 982 913; x_wconf 89' lang='lat' dir='ltr'><strong>lumi-</strong></span> <span class='ocrx_word' id='word_1_129' title='bbox 999 883 1020 910; x_wconf 77' lang='grc' dir='ltr'>Β</span> 
     </span>
    </p>
   </div>
   <div class='ocr_carea' id='block_1_21' title="bbox 191 932 981 969">
    <p class='ocr_par' dir='ltr' id='par_1_21' title="bbox 191 932 981 969">
     <span class='ocr_line' id='line_1_21' title="bbox 191 932 981 969; baseline -0.004 -7"><span class='ocrx_word' id='word_1_130' title='bbox 191 935 268 962; x_wconf 86' lang='lat' dir='ltr'><strong>naria</strong></span> <span class='ocrx_word' id='word_1_131' title='bbox 283 934 501 969; x_wconf 72' lang='lat' dir='ltr'><strong>supercoalestia,</strong></span> <span class='ocrx_word' id='word_1_132' title='bbox 513 935 617 961; x_wconf 81' lang='lat' dir='ltr'><strong>scilicet</strong></span> <span class='ocrx_word' id='word_1_133' title='bbox 633 932 731 968; x_wconf 81' lang='lat' dir='ltr'><strong>angeli,</strong></span> <span class='ocrx_word' id='word_1_134' title='bbox 746 933 922 967; x_wconf 88' lang='lat' dir='ltr'><strong>impermiste,</strong></span> <span class='ocrx_word' id='word_1_135' title='bbox 942 934 981 959; x_wconf 92' lang='lat' dir='ltr'><strong>in-</strong></span> 
     </span>
    </p>
   </div>
   <div class='ocr_carea' id='block_1_22' title="bbox 191 979 984 1015">
    <p class='ocr_par' dir='ltr' id='par_1_22' title="bbox 191 979 984 1015">
     <span class='ocr_line' id='line_1_22' title="bbox 191 979 984 1015; baseline -0.004 -7"><span class='ocrx_word' id='word_1_136' title='bbox 191 981 316 1015; x_wconf 87' lang='lat' dir='ltr'><strong>confuse,</strong></span> <span class='ocrx_word' id='word_1_137' title='bbox 333 986 360 1008; x_wconf 91' lang='lat' dir='ltr'><strong>et</strong></span> <span class='ocrx_word' id='word_1_138' title='bbox 373 981 632 1015; x_wconf 89' lang='lat' dir='ltr'><strong>supermundialiter</strong></span> <span class='ocrx_word' id='word_1_139' title='bbox 647 984 701 1007; x_wconf 90' lang='lat' dir='ltr'><strong>tota</strong></span> <span class='ocrx_word' id='word_1_140' title='bbox 717 986 745 1006; x_wconf 83' lang='lat' dir='ltr'><strong>se</strong></span> <span class='ocrx_word' id='word_1_141' title='bbox 761 979 825 1006; x_wconf 84' lang='lat' dir='ltr'><strong>totis</strong></span> <span class='ocrx_word' id='word_1_142' title='bbox 840 979 984 1011; x_wconf 79' lang='lat' dir='ltr'><strong>obtinent;</strong></span> 
     </span>
    </p>
   </div>
   <div class='ocr_carea' id='block_1_23' title="bbox 192 1025 982 1062">
    <p class='ocr_par' dir='ltr' id='par_1_23' title="bbox 192 1025 982 1062">
     <span class='ocr_line' id='line_1_23' title="bbox 192 1025 982 1062; baseline -0.006 -6"><span class='ocrx_word' id='word_1_143' title='bbox 192 1036 246 1056; x_wconf 89' lang='lat' dir='ltr'><strong>non</strong></span> <span class='ocrx_word' id='word_1_144' title='bbox 276 1028 347 1055; x_wconf 91' lang='lat' dir='ltr'><strong>enim</strong></span> <span class='ocrx_word' id='word_1_145' title='bbox 371 1027 527 1062; x_wconf 80' lang='lat' dir='ltr'><strong>partialiter</strong></span> <span class='ocrx_word' id='word_1_146' title='bbox 559 1027 601 1054; x_wconf 87' lang='lat' dir='ltr'><strong>his</strong></span> <span class='ocrx_word' id='word_1_147' title='bbox 633 1025 780 1053; x_wconf 86' lang='lat' dir='ltr'><strong>illustratio</strong></span> <span class='ocrx_word' id='word_1_148' title='bbox 807 1026 982 1058; x_wconf 80' lang='lat' dir='ltr'><strong>conceditur,</strong></span> 
     </span>
    </p>
   </div>
   <div class='ocr_carea' id='block_1_24' title="bbox 191 1075 985 1111">
    <p class='ocr_par' dir='ltr' id='par_1_24' title="bbox 191 1075 985 1111">
     <span class='ocr_line' id='line_1_24' title="bbox 191 1075 985 1111; baseline -0.006 -6"><span class='ocrx_word' id='word_1_149' title='bbox 191 1077 240 1105; x_wconf 76' lang='lat' dir='ltr'><strong>sed</strong></span> <span class='ocrx_word' id='word_1_150' title='bbox 263 1077 376 1103; x_wconf 86' lang='lat' dir='ltr'><strong>omnino</strong></span> <span class='ocrx_word' id='word_1_151' title='bbox 390 1077 507 1111; x_wconf 79' lang='lat' dir='ltr'><strong>integre,</strong></span> <span class='ocrx_word' id='word_1_152' title='bbox 527 1075 634 1102; x_wconf 78' lang='lat' dir='ltr'><strong>tametsi</strong></span> <span class='ocrx_word' id='word_1_153' title='bbox 652 1081 760 1108; x_wconf 88' lang='lat' dir='ltr'><strong>quoque</strong></span> <span class='ocrx_word' id='word_1_154' title='bbox 776 1080 825 1107; x_wconf 93' lang='lat' dir='ltr'><strong>pro</strong></span> <span class='ocrx_word' id='word_1_155' title='bbox 838 1077 918 1108; x_wconf 85' lang='lat' dir='ltr'><strong>captu</strong></span> <span class='ocrx_word' id='word_1_156' title='bbox 936 1081 985 1100; x_wconf 91' lang='lat' dir='ltr'><strong>suo</strong></span> 
     </span>
    </p>
   </div>
   <div class='ocr_carea' id='block_1_25' title="bbox 192 1119 986 1154">
    <p class='ocr_par' dir='ltr' id='par_1_25' title="bbox 192 1119 986 1154">
     <span class='ocr_line' id='line_1_25' title="bbox 192 1119 986 1154; baseline -0.006 -4"><span class='ocrx_word' id='word_1_157' title='bbox 192 1123 326 1150; x_wconf 84' lang='lat' dir='ltr'><strong>duntaxat</strong></span> <span class='ocrx_word' id='word_1_158' title='bbox 357 1122 497 1148; x_wconf 81' lang='lat' dir='ltr'><strong>uitiantur.</strong></span> <span class='ocrx_word' id='word_1_159' title='bbox 527 1120 760 1154; x_wconf 86' lang='lat' dir='ltr'><strong>Quemadmodum</strong></span> <span class='ocrx_word' id='word_1_160' title='bbox 791 1119 848 1146; x_wconf 88' lang='lat' dir='ltr'><strong>sole</strong></span> <span class='ocrx_word' id='word_1_161' title='bbox 874 1119 986 1146; x_wconf 87' lang='lat' dir='ltr'><strong>omnino</strong></span> 
     </span>
    </p>
   </div>
   <div class='ocr_carea' id='block_1_26' title="bbox 1025 243 1828 282">
    <p class='ocr_par' dir='ltr' id='par_1_26' title="bbox 1025 243 1828 282">
     <span class='ocr_line' id='line_1_26' title="bbox 1025 243 1828 282; baseline -0.006 -8"><span class='ocrx_word' id='word_1_162' title='bbox 1025 248 1095 279; x_wconf 82' lang='grc' dir='ltr'>ταῖς,</span> <span class='ocrx_word' id='word_1_163' title='bbox 1111 246 1161 273; x_wconf 62' lang='grc' dir='ltr'><strong>καὶ</strong></span> <span class='ocrx_word' id='word_1_164' title='bbox 1174 246 1272 282; x_wconf 80' lang='grc' dir='ltr'>μᾶλλον</span> <span class='ocrx_word' id='word_1_165' title='bbox 1292 246 1321 272; x_wconf 80' lang='grc' dir='ltr'>ὲν</span> <span class='ocrx_word' id='word_1_166' title='bbox 1335 245 1428 277; x_wconf 73' lang='grc' dir='ltr'>αὐτοῖς</span> <span class='ocrx_word' id='word_1_167' title='bbox 1446 246 1504 277; x_wconf 86' lang='grc' dir='ltr'>τοῖς</span> <span class='ocrx_word' id='word_1_168' title='bbox 1517 244 1653 279; x_wconf 80' lang='grc' dir='ltr'><strong>ἀγγέλοις,</strong></span> <span class='ocrx_word' id='word_1_169' title='bbox 1665 243 1698 276; x_wconf 79' lang='grc' dir='ltr'>ἃς</span> <span class='ocrx_word' id='word_1_170' title='bbox 1710 243 1743 279; x_wconf 85' lang='grc' dir='ltr'>δὴ</span> <span class='ocrx_word' id='word_1_171' title='bbox 1757 243 1828 270; x_wconf 76' lang='grc' dir='ltr'><strong>ἑνώ-</strong></span> 
     </span>
    </p>
   </div>
   <div class='ocr_carea' id='block_1_27' title="bbox 1027 290 1825 329">
    <p class='ocr_par' dir='ltr' id='par_1_27' title="bbox 1027 290 1825 329">
     <span class='ocr_line' id='line_1_27' title="bbox 1027 290 1825 329; baseline -0.005 -8"><span class='ocrx_word' id='word_1_172' title='bbox 1027 303 1084 326; x_wconf 84' lang='grc' dir='ltr'>σεις</span> <span class='ocrx_word' id='word_1_173' title='bbox 1099 293 1175 325; x_wconf 83' lang='grc' dir='ltr'>θείας</span> <span class='ocrx_word' id='word_1_174' title='bbox 1194 293 1285 329; x_wconf 75' lang='grc' dir='ltr'>ἔχουσι</span> <span class='ocrx_word' id='word_1_175' title='bbox 1297 293 1331 320; x_wconf 88' lang='grc' dir='ltr'>τὰ</span> <span class='ocrx_word' id='word_1_176' title='bbox 1343 292 1527 328; x_wconf 83' lang='grc' dir='ltr'>ὑπερουράνια</span> <span class='ocrx_word' id='word_1_177' title='bbox 1545 292 1636 327; x_wconf 81' lang='grc' dir='ltr'>φῶτα,</span> <span class='ocrx_word' id='word_1_178' title='bbox 1653 292 1677 318; x_wconf 82' lang='grc' dir='ltr'>οἱ</span> <span class='ocrx_word' id='word_1_179' title='bbox 1698 290 1825 325; x_wconf 80' lang='grc' dir='ltr'>ἄγγελοι,</span> 
     </span>
    </p>
   </div>
   <div class='ocr_carea' id='block_1_28' title="bbox 1027 337 1823 376">
    <p class='ocr_par' dir='ltr' id='par_1_28' title="bbox 1027 337 1823 376">
     <span class='ocr_line' id='line_1_28' title="bbox 1027 337 1823 376; baseline -0.005 -10"><span class='ocrx_word' id='word_1_180' title='bbox 1027 339 1144 376; x_wconf 86' lang='grc' dir='ltr'>ἀμιγῶς,</span> <span class='ocrx_word' id='word_1_181' title='bbox 1160 339 1330 375; x_wconf 77' lang='grc' dir='ltr'>ἀσυγχύτως,</span> <span class='ocrx_word' id='word_1_182' title='bbox 1347 340 1394 366; x_wconf 78' lang='grc' dir='ltr'>καὶ</span> <span class='ocrx_word' id='word_1_183' title='bbox 1407 338 1610 374; x_wconf 85' lang='grc' dir='ltr'>ὑπερκοσμίως,</span> <span class='ocrx_word' id='word_1_184' title='bbox 1626 337 1674 364; x_wconf 84' lang='grc' dir='ltr'>ὅλα</span> <span class='ocrx_word' id='word_1_185' title='bbox 1692 337 1724 363; x_wconf 87' lang='grc' dir='ltr'>δι’</span> <span class='ocrx_word' id='word_1_186' title='bbox 1738 337 1823 364; x_wconf 81' lang='grc' dir='ltr'>ὅλων·</span> 
     </span>
    </p>
   </div>
   <div class='ocr_carea' id='block_1_29' title="bbox 1027 383 1824 422">
    <p class='ocr_par' dir='ltr' id='par_1_29' title="bbox 1027 383 1824 422">
     <span class='ocr_line' id='line_1_29' title="bbox 1027 383 1824 422; baseline -0.005 -10"><span class='ocrx_word' id='word_1_187' title='bbox 1027 386 1057 412; x_wconf 85' lang='grc' dir='ltr'><strong>οὑ</strong></span> <span class='ocrx_word' id='word_1_188' title='bbox 1076 385 1132 422; x_wconf 82' lang='grc' dir='ltr'>γὰρ</span> <span class='ocrx_word' id='word_1_189' title='bbox 1153 386 1274 422; x_wconf 83' lang='grc' dir='ltr'>μερικῶς</span> <span class='ocrx_word' id='word_1_190' title='bbox 1292 385 1502 421; x_wconf 77' lang='grc' dir='ltr'>ὲπιόραόεύεται</span> <span class='ocrx_word' id='word_1_191' title='bbox 1520 384 1623 416; x_wconf 85' lang='grc' dir='ltr'><strong>τούτοις</strong></span> <span class='ocrx_word' id='word_1_192' title='bbox 1639 386 1655 419; x_wconf 87' lang='grc' dir='ltr'>ἡ</span> <span class='ocrx_word' id='word_1_193' title='bbox 1668 383 1803 419; x_wconf 81' lang='grc' dir='ltr'>έλλαμψις</span> <span class='ocrx_word' id='word_1_194' title='bbox 1817 403 1824 415; x_wconf 79' lang='lat'><strong>,</strong></span> 
     </span>
    </p>
   </div>
   <div class='ocr_carea' id='block_1_30' title="bbox 1028 429 1826 467">
    <p class='ocr_par' dir='ltr' id='par_1_30' title="bbox 1028 429 1826 467">
     <span class='ocr_line' id='line_1_30' title="bbox 1028 429 1826 467; baseline -0.003 -10"><span class='ocrx_word' id='word_1_195' title='bbox 1028 431 1085 458; x_wconf 80' lang='grc' dir='ltr'><strong>ἀλλ’</strong></span> <span class='ocrx_word' id='word_1_196' title='bbox 1098 430 1238 463; x_wconf 70' lang='grc' dir='ltr'>ὁλπελῶς,</span> <span class='ocrx_word' id='word_1_197' title='bbox 1253 432 1277 458; x_wconf 79' lang='grc' dir='ltr'>εί</span> <span class='ocrx_word' id='word_1_198' title='bbox 1298 432 1417 458; x_wconf 83' lang='grc' dir='ltr'>κάκεῖνοι</span> <span class='ocrx_word' id='word_1_199' title='bbox 1431 431 1498 467; x_wconf 74' lang='grc' dir='ltr'>πρὸς</span> <span class='ocrx_word' id='word_1_200' title='bbox 1509 431 1540 457; x_wconf 84' lang='grc' dir='ltr'><strong>τὸ</strong></span> <span class='ocrx_word' id='word_1_201' title='bbox 1555 430 1666 457; x_wconf 80' lang='grc' dir='ltr'>δυνατὸν</span> <span class='ocrx_word' id='word_1_202' title='bbox 1680 430 1727 456; x_wconf 82' lang='grc' dir='ltr'><strong>καὶ</strong></span> <span class='ocrx_word' id='word_1_203' title='bbox 1741 429 1826 465; x_wconf 85' lang='grc' dir='ltr'>μόνον</span> 
     </span>
    </p>
   </div>
   <div class='ocr_carea' id='block_1_31' title="bbox 1029 475 1827 513">
    <p class='ocr_par' dir='ltr' id='par_1_31' title="bbox 1029 475 1827 513">
     <span class='ocr_line' id='line_1_31' title="bbox 1029 475 1827 513; baseline -0.005 -9"><span class='ocrx_word' id='word_1_204' title='bbox 1029 476 1160 504; x_wconf 79' lang='grc' dir='ltr'>ἐνοῦνται.</span> <span class='ocrx_word' id='word_1_205' title='bbox 1173 478 1288 513; x_wconf 82' lang='grc' dir='ltr'>Ὥσπερ,</span> <span class='ocrx_word' id='word_1_206' title='bbox 1302 477 1378 512; x_wconf 82' lang='grc' dir='ltr'>ἡλίου</span> <span class='ocrx_word' id='word_1_207' title='bbox 1390 477 1519 509; x_wconf 72' lang='grc' dir='ltr'>ὁλπελῶς</span> <span class='ocrx_word' id='word_1_208' title='bbox 1530 476 1739 512; x_wconf 80' lang='grc' dir='ltr'>ἐπιλάμποντος,</span> <span class='ocrx_word' id='word_1_209' title='bbox 1756 475 1827 501; x_wconf 81' lang='grc' dir='ltr'>’ἐκα-</span> 
     </span>
    </p>
   </div>
   <div class='ocr_carea' id='block_1_32' title="bbox 1031 520 1826 559">
    <p class='ocr_par' dir='ltr' id='par_1_32' title="bbox 1031 520 1826 559">
     <span class='ocr_line' id='line_1_32' title="bbox 1031 520 1826 559; baseline -0.005 -9"><span class='ocrx_word' id='word_1_210' title='bbox 1031 532 1091 550; x_wconf 88' lang='grc' dir='ltr'>στον</span> <span class='ocrx_word' id='word_1_211' title='bbox 1105 523 1174 559; x_wconf 84' lang='grc' dir='ltr'>πρὸς</span> <span class='ocrx_word' id='word_1_212' title='bbox 1185 523 1215 550; x_wconf 81' lang='grc' dir='ltr'><strong>τὸ</strong></span> <span class='ocrx_word' id='word_1_213' title='bbox 1228 523 1339 550; x_wconf 78' lang='grc' dir='ltr'>δυνατὸν</span> <span class='ocrx_word' id='word_1_214' title='bbox 1354 523 1404 557; x_wconf 62' lang='grc' dir='ltr'>τοῦ</span> <span class='ocrx_word' id='word_1_215' title='bbox 1419 523 1507 557; x_wconf 77' lang='grc' dir='ltr'>φωτὸς</span> <span class='ocrx_word' id='word_1_216' title='bbox 1523 521 1734 558; x_wconf 79' lang='grc' dir='ltr'>μεταλαμϐάνει,</span> <span class='ocrx_word' id='word_1_217' title='bbox 1749 520 1826 547; x_wconf 71' lang='grc' dir='ltr'>οὕτω</span> 
     </span>
    </p>
   </div>
   <div class='ocr_carea' id='block_1_33' title="bbox 1030 566 1826 603">
    <p class='ocr_par' dir='ltr' id='par_1_33' title="bbox 1030 566 1826 603">
     <span class='ocr_line' id='line_1_33' title="bbox 1030 566 1826 603; baseline -0.004 -8"><span class='ocrx_word' id='word_1_218' title='bbox 1030 569 1077 595; x_wconf 78' lang='grc' dir='ltr'><strong>καὶ</strong></span> <span class='ocrx_word' id='word_1_219' title='bbox 1090 569 1136 595; x_wconf 78' lang='grc' dir='ltr'><strong>ἐπὶ</strong></span> <span class='ocrx_word' id='word_1_220' title='bbox 1147 570 1203 600; x_wconf 86' lang='grc' dir='ltr'>τοῖς</span> <span class='ocrx_word' id='word_1_221' title='bbox 1215 568 1341 603; x_wconf 82' lang='grc' dir='ltr'><strong>ἀγγέλοις</strong></span> <span class='ocrx_word' id='word_1_222' title='bbox 1351 569 1466 603; x_wconf 83' lang='grc' dir='ltr'>γίνεται,</span> <span class='ocrx_word' id='word_1_223' title='bbox 1476 567 1547 595; x_wconf 85' lang='grc' dir='ltr'>κατὰ</span> <span class='ocrx_word' id='word_1_224' title='bbox 1556 567 1606 603; x_wconf 86' lang='grc' dir='ltr'><strong>τὴν</strong></span> <span class='ocrx_word' id='word_1_225' title='bbox 1616 567 1760 601; x_wconf 77' lang='grc' dir='ltr'>ἀναλογίαν</span> <span class='ocrx_word' id='word_1_226' title='bbox 1771 566 1826 593; x_wconf 65' lang='grc' dir='ltr'><strong>αὖ-</strong></span> 
     </span>
    </p>
   </div>
   <div class='ocr_carea' id='block_1_34' title="bbox 1030 611 1825 648">
    <p class='ocr_par' dir='ltr' id='par_1_34' title="bbox 1030 611 1825 648">
     <span class='ocr_line' id='line_1_34' title="bbox 1030 611 1825 648; baseline -0.005 -8"><span class='ocrx_word' id='word_1_227' title='bbox 1030 613 1095 645; x_wconf 83' lang='grc' dir='ltr'>τῶν,</span> <span class='ocrx_word' id='word_1_228' title='bbox 1106 613 1156 648; x_wconf 79' lang='grc' dir='ltr'>τῆς</span> <span class='ocrx_word' id='word_1_229' title='bbox 1169 613 1243 645; x_wconf 80' lang='grc' dir='ltr'>θείας</span> <span class='ocrx_word' id='word_1_230' title='bbox 1253 613 1300 640; x_wconf 80' lang='grc' dir='ltr'><strong>καὶ</strong></span> <span class='ocrx_word' id='word_1_231' title='bbox 1312 612 1506 648; x_wconf 84' lang='grc' dir='ltr'>ὑπερηρμένης</span> <span class='ocrx_word' id='word_1_232' title='bbox 1519 611 1641 643; x_wconf 80' lang='grc' dir='ltr'>ἑνώσεως</span> <span class='ocrx_word' id='word_1_233' title='bbox 1653 611 1825 647; x_wconf 83' lang='grc' dir='ltr'>μετέχουσιν.</span> 
     </span>
    </p>
   </div>
   <div class='ocr_carea' id='block_1_35' title="bbox 1033 655 1829 693">
    <p class='ocr_par' dir='ltr' id='par_1_35' title="bbox 1033 655 1829 693">
     <span class='ocr_line' id='line_1_35' title="bbox 1033 655 1829 693; baseline -0.006 -8"><span class='ocrx_word' id='word_1_234' title='bbox 1033 660 1111 685; x_wconf 84' lang='grc' dir='ltr'>Ἐστι</span> <span class='ocrx_word' id='word_1_235' title='bbox 1122 659 1258 693; x_wconf 78' lang='grc' dir='ltr'>διάκρισις</span> <span class='ocrx_word' id='word_1_236' title='bbox 1271 659 1299 684; x_wconf 80' lang='grc' dir='ltr'><strong>ὲν</strong></span> <span class='ocrx_word' id='word_1_237' title='bbox 1311 659 1372 690; x_wconf 87' lang='grc' dir='ltr'>ταῖς</span> <span class='ocrx_word' id='word_1_238' title='bbox 1383 657 1539 692; x_wconf 85' lang='grc' dir='ltr'>οεολογίαις,</span> <span class='ocrx_word' id='word_1_239' title='bbox 1553 657 1603 692; x_wconf 80' lang='grc' dir='ltr'><strong>οὐχ</strong></span> <span class='ocrx_word' id='word_1_240' title='bbox 1612 657 1644 692; x_wconf 85' lang='grc' dir='ltr'>ἣν</span> <span class='ocrx_word' id='word_1_241' title='bbox 1657 655 1761 690; x_wconf 74' lang='grc' dir='ltr'>ἔφημεν</span> <span class='ocrx_word' id='word_1_242' title='bbox 1776 655 1829 690; x_wconf 82' lang='grc' dir='ltr'><strong>μό·</strong></span> 
     </span>
    </p>
   </div>
   <div class='ocr_carea' id='block_1_36' title="bbox 1032 701 1827 739">
    <p class='ocr_par' dir='ltr' id='par_1_36' title="bbox 1032 701 1827 739">
     <span class='ocr_line' id='line_1_36' title="bbox 1032 701 1827 739; baseline -0.006 -8"><span class='ocrx_word' id='word_1_243' title='bbox 1032 713 1076 731; x_wconf 93' lang='grc' dir='ltr'><strong>νον</strong></span> <span class='ocrx_word' id='word_1_244' title='bbox 1096 703 1236 739; x_wconf 81' lang='grc' dir='ltr'>πρότερον,</span> <span class='ocrx_word' id='word_1_245' title='bbox 1256 704 1296 730; x_wconf 84' lang='grc' dir='ltr'>ὅτι</span> <span class='ocrx_word' id='word_1_246' title='bbox 1312 703 1471 738; x_wconf 82' lang='grc' dir='ltr'>ἀσυγχύτως</span> <span class='ocrx_word' id='word_1_247' title='bbox 1484 704 1523 734; x_wconf 82' lang='grc' dir='ltr'><strong>εἰς</strong></span> <span class='ocrx_word' id='word_1_248' title='bbox 1542 703 1617 738; x_wconf 77' lang='grc' dir='ltr'>τρεῖς</span> <span class='ocrx_word' id='word_1_249' title='bbox 1642 701 1827 731; x_wconf 78' lang='grc' dir='ltr'>Ὑποστάσεις</span> 
     </span>
    </p>
   </div>
   <div class='ocr_carea' id='block_1_37' title="bbox 1032 747 1827 786">
    <p class='ocr_par' dir='ltr' id='par_1_37' title="bbox 1032 747 1827 786">
     <span class='ocr_line' id='line_1_37' title="bbox 1032 747 1827 786; baseline -0.006 -8"><span class='ocrx_word' id='word_1_250' title='bbox 1032 750 1201 786; x_wconf 75' lang='grc' dir='ltr'><strong>διακέκριται</strong></span> <span class='ocrx_word' id='word_1_251' title='bbox 1215 751 1404 786; x_wconf 81' lang='grc' dir='ltr'><strong>ἀδιαιρέτωςὴ</strong></span> <span class='ocrx_word' id='word_1_252' title='bbox 1422 750 1482 777; x_wconf 87' lang='grc' dir='ltr'>θεία</span> <span class='ocrx_word' id='word_1_253' title='bbox 1501 750 1548 776; x_wconf 73' lang='grc' dir='ltr'>καὶ</span> <span class='ocrx_word' id='word_1_254' title='bbox 1570 749 1641 784; x_wconf 83' lang='grc' dir='ltr'><strong>ἁπλῆ</strong></span> <span class='ocrx_word' id='word_1_255' title='bbox 1659 747 1748 783; x_wconf 77' lang='grc' dir='ltr'>φύσις·</span> <span class='ocrx_word' id='word_1_256' title='bbox 1766 747 1827 774; x_wconf 82' lang='grc' dir='ltr'><strong>ἀλλ’</strong></span> 
     </span>
    </p>
   </div>
   <div class='ocr_carea' id='block_1_38' title="bbox 1033 793 1828 831">
    <p class='ocr_par' dir='ltr' id='par_1_38' title="bbox 1033 793 1828 831">
     <span class='ocr_line' id='line_1_38' title="bbox 1033 793 1828 831; baseline -0.005 -9"><span class='ocrx_word' id='word_1_257' title='bbox 1033 797 1073 822; x_wconf 76' lang='grc' dir='ltr'>ὅτι</span> <span class='ocrx_word' id='word_1_258' title='bbox 1089 795 1178 822; x_wconf 78' lang='grc' dir='ltr'>καὶτὸ</span> <span class='ocrx_word' id='word_1_259' title='bbox 1194 795 1240 822; x_wconf 82' lang='grc' dir='ltr'>τοῦ</span> <span class='ocrx_word' id='word_1_260' title='bbox 1260 795 1365 831; x_wconf 86' lang='grc' dir='ltr'>Πατρὸς</span> <span class='ocrx_word' id='word_1_261' title='bbox 1379 794 1500 830; x_wconf 73' lang='grc' dir='ltr'>αὔχημα,</span> <span class='ocrx_word' id='word_1_262' title='bbox 1521 793 1644 830; x_wconf 81' lang='grc' dir='ltr'>δηλονότι</span> <span class='ocrx_word' id='word_1_263' title='bbox 1655 794 1672 829; x_wconf 88' lang='grc' dir='ltr'><strong>ή</strong></span> <span class='ocrx_word' id='word_1_264' title='bbox 1690 793 1828 827; x_wconf 85' lang='grc' dir='ltr'>θεογονία,</span> 
     </span>
    </p>
   </div>
   <div class='ocr_carea' id='block_1_39' title="bbox 1033 835 1830 876">
    <p class='ocr_par' dir='ltr' id='par_1_39' title="bbox 1033 835 1830 876">
     <span class='ocr_line' id='line_1_39' title="bbox 1033 835 1830 876; baseline -0.006 -9"><span class='ocrx_word' id='word_1_265' title='bbox 1033 841 1083 867; x_wconf 81' lang='grc' dir='ltr'><strong>οὐκ</strong></span> <span class='ocrx_word' id='word_1_266' title='bbox 1107 840 1279 876; x_wconf 76' lang='grc' dir='ltr'><strong>ἀντιστρέφει</strong></span> <span class='ocrx_word' id='word_1_267' title='bbox 1304 840 1371 875; x_wconf 82' lang='grc' dir='ltr'>πρὸς</span> <span class='ocrx_word' id='word_1_268' title='bbox 1394 839 1487 866; x_wconf 80' lang='grc' dir='ltr'>τᾶλλα.</span> <span class='ocrx_word' id='word_1_269' title='bbox 1507 838 1584 874; x_wconf 86' lang='grc' dir='ltr'><strong>Μόνη</strong></span> <span class='ocrx_word' id='word_1_270' title='bbox 1608 837 1662 873; x_wconf 82' lang='grc' dir='ltr'><strong>γὰρ</strong></span> <span class='ocrx_word' id='word_1_271' title='bbox 1681 837 1757 872; x_wconf 84' lang='grc' dir='ltr'>πηγὴ</span> <span class='ocrx_word' id='word_1_272' title='bbox 1775 835 1830 870; x_wconf 79' lang='grc' dir='ltr'>τῆς</span> 
     </span>
    </p>
   </div>
   <div class='ocr_carea' id='block_1_40' title="bbox 1036 882 1831 922">
    <p class='ocr_par' dir='ltr' id='par_1_40' title="bbox 1036 882 1831 922">
     <span class='ocr_line' id='line_1_40' title="bbox 1036 882 1831 922; baseline -0.006 -9"><span class='ocrx_word' id='word_1_273' title='bbox 1036 886 1197 922; x_wconf 77' lang='grc' dir='ltr'>ὑπερουσίου</span> <span class='ocrx_word' id='word_1_274' title='bbox 1220 886 1346 921; x_wconf 74' lang='grc' dir='ltr'>Θεότητος</span> <span class='ocrx_word' id='word_1_275' title='bbox 1369 886 1384 911; x_wconf 88' lang='grc' dir='ltr'><strong>ὁ</strong></span> <span class='ocrx_word' id='word_1_276' title='bbox 1406 885 1522 920; x_wconf 82' lang='grc' dir='ltr'>Πατὴρ,</span> <span class='ocrx_word' id='word_1_277' title='bbox 1557 883 1743 919; x_wconf 79' lang='grc' dir='ltr'>φυλαττόντων</span> <span class='ocrx_word' id='word_1_278' title='bbox 1772 882 1831 909; x_wconf 82' lang='grc' dir='ltr'><strong>τῶν</strong></span> 
     </span>
    </p>
   </div>
   <div class='ocr_carea' id='block_1_41' title="bbox 1036 929 1831 969">
    <p class='ocr_par' dir='ltr' id='par_1_41' title="bbox 1036 929 1831 969">
     <span class='ocr_line' id='line_1_41' title="bbox 1036 929 1831 969; baseline -0.006 -9"><span class='ocrx_word' id='word_1_279' title='bbox 1036 934 1128 969; x_wconf 82' lang='grc' dir='ltr'>ὕμνων</span> <span class='ocrx_word' id='word_1_280' title='bbox 1136 933 1254 965; x_wconf 69' lang='grc' dir='ltr'>εὐσεϐῶς</span> <span class='ocrx_word' id='word_1_281' title='bbox 1265 932 1299 959; x_wconf 84' lang='grc' dir='ltr'>τὰ</span> <span class='ocrx_word' id='word_1_282' title='bbox 1310 933 1397 959; x_wconf 79' lang='grc' dir='ltr'>οἰκεῖα</span> <span class='ocrx_word' id='word_1_283' title='bbox 1406 932 1507 967; x_wconf 69' lang='grc' dir='ltr'>ἑκάστῃ</span> <span class='ocrx_word' id='word_1_284' title='bbox 1515 931 1568 957; x_wconf 81' lang='grc' dir='ltr'><strong>τῶν</strong></span> <span class='ocrx_word' id='word_1_285' title='bbox 1582 930 1732 966; x_wconf 86' lang='grc' dir='ltr'>θεαρχικῶν</span> <span class='ocrx_word' id='word_1_286' title='bbox 1747 929 1831 956; x_wconf 76' lang='grc' dir='ltr'><strong>Ὑπη-</strong></span> 
     </span>
    </p>
   </div>
   <div class='ocr_carea' id='block_1_42' title="bbox 1037 975 1831 1013">
    <p class='ocr_par' dir='ltr' id='par_1_42' title="bbox 1037 975 1831 1013">
     <span class='ocr_line' id='line_1_42' title="bbox 1037 975 1831 1013; baseline -0.008 -6"><span class='ocrx_word' id='word_1_287' title='bbox 1037 981 1168 1007; x_wconf 80' lang='grc' dir='ltr'>στάσεων.</span> <span class='ocrx_word' id='word_1_288' title='bbox 1184 979 1249 1005; x_wconf 80' lang='grc' dir='ltr'>Ἰδοὺ</span> <span class='ocrx_word' id='word_1_289' title='bbox 1262 979 1309 1006; x_wconf 63' lang='grc' dir='ltr'><strong>καὶ¹</strong></span> <span class='ocrx_word' id='word_1_290' title='bbox 1317 979 1397 1013; x_wconf 80' lang='grc' dir='ltr'>ἑτέρα</span> <span class='ocrx_word' id='word_1_291' title='bbox 1409 977 1556 1013; x_wconf 77' lang='grc' dir='ltr'>διάκρισις,</span> <span class='ocrx_word' id='word_1_292' title='bbox 1569 976 1629 1003; x_wconf 78' lang='grc' dir='ltr'><strong>καθ’</strong></span> <span class='ocrx_word' id='word_1_293' title='bbox 1644 976 1677 1012; x_wconf 77' lang='grc' dir='ltr'>ἣν</span> <span class='ocrx_word' id='word_1_294' title='bbox 1689 975 1831 1010; x_wconf 82' lang='grc' dir='ltr'>διακέκρι-</span> 
     </span>
    </p>
   </div>
   <div class='ocr_carea' id='block_1_43' title="bbox 1036 1020 1831 1061">
    <p class='ocr_par' dir='ltr' id='par_1_43' title="bbox 1036 1020 1831 1061">
     <span class='ocr_line' id='line_1_43' title="bbox 1036 1020 1831 1061; baseline -0.009 -8"><span class='ocrx_word' id='word_1_295' title='bbox 1036 1035 1081 1052; x_wconf 88' lang='grc' dir='ltr'>ται</span> <span class='ocrx_word' id='word_1_296' title='bbox 1095 1028 1109 1053; x_wconf 82' lang='grc' dir='ltr'>ὁ</span> <span class='ocrx_word' id='word_1_297' title='bbox 1123 1025 1217 1061; x_wconf 86' lang='grc' dir='ltr'>Πατὴρ</span> <span class='ocrx_word' id='word_1_298' title='bbox 1229 1024 1284 1051; x_wconf 87' lang='grc' dir='ltr'>τῶν</span> <span class='ocrx_word' id='word_1_299' title='bbox 1297 1024 1437 1056; x_wconf 85' lang='grc' dir='ltr'>αἰτιατῶν,</span> <span class='ocrx_word' id='word_1_300' title='bbox 1462 1023 1527 1049; x_wconf 83' lang='grc' dir='ltr'><strong>Υἱοῦ</strong></span> <span class='ocrx_word' id='word_1_301' title='bbox 1541 1031 1571 1048; x_wconf 76' lang='grc' dir='ltr'><strong>τε</strong></span> <span class='ocrx_word' id='word_1_302' title='bbox 1591 1022 1637 1048; x_wconf 71' lang='grc' dir='ltr'>καὶ</span> <span class='ocrx_word' id='word_1_303' title='bbox 1657 1020 1831 1056; x_wconf 84' lang='grc' dir='ltr'>Πνεύματος.</span> 
     </span>
    </p>
   </div>
   <div class='ocr_carea' id='block_1_44' title="bbox 1037 1065 1832 1107">
    <p class='ocr_par' dir='ltr' id='par_1_44' title="bbox 1037 1065 1832 1107">
     <span class='ocr_line' id='line_1_44' title="bbox 1037 1065 1832 1107; baseline -0.008 -9"><span class='ocrx_word' id='word_1_304' title='bbox 1037 1069 1121 1099; x_wconf 76' lang='grc' dir='ltr'>Αὒται</span> <span class='ocrx_word' id='word_1_305' title='bbox 1135 1072 1183 1107; x_wconf 73' lang='grc' dir='ltr'>μὲν</span> <span class='ocrx_word' id='word_1_306' title='bbox 1195 1071 1222 1097; x_wconf 76' lang='grc' dir='ltr'>αἱ</span> <span class='ocrx_word' id='word_1_307' title='bbox 1236 1070 1295 1097; x_wconf 83' lang='grc' dir='ltr'>κατ’</span> <span class='ocrx_word' id='word_1_308' title='bbox 1309 1070 1417 1104; x_wconf 79' lang='grc' dir='ltr'>ἐκείνην</span> <span class='ocrx_word' id='word_1_309' title='bbox 1431 1068 1479 1104; x_wconf 84' lang='grc' dir='ltr'><strong>τὴν</strong></span> <span class='ocrx_word' id='word_1_310' title='bbox 1492 1069 1611 1104; x_wconf 69' lang='grc' dir='ltr'>ἄρρητον</span> <span class='ocrx_word' id='word_1_311' title='bbox 1632 1066 1748 1102; x_wconf 83' lang='grc' dir='ltr'>φυσικὴν</span> <span class='ocrx_word' id='word_1_312' title='bbox 1760 1065 1832 1092; x_wconf 81' lang='grc' dir='ltr'><strong>ἓνω-</strong></span> 
     </span>
    </p>
   </div>
   <div class='ocr_carea' id='block_1_45' title="bbox 1040 1116 1475 1152">
    <p class='ocr_par' dir='ltr' id='par_1_45' title="bbox 1040 1116 1475 1152">
     <span class='ocr_line' id='line_1_45' title="bbox 1040 1116 1475 1152; baseline -0.005 -8"><span class='ocrx_word' id='word_1_313' title='bbox 1040 1127 1081 1145; x_wconf 88' lang='grc' dir='ltr'><strong>σιν</strong></span> <span class='ocrx_word' id='word_1_314' title='bbox 1095 1117 1206 1149; x_wconf 81' lang='grc' dir='ltr'>ὲνώσεις</span> <span class='ocrx_word' id='word_1_315' title='bbox 1216 1125 1245 1143; x_wconf 86' lang='grc' dir='ltr'><strong>τε</strong></span> <span class='ocrx_word' id='word_1_316' title='bbox 1257 1117 1304 1143; x_wconf 78' lang='grc' dir='ltr'>καὶ</span> <span class='ocrx_word' id='word_1_317' title='bbox 1316 1116 1475 1152; x_wconf 79' lang='grc' dir='ltr'><strong>διακρίσεις.</strong></span> 
     </span>
    </p>
   </div>
   <div class='ocr_carea' id='block_1_46' title="bbox 193 1159 1834 1203">
    <p class='ocr_par' dir='ltr' id='par_1_46' title="bbox 193 1159 1834 1203">
     <span class='ocr_line' id='line_1_46' title="bbox 193 1159 1834 1203; baseline -0.007 -7"><span class='ocrx_word' id='word_1_318' title='bbox 193 1168 314 1203; x_wconf 84' lang='lat' dir='ltr'><strong>perfecte</strong></span> <span class='ocrx_word' id='word_1_319' title='bbox 328 1167 504 1195; x_wconf 91' lang='lat' dir='ltr'><strong>illucescente</strong></span> <span class='ocrx_word' id='word_1_320' title='bbox 521 1167 653 1201; x_wconf 85' lang='lat' dir='ltr'><strong>quidlibet</strong></span> <span class='ocrx_word' id='word_1_321' title='bbox 669 1174 716 1201; x_wconf 88' lang='lat' dir='ltr'><strong>pro</strong></span> <span class='ocrx_word' id='word_1_322' title='bbox 729 1171 808 1201; x_wconf 88' lang='lat' dir='ltr'><strong>captu</strong></span> <span class='ocrx_word' id='word_1_323' title='bbox 826 1173 876 1193; x_wconf 87' lang='lat' dir='ltr'><strong>suo</strong></span> <span class='ocrx_word' id='word_1_324' title='bbox 893 1164 983 1191; x_wconf 85' lang='lat' dir='ltr'><strong>lumen</strong></span> <span class='ocrx_word' id='word_1_325' title='bbox 1002 1164 1161 1200; x_wconf 83' lang='lat' dir='ltr'><strong>participat,</strong></span> <span class='ocrx_word' id='word_1_326' title='bbox 1184 1163 1219 1190; x_wconf 88' lang='lat' dir='ltr'><strong>ita</strong></span> <span class='ocrx_word' id='word_1_327' title='bbox 1251 1163 1332 1190; x_wconf 87' lang='lat' dir='ltr'><strong>etiam</strong></span> <span class='ocrx_word' id='word_1_328' title='bbox 1350 1163 1376 1189; x_wconf 93' lang='lat' dir='ltr'><strong>in</strong></span> <span class='ocrx_word' id='word_1_329' title='bbox 1398 1161 1502 1196; x_wconf 83' lang='lat' dir='ltr'><strong>angelis</strong></span> <span class='ocrx_word' id='word_1_330' title='bbox 1524 1161 1666 1195; x_wconf 83' lang='lat' dir='ltr'><strong>contingit,</strong></span> <span class='ocrx_word' id='word_1_331' title='bbox 1697 1159 1759 1186; x_wconf 92' lang='lat' dir='ltr'><strong>dum</strong></span> <span class='ocrx_word' id='word_1_332' title='bbox 1787 1165 1834 1185; x_wconf 79' lang='lat' dir='ltr'><strong>se-</strong></span> 
     </span>
    </p>
   </div>
   <div class='ocr_carea' id='block_1_47' title="bbox 193 1205 1833 1249">
    <p class='ocr_par' dir='ltr' id='par_1_47' title="bbox 193 1205 1833 1249">
     <span class='ocr_line' id='line_1_47' title="bbox 193 1205 1833 1249; baseline -0.007 -6"><span class='ocrx_word' id='word_1_333' title='bbox 193 1215 310 1243; x_wconf 85' lang='lat' dir='ltr'><strong>cundum</strong></span> <span class='ocrx_word' id='word_1_334' title='bbox 330 1214 532 1249; x_wconf 89' lang='lat' dir='ltr'><strong>proportionem</strong></span> <span class='ocrx_word' id='word_1_335' title='bbox 560 1221 637 1240; x_wconf 86' lang='lat' dir='ltr'><strong>suam</strong></span> <span class='ocrx_word' id='word_1_336' title='bbox 653 1212 750 1240; x_wconf 72' lang='lat' dir='ltr'><strong>divina:</strong></span> <span class='ocrx_word' id='word_1_337' title='bbox 779 1213 851 1239; x_wconf 84' lang='lat' dir='ltr'><strong>illius</strong></span> <span class='ocrx_word' id='word_1_338' title='bbox 881 1217 909 1239; x_wconf 89' lang='lat' dir='ltr'><strong>et</strong></span> <span class='ocrx_word' id='word_1_339' title='bbox 938 1211 1166 1245; x_wconf 84' lang='lat' dir='ltr'><strong>superemineutis</strong></span> <span class='ocrx_word' id='word_1_340' title='bbox 1196 1210 1304 1237; x_wconf 90' lang='lat' dir='ltr'><strong>unionis</strong></span> <span class='ocrx_word' id='word_1_341' title='bbox 1332 1209 1478 1244; x_wconf 81' lang='lat' dir='ltr'><strong>participes</strong></span> <span class='ocrx_word' id='word_1_342' title='bbox 1504 1209 1652 1236; x_wconf 79' lang='lat' dir='ltr'><strong>exsistunt.</strong></span> <span class='ocrx_word' id='word_1_343' title='bbox 1676 1207 1726 1234; x_wconf 74' lang='lat' dir='ltr'><strong>Est</strong></span> <span class='ocrx_word' id='word_1_344' title='bbox 1747 1205 1833 1232; x_wconf 87' lang='lat' dir='ltr'><strong>etiam</strong></span> 
     </span>
    </p>
   </div>
   <div class='ocr_carea' id='block_1_48' title="bbox 193 1252 1833 1292">
    <p class='ocr_par' dir='ltr' id='par_1_48' title="bbox 193 1252 1833 1292">
     <span class='ocr_line' id='line_1_48' title="bbox 193 1252 1833 1292; baseline -0.005 -5"><span class='ocrx_word' id='word_1_345' title='bbox 193 1261 335 1288; x_wconf 80' lang='lat' dir='ltr'><strong>distinctio</strong></span> <span class='ocrx_word' id='word_1_346' title='bbox 361 1260 387 1286; x_wconf 92' lang='lat' dir='ltr'><strong>in</strong></span> <span class='ocrx_word' id='word_1_347' title='bbox 414 1259 532 1291; x_wconf 83' lang='lat' dir='ltr'><strong>divinis,</strong></span> <span class='ocrx_word' id='word_1_348' title='bbox 558 1266 611 1285; x_wconf 90' lang='lat' dir='ltr'><strong>non</strong></span> <span class='ocrx_word' id='word_1_349' title='bbox 642 1265 673 1285; x_wconf 85' lang='lat' dir='ltr'><strong>ca</strong></span> <span class='ocrx_word' id='word_1_350' title='bbox 699 1263 802 1286; x_wconf 91' lang='lat' dir='ltr'><strong>tantum</strong></span> <span class='ocrx_word' id='word_1_351' title='bbox 827 1265 908 1292; x_wconf 89' lang='lat' dir='ltr'><strong>quam</strong></span> <span class='ocrx_word' id='word_1_352' title='bbox 937 1258 1012 1292; x_wconf 90' lang='lat' dir='ltr'><strong>prius</strong></span> <span class='ocrx_word' id='word_1_353' title='bbox 1045 1258 1178 1288; x_wconf 79' lang='lat' dir='ltr'><strong>diximus,</strong></span> <span class='ocrx_word' id='word_1_354' title='bbox 1210 1256 1282 1290; x_wconf 88' lang='lat' dir='ltr'><strong>quod</strong></span> <span class='ocrx_word' id='word_1_355' title='bbox 1314 1254 1457 1282; x_wconf 78' lang='lat' dir='ltr'><strong>inconfuse</strong></span> <span class='ocrx_word' id='word_1_356' title='bbox 1475 1255 1501 1281; x_wconf 91' lang='lat' dir='ltr'><strong>in</strong></span> <span class='ocrx_word' id='word_1_357' title='bbox 1526 1259 1581 1281; x_wconf 88' lang='lat' dir='ltr'><strong>tres</strong></span> <span class='ocrx_word' id='word_1_358' title='bbox 1601 1253 1736 1280; x_wconf 88' lang='lat' dir='ltr'><strong>Personas</strong></span> <span class='ocrx_word' id='word_1_359' title='bbox 1759 1252 1833 1279; x_wconf 71' lang='lat' dir='ltr'><strong>indi-</strong></span> 
     </span>
    </p>
   </div>
   <div class='ocr_carea' id='block_1_49' title="bbox 194 1299 1832 1341">
    <p class='ocr_par' dir='ltr' id='par_1_49' title="bbox 194 1299 1832 1341">
     <span class='ocr_line' id='line_1_49' title="bbox 194 1299 1832 1341; baseline -0.004 -9"><span class='ocrx_word' id='word_1_360' title='bbox 194 1307 275 1334; x_wconf 83' lang='lat' dir='ltr'><strong>vidua</strong></span> <span class='ocrx_word' id='word_1_361' title='bbox 299 1305 468 1341; x_wconf 84' lang='lat' dir='ltr'><strong>simplexque</strong></span> <span class='ocrx_word' id='word_1_362' title='bbox 502 1310 599 1332; x_wconf 89' lang='lat' dir='ltr'><strong>natura</strong></span> <span class='ocrx_word' id='word_1_363' title='bbox 628 1305 717 1332; x_wconf 86' lang='lat' dir='ltr'><strong>divina</strong></span> <span class='ocrx_word' id='word_1_364' title='bbox 751 1305 906 1337; x_wconf 86' lang='lat' dir='ltr'><strong>dividatur,</strong></span> <span class='ocrx_word' id='word_1_365' title='bbox 939 1311 1032 1330; x_wconf 87' lang='lat' dir='ltr'><strong>verum</strong></span> <span class='ocrx_word' id='word_1_366' title='bbox 1063 1304 1146 1330; x_wconf 85' lang='lat' dir='ltr'><strong>etiam</strong></span> <span class='ocrx_word' id='word_1_367' title='bbox 1174 1302 1264 1329; x_wconf 86' lang='lat' dir='ltr'><strong>Patris</strong></span> <span class='ocrx_word' id='word_1_368' title='bbox 1292 1301 1384 1333; x_wconf 90' lang='lat' dir='ltr'><strong>notio,</strong></span> <span class='ocrx_word' id='word_1_369' title='bbox 1409 1300 1514 1328; x_wconf 74' lang='lat' dir='ltr'><strong>scilicet</strong></span> <span class='ocrx_word' id='word_1_370' title='bbox 1550 1300 1638 1327; x_wconf 88' lang='lat' dir='ltr'><strong>activa</strong></span> <span class='ocrx_word' id='word_1_371' title='bbox 1669 1299 1716 1326; x_wconf 89' lang='lat' dir='ltr'><strong>Dei</strong></span> <span class='ocrx_word' id='word_1_372' title='bbox 1746 1305 1832 1333; x_wconf 75' lang='lat' dir='ltr'><strong>gene-</strong></span> 
     </span>
    </p>
   </div>
   <div class='ocr_carea' id='block_1_50' title="bbox 195 1345 1835 1386">
    <p class='ocr_par' dir='ltr' id='par_1_50' title="bbox 195 1345 1835 1386">
     <span class='ocr_line' id='line_1_50' title="bbox 195 1345 1835 1386; baseline -0.006 -5"><span class='ocrx_word' id='word_1_373' title='bbox 195 1354 275 1386; x_wconf 86' lang='lat' dir='ltr'><strong>ratio,</strong></span> <span class='ocrx_word' id='word_1_374' title='bbox 288 1360 349 1380; x_wconf 88' lang='lat' dir='ltr'><strong>cutn</strong></span> <span class='ocrx_word' id='word_1_375' title='bbox 365 1352 425 1379; x_wconf 90' lang='lat' dir='ltr'><strong>aliis</strong></span> <span class='ocrx_word' id='word_1_376' title='bbox 440 1359 494 1378; x_wconf 91' lang='lat' dir='ltr'><strong>non</strong></span> <span class='ocrx_word' id='word_1_377' title='bbox 524 1355 712 1378; x_wconf 82' lang='lat' dir='ltr'><strong>convertatur.</strong></span> <span class='ocrx_word' id='word_1_378' title='bbox 744 1351 825 1378; x_wconf 80' lang='lat' dir='ltr'><strong>Pater</strong></span> <span class='ocrx_word' id='word_1_379' title='bbox 848 1351 920 1378; x_wconf 90' lang='lat' dir='ltr'><strong>enim</strong></span> <span class='ocrx_word' id='word_1_380' title='bbox 946 1350 1020 1378; x_wconf 90' lang='lat' dir='ltr'><strong>solus</strong></span> <span class='ocrx_word' id='word_1_381' title='bbox 1039 1350 1099 1377; x_wconf 89' lang='lat' dir='ltr'><strong>fons</strong></span> <span class='ocrx_word' id='word_1_382' title='bbox 1124 1356 1166 1377; x_wconf 87' lang='lat' dir='ltr'><strong>est</strong></span> <span class='ocrx_word' id='word_1_383' title='bbox 1189 1349 1426 1383; x_wconf 76' lang='lat' dir='ltr'><strong>superessentialis</strong></span> <span class='ocrx_word' id='word_1_384' title='bbox 1440 1347 1565 1379; x_wconf 88' lang='lat' dir='ltr'><strong>Deitatis,</strong></span> <span class='ocrx_word' id='word_1_385' title='bbox 1586 1346 1706 1382; x_wconf 85' lang='lat' dir='ltr'><strong>qualibet</strong></span> <span class='ocrx_word' id='word_1_386' title='bbox 1727 1345 1835 1373; x_wconf 86' lang='lat' dir='ltr'><strong>divina-</strong></span> 
     </span>
    </p>
   </div>
   <div class='ocr_carea' id='block_1_51' title="bbox 196 1390 1834 1432">
    <p class='ocr_par' dir='ltr' id='par_1_51' title="bbox 196 1390 1834 1432">
     <span class='ocr_line' id='line_1_51' title="bbox 196 1390 1834 1432; baseline -0.007 -4"><span class='ocrx_word' id='word_1_387' title='bbox 196 1408 255 1429; x_wconf 78' lang='lat' dir='ltr'><strong>rum</strong></span> <span class='ocrx_word' id='word_1_388' title='bbox 282 1399 464 1427; x_wconf 85' lang='lat' dir='ltr'><strong>Personarum</strong></span> <span class='ocrx_word' id='word_1_389' title='bbox 495 1397 670 1432; x_wconf 86' lang='lat' dir='ltr'><strong>proprietatis</strong></span> <span class='ocrx_word' id='word_1_390' title='bbox 702 1404 757 1424; x_wconf 73' lang='lat' dir='ltr'><strong>sua:</strong></span> <span class='ocrx_word' id='word_1_391' title='bbox 784 1396 877 1423; x_wconf 88' lang='lat' dir='ltr'><strong>laudes</strong></span> <span class='ocrx_word' id='word_1_392' title='bbox 901 1395 1027 1429; x_wconf 79' lang='lat' dir='ltr'><strong>religiose</strong></span> <span class='ocrx_word' id='word_1_393' title='bbox 1051 1394 1292 1422; x_wconf 85' lang='lat' dir='ltr'><strong>conservantibus.</strong></span> <span class='ocrx_word' id='word_1_394' title='bbox 1317 1393 1388 1420; x_wconf 87' lang='lat' dir='ltr'><strong>Ecce</strong></span> <span class='ocrx_word' id='word_1_395' title='bbox 1417 1394 1499 1420; x_wconf 89' lang='lat' dir='ltr'><strong>etiam</strong></span> <span class='ocrx_word' id='word_1_396' title='bbox 1526 1392 1607 1419; x_wconf 89' lang='lat' dir='ltr'><strong>aliam</strong></span> <span class='ocrx_word' id='word_1_397' title='bbox 1629 1390 1834 1419; x_wconf 86' lang='lat' dir='ltr'><strong>distinctionem</strong></span> 
     </span>
    </p>
   </div>
   <div class='ocr_carea' id='block_1_52' title="bbox 196 1438 1833 1480">
    <p class='ocr_par' dir='ltr' id='par_1_52' title="bbox 196 1438 1833 1480">
     <span class='ocr_line' id='line_1_52' title="bbox 196 1438 1833 1480; baseline -0.007 -5"><span class='ocrx_word' id='word_1_398' title='bbox 196 1447 346 1475; x_wconf 70' lang='lat' dir='ltr'><strong>secundum</strong></span> <span class='ocrx_word' id='word_1_399' title='bbox 367 1454 456 1480; x_wconf 67' lang='lat' dir='ltr'><strong>quam</strong></span> <span class='ocrx_word' id='word_1_400' title='bbox 466 1446 547 1473; x_wconf 89' lang='lat' dir='ltr'><strong>Pater</strong></span> <span class='ocrx_word' id='word_1_401' title='bbox 568 1446 602 1472; x_wconf 87' lang='lat' dir='ltr'><strong>ab</strong></span> <span class='ocrx_word' id='word_1_402' title='bbox 627 1445 731 1473; x_wconf 82' lang='lat' dir='ltr'><strong>eﬂ&#39;ectis</strong></span> <span class='ocrx_word' id='word_1_403' title='bbox 745 1444 806 1472; x_wconf 85' lang='lat' dir='ltr'><strong>Filii</strong></span> <span class='ocrx_word' id='word_1_404' title='bbox 825 1449 853 1472; x_wconf 89' lang='lat' dir='ltr'><strong>et</strong></span> <span class='ocrx_word' id='word_1_405' title='bbox 870 1443 989 1479; x_wconf 91' lang='lat' dir='ltr'><strong>Spiritus</strong></span> <span class='ocrx_word' id='word_1_406' title='bbox 1006 1443 1093 1471; x_wconf 86' lang='lat' dir='ltr'><strong>sancti</strong></span> <span class='ocrx_word' id='word_1_407' title='bbox 1106 1442 1293 1477; x_wconf 79' lang='lat' dir='ltr'><strong>distinguitur.</strong></span> <span class='ocrx_word' id='word_1_408' title='bbox 1309 1440 1356 1468; x_wconf 65' lang='lat' dir='ltr'><strong>lim</strong></span> <span class='ocrx_word' id='word_1_409' title='bbox 1370 1441 1479 1475; x_wconf 83' lang='lat' dir='ltr'><strong>quidem</strong></span> <span class='ocrx_word' id='word_1_410' title='bbox 1503 1445 1567 1467; x_wconf 91' lang='lat' dir='ltr'><strong>sunt</strong></span> <span class='ocrx_word' id='word_1_411' title='bbox 1583 1440 1698 1466; x_wconf 87' lang='lat' dir='ltr'><strong>uniones</strong></span> <span class='ocrx_word' id='word_1_412' title='bbox 1715 1443 1743 1465; x_wconf 87' lang='lat' dir='ltr'><strong>et</strong></span> <span class='ocrx_word' id='word_1_413' title='bbox 1773 1438 1833 1465; x_wconf 89' lang='lat' dir='ltr'><strong>dis-</strong></span> 
     </span>
    </p>
   </div>
   <div class='ocr_carea' id='block_1_53' title="bbox 197 1490 844 1521">
    <p class='ocr_par' dir='ltr' id='par_1_53' title="bbox 197 1490 844 1521">
     <span class='ocr_line' id='line_1_53' title="bbox 197 1490 844 1521; baseline -0.006 0"><span class='ocrx_word' id='word_1_414' title='bbox 197 1493 342 1521; x_wconf 85' lang='lat' dir='ltr'><strong>tinctiones</strong></span> <span class='ocrx_word' id='word_1_415' title='bbox 357 1493 385 1519; x_wconf 91' lang='lat' dir='ltr'><strong>in</strong></span> <span class='ocrx_word' id='word_1_416' title='bbox 399 1492 443 1520; x_wconf 90' lang='lat' dir='ltr'><strong>illa</strong></span> <span class='ocrx_word' id='word_1_417' title='bbox 455 1492 583 1520; x_wconf 65' lang='lat' dir='ltr'><strong>inelfabili</strong></span> <span class='ocrx_word' id='word_1_418' title='bbox 600 1492 702 1519; x_wconf 89' lang='lat' dir='ltr'><strong>unione</strong></span> <span class='ocrx_word' id='word_1_419' title='bbox 715 1490 844 1518; x_wconf 89' lang='lat' dir='ltr'><strong>naturali.</strong></span> 
     </span>
    </p>
   </div>
   <div class='ocr_carea' id='block_1_54' title="bbox 232 1527 990 1576">
    <p class='ocr_par' dir='ltr' id='par_1_54' title="bbox 232 1534 986 1576">
     <span class='ocr_line' id='line_1_54' title="bbox 232 1534 986 1576; baseline -0.008 -9"><span class='ocrx_word' id='word_1_420' title='bbox 232 1541 246 1576; x_wconf 71' lang='grc' dir='ltr'><strong>ς</strong></span> <span class='ocrx_word' id='word_1_421' title='bbox 264 1539 295 1566; x_wconf 89' lang='lat' dir='ltr'><strong>V.</strong></span> <span class='ocrx_word' id='word_1_422' title='bbox 314 1539 361 1566; x_wconf 89' lang='lat' dir='ltr'><strong>Est</strong></span> <span class='ocrx_word' id='word_1_423' title='bbox 379 1540 461 1566; x_wconf 89' lang='lat' dir='ltr'><strong>etiam</strong></span> <span class='ocrx_word' id='word_1_424' title='bbox 476 1538 623 1566; x_wconf 87' lang='lat' dir='ltr'><strong>secundum</strong></span> <span class='ocrx_word' id='word_1_425' title='bbox 641 1537 722 1564; x_wconf 88' lang='lat' dir='ltr'><strong>alam</strong></span> <span class='ocrx_word' id='word_1_426' title='bbox 745 1537 880 1564; x_wconf 89' lang='lat' dir='ltr'><strong>rationem</strong></span> <span class='ocrx_word' id='word_1_427' title='bbox 896 1534 986 1563; x_wconf 91' lang='lat' dir='ltr'><strong>divina</strong></span> 
     </span>
    </p>
   </div>
   <div class='ocr_carea' id='block_1_55' title="bbox 1042 1527 1833 1576">
    <p class='ocr_par' dir='ltr' id='par_1_55' title="bbox 1074 1527 1833 1568">
     <span class='ocr_line' id='line_1_55' title="bbox 1074 1527 1833 1568; baseline -0.008 -10"><span class='ocrx_word' id='word_1_428' title='bbox 1074 1531 1089 1568; x_wconf 61' lang='grc' dir='ltr'>ς</span> <span class='ocrx_word' id='word_1_429' title='bbox 1102 1531 1133 1558; x_wconf 79' lang='grc' dir='ltr'><strong>ν,</strong></span> <span class='ocrx_word' id='word_1_430' title='bbox 1152 1530 1231 1557; x_wconf 84' lang='grc' dir='ltr'><strong>Ἔστι</strong></span> <span class='ocrx_word' id='word_1_431' title='bbox 1245 1530 1293 1556; x_wconf 71' lang='grc' dir='ltr'>καὶ</span> <span class='ocrx_word' id='word_1_432' title='bbox 1307 1529 1368 1556; x_wconf 75' lang='grc' dir='ltr'>κατ’</span> <span class='ocrx_word' id='word_1_433' title='bbox 1384 1528 1462 1555; x_wconf 84' lang='grc' dir='ltr'>ἄλλον</span> <span class='ocrx_word' id='word_1_434' title='bbox 1476 1527 1553 1562; x_wconf 88' lang='grc' dir='ltr'>λόγον</span> <span class='ocrx_word' id='word_1_435' title='bbox 1575 1527 1634 1553; x_wconf 85' lang='grc' dir='ltr'>Θεία</span> <span class='ocrx_word' id='word_1_436' title='bbox 1654 1527 1802 1562; x_wconf 79' lang='grc' dir='ltr'>διάκρισις,</span> <span class='ocrx_word' id='word_1_437' title='bbox 1817 1527 1833 1562; x_wconf 83' lang='grc' dir='ltr'>ἠ</span> 
     </span>
    </p>
   </div>
   <div class='ocr_carea' id='block_1_56' title="bbox 197 1571 990 1620">
    <p class='ocr_par' dir='ltr' id='par_1_56' title="bbox 197 1571 986 1620">
     <span class='ocr_line' id='line_1_56' title="bbox 197 1571 986 1620; baseline -0.008 -7"><span class='ocrx_word' id='word_1_438' title='bbox 197 1571 347 1619; x_wconf 65' lang='lat' dir='ltr'><strong>distinctio,</strong></span> <span class='ocrx_word' id='word_1_439' title='bbox 368 1585 413 1612; x_wconf 90' lang='lat' dir='ltr'><strong>illa</strong></span> <span class='ocrx_word' id='word_1_440' title='bbox 435 1585 482 1612; x_wconf 90' lang='lat' dir='ltr'><strong>Dei</strong></span> <span class='ocrx_word' id='word_1_441' title='bbox 503 1589 616 1620; x_wconf 86' lang='lat' dir='ltr'><strong>propter</strong></span> <span class='ocrx_word' id='word_1_442' title='bbox 635 1582 830 1611; x_wconf 87' lang='lat' dir='ltr'><strong>abundantiam</strong></span> <span class='ocrx_word' id='word_1_443' title='bbox 856 1582 986 1608; x_wconf 89' lang='lat' dir='ltr'><strong>bonitatis</strong></span> 
     </span>
    </p>
   </div>
   <div class='ocr_carea' id='block_1_57' title="bbox 1042 1571 1835 1620">
    <p class='ocr_par' dir='ltr' id='par_1_57' title="bbox 1042 1571 1835 1612">
     <span class='ocr_line' id='line_1_57' title="bbox 1042 1571 1835 1612; baseline -0.01 -7"><span class='ocrx_word' id='word_1_444' title='bbox 1042 1577 1081 1606; x_wconf 68' lang='grc' dir='ltr'><strong>διὰ</strong></span> <span class='ocrx_word' id='word_1_445' title='bbox 1094 1577 1195 1612; x_wconf 81' lang='grc' dir='ltr'>πλῆθος</span> <span class='ocrx_word' id='word_1_446' title='bbox 1208 1575 1376 1610; x_wconf 81' lang='grc' dir='ltr'>ἁγαθὸτητος</span> <span class='ocrx_word' id='word_1_447' title='bbox 1390 1573 1502 1609; x_wconf 79' lang='grc' dir='ltr'>πρόοδος</span> <span class='ocrx_word' id='word_1_448' title='bbox 1521 1572 1569 1599; x_wconf 79' lang='grc' dir='ltr'>τοῦ</span> <span class='ocrx_word' id='word_1_449' title='bbox 1589 1571 1656 1599; x_wconf 76' lang='grc' dir='ltr'>Θεοῦ</span> <span class='ocrx_word' id='word_1_450' title='bbox 1671 1573 1710 1604; x_wconf 78' lang='grc' dir='ltr'>εἰς</span> <span class='ocrx_word' id='word_1_451' title='bbox 1722 1573 1772 1608; x_wconf 81' lang='grc' dir='ltr'><strong>τὴν</strong></span> <span class='ocrx_word' id='word_1_452' title='bbox 1788 1580 1835 1598; x_wconf 83' lang='grc' dir='ltr'><strong>πο-</strong></span> 
     </span>
    </p>
   </div>
   <div class='ocr_carea' id='block_1_58' title="bbox 197 1617 990 1665">
    <p class='ocr_par' dir='ltr' id='par_1_58' title="bbox 197 1627 988 1665">
     <span class='ocr_line' id='line_1_58' title="bbox 197 1627 988 1665; baseline -0.008 -5"><span class='ocrx_word' id='word_1_453' title='bbox 197 1632 333 1660; x_wconf 84' lang='lat' dir='ltr'><strong>ctuanatio</strong></span> <span class='ocrx_word' id='word_1_454' title='bbox 349 1631 382 1658; x_wconf 88' lang='lat' dir='ltr'><strong>ad</strong></span> <span class='ocrx_word' id='word_1_455' title='bbox 397 1631 560 1665; x_wconf 82' lang='lat' dir='ltr'><strong>multiplices</strong></span> <span class='ocrx_word' id='word_1_456' title='bbox 575 1635 631 1657; x_wconf 83' lang='lat' dir='ltr'><strong>tant</strong></span> <span class='ocrx_word' id='word_1_457' title='bbox 661 1629 808 1657; x_wconf 88' lang='lat' dir='ltr'><strong>invtsibilis</strong></span> <span class='ocrx_word' id='word_1_458' title='bbox 823 1636 904 1662; x_wconf 90' lang='lat' dir='ltr'><strong>quam</strong></span> <span class='ocrx_word' id='word_1_459' title='bbox 923 1627 988 1654; x_wconf 86' lang='lat' dir='ltr'><strong>visi-</strong></span> 
     </span>
    </p>
   </div>
   <div class='ocr_carea' id='block_1_59' title="bbox 1042 1617 1832 1665">
    <p class='ocr_par' dir='ltr' id='par_1_59' title="bbox 1042 1617 1832 1658">
     <span class='ocr_line' id='line_1_59' title="bbox 1042 1617 1832 1658; baseline -0.009 -7"><span class='ocrx_word' id='word_1_460' title='bbox 1042 1624 1155 1651; x_wconf 76' lang='grc' dir='ltr'>λυειδίαν</span> <span class='ocrx_word' id='word_1_461' title='bbox 1175 1623 1225 1658; x_wconf 84' lang='grc' dir='ltr'>τῆς</span> <span class='ocrx_word' id='word_1_462' title='bbox 1250 1621 1430 1656; x_wconf 73' lang='grc' dir='ltr'><strong>δημιουργίας</strong></span> <span class='ocrx_word' id='word_1_463' title='bbox 1448 1619 1498 1654; x_wconf 80' lang='grc' dir='ltr'>τῆς</span> <span class='ocrx_word' id='word_1_464' title='bbox 1518 1619 1634 1654; x_wconf 77' lang='grc' dir='ltr'>ἀοράτου</span> <span class='ocrx_word' id='word_1_465' title='bbox 1654 1619 1701 1645; x_wconf 81' lang='grc' dir='ltr'><strong>καὶ</strong></span> <span class='ocrx_word' id='word_1_466' title='bbox 1722 1617 1832 1653; x_wconf 77' lang='grc' dir='ltr'>ὁρατῆς.</span> 
     </span>
    </p>
   </div>
   <div class='ocr_carea' id='block_1_60' title="bbox 198 1664 990 1710">
    <p class='ocr_par' dir='ltr' id='par_1_60' title="bbox 198 1672 987 1710">
     <span class='ocr_line' id='line_1_60' title="bbox 198 1672 987 1710; baseline -0.009 -5"><span class='ocrx_word' id='word_1_467' title='bbox 198 1678 260 1706; x_wconf 87' lang='lat' dir='ltr'><strong>bilis</strong></span> <span class='ocrx_word' id='word_1_468' title='bbox 275 1682 409 1705; x_wconf 72' lang='lat' dir='ltr'><strong>creatum</strong></span> <span class='ocrx_word' id='word_1_469' title='bbox 425 1676 539 1704; x_wconf 85' lang='lat' dir='ltr'><strong>formas.</strong></span> <span class='ocrx_word' id='word_1_470' title='bbox 556 1675 642 1703; x_wconf 87' lang='lat' dir='ltr'><strong>Porro</strong></span> <span class='ocrx_word' id='word_1_471' title='bbox 666 1673 845 1710; x_wconf 75' lang='lat' dir='ltr'><strong>providentia:</strong></span> <span class='ocrx_word' id='word_1_472' title='bbox 866 1672 987 1707; x_wconf 79' lang='lat' dir='ltr'><strong>benigni-</strong></span> 
     </span>
    </p>
   </div>
   <div class='ocr_carea' id='block_1_61' title="bbox 1042 1664 1835 1710">
    <p class='ocr_par' dir='ltr' id='par_1_61' title="bbox 1042 1664 1835 1702">
     <span class='ocr_line' id='line_1_61' title="bbox 1042 1664 1835 1702; baseline -0.011 -4"><span class='ocrx_word' id='word_1_473' title='bbox 1042 1670 1136 1698; x_wconf 76' lang='grc' dir='ltr'>Κοιναὶ</span> <span class='ocrx_word' id='word_1_474' title='bbox 1149 1669 1177 1696; x_wconf 84' lang='grc' dir='ltr'><strong>δέ</strong></span> <span class='ocrx_word' id='word_1_475' title='bbox 1191 1669 1244 1695; x_wconf 80' lang='grc' dir='ltr'>εισι</span> <span class='ocrx_word' id='word_1_476' title='bbox 1264 1667 1314 1702; x_wconf 77' lang='grc' dir='ltr'>τῆς</span> <span class='ocrx_word' id='word_1_477' title='bbox 1326 1666 1541 1702; x_wconf 80' lang='grc' dir='ltr'>τρισυποστὰτου</span> <span class='ocrx_word' id='word_1_478' title='bbox 1562 1665 1653 1696; x_wconf 81' lang='grc' dir='ltr'>ὲνάδος</span> <span class='ocrx_word' id='word_1_479' title='bbox 1668 1665 1696 1690; x_wconf 90' lang='grc' dir='ltr'>αἱ</span> <span class='ocrx_word' id='word_1_480' title='bbox 1707 1664 1835 1699; x_wconf 83' lang='grc' dir='ltr'>δημιουρ-</span> 
     </span>
    </p>
   </div>
   <div class='ocr_carea' id='block_1_62' title="bbox 200 1707 990 1758">
    <p class='ocr_par' dir='ltr' id='par_1_62' title="bbox 200 1721 988 1758">
     <span class='ocr_line' id='line_1_62' title="bbox 200 1721 988 1758; baseline -0.008 -7"><span class='ocrx_word' id='word_1_481' title='bbox 200 1729 324 1758; x_wconf 78' lang='lat' dir='ltr'><strong>talesque</strong></span> <span class='ocrx_word' id='word_1_482' title='bbox 341 1723 502 1754; x_wconf 83' lang='lat' dir='ltr'><strong>creatiouis,</strong></span> <span class='ocrx_word' id='word_1_483' title='bbox 519 1722 597 1751; x_wconf 81' lang='lat' dir='ltr'><strong>trime</strong></span> <span class='ocrx_word' id='word_1_484' title='bbox 618 1721 715 1748; x_wconf 89' lang='lat' dir='ltr'><strong>unitati</strong></span> <span class='ocrx_word' id='word_1_485' title='bbox 736 1725 800 1748; x_wconf 87' lang='lat' dir='ltr'><strong>sunt</strong></span> <span class='ocrx_word' id='word_1_486' title='bbox 820 1726 988 1747; x_wconf 84' lang='lat' dir='ltr'><strong>communes.</strong></span> 
     </span>
    </p>
   </div>
   <div class='ocr_carea' id='block_1_63' title="bbox 1042 1707 1834 1758">
    <p class='ocr_par' dir='ltr' id='par_1_63' title="bbox 1042 1707 1834 1751">
     <span class='ocr_line' id='line_1_63' title="bbox 1042 1707 1834 1751; baseline -0.013 -9"><span class='ocrx_word' id='word_1_487' title='bbox 1042 1716 1118 1751; x_wconf 78' lang='grc' dir='ltr'>γικαὶ</span> <span class='ocrx_word' id='word_1_488' title='bbox 1130 1713 1254 1750; x_wconf 85' lang='grc' dir='ltr'>πρόνοιαί</span> <span class='ocrx_word' id='word_1_489' title='bbox 1270 1721 1301 1739; x_wconf 89' lang='grc' dir='ltr'><strong>τε</strong></span> <span class='ocrx_word' id='word_1_490' title='bbox 1316 1712 1363 1739; x_wconf 76' lang='grc' dir='ltr'><strong>καὶ</strong></span> <span class='ocrx_word' id='word_1_491' title='bbox 1377 1710 1552 1745; x_wconf 81' lang='grc' dir='ltr'>ἁγαθότητες.</span> <span class='ocrx_word' id='word_1_492' title='bbox 1575 1709 1620 1745; x_wconf 82' lang='grc' dir='ltr'><strong>Μὴ</strong></span> <span class='ocrx_word' id='word_1_493' title='bbox 1634 1708 1698 1743; x_wconf 82' lang='grc' dir='ltr'>γοῦν</span> <span class='ocrx_word' id='word_1_494' title='bbox 1716 1707 1834 1742; x_wconf 76' lang='grc' dir='ltr'><strong>ἀκούσῃς</strong></span> 
     </span>
    </p>
   </div>
   <div class='ocr_carea' id='block_1_64' title="bbox 200 1766 990 1805">
    <p class='ocr_par' dir='ltr' id='par_1_64' title="bbox 200 1766 990 1805">
     <span class='ocr_line' id='line_1_64' title="bbox 200 1766 990 1805; baseline -0.008 -8"><span class='ocrx_word' id='word_1_495' title='bbox 200 1769 239 1797; x_wconf 69' lang='lat' dir='ltr'><strong>Ne</strong></span> <span class='ocrx_word' id='word_1_496' title='bbox 251 1771 354 1805; x_wconf 88' lang='lat' dir='ltr'><strong>itaque,</strong></span> <span class='ocrx_word' id='word_1_497' title='bbox 367 1778 427 1797; x_wconf 88' lang='lat' dir='ltr'><strong>cum</strong></span> <span class='ocrx_word' id='word_1_498' title='bbox 439 1770 533 1797; x_wconf 86' lang='lat' dir='ltr'><strong>audies</strong></span> <span class='ocrx_word' id='word_1_499' title='bbox 545 1768 761 1799; x_wconf 88' lang='lat' dir='ltr'><strong>distinctionem,</strong></span> <span class='ocrx_word' id='word_1_500' title='bbox 776 1766 990 1797; x_wconf 76' lang='lat' dir='ltr'><strong>existimaveris,</strong></span> 
     </span>
    </p>
   </div>
   <div class='ocr_carea' id='block_1_65' title="bbox 201 1813 992 1851">
    <p class='ocr_par' dir='ltr' id='par_1_65' title="bbox 201 1813 992 1851">
     <span class='ocr_line' id='line_1_65' title="bbox 201 1813 992 1851; baseline -0.006 -8"><span class='ocrx_word' id='word_1_501' title='bbox 201 1817 247 1843; x_wconf 78' lang='lat' dir='ltr'><strong>uni</strong></span> <span class='ocrx_word' id='word_1_502' title='bbox 275 1823 383 1851; x_wconf 88' lang='lat' dir='ltr'><strong>quoque</strong></span> <span class='ocrx_word' id='word_1_503' title='bbox 416 1815 547 1842; x_wconf 60' lang='lat' dir='ltr'><strong>Personal.</strong></span> <span class='ocrx_word' id='word_1_504' title='bbox 577 1815 658 1842; x_wconf 90' lang='lat' dir='ltr'><strong>alicui</strong></span> <span class='ocrx_word' id='word_1_505' title='bbox 693 1813 807 1841; x_wconf 85' lang='lat' dir='ltr'><strong>seorsim</strong></span> <span class='ocrx_word' id='word_1_506' title='bbox 835 1817 992 1847; x_wconf 84' lang='lat' dir='ltr'><strong>competere</strong></span> 
     </span>
    </p>
   </div>
   <div class='ocr_carea' id='block_1_66' title="bbox 202 1858 991 1895">
    <p class='ocr_par' dir='ltr' id='par_1_66' title="bbox 202 1858 991 1895">
     <span class='ocr_line' id='line_1_66' title="bbox 202 1858 991 1895; baseline -0.006 -7"><span class='ocrx_word' id='word_1_507' title='bbox 202 1862 369 1888; x_wconf 85' lang='lat' dir='ltr'><strong>creationem</strong></span> <span class='ocrx_word' id='word_1_508' title='bbox 394 1861 638 1895; x_wconf 86' lang='lat' dir='ltr'><strong>providentiamve,</strong></span> <span class='ocrx_word' id='word_1_509' title='bbox 659 1859 708 1887; x_wconf 89' lang='lat' dir='ltr'><strong>sed</strong></span> <span class='ocrx_word' id='word_1_510' title='bbox 737 1858 922 1886; x_wconf 86' lang='lat' dir='ltr'><strong>distinctiones</strong></span> <span class='ocrx_word' id='word_1_511' title='bbox 944 1864 991 1891; x_wconf 94' lang='lat' dir='ltr'><strong>ap-</strong></span> 
     </span>
    </p>
   </div>
   <div class='ocr_carea' id='block_1_67' title="bbox 202 1903 992 1942">
    <p class='ocr_par' dir='ltr' id='par_1_67' title="bbox 202 1903 992 1942">
     <span class='ocr_line' id='line_1_67' title="bbox 202 1903 992 1942; baseline -0.006 -8"><span class='ocrx_word' id='word_1_512' title='bbox 202 1907 314 1942; x_wconf 86' lang='lat' dir='ltr'><strong>pellavit</strong></span> <span class='ocrx_word' id='word_1_513' title='bbox 339 1907 529 1934; x_wconf 82' lang='lat' dir='ltr'><strong>emanationes</strong></span> <span class='ocrx_word' id='word_1_514' title='bbox 562 1905 709 1933; x_wconf 88' lang='lat' dir='ltr'><strong>creationis</strong></span> <span class='ocrx_word' id='word_1_515' title='bbox 736 1911 769 1931; x_wconf 89' lang='lat' dir='ltr'><strong>ac</strong></span> <span class='ocrx_word' id='word_1_516' title='bbox 801 1903 992 1938; x_wconf 66' lang='lat' dir='ltr'><strong>providentiae,</strong></span> 
     </span>
    </p>
   </div>
   <div class='ocr_carea' id='block_1_68' title="bbox 204 1948 993 1988">
    <p class='ocr_par' dir='ltr' id='par_1_68' title="bbox 204 1948 993 1988">
     <span class='ocr_line' id='line_1_68' title="bbox 204 1948 993 1988; baseline -0.006 -9"><span class='ocrx_word' id='word_1_517' title='bbox 204 1958 333 1988; x_wconf 81' lang='lat' dir='ltr'><strong>tauquam</strong></span> <span class='ocrx_word' id='word_1_518' title='bbox 348 1952 498 1980; x_wconf 84' lang='lat' dir='ltr'><strong>ell‘usiones</strong></span> <span class='ocrx_word' id='word_1_519' title='bbox 516 1951 646 1980; x_wconf 86' lang='lat' dir='ltr'><strong>bonitatis</strong></span> <span class='ocrx_word' id='word_1_520' title='bbox 660 1958 675 1978; x_wconf 91' lang='lat' dir='ltr'><strong>a</strong></span> <span class='ocrx_word' id='word_1_521' title='bbox 702 1951 779 1977; x_wconf 88' lang='lat' dir='ltr'><strong>beata</strong></span> <span class='ocrx_word' id='word_1_522' title='bbox 804 1954 832 1976; x_wconf 87' lang='lat' dir='ltr'><strong>et</strong></span> <span class='ocrx_word' id='word_1_523' title='bbox 852 1948 993 1976; x_wconf 88' lang='lat' dir='ltr'><strong>inconfttsa</strong></span> 
     </span>
    </p>
   </div>
   <div class='ocr_carea' id='block_1_69' title="bbox 204 1995 993 2032">
    <p class='ocr_par' dir='ltr' id='par_1_69' title="bbox 204 1995 993 2032">
     <span class='ocr_line' id='line_1_69' title="bbox 204 1995 993 2032; baseline -0.008 -5"><span class='ocrx_word' id='word_1_524' title='bbox 204 2000 340 2028; x_wconf 87' lang='lat' dir='ltr'><strong>Trinitate</strong></span> <span class='ocrx_word' id='word_1_525' title='bbox 355 1999 512 2029; x_wconf 84' lang='lat' dir='ltr'><strong>distinctas.</strong></span> <span class='ocrx_word' id='word_1_526' title='bbox 527 1998 675 2026; x_wconf 87' lang='lat' dir='ltr'><strong>secundum</strong></span> <span class='ocrx_word' id='word_1_527' title='bbox 688 2004 757 2032; x_wconf 87' lang='lat' dir='ltr'><strong>quas</strong></span> <span class='ocrx_word' id='word_1_528' title='bbox 776 2004 790 2023; x_wconf 89' lang='lat' dir='ltr'><strong>a</strong></span> <span class='ocrx_word' id='word_1_529' title='bbox 812 1995 993 2030; x_wconf 89' lang='lat' dir='ltr'><strong>participatis,</strong></span> 
     </span>
    </p>
   </div>
   <div class='ocr_carea' id='block_1_70' title="bbox 205 2040 994 2079">
    <p class='ocr_par' dir='ltr' id='par_1_70' title="bbox 205 2040 994 2079">
     <span class='ocr_line' id='line_1_70' title="bbox 205 2040 994 2079; baseline -0.009 -7"><span class='ocrx_word' id='word_1_530' title='bbox 205 2045 312 2073; x_wconf 78' lang='lat' dir='ltr'><strong>scilicet</strong></span> <span class='ocrx_word' id='word_1_531' title='bbox 326 2044 417 2078; x_wconf 89' lang='lat' dir='ltr'><strong>donis,</strong></span> <span class='ocrx_word' id='word_1_532' title='bbox 434 2048 461 2072; x_wconf 86' lang='lat' dir='ltr'><strong>et</strong></span> <span class='ocrx_word' id='word_1_533' title='bbox 481 2043 723 2079; x_wconf 82' lang='lat' dir='ltr'><strong>participantibus,</strong></span> <span class='ocrx_word' id='word_1_534' title='bbox 750 2041 855 2069; x_wconf 86' lang='lat' dir='ltr'><strong>scilicet</strong></span> <span class='ocrx_word' id='word_1_535' title='bbox 880 2040 994 2072; x_wconf 81' lang='lat' dir='ltr'><strong>etIectis,</strong></span> 
     </span>
    </p>
   </div>
   <div class='ocr_carea' id='block_1_71' title="bbox 205 2086 996 2128">
    <p class='ocr_par' dir='ltr' id='par_1_71' title="bbox 205 2086 996 2128">
     <span class='ocr_line' id='line_1_71' title="bbox 205 2086 996 2128; baseline -0.013 -7"><span class='ocrx_word' id='word_1_536' title='bbox 205 2094 352 2120; x_wconf 88' lang='lat' dir='ltr'><strong>laudantur</strong></span> <span class='ocrx_word' id='word_1_537' title='bbox 366 2101 397 2120; x_wconf 88' lang='lat' dir='ltr'><strong>ea</strong></span> <span class='ocrx_word' id='word_1_538' title='bbox 417 2101 478 2128; x_wconf 73' lang='lat' dir='ltr'><strong>qua:</strong></span> <span class='ocrx_word' id='word_1_539' title='bbox 500 2091 700 2125; x_wconf 86' lang='lat' dir='ltr'><strong>imparticipate</strong></span> <span class='ocrx_word' id='word_1_540' title='bbox 713 2088 922 2124; x_wconf 84' lang='lat' dir='ltr'><strong>participantur.</strong></span> <span class='ocrx_word' id='word_1_541' title='bbox 943 2086 996 2112; x_wconf 92' lang='lat' dir='ltr'><strong>lm-</strong></span> 
     </span>
    </p>
   </div>
   <div class='ocr_carea' id='block_1_72' title="bbox 206 2133 997 2175">
    <p class='ocr_par' dir='ltr' id='par_1_72' title="bbox 206 2133 997 2175">
     <span class='ocr_line' id='line_1_72' title="bbox 206 2133 997 2175; baseline -0.01 -8"><span class='ocrx_word' id='word_1_542' title='bbox 206 2141 369 2175; x_wconf 89' lang='lat' dir='ltr'><strong>participate</strong></span> <span class='ocrx_word' id='word_1_543' title='bbox 388 2145 478 2166; x_wconf 89' lang='lat' dir='ltr'><strong>autem</strong></span> <span class='ocrx_word' id='word_1_544' title='bbox 496 2138 675 2173; x_wconf 86' lang='lat' dir='ltr'><strong>participatur</strong></span> <span class='ocrx_word' id='word_1_545' title='bbox 690 2137 771 2166; x_wconf 83' lang='lat' dir='ltr'><strong>Deus,</strong></span> <span class='ocrx_word' id='word_1_546' title='bbox 786 2133 867 2169; x_wconf 82' lang='lat'><strong>335</strong></span> <span class='ocrx_word' id='word_1_547' title='bbox 885 2133 931 2168; x_wconf 93' lang='lat' dir='ltr'><strong>qui</strong></span> <span class='ocrx_word' id='word_1_548' title='bbox 951 2141 997 2160; x_wconf 88' lang='lat' dir='ltr'><strong>na-</strong></span> 
     </span>
    </p>
   </div>
   <div class='ocr_carea' id='block_1_73' title="bbox 208 2179 998 2214">
    <p class='ocr_par' dir='ltr' id='par_1_73' title="bbox 208 2179 998 2214">
     <span class='ocr_line' id='line_1_73' title="bbox 208 2179 998 2214; baseline -0.01 -1"><span class='ocrx_word' id='word_1_549' title='bbox 208 2191 268 2212; x_wconf 84' lang='lat' dir='ltr'><strong>tura</strong></span> <span class='ocrx_word' id='word_1_550' title='bbox 282 2193 329 2212; x_wconf 91' lang='lat' dir='ltr'><strong>sua</strong></span> <span class='ocrx_word' id='word_1_551' title='bbox 345 2185 371 2212; x_wconf 92' lang='lat' dir='ltr'><strong>iu</strong></span> <span class='ocrx_word' id='word_1_552' title='bbox 385 2185 473 2212; x_wconf 88' lang='lat' dir='ltr'><strong>tribus</strong></span> <span class='ocrx_word' id='word_1_553' title='bbox 488 2184 613 2210; x_wconf 84' lang='lat' dir='ltr'><strong>subsistit</strong></span> <span class='ocrx_word' id='word_1_554' title='bbox 635 2181 780 2212; x_wconf 79' lang='lat' dir='ltr'><strong>Personis;</strong></span> <span class='ocrx_word' id='word_1_555' title='bbox 795 2181 928 2214; x_wconf 86' lang='lat' dir='ltr'><strong>siquidem</strong></span> <span class='ocrx_word' id='word_1_556' title='bbox 946 2179 998 2206; x_wconf 86' lang='lat' dir='ltr'><strong>hoc</strong></span> 
     </span>
    </p>
   </div>
   <div class='ocr_carea' id='block_1_74' title="bbox 1040 1751 1835 1796">
    <p class='ocr_par' dir='ltr' id='par_1_74' title="bbox 1040 1751 1835 1796">
     <span class='ocr_line' id='line_1_74' title="bbox 1040 1751 1835 1796; baseline -0.016 -7"><span class='ocrx_word' id='word_1_557' title='bbox 1040 1762 1185 1796; x_wconf 85' lang='grc' dir='ltr'><strong>διάκρισιν,</strong></span> <span class='ocrx_word' id='word_1_558' title='bbox 1202 1761 1247 1787; x_wconf 75' lang='grc' dir='ltr'><strong>καὶ</strong></span> <span class='ocrx_word' id='word_1_559' title='bbox 1264 1758 1388 1793; x_wconf 80' lang='grc' dir='ltr'><strong>νομίσῃς,</strong></span> <span class='ocrx_word' id='word_1_560' title='bbox 1402 1757 1442 1783; x_wconf 81' lang='grc' dir='ltr'><strong>ὅτι</strong></span> <span class='ocrx_word' id='word_1_561' title='bbox 1453 1755 1667 1790; x_wconf 76' lang='grc' dir='ltr'><strong>διακεκριμένως</strong></span> <span class='ocrx_word' id='word_1_562' title='bbox 1688 1753 1736 1788; x_wconf 81' lang='grc' dir='ltr'>μία</span> <span class='ocrx_word' id='word_1_563' title='bbox 1756 1751 1835 1777; x_wconf 77' lang='grc' dir='ltr'><strong>Ὑπό-</strong></span> 
     </span>
    </p>
   </div>
   <div class='ocr_carea' id='block_1_75' title="bbox 1043 1797 1834 1841">
    <p class='ocr_par' dir='ltr' id='par_1_75' title="bbox 1043 1797 1834 1841">
     <span class='ocr_line' id='line_1_75' title="bbox 1043 1797 1834 1841; baseline -0.014 -7"><span class='ocrx_word' id='word_1_564' title='bbox 1043 1815 1138 1838; x_wconf 85' lang='grc' dir='ltr'>στασις</span> <span class='ocrx_word' id='word_1_565' title='bbox 1163 1806 1219 1841; x_wconf 72' lang='grc' dir='ltr'>ἔχει</span> <span class='ocrx_word' id='word_1_566' title='bbox 1241 1803 1289 1840; x_wconf 87' lang='grc' dir='ltr'>τὴν</span> <span class='ocrx_word' id='word_1_567' title='bbox 1308 1801 1487 1838; x_wconf 80' lang='grc' dir='ltr'><strong>δημιουργίαν</strong></span> <span class='ocrx_word' id='word_1_568' title='bbox 1508 1800 1525 1836; x_wconf 84' lang='grc' dir='ltr'><strong>ἢ</strong></span> <span class='ocrx_word' id='word_1_569' title='bbox 1546 1800 1594 1835; x_wconf 81' lang='grc' dir='ltr'><strong>τὴν</strong></span> <span class='ocrx_word' id='word_1_570' title='bbox 1616 1799 1752 1834; x_wconf 82' lang='grc' dir='ltr'>πρόνοιαν·</span> <span class='ocrx_word' id='word_1_571' title='bbox 1768 1797 1834 1824; x_wconf 80' lang='grc' dir='ltr'>ἀλλὰ</span> 
     </span>
    </p>
   </div>
   <div class='ocr_carea' id='block_1_76' title="bbox 1043 1845 1835 1888">
    <p class='ocr_par' dir='ltr' id='par_1_76' title="bbox 1043 1845 1835 1888">
     <span class='ocr_line' id='line_1_76' title="bbox 1043 1845 1835 1888; baseline -0.014 -8"><span class='ocrx_word' id='word_1_572' title='bbox 1043 1852 1192 1888; x_wconf 80' lang='grc' dir='ltr'>διακρίσεις</span> <span class='ocrx_word' id='word_1_573' title='bbox 1205 1848 1281 1877; x_wconf 85' lang='grc' dir='ltr'>εἷπον</span> <span class='ocrx_word' id='word_1_574' title='bbox 1291 1849 1341 1881; x_wconf 83' lang='grc' dir='ltr'>τὰς</span> <span class='ocrx_word' id='word_1_575' title='bbox 1354 1848 1482 1884; x_wconf 78' lang='grc' dir='ltr'>προόδους</span> <span class='ocrx_word' id='word_1_576' title='bbox 1490 1847 1539 1881; x_wconf 78' lang='grc' dir='ltr'>τῆς</span> <span class='ocrx_word' id='word_1_577' title='bbox 1546 1845 1723 1881; x_wconf 82' lang='grc' dir='ltr'>δημιουργίας</span> <span class='ocrx_word' id='word_1_578' title='bbox 1735 1845 1835 1880; x_wconf 74' lang='grc' dir='ltr'>καὶτῆς</span> 
     </span>
    </p>
   </div>
   <div class='ocr_carea' id='block_1_77' title="bbox 1044 1889 1836 1934">
    <p class='ocr_par' dir='ltr' id='par_1_77' title="bbox 1044 1889 1836 1934">
     <span class='ocr_line' id='line_1_77' title="bbox 1044 1889 1836 1934; baseline -0.014 -9"><span class='ocrx_word' id='word_1_579' title='bbox 1044 1898 1182 1934; x_wconf 75' lang='grc' dir='ltr'>προνοίας,</span> <span class='ocrx_word' id='word_1_580' title='bbox 1197 1896 1235 1927; x_wconf 85' lang='grc' dir='ltr'>ὥς</span> <span class='ocrx_word' id='word_1_581' title='bbox 1247 1903 1322 1926; x_wconf 84' lang='grc' dir='ltr'>τινας</span> <span class='ocrx_word' id='word_1_582' title='bbox 1335 1894 1427 1929; x_wconf 80' lang='grc' dir='ltr'>χύσεις</span> <span class='ocrx_word' id='word_1_583' title='bbox 1447 1892 1613 1926; x_wconf 83' lang='grc' dir='ltr'>ἁγαθότητος</span> <span class='ocrx_word' id='word_1_584' title='bbox 1626 1889 1836 1924; x_wconf 80' lang='grc' dir='ltr'>διακεκριμένας</span> 
     </span>
    </p>
   </div>
   <div class='ocr_carea' id='block_1_78' title="bbox 1045 1935 1837 1978">
    <p class='ocr_par' dir='ltr' id='par_1_78' title="bbox 1045 1935 1837 1978">
     <span class='ocr_line' id='line_1_78' title="bbox 1045 1935 1837 1978; baseline -0.014 -7"><span class='ocrx_word' id='word_1_585' title='bbox 1045 1944 1099 1971; x_wconf 81' lang='grc' dir='ltr'>ἀπὸ</span> <span class='ocrx_word' id='word_1_586' title='bbox 1109 1943 1159 1977; x_wconf 80' lang='grc' dir='ltr'>τῆς</span> <span class='ocrx_word' id='word_1_587' title='bbox 1174 1941 1310 1978; x_wconf 80' lang='grc' dir='ltr'>μακαρίας</span> <span class='ocrx_word' id='word_1_588' title='bbox 1324 1940 1370 1966; x_wconf 71' lang='grc' dir='ltr'><strong>καὶ</strong></span> <span class='ocrx_word' id='word_1_589' title='bbox 1382 1938 1534 1973; x_wconf 80' lang='grc' dir='ltr'>ἀσυγχύτου</span> <span class='ocrx_word' id='word_1_590' title='bbox 1550 1937 1571 1962; x_wconf 94' lang='grc' dir='ltr'>Τ</span> <span class='ocrx_word' id='word_1_591' title='bbox 1575 1936 1673 1972; x_wconf 77' lang='grc' dir='ltr'>ριάδος,</span> <span class='ocrx_word' id='word_1_592' title='bbox 1689 1935 1747 1962; x_wconf 84' lang='grc' dir='ltr'>καθ’</span> <span class='ocrx_word' id='word_1_593' title='bbox 1761 1935 1792 1966; x_wconf 78' lang='grc' dir='ltr'><strong>ἂς</strong></span> <span class='ocrx_word' id='word_1_594' title='bbox 1806 1936 1837 1961; x_wconf 75' lang='grc' dir='ltr'>ἐκ</span> 
     </span>
    </p>
   </div>
   <div class='ocr_carea' id='block_1_79' title="bbox 1045 1979 1855 2024">
    <p class='ocr_par' dir='ltr' id='par_1_79' title="bbox 1045 1979 1855 2024">
     <span class='ocr_line' id='line_1_79' title="bbox 1045 1979 1855 2024; baseline -0.014 -9"><span class='ocrx_word' id='word_1_595' title='bbox 1045 1990 1099 2016; x_wconf 83' lang='grc' dir='ltr'><strong>τῶν</strong></span> <span class='ocrx_word' id='word_1_596' title='bbox 1112 1987 1243 2024; x_wconf 80' lang='grc' dir='ltr'><strong>μετοχῶν,</strong></span> <span class='ocrx_word' id='word_1_597' title='bbox 1252 1985 1372 2020; x_wconf 81' lang='grc' dir='ltr'>δηλονότι</span> <span class='ocrx_word' id='word_1_598' title='bbox 1385 1984 1439 2010; x_wconf 81' lang='grc' dir='ltr'><strong>τῶν</strong></span> <span class='ocrx_word' id='word_1_599' title='bbox 1453 1981 1572 2018; x_wconf 78' lang='grc' dir='ltr'>δωρεῶν,</span> <span class='ocrx_word' id='word_1_600' title='bbox 1586 1982 1633 2007; x_wconf 69' lang='grc' dir='ltr'><strong>καὶ</strong></span> <span class='ocrx_word' id='word_1_601' title='bbox 1644 1979 1697 2006; x_wconf 84' lang='grc' dir='ltr'><strong>τῶν</strong></span> <span class='ocrx_word' id='word_1_602' title='bbox 1713 1979 1837 2015; x_wconf 80' lang='grc' dir='ltr'>μετεχόν-</span> <span class='ocrx_word' id='word_1_603' title='bbox 1851 1980 1855 1982; x_wconf 74' lang='grc'><strong>’</strong></span> 
     </span>
    </p>
   </div>
   <div class='ocr_carea' id='block_1_80' title="bbox 1046 2025 1836 2066">
    <p class='ocr_par' dir='ltr' id='par_1_80' title="bbox 1046 2025 1836 2066">
     <span class='ocr_line' id='line_1_80' title="bbox 1046 2025 1836 2066; baseline -0.015 -4"><span class='ocrx_word' id='word_1_604' title='bbox 1046 2044 1111 2066; x_wconf 82' lang='grc' dir='ltr'>των,</span> <span class='ocrx_word' id='word_1_605' title='bbox 1126 2033 1179 2060; x_wconf 81' lang='grc' dir='ltr'><strong>τῶν</strong></span> <span class='ocrx_word' id='word_1_606' title='bbox 1194 2032 1321 2059; x_wconf 84' lang='grc' dir='ltr'>αἰτιατῶν</span> <span class='ocrx_word' id='word_1_607' title='bbox 1334 2030 1471 2066; x_wconf 72' lang='grc' dir='ltr'>δηλονότι,</span> <span class='ocrx_word' id='word_1_608' title='bbox 1488 2029 1612 2063; x_wconf 87' lang='grc' dir='ltr'><strong>ὑμνεῖται</strong></span> <span class='ocrx_word' id='word_1_609' title='bbox 1633 2026 1666 2052; x_wconf 74' lang='grc' dir='ltr'>τὰ</span> <span class='ocrx_word' id='word_1_610' title='bbox 1681 2025 1836 2060; x_wconf 78' lang='grc' dir='ltr'>ἁμεϐἐκτως</span> 
     </span>
    </p>
   </div>
   <div class='ocr_carea' id='block_1_81' title="bbox 1050 2072 1838 2118">
    <p class='ocr_par' dir='ltr' id='par_1_81' title="bbox 1050 2072 1838 2118">
     <span class='ocr_line' id='line_1_81' title="bbox 1050 2072 1838 2118; baseline -0.016 -10"><span class='ocrx_word' id='word_1_611' title='bbox 1050 2081 1226 2118; x_wconf 76' lang='grc' dir='ltr'>μετεχόμενα.</span> <span class='ocrx_word' id='word_1_612' title='bbox 1240 2077 1426 2113; x_wconf 82' lang='grc' dir='ltr'>Μετεχόμενον</span> <span class='ocrx_word' id='word_1_613' title='bbox 1439 2076 1467 2101; x_wconf 80' lang='grc' dir='ltr'><strong>δέ</strong></span> <span class='ocrx_word' id='word_1_614' title='bbox 1481 2076 1553 2100; x_wconf 66' lang='grc' dir='ltr'>ἐστιν</span> <span class='ocrx_word' id='word_1_615' title='bbox 1564 2072 1722 2108; x_wconf 78' lang='grc' dir='ltr'>ἀμεθέκτως</span> <span class='ocrx_word' id='word_1_616' title='bbox 1734 2072 1750 2106; x_wconf 83' lang='grc' dir='ltr'>ἡ</span> <span class='ocrx_word' id='word_1_617' title='bbox 1763 2079 1838 2105; x_wconf 87' lang='grc' dir='ltr'>τρισ-</span> 
     </span>
    </p>
   </div>
   <div class='ocr_carea' id='block_1_82' title="bbox 1047 2117 1836 2160">
    <p class='ocr_par' dir='ltr' id='par_1_82' title="bbox 1047 2117 1836 2160">
     <span class='ocr_line' id='line_1_82' title="bbox 1047 2117 1836 2160; baseline -0.016 -5"><span class='ocrx_word' id='word_1_618' title='bbox 1047 2128 1198 2158; x_wconf 79' lang='grc' dir='ltr'>υπόστατος</span> <span class='ocrx_word' id='word_1_619' title='bbox 1219 2125 1299 2160; x_wconf 84' lang='grc' dir='ltr'><strong>φύσις</strong></span> <span class='ocrx_word' id='word_1_620' title='bbox 1318 2125 1333 2150; x_wconf 80' lang='grc' dir='ltr'>ὁ</span> <span class='ocrx_word' id='word_1_621' title='bbox 1354 2122 1419 2154; x_wconf 73' lang='grc' dir='ltr'>Θεὸς</span> <span class='ocrx_word' id='word_1_622' title='bbox 1431 2142 1438 2154; x_wconf 94' lang='grc'><strong>,</strong></span> <span class='ocrx_word' id='word_1_623' title='bbox 1459 2121 1505 2148; x_wconf 76' lang='grc' dir='ltr'><strong>καὶ</strong></span> <span class='ocrx_word' id='word_1_624' title='bbox 1524 2120 1603 2146; x_wconf 83' lang='grc' dir='ltr'>τοῦτο</span> <span class='ocrx_word' id='word_1_625' title='bbox 1623 2119 1678 2153; x_wconf 79' lang='grc' dir='ltr'><strong>γὰρ</strong></span> <span class='ocrx_word' id='word_1_626' title='bbox 1702 2117 1791 2144; x_wconf 87' lang='grc' dir='ltr'>κοινὸν</span> <span class='ocrx_word' id='word_1_627' title='bbox 1804 2117 1836 2151; x_wconf 85' lang='grc' dir='ltr'>τῇ</span> 
     </span>
    </p>
   </div>
   <div class='ocr_carea' id='block_1_83' title="bbox 1048 2162 1838 2209">
    <p class='ocr_par' dir='ltr' id='par_1_83' title="bbox 1048 2162 1838 2209">
     <span class='ocr_line' id='line_1_83' title="bbox 1048 2162 1838 2209; baseline -0.018 -8"><span class='ocrx_word' id='word_1_628' title='bbox 1048 2175 1097 2209; x_wconf 79' lang='grc' dir='ltr'><strong>ὅλῃ</strong></span> <span class='ocrx_word' id='word_1_629' title='bbox 1110 2173 1227 2208; x_wconf 83' lang='grc' dir='ltr'>θεότητι,</span> <span class='ocrx_word' id='word_1_630' title='bbox 1243 2171 1272 2197; x_wconf 86' lang='grc' dir='ltr'>τὺ</span> <span class='ocrx_word' id='word_1_631' title='bbox 1295 2171 1384 2196; x_wconf 76' lang='grc' dir='ltr'>πᾶσαν</span> <span class='ocrx_word' id='word_1_632' title='bbox 1405 2167 1489 2203; x_wconf 81' lang='grc' dir='ltr'>αὐτὴν</span> <span class='ocrx_word' id='word_1_633' title='bbox 1510 2166 1575 2201; x_wconf 80' lang='grc' dir='ltr'>ὅλην</span> <span class='ocrx_word' id='word_1_634' title='bbox 1594 2165 1639 2199; x_wconf 75' lang='grc' dir='ltr'><strong>ὑφ’</strong></span> <span class='ocrx_word' id='word_1_635' title='bbox 1656 2164 1770 2190; x_wconf 74' lang='grc' dir='ltr'>ἑκάστου</span> <span class='ocrx_word' id='word_1_636' title='bbox 1785 2162 1838 2188; x_wconf 77' lang='grc' dir='ltr'><strong>τῶν</strong></span> 
     </span>
    </p>
   </div>
   <div class='ocr_carea' id='block_1_84' title="bbox 209 2207 990 2261">
    <p class='ocr_par' dir='ltr' id='par_1_84' title="bbox 209 2227 990 2261">
     <span class='ocr_line' id='line_1_84' title="bbox 209 2227 990 2261; baseline -0.01 -3"><span class='ocrx_word' id='word_1_637' title='bbox 209 2231 256 2258; x_wconf 86' lang='lat' dir='ltr'><strong>loti</strong></span> <span class='ocrx_word' id='word_1_638' title='bbox 273 2231 409 2258; x_wconf 84' lang='lat' dir='ltr'><strong>divinitati</strong></span> <span class='ocrx_word' id='word_1_639' title='bbox 425 2237 568 2257; x_wconf 86' lang='lat' dir='ltr'><strong>commune</strong></span> <span class='ocrx_word' id='word_1_640' title='bbox 593 2233 646 2261; x_wconf 88' lang='lat' dir='ltr'><strong>est,</strong></span> <span class='ocrx_word' id='word_1_641' title='bbox 665 2235 773 2254; x_wconf 90' lang='lat' dir='ltr'><strong>omnem</strong></span> <span class='ocrx_word' id='word_1_642' title='bbox 803 2227 889 2261; x_wconf 85' lang='lat' dir='ltr'><strong>ipsam</strong></span> <span class='ocrx_word' id='word_1_643' title='bbox 911 2230 990 2252; x_wconf 87' lang='lat' dir='ltr'><strong>totam</strong></span> 
     </span>
    </p>
   </div>
   <div class='ocr_carea' id='block_1_85' title="bbox 1042 2207 1838 2261">
    <p class='ocr_par' dir='ltr' id='par_1_85' title="bbox 1050 2207 1838 2255">
     <span class='ocr_line' id='line_1_85' title="bbox 1050 2207 1838 2255; baseline -0.018 -8"><span class='ocrx_word' id='word_1_644' title='bbox 1050 2207 1216 2255; x_wconf 71' lang='grc' dir='ltr'>μετεχόντὼν</span> <span class='ocrx_word' id='word_1_645' title='bbox 1229 2215 1388 2253; x_wconf 77' lang='grc' dir='ltr'>μετέχεσοαι</span> <span class='ocrx_word' id='word_1_646' title='bbox 1401 2235 1408 2246; x_wconf 91' lang='grc'><strong>,</strong></span> <span class='ocrx_word' id='word_1_647' title='bbox 1428 2215 1475 2241; x_wconf 78' lang='grc' dir='ltr'>καὶ</span> <span class='ocrx_word' id='word_1_648' title='bbox 1489 2213 1539 2239; x_wconf 74' lang='grc' dir='ltr'><strong>οὐκ</strong></span> <span class='ocrx_word' id='word_1_649' title='bbox 1558 2213 1586 2238; x_wconf 80' lang='grc' dir='ltr'>ἐν</span> <span class='ocrx_word' id='word_1_650' title='bbox 1603 2210 1680 2246; x_wconf 80' lang='grc' dir='ltr'>μέρει</span> <span class='ocrx_word' id='word_1_651' title='bbox 1691 2229 1698 2241; x_wconf 96' lang='grc'><strong>,</strong></span> <span class='ocrx_word' id='word_1_652' title='bbox 1712 2210 1737 2235; x_wconf 87' lang='grc' dir='ltr'>εἰ</span> <span class='ocrx_word' id='word_1_653' title='bbox 1750 2209 1795 2235; x_wconf 74' lang='grc' dir='ltr'><strong>καὶ</strong></span> <span class='ocrx_word' id='word_1_654' title='bbox 1806 2207 1838 2234; x_wconf 81' lang='grc' dir='ltr'>τὰ</span> 
     </span>
    </p>
   </div>
   <div class='ocr_carea' id='block_1_86' title="bbox 207 2271 997 2310">
    <p class='ocr_par' dir='ltr' id='par_1_86' title="bbox 207 2271 997 2310">
     <span class='ocr_line' id='line_1_86' title="bbox 207 2271 997 2310; baseline -0.009 -7"><span class='ocrx_word' id='word_1_655' title='bbox 207 2284 223 2303; x_wconf 82' lang='lat' dir='ltr'><strong>a</strong></span> <span class='ocrx_word' id='word_1_656' title='bbox 243 2276 366 2310; x_wconf 92' lang='lat' dir='ltr'><strong>quolibet</strong></span> <span class='ocrx_word' id='word_1_657' title='bbox 391 2275 613 2309; x_wconf 89' lang='lat' dir='ltr'><strong>participantimn</strong></span> <span class='ocrx_word' id='word_1_658' title='bbox 638 2272 809 2309; x_wconf 86' lang='lat' dir='ltr'><strong>participari,</strong></span> <span class='ocrx_word' id='word_1_659' title='bbox 835 2276 863 2299; x_wconf 89' lang='lat' dir='ltr'><strong>ct</strong></span> <span class='ocrx_word' id='word_1_660' title='bbox 888 2279 942 2298; x_wconf 90' lang='lat' dir='ltr'><strong>non</strong></span> <span class='ocrx_word' id='word_1_661' title='bbox 971 2271 997 2296; x_wconf 93' lang='lat' dir='ltr'><strong>in</strong></span> 
     </span>
    </p>
   </div>
   <div class='ocr_carea' id='block_1_87' title="bbox 208 2316 999 2356">
    <p class='ocr_par' dir='ltr' id='par_1_87' title="bbox 208 2316 999 2356">
     <span class='ocr_line' id='line_1_87' title="bbox 208 2316 999 2356; baseline -0.009 -8"><span class='ocrx_word' id='word_1_662' title='bbox 208 2328 301 2356; x_wconf 85' lang='lat' dir='ltr'><strong>parte,</strong></span> <span class='ocrx_word' id='word_1_663' title='bbox 334 2321 443 2347; x_wconf 84' lang='lat' dir='ltr'><strong>tametsi</strong></span> <span class='ocrx_word' id='word_1_664' title='bbox 472 2320 669 2355; x_wconf 80' lang='lat' dir='ltr'><strong>participantia</strong></span> <span class='ocrx_word' id='word_1_665' title='bbox 689 2318 836 2345; x_wconf 88' lang='lat' dir='ltr'><strong>secundum</strong></span> <span class='ocrx_word' id='word_1_666' title='bbox 863 2316 999 2351; x_wconf 81' lang='lat' dir='ltr'><strong>propriam</strong></span> 
     </span>
    </p>
   </div>
   <div class='ocr_carea' id='block_1_88' title="bbox 209 2361 1000 2400">
    <p class='ocr_par' dir='ltr' id='par_1_88' title="bbox 209 2361 1000 2400">
     <span class='ocr_line' id='line_1_88' title="bbox 209 2361 1000 2400; baseline -0.011 -6"><span class='ocrx_word' id='word_1_667' title='bbox 209 2367 364 2394; x_wconf 79' lang='lat' dir='ltr'><strong>facultatem</strong></span> <span class='ocrx_word' id='word_1_668' title='bbox 386 2373 446 2393; x_wconf 87' lang='lat' dir='ltr'><strong>eam</strong></span> <span class='ocrx_word' id='word_1_669' title='bbox 467 2366 646 2400; x_wconf 83' lang='lat' dir='ltr'><strong>participem,</strong></span> <span class='ocrx_word' id='word_1_670' title='bbox 665 2362 892 2399; x_wconf 88' lang='lat' dir='ltr'><strong>quemadmodum</strong></span> <span class='ocrx_word' id='word_1_671' title='bbox 912 2361 1000 2387; x_wconf 86' lang='lat' dir='ltr'><strong>valida</strong></span> 
     </span>
    </p>
   </div>
   <div class='ocr_carea' id='block_1_89' title="bbox 210 2410 998 2446">
    <p class='ocr_par' dir='ltr' id='par_1_89' title="bbox 210 2410 998 2446">
     <span class='ocr_line' id='line_1_89' title="bbox 210 2410 998 2446; baseline -0.008 -5"><span class='ocrx_word' id='word_1_672' title='bbox 210 2422 278 2442; x_wconf 86' lang='lat' dir='ltr'><strong>voce</strong></span> <span class='ocrx_word' id='word_1_673' title='bbox 293 2414 423 2444; x_wconf 84' lang='lat' dir='ltr'><strong>excitata,</strong></span> <span class='ocrx_word' id='word_1_674' title='bbox 443 2418 592 2446; x_wconf 69' lang='lat' dir='ltr'><strong>prmsentes</strong></span> <span class='ocrx_word' id='word_1_675' title='bbox 613 2419 710 2440; x_wconf 88' lang='lat' dir='ltr'><strong>omnes</strong></span> <span class='ocrx_word' id='word_1_676' title='bbox 734 2419 783 2445; x_wconf 92' lang='lat' dir='ltr'><strong>pro</strong></span> <span class='ocrx_word' id='word_1_677' title='bbox 800 2410 931 2437; x_wconf 83' lang='lat' dir='ltr'><strong>facultate</strong></span> <span class='ocrx_word' id='word_1_678' title='bbox 950 2417 998 2436; x_wconf 89' lang='lat' dir='ltr'><strong>sua</strong></span> 
     </span>
    </p>
   </div>
   <div class='ocr_carea' id='block_1_90' title="bbox 211 2458 1001 2495">
    <p class='ocr_par' dir='ltr' id='par_1_90' title="bbox 211 2458 1001 2495">
     <span class='ocr_line' id='line_1_90' title="bbox 211 2458 1001 2495; baseline -0.008 -7"><span class='ocrx_word' id='word_1_679' title='bbox 211 2462 334 2488; x_wconf 88' lang='lat' dir='ltr'><strong>eamdem</strong></span> <span class='ocrx_word' id='word_1_680' title='bbox 358 2460 522 2495; x_wconf 88' lang='lat' dir='ltr'><strong>percipiunt,</strong></span> <span class='ocrx_word' id='word_1_681' title='bbox 538 2464 565 2485; x_wconf 91' lang='lat' dir='ltr'><strong>et</strong></span> <span class='ocrx_word' id='word_1_682' title='bbox 586 2459 637 2491; x_wconf 87' lang='lat' dir='ltr'><strong>vir,</strong></span> <span class='ocrx_word' id='word_1_683' title='bbox 651 2463 679 2485; x_wconf 91' lang='lat' dir='ltr'><strong>et</strong></span> <span class='ocrx_word' id='word_1_684' title='bbox 695 2465 773 2492; x_wconf 91' lang='lat' dir='ltr'><strong>puer,</strong></span> <span class='ocrx_word' id='word_1_685' title='bbox 789 2463 816 2484; x_wconf 90' lang='lat' dir='ltr'><strong>et</strong></span> <span class='ocrx_word' id='word_1_686' title='bbox 836 2458 915 2484; x_wconf 87' lang='lat' dir='ltr'><strong>bruta</strong></span> <span class='ocrx_word' id='word_1_687' title='bbox 929 2465 935 2482; x_wconf 90' lang='lat'>:</span> <span class='ocrx_word' id='word_1_688' title='bbox 954 2458 1001 2483; x_wconf 89' lang='lat' dir='ltr'><strong>sed</strong></span> 
     </span>
    </p>
   </div>
   <div class='ocr_carea' id='block_1_91' title="bbox 212 2502 999 2540">
    <p class='ocr_par' dir='ltr' id='par_1_91' title="bbox 212 2502 999 2540">
     <span class='ocr_line' id='line_1_91' title="bbox 212 2502 999 2540; baseline -0.006 -7"><span class='ocrx_word' id='word_1_689' title='bbox 212 2506 251 2533; x_wconf 94' lang='lat' dir='ltr'><strong>illi</strong></span> <span class='ocrx_word' id='word_1_690' title='bbox 267 2506 376 2540; x_wconf 90' lang='lat' dir='ltr'><strong>quidem</strong></span> <span class='ocrx_word' id='word_1_691' title='bbox 397 2505 544 2536; x_wconf 82' lang='lat' dir='ltr'><strong>valentius,</strong></span> <span class='ocrx_word' id='word_1_692' title='bbox 556 2505 581 2531; x_wconf 89' lang='lat' dir='ltr'><strong>hi</strong></span> <span class='ocrx_word' id='word_1_693' title='bbox 597 2511 661 2531; x_wconf 84' lang='lat' dir='ltr'><strong>vero</strong></span> <span class='ocrx_word' id='word_1_694' title='bbox 679 2503 834 2535; x_wconf 83' lang='lat' dir='ltr'><strong>remissius,</strong></span> <span class='ocrx_word' id='word_1_695' title='bbox 848 2502 999 2529; x_wconf 86' lang='lat' dir='ltr'><strong>secundum</strong></span> 
     </span>
    </p>
   </div>
   <div class='ocr_carea' id='block_1_92' title="bbox 213 2548 1003 2582">
    <p class='ocr_par' dir='ltr' id='par_1_92' title="bbox 213 2548 1003 2582">
     <span class='ocr_line' id='line_1_92' title="bbox 213 2548 1003 2582; baseline -0.005 -5"><span class='ocrx_word' id='word_1_696' title='bbox 213 2550 352 2577; x_wconf 82' lang='lat' dir='ltr'><strong>facultatis</strong></span> <span class='ocrx_word' id='word_1_697' title='bbox 375 2550 502 2578; x_wconf 88' lang='lat' dir='ltr'><strong>audiendi</strong></span> <span class='ocrx_word' id='word_1_698' title='bbox 525 2549 688 2576; x_wconf 86' lang='lat' dir='ltr'><strong>ellicaciam.</strong></span> <span class='ocrx_word' id='word_1_699' title='bbox 714 2548 804 2582; x_wconf 84' lang='lat' dir='ltr'><strong>Atque</strong></span> <span class='ocrx_word' id='word_1_700' title='bbox 817 2548 1003 2574; x_wconf 90' lang='lat' dir='ltr'><strong>communica-</strong></span> 
     </span>
    </p>
   </div>
   <div class='ocr_carea' id='block_1_93' title="bbox 213 2590 1002 2626">
    <p class='ocr_par' dir='ltr' id='par_1_93' title="bbox 213 2590 1002 2626">
     <span class='ocr_line' id='line_1_93' title="bbox 213 2590 1002 2626; baseline -0.006 -5"><span class='ocrx_word' id='word_1_701' title='bbox 213 2594 275 2622; x_wconf 86' lang='lat' dir='ltr'><strong>bilis</strong></span> <span class='ocrx_word' id='word_1_702' title='bbox 290 2598 332 2621; x_wconf 87' lang='lat' dir='ltr'><strong>est</strong></span> <span class='ocrx_word' id='word_1_703' title='bbox 348 2601 408 2625; x_wconf 81' lang='lat' dir='ltr'><strong>vox,</strong></span> <span class='ocrx_word' id='word_1_704' title='bbox 431 2597 458 2620; x_wconf 84' lang='lat' dir='ltr'><strong>et.</strong></span> <span class='ocrx_word' id='word_1_705' title='bbox 482 2593 509 2620; x_wconf 92' lang='lat' dir='ltr'><strong>in</strong></span> <span class='ocrx_word' id='word_1_706' title='bbox 529 2599 558 2619; x_wconf 89' lang='lat' dir='ltr'><strong>se</strong></span> <span class='ocrx_word' id='word_1_707' title='bbox 574 2593 630 2626; x_wconf 85' lang='lat' dir='ltr'><strong>ipsa</strong></span> <span class='ocrx_word' id='word_1_708' title='bbox 653 2590 920 2618; x_wconf 74' lang='lat' dir='ltr'><strong>iucommunicabilis</strong></span> <span class='ocrx_word' id='word_1_709' title='bbox 947 2598 1002 2616; x_wconf 88' lang='lat' dir='ltr'><strong>ma-</strong></span> 
     </span>
    </p>
   </div>
   <div class='ocr_carea' id='block_1_94' title="bbox 214 2636 1004 2674">
    <p class='ocr_par' dir='ltr' id='par_1_94' title="bbox 214 2636 1004 2674">
     <span class='ocr_line' id='line_1_94' title="bbox 214 2636 1004 2674; baseline -0.005 -7"><span class='ocrx_word' id='word_1_710' title='bbox 214 2647 291 2667; x_wconf 87' lang='lat' dir='ltr'><strong>nens.</strong></span> <span class='ocrx_word' id='word_1_711' title='bbox 323 2639 382 2671; x_wconf 78' lang='lat' dir='ltr'><strong>Vel,</strong></span> <span class='ocrx_word' id='word_1_712' title='bbox 407 2640 485 2674; x_wconf 80' lang='lat' dir='ltr'><strong>juxta</strong></span> <span class='ocrx_word' id='word_1_713' title='bbox 508 2639 631 2673; x_wconf 82' lang='lat' dir='ltr'><strong>exempla</strong></span> <span class='ocrx_word' id='word_1_714' title='bbox 661 2638 809 2672; x_wconf 86' lang='lat' dir='ltr'><strong>proposita.</strong></span> <span class='ocrx_word' id='word_1_715' title='bbox 831 2637 902 2664; x_wconf 84' lang='lat' dir='ltr'><strong>sicut</strong></span> <span class='ocrx_word' id='word_1_716' title='bbox 926 2636 1004 2663; x_wconf 76' lang='lat' dir='ltr'><strong>linea:</strong></span> 
     </span>
    </p>
   </div>
   <div class='ocr_carea' id='block_1_95' title="bbox 214 2682 1004 2713">
    <p class='ocr_par' dir='ltr' id='par_1_95' title="bbox 214 2682 1004 2713">
     <span class='ocr_line' id='line_1_95' title="bbox 214 2682 1004 2713; baseline -0.005 0"><span class='ocrx_word' id='word_1_717' title='bbox 214 2691 290 2713; x_wconf 85' lang='lat' dir='ltr'><strong>recte</strong></span> <span class='ocrx_word' id='word_1_718' title='bbox 311 2693 326 2712; x_wconf 89' lang='lat' dir='ltr'><strong>a</strong></span> <span class='ocrx_word' id='word_1_719' title='bbox 344 2684 566 2713; x_wconf 86' lang='lat' dir='ltr'><strong>circumferentia</strong></span> <span class='ocrx_word' id='word_1_720' title='bbox 592 2689 687 2711; x_wconf 91' lang='lat' dir='ltr'><strong>centro</strong></span> <span class='ocrx_word' id='word_1_721' title='bbox 715 2683 811 2711; x_wconf 90' lang='lat' dir='ltr'><strong>circuli</strong></span> <span class='ocrx_word' id='word_1_722' title='bbox 840 2682 1004 2713; x_wconf 81' lang='lat' dir='ltr'><strong>incidentes,</strong></span> 
     </span>
    </p>
   </div>
   <div class='ocr_carea' id='block_1_96' title="bbox 212 2728 1004 2767">
    <p class='ocr_par' dir='ltr' id='par_1_96' title="bbox 212 2728 1004 2767">
     <span class='ocr_line' id='line_1_96' title="bbox 212 2728 1004 2767; baseline -0.008 -6"><span class='ocrx_word' id='word_1_723' title='bbox 212 2733 282 2761; x_wconf 79' lang='lat' dir='ltr'><strong>illud</strong></span> <span class='ocrx_word' id='word_1_724' title='bbox 299 2733 403 2767; x_wconf 85' lang='lat' dir='ltr'><strong>integre</strong></span> <span class='ocrx_word' id='word_1_725' title='bbox 423 2731 599 2766; x_wconf 85' lang='lat' dir='ltr'><strong>participant,</strong></span> <span class='ocrx_word' id='word_1_726' title='bbox 616 2736 643 2758; x_wconf 89' lang='lat' dir='ltr'><strong>et</strong></span> <span class='ocrx_word' id='word_1_727' title='bbox 661 2738 714 2757; x_wconf 92' lang='lat' dir='ltr'><strong>non</strong></span> <span class='ocrx_word' id='word_1_728' title='bbox 730 2738 764 2757; x_wconf 83' lang='lat' dir='ltr'><strong>ex</strong></span> <span class='ocrx_word' id='word_1_729' title='bbox 777 2735 863 2764; x_wconf 82' lang='lat' dir='ltr'><strong>parte,</strong></span> <span class='ocrx_word' id='word_1_730' title='bbox 877 2728 1004 2764; x_wconf 87' lang='lat' dir='ltr'><strong>quoniam</strong></span> 
     </span>
    </p>
   </div>
   <div class='ocr_carea' id='block_1_97' title="bbox 215 2775 1005 2814">
    <p class='ocr_par' dir='ltr' id='par_1_97' title="bbox 215 2775 1005 2814">
     <span class='ocr_line' id='line_1_97' title="bbox 215 2775 1005 2814; baseline -0.005 -8"><span class='ocrx_word' id='word_1_731' title='bbox 215 2784 357 2814; x_wconf 83' lang='lat' dir='ltr'><strong>punctum,</strong></span> <span class='ocrx_word' id='word_1_732' title='bbox 373 2778 446 2813; x_wconf 91' lang='lat' dir='ltr'><strong>quod</strong></span> <span class='ocrx_word' id='word_1_733' title='bbox 460 2782 487 2805; x_wconf 90' lang='lat' dir='ltr'><strong>et</strong></span> <span class='ocrx_word' id='word_1_734' title='bbox 500 2781 623 2804; x_wconf 81' lang='lat' dir='ltr'><strong>centrum</strong></span> <span class='ocrx_word' id='word_1_735' title='bbox 637 2782 690 2810; x_wconf 88' lang='lat' dir='ltr'><strong>est,</strong></span> <span class='ocrx_word' id='word_1_736' title='bbox 701 2781 779 2811; x_wconf 87' lang='lat' dir='ltr'><strong>parte</strong></span> <span class='ocrx_word' id='word_1_737' title='bbox 792 2779 885 2807; x_wconf 78' lang='lat' dir='ltr'><strong>caret;</strong></span> <span class='ocrx_word' id='word_1_738' title='bbox 901 2780 928 2802; x_wconf 88' lang='lat' dir='ltr'><strong>et</strong></span> <span class='ocrx_word' id='word_1_739' title='bbox 948 2775 1005 2802; x_wconf 88' lang='lat' dir='ltr'><strong>sic-</strong></span> 
     </span>
    </p>
   </div>
   <div class='ocr_carea' id='block_1_98' title="bbox 217 2822 1007 2859">
    <p class='ocr_par' dir='ltr' id='par_1_98' title="bbox 217 2822 1007 2859">
     <span class='ocr_line' id='line_1_98' title="bbox 217 2822 1007 2859; baseline -0.005 -7"><span class='ocrx_word' id='word_1_740' title='bbox 217 2831 247 2852; x_wconf 83' lang='lat' dir='ltr'><strong>ut</strong></span> <span class='ocrx_word' id='word_1_741' title='bbox 266 2833 297 2852; x_wconf 78' lang='lat' dir='ltr'><strong>ea</strong></span> <span class='ocrx_word' id='word_1_742' title='bbox 318 2832 378 2859; x_wconf 69' lang='lat' dir='ltr'><strong>qum</strong></span> <span class='ocrx_word' id='word_1_743' title='bbox 395 2831 526 2859; x_wconf 73' lang='lat' dir='ltr'><strong>expressa</strong></span> <span class='ocrx_word' id='word_1_744' title='bbox 544 2828 606 2850; x_wconf 77' lang='lat' dir='ltr'><strong>sunt</strong></span> <span class='ocrx_word' id='word_1_745' title='bbox 631 2822 751 2850; x_wconf 85' lang='lat' dir='ltr'><strong>totaliler</strong></span> <span class='ocrx_word' id='word_1_746' title='bbox 770 2826 796 2850; x_wconf 85' lang='lat' dir='ltr'><strong>et</strong></span> <span class='ocrx_word' id='word_1_747' title='bbox 810 2830 862 2849; x_wconf 90' lang='lat' dir='ltr'><strong>non</strong></span> <span class='ocrx_word' id='word_1_748' title='bbox 882 2829 914 2847; x_wconf 84' lang='lat' dir='ltr'><strong>ex</strong></span> <span class='ocrx_word' id='word_1_749' title='bbox 930 2826 1007 2855; x_wconf 84' lang='lat' dir='ltr'><strong>parte</strong></span> 
     </span>
    </p>
   </div>
   <div class='ocr_carea' id='block_1_99' title="bbox 218 2867 1004 2906">
    <p class='ocr_par' dir='ltr' id='par_1_99' title="bbox 218 2867 1004 2906">
     <span class='ocr_line' id='line_1_99' title="bbox 218 2867 1004 2906; baseline -0.005 -8"><span class='ocrx_word' id='word_1_750' title='bbox 218 2868 336 2906; x_wconf 75' lang='lat' dir='ltr'><strong>sigillum</strong></span> <span class='ocrx_word' id='word_1_751' title='bbox 360 2870 532 2906; x_wconf 86' lang='lat' dir='ltr'><strong>participant.</strong></span> <span class='ocrx_word' id='word_1_752' title='bbox 559 2869 626 2898; x_wconf 91' lang='lat' dir='ltr'><strong>Dum</strong></span> <span class='ocrx_word' id='word_1_753' title='bbox 647 2874 734 2897; x_wconf 86' lang='lat' dir='ltr'><strong>autem</strong></span> <span class='ocrx_word' id='word_1_754' title='bbox 756 2868 876 2903; x_wconf 82' lang='lat' dir='ltr'><strong>exempla</strong></span> <span class='ocrx_word' id='word_1_755' title='bbox 891 2867 1004 2902; x_wconf 84' lang='lat' dir='ltr'><strong>profert,</strong></span> 
     </span>
    </p>
   </div>
   <div class='ocr_carea' id='block_1_100' title="bbox 1052 2254 1838 2302">
    <p class='ocr_par' dir='ltr' id='par_1_100' title="bbox 1052 2254 1838 2302">
     <span class='ocr_line' id='line_1_100' title="bbox 1052 2254 1838 2302; baseline -0.018 -9"><span class='ocrx_word' id='word_1_756' title='bbox 1052 2266 1197 2302; x_wconf 78' lang='grc' dir='ltr'>μετέχοντα</span> <span class='ocrx_word' id='word_1_757' title='bbox 1207 2263 1276 2290; x_wconf 82' lang='grc' dir='ltr'>κατὰ</span> <span class='ocrx_word' id='word_1_758' title='bbox 1286 2263 1335 2298; x_wconf 83' lang='grc' dir='ltr'><strong>τὴν</strong></span> <span class='ocrx_word' id='word_1_759' title='bbox 1345 2260 1448 2288; x_wconf 77' lang='grc' dir='ltr'>οἰκείαν</span> <span class='ocrx_word' id='word_1_760' title='bbox 1461 2259 1604 2295; x_wconf 77' lang='grc' dir='ltr'>μετέχουσι</span> <span class='ocrx_word' id='word_1_761' title='bbox 1615 2256 1737 2291; x_wconf 79' lang='grc' dir='ltr'>δύναμιν,</span> <span class='ocrx_word' id='word_1_762' title='bbox 1747 2254 1838 2289; x_wconf 84' lang='grc' dir='ltr'>ὥσπερ</span> 
     </span>
    </p>
   </div>
   <div class='ocr_carea' id='block_1_101' title="bbox 1050 2301 1839 2346">
    <p class='ocr_par' dir='ltr' id='par_1_101' title="bbox 1050 2301 1839 2346">
     <span class='ocr_line' id='line_1_101' title="bbox 1050 2301 1839 2346; baseline -0.016 -9"><span class='ocrx_word' id='word_1_763' title='bbox 1050 2301 1140 2346; x_wconf 52' lang='lat' dir='ltr'><strong>eam;</strong></span> <span class='ocrx_word' id='word_1_764' title='bbox 1157 2309 1277 2345; x_wconf 84' lang='grc' dir='ltr'><strong>μεγάλης</strong></span> <span class='ocrx_word' id='word_1_765' title='bbox 1292 2306 1441 2342; x_wconf 82' lang='grc' dir='ltr'>γενομένης</span> <span class='ocrx_word' id='word_1_766' title='bbox 1457 2305 1575 2335; x_wconf 74' lang='grc' dir='ltr'>ἅπαντες</span> <span class='ocrx_word' id='word_1_767' title='bbox 1587 2302 1744 2338; x_wconf 81' lang='grc' dir='ltr'>μετέχουσιν</span> <span class='ocrx_word' id='word_1_768' title='bbox 1754 2301 1777 2326; x_wconf 79' lang='grc' dir='ltr'>οἱ</span> <span class='ocrx_word' id='word_1_769' title='bbox 1789 2307 1839 2346; x_wconf 82' lang='grc' dir='ltr'><strong>πα-</strong></span> 
     </span>
    </p>
   </div>
   <div class='ocr_carea' id='block_1_102' title="bbox 1053 2344 1838 2393">
    <p class='ocr_par' dir='ltr' id='par_1_102' title="bbox 1053 2344 1838 2393">
     <span class='ocr_line' id='line_1_102' title="bbox 1053 2344 1838 2393; baseline -0.017 -10"><span class='ocrx_word' id='word_1_770' title='bbox 1053 2357 1144 2393; x_wconf 86' lang='grc' dir='ltr'>ρόντες</span> <span class='ocrx_word' id='word_1_771' title='bbox 1155 2355 1225 2382; x_wconf 79' lang='grc' dir='ltr'>κατὰ</span> <span class='ocrx_word' id='word_1_772' title='bbox 1238 2355 1286 2390; x_wconf 87' lang='grc' dir='ltr'>τὴν</span> <span class='ocrx_word' id='word_1_773' title='bbox 1303 2353 1406 2380; x_wconf 79' lang='grc' dir='ltr'>οἰκείαν</span> <span class='ocrx_word' id='word_1_774' title='bbox 1423 2351 1536 2386; x_wconf 80' lang='grc' dir='ltr'>δύναμιν</span> <span class='ocrx_word' id='word_1_775' title='bbox 1547 2369 1554 2381; x_wconf 92' lang='grc'><strong>,</strong></span> <span class='ocrx_word' id='word_1_776' title='bbox 1571 2349 1617 2376; x_wconf 70' lang='grc' dir='ltr'>καὶ</span> <span class='ocrx_word' id='word_1_777' title='bbox 1633 2347 1712 2382; x_wconf 78' lang='grc' dir='ltr'>ἀνὴρ,</span> <span class='ocrx_word' id='word_1_778' title='bbox 1729 2345 1775 2372; x_wconf 73' lang='grc' dir='ltr'>καὶ</span> <span class='ocrx_word' id='word_1_779' title='bbox 1793 2344 1838 2380; x_wconf 86' lang='grc' dir='ltr'><strong>νή-</strong></span> 
     </span>
    </p>
   </div>
   <div class='ocr_carea' id='block_1_103' title="bbox 1052 2392 1837 2435">
    <p class='ocr_par' dir='ltr' id='par_1_103' title="bbox 1052 2392 1837 2435">
     <span class='ocr_line' id='line_1_103' title="bbox 1052 2392 1837 2435; baseline -0.017 -5"><span class='ocrx_word' id='word_1_780' title='bbox 1052 2392 1130 2435; x_wconf 57' lang='grc' dir='ltr'>λπιον,</span> <span class='ocrx_word' id='word_1_781' title='bbox 1145 2403 1192 2429; x_wconf 70' lang='grc' dir='ltr'><strong>καὶ</strong></span> <span class='ocrx_word' id='word_1_782' title='bbox 1203 2397 1296 2435; x_wconf 79' lang='grc' dir='ltr'>ἃλόγα·</span> <span class='ocrx_word' id='word_1_783' title='bbox 1317 2399 1374 2426; x_wconf 79' lang='grc' dir='ltr'><strong>ἀλλ’</strong></span> <span class='ocrx_word' id='word_1_784' title='bbox 1395 2400 1420 2425; x_wconf 79' lang='grc' dir='ltr'>οἱ</span> <span class='ocrx_word' id='word_1_785' title='bbox 1439 2399 1487 2434; x_wconf 80' lang='grc' dir='ltr'><strong>μὲν</strong></span> <span class='ocrx_word' id='word_1_786' title='bbox 1507 2395 1755 2432; x_wconf 78' lang='grc' dir='ltr'>ἐρρωμενέστερον,</span> <span class='ocrx_word' id='word_1_787' title='bbox 1771 2393 1795 2418; x_wconf 75' lang='grc' dir='ltr'>οἱ</span> <span class='ocrx_word' id='word_1_788' title='bbox 1810 2392 1837 2418; x_wconf 80' lang='grc' dir='ltr'>δὲ</span> 
     </span>
    </p>
   </div>
   <div class='ocr_carea' id='block_1_104' title="bbox 1052 2441 1838 2486">
    <p class='ocr_par' dir='ltr' id='par_1_104' title="bbox 1052 2441 1838 2486">
     <span class='ocr_line' id='line_1_104' title="bbox 1052 2441 1838 2486; baseline -0.015 -8"><span class='ocrx_word' id='word_1_789' title='bbox 1052 2450 1235 2486; x_wconf 79' lang='grc' dir='ltr'>ἀμυδρότερον</span> <span class='ocrx_word' id='word_1_790' title='bbox 1250 2448 1317 2483; x_wconf 71' lang='grc' dir='ltr'>πρὸς</span> <span class='ocrx_word' id='word_1_791' title='bbox 1331 2447 1379 2482; x_wconf 81' lang='grc' dir='ltr'><strong>τὴν</strong></span> <span class='ocrx_word' id='word_1_792' title='bbox 1390 2446 1438 2481; x_wconf 79' lang='grc' dir='ltr'>τῆς</span> <span class='ocrx_word' id='word_1_793' title='bbox 1449 2444 1614 2478; x_wconf 79' lang='grc' dir='ltr'>ἀκουστικῆς</span> <span class='ocrx_word' id='word_1_794' title='bbox 1627 2443 1776 2478; x_wconf 79' lang='grc' dir='ltr'>ἐνέργειαν.</span> <span class='ocrx_word' id='word_1_795' title='bbox 1786 2441 1838 2467; x_wconf 79' lang='grc' dir='ltr'><strong>Καὶ</strong></span> 
     </span>
    </p>
   </div>
   <div class='ocr_carea' id='block_1_105' title="bbox 1053 2488 1835 2532">
    <p class='ocr_par' dir='ltr' id='par_1_105' title="bbox 1053 2488 1835 2532">
     <span class='ocr_line' id='line_1_105' title="bbox 1053 2488 1835 2532; baseline -0.013 -9"><span class='ocrx_word' id='word_1_796' title='bbox 1053 2497 1110 2522; x_wconf 74' lang='grc' dir='ltr'>ἔστι</span> <span class='ocrx_word' id='word_1_797' title='bbox 1121 2495 1268 2532; x_wconf 83' lang='grc' dir='ltr'>μεθεκτικὴ</span> <span class='ocrx_word' id='word_1_798' title='bbox 1275 2496 1292 2530; x_wconf 82' lang='grc' dir='ltr'>ἡ</span> <span class='ocrx_word' id='word_1_799' title='bbox 1301 2494 1386 2528; x_wconf 79' lang='grc' dir='ltr'>φωνὴ,</span> <span class='ocrx_word' id='word_1_800' title='bbox 1395 2492 1436 2526; x_wconf 71' lang='grc' dir='ltr'><strong>ἐφ’</strong></span> <span class='ocrx_word' id='word_1_801' title='bbox 1445 2492 1544 2526; x_wconf 78' lang='grc' dir='ltr'>ἑαυτῆς</span> <span class='ocrx_word' id='word_1_802' title='bbox 1552 2489 1702 2525; x_wconf 84' lang='grc' dir='ltr'>ἀμέθεκτος</span> <span class='ocrx_word' id='word_1_803' title='bbox 1714 2488 1835 2524; x_wconf 80' lang='grc' dir='ltr'>μένουσα.</span> 
     </span>
    </p>
   </div>
   <div class='ocr_carea' id='block_1_106' title="bbox 1055 2532 1838 2574">
    <p class='ocr_par' dir='ltr' id='par_1_106' title="bbox 1055 2532 1838 2574">
     <span class='ocr_line' id='line_1_106' title="bbox 1055 2532 1838 2574; baseline -0.014 -5"><span class='ocrx_word' id='word_1_804' title='bbox 1055 2543 1100 2574; x_wconf 84' lang='grc' dir='ltr'>Ἢ,</span> <span class='ocrx_word' id='word_1_805' title='bbox 1115 2543 1187 2569; x_wconf 81' lang='grc' dir='ltr'>κατὰ</span> <span class='ocrx_word' id='word_1_806' title='bbox 1196 2541 1229 2567; x_wconf 73' lang='grc' dir='ltr'>τὰ</span> <span class='ocrx_word' id='word_1_807' title='bbox 1242 2539 1410 2574; x_wconf 77' lang='grc' dir='ltr'>ὑποκείμενα</span> <span class='ocrx_word' id='word_1_808' title='bbox 1424 2536 1632 2572; x_wconf 77' lang='grc' dir='ltr'>παραδείγματα</span> <span class='ocrx_word' id='word_1_809' title='bbox 1644 2555 1651 2565; x_wconf 82' lang='grc'><strong>,</strong></span> <span class='ocrx_word' id='word_1_810' title='bbox 1673 2533 1766 2568; x_wconf 80' lang='grc' dir='ltr'>ὥσπερ</span> <span class='ocrx_word' id='word_1_811' title='bbox 1782 2532 1838 2558; x_wconf 83' lang='grc' dir='ltr'>κέν-</span> 
     </span>
    </p>
   </div>
   <div class='ocr_carea' id='block_1_107' title="bbox 1054 2579 1838 2623">
    <p class='ocr_par' dir='ltr' id='par_1_107' title="bbox 1054 2579 1838 2623">
     <span class='ocr_line' id='line_1_107' title="bbox 1054 2579 1838 2623; baseline -0.011 -10"><span class='ocrx_word' id='word_1_812' title='bbox 1054 2597 1118 2623; x_wconf 87' lang='grc' dir='ltr'>τρου</span> <span class='ocrx_word' id='word_1_813' title='bbox 1131 2587 1230 2614; x_wconf 84' lang='grc' dir='ltr'>κύκλου</span> <span class='ocrx_word' id='word_1_814' title='bbox 1245 2587 1273 2613; x_wconf 83' lang='grc' dir='ltr'>αἱ</span> <span class='ocrx_word' id='word_1_815' title='bbox 1292 2585 1345 2612; x_wconf 78' lang='grc' dir='ltr'><strong>ἀπὸ</strong></span> <span class='ocrx_word' id='word_1_816' title='bbox 1360 2585 1411 2619; x_wconf 83' lang='grc' dir='ltr'>τῆς</span> <span class='ocrx_word' id='word_1_817' title='bbox 1430 2581 1605 2619; x_wconf 83' lang='grc' dir='ltr'>περιφερείας</span> <span class='ocrx_word' id='word_1_818' title='bbox 1627 2579 1838 2616; x_wconf 79' lang='grc' dir='ltr'>προσπίπτουσαι</span> 
     </span>
    </p>
   </div>
   <div class='ocr_carea' id='block_1_108' title="bbox 1055 2625 1837 2669">
    <p class='ocr_par' dir='ltr' id='par_1_108' title="bbox 1055 2625 1837 2669">
     <span class='ocr_line' id='line_1_108' title="bbox 1055 2625 1837 2669; baseline -0.014 -7"><span class='ocrx_word' id='word_1_819' title='bbox 1055 2635 1158 2663; x_wconf 80' lang='grc' dir='ltr'>εὐθεῖαι</span> <span class='ocrx_word' id='word_1_820' title='bbox 1178 2634 1245 2669; x_wconf 81' lang='grc' dir='ltr'>πρὸς</span> <span class='ocrx_word' id='word_1_821' title='bbox 1262 2632 1341 2659; x_wconf 85' lang='grc' dir='ltr'>τοῦτο</span> <span class='ocrx_word' id='word_1_822' title='bbox 1352 2630 1449 2662; x_wconf 82' lang='grc' dir='ltr'>ὁλικῶς</span> <span class='ocrx_word' id='word_1_823' title='bbox 1461 2629 1614 2665; x_wconf 81' lang='grc' dir='ltr'>μετέχουσι,</span> <span class='ocrx_word' id='word_1_824' title='bbox 1626 2627 1672 2654; x_wconf 72' lang='grc' dir='ltr'>καὶ</span> <span class='ocrx_word' id='word_1_825' title='bbox 1682 2626 1732 2653; x_wconf 85' lang='grc' dir='ltr'><strong>οὐκ</strong></span> <span class='ocrx_word' id='word_1_826' title='bbox 1748 2626 1776 2652; x_wconf 81' lang='grc' dir='ltr'>ἐν</span> <span class='ocrx_word' id='word_1_827' title='bbox 1793 2625 1837 2660; x_wconf 84' lang='grc' dir='ltr'>μέ-</span> 
     </span>
    </p>
   </div>
   <div class='ocr_carea' id='block_1_109' title="bbox 1058 2671 1835 2718">
    <p class='ocr_par' dir='ltr' id='par_1_109' title="bbox 1058 2671 1835 2718">
     <span class='ocr_line' id='line_1_109' title="bbox 1058 2671 1835 2718; baseline -0.015 -10"><span class='ocrx_word' id='word_1_828' title='bbox 1058 2691 1108 2718; x_wconf 73' lang='grc' dir='ltr'>ρειι</span> <span class='ocrx_word' id='word_1_829' title='bbox 1122 2680 1225 2716; x_wconf 75' lang='grc' dir='ltr'>ἀμερὲς</span> <span class='ocrx_word' id='word_1_830' title='bbox 1236 2679 1291 2714; x_wconf 86' lang='grc' dir='ltr'><strong>γὰρ</strong></span> <span class='ocrx_word' id='word_1_831' title='bbox 1301 2678 1331 2704; x_wconf 87' lang='grc' dir='ltr'><strong>τὸ</strong></span> <span class='ocrx_word' id='word_1_832' title='bbox 1343 2679 1464 2713; x_wconf 86' lang='grc' dir='ltr'>σημεῖον,</span> <span class='ocrx_word' id='word_1_833' title='bbox 1477 2676 1491 2703; x_wconf 88' lang='grc' dir='ltr'>ὃ</span> <span class='ocrx_word' id='word_1_834' title='bbox 1501 2676 1533 2711; x_wconf 88' lang='grc' dir='ltr'><strong>δὴ</strong></span> <span class='ocrx_word' id='word_1_835' title='bbox 1548 2675 1595 2702; x_wconf 74' lang='grc' dir='ltr'>καὶ</span> <span class='ocrx_word' id='word_1_836' title='bbox 1604 2674 1635 2700; x_wconf 86' lang='grc' dir='ltr'><strong>τδ</strong></span> <span class='ocrx_word' id='word_1_837' title='bbox 1649 2673 1760 2708; x_wconf 82' lang='grc' dir='ltr'>κέντρον</span> <span class='ocrx_word' id='word_1_838' title='bbox 1774 2671 1835 2697; x_wconf 82' lang='grc' dir='ltr'>ἐστί·</span> 
     </span>
    </p>
   </div>
   <div class='ocr_carea' id='block_1_110' title="bbox 1057 2717 1839 2760">
    <p class='ocr_par' dir='ltr' id='par_1_110' title="bbox 1057 2717 1839 2760">
     <span class='ocr_line' id='line_1_110' title="bbox 1057 2717 1839 2760; baseline -0.015 -6"><span class='ocrx_word' id='word_1_839' title='bbox 1057 2717 1104 2754; x_wconf 71' lang='grc' dir='ltr'>καὶ</span> <span class='ocrx_word' id='word_1_840' title='bbox 1123 2726 1216 2760; x_wconf 81' lang='grc' dir='ltr'>ὥσπερ</span> <span class='ocrx_word' id='word_1_841' title='bbox 1226 2724 1260 2751; x_wconf 80' lang='grc' dir='ltr'>τὰ</span> <span class='ocrx_word' id='word_1_842' title='bbox 1279 2722 1464 2758; x_wconf 82' lang='grc' dir='ltr'>ὲκτυπώματα</span> <span class='ocrx_word' id='word_1_843' title='bbox 1475 2720 1583 2752; x_wconf 76' lang='grc' dir='ltr'>ὑλικῶς,</span> <span class='ocrx_word' id='word_1_844' title='bbox 1602 2719 1648 2745; x_wconf 76' lang='grc' dir='ltr'><strong>καὶ</strong></span> <span class='ocrx_word' id='word_1_845' title='bbox 1662 2719 1713 2745; x_wconf 80' lang='grc' dir='ltr'><strong>οὐκ</strong></span> <span class='ocrx_word' id='word_1_846' title='bbox 1724 2719 1752 2744; x_wconf 81' lang='grc' dir='ltr'>ὲν</span> <span class='ocrx_word' id='word_1_847' title='bbox 1766 2717 1839 2752; x_wconf 75' lang='grc' dir='ltr'>μέρει</span> 
     </span>
    </p>
   </div>
   <div class='ocr_carea' id='block_1_111' title="bbox 1057 2764 1839 2808">
    <p class='ocr_par' dir='ltr' id='par_1_111' title="bbox 1057 2764 1839 2808">
     <span class='ocr_line' id='line_1_111' title="bbox 1057 2764 1839 2808; baseline -0.014 -9"><span class='ocrx_word' id='word_1_848' title='bbox 1057 2774 1106 2808; x_wconf 76' lang='grc' dir='ltr'><strong>τῆς</strong></span> <span class='ocrx_word' id='word_1_849' title='bbox 1117 2771 1262 2808; x_wconf 74' lang='grc' dir='ltr'>σφραγῖδος</span> <span class='ocrx_word' id='word_1_850' title='bbox 1274 2770 1442 2806; x_wconf 85' lang='grc' dir='ltr'>μετέχουσιν.</span> <span class='ocrx_word' id='word_1_851' title='bbox 1452 2767 1545 2794; x_wconf 71' lang='grc' dir='ltr'>Εἰπὼν</span> <span class='ocrx_word' id='word_1_852' title='bbox 1553 2767 1582 2792; x_wconf 81' lang='grc' dir='ltr'>δὲ</span> <span class='ocrx_word' id='word_1_853' title='bbox 1591 2765 1624 2792; x_wconf 83' lang='grc' dir='ltr'>τὰ</span> <span class='ocrx_word' id='word_1_854' title='bbox 1634 2774 1671 2791; x_wconf 78' lang='grc' dir='ltr'>πα</span> <span class='ocrx_word' id='word_1_855' title='bbox 1676 2764 1768 2799; x_wconf 83' lang='grc' dir='ltr'>ραδείγ</span> <span class='ocrx_word' id='word_1_856' title='bbox 1772 2772 1839 2799; x_wconf 85' lang='grc' dir='ltr'>ματα</span> 
     </span>
    </p>
   </div>
   <div class='ocr_carea' id='block_1_112' title="bbox 1059 2810 1838 2856">
    <p class='ocr_par' dir='ltr' id='par_1_112' title="bbox 1059 2810 1838 2856">
     <span class='ocr_line' id='line_1_112' title="bbox 1059 2810 1838 2856; baseline -0.017 -9"><span class='ocrx_word' id='word_1_857' title='bbox 1059 2818 1259 2856; x_wconf 78' lang='grc' dir='ltr'>ὑπερκειμένην</span> <span class='ocrx_word' id='word_1_858' title='bbox 1276 2817 1396 2843; x_wconf 83' lang='grc' dir='ltr'>δείκνυσι</span> <span class='ocrx_word' id='word_1_859' title='bbox 1410 2814 1478 2850; x_wconf 75' lang='grc' dir='ltr'>πρὸς</span> <span class='ocrx_word' id='word_1_860' title='bbox 1492 2813 1578 2840; x_wconf 83' lang='grc' dir='ltr'>ταῦτα</span> <span class='ocrx_word' id='word_1_861' title='bbox 1592 2812 1640 2847; x_wconf 86' lang='grc' dir='ltr'>τὴν</span> <span class='ocrx_word' id='word_1_862' title='bbox 1652 2811 1702 2846; x_wconf 81' lang='grc' dir='ltr'>τῆς</span> <span class='ocrx_word' id='word_1_863' title='bbox 1720 2810 1838 2844; x_wconf 79' lang='grc' dir='ltr'>θεότητος</span> 
     </span>
    </p>
   </div>
   <div class='ocr_carea' id='block_1_113' title="bbox 1059 2854 1839 2901">
    <p class='ocr_par' dir='ltr' id='par_1_113' title="bbox 1059 2854 1839 2901">
     <span class='ocr_line' id='line_1_113' title="bbox 1059 2854 1839 2901; baseline -0.015 -9"><span class='ocrx_word' id='word_1_864' title='bbox 1059 2863 1214 2901; x_wconf 63' lang='grc' dir='ltr'>ἀμέθεξίανε</span> <span class='ocrx_word' id='word_1_865' title='bbox 1229 2863 1295 2890; x_wconf 70' lang='grc' dir='ltr'>διὸτι</span> <span class='ocrx_word' id='word_1_866' title='bbox 1307 2862 1367 2888; x_wconf 73' lang='grc' dir='ltr'>οὗτε</span> <span class='ocrx_word' id='word_1_867' title='bbox 1384 2860 1474 2894; x_wconf 58' lang='grc' dir='ltr'>ἐπαφὴ</span> <span class='ocrx_word' id='word_1_868' title='bbox 1489 2859 1572 2893; x_wconf 73' lang='grc' dir='ltr'>αὐτῆς</span> <span class='ocrx_word' id='word_1_869' title='bbox 1587 2858 1670 2890; x_wconf 76' lang='grc' dir='ltr'>ἐστιν,</span> <span class='ocrx_word' id='word_1_870' title='bbox 1685 2856 1720 2887; x_wconf 79' lang='grc' dir='ltr'>ὡς</span> <span class='ocrx_word' id='word_1_871' title='bbox 1739 2856 1785 2882; x_wconf 76' lang='grc' dir='ltr'><strong>ἐπὶ</strong></span> <span class='ocrx_word' id='word_1_872' title='bbox 1796 2854 1839 2881; x_wconf 77' lang='grc' dir='ltr'>τοῦ</span> 
     </span>
    </p>
   </div>
  </div>
