1929 3068
132 183 186 212 669

417 182 461 208 DE
477 181 604 209 DlVlNlS
627 179 824 225 NOWNIBUS,
844 182 920 210 CAP.
939 183 971 209 ll.
992 198 1025 202 —
1050 180 1224 209 PARAPHR.
1246 180 1481 209 PACHYMERIE.

1713 182 1765 209 670

132 241 257 277 σημείου·
266 241 327 279 οὔτε
337 240 404 276 ἄλλη
413 249 454 273 τις
463 241 601 277 συμμιγὴς
610 241 736 268 κοινωνία
744 241 810 276 πρὸς
818 239 851 267 τὰ
864 249 914 276 μετ

976 239 1100 267 declarat
1123 239 1273 266 divinitatis
1299 239 1604 273 imparticipahilitatem
1625 239 1683 266 hare
1708 239 1763 274 ipsa

129 286 243 321 έχοντα,
263 287 301 319 ὡς
316 287 373 313 ἔστι
390 287 439 322 τῆς
459 287 613 322 σφραγῖδος
638 287 698 314 κατ’
717 287 810 315 οὐσίαν
831 286 885 321 γὰρ
904 287 920 322 ὴ

131 333 227 369 θεότης
237 334 267 360 οὐ
281 333 434 369 μετέχεται,
451 333 597 369 μεθεκτικὴ
612 333 641 360 δέ.
653 333 726 359 ἐστιν
738 333 766 359 ἐν
828 333 857 364 ἐξ
874 333 922 358 αὺ-

129 379 180 414 τῆς
192 377 260 406 εἶναι
275 379 309 406 τὰ
321 380 419 410 πάντα,
432 380 479 405 καὶ
497 380 543 406 ὑπ’
558 379 643 414 αὐτῆς
664 378 824 414 συνέχεσθαι
841 379 880 410 είς
891 378 922 404 τὸ

129 423 187 452 εἶνα
193 434 210 452 ιι

161 554 175 590 §
188 553 230 581 Vl.
241 554 338 581 Καίτοι
347 554 412 590 φαίη
423 562 475 586 τις,
482 554 520 586 ὡς
527 554 577 581 οὐκ
584 554 680 589 ἐστινὴ
691 555 807 590 σφραγὶς
814 555 842 580 ἐν
850 553 919 585 ὅλοις

127 601 184 632 τοῖς
194 600 352 635 ἐκμαγείοις
363 601 379 635 ἠ
392 600 471 635 αὑτή’
484 599 534 627 ποῦ
545 600 593 635 μὲν
606 600 660 635 γὰρ
670 600 792 636 ἀκριϐῶς
804 600 919 635 ὲγκεχά-

129 644 238 682 ρακται,
251 646 301 673 ποῦ
316 647 345 673 δὲ
358 646 485 682 μετρίως·
499 647 546 673 καὶ
563 646 636 681 λέγει
650 646 720 672 λύων
735 647 749 672 ὁ
762 646 865 680 Ἄγιος,
878 646 918 672 ὄτι

126 693 207 720 τοῦτο
220 693 320 728 μᾶλλόν
333 694 391 720 ἐστι
404 693 588 728 παρατατικὸν
603 692 657 719 τῶν
668 693 834 728 λεγομένων,
847 693 888 719 ὅτι
902 694 918 728 ἠ

128 740 178 774 μὲν
193 740 310 775 σφραγὶς
324 740 340 775 ἡ
354 739 421 775 αὐτή
436 740 519 765 ἐστιν·
535 740 552 774 ἡ
564 739 593 765 δὲ
605 739 659 766 τῶν
675 739 841 774 μετεχόντων
859 739 918 765 δια-

126 785 200 821 φορὰ
219 785 335 820 ἀνόμοια
359 785 431 811 ποιεῖ
450 785 484 811 τὰ
505 783 690 820 ὲκτυπώματα
707 784 756 819 τῆς
775 784 859 819 αὐτῆς
873 785 919 810 καὶ

127 832 193 866 μιᾶς
210 831 387 866 ἀρχετυπίας·
410 827 466 857 οἷον
481 831 505 856 εἰ
518 830 601 862 ἁπλᾶ,
616 831 662 857 καὶ
673 830 826 861 εὐτύπωτα,
841 829 857 865 ἢ
871 830 918 856 καὶ

125 877 185 903 λεῖα
198 878 244 904 καὶ
259 877 402 912 ἀχάρακτα
414 876 467 902 ἀπὸ
482 875 569 903 ἄλλων
583 875 818 911 προηγησαμένων
833 883 917 910 χαρα-

125 923 245 959 κτήρων,
257 924 303 950 καὶ
312 923 380 958 μήτε
393 922 496 958 σκληρὰ
507 923 554 949 καὶ
561 922 705 953 ἀντίτυπα,
718 921 756 952 ὡς
766 921 917 956 κατεσκλη-
931 921 953 948 Β

126 968 182 1000 κὼς
195 969 290 1004 κηρὸς,
314 969 381 1004 μήτε
403 969 483 995 πάλιν
495 968 649 1003 εὐδιάχυτα,
664 967 701 998 ὡς
714 966 919 1002 κατατετηγμέ-

125 1024 170 1047 νος
180 1016 213 1051 τῇ
230 1015 327 1050 θέρμῃ,
341 1014 460 1050 καθαρὸν
472 1015 528 1047 ἕξει
540 1015 586 1040 τὸν
597 1014 691 1040 τύπον·
707 1014 731 1040 εί
745 1013 774 1039 δέ
792 1022 818 1039 τι
833 1013 919 1039 ἐλλεί-

125 1068 182 1091 πει,
196 1059 274 1086 τοῦτο
287 1059 372 1086 αἴτιον
384 1059 400 1095 ἢ
411 1059 457 1086 τοῦ
470 1059 601 1094 ἀσαφοῦς,
614 1058 630 1094 ἢ
645 1059 691 1085 τοῦ
706 1058 918 1094 παρακεκομμέ-

124 1114 182 1137 νου,
194 1106 211 1141 ἦ
221 1114 292 1137 τινος
306 1105 398 1138 ἄλλου,
411 1106 460 1132 ὅσα
470 1104 661 1140 ὲπισυμόαίνει
673 1105 716 1131 διὰ
730 1104 779 1140 τὴν
789 1103 843 1131 τῶν
854 1112 918 1139 μετ-

124 1151 240 1186 εχόντων
259 1151 509 1186 ἀνεπιτηδειότητα.
530 1150 628 1177 Σκόπει
649 1151 694 1176 καὶ
720 1150 816 1185 ἑτέραν
842 1149 916 1176 θείαν

123 1196 259 1231 διάκρισιν
272 1197 320 1232 τὴν
341 1198 390 1232 τῆς
406 1197 638 1233 ἐνανθρωπήσεως
656 1196 703 1223 τοῦ
715 1196 812 1232 Λόγου,
827 1198 874 1224 καὶ
884 1197 915 1223 τὸ

123 1242 221 1277 δρᾶσαι
233 1243 280 1269 καὶ
297 1242 404 1275 παθεῖν,
426 1243 475 1269 ὅσα
487 1243 523 1275 ὡς
538 1242 679 1279 ἄνθρωπος
693 1243 740 1270 καὶ
753 1243 848 1279 ἔδρασε
870 1244 916 1270 καὶ

124 1287 208 1314 ἔπαθε
223 1287 365 1323 Θαυμαστὰ
378 1289 425 1314 κα)¹
437 1287 585 1324 παράδοξα
606 1288 710 1320 τούτοις
723 1288 778 1324 γὰρ
794 1289 808 1314 ὁ
822 1288 916 1324 Πατὴρ

124 1335 171 1360 καὶ
182 1334 211 1360 τὸ
220 1335 331 1370 Πνεῦμα
339 1335 368 1361 οὐ
381 1335 619 1370 κεκοινωνήκασιψ
632 1337 655 1362 εἰ
666 1336 702 1371 μή
715 1344 757 1367 τις
765 1335 837 1361 εἴποι
845 1334 915 1362 κατὰ

123 1379 172 1414 τὴν
185 1379 372 1415 φιλάνθρωπον
383 1379 506 1407 εὐδοκίαν
520 1381 566 1407 καὶ
583 1380 720 1416 βούλησιν,
743 1381 790 1407 καὶ
802 1381 871 1408 κατὰ
885 1381 915 1407 τὸ

125 1426 336 1461 συνεργάζεσθαι
349 1426 387 1462 τῷ
395 1426 452 1461 Υἱῷ
462 1426 511 1458 τὰς
520 1426 690 1462 Θεοσημείας.
706 1426 783 1453 Οὕτω
793 1426 857 1461 γοῦν
869 1426 915 1453 καὶ

123 1467 204 1507 ἢμεῖς
224 1472 317 1505 καθὼς
335 1473 369 1499 τὰ
391 1473 450 1499 θεῖα
471 1473 576 1508 ἔχουσιν
589 1472 716 1508 ἀληθείας
728 1473 775 1499 καὶ
797 1472 913 1507 φύσεως,

123 1521 170 1547 καὶ
184 1520 259 1548 ἑνοῦν
271 1519 310 1556 τῷ
322 1521 394 1556 λόγῳ
406 1521 451 1548 καὶ
465 1521 612 1556 διακρίνειν
627 1520 789 1548 σπεύδομεν.

160 1670 174 1706 §
194 1669 247 1698 VII.
272 1669 350 1697 Ἀλλὰ
362 1670 463 1696 τούτων
478 1669 527 1706 μὲν
539 1669 593 1696 τῶν
607 1668 728 1696 ὲνώσεων
748 1669 795 1696 καὶ
807 1668 913 1704 διακρί-

123 1725 193 1743 σεων
204 1717 269 1748 ὅσας
282 1717 370 1748 αἰτίας
383 1716 545 1752 θεοπρεπεῖς
558 1716 587 1742 ὲν
606 1717 666 1746 ταῖς
687 1715 772 1750 ἱεραῖς
794 1714 914 1750 Γραφαίς

122 1763 289 1798 εὑρήκαμεν,
304 1764 332 1789 ὲν
346 1762 434 1794 ἄλλοις
454 1762 507 1797 ἰδίᾳ
528 1762 592 1797 περὶ
613 1762 731 1796 ἑκάστης
743 1761 913 1795 διελάϐομεν,

122 1809 157 1836 τὰ
171 1809 219 1845 μὲν
231 1808 431 1842 ἀναπτύξαντες
441 1830 448 1841 ,
462 1808 524 1835 νοῦν
545 1807 677 1834 ἀθόλωτον
696 1806 913 1842 προσαγαγόντες

121 1856 179 1886 τοῖς
196 1855 288 1888 φανοῖς
311 1856 454 1889 γραφικοῖς
475 1854 616 1888 θεάμασιν,
636 1853 715 1888 (οὕτω
736 1852 790 1888 γὰρ
809 1854 823 1879 ὁ
843 1852 914 1888 ἱερὸς

123 1900 288 1927 ἀναπτύσσει
302 1900 348 1926 καὶ
366 1899 510 1935 ἑρμηνεύει
529 1899 614 1933 νοῦς)
633 1899 688 1930 τοῖς
708 1897 736 1924 δὲ
748 1918 754 1930 ,
769 1898 806 1929 ὡς
822 1906 915 1933 μυστι-

123 1947 180 1977 κοῖς
193 1945 240 1972 καὶ
252 1945 322 1980 ὑπὲρ
335 1944 430 1980 νοερὰν
445 1945 487 1970 ὲνέ
493 1952 596 1979 ργειαν,
618 1943 773 1976 ἑνωθέντες,
794 1942 914 1978 δηλονότι

124 1992 187 2028 σιγῇ
201 1991 249 2017 καὶ
264 1990 437 2026 ἀκαταληψιᾳ
450 1991 625 2026 τιμήσαντες
637 1989 780 2021 οὑκᾶλλως
792 1989 846 2025 γὰρ
857 1989 914 2020 τοῖς

122 2038 254 2069 τοιούτοις
271 2037 409 2064 ἐπιϐάλλει
429 2037 443 2063 ὁ
464 2036 535 2072 ἱερὸς
555 2036 617 2068 νοῦς
637 2036 653 2072 ἢ
674 2035 743 2063 κατὰ
759 2036 913 2062 ἀπόπαυσιν

124 2085 215 2120 πάσης
228 2087 360 2120 κινήσεως
369 2084 496 2119 νοητικῆς
508 2083 561 2111 τῶν
575 2084 667 2111 ὄντων·
679 2083 759 2110 τοῦτο
771 2083 825 2119 γὰρ
840 2084 915 2119 δηλοῖ

123 2131 153 2157 τὸ
165 2130 241 2164 ὑπὲρ
252 2130 361 2164 γοερὰν
374 2129 534 2164 ἐνέργειαν,
545 2129 681 2156 τουτέστιν
691 2130 754 2156 ὅταν
764 2129 802 2163 τῷ
816 2130 914 2155 ἀκατα-

123 2176 219 2212 λήπτῳ
232 2175 279 2202 τοῦ
294 2175 361 2202 Θεοῦ
374 2175 505 2202 πάντοθεν
518 2175 679 2211 περισχεθῇ,
693 2175 754 2201 τότε
774 2175 914 2210 καταλαμ-

124 2223 200 2249 ϐάνει
214 2222 304 2254 ποσῶς
315 2223 346 2249 τὸ
358 2221 638 2258 ζητούμενονέΠέιντα
657 2220 711 2257 γὰρ
728 2220 763 2247 τὰ
779 2221 837 2247 θεῖα
853 2221 913 2247 ὀνό-

973 292 1120 320 superare;
1143 284 1272 319 quoniam
1295 292 1384 318 neque
1399 289 1487 313 tactus
1506 286 1566 320 ejus
1581 290 1633 316 est.
1651 285 1721 313 sicut
1738 283 1772 312 in'

973 337 1084 366 puncto.
1103 335 1191 366 neque
1214 331 1267 358 alia
1292 330 1396 365 qiurvis
1422 331 1500 358 misla
1525 331 1679 358 communio
1703 339 1763 358 cum

973 376 1162 411 participanle,
1180 382 1209 403 ut
1229 378 1255 403 in
1272 376 1378 411 sigillo;
1396 383 1458 402 nam
1474 377 1602 404 divinitas
1615 378 1763 404 secundum

972 423 1151 449 substantiam
1166 430 1219 448 non
1239 422 1432 456 partieipatur,
1457 423 1503 449 sed
1525 427 1568 449 est
1583 423 1763 458 participans,

972 467 998 494 in
1011 474 1141 503 quantum
1161 476 1192 495 ex
1208 473 1239 495 ea
1255 472 1318 495 sunt
1334 468 1424 494 omnia
1440 473 1468 495 et
1485 469 1519 495 ab
1532 469 1589 504 ipsa
1602 470 1627 496 in
1640 476 1689 496 suo
1702 476 1763 496 esse

972 515 1157 540 continentur.

1009 559 1022 595 δ
1036 559 1079 587 Vl.
1094 560 1208 587 Atdieet
1218 559 1329 594 aliquis,
1340 560 1457 596 sigillum
1470 560 1496 587 in
1509 560 1573 587 totis
1583 561 1719 595 expressis
1732 561 1764 588 li-

971 605 1046 640 guris
1064 613 1118 632 non
1135 613 1194 632 esse
1214 605 1302 638 idem;
1325 606 1488 640 quandoque
1510 606 1582 633 enim
1603 611 1698 634 exacte
1714 615 1763 634 ex-

970 658 1095 684 pressum
1111 657 1162 684 est,
1180 651 1343 687 quandoque
1359 660 1426 679 vero
1447 653 1639 686 mediocriter;
1670 654 1763 688 aitque

971 704 1084 725 sanctus
1107 698 1190 726 Pater
1213 700 1239 727 id
1258 700 1376 730 solvens,
1400 699 1486 734 magis
1505 707 1536 727 ea
1561 707 1621 734 quae
1636 699 1763 727 dicuntur

970 743 1149 777 confirmare;
1166 745 1294 778 quoniam
1309 746 1427 780 sigillum
1451 745 1522 772 idem
1538 750 1589 777 est,
1609 746 1655 773 sed
1670 746 1763 772 diver-

970 789 1038 816 sitas
1054 790 1327 822 communicantium.
1345 792 1426 818 unius
1437 798 1469 818 ac
1483 790 1604 824 ejusdem
1618 790 1762 826 primitiva:

971 835 1074 868 formas,
1103 837 1250 864 dissimiles
1279 838 1367 864 reddit
1385 837 1510 872 etligies:
1535 842 1564 864 ut
1579 838 1601 864 si
1627 837 1761 872 simplicia

971 881 1145 916 formamque
1158 882 1260 915 facilia,
1272 883 1313 910 vel
1328 884 1410 910 etiam
1428 883 1533 917 mollia,
1554 884 1669 918 aliisqtte
1690 883 1761 918 figu-

969 929 1006 955 ris
1025 936 1057 955 ae
1087 928 1184 956 formis
1203 930 1336 961 carentia,
1361 938 1421 964 qum
1440 936 1528 964 neque
1551 930 1617 956 dura
1633 929 1699 962 sint,
1717 937 1763 957 ne-

968 982 1022 1009 que
1045 974 1219 1006 reluctantia,
1244 979 1274 1002 ut
1291 976 1428 1002 exsiccata
1451 983 1532 1008 cera;
1551 983 1640 1010 neque
1662 977 1760 1002 iterum

968 1020 1050 1054 ﬂuxa,
1073 1025 1102 1047 ut
1122 1028 1184 1047 cera
1202 1028 1258 1055 pra:
1281 1020 1373 1048 calore
1389 1020 1548 1056 liquefacta,
1564 1021 1678 1047 nitidam
1694 1021 1761 1055 [igu-

969 1074 1025 1092 ram
1044 1067 1172 1094 habitura
1187 1071 1269 1098 sunt;
1283 1066 1323 1092 sin
1337 1071 1427 1093 autem
1443 1066 1547 1100 aliquid
1564 1066 1689 1098 defuerit,
1707 1067 1760 1093 hoc

967 1119 1048 1139 causa
1063 1113 1115 1139 erit
1136 1112 1179 1139 vel
1203 1112 1392 1145 obscuritatis,
1412 1112 1454 1139 vel
1475 1112 1613 1143 falsitatis,
1628 1113 1670 1139 vel
1689 1112 1759 1139 alte-

968 1159 1023 1186 rius
1038 1157 1171 1190 defeetus,
1198 1165 1259 1192 quae
1283 1163 1395 1193 propter
1417 1158 1627 1192 ineptitudinem
1647 1159 1761 1193 partici-

967 1204 1089 1239 pantium
1118 1203 1256 1231 accidunt.
1282 1203 1403 1231 Observa
1426 1204 1508 1230 etiam
1539 1203 1619 1230 aliam
1640 1204 1760 1231 divinam

967 1249 1170 1277 distinctionem
1196 1248 1275 1275 Verhi
1293 1249 1425 1276 iuearnati
1443 1253 1498 1275 tam
1515 1249 1541 1275 in
1560 1249 1666 1284 agendo
1678 1257 1759 1284 quarti

967 1296 1094 1330 patiendo
1111 1295 1247 1323 mirabilia
1262 1300 1289 1322 et
1302 1295 1484 1330 obstupenda,
1496 1302 1570 1329 qum,
1587 1296 1612 1322 in
1626 1302 1759 1330 quantum

967 1342 1059 1375 homo,
1074 1348 1102 1368 et
1114 1344 1169 1377 egit
1184 1346 1212 1369 et
1228 1342 1355 1377 pertulit;
1373 1341 1414 1368 his
1427 1341 1499 1368 enim
1514 1346 1541 1368 et
1557 1341 1640 1368 Pater
1659 1346 1686 1368 et
1699 1341 1761 1376 Spi-

967 1389 1036 1415 ritus
1054 1396 1106 1415 non
1128 1388 1375 1419 eommunicarunt,
1404 1387 1456 1415 nisi
1480 1387 1550 1414 forte
1567 1388 1629 1422 quis
1649 1387 1759 1419 dixerit,

966 1432 1113 1459 secundum
1132 1432 1279 1467 benignum
1302 1431 1503 1466 honeplucitum
1529 1439 1560 1459 ac
1582 1432 1759 1466 voluntatem.

964 1477 1032 1504 etin
1059 1478 1159 1505 divinis
1189 1478 1275 1513 signis
1298 1477 1366 1505 Filio
1391 1478 1573 1512 cooperando.
1590 1477 1644 1504 Nos
1670 1478 1760 1513 itaque

965 1524 1091 1551 similiter
1103 1531 1147 1551 res
1161 1524 1268 1551 divinas
1287 1531 1415 1552 sermone
1429 1523 1595 1558 conjungere
1608 1524 1759 1559 distiugue-

967 1576 1050 1604 reque
1069 1570 1228 1605 satagimus,
1251 1575 1333 1605 prout
1352 1577 1418 1597 vere
1441 1578 1474 1597 ac
1499 1574 1594 1596 natura
1613 1577 1660 1597 sua
1677 1569 1759 1596 unitae

965 1620 1028 1643 sunt
1039 1623 1070 1642 ac
1085 1616 1228 1642 distiuctm.

999 1661 1081 1697 336
1102 1662 1116 1697 §
1133 1661 1188 1689 νη.
1209 1661 1262 1688 Sed
1286 1661 1382 1688 harum
1403 1661 1535 1688 unionum
1551 1668 1583 1688 ac
1606 1659 1758 1688 distinctio-

966 1715 1029 1734 num
1054 1714 1231 1742 quascunquc
1258 1707 1284 1733 in
1307 1707 1394 1734 sacris
1421 1707 1533 1734 Litteris
1560 1707 1680 1734 rationes
1702 1707 1759 1734 Deo

965 1758 1167 1780 consentaneas
1196 1753 1360 1787 reperimus,
1383 1753 1449 1780 alibi
1475 1758 1598 1780 seorsum
1627 1753 1759 1788 explicui-

965 1807 1037 1831 mus,
1062 1799 1161 1834 partim
1184 1800 1294 1834 quidem
1320 1807 1368 1827 eas
1393 1800 1576 1833 enucleando,
1602 1808 1633 1828 ac
1661 1807 1757 1835 purum

966 1844 1196 1879 tranquillumque
1219 1845 1340 1871 animum
1362 1851 1493 1879 perquam
1519 1845 1614 1872 lucidis
1636 1844 1759 1879 Scriptu-

967 1897 1058 1917 rarutn
1073 1891 1352 1924 contemplatiouibus
1372 1892 1543 1918 admovendo
1556 1891 1608 1925 (sic
1625 1891 1697 1918 enim
1711 1898 1758 1918 eas

966 1944 1041 1964 mens
1056 1943 1134 1963 sacra
1146 1937 1264 1971 explicat
1275 1942 1303 1964 ct
1325 1937 1547 1972 interpretatur),
1565 1938 1664 1972 partiti)
1681 1945 1756 1970 vero,

965 1990 1013 2009 ('eu
1042 1982 1180 2017 mysticis,
1215 1989 1296 2017 supra
1327 1983 1427 2010 mentis
1456 1983 1539 2009 etiam
1570 1984 1756 2017 operationem

965 2027 1049 2060 uniti,
1074 2019 1183 2055 silentio
1212 2028 1317 2055 scilicet
1339 2033 1364 2055 et
1392 2029 1657 2063 incomprehensibili
1678 2030 1757 2056 modo

966 2074 1095 2101 honorem
1117 2074 1286 2101 exhibentes.
1322 2074 1398 2101 Mens
1421 2075 1492 2101 enilu
1510 2081 1587 2101 sacra
1610 2067 1663 2102 non
1678 2076 1758 2103 aliter

966 2120 999 2147 iis
1024 2120 1140 2147 intendit
1162 2127 1244 2154 quam
1263 2127 1311 2154 per
1325 2127 1436 2147 onmem
1456 2120 1637 2147 cessationem
1654 2126 1755 2156 motus,

965 2167 1008 2200 qui
1024 2167 1057 2193 ad
1080 2166 1272 2201 intelligendas
1293 2174 1336 2193 res
1363 2166 1448 2198 facit;
1471 2167 1523 2193 hoc
1544 2167 1616 2193 enim
1637 2167 1758 2194 declarat

965 2212 1029 2239 illud
1056 2214 1128 2247 quod
1149 2213 1236 2245 dixit,
1250 2221 1330 2247 supra
1351 2213 1442 2240 mentis
1455 2213 1649 2246 operationem,
1663 2213 1689 2240 id
1715 2218 1758 2241 est

126 2276 207 2303 ματα,
220 2269 268 2295 καὶ
288 2269 337 2295 ὅσα
354 2270 419 2304 ἡμῖν
433 2268 632 2304 πεφανέρωται,
647 2268 707 2299 ταῖς
728 2268 853 2302 μετοχαῖς
867 2267 913 2302 μό-

968 2260 1072 2293 quando
1087 2260 1206 2294 undique
1223 2260 1270 2287 Dei
1287 2261 1613 2295 ineomprehensibilitate
1631 2269 1756 2296 compre-

124 2323 183 2345 ναις
195 2314 391 2347 γινώσκονται,
412 2314 472 2340 καθ’
492 2314 524 2346 ἃς
547 2313 697 2349 μετέχομεν
713 2313 819 2347 ὰμιγῶς
834 2313 914 2347 ἡμεῖς

123 2359 170 2386 τοῦ
184 2360 261 2386 Θεοῦ·
276 2361 308 2387 ἐκ
324 2360 377 2396 γὰρ
389 2360 442 2387 τῶν
452 2359 573 2396 μετοχῶν
585 2359 639 2386 τῶν
655 2359 706 2385 ὑπὸ
722 2359 769 2385 τοῦ
781 2358 848 2385 Θεοῦ
863 2359 914 2385 δω-

125 2406 263 2441 ρουμένων
278 2407 341 2441 ἡμῖν
357 2407 403 2433 καὶ
421 2407 469 2438 τὰς
488 2407 551 2441 περὶ
571 2405 638 2432 Θεοῦ
659 2405 807 2440 ὀνομασίας
827 2405 915 2431 ποιού-

125 2450 205 2486 μθα.
219 2451 292 2477 Αὺτὲι
306 2451 333 2477 δὲ
350 2451 383 2477 τὰ
398 2451 457 2478 θεῖα
467 2451 547 2478 ὁποῖά
567 2451 633 2477 ποτέ
650 2452 708 2476 ἐστι
727 2449 797 2476 κατὰ
809 2449 857 2485 τὴν
877 2451 914 2476 oi-

124 2498 202 2524 κειαν
213 2497 303 2532 φύσιν,
318 2498 387 2534 ὑπὲρ
400 2498 461 2525 νοῦν
473 2499 520 2524 καὶ
535 2498 625 2524 πᾶσαν
644 2497 738 2523 οὐσίαν
758 2495 840 2522 ἐστίν·
859 2493 913 2522 οἷον

123 2544 148 2570 εί
158 2542 210 2578 τὴν
229 2543 390 2579 ὑπερούσιον
401 2543 580 2579 κρυφιότητα,
593 2543 640 2569 τὸν
651 2542 727 2574 Θεὸν,
745 2540 913 2577 ὀνομάζομεν

122 2589 139 2624 ἢ
154 2589 230 2621 Θεὸν,
246 2590 263 2625 ἢ
282 2589 364 2625 ζωὴν,
377 2590 393 2625 ἢ
404 2590 497 2621 τᾶλλα,
509 2589 585 2616 οὐδὲν
599 2590 693 2625 ἕτερον
705 2588 818 2623 νοοῦμεν
830 2588 845 2623 ἢ
864 2588 913 2619 τὰς

123 2637 164 2668 εἰς
175 2637 248 2672 ἡμᾶς
258 2636 459 2671 ἁγαθοπρεπεῖς
467 2636 605 2671 δυνάμεις,
619 2635 678 2662 καθ’
691 2635 723 2666 ἃς
735 2634 912 2669 ἐκθεούμεθα,

122 2680 139 2716 ἢ
160 2680 394 2716 οὐσιοποιούμεθα,
409 2681 426 2716 ἦ
440 2680 652 2715 ζωοποιούμεθα,
667 2681 712 2706 καὶ
725 2679 808 2706 τᾶλλα
825 2680 914 2714 ὁμοιο-

122 2727 242 2762 τρόπως.
265 2727 337 2762 Αὐτὴ
358 2727 387 2754 δὲ
404 2728 420 2762 ἡ
440 2726 499 2753 θεία
521 2726 707 2761 ὑπερύπαρξις
730 2726 800 2752 οὕτω
823 2725 913 2757 ποσῶς

124 2772 322 2807 ὑμνηθήσεται,
346 2772 410 2798 ὅταν
426 2772 516 2807 πάσης
535 2771 673 2807 ἐνεργείας
692 2771 913 2806 δραστικωτάτης

124 2817 173 2844 καὶ
187 2819 284 2853 νοερᾶς
301 2818 475 2847 ἀπολυθεῖσα,
486 2817 586 2844 τούτων
598 2815 675 2851 ἡμῶν
684 2818 691 2827 ⁴
702 2817 730 2842 ἐν
741 2817 773 2851 τῇ
786 2815 832 2842 τοῦ
843 2816 912 2850 ἡμε-

123 2864 204 2900 τέρου
219 2865 265 2891 νοῦ
285 2864 441 2900 ἁδιακρισίᾳ
454 2864 561 2899 δέξηται
583 2864 656 2898 ἡμᾶς
677 2862 721 2889 διὰ
740 2862 816 2897 σιγῆς
834 2862 912 2895 ἁγίας

125 2909 322 2942 ἐπιϐάλλοντας
328 2911 387 2941 ταῖς
396 2910 498 2936 ἐκεῖθεν
509 2906 687 2946 ἐκφοιτὼσαις
697 2908 821 2942 δωρεαῖς·
833 2907 912 2934 τοῦτο

967 2306 1110 2339 henditur,
1138 2311 1202 2333 tunc
1226 2307 1380 2340 assequitur
1409 2308 1482 2342 quod
1512 2308 1661 2342 quaerebat.
1687 2307 1755 2334 Nam

965 2353 1055 2380 omnia
1069 2353 1159 2380 divina
1181 2353 1301 2384 nomina,
1325 2358 1353 2380 et
1377 2360 1546 2388 quaecunque
1568 2353 1646 2380 nobis
1671 2361 1756 2388 appa-

967 2403 1092 2431 ruerunt,
1116 2399 1182 2426 solis
1208 2399 1462 2433 partieipatiouibus
1478 2403 1689 2433 cognoscuntur,
1713 2407 1758 2426 se-

965 2446 1082 2473 cumlum
1122 2453 1192 2480 quas
1224 2446 1394 2479 impermiSIe
1427 2446 1512 2472 Deum
1538 2445 1754 2479 participamus;

966 2499 1027 2518 nam
1046 2498 1079 2518 ex
1103 2491 1361 2526 participatiunibus
1380 2499 1441 2526 quae
1462 2498 1476 2517 a
1495 2491 1549 2518 Deo
1564 2491 1643 2518 nobis
1653 2492 1757 2518 donau—

965 2543 1019 2570 tur,
1041 2538 1086 2565 Dei
1100 2546 1207 2573 quoque
1233 2538 1342 2565 nomina
1360 2538 1563 2571 componimus.
1580 2537 1667 2564 Porro
1689 2545 1756 2572 qua-

966 2585 1005 2611 les
1030 2585 1150 2619 ipsazmet
1176 2592 1220 2611 res
1247 2584 1346 2611 divinae
1370 2584 1425 2611 sint
1454 2583 1604 2611 secundum
1630 2588 1755 2610 naturam

964 2637 1052 2662 suam,
1068 2637 1177 2657 onmem
1203 2634 1322 2657 tuentem
1337 2634 1364 2656 et
1380 2630 1527 2656 essentiam
1541 2630 1664 2661 excedit;
1683 2629 1756 2656 velut

965 2683 1025 2703 cum
1034 2683 1163 2703 arcanum
1173 2675 1236 2702 illud
1247 2675 1484 2710 superessentiale.
1496 2675 1593 2707 Deum,
1609 2674 1693 2702 Deum
1706 2683 1754 2701 no-

965 2723 1113 2754 minamus,
1126 2722 1167 2749 vel
1179 2722 1274 2754 vitam,
1286 2722 1327 2750 vel
1337 2723 1400 2755 alia,
1411 2722 1558 2751 nihilaliud
1568 2721 1754 2755 intelligimus.

963 2775 1044 2802 quam
1058 2768 1100 2795 vel
1117 2768 1248 2803 benignas
1267 2767 1294 2795 in
1310 2776 1359 2794 nos
1377 2768 1501 2799 virtutes,
1520 2767 1669 2794 secundum
1685 2775 1754 2801 quas

963 2814 1132 2847 deilicamur,
1155 2814 1198 2840 vcl
1225 2813 1476 2841 substantilicamur
1502 2813 1545 2840 vel
1571 2813 1754 2843 vivilieamur,

964 2865 1045 2892 atque
1068 2859 1118 2886 alia
1147 2859 1284 2885 similiter.
1313 2858 1372 2893 Ipsa
1387 2866 1451 2885 vero
1477 2859 1568 2886 divina
1588 2865 1752 2892 supraqnam

963 2905 1123 2933 cxsistcutia
1143 2905 1181 2932 sic
1195 2905 1394 2939 quodaminodo
1408 2904 1570 2935 laudabitur,
1588 2903 1696 2936 quando
1722 2903 1754 2928 ah
