1929 3068
171 158 218 184 671

760 156 787 183 S.
807 156 954 184 DIONYSII
970 156 1202 185 AREOPAGITXE
1226 187 1242 205 .

1752 161 1810 188 [ἲῖέ

171 217 291 243 etlicacia
307 217 382 244 omni
404 217 571 244 validissinta
599 220 625 242 ct
648 215 817 248 intelligente
840 215 963 242 absoluta

1023 216 1070 251 γάρ
1084 217 1143 242 ἐστι
1159 217 1205 243 καὶ
1219 218 1235 252 ὴ
1250 217 1279 242 ἐν
1299 217 1421 252 ἀγνωσία
1443 217 1559 251 γνῶσις,
1583 218 1612 244 ἐν
1676 218 1810 253 οὐδεμίαν

171 261 304 297 suscipiet
328 270 378 289 nos
400 263 426 289 in
456 268 550 290 saneto
573 261 692 291 silentio,
715 265 832 287 mentem
856 261 890 287 iis
903 268 962 294 qua:

172 307 245 334 illinc
259 313 422 342 promanant
441 308 519 335 donis
543 306 726 341 adjicietttes:
746 307 802 332 haec
823 305 896 332 enim
922 310 963 333 est

172 354 292 388 cognitio
316 355 342 381 in
363 355 544 390 ignoratione,
572 354 598 380 in
621 361 674 388 qua
701 353 804 379 nullam
825 353 964 379 cernimus

173 400 215 427 vel
230 400 442 432 dciﬁcationetn,
465 401 508 426 vel
527 400 622 432 vitam,
643 399 685 426 vel
703 399 883 426 substantiam
905 406 964 434 quae

173 446 252 480 plane
279 447 378 474 similis
406 447 440 474 sil
456 454 545 473 causa:
563 446 620 478 isti,
642 453 702 480 qua:
715 445 822 472 cunctis
842 452 890 479 per
905 452 964 470 om-

174 496 234 515 nem
264 489 453 516 excellentiam
482 490 630 516 antecellit.
656 489 814 516 Veneranda
830 497 963 526 sacroque

173 543 276 569 pavore
299 536 378 570 digna
394 541 458 562 sunt
474 541 576 563 sancta:
594 536 737 562 Trinitatis
756 535 879 566 nomina;
896 543 963 570 quo-

174 583 247 608 ttiatn
262 582 345 610 Pater
366 588 410 609 est
425 583 554 610 divinitas
570 582 690 614 fontalis,
709 582 792 609 Filius
814 589 878 608 vero
901 590 963 608 san-

173 634 289 662 etusque
305 628 426 662 Spiritus
440 633 503 655 sunt
526 629 650 663 quaedam
671 628 793 662 germina
816 636 848 654 ac
873 627 963 660 ﬂores,

175 682 207 701 ac
230 675 333 702 lutnina
365 675 619 710 superessentialia.
644 675 772 702 Germiua
796 675 918 709 quidem,
932 682 964 702 ex

176 720 282 747 visione
305 721 439 748 olivarum
466 720 605 748 Zachariae
631 721 644 740 ιι
669 729 676 748 :
705 721 809 748 ltnnina
826 728 901 754 vero,
932 728 964 747 ex

1014 262 1149 298 ὁρῶμενῆ
1163 262 1270 295 θέωσιν,
1286 262 1302 297 ἢ
1316 261 1399 297 ζωὴν,
1418 262 1434 298 ἢ
1456 263 1549 289 οὐσίαν
1559 283 1566 295 ,
1588 264 1604 298 ἦ
1618 272 1661 295 τις
1683 263 1810 298 ἀκριϐῶς

1015 308 1207 344 ὲξισωθήσεται
1216 310 1248 343 τῇ
1263 307 1332 334 κατὰ
1346 309 1433 335 πᾶσαν
1445 309 1581 344 ὑπεροχὴν
1596 309 1752 346 ἐξῃρημένη
1764 310 1811 335 αἱ·

1014 355 1070 390 τίᾳ.
1089 355 1129 381 Tit
1141 355 1276 390 σεϐάσμιοι
1295 357 1341 382 καὶ
1355 355 1455 391 φρικτὰ
1467 356 1513 383 ἐπὶ
1526 356 1576 390 τῆς
1589 357 1670 390 ἁγίας
1691 356 1810 391 Τριάδος

1016 401 1144 435 ὀνόματα,
1159 401 1200 426 ὅτι
1214 401 1318 436 πηγαία
1328 401 1422 436 θεότης
1443 402 1458 428 ὁ
1474 402 1580 437 Πατήρ·
1602 402 1616 428 ὁ
1636 402 1664 428 δὲ
1679 402 1742 433 Υἱὸς
1758 402 1810 427 καὶ

1015 448 1045 474 τὸ
1057 448 1132 482 ἅγιον
1142 448 1253 483 Πνεῦμα
1265 447 1384 483 βλαστοὶ,
1395 449 1442 474 καὶ
1451 448 1529 482 ἄνθη,
1545 448 1591 474 καὶ
1604 449 1680 482 φῶτα
1691 447 1811 483 ὑπερθύ-

1018 503 1072 520 σια.
1090 494 1202 520 Βλαστοὶ
1225 494 1284 529 μὲν,
1303 494 1356 520 ἀπὸ
1367 494 1416 529 τῆς
1430 494 1482 520 τῶν
1497 493 1595 520 ἐλαιῶν
1611 493 1742 525 ὀπτασίας
1758 493 1809 519 τοῦ

1015 539 1156 575 Ζαχαρίου·
1175 539 1251 573 φῶτα
1264 539 1292 565 δὲ
1305 541 1336 566 ἐκ
1348 540 1395 565 τοῦ
1419 539 1546 567 Ἰακώϐου
1559 539 1672 574 ἀδελφοῦ
1684 538 1730 565 τοῦ
1750 539 1810 564 Κυ-

1017 586 1084 621 ρίου,
1096 585 1169 620 παρὰ
1180 585 1233 620 [ῗσ.
1242 585 1317 620 περὶ]
1327 585 1373 611 τοῦ
1386 586 1491 620 Πατρὸς
1500 586 1554 612 τῶν
1564 586 1660 621 φώτων
1670 585 1806 619 λέγοντος.

1017 632 1108 658 Ταῦτα
1122 631 1187 665 γοῦν
1201 631 1234 657 τὶ
1253 631 1371 666 ὀνόματα
1383 631 1456 665 παρὰ
1468 632 1518 666 τῆς
1531 632 1642 667 Γραφῆς
1657 631 1810 666 παρελάϐο-

1019 685 1077 711 μεν·
1098 677 1173 708 ὅπως
1195 677 1223 703 δὲ
1235 676 1321 703 ταῦτα
1334 677 1416 708 ἐστιν,
1429 676 1490 704 οὔτε
1510 679 1596 704 εἰπεῖν
1609 677 1669 703 οὗτε
1684 675 1811 710 ἐννοῆσαι

1019 722 1141 749 δυνατόν.

176 767 298 803 Epistola
329 766 423 794 Jacobi
454 768 547 794 fratris
564 767 669 795 Domini
690 770 711 802 i,
735 769 780 803 qui
817 768 849 795 de
878 767 959 795 Patre
990 768 1121 796 luntinum
1154 770 1316 798 mentionem
1345 769 1420 797 facit.
1452 770 1514 797 Haec
1541 771 1633 805 itaqtte
1657 770 1765 797 nomina
1795 776 1811 795 τι

176 814 326 848 Scriptnris
355 814 441 841 sacris
470 815 645 848 accepimus;
678 823 796 850 quonam
827 820 917 841 autem
940 820 1023 849 pacto
1049 823 1110 844 sese
1139 816 1267 848 habeant,
1293 824 1382 851 neque
1414 816 1506 852 eloqui
1538 825 1626 851 neque
1657 815 1813 849 intelligere

175 861 308 887 valemus.

212 907 226 943 §
244 906 309 934 νιιι.
326 907 459 935 Cancrum
478 908 609 936 hactenus
633 915 715 936 omne
743 908 842 936 mentis
869 912 970 935 nostra:

1058 906 1072 941 §
1092 906 1159 934 VIII.
1170 907 1239 933 Ἀλλ’
1247 907 1310 943 ἄχρι
1322 906 1417 933 τούτου
1433 906 1572 942 προϐαίνει
1585 907 1600 940 ἡ
1611 905 1660 940 τῆς
1673 905 1812 941 ἡμετέρας

175 954 296 980 studium
314 955 365 981 hoc
379 959 495 988 spectat,
506 955 643 989 qttomodo
658 962 691 981 ex
705 955 754 982 hac
766 955 928 988 paternitate
936 961 968 981 ac

176 1000 308 1027 tiliatione
322 1001 412 1027 omnis
429 1001 582 1035 paternitas
599 1001 625 1028 itt
638 1001 708 1028 coelo
723 1006 750 1028 et
766 1001 791 1027 in
807 1006 878 1028 terra
887 1000 968 1035 337

176 1046 350 1079 nominetur;
365 1054 397 1074 ex
413 1055 465 1082 qtta
478 1047 518 1080 lit,
530 1053 560 1074 ut
573 1047 732 1082 spiritaliter
743 1047 969 1074 acdoctrinaliter

175 1093 256 1119 etiam
272 1093 308 1119 dii
323 1098 350 1119 et
369 1093 481 1120 deorttm
499 1098 589 1128 patres
610 1092 694 1119 divini
715 1101 747 1123 ac
763 1093 850 1120 sancti
865 1093 928 1125 viri,
942 1097 969 1120 et

175 1139 290 1164 deorum
308 1138 355 1165 ﬁlii
367 1139 421 1173 iqui
442 1140 468 1165 itt
485 1146 563 1166 sacra
586 1139 708 1165 doctrina
724 1139 881 1172 proliciunt,
898 1147 968 1165 nun-

175 1191 318 1219 cupentur.
345 1184 413 1218 Quid
439 1189 530 1212 autem
552 1189 594 1211 est
619 1185 792 1219 spiritaliter?
814 1185 840 1212 id
863 1190 905 1212 est
929 1185 970 1212 in-

175 1237 308 1264 corporce
335 1235 362 1257 et
398 1231 620 1257 immaterialitcr
637 1251 645 1263 ,
678 1238 711 1258 ac
737 1231 969 1264 intelleclttaliter,

176 1277 244 1302 viris
269 1276 398 1302 nimirum
422 1277 526 1303 sanctis
553 1283 588 1304 ex
612 1282 708 1304 sancto
728 1277 838 1310 quidem
865 1277 969 1312 Spiritu

177 1321 282 1352 divino,
299 1322 344 1354 qni
367 1326 407 1348 est
431 1329 514 1355 supra
533 1328 642 1348 omnem
667 1321 924 1348 immaterialitatem
938 1329 970 1349 ac

177 1367 395 1399 deiiicationem,
417 1367 587 1394 divinitatem
615 1367 684 1394 hanc
709 1375 741 1393 ac
766 1367 970 1401 sp'it'italitatem

177 1412 396 1447 accipientibus;
425 1420 458 1439 ex
477 1412 558 1440 Patre
574 1421 638 1440 vero
655 1421 687 1440 ae
707 1412 785 1444 Filio,
800 1413 845 1447 qui
862 1420 908 1446 per
923 1421 970 1440 ex-

176 1458 330 1485 cellentiam
357 1466 464 1485 ontnetn
493 1459 686 1493 paternitalem
703 1466 735 1486 ac
751 1459 908 1486 liliationem
926 1467 971 1486 su-

179 1509 300 1536 perant,
329 1504 482 1531 istiusmodi
515 1509 616 1531 statum
645 1505 883 1539 participantibus.
915 1505 970 1531 Non

178 1548 250 1575 cuitu
274 1554 315 1576 est
339 1549 458 1583 perlecta
491 1550 642 1576 similitudo
678 1550 783 1577 cilectis
811 1550 912 1578 creatis
938 1551 970 1576 ad

179 1602 288 1626 causas,
305 1595 421 1626 divinas,
439 1595 560 1630 inquam,
571 1603 718 1631 personas;
736 1596 783 1624 scd
795 1597 896 1623 habent.
908 1597 969 1631 qni-
985 1584 1006 1612 Ο

178 1639 241 1666 dem
268 1646 411 1673 creaturas,
434 1641 523 1675 quoad
548 1642 606 1668 ﬁeri
632 1646 730 1676 potest,
749 1641 881 1676 imagines
901 1642 967 1674 Dei;

180 1688 245 1722 ipsa:
259 1696 322 1716 vero
337 1696 426 1716 causa;
445 1690 552 1724 penitus
576 1690 610 1716 al)
632 1689 736 1717 allectis
759 1690 858 1717 creatis
877 1697 971 1717 exem-

179 1740 233 1768 pta:
247 1740 322 1762 sunt.
343 1735 386 1767 Et,
409 1742 439 1762 ut
457 1735 575 1763 terrenis
596 1735 728 1769 exetnplis
753 1740 826 1767 utar,
843 1735 969 1770 volupta-

182 1785 221 1807 tes
248 1788 279 1808 ac
307 1781 416 1809 dolores
433 1782 540 1809 eiiicere
562 1782 700 1813 dicutttur,
721 1787 750 1809 ut
775 1783 899 1810 homines
925 1783 973 1809 lae-

182 1833 274 1854 tentur
300 1829 342 1856 vel
368 1830 522 1860 tristentur.
549 1834 638 1857 tamen
662 1830 728 1864 ipsa:
750 1829 904 1864 voluptates
919 1837 971 1856 non

182 1873 310 1900 dicuntur
326 1874 423 1906 lmtari,
452 1882 502 1902 ttec
524 1875 633 1902 dolores
657 1875 812 1902 tristantur.
842 1875 874 1902 Et
903 1875 973 1910 ignis

182 1917 320 1950 calefacit,
335 1923 361 1945 et
379 1919 481 1951 adurit,
505 1925 594 1947 tamen
612 1927 665 1948 non
685 1919 785 1952 calelit,
810 1928 862 1948 nec
883 1921 973 1947 aduri-

183 1968 235 1990 tur.
254 1963 358 1992 ldcirco
371 1965 421 1992 etsi
436 1965 498 1996 quis
520 1966 603 1992 vitam
621 1966 725 1998 vivere,
739 1971 766 1993 et
787 1974 835 2001 per
848 1974 878 1994 se
890 1967 972 1993 vitam

183 2009 290 2041 dixerit,
307 2015 334 2036 ct
349 2010 495 2037 illutninari
513 2011 539 2038 id
552 2012 622 2046 quod
639 2020 687 2047 per
708 2019 737 2039 se
752 2011 840 2039 lumen
856 2016 908 2042 est,
924 2019 972 2038 ne-

183 2063 318 2090 quaquam
331 2058 441 2092 proprie
462 2058 567 2086 locntns
588 2058 679 2090 fuerit,
705 2058 852 2085 secundum
871 2065 973 2085 rectam

185 2102 307 2130 veritatis
322 2104 474 2131 rationem:
492 2104 543 2131 nisi
561 2104 631 2131 forte
644 2105 703 2132 haec
723 2105 776 2131 alio
790 2105 871 2131 modo
891 2105 973 2136 dicat,

1019 962 1061 980 νοε
1066 956 1113 988 ρᾶς
1122 954 1259 989 ἐνεργείας
1267 954 1389 988 δύναμις,
1396 953 1436 980 ὅτι
1446 953 1476 978 ὲκ
1482 951 1637 988 ταύτηςτῆς
1644 962 1697 979 πατ
1702 952 1813 987 ρὺτητος

1020 1000 1066 1026 καὶ
1075 999 1125 1034 τῆς
1137 999 1259 1034 υίότητος
1271 999 1345 1025 πᾶσα
1359 998 1460 1034 πατριὰ
1474 999 1502 1024 ὲν
1513 998 1620 1034 οὐρανῷ
1631 999 1677 1024 καὶ
1692 998 1737 1023 ἐπὶ
1753 998 1807 1032 γῆς

1019 1044 1190 1080 ὀνομάζεται·
1203 1045 1231 1078 ἐξ
1241 1043 1274 1081 ἧς
1288 1045 1479 1080 πνευματικῶς
1496 1045 1542 1071 καὶ
1560 1044 1756 1075 διδασκαλικῶς
1766 1044 1815 1070 καὶ

1020 1092 1076 1118 θεοὶ
1090 1092 1136 1118 καὶ
1152 1091 1220 1118 θεῶν
1234 1091 1360 1126 πατέρες,
1382 1093 1406 1118 οἱ
1421 1092 1486 1118 θεῖοι
1500 1091 1546 1118 καὶ
1559 1091 1625 1126 ἱεροὶ
1644 1090 1750 1125 ἄνδρες,
1765 1090 1816 1116 καὶ

1021 1138 1089 1165 θεῶν
1110 1139 1163 1165 υἱοὶ
1179 1139 1207 1165 ὲν
1220 1140 1253 1174 τῇ
1269 1139 1329 1174 ἱερᾷ
1346 1138 1505 1174 διδασκαλίᾳ
1528 1137 1736 1173 προσϐαίνοντες
1755 1137 1815 1162 ὀνο-

1023 1182 1161 1218 μάζονται.
1177 1184 1209 1210 Τί
1221 1183 1286 1218 γοῦν
1302 1184 1360 1210 ἐστι
1379 1184 1409 1210 τὸ
1423 1182 1646 1218 πνευματικῶς;
1659 1182 1814 1217 ἁσωμάτως

1021 1229 1120 1264 δηλαδὴ
1135 1230 1181 1256 καὶ
1193 1229 1292 1261 ἁΰλως,
1308 1230 1354 1256 καὶ
1365 1229 1478 1265 νοητῶς,
1492 1230 1524 1255 ἐκ
1539 1229 1586 1264 μὲν
1605 1228 1653 1254 τοῦ
1666 1227 1814 1263 θεαρχικοῦ

1023 1276 1231 1311 ιίνεύματοςτοῦ
1243 1277 1312 1312 ὑπὲρ
1321 1277 1409 1302 πᾶσαν
1419 1276 1513 1303 ἀῡλίαν
1523 1276 1597 1307 ὄντος
1610 1276 1656 1302 καὶ
1665 1275 1772 1305 θέωσιν,
1784 1274 1816 1300 τὸ

1021 1321 1076 1348 θεοὶ
1089 1321 1144 1357 [1'0-
1156 1322 1238 1358 θεῖον]
1250 1323 1296 1348 καὶ
1306 1322 1337 1348 τὸ
1354 1322 1534 1358 πνευματικὸν
1553 1321 1744 1356 λαμϐανόντων
1759 1319 1815 1346 τῶν

1022 1368 1101 1404 ἱερῶν
1110 1368 1222 1403 ἀνδρῶν·
1230 1370 1262 1394 ὲκ
1270 1369 1298 1394 δὲ
1305 1368 1350 1394 τοῦ
1360 1369 1464 1403 Πατρὸς
1477 1369 1523 1395 καὶ
1529 1368 1575 1394 τοῦ
1583 1367 1658 1399 Υἰοῦ,
1667 1367 1721 1393 τῶν
1729 1367 1815 1402 ὑπερο

1021 1413 1120 1450 οχικῶς
1132 1413 1307 1450 ἐξῃρημένων
1322 1414 1412 1449 πάσης
1429 1415 1544 1449 πατριᾶς
1558 1415 1603 1441 καὶ
1619 1414 1750 1450 υἱότητος,
1765 1414 1815 1444 τὰς

1021 1461 1126 1488 τοιάσδε
1143 1461 1248 1496 σχέσεις
1262 1462 1493 1497 προσδεχομένων.
1509 1461 1576 1488 Οὐδὲ
1587 1461 1641 1496 γάρ
1650 1462 1723 1487 ἐστιν
1734 1460 1816 1495 ἀκρι-

1023 1508 1072 1543 ϐὴς
1084 1508 1209 1542 ὁμοιότης
1217 1509 1272 1539 τοῖς
1285 1509 1414 1539 αἱτιατοῖς
1426 1508 1567 1543 κτίσμασι,
1578 1508 1690 1538 καὶτοῖς
1703 1507 1811 1538 αἰτίοις,

1022 1556 1081 1586 ταῖς
1097 1555 1262 1591 θεαρχικαῖς,
1275 1555 1357 1590 φημὶ,
1368 1556 1557 1582 ὑποστάσεσιν·
1569 1554 1625 1581 ἁλλ’
1643 1554 1698 1589 ἔχει
1714 1553 1762 1589 μὲν
1780 1552 1814 1580 τὰ

1024 1602 1160 1637 κτίσματα
1171 1602 1220 1633 τὰς
1234 1602 1411 1637 ἐνδεχομένας
1424 1602 1531 1634 εἰκόνας
1547 1603 1579 1628 ἐκ
1592 1601 1637 1627 τοῦ
1651 1600 1729 1626 Θεοῦ·
1745 1599 1815 1626 αὐτὰ

1023 1646 1096 1674 δὲτὰ
1111 1646 1185 1674 αἴτια
1199 1647 1337 1680 παντελῶς
1356 1648 1410 1674 τῶν
1432 1648 1560 1675 αἰτιατῶν
1583 1647 1740 1682 κτισμάτων
1754 1645 1815 1681 ἐξῄ-

1026 1701 1130 1728 ρηνται.
1147 1693 1202 1719 Καὶ
1214 1693 1258 1720 ἵνα
1274 1695 1418 1729 χρήσωμαι
1437 1695 1492 1726 τοῖς
1511 1693 1615 1729 γηΐνοις
1631 1691 1815 1728 παραδείγμα-

1025 1746 1075 1769 σιν,
1088 1737 1179 1772 ἡδοναὶ
1192 1739 1331 1774 ποιητικαὶ
1342 1739 1389 1765 τοῦ
1402 1739 1522 1774 ἥδεσθαι,
1536 1739 1582 1765 καὶ
1601 1738 1683 1765 λῦπαι
1703 1737 1749 1763 τοῦ
1770 1737 1816 1762 λυ-

1025 1784 1133 1810 πεῖσθαί
1143 1786 1220 1811 εἰσιν·
1236 1785 1316 1812 αὐταὶ
1329 1786 1357 1812 δὲ
1370 1786 1397 1811 αἱ
1411 1785 1503 1820 ἡδοναὶ
1515 1785 1545 1811 οὐ
1559 1785 1682 1819 λέγονται
1693 1784 1814 1819 ἣδεσθαι,

1026 1828 1086 1855 οὐδὲ
1100 1830 1127 1855 αί
1147 1828 1231 1857 λῦπαι
1252 1829 1410 1857 λυποῦνται.
1426 1831 1480 1857 Καὶ
1493 1831 1523 1856 τὸ
1537 1830 1592 1865 πῦρ
1615 1829 1755 1865 θερμαίνει
1770 1830 1816 1856 καὶ

1027 1876 1108 1908 καίει,
1129 1877 1158 1902 οὺ
1173 1876 1347 1912 Θερμαίνεται
1367 1876 1395 1902 δὲ
1416 1877 1461 1903 καὶ
1481 1876 1597 1903 καίεται.
1613 1876 1662 1903 Διὰ
1674 1875 1752 1901 τοῦτο
1771 1875 1816 1901 καὶ

1026 1923 1100 1954 εἴτις
1114 1924 1179 1958 φαίη
1196 1923 1246 1959 ζῇν
1258 1923 1306 1959 τὴν
1319 1922 1441 1955 ζωοῦσαν
1449 1924 1495 1950 καὶ
1509 1922 1656 1958 αὐτοζωὴν,
1670 1923 1716 1949 καὶ
1732 1921 1815 1956 φωτί-

1027 1969 1121 2000 ζεσθαι
1134 1970 1164 1995 τὸ
1177 1970 1312 2004 αὐτόφως,
1325 1971 1374 1996 οὐκ
1393 1970 1464 1996 εἴποι
1482 1970 1583 2005 κυρίως
1595 1969 1665 1996 κατὰ
1677 1969 1722 1994 τὸν
1738 1967 1817 2002 ὀρθὸν

1027 2015 1076 2050 τῆς
1091 2014 1218 2050 ἀληθείας
1230 2015 1317 2049 λόγον,
1328 2016 1351 2041 εἱ
1365 2016 1400 2051 μή
1417 2025 1466 2043 που
1479 2015 1538 2042 καθ’
1553 2015 1644 2050 ἕτερον
1656 2014 1765 2049 τρόπον,
1775 2014 1816 2039 ὅτι

1026 2060 1163 2096 περισσῶς
1175 2081 1181 2092 ,
1203 2062 1250 2088 καὶ
1268 2061 1414 2093 nemeae,
1429 2062 1476 2088 καὶ
1488 2062 1517 2087 οὐ
1540 2061 1608 2087 κατὰ
1622 2059 1747 2096 μετοχὴν,
1766 2058 1818 2094 πρὸ

1026 2106 1079 2132 τῶν
1093 2106 1220 2132 αἰτιατῶν
1234 2106 1316 2132 ἔνεισι
1329 2106 1414 2132 ταῦτα
1427 2108 1483 2138 τοῖς
1497 2106 1602 2138 αἰτίοις.

184 2146 254 2179 qttod
283 2148 410 2175 nimirum
433 2149 626 2185 abundantius,
651 2155 678 2178 et
700 2151 850 2178 secundum
889 2151 1046 2184 essentiam,
1086 2159 1138 2179 non
1181 2156 1270 2180 autem
1295 2153 1443 2179 secundum
1484 2152 1731 2187 participationem,
1763 2158 1817 2185 prae

185 2191 288 2219 ellectis
300 2193 357 2221 lta'c
372 2194 455 2221 insint
474 2195 574 2223 causis.

221 2237 296 2274 §IX.
313 2239 382 2272 Quin
402 2241 484 2268 etiatn
507 2242 580 2276 quod
604 2246 646 2269 est
668 2243 805 2269 universa:
831 2242 970 2276 theologia:

1060 2242 1073 2277 §
1091 2243 1136 2268 IX.
1159 2242 1238 2269 Ἀλλὰ
1257 2243 1304 2269 καὶ
1324 2243 1354 2269 τὸ
1372 2243 1572 2278 ἐκφανέστατον
1599 2244 1707 2279 ἁπάσης
1729 2244 1818 2271 θεολο-

186 2285 440 2314 tnanifestissintum
452 2288 516 2315 Jesu
531 2288 710 2315 humanitatis
723 2288 883 2323 mysterium
893 2288 985 2322 (qtto—.

188 2333 260 2359 niattt
277 2334 360 2360 etiatn
381 2335 526 2362 manifeste
543 2343 575 2362 ac
601 2343 666 2362 vere
687 2335 828 2362 nobiscum
851 2342 975 2362 commu-

187 2379 313 2415 nicavit),
326 2385 415 2407 lamen
429 2381 454 2408 id
468 2382 554 2416 ipsum
564 2382 644 2408 etiam
658 2380 795 2408 ittetl'ahile
807 2385 847 2408 est
857 2381 976 2408 sermoni

188 2426 273 2459 omni,
290 2431 318 2453 et
337 2427 411 2454 omni
429 2429 514 2454 menti
539 2427 761 2461 inconceptibile,
784 2427 868 2454 etiam
887 2427 977 2461 printo

188 2478 218 2501 et
242 2474 435 2508 antiquissimo
461 2474 569 2509 angelo,
581 2474 688 2501 scilicet
708 2473 903 2501 sublimissimo
923 2473 979 2507 pri-

191 2527 289 2553 moque
301 2520 390 2547 ordini
404 2528 411 2552 ;
432 2519 483 2547 ltoc
498 2520 570 2546 enim
587 2519 708 2547 Joannes
728 2520 774 2547 ille
791 2519 934 2554 theologus
950 2520 976 2546 in

190 2567 353 2601 Apocalypsi
368 2567 402 2593 de
418 2566 623 2600 antiquioribus
643 2567 676 2593 iis
691 2566 795 2600 angelis
816 2567 909 2593 tradit.
929 2566 977 2592 At-

189 2620 244 2646 que
256 2620 317 2638 eutn
334 2612 443 2646 quidem
458 2619 569 2638 carnem
593 2612 788 2645 assumpsisse,
804 2612 916 2646 mystice
932 2619 978 2638 ac—

190 2658 323 2692 cepimus,
350 2658 397 2685 sed
420 2659 556 2692 quomodo
584 2666 616 2685 ex
640 2658 770 2693 virgineis
799 2658 977 2691 sanguinibtts

192 2703 246 2731 alia
258 2711 339 2738 quam
353 2710 457 2731 natura:
471 2705 528 2739 lcgc
540 2705 575 2731 sit
588 2704 758 2736 ell‘ormatos,
768 2703 874 2738 aliaque
887 2703 976 2731 omnia

189 2757 254 2782 qua)
269 2750 301 2776 ad
321 2755 425 2778 natura:
447 2750 510 2777 Jesn
525 2751 737 2785 explicationem
760 2754 895 2785 spectant,
912 2758 980 2785 quo-

193 2797 275 2824 modo
292 2797 318 2824 in
336 2797 443 2825 duabus
459 2797 565 2824 naturis
581 2797 720 2832 cognitus,
737 2801 764 2824 et
789 2801 868 2831 prout
891 2795 979 2823 homi—

235 2891 248 2906 ι
267 2887 349 2915 laclt.
365 2896 401 2921 tv,
420 2888 445 2915 5.
488 2888 495 2908 ί
515 2886 575 2915 Jac.
590 2895 609 2920 t,
630 2886 670 2914 l7.

1023 2289 1084 2323 γίας
1099 2289 1129 2315 τὸ
1142 2289 1190 2324 τῆς
1205 2289 1291 2325 Ἰησοῦ
1307 2290 1510 2325 φιλανθρωπίας
1527 2291 1688 2325 μυστήριον,
1702 2292 1752 2326 (ὅτι
1769 2293 1814 2318 καὶ

1026 2335 1149 2371 φανερῶς
1160 2337 1206 2362 καὶ
1214 2336 1347 2372 ἀληθινῶς
1357 2336 1444 2372 ὼμίλη
1450 2338 1565 2372 σενὴμίν
1575 2338 1594 2372 ·)
1605 2337 1672 2364 ἀλλὰ
1682 2338 1815 2365 καὶτοῦτο

1025 2381 1144 2416 ἅρῤητόν
1165 2383 1222 2408 ἐστι
1237 2382 1308 2417 λόγῳ
1325 2383 1415 2413 παντὶ,
1440 2383 1486 2408 καὶ
1507 2382 1647 2416 ἄγνωστον
1665 2382 1702 2417 νῷ
1724 2385 1815 2414 παντὶ,

1026 2429 1073 2455 καὶ
1093 2428 1166 2464 αὐτῷ
1189 2429 1227 2464 τῷ
1252 2430 1398 2465 πρωτίστῳ
1420 2431 1466 2456 καὶ
1488 2431 1668 2465 πρεσϐυτάτῳ
1690 2430 1816 2466 ἀγγέλῳ,

1028 2474 1148 2509 δηλονότι
1163 2475 1195 2510 τῇ
1213 2474 1367 2510 ὑψηλοτάτη
1382 2476 1429 2501 καὶ
1451 2475 1546 2510 πρώτῃ
1564 2475 1649 2508 τάξει.
1668 2476 1749 2509 Λέγει
1765 2477 1817 2513 γὰρ

1029 2521 1076 2546 καὶ
1091 2521 1105 2546 ὁ
1121 2520 1243 2554 θεολόγος
1263 2521 1389 2556 Ἰωάννης
1406 2523 1434 2548 ὲν
1449 2523 1480 2557 τῇ
1502 2522 1684 2556 Ἀποκαλύψει
1700 2524 1816 2558 πρεσϐυ-

1029 2566 1125 2602 τέρους
1138 2566 1279 2601 ἀγγέλους.
1296 2568 1350 2594 Καὶ
1367 2567 1398 2593 τὸ
1417 2567 1466 2602 μὲν
1489 2567 1663 2603 σαρκωθῆναι
1681 2568 1817 2602 μυστικῶς

1031 2611 1247 2647 παρειλήφαμεν,
1264 2611 1294 2638 τὸ
1310 2611 1332 2637 δ’
1352 2613 1426 2644 ὅπως
1448 2612 1480 2638 ὲκ
1501 2612 1672 2647 παρθενικῶν
1695 2613 1817 2647 αἱμάτων

1032 2657 1117 2692 ἑτέρῳ
1131 2656 1207 2692 παρὰ
1219 2657 1268 2692 τὴν
1281 2657 1360 2691 φύσιν
1374 2657 1468 2693 θεσμῷ
1480 2658 1663 2690 διεπλάττετο,
1679 2658 1725 2684 καὶ
1736 2657 1817 2684 τᾶλλα

1033 2703 1121 2729 πάντα
1144 2703 1193 2737 τῆς
1221 2703 1308 2738 Ἰησοῦ
1333 2703 1525 2738 φυσιολογίας,
1549 2703 1608 2735 πῶς
1629 2703 1658 2729 ἐν
1680 2703 1741 2730 δυσὶ
1761 2704 1817 2734 ταῖς

1034 2749 1131 2783 φύσεσι
1146 2749 1356 2785 γνωριζόμενος,
1372 2750 1419 2776 καὶ
1435 2750 1505 2776 κατὰ
1525 2749 1667 2785 ἄνθρωπον
1691 2749 1817 2784 ἔπραττε.

1035 2795 1081 2821 καὶ
1097 2795 1167 2831 ὑπὲρ
1181 2795 1322 2830 ἄνθρωπον
1336 2796 1456 2831 ἐνήργει,
1473 2796 1564 2831 ἑτέρου
1576 2795 1653 2829 λόγου
1667 2796 1713 2822 καὶ
1729 2795 1815 2830 κρείτι
