1929 3068
104 159 157 187 673

403 156 448 184 DE
464 155 590 183 DlVlNlS
609 153 810 185 NOMINIBUS,
829 152 905 181 CAP.
921 151 952 178 ll.
970 166 1005 171 —
1023 150 1195 178 PARAPIIR.
1212 151 1448 180 PACllYMElhE.

1685 155 1738 184 674

103 225 178 248 τονος
198 215 214 251 ἢ
239 215 299 242 καθ’
316 215 389 251 ἡμᾶς
415 215 461 241 καὶ
487 214 536 250 τὴν
560 207 697 249 ἡμετέραν
720 212 895 248 ἀνθρωπίνην

953 217 1010 237 nent
1026 217 1057 236 se
1072 208 1200 242 gesserit,
1217 213 1245 235 et
1259 216 1340 243 supra
1354 210 1492 237 hcminem
1508 218 1589 246 opera
1604 213 1736 244 ediderit.

104 262 225 297 δύναμιν.
243 262 275 288 El
290 261 355 295 γοῦν
378 261 425 288 ἐπὶ
447 260 552 292 τούτοις
573 260 681 296 ἄρρητά
703 260 756 285 εἰσι
777 257 812 284 τὰ
834 257 893 283 θεο-

103 308 206 344 πρεπῆ,
219 307 237 335 ἃ
250 308 282 343 δὴ
295 308 341 334 καὶ
356 307 405 343 τὴν
419 307 558 341 θεολογίαν
574 305 776 341 ἐκφανεστέραν
791 303 893 339 ἔχουσι,

103 355 129 380 τί
145 354 241 389 φήσειέ
260 363 302 385 τις
323 354 387 390 περὶ
409 354 460 388 τῆς
482 353 621 389 μακαρίας
645 352 779 387 Τριάδοςς
801 350 896 377 Ταῦτα

104 400 169 434 ⁴ἡμῖν
188 408 217 426 τε
231 401 259 425 ἐν
273 399 363 430 ἄλλοις
377 399 494 434 εἴρηται,
520 398 567 424 καὶ
581 397 620 433 τῷ
639 396 736 432 κλεινῷ
756 395 834 432 ἡμῶν
855 396 895 422 διι

104 446 230 481 δατκάλῳ
245 445 282 480 τῷ
297 445 424 480 μακαρίῳ
445 445 577 481 Ἰεροθέῳ,
592 444 622 470 ὃν
638 443 706 479 μετὰ
727 443 772 470 τὸν
790 443 896 470 Παῦλον

105 492 264 520 διδάσκαλον
280 491 463 527 ὲπλούτησεν·
483 492 556 527 ἆπερ
574 492 687 523 ἐκεῖνος,
703 490 758 517 εἴτε
774 490 828 516 ἀπὸ
841 490 896 517 τῶν

106 539 186 575 ἱερῶν
200 538 318 574 Γραφῶν
331 538 510 574 παρείληφεν,
525 538 579 564 εἴτε
593 538 640 564 καὶ
654 538 686 563 ἐκ
699 537 749 572 τῆς
769 537 832 572 περὶ
847 536 896 568 τὰς

106 584 217 621 Γραφὰς
235 584 347 619 ἐρεύνης
362 583 542 619 συνεώρακεν,
561 583 593 609 ἐκ
607 583 657 618 τῆς
671 582 771 617 πολλῆς
794 590 898 617 γυμνα-

108 631 165 663 σίας
179 631 225 657 και)⁸
237 630 344 666 τριϐῆς,
362 629 416 656 εἴτε
431 630 477 656 καὶ
498 629 529 656 ἐκ
545 638 618 660 τινος
638 628 744 664 ἐμυήθη
759 628 897 664 θειοτέρας

107 678 260 709 ἐπιπνοίας,
274 677 304 703 οὐ
324 677 403 712 μόνον
419 676 522 712 μαθὼν,
537 675 604 702 ἀλλὰ
622 676 670 702 κοιλ⁸
683 675 796 702 παθών”’·
815 675 852 706 ὡς
866 675 897 700 οὐ

105 723 237 755 διδακτῶς
264 723 307 750 διὰ
331 723 418 757 λόγων
444 723 494 758 τὴν
524 723 588 758 περὶ
615 722 719 749 τούτων
751 721 897 757 δεξάμενος

109 769 217 804 μύησιν,
243 769 311 796 ἀλλὰ
331 771 364 804 τῇ
388 769 448 804 θείᾳ
466 768 598 805 ἐλλάμψει
612 768 758 801 τυπωθεὶς,
781 769 826 794 καὶ
843 765 898 794 οἷον

106 815 286 850 ἐνσημανθεὶς
297 817 330 850 τῇ
350 815 453 850 διανοίᾳ
465 815 514 849 τὴν
529 814 628 849 γνῶσιν
641 814 696 841 τῶν
716 815 786 850 ὑπὲρ
805 815 896 849 φύσιν.

107 861 214 896 Ταύτην
229 861 283 896 γὰρ
297 862 347 897 τὴν
360 861 416 887 τῶν
432 861 576 897 θειοτέρων
594 861 693 896 μύησιν
707 860 897 895 συμπάθειαν

107 907 246 939 ἐκάλεσεν,
268 908 351 942 ἤγουν
371 907 548 934 συνδιάθεσιν.
564 908 618 934 Καὶ
635 908 679 934 ἵνα
699 907 734 934 τὰ
752 906 837 934 πολλὰ
851 908 898 934 καὶ

108 954 232 989 μακάρια
252 953 306 980 τῶν
320 954 424 981 ἐκείνου
439 953 581 990 παρῶμεν,
595 955 623 980 ἐν
642 954 794 989 ἐλαχίστοις
810 963 899 990 παρα-

107 999 217 1035 οώμεθα
239 999 311 1035 ἆπερ
332 1000 398 1036 φησι
421 1001 486 1036 περὶ
506 1000 553 1027 τοῦ
575 1000 678 1036 Κυρίου
703 1000 782 1036 ἡμῶν
811 1000 897 1036 Ἰησοῦ

106 1045 224 1081 Χριστοῦ
250 1046 296 1072 καὶ
321 1046 388 1072 Θεοῦ
404 1047 432 1073 ὲν
456 1048 516 1079 ταῖς
545 1047 734 1081 Θεολογιικαῖς
748 1047 899 1081 στοιχειώ-

106 1102 207 1120 σεσιν.

432 1203 586 1238 Ἰεροθέου.

142 1269 207 1304 §X.
238 1268 354 1305 Ἐφεξῆς
377 1269 405 1296 δὲ
431 1270 555 1305 ἐκτίθησι
578 1270 646 1306 πρὸς
670 1270 744 1306 ῥῆμα
775 1271 822 1296 καὶ
848 1269 898 1305 τὴν

106 1314 153 1341 τοῦ
165 1314 243 1349 ἁγίου
256 1315 374 1351 γραφὴν,
383 1315 413 1341 ἐν
423 1314 464 1347 οἷς
475 1317 489 1342 ὁ
502 1317 638 1351 μακάριος
651 1316 735 1350 λέγει,
748 1316 897 1351 παριστῶν,

106 1360 147 1386 ὅτι
164 1361 210 1387 καὶ
223 1362 237 1387 ὁ
257 1361 320 1393 Υἱὸς
334 1361 368 1387 τὰ
381 1361 470 1388 πάντα
483 1362 556 1388 ἐστὶν
577 1363 606 1388 ἐν
627 1363 704 1393 πᾶσι,
724 1363 771 1389 καὶ
794 1361 899 1397 κεφαλὴ

106 1407 217 1434 πάντων
232 1407 303 1434 κατὰ
318 1408 363 1434 τὸν
385 1408 555 1440 Ἀπόστολον,
570 1409 611 1435 ὅτι
629 1409 737 1435 πάντων
753 1409 810 1435 ἐστὶ
831 1408 899 1444 πλή-

109 1460 188 1489 ρωμα
201 1455 248 1481 καὶ
264 1455 402 1490 συνοχεὺς,
415 1456 462 1482 καὶ
474 1455 600 1487 διασώζει
613 1455 660 1481 καὶ
675 1456 851 1491 περισφίγγει
865 1455 899 1482 τὰ

108 1499 180 1535 μέρη
202 1501 235 1535 τῇ
256 1501 377 1537 ὁλότητι·
400 1503 446 1528 καὶ
470 1501 531 1528 οὔτε
554 1502 638 1538 μέρος
655 1503 730 1529 ἐστὶν
745 1502 805 1529 οὔτε
828 1502 898 1535 ὅλον,

107 1547 179 1583 ὑπὲρ
190 1547 275 1574 ταῦτα
288 1549 342 1584 γάρ
352 1558 358 1564 ·
372 1549 440 1576 ἀλλὰ
452 1550 498 1576 καὶ
517 1549 576 1576 ὅλον
590 1550 636 1575 καὶ
649 1549 742 1585 μέρος,
757 1549 795 1581 ὡς
811 1558 899 1576 συνει-

106 1596 200 1632 ληφὼς
212 1597 246 1624 τὰ
257 1598 344 1624 πάντα
354 1607 360 1613 ·
378 1599 424 1625 καὶ
437 1599 565 1634 ὑπερέχει
576 1601 609 1635 τῇ
623 1600 713 1634 φύσει,
726 1600 773 1627 καὶ
785 1602 897 1636 προέχει

105 1643 145 1679 τῷ
158 1644 247 1679 αἰτίῳ,
261 1645 308 1671 καὶ
325 1645 426 1678 τέλειος
439 1646 468 1671 ἐν
482 1648 539 1678 τοῖς
551 1646 674 1673 ἀτελέσιν
689 1648 755 1682 ἡμῖν
767 1648 835 1680 ἐστι,
849 1649 898 1675 καὶ

106 1691 206 1726 ἀτελὴς
219 1692 247 1717 ὲν
262 1693 318 1723 τοῖς
336 1692 449 1725 τελείοις
466 1693 602 1727 ἀγγέλοις,
622 1693 660 1726 ὡς
682 1694 833 1731 ὑπερτελὴς
851 1696 898 1722 καὶ

107 1737 275 1772 προτέλειος,
290 1739 337 1764 καὶ
350 1739 485 1774 μηδεμίαν
496 1739 564 1775 ἔχων
578 1740 720 1776 σύγκρισιν
736 1741 785 1776 τῆς
799 1741 899 1768 τελειό-

106 1791 189 1817 τητος
208 1783 276 1818 πρὸς
290 1784 402 1816 αὐτούς·
421 1786 467 1811 καὶ
483 1783 552 1816 εἶδος
567 1785 621 1812 τῶν
640 1786 778 1819 ἁνειδέων,
799 1787 838 1820 ὡς
852 1788 899 1823 δη-

109 1829 239 1864 μιουργὸς
256 1830 301 1856 καὶ
317 1830 388 1866 ἀρχὴ
406 1830 505 1862 παντὸς
521 1831 618 1863 εἴδους,
635 1833 682 1858 καὶ
696 1833 815 1865 ἀνείδεος
831 1835 899 1870 πρὸς

109 1874 253 1910 σύγκρισιν
278 1875 333 1902 τῶν
361 1875 619 1911 εἰδοπεποιημένων,
645 1877 682 1909 ὡς
704 1878 776 1914 ὑπὲρ
800 1879 898 1907 ταῦτα.

108 1922 195 1948 υὺσία
221 1922 302 1948 πᾶσιν
325 1922 523 1950 ὲπιϐατεύουσα
543 1926 576 1959 τῇ
600 1925 723 1961 προνοίᾳ,
747 1926 794 1952 καὶ
819 1925 899 1953 ’πάλιν

109 1967 267 2004 ἐξῃρημένη
286 1969 395 2004 ἁπάσης
411 1970 505 2002 οὐσίας
522 1972 554 2006 τῇ
580 1971 659 2005 φύσει
672 1980 678 1986 ·
704 1972 794 2004 πάσας
813 1972 900 2008 ἀρχὰς

109 2014 159 2040 καὶ
170 2013 261 2046 τάξεις
275 2014 447 2050 περιορίζων,
460 2016 506 2042 καὶ
520 2016 610 2052 πάσης
624 2017 840 2052 ὑπεριδρυμένος
856 2019 901 2044 καὶ

109 2059 199 2094 ἀρχῆς
223 2060 270 2085 καὶ
294 2059 406 2092 τάξεως.
425 2060 488 2087 Καὶ
515 2060 614 2096 μέτρον
640 2062 698 2088 ἐστὶ
722 2062 776 2088 τῶν
806 2063 900 2094 ὄντων,

109 2106 206 2141 ἐπειδὴ
228 2108 257 2133 ὲν
273 2107 346 2142 αὐτῷ
368 2108 457 2135 πάντα
481 2107 666 2143 πεπέρασται·
687 2109 733 2136 καὶ
753 2109 830 2140 αἰὼν,
856 2110 901 2136 καὶ

110 2152 183 2188 ὑπὲρ
196 2152 280 2179 αἰῶνα
290 2173 297 2184 ,
316 2154 354 2185 ὡς
368 2154 473 2180 αἰώνων
490 2156 605 2191 ποιητής
615 2164 621 2170 ·
639 2155 733 2191 ὥσπερ
747 2156 850 2188 τέλειος
872 2157 901 2183 ἐν

109 2200 170 2231 cci;
184 2198 300 2232 ἀτελέσι,
317 2201 364 2226 καὶ
376 2200 404 2226 ὲν
417 2202 473 2232 τοῖς
487 2201 600 2233 τελείοις
614 2201 721 2237 ἀτελὴς,
735 2202 772 2234 ὡς
787 2203 902 2238 ὑπερτει-

110 2245 183 2277 λειος
195 2254 201 2260 ·
214 2245 285 2272 οὕτω
301 2246 407 2282 πλήρης
423 2248 451 2273 ἐν
469 2248 525 2279 τοῖς
537 2247 647 2278 ὲνδεέσι,
663 2248 709 2274 καὶ
725 2248 902 2285 ὑπερπλήρης

109 2291 141 2317 ἐν
155 2293 212 2323 τοῖς
226 2292 353 2328 πλήρεσγ
375 2293 422 2319 καὶ
435 2293 518 2320 τᾶλλα
532 2294 602 2329 ὑπὲρ
614 2293 710 2324 ταῦτα,
725 2294 767 2320 ἵνα
788 2295 824 2330 μὴ
840 2295 900 2322 καθ’

109 2336 228 2363 ἕκαστον
240 2338 374 2373 λέγωμεν.
390 2338 470 2365 Ὅθεν
493 2339 540 2365 καὶ
555 2339 615 2365 ἐπεὶ
632 2340 696 2374 ἡμῖν
718 2340 901 2376 κεκοινώνηκε

110 2382 215 2417 σαρκὸς
233 2384 279 2410 καὶ
298 2384 423 2419 αἵματος,
443 2384 490 2410 καὶ
507 2383 614 2418 ἀληθῶς
634 2383 763 2419 οὐσιώοη,
788 2385 836 2411 καὶ
854 2386 901 2412 ἄν-

109 2429 222 2465 θρωπος
235 2431 414 2466 ἐχρημάτισε,
435 2430 527 2461 πάλιν,
541 2430 591 2456 κάν
604 2430 708 2462 τούτοις
731 2430 786 2466 ἔχει
805 2431 840 2457 τὰ
853 2432 902 2466 τῆς

110 2476 240 2511 θεότητος
252 2476 398 2512 αὐχήματα
412 2476 550 2508 τέλεια,οὑ
566 2477 644 2512 μόνον
658 2476 719 2503 καθ’
732 2477 745 2503 ὃ
758 2477 903 2504 ἀναλλοιώ-

109 2531 167 2554 τως
179 2522 370 2557 κεκοινώνηκε,
387 2522 469 2557 μηδὲν
482 2521 624 2554 πεπονθὼς
638 2521 712 2558 παρὰ
723 2521 772 2556 τῆς
784 2522 904 2558 χείρονος

109 2569 321 2605 ἁνθρωπὸτητος
341 2569 381 2600 είς
393 2569 442 2603 τὴν
455 2568 537 2595 αὑτοῦ
552 2568 677 2603 θεότητα,
699 2568 757 2595 ἀλλ’
771 2569 785 2594 ὅ
803 2577 839 2601 τι,
855 2569 902 2595 καὶ

107 2614 145 2640 τὸ
161 2615 270 2641 πάντων
287 2613 454 2644 καινότατον,
469 2614 497 2640 ἐν
511 2615 567 2645 τοῖς
587 2615 711 2649 φυσικοῖς
725 2614 802 2650 ἡμῶν
818 2614 903 2646 ὑπερ-

109 2661 183 2696 φυὴς
198 2658 242 2696 ἦν,
268 2659 400 2692 Tegeam,
422 2659 478 2685 ἀλλ’
502 2660 594 2686 ἐπάνω
615 2660 770 2686 εὐδιαλύτου
791 2660 900 2691 ὕδατος’

109 2708 221 2740 ἐσθίων,
243 2707 311 2734 ἀλλὰ
331 2707 413 2738 τόσας
435 2707 556 2742 χιλιάδας
579 2707 734 2742 χορτάζωψ
758 2707 845 2734 πάντα
869 2707 903 2733 τὰ

109 2753 192 2789 ἡμῶν
208 2753 237 2785 ἐξ
251 2753 329 2789 ἡμῶν
346 2753 426 2789 ἔχων,
441 2753 488 2780 καὶ
502 2753 574 2789 ὑμᾶς
587 2753 739 2788 ὑπερέχων.

948 256 1025 291 longe
1050 254 1164 282 alterius
1182 259 1210 281 et
1232 255 1430 288 praestantioris
1456 259 1592 286 sermonis
1616 267 1660 288 res
1683 266 1736 291 est.

947 308 1031 336 quam
1046 304 1138 327 nostra
1153 298 1223 325 ratio
1238 303 1285 326 aut
1298 298 1415 327 facultas
1429 300 1542 329 fert.Ad
1556 304 1614 330 lttec
1630 304 1735 339 itaque,

948 347 970 374 si
991 345 1136 373 ineffabilia
1155 349 1220 372 sunt
1242 344 1346 377 divina,
1373 350 1402 372 nt
1422 354 1483 380 quae
1499 348 1670 376 subtiliorem
1689 351 1738 377 ha-

948 391 1029 418 beant
1045 389 1222 424 theologiam,
1244 389 1309 423 quid
1325 390 1399 417 dicet
1415 392 1475 425 quis
1497 392 1530 419 de
1548 394 1626 421 beata
1644 395 1737 422 Trini-

950 435 1026 462 tate?
1045 435 1145 462 Verum
1163 435 1220 461 tunc
1236 441 1251 460 a
1272 435 1352 462 nobis
1375 435 1456 462 etiam
1481 437 1544 464 alibi
1564 438 1638 466 dicta
1661 445 1736 472 sunt,

948 488 976 509 et
994 482 1028 509 ab
1044 482 1146 517 inclyte
1167 486 1335 516 praaceptorc
1358 488 1454 510 nostro
1477 483 1558 511 beato
1574 485 1736 520 llierotheo,

948 527 1032 562 338
1046 534 1126 561 quem
1151 531 1213 560 post
1232 531 1358 554 sanctum
1380 527 1493 555 Paulum
1520 530 1614 558 habuit
1637 539 1738 566 praece-

948 580 1068 608 ptorem;
1084 580 1145 608 qua:
1161 573 1217 605 ille,
1243 574 1302 600 sive
1318 582 1332 600 a
1346 574 1500 608 Scripturis
1513 577 1602 604 sacris
1622 585 1737 612 accepe-

951 624 1002 650 rat,
1014 619 1072 646 sive
1093 627 1124 646 ex
1141 620 1297 647 earumdem
1312 620 1486 655 indagatione
1513 622 1601 649 fuerat
1616 629 1739 651 content-

951 664 1050 698 platus,
1077 669 1105 691 et
1128 665 1259 691 exercitio
1285 674 1390 700 usttque
1415 667 1545 700 plurimo,
1573 669 1630 696 sive
1654 670 1737 697 etiam

950 710 1076 737 diviniori
1094 710 1184 744 aliqua
1197 711 1382 739 insinuatione
1397 713 1493 741 doctus
1505 719 1574 747 erat,
1587 724 1639 743 ιιοιι
1650 717 1738 744 solum

950 757 1070 790 discens,
1089 759 1135 784 sed
1160 762 1187 784 et
1202 758 1312 792 patiens
1329 758 1433 792 divina,
1461 766 1489 787 ut
1503 761 1548 795 qui
1566 770 1620 789 non
1636 763 1740 790 doctri-

950 804 1049 832 naliter
1065 813 1114 839 per
1136 805 1221 833 verba
1238 805 1394 834 doctrinam
1414 816 1509 836 eoratn
1529 810 1670 844 hauserat,
1692 812 1740 839 sed

951 851 1041 878 divina
1052 851 1234 878 illustrationc
1245 858 1417 886 expressam,
1431 860 1459 882 et
1472 856 1556 883 veluti
1569 857 1740 892 insignitam,

915 890 937 919 Β
952 897 978 924 in
1007 903 1099 925 mente
1125 900 1365 933 supernaturalem
1394 901 1512 929 habebat
1543 905 1739 939 cognitionem.

950 942 1026 970 Hanc
1040 948 1131 971 autem
1146 953 1236 973 rerum
1254 947 1410 974 divinarum
1427 949 1609 976 eruditionem
1621 950 1742 985 συμπάη

950 990 1032 1016 θείαν
1044 997 1092 1017 seu
1111 995 1306 1021 consensionem
1338 993 1494 1028 appellavit.
1515 994 1615 1030 Atque,
1639 1001 1668 1022 ut
1683 997 1741 1030 plu-

950 1036 1019 1063 rima
1028 1044 1114 1071 eaque
1127 1038 1283 1066 beatissima
1296 1040 1368 1067 illius
1377 1041 1541 1068 documenta
1555 1045 1740 1074 transeamus,

950 1083 1045 1118 paucis
1067 1083 1245 1118 subjiciamns
1260 1094 1291 1113 ea
1308 1095 1370 1122 qua:
1385 1087 1418 1114 de
1430 1087 1548 1114 Domino
1563 1094 1660 1115 nostro
1674 1088 1740 1116 Jesu

950 1127 1060 1156 Christo
1075 1136 1106 1156 ac
1123 1130 1176 1157 Deo
1192 1131 1218 1157 in
1235 1131 1397 1166 Theologicis
1409 1132 1542 1159 elementis
1556 1134 1647 1160 tradit.

1271 1198 1419 1227 "ierat/cei.

987 1274 1001 1310 §
1025 1275 1057 1303 Χ.
1078 1276 1181 1304 Deinde
1202 1285 1267 1304 vero
1291 1279 1323 1304 ad
1342 1278 1454 1305 verbum
1475 1279 1586 1314 exponit
1607 1280 1740 1315 scriptum

950 1321 1085 1354 quoddam
1110 1323 1197 1350 sancti
1225 1324 1377 1356 llierothei,
1398 1325 1424 1351 in
1439 1332 1493 1359 quo
1509 1326 1607 1353 beatus
1631 1326 1675 1353 ille
1691 1328 1742 1358 ait,

951 1369 1123 1395 ostendendo
1153 1370 1288 1403 quomodo
1303 1374 1331 1396 et
1354 1369 1438 1397 Filius
1452 1372 1543 1398 omnia
1565 1372 1592 1398 itt
1613 1373 1744 1399 omttibus

950 1418 977 1440 ct
991 1415 1073 1448 caput
1089 1415 1213 1442 omnium
1229 1416 1277 1447 sit,
1303 1417 1453 1443 secundum
1476 1417 1655 1452 Apostolum;
1675 1427 1743 1454 quo-

951 1462 1023 1488 niam
1039 1462 1159 1489 omnium
1183 1469 1225 1490 est
1246 1463 1386 1498 plenitudo
1409 1469 1436 1490 et
1461 1472 1603 1500 compago,
1630 1471 1656 1493 et
1674 1475 1741 1494 con-

950 1513 1044 1535 servat
1064 1516 1096 1535 ac
1113 1509 1240 1544 astringit
1254 1514 1346 1545 partes
1374 1514 1440 1543 toto,
1465 1515 1492 1537 et
1510 1519 1599 1544 neque
1622 1520 1685 1547 pars
1702 1519 1744 1540 est

952 1561 1038 1588 neque
1054 1559 1151 1587 totum,
1175 1555 1236 1588 quia
1265 1556 1308 1583 his
1332 1557 1458 1591 superior
1485 1562 1546 1589 est;
1568 1562 1688 1585 attamen
1715 1564 1743 1585 et

951 1603 1035 1626 totum
1051 1605 1103 1632 est,
1121 1606 1148 1628 et
1167 1609 1240 1635 pars,
1261 1607 1389 1636 tanquam
1409 1604 1552 1630 continens
1568 1604 1744 1636 uttit'ersa,et

950 1647 1115 1680 supraltabet
1136 1652 1243 1680 natura,
1259 1653 1286 1675 et
1310 1648 1458 1675 autcltabet
1473 1654 1500 1676 ιιι
1518 1657 1616 1682 causa;
1635 1655 1662 1677 et
1679 1659 1743 1684 pcr-

950 1691 1037 1718 feetus
1053 1697 1094 1719 est
1111 1692 1137 1718 in
1155 1692 1322 1727 imperfectis
1346 1693 1424 1720 nobis
1437 1715 1444 1727 ,
1463 1699 1490 1721 et
1508 1695 1687 1729 imperfectus
1709 1697 1736 1723 itt

951 1737 1078 1771 perfectis
1089 1739 1202 1772 angelis,
1222 1743 1350 1774 tanquam
1366 1747 1529 1774 supraquam
1547 1742 1696 1775 perfectus,
1715 1749 1743 1770 et

952 1784 1050 1810 Itllilulll
1062 1784 1166 1812 habens
1177 1786 1411 1819 comparationem
1427 1787 1604 1821 perfectionis
1616 1793 1648 1815 an
1664 1790 1740 1822 illos;

950 1835 977 1857 et
1004 1830 1090 1857 forma
1116 1839 1205 1858 rerum
1229 1832 1398 1864 iufortnium,
1424 1839 1552 1868 tanquam
1574 1834 1688 1861 Creator-
1714 1842 1742 1862 et

951 1875 1113 1910 principium
1136 1877 1226 1903 omnis
1241 1876 1348 1909 formm,
1372 1882 1400 1904 et
1415 1879 1475 1905 sine
1502 1879 1587 1905 forma
1612 1885 1741 1914 respectu

953 1928 1043 1948 rerum
1060 1921 1281 1954 informalarum,
1305 1928 1397 1958 utpote
1414 1932 1495 1958 supra
1520 1924 1648 1951 formant.
1672 1925 1742 1952 Sub-

952 1968 1052 1995 stantia
1077 1973 1191 1995 cunctas
1215 1968 1384 1996 substantias
1409 1970 1561 2003 pervadens
1580 1977 1628 1996 sua
1652 1972 1744 2004 prori-

952 2013 1054 2046 detttia,
1075 2019 1102 2040 et
1129 2018 1226 2040 natura
1244 2021 1291 2040 sua
1317 2021 1413 2041 rursus
1438 2013 1474 2042 ab
1494 2015 1569 2041 omni
1590 2016 1742 2042 substantia

952 2063 1075 2092 exempta
1089 2065 1096 2090 ;
1113 2062 1209 2084 cuncta
1226 2058 1360 2092 principia
1374 2059 1539 2094 ordinesque
1553 2059 1701 2092 deﬁniens,
1716 2065 1743 2087 et

953 2110 1034 2138 supra
1049 2111 1131 2131 omne
1158 2104 1322 2139 principium
1340 2105 1518 2140 ordinemque
1533 2105 1692 2133 collocatus.
1711 2106 1744 2132 Et

953 2157 1044 2176 rerum
1059 2155 1102 2177 est
1116 2158 1255 2182 mensura,
1274 2151 1403 2184 quoniam
1422 2152 1448 2178 itt
1466 2151 1524 2186 ipso
1545 2152 1671 2180 universa
1689 2158 1745 2180 ler-

954 2195 1112 2230 ntinantur;
1127 2202 1155 2225 et
1170 2196 1300 2224 salculum
1314 2201 1341 2224 et
1357 2204 1438 2231 supra
1452 2197 1593 2230 sreeulum,
1610 2201 1743 2232 tauquam

954 2245 1050 2268 auctor
1063 2242 1245 2276 saeculorum;
1268 2243 1346 2277 quasi
1370 2243 1506 2277 perfectus
1523 2244 1548 2270 in
1564 2243 1742 2278 imperfectis,

955 2292 982 2314 et
999 2288 1025 2314 in
1039 2288 1171 2322 perfectis
1186 2288 1375 2323 imperfectus,
1388 2290 1487 2324 quippe
1501 2297 1666 2325 supraquatn
1680 2299 1742 2325 per-

955 2333 1063 2367 fectus;
1077 2339 1205 2369 tanquam
1227 2336 1324 2370 plenus
1343 2336 1369 2362 in
1385 2335 1582 2370 indigentibus,
1602 2341 1630 2364 et
1647 2345 1744 2372 supra~

956 2387 1036 2414 quant
1055 2379 1151 2415 plenus
1179 2381 1205 2407 in
1226 2381 1323 2416 pientis,
1346 2386 1371 2408 el
1396 2389 1563 2417 quaecunque
1589 2391 1670 2418 supra
1688 2384 1745 2412 hate

956 2431 1030 2458 sunt,
1044 2434 1079 2454 ne
1095 2427 1200 2462 singula
1214 2435 1418 2455 recenseamus.
1437 2427 1506 2456 llinc
1520 2429 1648 2464 quoniam
1661 2430 1745 2457 etiam

957 2474 1098 2500 nobiscum
1120 2474 1147 2501 itt
1171 2482 1254 2502 carne
1274 2479 1302 2502 et
1325 2475 1458 2510 sanguine
1473 2476 1700 2509 communicavit,
1719 2483 1746 2504 et.

957 2528 1023 2549 vere
1051 2522 1233 2549 substantiam
1261 2527 1383 2549 nostram
1415 2523 1582 2557 assumpsit,
1610 2527 1638 2550 et
1665 2524 1747 2551 homo

958 2566 1047 2595 dictus
1061 2573 1113 2600 est,
1132 2576 1229 2596 rursus
1245 2569 1325 2596 etiarn
1345 2569 1371 2595 in
1389 2569 1422 2596 iis
1438 2568 1520 2596 habet
1533 2569 1655 2603 perfecta
1671 2578 1746 2605 qure-

956 2614 1018 2640 dam
1033 2614 1147 2648 vestigia
1163 2614 1328 2648 divinitatis;
1344 2622 1397 2641 non
1421 2614 1508 2641 solum
1530 2615 1602 2650 quod
1616 2615 1746 2643 divinitus

957 2660 1015 2686 sine
1038 2660 1092 2686 ulla
1118 2660 1307 2687 immutatione
1327 2660 1409 2695 339
1427 2659 1570 2688 nobiscum
1583 2663 1747 2695 ‘communi-

957 2707 1039 2739 carit,
1056 2706 1180 2741 nihilque
1201 2714 1216 2733 a
1233 2706 1323 2733 viliori
1341 2707 1513 2734 humanitate
1527 2715 1607 2741 passa
1625 2708 1681 2740 sit;
1699 2716 1747 2735 ve-

958 2760 1018 2780 rum
1042 2753 1136 2786 etiam,
1159 2753 1232 2788 quod
1254 2753 1332 2780 novis
1355 2753 1484 2780 omnibus
1507 2755 1626 2780 maxime
1645 2761 1746 2781 novum

108 2805 165 2832 est,
181 2800 208 2826 in
224 2800 395 2828 naturalibus
410 2800 511 2828 nostris
524 2799 742 2835 supernaturalis
754 2799 904 2833 exstiterit,
924 2799 1079 2832 atnbnlaus,
1093 2799 1140 2826 sed
1156 2807 1238 2834 supra
1267 2806 1366 2834 aquam
1383 2799 1500 2831 ﬂuxam;
1516 2802 1670 2830 comedens,
1700 2801 1746 2826 sed
1772 2813 1774 2820 ›

111 2851 156 2874 tot
172 2847 255 2874 millia
273 2847 389 2881 satians,
406 2848 498 2875 omnia
516 2852 608 2875 nostra
625 2854 658 2873 ex
677 2846 756 2874 nobis
770 2852 798 2874 et
816 2855 897 2881 supra
918 2855 967 2874 nos
982 2846 1149 2874 excellenter
1165 2846 1279 2873 habens.

148 2893 220 2928 ξΧΙτ,
235 2893 344 2921 Τούτων
365 2894 414 2929 μὲν
427 2893 485 2925 ἅλις
496 2902 502 2910 “
518 2894 564 2920 ἐπὶ
577 2894 611 2930 ⁸δὲ
630 2894 674 2921 τὸν
693 2893 739 2920 τοῦ
754 2893 832 2928 λόγου
850 2902 911 2920 σκο-

1002 2893 1015 2928 §
1039 2892 1082 2921 XI.
1106 2893 1158 2922 Sed
1180 2893 1214 2922 de
1230 2894 1273 2921 liis
1296 2894 1377 2928 satis;
1404 2893 1483 2921 tnodo
1508 2891 1642 2921 sermonis
1660 2892 1745 2921 nostri
