1938 3065
191 150 245 178 6Ἱῖ

779 142 807 171 S.
827 140 978 169 DlONYSll
995 139 1227 174 AREOPAGITL

1773 137 1830 165 676

192 215 304 243 scopum
328 212 540 241 prosequamur,
565 203 721 231 communia
739 207 767 230 et
786 202 862 229 unita
878 205 980 228 sancta:

1032 200 1082 226 πὸν
1096 200 1246 236 προΐωμεν,
1261 199 1445 231 ἀνελίττοντες
1468 198 1503 225 τὰ
1522 197 1601 226 κοινὰ
1620 197 1666 225 καὶ
1685 197 1827 234 ἡνωμένα,

191 253 333 280 Trinitatis
356 252 477 284 nomina,
494 258 554 285 quae
576 250 675 276 divina!
696 252 761 276 sunt
779 246 980 277 distinctionis,

190 304 285 334 utpote
302 299 435 326 donorum
452 297 607 324 divinorum
624 303 684 330 qua:
699 303 713 322 ιι
738 295 793 321 Deo
809 294 983 327 distinguun-

192 352 247 378 tur,
264 348 446 380 exponentes.
461 343 494 370 ΕΙ.
508 347 538 369 ιιι
552 342 626 369 clare
639 341 813 371 dcﬁniamus,
826 338 981 366 distinctio-

191 399 253 418 nem
282 390 404 418 divinant
428 396 489 416 csse
512 388 642 419 dicimus,
671 387 755 413 Deum
779 386 918 416 decentes,
942 383 981 410 uti

191 438 295 465 dictum
314 441 366 468 est,
381 435 564 466 donationes;
581 434 645 460 dum
662 433 736 459 enim
757 431 839 458 rebus
854 430 982 458 omnibus

190 486 325 512 bonorum
335 483 472 510 consortia
484 481 613 515 impertit,
627 484 681 506 tum
691 479 766 506 unite
775 478 895 512 quidem,
906 477 931 503 id
941 481 982 503 est

190 539 224 559 ex
236 531 317 558 unius
334 534 440 556 natura:
456 527 626 562 prOprietate
643 526 670 552 in
689 532 737 552 sua
753 530 866 550 munera
882 522 980 548 distill-

191 577 293 612 guilur,
310 575 489 609 multiplicata
507 581 572 600 vero
596 572 621 599 in
645 571 775 598 beneﬁcia
792 568 978 604 particularia,

191 631 298 650 rursum
315 623 430 654 unilur;
457 620 588 655 quoniam
605 627 638 645 ex
662 626 715 645 uno
732 617 787 644 Deo
808 616 898 642 omnia
916 619 981 642 sunt

189 668 333 696 beneﬁcia.
350 667 383 694 Et
399 667 469 694 dona
489 665 598 700 quidem
616 664 642 690 in
658 662 774 697 singulis
790 660 979 695 multiplican-

190 722 246 748 tnr,
269 719 379 742 manent
395 717 485 740 autem
509 713 534 739 in
553 719 606 738 uno
624 711 684 738 sine
707 708 877 744 egressione,
902 714 934 733 ac
956 706 978 733 si

190 763 217 790 in
235 770 290 789 uno
306 761 353 796 qui
370 766 412 788 est
428 760 473 786 illa
487 759 550 793 quis
569 757 678 789 videat;
696 755 826 790 quoniam
850 754 922 780 Deus
938 756 980 779 est

190 809 213 837 is
228 809 342 844 quiest,
366 807 413 834 sed
435 804 726 840 supercssentialiter:
749 807 776 829 et
796 800 923 835 producit
946 806 978 826 ea

189 862 250 890 qua:
263 859 347 886 sunt;
363 853 483 886 dumque
499 851 534 878 iis
548 849 645 877 tribuit
657 857 728 881 esse,
743 847 941 882 multiplicatur
957 845 979 872 is

189 901 261 936 quod
276 906 360 926 unum
375 903 418 925 est
432 898 458 924 in
474 897 507 924 iis
522 903 583 930 qua:
595 894 680 921 multa
699 898 780 926 sunt;
801 891 979 919 nihilominus

189 951 279 973 tamen
305 945 332 972 in
354 943 510 971 istiusmodi
536 940 764 975 multiplicatione
783 942 875 965 manet
898 937 924 964 in
949 944 978 963 se

188 993 253 1027 quid
267 998 362 1022 unum,
380 994 407 1017 et
426 989 453 1016 in
470 989 640 1023 singulorum
662 985 839 1013 distinctione
855 984 977 1018 plenmn,

187 1039 316 1074 quoniam
328 1042 371 1065 est
381 1037 415 1064 ab
427 1036 557 1063 omnibus
573 1036 655 1062 rebus
669 1037 837 1067 exemptum,
852 1035 906 1057 tam
919 1029 979 1056 sin-

187 1085 275 1119 gulari
291 1083 470 1119 productione
484 1081 605 1109 omnium
621 1080 740 1114 (scilicet
757 1077 838 1105 simul
852 1076 978 1108 volendo,

186 1135 215 1158 et
234 1138 288 1158 non
305 1129 438 1165 paulatim
452 1136 484 1155 ac
507 1135 555 1162 per
569 1131 662 1162 partes
677 1130 704 1152 et
721 1125 827 1152 minuta
843 1122 979 1156 fusione;)

187 1178 251 1213 quia
266 1178 348 1210 Deus,
362 1176 425 1203 dmn
439 1182 483 1201 res
499 1179 583 1205 creat,
601 1172 667 1200 nihil
683 1171 821 1199 imminuit
836 1170 905 1197 bona
918 1177 977 1200 sua,

187 1223 236 1250 sed
247 1222 313 1257 quid
327 1229 410 1248 unum
425 1220 533 1252 existit,
557 1227 589 1246 ac
604 1219 734 1244 virtutem
755 1216 861 1243 nnitam
885 1215 980 1242 distri-

187 1269 248 1296 buit;
262 1267 376 1295 euilibet
390 1266 462 1302 parti
478 1266 536 1292 sive
557 1264 663 1295 mundi,
678 1263 736 1289 sive
756 1261 893 1288 animalis.
911 1260 978 1286 Nam

188 1313 398 1349 pars.qna~,libet
410 1312 477 1347 quid
491 1319 573 1338 unum
584 1315 625 1337 est
637 1309 719 1337 etiam
738 1308 787 1340 toti
803 1307 878 1342 (quia
893 1311 978 1333 totnln

187 1366 232 1389 est
248 1361 313 1396 quid
331 1357 426 1392 unum)
448 1358 531 1385 etiam
555 1357 600 1383 nni
627 1361 730 1388 atomo,
754 1361 786 1381 ac
810 1351 978 1380 multitudini

188 1407 247 1434 sive
276 1405 381 1438 multis,
405 1411 466 1439 qua:
492 1407 556 1430 sunt
578 1401 642 1436 quid
666 1408 750 1428 unum
777 1399 881 1434 specie,
909 1398 980 1424 sicut

188 1452 268 1480 mulli
280 1451 408 1483 homines
424 1455 487 1478 sunt
500 1449 565 1483 quid
579 1455 663 1474 unum
678 1451 789 1474 natura.
802 1445 869 1472 Cum
887 1444 979 1477 itaque

188 1499 231 1527 his
243 1497 372 1525 omnibus
394 1495 534 1531 impertiat
551 1494 699 1524 unitatem,
723 1492 789 1519 dum
807 1498 838 1518 ea
856 1498 888 1517 ex
904 1489 979 1524 prin-

188 1543 323 1579 cipalibus
338 1541 492 1573 elementis,
506 1547 567 1574 qua:
582 1539 697 1574 ipsemet
713 1536 849 1567 condidit,
867 1542 980 1569 compo-

189 1588 241 1621 nit,
266 1591 294 1614 et
316 1585 423 1621 singula
452 1592 485 1612 ex
511 1584 666 1618 composito
690 1582 756 1617 quid
784 1589 868 1608 unum
893 1580 978 1613 facit;

188 1633 315 1660 similiter
330 1632 428 1665 iterum
451 1630 516 1665 quid
529 1637 613 1656 unum
636 1633 689 1660 est,
712 1634 886 1662 nequaquam
902 1633 980 1653 crea-

188 1679 310 1708 tionibus
333 1679 360 1706 in
381 1677 588 1705 multitudinem
612 1675 727 1706 divisus,
748 1672 978 1708 quemadmodum

189 1734 242 1753 una
259 1726 412 1759 eademque
425 1733 471 1752 ars
488 1725 618 1760 alicujus,
635 1732 696 1759 qua:
711 1723 814 1750 virtute
828 1721 910 1749 multa
921 1726 980 1748 arte

190 1772 262 1799 laeta
273 1778 449 1806 componens,
461 1775 489 1797 et
502 1771 584 1799 rebus
596 1769 827 1797 immaterialibus
840 1767 979 1803 pra-lecta,

191 1825 298 1844 rursum
314 1817 340 1844 in
363 1817 512 1851 semetipsa
529 1825 582 1844 una
599 1816 770 1851 simplexque
791 1820 896 1846 manet,
917 1822 978 1841 eum

189 1869 277 1897 neque
291 1869 355 1896 pars
368 1862 404 1889 sit
417 1867 478 1891 arte
492 1861 644 1894 factorum,
659 1869 748 1896 neque
761 1861 827 1896 quid
845 1865 931 1887 totum
947 1868 980 1887 et

190 1910 224 1937 iis
241 1909 397 1936 conﬂatum.
420 1908 561 1942 Quomodo
576 1908 650 1935 enim
671 1916 716 1936 ars
733 1916 798 1942 pars
813 1915 877 1935 esse
894 1906 981 1942 possit

190 1963 285 1983 eorum
298 1962 358 1990 qua:
371 1960 433 1982 arte
446 1954 615 1986 consistunt,
630 1962 692 1981 cum
708 1955 766 1988 ipsa
779 1953 895 1988 singulis
912 1960 981 1987 prae-

189 2000 296 2027 sideat?
310 2001 450 2035 quomodo
466 2005 559 2027 autem
584 1999 667 2035 340
684 2004 769 2029 totum
785 2006 818 2026 ex
834 1999 876 2025 his
891 1998 936 2026 sit.
954 2001 982 2024 et

190 2054 250 2080 qua}
263 2047 341 2081 prior
357 2051 398 2073 est
412 2053 446 2072 ex
463 2045 673 2080 posterioribus,
690 2049 716 2071 et
732 2051 814 2070 causa
831 2050 864 2070 ex
877 2042 981 2070 ell‘eCIis

190 2092 308 2119 existat?
324 2091 402 2119 Unde
426 2092 511 2119 etiam
528 2090 714 2121 concluditur,
738 2088 822 2116 Deum
848 2096 901 2115 non
917 2096 980 2115 esse

190 2137 345 2166 istiusmodi
361 2146 444 2165 unum
460 2138 536 2172 quid,
549 2137 630 2171 quale
644 2136 672 2163 in
692 2136 770 2162 nobis
785 2140 844 2162 est:
860 2135 885 2162 in
903 2135 981 2163 nobis

189 2184 261 2212 enim
279 2184 305 2211 id
329 2183 401 2218 quod
424 2191 507 2211 unum
527 2189 580 2215 est,
606 2182 648 2210 vel
674 2187 761 2210 totum
779 2181 821 2209 vel
839 2189 903 2216 pars
922 2186 979 2214 est;

1032 246 1082 281 τῆς
1095 246 1173 280 ἁγίας
1193 245 1293 281 δηλαδὴ
1307 245 1422 280 Τριάδος
1435 245 1556 280 ὀνόματα
1567 245 1619 279 τῆς
1632 244 1707 279 θείας
1718 244 1827 280 διακρί-

1034 301 1112 323 σεως,
1129 292 1211 318 οἱονεὶ
1222 291 1278 318 τῶν
1292 291 1372 317 θείων
1385 291 1504 326 δωρεῶν,
1522 291 1549 317 αἲ
1561 290 1592 325 δὴ
1614 290 1668 317 ἀπὸ
1680 290 1748 316 Θεοῦ
1770 290 1830 325 δια-

1032 339 1180 374 κρίνονται.
1196 338 1250 364 Καὶ
1263 338 1307 364 ῖνα
1322 337 1415 371 σαφῶς
1428 336 1676 372 προδιορισώμεθα,
1690 336 1824 373 διάκρισιθ

1032 386 1107 412 θείαν
1121 385 1211 420 φαμὲν
1225 384 1274 416 τὰς
1288 384 1501 419 ἁγαθοπρεπείς,
1517 383 1555 415 ὡς
1572 383 1690 419 εἴρηται,
1705 383 1811 419 δωρεάς

1031 431 1190 467 δωρουμένη
1213 430 1267 466 γὰρ
1281 431 1347 456 πᾶσι
1363 431 1420 461 τοῖς
1439 428 1499 456 οὖσι
1511 429 1562 462 τὰς
1575 429 1628 456 τῶν
1652 428 1762 463 ἀγαθῶν
1778 437 1825 463 με-

1030 479 1150 510 τουσίας,
1172 477 1320 513 ήνῳμένως
1335 476 1394 511 μὲν,
1408 477 1491 511 ἤγουν
1512 477 1544 502 ἐκ
1563 476 1613 511 τῆς
1634 475 1763 510 ἰδιότητος
1775 476 1828 511 τῆς

1033 527 1097 561 μιᾶς
1109 526 1226 560 φύσεως,
1235 524 1402 560 διακρίνεται
1414 524 1453 555 είς
1465 523 1514 555 τὰς
1526 523 1638 558 δωρεάς·
1651 522 1826 558 πληθυομένη

1029 573 1059 600 δὲ
1073 573 1113 604 εἰς
1125 573 1175 603 τὰς
1191 571 1306 607 μερικὰς
1319 570 1488 606 εὐεργεσίας,
1505 570 1586 597 πάλιν
1602 569 1709 596 ἑνοῦται
1720 578 1726 584 ·
1741 569 1781 596 ὅτι
1795 569 1827 601 ἐξ

1031 619 1089 651 ἐνὸς
1101 618 1169 645 Θεοῦ
1183 619 1210 644 αἱ
1231 617 1395 653 εὐεργεσίαι.
1411 617 1466 643 Καὶ
1480 615 1760 647 πολλαπλασιάζονται
1775 615 1827 650 μὲν

1030 667 1058 692 αί
1075 665 1175 701 δωρεαὶ
1189 666 1235 692 ἐπὶ
1248 668 1304 698 τοῖς
1317 666 1379 692 καθ’
1395 667 1519 699 ἕκαστον,
1535 667 1645 702 μένουσι
1659 665 1686 692 δὲ
1699 666 1827 700 ἀνεκφοι-

1030 713 1119 747 τήτως
1139 713 1179 744 εἰς
1197 713 1227 740 τὸ
1246 713 1285 744 ἓν,
1311 711 1366 739 οἷον
1392 714 1438 740 ἐπὶ
1458 713 1517 745 ἑνὸς
1542 713 1589 740 τοῦ
1609 713 1685 744 ὄντος
1709 712 1758 738 ἴδοι
1771 721 1826 744 τις,

1030 757 1123 793 ἐπειδὴ
1135 758 1172 784 ὧν
1189 759 1262 785 ἐστιν
1275 760 1289 786 ὁ
1312 759 1388 792 Θεὸς,
1409 759 1466 786 ἀλλ’
1490 759 1670 794 ὑπερουσίως·
1694 758 1741 785 καὶ
1753 766 1827 793 παρ-

1030 804 1091 837 άγει
1104 803 1139 830 τὰ
1151 804 1214 831 ὄντα
1227 825 1234 836 ,
1248 805 1278 832 τὸ
1297 804 1367 832 εἶναι
1387 805 1493 837 τούτοις
1515 805 1701 841 δωρούμενος
1724 804 1826 830 πολλα-

1031 849 1209 881 πλασιάζεται
1221 850 1301 876 τοῦτο
1312 851 1342 877 τὸ
1356 850 1384 877 ἓν
1397 850 1426 877 ὃν
1441 852 1481 882 εἰς
1501 850 1587 877 πολλὰ
1600 850 1666 876 ὄντα
1675 858 1682 864 ·
1699 850 1773 885 μένει
1795 849 1827 875 δὲ

1031 894 1106 920 οὐδὲν
1128 892 1208 930 ἦττον
1231 895 1259 921 ἓν
1282 896 1422 931 ἡνωμένον
1435 897 1464 922 ὲν
1482 895 1521 930 τῷ
1535 895 1648 931 τοιούτῳ
1661 895 1826 930 πληθυσμῷ,

1030 940 1077 966 καὶ
1094 940 1198 976 πλῆρες
1221 942 1250 967 ὲν
1271 941 1309 976 τῷ
1331 941 1516 978 διακρίνεσθαι
1533 943 1590 974 τοῖς
1615 940 1676 968 καθ’
1696 942 1824 971 ἕκαστον,

1029 985 1095 1012 διότι
1117 987 1177 1013 ἐστὶ
1202 987 1311 1014 πάντων
1336 987 1389 1014 τῶν
1417 987 1500 1015 ὄντων
1527 987 1695 1023 ἐξῃρημένον
1719 987 1767 1017 καὶ
1789 988 1824 1022 τῇ

1031 1032 1119 1067 ένιαίᾳ
1132 1035 1296 1069 παραγωγῇ,
1313 1033 1406 1069 (ἤγουν
1419 1036 1452 1070 τῇ
1470 1034 1529 1070 ἅμα
1550 1034 1588 1069 τῷ
1610 1033 1762 1069 βούλεσθαι,
1778 1033 1826 1060 καὶ¹

1029 1077 1060 1103 οὺ
1076 1077 1147 1104 κατὰ
1162 1079 1259 1115 μικρόν
1273 1088 1302 1106 τε
1316 1079 1362 1106 καὶ
1378 1079 1510 1115 μερικῶς,
1530 1080 1578 1106 καὶ.
1590 1080 1624 1114 τῇ
1647 1078 1827 1113 ἀνελαττώτῳ

1030 1123 1106 1159 χύσει
1118 1125 1137 1159 ·)
1154 1125 1194 1151 ὅτι
1206 1124 1307 1156 κτίζων
1317 1125 1351 1151 τὰ
1363 1125 1428 1151 ὄντα
1440 1126 1454 1152 ὁ
1467 1125 1544 1157 Θεὸς,
1561 1125 1636 1151 οὐδὲν
1648 1124 1702 1151 τῶν
1715 1124 1826 1150 οἰκείων

1032 1172 1104 1205 μειοῖ
1122 1170 1243 1205 ἀγαθῶν,
1267 1170 1335 1198 ἀλλὰ
1349 1172 1396 1198 καὶ
1419 1171 1447 1198 ἓν
1461 1171 1509 1202 ὢν,
1526 1172 1573 1197 καὶ
1597 1171 1754 1206 μεταδιδοὺς
1774 1171 1826 1206 τῆς

1029 1217 1135 1248 ὲνιαίας
1149 1217 1290 1252 δυνάμεως
1306 1218 1353 1244 καὶ
1366 1217 1443 1253 μέρει
1459 1218 1566 1253 ἑκάστῳ
1581 1216 1636 1243 εἴτε
1649 1216 1696 1244 τοῦ
1709 1217 1826 1252 κόσμου,

1030 1263 1085 1289 εἴτε
1100 1262 1147 1289 τοῦ
1162 1262 1230 1295 ζώου
1240 1272 1246 1278 ·
1263 1264 1317 1290 πᾶν
1330 1263 1384 1300 γὰρ
1400 1263 1482 1299 μέρος
1496 1263 1595 1290 ὲνιαῖόν
1608 1272 1644 1295 τι,
1659 1263 1705 1290 καὶ
1718 1263 1771 1298 ὅλῳ
1784 1262 1827 1299 (τὸ

1030 1309 1084 1345 γὰρ
1103 1309 1162 1343 ὅλον
1175 1309 1204 1335 ἓν
1228 1309 1265 1345 τι)
1281 1309 1327 1335 καὶ
1350 1309 1390 1335 ἐνὶ
1410 1309 1522 1344 ἀτόμῳ,
1548 1309 1595 1335 καὶ
1618 1308 1716 1344 πλήθει
1740 1308 1827 1344 ήγου»

1030 1356 1148 1389 πολλοῖς,
1161 1355 1179 1382 ἃ
1194 1354 1233 1390 τῷ
1246 1354 1310 1381 είδει
1324 1355 1353 1381 ἓν
1374 1355 1453 1387 εἰσιν,
1468 1354 1563 1390 ὥσπερ
1575 1355 1600 1381 οἱ
1615 1354 1707 1381 πολλοὶ
1720 1354 1828 1390 ἄνθρω-

1030 1409 1075 1428 ποι
1089 1399 1130 1433 εἷς
1146 1403 1179 1437 τῇ
1194 1401 1273 1436 φύσει
1286 1401 1353 1428 ἐστί.
1369 1401 1480 1433 Τούτοις
1493 1399 1539 1428 οὖν
1552 1402 1609 1433 τοῖς
1623 1401 1690 1427 πᾶσι
1703 1399 1751 1426 τοῦ
1765 1400 1827 1432 ἑνὸς

1032 1449 1197 1483 μεταδιδοὺς,
1209 1447 1313 1480 συνθεὶς
1324 1447 1394 1474 αὐτὰ
1405 1449 1436 1474 ὲκ
1451 1448 1506 1474 τῶν
1519 1448 1639 1484 ἀρχικῶν
1649 1447 1798 1483 στοιχείων,
1807 1447 1827 1474 ἂ.

1029 1496 1076 1523 καὶ
1083 1494 1152 1522 αὐτὰ
1159 1494 1262 1530 ὑπέστη
1267 1495 1355 1526 σε,κα“ι
1363 1495 1391 1521 ἒν
1400 1496 1516 1530 ποιήσας
1523 1495 1636 1522 ἕκαστον
1643 1496 1676 1530 τῇ
1686 1495 1825 1525 συστάσει,

1031 1541 1112 1569 πάλιν
1124 1542 1153 1568 ἓν
1166 1542 1239 1573 ἐστιν
1250 1541 1391 1574 ὡσαύτως,
1403 1543 1433 1568 οὐ
1449 1541 1587 1578 μερισθεὶς
1600 1543 1656 1573 τοῖς
1670 1543 1709 1573 είς
1722 1541 1826 1576 πλῆθος

1030 1587 1280 1624 δημιουργήμασιν,
1297 1587 1391 1623 ὥσπερ
1403 1589 1419 1623 ἡ
1433 1587 1502 1623 αὑτὴ
1516 1588 1564 1614 καὶ
1580 1587 1628 1623 μία
1641 1587 1740 1622 τέχνης
1752 1587 1826 1619 τινὸς

1030 1632 1154 1668 δύναμις,
1180 1632 1265 1659 πολλὰ
1289 1632 1518 1659 κατασκευάσασα
1541 1631 1670 1668 τεχνητὰ,
1695 1632 1744 1658 καὶ
1768 1633 1825 1664 τοῖς

1031 1678 1123 1710 ἀΰλοις
1135 1678 1353 1714 ὲπιστατήσασα,
1366 1678 1447 1705 πάλιν
1465 1679 1493 1704 ὲν
1517 1678 1600 1713 ἑαυτῇ
1621 1677 1669 1713 μία
1693 1677 1739 1704 καὶ
1752 1677 1825 1712 ἁπλῆ

1033 1725 1119 1761 μένει,
1131 1724 1193 1751 οὔτε
1209 1725 1292 1760 μέρος
1305 1722 1373 1752 οὖσα
1384 1724 1438 1751 τῶν
1450 1724 1599 1760 τεχνητῶν,
1611 1723 1673 1750 οὔτε
1686 1732 1711 1750 τι
1722 1723 1782 1750 ὅλον
1795 1723 1825 1756 ἐξ

1031 1771 1142 1798 ἐκείνων
1163 1771 1350 1805 συγκείμενον,
1365 1770 1428 1802 Πῶς
1442 1770 1496 1806 γὰρ
1518 1770 1600 1806 μέρος
1617 1769 1672 1796 τῶν
1692 1769 1761 1796 κατὰ
1774 1769 1825 1804 τὴν

1031 1818 1130 1853 τέχνην
1143 1818 1298 1844 συστάντων
1310 1818 1326 1852 ή
1338 1816 1430 1852 τέχνη,
1440 1817 1508 1852 αὑτὴ
1521 1815 1650 1847 ὁλοτελῶς
1661 1816 1703 1850 ἐφ’
1717 1815 1826 1850 ἑκάστῳ

1031 1864 1254 1899 ὲπιστατήσασα;
1277 1862 1336 1896 πῶς
1348 1862 1376 1889 δὲ
1396 1863 1456 1888 ὅλον
1470 1862 1501 1888 ἐκ
1520 1861 1632 1894 τούτων,
1653 1863 1669 1895 ἡ
1684 1860 1779 1896 πρώτη
1793 1861 1827 1887 ὲκ

1031 1910 1086 1941 τῶν
1099 1910 1232 1946 ὑστέρων,
1248 1910 1295 1936 καὶ
1313 1910 1329 1944 ἠ
1346 1909 1419 1935 αίτία
1435 1909 1468 1935 ἐκ
1480 1907 1533 1935 τῶν
1549 1908 1696 1940 cinaedm;
1714 1908 1767 1934 Καὶ
1781 1907 1828 1934 διὰ

1031 1956 1110 1983 τοῦτο
1127 1957 1283 1991 συνάγεται,
1303 1956 1344 1982 ὃτι
1358 1955 1420 1982 οὔτε
1437 1956 1466 1982 ἓν
1486 1956 1544 1982 ἐστι
1557 1955 1587 1981 τὺ
1599 1954 1676 1985 Θεῖον
1694 1953 1826 1987 τοιοῦτον,

1032 2001 1086 2036 οἶόν
1098 2003 1172 2029 ἐστιν
1187 2003 1216 2029 ὲν
1228 2003 1294 2038 ἡμῖν
1304 2011 1311 2017 ”
1325 2003 1354 2028 ἐν
1369 2003 1434 2038 ἡμῖν
1448 2002 1502 2038 γὰρ
1515 2002 1546 2028 τὸ
1565 2001 1592 2029 ἒν
1606 2000 1622 2036 ἢ
1638 2001 1697 2028 ὅλον
1709 2001 1725 2036 ἢ
1742 2001 1827 2036 μέρος

1032 2049 1101 2080 ἐστὶ,
1113 2049 1144 2075 τὸ
1155 2048 1182 2075 δὲ
1197 2048 1274 2075 Θεῖον
1292 2048 1364 2084 ὑπὲρ
1376 2047 1473 2080 ταῦτα,
1488 2047 1548 2074 οὔτε
1562 2047 1669 2082 μετέχει
1689 2046 1737 2073 τοῦ
1749 2045 1825 2078 ἑνός·

1033 2093 1092 2129 πῶς
1105 2094 1176 2130 γάρ;
1189 2093 1297 2129 πρῶτον
1311 2093 1366 2128 γὰρ
1381 2092 1457 2119 ἔσται
1472 2092 1551 2119 πάλιν
1572 2093 1664 2128 ἕτερον
1687 2091 1726 2123 ἒν,
1739 2089 1828 2126 οὗπερ

1035 2139 1141 2175 μεθέξει
1153 2139 1183 2166 τὸ
1194 2139 1285 2166 Θεῖον·
1302 2139 1332 2165 τὸ
1352 2138 1406 2174 γὰρ
1422 2137 1604 2174 μετεχόμενον
1621 2137 1675 2164 τῶν
1698 2136 1828 2172 μετεχόν-

1032 2193 1086 2211 των
1099 2184 1206 2221 πρῶτόν
1223 2185 1307 2211 ἐστιν.
1332 2183 1401 2210 Οὔτε
1413 2185 1444 2210 τὸ
1458 2184 1487 2210 ἒν
1502 2184 1569 2219 ἔχει,
1583 2184 1620 2216 ὥς
1632 2193 1658 2210 τι
1671 2182 1828 2219 ὲπισύμὸα-

192 2230 265 2257 Deus
288 2233 378 2257 autem
404 2234 447 2257 est
474 2236 557 2264 supra
578 2229 646 2261 ista;
668 2235 756 2262 neque
779 2227 927 2263 participat
947 2227 980 2254 de

1035 2239 1083 2266 μα,
1097 2231 1113 2266 ἥ
1127 2231 1173 2256 καὶ
1184 2230 1312 2261 οὐσιῶδες
1323 2230 1430 2266 γὶδίωμα
1441 2239 1448 2245 '
1463 2231 1551 2256 ἐκεῖνο
1563 2229 1618 2265 γὰρ
1637 2229 1693 2265 ἔχει
1706 2229 1737 2255 τὸ
1756 2228 1797 2260 ἓν,
1811 2228 1828 2257 ὅ

192 2283 266 2308 uno;
283 2275 421 2310 quomodo
441 2275 536 2303 enim?
551 2282 615 2302 nam
631 2274 671 2302 sic
695 2274 794 2301 iterum
811 2273 882 2300 aliud
899 2272 980 2306 quid-

191 2322 253 2350 dam
271 2330 356 2349 unum
376 2322 452 2357 prius
470 2321 536 2353 erit,
558 2321 637 2356 cujus
659 2320 799 2355 particeps
818 2319 871 2352 erit
888 2319 958 2345 Deus
974 2323 982 2345 :

194 2368 324 2402 quoniam
347 2367 373 2394 id
398 2367 471 2402 quod
491 2366 685 2402 participatur,
709 2366 786 2400 prius
810 2370 853 2392 est
868 2365 901 2392 iis
923 2371 984 2399 qua:

192 2414 368 2450 participant.
392 2412 488 2447 Neque
504 2413 588 2439 etiam
613 2412 680 2447 quid
695 2419 779 2438 unum
795 2416 838 2438 est
852 2416 983 2444 tanquam

193 2468 241 2495 per
253 2459 394 2492 accidens,
417 2458 459 2486 vel
476 2459 560 2485 etiam
586 2463 616 2485 ut
636 2457 792 2493 proprietas
808 2457 981 2490 essentialis;

192 2503 249 2531 inec
264 2503 335 2530 enim
359 2503 426 2530 illud
445 2510 529 2530 unum
547 2503 632 2529 habet
647 2503 721 2537 quod
738 2502 860 2529 essentia
875 2507 903 2529 et
916 2511 981 2536 ens;

194 2549 264 2577 Deus
281 2554 373 2577 autem
386 2557 468 2584 supra
483 2549 635 2576 essentiam
653 2553 695 2576 est
714 2553 742 2576 et
758 2556 842 2583 supra
855 2556 916 2576 ens.
933 2548 982 2576 llis

192 2595 321 2622 ountibus
345 2595 439 2630 itaque
456 2595 537 2622 modo
559 2595 641 2629 longe
655 2594 808 2622 subiimiori
828 2595 897 2622 Deus
919 2595 983 2629 quid

194 2648 277 2667 unum
297 2646 351 2674 est,
377 2648 460 2675 supra
485 2648 568 2668 unum
594 2641 668 2675 quod
684 2645 726 2668 est
743 2642 771 2668 in
798 2642 897 2674 rebus;
916 2642 983 2676 quin

193 2685 277 2711 etiam
297 2685 443 2713 multitudo
459 2691 512 2719 est,
532 2694 596 2714 cum
613 2688 640 2714 in
655 2688 760 2722 optima
783 2695 897 2724 quaeque
922 2696 982 2715 niu-

197 2733 519 2772 neta‘proridentiasque
532 2734 734 2768 multiplicetur,
747 2736 857 2762 minime
869 2735 982 2768 divisus,

194 2778 241 2806 sed
254 2786 287 2806 ex
303 2779 407 2816 integro
429 2780 542 2816 singulis
558 2782 690 2816 obtingat.
705 2783 816 2809 tametsi
834 2790 882 2816 pro
897 2782 983 2809 facul-

196 2830 250 2853 tate
270 2834 384 2861 quaaque
405 2834 452 2854 sua
476 2828 563 2862 ipsum
587 2828 759 2863 participem.
782 2829 915 2861 Quocirca
940 2833 983 2856 est

199 2871 387 2907 inexhaustus,
410 2878 437 2902 et
453 2873 646 2910 superplcnus;
671 2874 694 2902 si
711 2873 782 2902 enim
804 2874 981 2909 divideretur,

1034 2278 1107 2303 ἐστιν
1119 2277 1197 2303 οὐσία
1212 2277 1260 2304 καὶ
1279 2277 1318 2310 ὃν,
1331 2277 1362 2303 τὸ
1373 2276 1400 2303 δὲ
1412 2277 1490 2303 Θεῐον
1506 2277 1577 2312 ὑπὲρ
1590 2276 1638 2312 τὴν
1657 2276 1752 2303 οὐσίαν
1773 2276 1827 2303 καὶ.

1034 2323 1104 2358 ὑπὲρ
1121 2323 1151 2349 τὸ
1163 2323 1202 2350 ὃν.
1216 2324 1313 2359 nepam
1328 2323 1393 2357 γοῦν
1404 2323 1506 2350 τούτων
1519 2323 1647 2350 ἁπάντων
1661 2323 1692 2349 τὸ
1705 2322 1783 2349 Θεῖον
1796 2323 1828 2350 ἒν

1034 2368 1104 2404 ὑπὲρ
1119 2368 1149 2395 τὺ
1160 2370 1189 2396 ὲν
1201 2370 1258 2400 τοῖς
1273 2367 1347 2395 οὖσιν
1360 2368 1389 2395 ἒν
1402 2377 1407 2383 ·
1428 2368 1497 2395 ἀλλὰ
1509 2369 1556 2395 καὶ
1573 2367 1685 2403 πλῆθος,
1701 2369 1763 2394 ἐπεὶ
1785 2369 1827 2400 εἰς

1033 2412 1083 2444 τὰς
1095 2412 1299 2448 ἀγαθοπρεπεῖς
1310 2412 1414 2448 δωρεὰς
1432 2414 1479 2439 καὶ
1490 2412 1618 2448 προνοίας
1639 2412 1827 2448 πεπλήθυνται

1036 2459 1072 2495 μὴ
1093 2459 1280 2495 μεριζόμενον,
1297 2459 1353 2486 ἀλλ’
1367 2459 1521 2495 ὁλοκλήρως
1541 2460 1666 2490 ἑκάστοις
1687 2459 1826 2494 προσϐάλ-

1034 2505 1088 2537 λον,
1101 2507 1124 2532 εἰ
1137 2505 1183 2532 καὶ
1195 2505 1229 2531 τὰ
1243 2505 1390 2540 μετέχοντα
1401 2505 1472 2532 κατὰ
1486 2505 1535 2541 τὴν
1551 2506 1654 2532 οἰκείαν
1683 2506 1826 2541 μετέχουσι

1033 2550 1158 2586 δύναμιν,
1173 2550 1221 2578 Διὰ
1233 2551 1313 2577 τοῦτο
1328 2543 1499 2588 ἀπλήρωτοι),
1522 2551 1698 2588 ὑπερπλῆρες
1708 2560 1714 2566 ·
1731 2553 1756 2578 εί
1770 2552 1827 2587 γὰρ

1034 2596 1186 2632 ἐμερίζετο,
1201 2596 1362 2632 ἐπληροῦτο,
1377 2597 1432 2623 πᾶν
1444 2597 1491 2623 καὶ
1504 2597 1534 2624 τὸ
1547 2597 1590 2624 ἓν·
1607 2597 1654 2623 καὶ
1668 2597 1698 2623 τὸ
1713 2597 1825 2633 πλῆθος,

1034 2643 1168 2678 παράγον,
1184 2642 1305 2670 τελειοῦν
1328 2644 1376 2670 καὶ
1399 2644 1520 2679 συνέχον,
1537 2644 1642 2671 πολλῶν
1663 2644 1732 2670 θεῶν
1755 2653 1830 2679 γινο-ι

1035 2689 1133 2723 μένων,
1159 2689 1271 2716 καὶτῶν
1290 2689 1424 2724 ἀγγέλων,
1446 2691 1493 2717 καὶ
1508 2689 1564 2716 τῶν
1581 2689 1733 2726 ἀνθρώπων
1747 2692 1781 2726 τῇ
1797 2690 1828 2724 ἐξ

1034 2735 1116 2761 αὑτοῦ
1132 2734 1228 2762 θεώσει
1244 2737 1274 2762 ἐν
1288 2735 1327 2771 τῷ
1344 2736 1416 2763 κατὰ
1434 2736 1549 2773 δύναμιν
1565 2736 1680 2763 ἑκάστου
1703 2736 1827 2769 ϐεοειδεῐ,

1033 2781 1047 2808 ὃ
1061 2781 1114 2807 ἀπὸ
1132 2781 1200 2808 Θεοῦ
1214 2782 1392 2817 λαμϐάνουσι.
1407 2783 1486 2810 Δοκεῖ
1506 2783 1555 2819 μὲν
1569 2780 1613 2810 οὖν
1628 2782 1764 2815 ἐντεῦθεν,
1785 2784 1828 2810 ὅτι

1033 2829 1063 2854 τὸ
1083 2828 1160 2855 Θεῖον
1181 2828 1349 2864 διακρίνεται
1369 2830 1415 2856 καὶ⁸
1436 2829 1612 2865 πληθύνεται,
1635 2831 1664 2856 ἐν
1684 2830 1724 2865 τῷ
1748 2830 1833 2861 Θεοῦν,

1033 2875 1157 2902 ἕκαστον·
1174 2875 1231 2902 ἀλλ’
1246 2875 1320 2903 οὐδὲν
1334 2873 1414 2913 ἦττον
1428 2878 1442 2904 ὁ
1456 2876 1594 2913 Ἀρχίθεος
1606 2874 1645 2909 εἷς
1659 2876 1736 2910 Θεὸς,
1755 2877 1827 2913 ἀμέ-
