1938 3065
93 143 152 171 ’677

383 142 428 170 DE
444 141 572 170 DlVlNlS
587 140 785 173 NOMINIBUS,
810 140 887 169 CAP.
906 140 937 167 ll.
955 157 988 162 —
1005 140 1178 168 PARAPHR.
1196 141 1433 170 PACIlYMERA-J.

1675 145 1727 172 678

94 209 192 238 ,ριπος
224 202 253 227 ὲν
278 201 334 232 τοῖς
360 202 516 236 μεριστοῖς,
543 201 680 235 ἡνωμένος
703 200 790 235 ἐαυτῷ
820 200 890 235 ὑπὲρ

943 199 1113 234 impleretur,
1135 207 1197 226 cum
1211 207 1291 228 omne
1307 205 1361 228 tam
1375 209 1457 228 unum
1478 209 1559 237 quam
1576 202 1730 231 multitudi-

99 249 209 275 ἅπασαν
220 246 317 273 ἕνωσιν
330 254 343 261 ·⁴
354 246 401 272 καὶ
420 245 522 281 ἀμιγὴς
535 245 622 280 μένων
637 247 692 277 τοῖς
716 245 822 277 πολλοῖς
841 246 888 272 καὶ

99 293 279 329 ἀπλὴθυντος,
295 293 332 324 ὡς
346 292 377 319 τὸ
391 291 449 327 φῶς
464 290 511 318 τοῦ
528 291 615 326 ἡλίου,
633 291 746 322 πολλοὺς
761 290 887 325 φωτίζον,

97 341 177 376 μένει
195 339 288 373 ἑνικαὶ
307 337 486 374 ἀπλήθυντον.
503 338 558 364 Καὶ
576 336 655 363 τοῦτο
676 336 826 372 ὑπερφυῶς
845 338 889 365 ὲν-

99 387 200 421 νοὴσας
215 386 229 412 ὁ
249 384 337 416 κοινὸς
361 383 438 419 ἡμῶν
456 383 617 415 διδάσκαλος
637 383 705 418 ἐμοῦ
726 391 755 409 τε
777 384 824 410 καὶ
841 382 887 410 τοῦ

100 431 236 467 ἡμετέρου
259 429 445 465 καθηγεμόνος
471 428 518 455 τοῦ
540 428 657 464 μεγάλου
690 427 834 464 Ἰεροθὲου,
858 428 889 455 τὸ

100 477 160 511 φῶς
174 476 220 503 τοῦ
231 476 345 511 κόσμου,
360 476 398 507 ὡς
408 475 567 506 διδάσκαλος
581 475 628 501 τοῦ
642 475 755 510 κόσμου,
772 475 818 501 καὶ
836 483 888 510 μα-

101 520 245 557 θητὴς.τοῦ
259 521 360 557 κυρίως
372 519 419 546 τοῦ
431 520 532 556 κόσμου
546 520 644 554 φωτὸς,
658 521 672 546 ὁ
685 520 771 555 μέγας
783 519 889 551 Παῦλός

96 576 183 603 ερημι,
205 567 267 594 τάδε
290 567 371 601 φησιν
393 565 509 598 ὲνθέως·
533 565 597 593 Κᾶν
622 566 682 593 θεοὶ
704 566 813 592 πολλοὶ
839 565 888 592 καὶ

101 614 197 647 κύριοι
222 613 277 640 ὦσι
306 612 381 641 κατὰ
401 611 499 646 χάριν,
524 612 548 639 οί
576 611 641 638 θεῖοι
659 612 769 652 ἄγγελοι
797 613 845 638 καὶ
865 613 889 638 οί

96 660 171 696 depol.
183 660 277 695 ἄνδρες
288 667 294 674 ·
315 659 384 686 ἀλλ’
397 658 468 693 ἡμῖν
486 659 529 691 εἷς
542 657 613 691 Θεὸς
627 657 732 693 ἀληθῶς
747 659 762 684 ὁ
776 657 888 692 Πατὴρ,

98 708 117 734 ο
128 697 204 740 Υἱὸς,
215 705 298 733 καὶτὸ
309 705 385 740 ἅγιον
395 705 518 740 Πνεῦμα,
527 705 564 736 ὡς
573 704 643 731 κατὰ
660 704 800 740 μετάδοσιν
821 704 889 739 ἀμέ-

104 761 195 789 ριστον
213 752 260 778 καὶ
283 751 448 778 ἀσκέδαστον
469 751 518 786 τῆς
531 750 689 786 ἐπωνυμίας
713 751 762 786 τῆς
787 750 890 782 οἰκείας

103 797 228 833 θεότητος
252 797 299 823 καὶ
322 796 480 832 κυριότητος
494 797 550 828 τοῖς
574 795 681 827 πολλοῖς
703 795 887 831 μεταδίδωσιν,

102 844 133 870 οὺ
154 842 460 878 κατακερματιζομένης
472 842 521 878 τῆς
537 841 662 877 θεότητος
679 842 719 873 είς
742 841 811 878 μέρη
828 841 888 868 θεο-

102 890 201 926 τήτων,
225 889 262 921 ὡς
275 889 373 928 χρυσὸς
393 890 432 921 είς
448 889 603 924 νομίσματα
615 897 621 903 ·
639 887 701 915 οὕτε
717 888 771 915 τῶν
786 888 891 916 πολλῶν

103 935 173 962 θεῶν
188 934 419 970 συμπληρούντων
434 933 482 969 τὴν
498 934 583 969 αὐτὴν
596 933 720 969 θεότητα,
740 934 769 961 ὃν
791 935 890 972 τρόπον

102 981 138 1008 τὰ
151 981 236 1008 πολλὰ
251 981 308 1016 εἴδη
321 981 368 1011 τὸν
379 981 428 1010 ἕνα
452 981 563 1016 κόσμον·
580 980 647 1007 ἀλλὰ
663 980 830 1017 πληθύεσθαι
845 981 890 1008 λέ-

103 1036 181 1062 γεται
196 1028 210 1053 ὁ
231 1027 298 1059 Θεὸς
314 1027 353 1062 τῷ
376 1027 436 1054 καθ’
458 1027 572 1054 ἕκαστον
595 1028 634 1059 είς
657 1027 823 1062 παραγωγὴν
837 1028 891 1054 τῶν

103 1073 187 1100 ὄντων
210 1073 358 1109 βουλήματι
381 1075 572 1109 προνοητικαῖς
592 1073 716 1108 προόδοις
739 1073 892 1099 πολλαπλα-

105 1119 273 1154 σιαζόμενος,
287 1119 361 1154 μένει
376 1119 404 1145 δὲ
426 1118 580 1155 ἀμερίστως
592 1118 672 1145 πάλιν
687 1118 726 1145 ἓν.
748 1118 797 1145 Διὰ
813 1118 892 1145 τοῦτο

104 1165 152 1191 καὶ
173 1164 293 1192 ἐπὶτῶν
316 1164 404 1197 θείων,
429 1164 624 1200 ἐπικρατοῦσιν
651 1165 680 1191 αἱ
704 1164 816 1196 ὲνώσεις
837 1165 891 1191 τῶν

103 1211 277 1246 διακρίσεων,
289 1211 322 1238 τὰ
335 1212 443 1242 ὲνιαίως
454 1211 574 1246 δηλονότι
586 1211 633 1238 καὶ
652 1211 802 1246 μοναδικῶς
823 1210 891 1237 θεω-

105 1257 225 1293 ρούμενα
237 1265 243 1272 ·
262 1257 292 1284 οὐ
314 1257 369 1293 γὰρ
386 1258 419 1284 ὲκ
442 1257 547 1284 πολλῶν
564 1257 683 1294 συνήχθη
700 1257 734 1283 τὰ
752 1257 801 1292 τῆς
828 1257 892 1292 μιᾶς

105 1302 232 1339 θεότητος
247 1303 293 1330 καὶ
313 1303 482 1339 κυριότητος,
499 1303 557 1334 ἀλλ’
572 1304 605 1330 ὲκ
623 1303 670 1329 τοῦ
690 1303 793 1338 ταύτης
811 1311 893 1338 μονα-

104 1349 199 1382 δικοῦ,
222 1351 236 1376 ὁ
261 1351 290 1376 ὲν
309 1350 422 1382 ἐκείνοις
445 1350 603 1386 πληθυσμδς
627 1349 779 1386 θεωρεῖται.
814 1348 893 1375 Ἀλλὰ

104 1396 184 1423 τοῦτο
197 1397 246 1431 μὲν
260 1396 307 1422 ἐπὶ
323 1395 376 1422 τῶν
399 1395 478 1422 θείων
488 1404 494 1410 ·
514 1395 561 1422 ἐπὶ
577 1395 605 1421 δὲ
619 1395 673 1422 τῶν
693 1395 755 1422 καθ’
774 1396 847 1431 ἡμᾶς
863 1395 893 1424 τὸ

103 1442 226 1469 ἓναντίον
237 1442 355 1476 γίνεται·
369 1442 445 1468 οὐδὲν
456 1442 510 1477 γὰρ
523 1441 612 1468 αὐτῶν
623 1443 695 1467 ἐστιν
706 1441 769 1473 ἑνὰς
780 1441 891 1477 κυρίως,

105 1487 163 1517 ἀλλ’
184 1489 211 1514 αἱ
230 1488 378 1523 διακρίσεις
395 1487 450 1514 τῶν
468 1487 606 1524 στοιχείων
627 1487 808 1522 προῡποῦσαι,
832 1487 894 1514 σύν-

104 1535 200 1570 δρομοι
213 1535 352 1569 γινόμεναι
368 1535 414 1561 καὶ
429 1533 571 1570 ἑνούμεναι
585 1533 714 1569 δευτέρας
734 1533 784 1565 τὰς
800 1535 832 1560 ὲκ
843 1534 893 1569 τῆς

107 1567 257 1611 συνθέσεως
268 1567 378 1612 ένώσεις
391 1567 561 1615 ἐργάζονται.
576 1579 638 1605 Ἐπὶ
649 1567 676 1605 δὲ
688 1578 740 1606 τῶν
756 1578 836 1605 θείων
846 1567 894 1605 καὶ
907 1567 929 1598 c

106 1625 138 1656 τὸ
153 1625 182 1652 ἒν
197 1625 319 1662 πρόεστι,
336 1626 383 1652 καὶ
398 1625 465 1661 μετὰ
478 1625 526 1662 τὴν
541 1627 581 1658 εις
597 1625 648 1656 τὰς
667 1625 824 1660 εὐεργεσίας
836 1625 894 1651 διά-

107 1680 207 1709 κρισιν,
222 1672 302 1699 πάλιν
321 1671 350 1698 ἓν
368 1673 415 1698 καὶ
434 1671 504 1707 ὑπὲρ
516 1671 547 1698 τὸ
565 1671 593 1697 ἓν
618 1671 703 1706 μένει.
721 1671 828 1702 Ταύτας
848 1670 894 1697 καὶ¹

107 1718 188 1752 ἡμεῖς
206 1717 256 1748 τὰς
273 1717 366 1748 κοινὰς
384 1717 433 1752 τῆς
448 1717 512 1752 ὅλης
535 1716 661 1752 θεότητος
681 1716 728 1742 καὶ
752 1715 894 1751 ἡνωμένας

105 1763 256 1798 διακρίσεις
276 1763 323 1789 καὶ
342 1763 501 1797 εὐεργεσίας
524 1762 698 1797 πειραθῶμεν
720 1761 839 1797 ὑμνῆσαι
862 1762 894 1788 ὲκ

106 1807 162 1835 τῶν
173 1810 201 1834 ὲν
212 1809 267 1840 τοῖς
276 1808 382 1842 Λογίοις
396 1808 561 1843 θεωνυμιῶν,
571 1808 665 1834 τούτου
679 1808 896 1844 προδιεγνωσμέ-

107 1861 164 1886 you,
181 1854 218 1885 ὡς
232 1853 259 1880 εί
275 1863 302 1880 τι
319 1854 351 1881 ἂν
365 1854 460 1889 κέηται
479 1854 575 1890 ὄνομα,
591 1855 638 1881 καὶ
658 1854 706 1890 μία
721 1854 821 1890 ἑκάστη
841 1855 895 1882 τῶν

107 1901 314 1933 ⁴Υποστάσεων,
327 1901 390 1927 ἄνευ
404 1900 502 1937 δηλαδὴ
510 1897 547 1927 ὧν
558 1900 787 1936 προῦπεστείλατο
801 1900 897 1937 ίδιοτή-

107 1952 171 1975 των,
203 1945 381 1980 πατρότητος,
404 1944 538 1980 υιότητος,
553 1944 752 1980 ὲκπορεύσεως,
776 1945 822 1972 ἐπὶ
846 1945 897 1980 τῆς

106 1989 172 2025 ὅλης
185 1989 308 2026 θεότητος
323 1990 531 2026 ἐκληφθήσεται.

941 253 1002 272 netn
1024 246 1166 280 producat,
1187 246 1320 280 perﬁciat,
1342 250 1369 274 et
1388 248 1541 280 contineat,
1558 249 1650 277 multis
1673 255 1728 278 tam

941 290 1046 325 angelis
1062 299 1144 326 quam
1162 292 1318 320 hominibus
1332 300 1365 320 cx
1389 293 1473 328 ipsius
1486 295 1657 324 deiﬁcatione
1675 297 1729 325 diis

940 335 1029 368 factis,
1042 336 1118 370 juxta
1135 336 1266 370 cujusque
1284 337 1446 365 deiformem
1470 340 1627 368 facultatem
1645 350 1727 376 quant

940 389 955 408 a
970 381 1024 409 Deo
1042 382 1191 417 accipiunt.
1206 383 1274 410 llinc
1297 384 1398 419 itaque,
1414 385 1476 412 dum
1487 387 1636 420 quemlibet
1649 388 1728 415 deiti-

940 432 995 461 cat,
1009 427 1116 455 videtur
1132 428 1333 463 quodammodo
1349 429 1479 465 distingui
1503 435 1530 457 et
1551 432 1729 466 multiplicari

941 474 1028 506 Deus;
1046 474 1225 502 nihilominus
1247 475 1400 503 Arcltideus
1417 484 1486 503 unus
1501 481 1542 504 est
1558 477 1638 510 Deus,
1659 478 1730 506 indi-

940 520 1037 547 viduus
1057 521 1082 547 in
1103 520 1238 554 dividuis,
1256 521 1348 548 unilus
1365 522 1391 548 in
1408 522 1556 556 semetipso
1575 531 1656 557 supra
1671 532 1730 551 om-

941 574 1002 593 nem
1016 566 1143 593 unionetn
1158 574 1166 598 ;
1181 572 1208 593 et
1223 567 1409 601 impermistus
1421 573 1512 595 manet
1525 569 1627 601 ntultis,
1643 577 1731 604 neque

941 612 1151 646 multiplicatur,
1166 612 1238 639 sicut
1253 612 1343 641 lumen
1356 613 1424 640 solis
1437 614 1499 640 dum
1517 613 1616 642 multos
1630 615 1732 642 illumi-

941 663 999 690 nat,
1020 662 1112 685 manet
1130 664 1224 692 unum,
1239 663 1266 685 et
1280 666 1333 686 non
1347 659 1555 695 multiplicatur.
1571 660 1650 693 Quod
1667 668 1730 688 cum

940 705 1049 739 egregie
1068 710 1160 732 nosset
1180 705 1334 734 communis
1349 711 1452 737 noster,
1478 713 1554 735 mens
1577 706 1687 741 inquam
1701 712 1730 734 et

941 751 1117 784 prteceptoris
1141 750 1192 777 mei
1217 751 1307 784 magni
1333 750 1472 778 llierotbei
1494 757 1659 786 praeceptor,
1682 753 1730 787 qui

941 796 1011 822 sicut
1026 801 1068 823 est.
1082 796 1179 823 doctor
1194 797 1288 823 mundi
1299 816 1306 828 ,
1321 797 1361 824 sic
1376 801 1405 824 et
1419 797 1464 824 lux
1482 798 1587 831 mundi,
1604 803 1632 825 et
1648 799 1731 826 disci-

938 842 1020 876 Apulus
1032 841 1089 875 ejus
1103 843 1223 877 quivere
1239 843 1282 870 lux
1294 848 1336 870 est
1350 845 1452 875 mundi,
1466 852 1592 878 magnus,
1606 845 1731 879 inquam.

907 881 928 910 Β
944 888 1052 922 Paulus,
1078 889 1208 916 divinitus
1224 889 1283 916 hanc
1303 889 1341 916 ait
1357 899 1363 916 :
1389 889 1448 916 Etsi
1469 890 1524 917 sint
1543 891 1581 917 dii
1597 891 1684 924 multi,
1702 896 1727 917 et

943 935 1043 961 domini
1059 934 1136 961 multi
1159 936 1308 963 secundum
1335 936 1465 971 gratiam,
1482 941 1511 963 ut
1526 937 1615 972 angeli
1632 938 1729 972 divini,

942 981 1050 1013 virique
1070 981 1176 1014 sancti;
1204 982 1278 1009 nobis
1300 986 1387 1010 tamen
1411 989 1475 1009 vere
1498 991 1568 1010 unus
1592 988 1634 1011 est
1658 983 1729 1013 Deus

944 1026 1024 1057 Pater
1038 1025 1066 1059 ι,
1088 1031 1115 1054 ει
1133 1027 1227 1061 Filius,
1247 1031 1274 1054 et
1289 1027 1409 1062 Spiritus
1432 1033 1555 1060 sanctus,
1571 1029 1618 1063 qui
1634 1036 1731 1056 secun-

943 1075 1006 1105 dum
1028 1074 1173 1101 indivisam
1189 1080 1218 1101 et
1239 1074 1425 1101 indistinctam
1451 1075 1730 1103 communicationem

943 1121 1062 1148 nominis
1078 1121 1196 1155 propria:
1209 1120 1374 1153 divinitatis,
1398 1125 1425 1146 et
1441 1120 1647 1152 dominationis,
1664 1122 1733 1148 mul-

945 1167 979 1193 tis
993 1173 1023 1193 se
1041 1166 1236 1197 communicat,
1251 1165 1364 1192 minime
1379 1170 1470 1193 tamen
1487 1166 1514 1193 in
1531 1172 1624 1201 partes
1643 1167 1733 1194 deita-

945 1217 1002 1240 tum
1024 1210 1130 1239 Deitate
1163 1211 1296 1245 discissa,
1320 1211 1390 1238 sicut
1412 1219 1508 1238 aurum
1534 1212 1561 1239 in
1587 1220 1730 1247 nummos;

945 1266 1032 1292 neque
1055 1257 1146 1284 multis
1170 1257 1221 1285 diis
1240 1257 1300 1290 ejus
1323 1257 1497 1284 divinitatem
1521 1258 1732 1293 complentibus,

944 1302 1172 1337 quemadmodum
1191 1302 1282 1330 multa:
1296 1303 1401 1336 species
1415 1310 1498 1329 unum
1512 1303 1641 1330 nmndum
1653 1311 1662 1336 ;
1686 1303 1735 1330 sed

945 1347 1120 1382 multiplicari
1142 1348 1244 1375 dicitur
1261 1348 1332 1375 Deus
1346 1348 1497 1375 secundum
1520 1349 1672 1383 quamlibet
1689 1356 1733 1377 res

945 1395 1113 1430 producendi
1129 1395 1307 1427 voluntatem,
1323 1395 1444 1429 providis
1461 1394 1539 1431 34],
1560 1396 1733 1430 processibus

945 1441 1148 1476 multiplicatus,
1167 1446 1257 1468 manet
1271 1446 1361 1468 tamen
1384 1441 1411 1467 itt
1435 1448 1464 1467 se
1485 1441 1550 1475 quid
1565 1448 1648 1467 unum
1667 1441 1733 1469 abs-

944 1493 997 1525 que
1021 1487 1167 1514 divisione.
1195 1486 1301 1514 Idcirco
1327 1486 1410 1514 etiam
1434 1487 1461 1513 in
1493 1486 1593 1514 divinis
1618 1487 1733 1514 uniones

946 1535 1077 1566 superant
1091 1532 1291 1564 distinctiones,
1308 1539 1368 1570 qua:
1384 1531 1490 1559 scilicet
1505 1532 1586 1559 unice
1597 1537 1624 1559 et
1636 1533 1734 1560 solita-

945 1579 985 1605 rie
998 1582 1175 1613 spectantur;
1192 1586 1245 1605 non
1257 1579 1330 1605 enim
1349 1586 1401 1605 una
1419 1578 1512 1605 Deitas
1525 1584 1554 1606 et.
1567 1583 1686 1613 potestas
1698 1586 1732 1606 ex

946 1623 1040 1650 multis
1049 1624 1167 1651 conﬂata
1184 1628 1238 1656 est,
1251 1624 1299 1651 sed
1314 1631 1346 1651 ex
1360 1624 1441 1658 hujus
1454 1624 1659 1658 singularitate,
1673 1633 1733 1661 qua:

947 1670 973 1697 in
990 1669 1044 1697 illis
1059 1674 1111 1702 est,
1133 1670 1277 1698 multitudo
1288 1671 1491 1697 consideratur.
1505 1670 1539 1697 Et
1551 1671 1608 1698 bazc
1623 1671 1733 1705 quidem

946 1717 1037 1751 quoad
1052 1716 1157 1748 divina;
1181 1717 1207 1743 in
1224 1717 1323 1744 nostris
1342 1722 1434 1744 autem
1459 1718 1541 1744 rebus
1560 1717 1733 1744 contrarium

949 1762 1066 1794 accidit;
1084 1762 1155 1789 nulla
1169 1763 1240 1790 enim
1257 1763 1283 1790 in
1297 1763 1362 1797 ipsis
1376 1764 1484 1798 proprie
1495 1768 1537 1790 est
1555 1764 1645 1790 unitas
1658 1771 1667 1796 ;
1683 1763 1733 1790 sed

947 1808 1152 1842 prmexistentes
1165 1808 1361 1836 elementorum
1376 1809 1652 1841 distinctiones,dum
1666 1816 1735 1835 con-

948 1859 1064 1880 currunt
1077 1858 1104 1880 et
1118 1853 1261 1887 uniuntur,
1278 1854 1346 1881 alias
1357 1862 1391 1881 ex
1407 1855 1605 1888 compositione
1619 1854 1734 1881 uniones

947 1898 1078 1926 elIiciunt.
1100 1898 1128 1925 In
1154 1898 1254 1925 divinis
1275 1905 1339 1925 vero
1359 1902 1386 1926 et
1411 1906 1495 1926 unum
1519 1897 1683 1934 prmexistit,
1707 1901 1734 1923 et

947 1948 1008 1978 post
1021 1943 1094 1970 illam
1108 1943 1134 1970 in
1146 1943 1280 1971 beneficia
1293 1943 1510 1976 distinctionem,
1527 1944 1627 1970 iterum
1641 1947 1733 1969 manet

949 1998 1032 2018 unum
1045 1994 1074 2017 et
1086 1997 1252 2025 supraquam
1270 1997 1362 2017 unum.
1376 1989 1431 2017 llas
1445 1990 1527 2017 etiam
1547 1996 1597 2016 nos
1608 1996 1733 2015 comnm-

109 2043 160 2063 nes
176 2035 259 2062 totius
277 2034 401 2068 Deitatis,
426 2040 454 2062 et
472 2036 563 2063 unitas
590 2036 778 2064 distinctiones
809 2043 839 2063 ac
858 2036 1063 2064 beneﬁcientias
1079 2044 1095 2064 e
1120 2037 1220 2064 divinis
1239 2037 1395 2064 nominibus
1411 2036 1488 2071 juxta
1506 2035 1662 2071 Scripturas
1676 2036 1734 2062 lau-

108 2079 176 2107 dare
189 2080 360 2113 conabimur,
376 2080 457 2108 modo
473 2081 497 2108 id
519 2086 581 2109 ante
602 2082 741 2117 cognitum
754 2083 802 2113 sit,
827 2082 898 2116 quod
916 2082 939 2109 si
973 2082 1045 2117 quod
1065 2090 1163 2110 nomen
1180 2086 1298 2119 ponatur
1318 2082 1400 2110 etiam
1432 2082 1576 2116 cujuslibet
1594 2081 1721 2109 Personax

108 2126 170 2153 sine
189 2126 413 2161 proprietatibus,
430 2135 457 2154 v.
479 2135 506 2162 ε.
538 2128 722 2162 patet-uitatis,
747 2128 897 2164 tiliationis,
931 2128 1126 2165 processionis,
1146 2129 1245 2164 quibus
1268 2129 1302 2157 ad
1321 2133 1426 2160 certant
1448 2128 1568 2169 aliquam
1589 2128 1730 2156 contrabi~

106 2178 166 2205 tur,
181 2172 208 2199 in
225 2177 280 2201 tota
299 2174 356 2208 ipsa
372 2174 518 2203 divinitate
532 2175 720 2213 accipiendum
738 2183 811 2203 esse.

147 2260 164 2283 ἁ
175 2261 186 2288 ι
197 2261 259 2290 Cor.
277 2269 334 2296 vni,
348 2262 375 2295 5,
388 2262 415 2289 6.
