1938 3065
96 163 145 192 681

597 157 641 184 DE
660 156 787 184 DIVINIS
810 154 1008 186 NOMINIBUS,
1027 154 1104 183 CAP.
1131 154 1176 182 ΙΙΙ.

1677 156 1731 186 682

877 214 947 251 §u.

131 290 187 318 Καὶ
204 288 284 316 τοῦτο
297 289 326 316 δὲ
341 287 406 320 ἴσως
420 287 569 323 ἀπολογίας
585 287 671 321 ἄξιον,
692 287 733 314 ὅτι
753 286 802 314 τοῦ
818 287 888 314 κλει-

977 285 1065 319 Atque
1085 284 1130 310 hic
1144 282 1261 310 fortasse
1275 283 1352 310 nobis
1372 290 1425 311 non
1441 284 1578 312 immerito
1592 286 1731 313 reddenda

96 336 143 364 νοῦ
168 335 355 372 καθηγεμόνος
385 334 464 370 ἡμῶν
494 334 625 370 Ίεροθέου
653 334 702 366 τὰς
732 333 890 369 θεολογικὰς

98 381 281 418 στοιχειώσεις
296 380 443 417 ὑπερφυῶς
462 380 671 415 συναγαγόντος,
689 381 770 416 ἡμεῖς
787 381 823 412 ὡς
842 381 891 415 οὐχ

99 428 199 456 ἱκανῶν
217 428 339 460 ἐκείνων,
353 426 436 459 ἄλλας
454 435 485 454 τε
507 427 554 454 καὶ
571 426 621 462 τὴν
643 426 783 463 παροῦσαν
802 426 891 452 θεολο-

96 477 160 511 γίαν
184 474 424 511 συνεγραψάμεθα.
443 474 540 501 Καίτοι
563 482 606 508 γε,
629 474 654 500 εἰ
676 474 725 509 μὲν
751 473 855 504 ἐκεῖνος
868 473 890 488 ⁵⁸

95 522 162 558 ἑξῆς
192 519 503 557 διαπραγματεὺσασθαι
535 520 626 551 πάσας
655 519 705 551 τὰς
732 518 890 553 θεολογικὰς

95 569 290 605 πραγματείας
303 567 415 603 ἠξίωσε,
428 568 475 594 καὶ
496 568 621 603 μερικαῖς
634 566 767 599 ἀνελίξεσι
784 565 890 601 διῆλθεν

93 616 206 651 ἀπάσης
226 614 364 649 θεολογίας
380 614 536 649 κεφάλαιον,
549 614 599 640 οὐκ
621 613 654 640 ἂν
669 613 748 649 ἡμεῖς
768 613 815 639 ἐπὶ
828 621 890 639 τοσ-

94 661 174 688 οῦτον
191 660 208 696 ἢ
231 660 329 696 μανίας
339 660 361 676 ⁵¹
381 659 398 695 ἢ
420 659 580 695 σκαιότητος
601 657 778 693 ὲληλύθειμεν
797 657 831 688 ³⁸,
852 656 890 688 ὡς

93 708 110 744 ἢ
133 707 318 743 όπτικώτερον
339 706 443 734 ἐκείνου
465 707 512 733 καὶ
535 706 669 741 Θειότερον
683 705 808 740 οἰηθῆναι
831 705 890 736 ταῖς

93 754 245 789 θεολογίαις
262 752 400 780 ἐπιϐαλεῖν
410 761 417 768 ⁸
430 753 446 788 ἢ
460 753 500 784 δὶς
512 752 547 779 τὰ
564 752 634 779 αὐτὰ
648 751 782 788 περιττῶς
799 752 891 786 λέγον-

91 810 156 834 τας,
167 800 381 835 εἰκαιολογῆσαι,
392 799 506 835 προσέτι
517 799 563 825 καὶ
574 798 700 834 ἀδικῆσαι
712 798 758 825 καὶ
768 798 891 825 διδάσκα-

92 848 140 874 λον
154 847 201 874 καὶ
214 846 289 882 φίλον
302 846 380 877 ὄντα,
401 846 448 873 καὶ
465 846 538 881 ἡμᾶς
552 845 616 877 τοὺς
639 844 708 880 μετὰ
725 844 832 871 Παῦλον
845 844 890 871 τὸν

92 892 167 919 θεῖον
186 893 218 919 ὲκ
237 891 291 918 τῶν
312 891 416 918 ἐκείνου
440 890 527 925 λόγων
537 890 560 906 ³³
581 889 816 926 ποιχειωθέντας,
840 889 890 925 τὴν

92 937 269 972 κλεινοτάτην
283 935 364 963 αὑτοῦ
384 936 430 962 καὶ
450 935 565 972 θεωρίαν
580 936 628 962 καὶ
642 935 770 970 ἕκφανσιν
785 936 890 967 ἑαυτοῖς

92 983 317 1020 ὑφαρπάζοντας.
338 982 407 1009 Ἀλλ’
423 982 517 1018 ἐπειδὴ
530 981 569 1017 τῷ
580 981 637 1009 όντι
651 981 686 1009 τὰ
699 982 757 1009 θεῖα
771 981 890 1017 πρεσϐυ-

92 1030 179 1062 τικῶς
191 1029 379 1065 ὑφηγούμενος
400 1028 513 1060 ἐκεῖνος,
534 1027 711 1059 συνοπτικοὺς
730 1028 795 1062 ἡμῖν
810 1027 889 1062 ὅρους

92 1077 213 1110 ἐξέθετο,
226 1076 275 1103 καὶ
293 1076 323 1102 ὲν
342 1075 383 1102 ἐνὶ
403 1074 489 1102 πολλά
510 1073 729 1109 περιειληφότας,
744 1073 781 1105 ὡς
800 1070 855 1100 οἷον
866 1072 890 1088 ⁵⁸

92 1125 172 1162 ἡμῖν,
187 1124 234 1150 καὶ¹
246 1123 305 1150 ὅσοι
322 1122 384 1149 καθ’
398 1122 472 1158 ἡμᾶς
488 1120 641 1148 διδάσκαλοι
657 1120 680 1136 ⁵⁵
694 1119 747 1147 τῶν
759 1118 889 1146 νεοτελῶν

91 1170 200 1206 ψυχῶν,
223 1168 432 1205 ἐγκελευόμενος
451 1166 603 1200 ἀναπτύξαι
625 1167 673 1193 καὶ
693 1166 829 1201 διακρῖναι
850 1165 889 1200 τῷ

92 1217 161 1252 ἡμῖν
174 1216 325 1251 συμμέτρῳ
341 1215 415 1250 λόγῳ
427 1214 476 1246 τὰς
489 1213 652 1246 συνοπτικὰς
665 1213 712 1240 καὶ
725 1212 828 1244 ἑνιαίας
840 1212 889 1248 τῆς

92 1262 266 1298 νοερωτάτης
288 1260 403 1297 τάνδρὸς
427 1259 532 1287 ἐκείνου
556 1259 697 1294 δυνάμεως
722 1257 886 1291 συνελίξεις·

93 1306 142 1333 καὶ
157 1305 287 1337 πολλάκις
300 1305 373 1341 ἡμᾶς
385 1304 432 1332 καὶ
452 1304 534 1336 αὐτὸς
553 1304 593 1336 εἰς
605 1303 685 1330 τοῦτο
705 1302 887 1339 προέτρεψας,

93 1352 141 1379 καὶ
160 1352 209 1387 τήν
223 1360 255 1386 γε
278 1351 367 1386 βίὸλον
386 1350 480 1386 αὐτὴν,
501 1350 539 1382 t'o;
556 1349 757 1385 ὑπεραίρουσαν
773 1349 890 1376 ἀνταπέ-

95 1397 213 1430 σταλκας
222 1398 255 1424 ⁸⁸.
269 1397 363 1433 Ταύτῃ
374 1405 416 1423 τοι
437 1396 484 1423 καὶ
498 1396 577 1432 ἡμεῖς
588 1395 633 1422 τὸν
648 1395 707 1431 μὲν,
720 1394 758 1427 ὠς
779 1394 889 1421 τελείων

94 1442 142 1468 καὶ
156 1441 346 1478 πρεσϐυτικῶν
357 1441 479 1468 διανοιῶν
492 1440 660 1473 διδάσκαλον,
674 1441 731 1472 τοῖς
743 1439 812 1475 ὑπὲρ
825 1440 888 1472 τοὺς

95 1487 211 1519 πολλοὺς
223 1487 246 1503 ³⁷
259 1486 435 1523 ἀφορίζομεν,
450 1486 546 1522 ὥσπερ
557 1486 618 1513 τινὰ
630 1486 744 1523 δεύτερα
763 1486 842 1521 λόγια
853 1488 886 1518 ⁵⁸,

94 1533 142 1559 καὶ
160 1532 216 1559 τῶν
237 1532 399 1569 θεοχρίστων
410 1533 433 1549 ⁵⁹
446 1532 596 1560 ἀκόλουθα·
611 1533 666 1564 τοῖς
689 1532 750 1560 καθ’
764 1533 839 1568 ἡμᾶς
859 1533 888 1560 δὲ

94 1580 176 1616 ἡμεῖς
189 1579 328 1614 ἀναλόγως
344 1580 411 1615 ἡμῖν
429 1579 464 1606 τὰ
477 1579 537 1606 θεῖα
559 1578 766 1615 παραδώσομεν.
780 1580 812 1606 El
834 1579 888 1616 γὰρ

94 1627 206 1653 τελείων
227 1626 302 1654 ἐστὶν
319 1627 336 1662 ὴ
358 1625 457 1662 στερεὰ
477 1626 575 1662 τροφὴ,
594 1626 625 1653 τὺ
645 1625 747 1662 ταύτην
759 1626 782 1642 ⁶⁰
794 1626 887 1662 ὲστιᾷν

95 1674 215 1710 ἑτέρους,
229 1673 332 1709 ὁπόσης
344 1672 377 1700 ἂν
390 1672 432 1709 εἴη
445 1673 629 1709 τελειότητοςς
647 1673 749 1708 Ὀρθῶς
761 1670 808 1700 οὖν
820 1673 886 1709 ἡμῖν

95 1719 142 1746 καὶ
162 1719 240 1746 τοῦτο
253 1718 371 1755 εἴρηται,
383 1717 424 1750 τὺ,
438 1718 487 1754 τὴν
502 1718 550 1754 μὲν
570 1718 737 1754 αὑτοπτικὴν
755 1719 810 1746 τῶν
823 1727 885 1754 νοη-

94 1764 150 1792 τῶν
170 1764 268 1799 λογίων
287 1764 361 1797 θέαν,
383 1764 431 1791 καὶ
449 1764 500 1800 τὴν
523 1763 686 1800 συνοπτικὴν
705 1763 795 1791 αὐτῶν
813 1764 886 1791 διδα-

96 1812 220 1844 σκαλίαν,
241 1811 427 1848 πρεσϐυτικῆς
442 1810 544 1837 δεῖσθαι
559 1810 714 1846 δυνάμεως·
728 1811 779 1847 τὴν
791 1811 820 1838 δὲ
832 1811 887 1838 τῶν

96 1860 136 1891 εἰς
147 1858 226 1885 τοῦτο
237 1858 372 1894 φερόντων
385 1857 471 1891 λόγων
491 1857 647 1892 ἐπιστήμην
669 1858 716 1884 καὶ
735 1857 887 1893 ὲκμάθησιν

95 1905 152 1936 τοῖς
164 1903 318 1939 ὑφειμένοις
331 1902 508 1938 καθιερωταίς
518 1901 565 1927 καὶ
578 1901 735 1937 ἱερωμέυοις
746 1901 886 1936 ἁρμόζειν.

96 1949 192 1977 Καίτοι
212 1948 259 1976 καὶ
278 1948 357 1976 τοῦτο
370 1949 435 1984 ἡμῖν
448 1948 641 1984 ὲπιτετήρηται
661 1947 721 1974 λίαν
743 1946 885 1983 ἐμμελῶς·

96 1994 168 2022 ὥστε
186 1996 242 2027 τοῖς
255 1994 329 2030 αὐτῷ
341 1994 382 2030 τῷ
403 1994 470 2030 θείῳ
484 1993 652 2030 καθηγεμόνι
666 1992 737 2020 κατὰ
758 1993 888 2028 ἐκφανσιν

98 2041 171 2077 σαφῆ
196 2041 451 2077 διηυκρινημένοις,
478 2040 538 2076 μηδ’
563 2039 631 2072 ὅλως
663 2039 888 2075 ὲγκεχειρηκέναι

97 2088 164 2114 ποτε
179 2087 246 2123 πρὸς
263 2087 450 2122 ταύτολογίαν,
464 2089 503 2119 είς
515 2088 564 2123 τὴν
577 2086 661 2122 αὐτὴν
677 2086 724 2113 τοῦ
746 2085 889 2121 προτεθέν-

97 2141 143 2165 τος
165 2133 239 2169 αὑτῷ
260 2133 349 2167 λογίου
371 2133 552 2168 διασάφησιν·
574 2133 635 2159 ἐπεὶ
654 2132 701 2158 καὶ
721 2132 786 2166 παρ’
798 2131 889 2163 αὐτοῖς

97 2180 153 2211 τοῖς
175 2179 333 2215 θεολήπτοις
351 2179 430 2215 ἡμῶν
451 2179 602 2214 ἱεράρχαις,
618 2178 709 2214 (ἡνίκα
729 2179 776 2205 καὶ
798 2179 888 2213 ἡμεῖς,

97 2226 135 2258 ὡς
154 2222 242 2258 οἶσθα,
263 2227 309 2254 καὶ
327 2226 418 2258 αὐτὸς,
442 2226 489 2253 καὶ
511 2225 603 2252 πολλοὶ
626 2225 681 2252 τῶν
707 2226 788 2261 ιερῶν
812 2226 890 2261 ἡμῶν

97 2271 229 2307 ἀδελφῶν,
244 2273 289 2299 ἐπὶ
301 2272 350 2308 τὴν
368 2271 434 2299 θέαν
445 2271 492 2298 τοῦ
507 2271 658 2308 ζωαρχικοῦ
672 2272 719 2298 καὶ
733 2271 855 2306 θεοδόχου
868 2271 888 2287 ⁶¹

99 2319 225 2354 σώματος
246 2319 464 2356 συνεληλύθαμεν
477 2339 484 2352 ,
507 2319 600 2355 παρῆν
629 2319 658 2345 δὲ
679 2319 726 2345 καὶ
744 2319 758 2345 ό
776 2317 889 2352 ἀδελφό-
906 2315 928 2342 D

98 2363 159 2396 θεος
178 2364 314 2396 Ἰάκωϐος,
335 2365 381 2391 καὶ
403 2365 516 2400 Πέτρος,
530 2366 547 2400 ἡ
564 2363 701 2400 κορυφαία
712 2365 760 2391 καὶ
776 2363 892 2399 πρεσϐυ-

97 2410 165 2445 τάτη
186 2410 241 2437 τῶν
262 2410 394 2444 θεολόγων
412 2411 542 2447 ἀκρότης,
564 2409 623 2437 εἷτα
645 2410 732 2436 ἐδόκει
753 2410 823 2446 μετὰ
842 2410 891 2446 τὴν

97 2455 163 2482 θέαν
176 2455 297 2491 ὑμνῆσαι
311 2457 374 2488 τοὺς
387 2457 515 2492 ἱεράρχας
529 2457 662 2489 ἅπαντας,
675 2456 712 2488 ὡς
730 2456 845 2488 ἕκαστος
856 2454 891 2492 ἦν

98 2503 202 2535 ἱκανὸς,
216 2502 265 2539 τὴν
277 2503 493 2540 ἀπειροδύναμον
511 2504 666 2540 ἁγαθότητα
679 2504 730 2539 τῆς
744 2504 891 2540 θεαρχικῆς

97 2549 240 2581 ἀσθενείας
250 2548 270 2583 ·)
292 2549 400 2576 πάντων
426 2549 535 2585 ἐκράτει
557 2549 626 2584 μετὰ
652 2551 716 2582 τοὺς
737 2549 888 2584 θεολόγους,

97 2595 135 2628 ὡς
159 2593 255 2627 οἶσθα,
274 2595 328 2622 τῶν
354 2595 441 2623 ἄλλων
462 2596 646 2632 ιερομυστῶν,
667 2596 727 2628 ὅλος
753 2595 890 2632 ἐκδημῶν,

97 2641 158 2674 ὅλος
172 2641 346 2678 ἐξιστάμενος
359 2643 465 2675 ἑαυτοῦ,
478 2644 526 2670 καὶ
537 2644 587 2679 τὴν
600 2643 667 2678 πρὸς
680 2643 715 2670 τὰ
734 2642 892 2679 ὑμνούμενα

944 330 1014 356 ratio
1029 329 1075 360 sit,
1090 337 1139 356 cur
1154 336 1216 356 cum
1233 328 1349 355 eximius
1365 334 1513 364 prmceptor
1529 335 1623 358 noster
1637 330 1732 358 llicro—

944 376 1021 402 theus
1040 374 1190 410 theologica
1208 373 1339 409 principia
1356 380 1486 402 accurate
1502 376 1655 412 collegerit,
1672 385 1732 408 nos,

942 424 1017 457 quasi
1035 422 1078 448 illa
1095 429 1147 448 non
1166 421 1332 453 suﬁicerent,
1346 426 1374 447 et
1390 421 1468 453 alios,
1483 428 1511 449 et
1527 423 1599 450 hunc
1615 431 1732 458 pra-seu.

942 472 997 495 tein
1017 472 1166 495 tractatum
1185 467 1368 502 theologieum
1390 469 1645 503 conscripserimus.
1665 468 1734 497 Pro-

943 513 1013 541 fecto
1028 514 1051 541 si
1075 518 1276 548 consequenter
1294 513 1339 541 ille
1353 520 1448 541 omnes
1471 518 1607 542 tractatus
1629 514 1734 542 theolo-

943 562 1018 595 gicos
1031 561 1127 589 ordine
1149 561 1270 596 digestos
1286 560 1368 588 edere
1387 560 1529 594 voluisset,
1552 566 1580 589 et
1603 562 1645 589 vel
1668 563 1731 589 bre-

941 607 1061 635 vissimis
1084 607 1301 642 expositionibus
1325 607 1409 635 totius
1432 608 1575 643 theologia:
1598 615 1733 636 summam

942 654 1127 689 explanasset,
1152 662 1291 689 nunquam
1314 661 1345 681 ea
1362 661 1411 682 nos
1430 654 1538 681 insania
1564 654 1734 684 stoliditasve

942 702 1069 736 cepisset,
1085 705 1114 728 ut
1128 700 1173 728 illo
1186 701 1231 728 vel
1247 701 1378 736 liquidius
1399 700 1442 728 vel
1461 701 1580 729 divinius
1601 709 1645 730 res
1667 702 1733 730 istas

943 747 1110 782 theologicas
1133 755 1182 774 nos
1204 752 1352 782 penetrare
1376 754 1457 781 posse
1480 752 1659 782 putaremus;
1687 753 1735 776 aut

941 794 1035 820 eadem
1050 793 1092 821 bis
1105 794 1265 827 repetendo,
1277 792 1414 828 superﬂuo
1425 801 1558 829 cassoque
1572 793 1667 822 labore
1681 801 1732 822 nos

941 839 1073 867 vellemus
1088 839 1214 874 fatigare.
1236 843 1396 874 tantamque
1418 839 1507 867 amico
1520 844 1548 867 et
1571 841 1732 876 praeceptori

942 891 1036 913 nostro
1050 884 1177 920 injuriam
1193 885 1326 921 irrogare,
1341 890 1371 912 ut
1386 885 1644 920 praestantissimam
1658 886 1730 921 ejus.

941 938 957 957 a
974 938 1028 965 quo
1043 935 1104 965 post
1119 930 1241 957 divinum
1261 929 1375 957 Paulum
1397 930 1492 958 imbuti
1513 938 1617 964 sumus,
1637 933 1729 960 scien-

943 978 1007 1005 tiam
1020 982 1048 1004 et
1068 977 1268 1012 expositionem
1284 977 1363 1004 nobis
1379 984 1428 1012 per
1447 977 1566 1013 plagium
1583 986 1733 1014 usurpare-

941 1033 1011 1053 mus.
1025 1024 1106 1061 343
1122 1025 1175 1052 Sed
1189 1025 1317 1059 quoniam
1337 1023 1382 1052 ille
1398 1031 1441 1052 res
1455 1024 1564 1052 divinas
1577 1033 1643 1053 vere
1664 1034 1730 1062 gra-

941 1075 1010 1102 viter
1032 1073 1183 1108 explicans,
1206 1073 1367 1108 compendio
1392 1072 1472 1100 nobis
1495 1072 1608 1100 subtiles
1628 1074 1733 1109 aliquot

939 1120 1113 1148 deﬁnitiones
1135 1119 1261 1151 tradidit,
1285 1127 1345 1154 quae
1361 1120 1388 1147 in
1405 1127 1491 1147 unum
1513 1119 1598 1147 multa
1614 1120 1730 1156 conglo-

941 1170 1057 1199 merant,
1079 1165 1171 1200 jussus
1189 1173 1260 1197 sum.
1287 1173 1340 1193 una
1363 1173 1426 1193 cum
1450 1165 1562 1201 collegis
1586 1167 1665 1200 meis,
1683 1167 1731 1203 qui

939 1211 1084 1239 animabus
1096 1211 1187 1238 adhuc
1199 1211 1356 1239 rudioribus
1369 1211 1526 1239 imbuendis
1538 1216 1649 1245 vacant,
1664 1213 1732 1240 sub-

941 1259 1002 1287 tiles
1026 1259 1092 1286 istas
1117 1265 1150 1286 ac
1171 1258 1325 1294 singulares
1350 1257 1559 1292 conclusiones,
1581 1258 1608 1286 in
1630 1259 1731 1294 quibus

939 1305 1057 1333 maxime
1073 1304 1203 1340 spiritalis
1220 1304 1286 1331 tanti
1302 1303 1353 1330 viri
1368 1303 1457 1331 virtus
1473 1304 1584 1338 enituit,
1598 1312 1726 1332 sermone

939 1351 1026 1387 magis
1036 1350 1069 1378 ad
1085 1354 1193 1385 captum
1212 1354 1335 1377 nostrum
1352 1349 1559 1376 accommodato
1576 1349 1725 1384 explanare

939 1404 1021 1433 atque
1045 1397 1194 1432 digerere;
1216 1395 1281 1431 quin
1306 1399 1334 1423 et
1350 1395 1408 1431 ipse
1431 1399 1458 1422 tu
1474 1402 1582 1430 quoque
1606 1403 1657 1423 nos
1671 1396 1729 1424 fre-

939 1449 1053 1479 quenter
1074 1443 1106 1470 ad
1128 1444 1180 1470 hoc
1203 1443 1329 1470 hortatus
1345 1449 1386 1474 es,
1412 1442 1557 1478 ipsumque
1581 1441 1682 1471 librum
1698 1448 1730 1471 ut.

939 1498 1069 1526 perquam
1080 1490 1223 1518 sublimem
1239 1489 1318 1517 nobis
1334 1489 1476 1517 remisisti.
1492 1489 1667 1526 Quapropter
1679 1497 1730 1518 nos

939 1544 1057 1572 quoque,
1070 1543 1120 1564 ceu
1134 1534 1318 1570 perfectorum
1332 1535 1515 1570 seniliumque
1528 1543 1656 1564 sensuum
1671 1544 1730 1564 ma-

939 1584 1063 1619 gistrum,
1084 1583 1237 1616 alterasque
1262 1581 1431 1616 Scripturas,
1448 1588 1509 1616 qua:
1533 1581 1664 1609 divinitus
1687 1581 1728 1608 af—

901 1640 921 1669 C
939 1629 1064 1657 natorum
1076 1628 1176 1663 scripta
1189 1627 1314 1663 proxime
1328 1631 1522 1662 assequantur,
1536 1627 1571 1655 iis
1582 1627 1628 1663 qui
1643 1627 1731 1656 subli-

938 1676 1024 1704 miora
1045 1675 1158 1710 capiunt
1173 1674 1249 1702 illum
1274 1674 1463 1709 assignamus;
1485 1681 1535 1702 nos
1549 1681 1616 1702 vero
1641 1673 1728 1702 nostri

937 1721 1070 1750 similibus
1086 1721 1120 1748 ad
1132 1725 1239 1756 captum
1252 1724 1376 1747 nostrum
1392 1726 1437 1747 res
1448 1719 1555 1747 divinas
1570 1719 1729 1755 explanabi-

938 1773 1007 1794 mus.
1020 1766 1049 1794 Si
1059 1767 1131 1794 enim
1143 1766 1246 1794 solidus
1257 1765 1333 1794 cibus
1344 1765 1525 1801 perfectorum
1537 1768 1588 1797 est,
1598 1772 1631 1793 eo
1641 1765 1726 1794 etiam

938 1812 1006 1840 alios
1021 1818 1133 1847 pascere
1146 1815 1255 1846 quanta:
1270 1811 1305 1838 sit
1320 1809 1513 1846 perfectionis?
1526 1809 1621 1838 Merito
1635 1810 1727 1846 itaque

938 1858 1064 1889 dicimus,
1079 1857 1112 1884 ad
1128 1857 1290 1891 spiritalium
1305 1857 1474 1892 eloquiorum
1495 1857 1667 1885 intuitionem
1677 1879 1685 1891 ,
1700 1862 1730 1886 et

939 1904 1065 1932 subtilem
1079 1903 1234 1932 eorumdem
1248 1903 1441 1936 eruditionem,
1453 1903 1553 1932 virtute
1567 1904 1645 1932 senili
1659 1911 1728 1939 opus

939 1958 1013 1983 esse;
1026 1958 1180 1978 sermonum
1188 1958 1250 1978 vero
1259 1950 1526 1984 introductoriorum,
1533 1957 1583 1978 ceu
1590 1949 1730 1978 inferioris

941 2001 1024 2030 nntze,
1046 1997 1187 2024 scientiam
1210 2004 1242 2023 ac
1261 1996 1431 2031 disciplinam
1454 1997 1626 2024 initiantibus
1645 2000 1728 2031 atque

941 2043 1056 2070 initiatis
1082 2044 1236 2071 convenire.
1251 2042 1334 2078 Atqui
1356 2048 1384 2070 et
1405 2043 1456 2071 hoc
1471 2051 1486 2071 a
1502 2044 1579 2071 nobis
1595 2050 1727 2079 perquam

941 2091 1062 2118 studiose
1076 2091 1252 2118 observatum
1266 2095 1318 2123 est,
1333 2098 1367 2117 ne
1382 2090 1530 2126 quidquam
1546 2098 1654 2126 eorum,
1666 2098 1727 2126 qua:

942 2136 1050 2164 divinus
1064 2136 1108 2164 ille
1132 2140 1286 2171 praeceptor
1308 2136 1390 2171 plane
1406 2137 1483 2164 nobis
1505 2137 1651 2172 expressit,
1673 2137 1729 2164 ullo

941 2184 1020 2211 modo
1036 2183 1247 2218 attingeremus;
1271 2190 1305 2210 ne
1328 2183 1449 2211 secundo
1469 2183 1564 2211 eadetn
1589 2188 1730 2218 repetere-

943 2238 1002 2257 mus
1018 2237 1079 2264 quae
1093 2230 1127 2256 ad
1143 2229 1314 2264 Scriptorum
1332 2229 1450 2265 aliquam
1464 2229 1655 2257 elucidandam
1670 2230 1729 2265 ipse

943 2275 1107 2308 tradiderat;
1131 2283 1194 2302 nam
1213 2276 1295 2302 etiam
1316 2275 1388 2310 apud
1409 2275 1483 2310 ipsos
1507 2274 1599 2303 divino
1624 2274 1729 2310 Spiritu

943 2321 1038 2357 plenos
1051 2321 1187 2350 antistites
1209 2327 1317 2349 nostros
1331 2322 1407 2357 (cum
1421 2325 1448 2349 et
1471 2329 1532 2355 nos,
1553 2327 1583 2349 ut
1597 2322 1682 2355 nosti,
1701 2326 1732 2350 et

943 2369 1000 2403 ipse
1015 2368 1179 2404 plurimique
1194 2373 1350 2396 sanctorum
1377 2368 1492 2395 fratrum
1512 2373 1679 2401 nostrorum,
1692 2370 1727 2396 ad

943 2421 1042 2448 corpus
1057 2414 1132 2447 illud,
1147 2415 1220 2449 quod
1234 2415 1310 2442 dedit
1321 2415 1485 2450 principium
1499 2415 1572 2446 vitm,
1590 2416 1728 2450 Deumque

942 2465 1110 2494 susceperat,
1126 2462 1311 2488 contuendum
1325 2461 1508 2494 venissemus;
1524 2462 1620 2489 aderat
1635 2466 1727 2489 autem

943 2512 971 2533 et
987 2506 1072 2534 frater
1091 2507 1196 2534 Domini
1213 2507 1340 2540 Jacobus,
1361 2511 1388 2535 et
1403 2507 1510 2541 Petrus,
1526 2515 1651 2543 suprema
1674 2509 1727 2536 ista

943 2556 1024 2587 atque
1037 2553 1227 2587 antiquissima
1241 2553 1383 2580 summitas
1399 2552 1598 2588 theologorum,
1613 2552 1730 2587 placuis-

944 2602 1038 2631 setque
1051 2601 1113 2632 post
1128 2597 1278 2626 comuitum
1291 2598 1457 2626 antistitibus
1471 2597 1608 2630 omnibus,
1626 2605 1675 2632 pro
1690 2597 1730 2624 vi-

946 2642 989 2669 rili
1001 2643 1098 2678 cuique
1120 2651 1180 2678 sua,
1202 2643 1308 2671 inﬁnita
1332 2643 1451 2679 potentia
1475 2643 1616 2679 praeditam
1631 2643 1730 2672 divinae

751 2719 870 2747 VARle
887 2719 1094 2749 LECTIONES.

136 2788 161 2804 "
174 2789 220 2816 καὶ
233 2789 298 2826 γάρ,
316 2789 352 2816 Μ.
368 2789 397 2818 S.
413 2790 525 2842 καὶγὰρ
536 2789 615 2826 εἴπερ
627 2790 669 2817 ὲκ.
685 2788 715 2816 D.
729 2789 774 2817 Sc.
795 2789 857 2817 Sar.
896 2790 918 2806 ’ί
933 2790 950 2825 ἦ

136 2823 233 2842 λΛνίιΛυ
257 2825 276 2842 Q
301 2826 321 2842 n.
344 2825 378 2842 ςι-
406 2827 458 2842 \‘u-
519 2828 530 2841 ι
542 2823 628 2842 »Χέμμι-
677 2825 700 2840 55
713 2825 786 2842 Ἀκηιρ
800 2825 861 2842 νηΑ*
875 2825 948 2842 ὄιηὲμ-

713 2825 786 2857 ὅσοις
800 2825 861 2852 καθ’
875 2826 915 2861 ἡμ

99 2823 123 2839 ⁸³
135 2823 244 2858 λογίων,
257 2823 286 2852 S.
301 2826 330 2852 Ι).
344 2825 388 2852 Sc.
406 2823 481 2853 Sara
506 2823 530 2842 ⁸⁸
542 2823 639 2853 οἷόντε.

971 2797 1022 2827 non
1038 2790 1117 2827 estin
1132 2791 1161 2818 D.
1180 2790 1219 2827 Pa
1245 2792 1268 2808 δ’
1283 2790 1462 2827 ἐληλύθαμεν,
1476 2789 1505 2820 S.
1519 2790 1548 2817 P.
1603 2789 1681 2827 ᾖ-ὠς,

916 2825 948 2856 ἇς
961 2825 1141 2862 διδασκάλοις.
1174 2827 1198 2842 ⁸⁸
1209 2825 1433 2858 ἀνταποστείλας,
1447 2827 1480 2862 Μ.
1510 2827 1532 2862 ῗτ
1545 2826 1595 2862 τῆς
1608 2825 1642 2862 Μ.
1655 2826 1683 2852 5.
1698 2825 1729 2850 P.

100 2861 233 2897 prmpoujt
248 2861 277 2888 Ι).
293 2860 385 2887 καὶτὰ
396 2861 489 2888 αὑτοῦ.
529 2861 552 2877 ⁵⁸
563 2860 761 2897 δευτερολόγια,
777 2862 806 2889 ι).
845 2861 868 2877 δ’)
881 2860 1061 2896 θεοχρήστων,
1077 2862 1105 2889 5.
1122 2863 1150 2889 ιι.
1162 2862 1211 2889 Ch.
1251 2862 1273 2877 °°
1286 2861 1372 2897 ταύτῃ
1397 2863 1426 2889 υ.
1445 2861 1490 2889 Sc.
1504 2860 1578 2889 Sur.‘
1605 2861 1626 2876 ⁶¹
1641 2867 1728 2895 φωτο-

100 2893 188 2929 δόχου,
205 2895 233 2923 D.

242 2943 377 2975 ΡΑτιιοι..
397 2944 455 2975 Gn.
474 2943 529 2977 ιιι.

1531 2942 1571 2972 22
