  <div class='ocr_page' id='page_1' title='image "/cluster/home/n/w/nwhite01/storage/ocr_20150623/3/njp.32101077772356/418.png"; bbox 0 0 1938 3065; ppageno 0'>
   <div class='ocr_carea' id='block_1_1' title="bbox 157 136 1774 170">
    <p class='ocr_par' dir='ltr' id='par_1_1' title="bbox 157 136 1774 170">
     <span class='ocr_line' id='line_1_1' title="bbox 157 136 1774 170; baseline 0 -5"><span class='ocrx_word' id='word_1_1' title='bbox 157 138 210 165; x_wconf 71' lang='lat'><strong>685</strong></span> <span class='ocrx_word' id='word_1_2' title='bbox 510 137 554 164; x_wconf 87' lang='lat' dir='ltr'><strong>DE</strong></span> <span class='ocrx_word' id='word_1_3' title='bbox 567 137 693 165; x_wconf 82' lang='lat' dir='ltr'><strong>DIVINIS</strong></span> <span class='ocrx_word' id='word_1_4' title='bbox 708 137 907 169; x_wconf 75' lang='lat' dir='ltr'><strong>NOMINIBUS,</strong></span> <span class='ocrx_word' id='word_1_5' title='bbox 926 137 1001 164; x_wconf 70' lang='lat' dir='ltr'><strong>CAP.</strong></span> <span class='ocrx_word' id='word_1_6' title='bbox 1020 136 1064 164; x_wconf 93' lang='lat' dir='ltr'><strong>lll.</strong></span> <span class='ocrx_word' id='word_1_7' title='bbox 1082 153 1116 157; x_wconf 92' lang='lat'><strong>—</strong></span> <span class='ocrx_word' id='word_1_8' title='bbox 1131 137 1295 165; x_wconf 70' lang='grc' dir='ltr'><strong>(ΞΟΠοΕΜί</strong></span> <span class='ocrx_word' id='word_1_9' title='bbox 1312 138 1425 165; x_wconf 69' lang='lat' dir='ltr'><strong>NOT/E.</strong></span> <span class='ocrx_word' id='word_1_10' title='bbox 1722 141 1774 170; x_wconf 77' lang='lat'><strong>686</strong></span> 
     </span>
    </p>
   </div>
   <div class='ocr_carea' id='block_1_2' title="bbox 155 194 1773 232">
    <p class='ocr_par' dir='ltr' id='par_1_2' title="bbox 155 194 1773 232">
     <span class='ocr_line' id='line_1_2' title="bbox 155 194 1773 232; baseline 0 -7"><span class='ocrx_word' id='word_1_11' title='bbox 155 207 216 225; x_wconf 76' lang='lat' dir='ltr'><strong>ens.</strong></span> <span class='ocrx_word' id='word_1_12' title='bbox 233 197 353 224; x_wconf 73' lang='lat' dir='ltr'><strong>Resolvit</strong></span> <span class='ocrx_word' id='word_1_13' title='bbox 368 201 470 227; x_wconf 87' lang='lat' dir='ltr'><strong>tamen,</strong></span> <span class='ocrx_word' id='word_1_14' title='bbox 485 203 622 232; x_wconf 28' lang='lat' dir='ltr'><strong>eustcum</strong></span> <span class='ocrx_word' id='word_1_15' title='bbox 641 195 716 232; x_wconf 80' lang='lat' dir='ltr'><strong>prius</strong></span> <span class='ocrx_word' id='word_1_16' title='bbox 735 196 858 232; x_wconf 22' lang='lat' dir='ltr'><strong>cadatrin</strong></span> <span class='ocrx_word' id='word_1_17' title='bbox 875 195 1081 232; x_wconf 68' lang='lat' dir='ltr'><strong>conceptionem</strong></span> <span class='ocrx_word' id='word_1_18' title='bbox 1104 194 1268 226; x_wconf 54' lang='lat' dir='ltr'><strong>intellectus,</strong></span> <span class='ocrx_word' id='word_1_19' title='bbox 1290 204 1370 228; x_wconf 86' lang='lat' dir='ltr'><strong>quam</strong></span> <span class='ocrx_word' id='word_1_20' title='bbox 1387 196 1498 222; x_wconf 85' lang='lat' dir='ltr'><strong>bonum.</strong></span> <span class='ocrx_word' id='word_1_21' title='bbox 1519 196 1577 231; x_wconf 89' lang='lat' dir='ltr'><strong>ipso</strong></span> <span class='ocrx_word' id='word_1_22' title='bbox 1598 198 1679 225; x_wconf 85' lang='lat' dir='ltr'><strong>etiam</strong></span> <span class='ocrx_word' id='word_1_23' title='bbox 1699 200 1773 232; x_wconf 78' lang='lat' dir='ltr'><strong>prius</strong></span> 
     </span>
    </p>
   </div>
   <div class='ocr_carea' id='block_1_3' title="bbox 155 230 1773 267">
    <p class='ocr_par' dir='ltr' id='par_1_3' title="bbox 155 230 1773 267">
     <span class='ocr_line' id='line_1_3' title="bbox 155 230 1773 267; baseline 0.001 -6"><span class='ocrx_word' id='word_1_24' title='bbox 155 241 216 261; x_wconf 82' lang='lat' dir='ltr'><strong>esse</strong></span> <span class='ocrx_word' id='word_1_25' title='bbox 231 232 378 260; x_wconf 84' lang='lat' dir='ltr'><strong>secundum</strong></span> <span class='ocrx_word' id='word_1_26' title='bbox 394 232 536 258; x_wconf 86' lang='lat' dir='ltr'><strong>rationem.</strong></span> <span class='ocrx_word' id='word_1_27' title='bbox 548 231 679 267; x_wconf 19' lang='lat' dir='ltr'><strong>Estrenim</strong></span> <span class='ocrx_word' id='word_1_28' title='bbox 694 232 810 265; x_wconf 89' lang='lat' dir='ltr'><strong>primtun</strong></span> <span class='ocrx_word' id='word_1_29' title='bbox 824 230 1004 264; x_wconf 73' lang='lat' dir='ltr'><strong>intolligiltile.</strong></span> <span class='ocrx_word' id='word_1_30' title='bbox 1019 231 1093 267; x_wconf 78' lang='lat' dir='ltr'><strong>sicut</strong></span> <span class='ocrx_word' id='word_1_31' title='bbox 1103 237 1187 267; x_wconf 81' lang='lat' dir='ltr'><strong>sonus</strong></span> <span class='ocrx_word' id='word_1_32' title='bbox 1201 235 1244 257; x_wconf 84' lang='lat' dir='ltr'><strong>est</strong></span> <span class='ocrx_word' id='word_1_33' title='bbox 1261 232 1377 263; x_wconf 90' lang='lat' dir='ltr'><strong>primum</strong></span> <span class='ocrx_word' id='word_1_34' title='bbox 1391 231 1510 258; x_wconf 81' lang='lat' dir='ltr'><strong>audibile</strong></span> <span class='ocrx_word' id='word_1_35' title='bbox 1521 230 1534 261; x_wconf 26' lang='grc' dir='ltr'><strong>εν</strong></span> <span class='ocrx_word' id='word_1_36' title='bbox 1545 233 1608 267; x_wconf 89' lang='lat' dir='ltr'><strong>quia</strong></span> <span class='ocrx_word' id='word_1_37' title='bbox 1625 230 1773 262; x_wconf 80' lang='lat' dir='ltr'><strong>secundum</strong></span> 
     </span>
    </p>
   </div>
   <div class='ocr_carea' id='block_1_4' title="bbox 157 265 1673 300">
    <p class='ocr_par' dir='ltr' id='par_1_4' title="bbox 157 265 1673 300">
     <span class='ocr_line' id='line_1_4' title="bbox 157 265 1673 300; baseline -0.001 -5"><span class='ocrx_word' id='word_1_38' title='bbox 157 270 209 297; x_wconf 89' lang='lat' dir='ltr'><strong>hoc</strong></span> <span class='ocrx_word' id='word_1_39' title='bbox 222 267 433 300; x_wconf 78' lang='lat' dir='ltr'><strong>unumquodque</strong></span> <span class='ocrx_word' id='word_1_40' title='bbox 448 266 630 300; x_wconf 76' lang='lat' dir='ltr'><strong>cognoscibile</strong></span> <span class='ocrx_word' id='word_1_41' title='bbox 646 272 697 297; x_wconf 83' lang='lat' dir='ltr'><strong>est.</strong></span> <span class='ocrx_word' id='word_1_42' title='bbox 712 267 737 292; x_wconf 94' lang='lat' dir='ltr'><strong>in</strong></span> <span class='ocrx_word' id='word_1_43' title='bbox 751 271 882 300; x_wconf 85' lang='lat' dir='ltr'><strong>quantum</strong></span> <span class='ocrx_word' id='word_1_44' title='bbox 896 270 935 292; x_wconf 83' lang='lat' dir='ltr'><strong>cst</strong></span> <span class='ocrx_word' id='word_1_45' title='bbox 951 271 1024 295; x_wconf 83' lang='lat' dir='ltr'><strong>artu,</strong></span> <span class='ocrx_word' id='word_1_46' title='bbox 1042 266 1111 291; x_wconf 87' lang='lat' dir='ltr'><strong>unde</strong></span> <span class='ocrx_word' id='word_1_47' title='bbox 1129 265 1209 292; x_wconf 90' lang='lat' dir='ltr'><strong>etiam</strong></span> <span class='ocrx_word' id='word_1_48' title='bbox 1225 266 1300 300; x_wconf 89' lang='lat' dir='ltr'><strong>pritts</strong></span> <span class='ocrx_word' id='word_1_49' title='bbox 1311 271 1353 292; x_wconf 82' lang='lat' dir='ltr'><strong>est</strong></span> <span class='ocrx_word' id='word_1_50' title='bbox 1366 267 1512 293; x_wconf 79' lang='lat' dir='ltr'><strong>secundum</strong></span> <span class='ocrx_word' id='word_1_51' title='bbox 1530 265 1673 296; x_wconf 80' lang='lat' dir='ltr'><strong>rationem.</strong></span> 
     </span>
    </p>
   </div>
   <div class='ocr_carea' id='block_1_5' title="bbox 193 301 1772 337">
    <p class='ocr_par' dir='ltr' id='par_1_5' title="bbox 193 301 1772 337">
     <span class='ocr_line' id='line_1_5' title="bbox 193 301 1772 337; baseline -0.001 -7"><span class='ocrx_word' id='word_1_52' title='bbox 193 304 233 331; x_wconf 86' lang='lat' dir='ltr'><strong>Ad</strong></span> <span class='ocrx_word' id='word_1_53' title='bbox 253 302 444 330; x_wconf 91' lang='lat' dir='ltr'><strong>auctoritatem</strong></span> <span class='ocrx_word' id='word_1_54' title='bbox 458 306 548 328; x_wconf 84' lang='lat' dir='ltr'><strong>autem</strong></span> <span class='ocrx_word' id='word_1_55' title='bbox 565 301 698 337; x_wconf 70' lang='lat' dir='ltr'><strong>Dionysii,</strong></span> <span class='ocrx_word' id='word_1_56' title='bbox 713 307 738 328; x_wconf 85' lang='lat' dir='ltr'><strong>et</strong></span> <span class='ocrx_word' id='word_1_57' title='bbox 754 301 1024 337; x_wconf 55' lang='lat' dir='ltr'><strong>argumentumjnde</strong></span> <span class='ocrx_word' id='word_1_58' title='bbox 1040 305 1188 337; x_wconf 76' lang='lat' dir='ltr'><strong>sumptum.</strong></span> <span class='ocrx_word' id='word_1_59' title='bbox 1202 302 1354 333; x_wconf 82' lang='lat' dir='ltr'><strong>respondet,</strong></span> <span class='ocrx_word' id='word_1_60' title='bbox 1369 306 1494 328; x_wconf 86' lang='lat' dir='ltr'><strong>sanctum</strong></span> <span class='ocrx_word' id='word_1_61' title='bbox 1510 302 1666 337; x_wconf 82' lang='lat' dir='ltr'><strong>Dionysium</strong></span> <span class='ocrx_word' id='word_1_62' title='bbox 1682 305 1772 331; x_wconf 77' lang='lat' dir='ltr'><strong>divina</strong></span> 
     </span>
    </p>
   </div>
   <div class='ocr_carea' id='block_1_6' title="bbox 156 335 1774 370">
    <p class='ocr_par' dir='ltr' id='par_1_6' title="bbox 156 335 1774 370">
     <span class='ocr_line' id='line_1_6' title="bbox 156 335 1774 370; baseline 0.001 -5"><span class='ocrx_word' id='word_1_63' title='bbox 156 339 266 366; x_wconf 85' lang='lat' dir='ltr'><strong>nomina</strong></span> <span class='ocrx_word' id='word_1_64' title='bbox 282 337 422 370; x_wconf 68' lang='lat' dir='ltr'><strong>assignare</strong></span> <span class='ocrx_word' id='word_1_65' title='bbox 437 337 583 362; x_wconf 84' lang='lat' dir='ltr'><strong>secundum</strong></span> <span class='ocrx_word' id='word_1_66' title='bbox 603 335 674 370; x_wconf 87' lang='lat' dir='ltr'><strong>quod</strong></span> <span class='ocrx_word' id='word_1_67' title='bbox 691 336 839 370; x_wconf 88' lang='lat' dir='ltr'><strong>important</strong></span> <span class='ocrx_word' id='word_1_68' title='bbox 853 337 925 362; x_wconf 85' lang='lat' dir='ltr'><strong>circa</strong></span> <span class='ocrx_word' id='word_1_69' title='bbox 944 335 1026 361; x_wconf 85' lang='lat' dir='ltr'><strong>Deum</strong></span> <span class='ocrx_word' id='word_1_70' title='bbox 1042 335 1229 362; x_wconf 65' lang='lat' dir='ltr'><strong>habitudinem</strong></span> <span class='ocrx_word' id='word_1_71' title='bbox 1245 343 1343 363; x_wconf 64' lang='lat' dir='ltr'><strong>causte.</strong></span> <span class='ocrx_word' id='word_1_72' title='bbox 1362 338 1464 363; x_wconf 80' lang='lat' dir='ltr'><strong>Bonum</strong></span> <span class='ocrx_word' id='word_1_73' title='bbox 1481 335 1586 368; x_wconf 58' lang='lat' dir='ltr'><strong>autem,</strong></span> <span class='ocrx_word' id='word_1_74' title='bbox 1597 346 1657 365; x_wconf 88' lang='lat' dir='ltr'><strong>cum</strong></span> <span class='ocrx_word' id='word_1_75' title='bbox 1675 340 1774 366; x_wconf 65' lang='lat' dir='ltr'><strong>habeat</strong></span> 
     </span>
    </p>
   </div>
   <div class='ocr_carea' id='block_1_7' title="bbox 157 370 1773 410">
    <p class='ocr_par' dir='ltr' id='par_1_7' title="bbox 157 370 1773 410">
     <span class='ocr_line' id='line_1_7' title="bbox 157 370 1773 410; baseline 0.001 -10"><span class='ocrx_word' id='word_1_76' title='bbox 157 375 293 401; x_wconf 88' lang='lat' dir='ltr'><strong>rationem</strong></span> <span class='ocrx_word' id='word_1_77' title='bbox 308 372 470 410; x_wconf 62' lang='lat' dir='ltr'><strong>appeliltilis,</strong></span> <span class='ocrx_word' id='word_1_78' title='bbox 486 372 614 410; x_wconf 85' lang='lat' dir='ltr'><strong>importat</strong></span> <span class='ocrx_word' id='word_1_79' title='bbox 628 371 815 410; x_wconf 72' lang='lat' dir='ltr'><strong>habitudinem</strong></span> <span class='ocrx_word' id='word_1_80' title='bbox 831 379 921 398; x_wconf 60' lang='lat' dir='ltr'><strong>causa;</strong></span> <span class='ocrx_word' id='word_1_81' title='bbox 935 371 1033 410; x_wconf 72' lang='lat' dir='ltr'><strong>lin_a|_is,</strong></span> <span class='ocrx_word' id='word_1_82' title='bbox 1048 370 1125 402; x_wconf 81' lang='lat' dir='ltr'><strong>cuius</strong></span> <span class='ocrx_word' id='word_1_83' title='bbox 1137 371 1284 410; x_wconf 61' lang='lat' dir='ltr'><strong>catisziiitas</strong></span> <span class='ocrx_word' id='word_1_84' title='bbox 1299 372 1383 410; x_wconf 80' lang='lat' dir='ltr'><strong>prima</strong></span> <span class='ocrx_word' id='word_1_85' title='bbox 1398 377 1438 398; x_wconf 89' lang='lat' dir='ltr'><strong>est</strong></span> <span class='ocrx_word' id='word_1_86' title='bbox 1449 392 1456 401; x_wconf 87' lang='lat'><strong>.</strong></span> <span class='ocrx_word' id='word_1_87' title='bbox 1472 373 1533 405; x_wconf 86' lang='lat' dir='ltr'><strong>quia</strong></span> <span class='ocrx_word' id='word_1_88' title='bbox 1550 380 1632 406; x_wconf 72' lang='lat' dir='ltr'><strong>agens</strong></span> <span class='ocrx_word' id='word_1_89' title='bbox 1647 382 1701 401; x_wconf 91' lang='lat' dir='ltr'><strong>non</strong></span> <span class='ocrx_word' id='word_1_90' title='bbox 1717 375 1773 410; x_wconf 73' lang='lat' dir='ltr'><strong>agit</strong></span> 
     </span>
    </p>
   </div>
   <div class='ocr_carea' id='block_1_8' title="bbox 158 405 1773 442">
    <p class='ocr_par' dir='ltr' id='par_1_8' title="bbox 158 405 1773 442">
     <span class='ocr_line' id='line_1_8' title="bbox 158 405 1773 442; baseline 0.003 -10"><span class='ocrx_word' id='word_1_91' title='bbox 158 410 210 436; x_wconf 85' lang='lat' dir='ltr'><strong>nisi</strong></span> <span class='ocrx_word' id='word_1_92' title='bbox 227 405 338 442; x_wconf 77' lang='lat' dir='ltr'><strong>propter</strong></span> <span class='ocrx_word' id='word_1_93' title='bbox 354 406 445 437; x_wconf 79' lang='lat' dir='ltr'><strong>ﬁnem,</strong></span> <span class='ocrx_word' id='word_1_94' title='bbox 462 410 489 433; x_wconf 90' lang='lat' dir='ltr'><strong>et</strong></span> <span class='ocrx_word' id='word_1_95' title='bbox 504 407 537 433; x_wconf 89' lang='lat' dir='ltr'><strong>ab</strong></span> <span class='ocrx_word' id='word_1_96' title='bbox 551 411 646 440; x_wconf 81' lang='lat' dir='ltr'><strong>agente</strong></span> <span class='ocrx_word' id='word_1_97' title='bbox 662 407 776 433; x_wconf 78' lang='lat' dir='ltr'><strong>materia</strong></span> <span class='ocrx_word' id='word_1_98' title='bbox 795 412 920 442; x_wconf 83' lang='lat' dir='ltr'><strong>movelur</strong></span> <span class='ocrx_word' id='word_1_99' title='bbox 938 406 970 432; x_wconf 91' lang='lat' dir='ltr'><strong>ad</strong></span> <span class='ocrx_word' id='word_1_100' title='bbox 990 406 1117 442; x_wconf 82' lang='lat' dir='ltr'><strong>formam.</strong></span> <span class='ocrx_word' id='word_1_101' title='bbox 1132 405 1203 432; x_wconf 89' lang='lat' dir='ltr'><strong>unde</strong></span> <span class='ocrx_word' id='word_1_102' title='bbox 1222 405 1283 442; x_wconf 69' lang='lat' dir='ltr'><strong>iiuis</strong></span> <span class='ocrx_word' id='word_1_103' title='bbox 1300 406 1401 433; x_wconf 79' lang='lat' dir='ltr'><strong>dicitur</strong></span> <span class='ocrx_word' id='word_1_104' title='bbox 1416 414 1496 433; x_wconf 86' lang='lat' dir='ltr'><strong>causa</strong></span> <span class='ocrx_word' id='word_1_105' title='bbox 1515 405 1668 434; x_wconf 74' lang='lat' dir='ltr'><strong>causarum.</strong></span> <span class='ocrx_word' id='word_1_106' title='bbox 1687 410 1719 436; x_wconf 80' lang='lat' dir='ltr'><strong>Et</strong></span> <span class='ocrx_word' id='word_1_107' title='bbox 1734 405 1773 437; x_wconf 76' lang='lat' dir='ltr'><strong>sit:</strong></span> 
     </span>
    </p>
   </div>
   <div class='ocr_carea' id='block_1_9' title="bbox 158 441 1772 475">
    <p class='ocr_par' dir='ltr' id='par_1_9' title="bbox 158 441 1772 475">
     <span class='ocr_line' id='line_1_9' title="bbox 158 441 1772 475; baseline 0 -4"><span class='ocrx_word' id='word_1_108' title='bbox 158 445 185 471; x_wconf 94' lang='lat' dir='ltr'><strong>in</strong></span> <span class='ocrx_word' id='word_1_109' title='bbox 202 441 340 471; x_wconf 72' lang='lat' dir='ltr'><strong>causando</strong></span> <span class='ocrx_word' id='word_1_110' title='bbox 354 443 452 468; x_wconf 90' lang='lat' dir='ltr'><strong>bonum</strong></span> <span class='ocrx_word' id='word_1_111' title='bbox 468 446 508 468; x_wconf 88' lang='lat' dir='ltr'><strong>est</strong></span> <span class='ocrx_word' id='word_1_112' title='bbox 523 442 598 474; x_wconf 89' lang='lat' dir='ltr'><strong>prius</strong></span> <span class='ocrx_word' id='word_1_113' title='bbox 610 449 689 469; x_wconf 76' lang='lat' dir='ltr'><strong>quam</strong></span> <span class='ocrx_word' id='word_1_114' title='bbox 706 449 764 472; x_wconf 88' lang='lat' dir='ltr'><strong>ens,</strong></span> <span class='ocrx_word' id='word_1_115' title='bbox 782 442 855 468; x_wconf 85' lang='lat' dir='ltr'><strong>sicut</strong></span> <span class='ocrx_word' id='word_1_116' title='bbox 873 441 933 467; x_wconf 68' lang='lat' dir='ltr'><strong>linis</strong></span> <span class='ocrx_word' id='word_1_117' title='bbox 946 449 1027 475; x_wconf 89' lang='lat' dir='ltr'><strong>quam</strong></span> <span class='ocrx_word' id='word_1_118' title='bbox 1045 441 1130 467; x_wconf 80' lang='lat' dir='ltr'><strong>forma</strong></span> <span class='ocrx_word' id='word_1_119' title='bbox 1154 449 1160 467; x_wconf 89' lang='lat'>:</span> <span class='ocrx_word' id='word_1_120' title='bbox 1183 445 1209 468; x_wconf 84' lang='lat' dir='ltr'><strong>et</strong></span> <span class='ocrx_word' id='word_1_121' title='bbox 1225 441 1276 467; x_wconf 83' lang='lat' dir='ltr'><strong>hac</strong></span> <span class='ocrx_word' id='word_1_122' title='bbox 1299 441 1412 473; x_wconf 86' lang='lat' dir='ltr'><strong>ratione,</strong></span> <span class='ocrx_word' id='word_1_123' title='bbox 1429 441 1501 468; x_wconf 87' lang='lat' dir='ltr'><strong>inter</strong></span> <span class='ocrx_word' id='word_1_124' title='bbox 1523 444 1633 469; x_wconf 88' lang='lat' dir='ltr'><strong>nomina</strong></span> <span class='ocrx_word' id='word_1_125' title='bbox 1650 443 1772 471; x_wconf 81' lang='lat' dir='ltr'><strong>divinam</strong></span> 
     </span>
    </p>
   </div>
   <div class='ocr_carea' id='block_1_10' title="bbox 157 475 1771 510">
    <p class='ocr_par' dir='ltr' id='par_1_10' title="bbox 157 475 1771 510">
     <span class='ocr_line' id='line_1_10' title="bbox 157 475 1771 510; baseline 0.001 -5"><span class='ocrx_word' id='word_1_126' title='bbox 157 478 344 505; x_wconf 83' lang='lat' dir='ltr'><strong>causalitatem</strong></span> <span class='ocrx_word' id='word_1_127' title='bbox 367 476 561 510; x_wconf 80' lang='lat' dir='ltr'><strong>signiﬁcantia,</strong></span> <span class='ocrx_word' id='word_1_128' title='bbox 580 476 656 509; x_wconf 86' lang='lat' dir='ltr'><strong>prius</strong></span> <span class='ocrx_word' id='word_1_129' title='bbox 674 477 785 510; x_wconf 81' lang='lat' dir='ltr'><strong>ponitur</strong></span> <span class='ocrx_word' id='word_1_130' title='bbox 806 477 904 503; x_wconf 90' lang='lat' dir='ltr'><strong>bonum</strong></span> <span class='ocrx_word' id='word_1_131' title='bbox 922 484 1004 510; x_wconf 85' lang='lat' dir='ltr'><strong>quam</strong></span> <span class='ocrx_word' id='word_1_132' title='bbox 1024 483 1090 507; x_wconf 88' lang='lat' dir='ltr'><strong>eus;</strong></span> <span class='ocrx_word' id='word_1_133' title='bbox 1114 475 1173 503; x_wconf 82' lang='lat' dir='ltr'><strong>vide</strong></span> <span class='ocrx_word' id='word_1_134' title='bbox 1194 483 1302 510; x_wconf 86' lang='lat' dir='ltr'><strong>quoque</strong></span> <span class='ocrx_word' id='word_1_135' title='bbox 1320 482 1416 510; x_wconf 65' lang='lat' dir='ltr'><strong>qum-st.</strong></span> <span class='ocrx_word' id='word_1_136' title='bbox 1435 477 1479 505; x_wconf 68' lang='grc' dir='ltr'><strong>Π.</strong></span> <span class='ocrx_word' id='word_1_137' title='bbox 1502 478 1581 503; x_wconf 88' lang='lat' dir='ltr'><strong>artic.</strong></span> <span class='ocrx_word' id='word_1_138' title='bbox 1604 479 1648 505; x_wconf 85' lang='grc'><strong>11.</strong></span> <span class='ocrx_word' id='word_1_139' title='bbox 1671 480 1771 506; x_wconf 86' lang='lat' dir='ltr'><strong>Verum</strong></span> 
     </span>
    </p>
   </div>
   <div class='ocr_carea' id='block_1_11' title="bbox 159 511 1774 548">
    <p class='ocr_par' dir='ltr' id='par_1_11' title="bbox 159 511 1774 548">
     <span class='ocr_line' id='line_1_11' title="bbox 159 511 1774 548; baseline 0.002 -11"><span class='ocrx_word' id='word_1_140' title='bbox 159 514 265 540; x_wconf 78' lang='lat' dir='ltr'><strong>facilius</strong></span> <span class='ocrx_word' id='word_1_141' title='bbox 279 511 489 548; x_wconf 17' lang='lat' dir='ltr'><strong>meneriornysrii</strong></span> <span class='ocrx_word' id='word_1_142' title='bbox 510 511 549 538; x_wconf 86' lang='lat' dir='ltr'><strong>sic</strong></span> <span class='ocrx_word' id='word_1_143' title='bbox 565 511 696 544; x_wconf 82' lang='lat' dir='ltr'><strong>explicari</strong></span> <span class='ocrx_word' id='word_1_144' title='bbox 715 517 814 548; x_wconf 78' lang='lat' dir='ltr'><strong>potest,</strong></span> <span class='ocrx_word' id='word_1_145' title='bbox 830 512 901 548; x_wconf 85' lang='lat' dir='ltr'><strong>quod</strong></span> <span class='ocrx_word' id='word_1_146' title='bbox 918 519 977 538; x_wconf 91' lang='lat' dir='ltr'><strong>cum</strong></span> <span class='ocrx_word' id='word_1_147' title='bbox 1000 511 1044 537; x_wconf 87' lang='lat' dir='ltr'><strong>Dei</strong></span> <span class='ocrx_word' id='word_1_148' title='bbox 1066 511 1176 548; x_wconf 74' lang='lat' dir='ltr'><strong>nomina</strong></span> <span class='ocrx_word' id='word_1_149' title='bbox 1198 513 1348 538; x_wconf 79' lang='lat' dir='ltr'><strong>secundum</strong></span> <span class='ocrx_word' id='word_1_150' title='bbox 1365 511 1552 548; x_wconf 80' lang='lat' dir='ltr'><strong>emanationes</strong></span> <span class='ocrx_word' id='word_1_151' title='bbox 1570 513 1691 547; x_wconf 83' lang='lat' dir='ltr'><strong>assignel</strong></span> <span class='ocrx_word' id='word_1_152' title='bbox 1710 522 1774 548; x_wconf 76' lang='lat' dir='ltr'><strong>qum</strong></span> 
     </span>
    </p>
   </div>
   <div class='ocr_carea' id='block_1_12' title="bbox 158 545 1773 582">
    <p class='ocr_par' dir='ltr' id='par_1_12' title="bbox 158 545 1773 582">
     <span class='ocr_line' id='line_1_12' title="bbox 158 545 1773 582; baseline 0.001 -7"><span class='ocrx_word' id='word_1_153' title='bbox 158 549 215 576; x_wconf 89' lang='lat' dir='ltr'><strong>Deo</strong></span> <span class='ocrx_word' id='word_1_154' title='bbox 234 548 338 574; x_wconf 85' lang='lat' dir='ltr'><strong>ratione</strong></span> <span class='ocrx_word' id='word_1_155' title='bbox 361 545 491 573; x_wconf 73' lang='lat' dir='ltr'><strong>bonitatis</strong></span> <span class='ocrx_word' id='word_1_156' title='bbox 510 547 678 582; x_wconf 79' lang='lat' dir='ltr'><strong>tribuuntur,</strong></span> <span class='ocrx_word' id='word_1_157' title='bbox 700 545 777 580; x_wconf 80' lang='lat' dir='ltr'><strong>cujus</strong></span> <span class='ocrx_word' id='word_1_158' title='bbox 801 545 925 581; x_wconf 75' lang='lat' dir='ltr'><strong>proprius</strong></span> <span class='ocrx_word' id='word_1_159' title='bbox 946 551 1022 573; x_wconf 81' lang='lat' dir='ltr'><strong>actus</strong></span> <span class='ocrx_word' id='word_1_160' title='bbox 1046 552 1097 575; x_wconf 80' lang='lat' dir='ltr'><strong>est.</strong></span> <span class='ocrx_word' id='word_1_161' title='bbox 1119 545 1180 582; x_wconf 80' lang='lat' dir='ltr'><strong>aliis</strong></span> <span class='ocrx_word' id='word_1_162' title='bbox 1203 553 1232 573; x_wconf 86' lang='lat' dir='ltr'><strong>se</strong></span> <span class='ocrx_word' id='word_1_163' title='bbox 1254 547 1469 576; x_wconf 82' lang='lat' dir='ltr'><strong>communicare,</strong></span> <span class='ocrx_word' id='word_1_164' title='bbox 1485 547 1587 574; x_wconf 88' lang='lat' dir='ltr'><strong>idcirco</strong></span> <span class='ocrx_word' id='word_1_165' title='bbox 1605 545 1693 582; x_wconf 75' lang='lat' dir='ltr'><strong>primo</strong></span> <span class='ocrx_word' id='word_1_166' title='bbox 1714 545 1773 576; x_wconf 78' lang='lat' dir='ltr'><strong>loco</strong></span> 
     </span>
    </p>
   </div>
   <div class='ocr_carea' id='block_1_13' title="bbox 157 580 1773 619">
    <p class='ocr_par' dir='ltr' id='par_1_13' title="bbox 157 580 1773 619">
     <span class='ocr_line' id='line_1_13' title="bbox 157 580 1773 619; baseline 0 -9"><span class='ocrx_word' id='word_1_167' title='bbox 157 584 220 610; x_wconf 84' lang='lat' dir='ltr'><strong>boni</strong></span> <span class='ocrx_word' id='word_1_168' title='bbox 245 590 341 610; x_wconf 85' lang='lat' dir='ltr'><strong>nomen</strong></span> <span class='ocrx_word' id='word_1_169' title='bbox 362 582 562 615; x_wconf 82' lang='lat' dir='ltr'><strong>interpretetur.</strong></span> <span class='ocrx_word' id='word_1_170' title='bbox 585 580 662 608; x_wconf 89' lang='lat' dir='ltr'><strong>Unde</strong></span> <span class='ocrx_word' id='word_1_171' title='bbox 685 589 737 608; x_wconf 92' lang='lat' dir='ltr'><strong>non</strong></span> <span class='ocrx_word' id='word_1_172' title='bbox 759 582 900 617; x_wconf 91' lang='lat' dir='ltr'><strong>sequitur,</strong></span> <span class='ocrx_word' id='word_1_173' title='bbox 922 589 1019 608; x_wconf 85' lang='lat' dir='ltr'><strong>nomen</strong></span> <span class='ocrx_word' id='word_1_174' title='bbox 1041 582 1101 608; x_wconf 90' lang='lat' dir='ltr'><strong>boni</strong></span> <span class='ocrx_word' id='word_1_175' title='bbox 1124 581 1239 615; x_wconf 89' lang='lat' dir='ltr'><strong>primam</strong></span> <span class='ocrx_word' id='word_1_176' title='bbox 1263 583 1384 608; x_wconf 88' lang='lat' dir='ltr'><strong>omnium</strong></span> <span class='ocrx_word' id='word_1_177' title='bbox 1408 582 1541 608; x_wconf 89' lang='lat' dir='ltr'><strong>rationem</strong></span> <span class='ocrx_word' id='word_1_178' title='bbox 1566 582 1592 609; x_wconf 93' lang='lat' dir='ltr'><strong>in</strong></span> <span class='ocrx_word' id='word_1_179' title='bbox 1607 580 1668 610; x_wconf 57' lang='lat' dir='ltr'><strong>&#39;Dco</strong></span> <span class='ocrx_word' id='word_1_180' title='bbox 1688 584 1773 619; x_wconf 78' lang='lat' dir='ltr'><strong>signi-</strong></span> 
     </span>
    </p>
   </div>
   <div class='ocr_carea' id='block_1_14' title="bbox 159 619 249 645">
    <p class='ocr_par' dir='ltr' id='par_1_14' title="bbox 159 619 249 645">
     <span class='ocr_line' id='line_1_14' title="bbox 159 619 249 645; baseline 0 0"><span class='ocrx_word' id='word_1_181' title='bbox 159 619 249 645; x_wconf 82' lang='lat' dir='ltr'><strong>iicare.</strong></span> 
     </span>
    </p>
   </div>
   <div class='ocr_carea' id='block_1_15' title="bbox 196 651 1774 686">
    <p class='ocr_par' dir='ltr' id='par_1_15' title="bbox 196 651 1774 686">
     <span class='ocr_line' id='line_1_15' title="bbox 196 651 1774 686; baseline 0.001 -6"><span class='ocrx_word' id='word_1_182' title='bbox 196 654 295 680; x_wconf 85' lang='lat' dir='ltr'><strong>Ibidem</strong></span> <span class='ocrx_word' id='word_1_183' title='bbox 311 661 317 679; x_wconf 75' lang='grc' dir='ltr'>ε</span> <span class='ocrx_word' id='word_1_184' title='bbox 336 652 442 686; x_wconf 83' lang='lat' dir='ltr'><strong>Oportet</strong></span> <span class='ocrx_word' id='word_1_185' title='bbox 456 652 525 678; x_wconf 78' lang='lat' dir='ltr'><strong>enim</strong></span> <span class='ocrx_word' id='word_1_186' title='bbox 542 661 587 679; x_wconf 78' lang='lat' dir='ltr'><strong>nos</strong></span> <span class='ocrx_word' id='word_1_187' title='bbox 602 653 714 686; x_wconf 79' lang='lat' dir='ltr'><strong>primum</strong></span> <span class='ocrx_word' id='word_1_188' title='bbox 729 652 907 682; x_wconf 71' lang='lat' dir='ltr'><strong>orationibus,</strong></span> <span class='ocrx_word' id='word_1_189' title='bbox 921 655 973 679; x_wconf 88' lang='lat' dir='ltr'><strong>etc.</strong></span> <span class='ocrx_word' id='word_1_190' title='bbox 996 651 1045 678; x_wconf 85' lang='lat' dir='ltr'><strong>[ibi</strong></span> <span class='ocrx_word' id='word_1_191' title='bbox 1067 655 1128 677; x_wconf 90' lang='lat' dir='ltr'><strong>nota</strong></span> <span class='ocrx_word' id='word_1_192' title='bbox 1141 651 1245 684; x_wconf 83' lang='lat' dir='ltr'><strong>primo.</strong></span> <span class='ocrx_word' id='word_1_193' title='bbox 1260 659 1307 686; x_wconf 84' lang='lat' dir='ltr'><strong>per</strong></span> <span class='ocrx_word' id='word_1_194' title='bbox 1322 652 1473 678; x_wconf 90' lang='lat' dir='ltr'><strong>orationem</strong></span> <span class='ocrx_word' id='word_1_195' title='bbox 1490 660 1504 678; x_wconf 91' lang='lat' dir='ltr'><strong>a</strong></span> <span class='ocrx_word' id='word_1_196' title='bbox 1523 652 1578 678; x_wconf 72' lang='lat' dir='ltr'><strong>Deo</strong></span> <span class='ocrx_word' id='word_1_197' title='bbox 1595 661 1686 680; x_wconf 87' lang='lat' dir='ltr'><strong>rerum</strong></span> <span class='ocrx_word' id='word_1_198' title='bbox 1704 655 1774 681; x_wconf 86' lang='lat' dir='ltr'><strong>divi-</strong></span> 
     </span>
    </p>
   </div>
   <div class='ocr_carea' id='block_1_16' title="bbox 160 686 1773 722">
    <p class='ocr_par' dir='ltr' id='par_1_16' title="bbox 160 686 1773 722">
     <span class='ocr_line' id='line_1_16' title="bbox 160 686 1773 722; baseline 0.001 -7"><span class='ocrx_word' id='word_1_199' title='bbox 160 697 257 715; x_wconf 88' lang='lat' dir='ltr'><strong>narttm</strong></span> <span class='ocrx_word' id='word_1_200' title='bbox 276 688 400 715; x_wconf 89' lang='lat' dir='ltr'><strong>notitiam</strong></span> <span class='ocrx_word' id='word_1_201' title='bbox 415 695 476 714; x_wconf 84' lang='lat' dir='ltr'><strong>esse</strong></span> <span class='ocrx_word' id='word_1_202' title='bbox 493 687 707 721; x_wconf 75' lang='lat' dir='ltr'><strong>impetrandam;</strong></span> <span class='ocrx_word' id='word_1_203' title='bbox 724 688 851 722; x_wconf 86' lang='lat' dir='ltr'><strong>quoniam</strong></span> <span class='ocrx_word' id='word_1_204' title='bbox 868 692 910 714; x_wconf 85' lang='lat' dir='ltr'><strong>est</strong></span> <span class='ocrx_word' id='word_1_205' title='bbox 930 686 1055 720; x_wconf 75' lang='lat' dir='ltr'><strong>generale</strong></span> <span class='ocrx_word' id='word_1_206' title='bbox 1071 687 1188 722; x_wconf 86' lang='lat' dir='ltr'><strong>medium</strong></span> <span class='ocrx_word' id='word_1_207' title='bbox 1209 687 1241 712; x_wconf 88' lang='lat' dir='ltr'><strong>ad</strong></span> <span class='ocrx_word' id='word_1_208' title='bbox 1262 688 1352 713; x_wconf 87' lang='lat' dir='ltr'><strong>omnia</strong></span> <span class='ocrx_word' id='word_1_209' title='bbox 1367 687 1436 713; x_wconf 88' lang='lat' dir='ltr'><strong>dona</strong></span> <span class='ocrx_word' id='word_1_210' title='bbox 1458 688 1590 720; x_wconf 86' lang='lat' dir='ltr'><strong>spiritalia</strong></span> <span class='ocrx_word' id='word_1_211' title='bbox 1613 690 1773 716; x_wconf 85' lang='lat' dir='ltr'><strong>obtinenda.</strong></span> 
     </span>
    </p>
   </div>
   <div class='ocr_carea' id='block_1_17' title="bbox 159 721 1775 759">
    <p class='ocr_par' dir='ltr' id='par_1_17' title="bbox 159 721 1775 759">
     <span class='ocr_line' id='line_1_17' title="bbox 159 721 1775 759; baseline 0.001 -11"><span class='ocrx_word' id='word_1_212' title='bbox 159 722 209 750; x_wconf 82' lang='lat' dir='ltr'><strong>Est</strong></span> <span class='ocrx_word' id='word_1_213' title='bbox 234 723 305 750; x_wconf 86' lang='lat' dir='ltr'><strong>enim</strong></span> <span class='ocrx_word' id='word_1_214' title='bbox 318 745 325 755; x_wconf 80' lang='grc'>,</span> <span class='ocrx_word' id='word_1_215' title='bbox 342 728 370 748; x_wconf 88' lang='grc' dir='ltr'><strong>ιιι</strong></span> <span class='ocrx_word' id='word_1_216' title='bbox 382 722 713 759; x_wconf 76' lang='lat' dir='ltr'><strong>sanctusChrysostomns</strong></span> <span class='ocrx_word' id='word_1_217' title='bbox 728 722 835 759; x_wconf 53' lang='lat' dir='ltr'><strong>anim),</strong></span> <span class='ocrx_word' id='word_1_218' title='bbox 847 722 933 759; x_wconf 83' lang='lat' dir='ltr'><strong>instar</strong></span> <span class='ocrx_word' id='word_1_219' title='bbox 944 722 1028 759; x_wconf 75' lang='lat' dir='ltr'><strong>clavis</strong></span> <span class='ocrx_word' id='word_1_220' title='bbox 1039 721 1190 759; x_wconf 72' lang='lat' dir='ltr'><strong>cujusdam.</strong></span> <span class='ocrx_word' id='word_1_221' title='bbox 1206 729 1253 759; x_wconf 81' lang='lat' dir='ltr'><strong>per</strong></span> <span class='ocrx_word' id='word_1_222' title='bbox 1266 730 1347 756; x_wconf 88' lang='lat' dir='ltr'><strong>quam</strong></span> <span class='ocrx_word' id='word_1_223' title='bbox 1358 729 1452 759; x_wconf 83' lang='lat' dir='ltr'><strong>omnes</strong></span> <span class='ocrx_word' id='word_1_224' title='bbox 1467 723 1510 749; x_wconf 88' lang='lat' dir='ltr'><strong>Dei</strong></span> <span class='ocrx_word' id='word_1_225' title='bbox 1523 724 1665 751; x_wconf 74' lang='lat' dir='ltr'><strong>thesauros</strong></span> <span class='ocrx_word' id='word_1_226' title='bbox 1679 733 1775 759; x_wconf 80' lang='lat' dir='ltr'><strong>possu—</strong></span> 
     </span>
    </p>
   </div>
   <div class='ocr_carea' id='block_1_18' title="bbox 159 756 1773 797">
    <p class='ocr_par' dir='ltr' id='par_1_18' title="bbox 159 756 1773 797">
     <span class='ocr_line' id='line_1_18' title="bbox 159 756 1773 797; baseline 0.001 -12"><span class='ocrx_word' id='word_1_227' title='bbox 159 767 219 797; x_wconf 71' lang='lat' dir='ltr'><strong>nius</strong></span> <span class='ocrx_word' id='word_1_228' title='bbox 231 759 395 797; x_wconf 65' lang='lat' dir='ltr'><strong>_aperi_re,_et</strong></span> <span class='ocrx_word' id='word_1_229' title='bbox 412 765 444 784; x_wconf 78' lang='lat' dir='ltr'><strong>ex</strong></span> <span class='ocrx_word' id='word_1_230' title='bbox 461 757 514 797; x_wconf 74' lang='lat' dir='ltr'><strong>illis</strong></span> <span class='ocrx_word' id='word_1_231' title='bbox 530 756 651 797; x_wconf 78' lang='lat' dir='ltr'><strong>accipere</strong></span> <span class='ocrx_word' id='word_1_232' title='bbox 659 758 793 797; x_wconf 73' lang='lat' dir='ltr'><strong>quidquid</strong></span> <span class='ocrx_word' id='word_1_233' title='bbox 812 756 894 797; x_wconf 43' lang='lat' dir='ltr'><strong>mm.</strong></span> <span class='ocrx_word' id='word_1_234' title='bbox 903 757 1075 784; x_wconf 90' lang='lat' dir='ltr'><strong>commodum</strong></span> <span class='ocrx_word' id='word_1_235' title='bbox 1090 756 1196 797; x_wconf 76' lang='lat' dir='ltr'><strong>videtur</strong></span> <span class='ocrx_word' id='word_1_236' title='bbox 1212 757 1244 783; x_wconf 88' lang='lat' dir='ltr'><strong>ad</strong></span> <span class='ocrx_word' id='word_1_237' title='bbox 1260 762 1390 797; x_wconf 56' lang='lat' dir='ltr'><strong>aeternam</strong></span> <span class='ocrx_word' id='word_1_238' title='bbox 1407 757 1522 784; x_wconf 78' lang='lat' dir='ltr'><strong>salutem</strong></span> <span class='ocrx_word' id='word_1_239' title='bbox 1542 756 1773 797; x_wconf 66' lang='lat' dir='ltr'><strong>consequendam.</strong></span> 
     </span>
    </p>
   </div>
   <div class='ocr_carea' id='block_1_19' title="bbox 158 792 1775 828">
    <p class='ocr_par' dir='ltr' id='par_1_19' title="bbox 158 792 1775 828">
     <span class='ocr_line' id='line_1_19' title="bbox 158 792 1775 828; baseline -0.001 -8"><span class='ocrx_word' id='word_1_240' title='bbox 158 792 257 820; x_wconf 70' lang='lat' dir='ltr'><strong>Omnia</strong></span> <span class='ocrx_word' id='word_1_241' title='bbox 271 795 342 820; x_wconf 82' lang='lat' dir='ltr'><strong>enim</strong></span> <span class='ocrx_word' id='word_1_242' title='bbox 360 794 409 828; x_wconf 66' lang='lat' dir='ltr'><strong>ista</strong></span> <span class='ocrx_word' id='word_1_243' title='bbox 424 792 547 819; x_wconf 88' lang='lat' dir='ltr'><strong>oratione</strong></span> <span class='ocrx_word' id='word_1_244' title='bbox 561 793 712 828; x_wconf 85' lang='lat' dir='ltr'><strong>certissime</strong></span> <span class='ocrx_word' id='word_1_245' title='bbox 729 800 873 828; x_wconf 79' lang='lat' dir='ltr'><strong>possumus</strong></span> <span class='ocrx_word' id='word_1_246' title='bbox 890 793 1090 828; x_wconf 52' lang='lat' dir='ltr'><strong>impetrareLut</strong></span> <span class='ocrx_word' id='word_1_247' title='bbox 1106 792 1175 818; x_wconf 86' lang='lat' dir='ltr'><strong>idem</strong></span> <span class='ocrx_word' id='word_1_248' title='bbox 1192 797 1302 819; x_wconf 88' lang='lat' dir='ltr'><strong>sanctus</strong></span> <span class='ocrx_word' id='word_1_249' title='bbox 1315 792 1527 826; x_wconf 74' lang='lat' dir='ltr'><strong>Chrysostomus</strong></span> <span class='ocrx_word' id='word_1_250' title='bbox 1544 793 1601 820; x_wconf 81' lang='lat' dir='ltr'><strong>fuse</strong></span> <span class='ocrx_word' id='word_1_251' title='bbox 1615 802 1647 819; x_wconf 89' lang='lat' dir='ltr'><strong>ac</strong></span> <span class='ocrx_word' id='word_1_252' title='bbox 1663 795 1775 827; x_wconf 77' lang='lat' dir='ltr'><strong>pulchre</strong></span> 
     </span>
    </p>
   </div>
   <div class='ocr_carea' id='block_1_20' title="bbox 158 826 1774 862">
    <p class='ocr_par' dir='ltr' id='par_1_20' title="bbox 158 826 1774 862">
     <span class='ocr_line' id='line_1_20' title="bbox 158 826 1774 862; baseline 0.001 -7"><span class='ocrx_word' id='word_1_253' title='bbox 158 837 191 855; x_wconf 77' lang='lat' dir='ltr'><strong>cx</strong></span> <span class='ocrx_word' id='word_1_254' title='bbox 207 829 353 862; x_wconf 86' lang='lat' dir='ltr'><strong>Scripluris</strong></span> <span class='ocrx_word' id='word_1_255' title='bbox 365 826 460 862; x_wconf 86' lang='lat' dir='ltr'><strong>probat</strong></span> <span class='ocrx_word' id='word_1_256' title='bbox 477 828 504 854; x_wconf 87' lang='lat' dir='ltr'><strong>in</strong></span> <span class='ocrx_word' id='word_1_257' title='bbox 521 828 612 854; x_wconf 85' lang='lat' dir='ltr'><strong>aureis</strong></span> <span class='ocrx_word' id='word_1_258' title='bbox 624 829 678 855; x_wconf 89' lang='lat' dir='ltr'><strong>illis</strong></span> <span class='ocrx_word' id='word_1_259' title='bbox 695 827 771 854; x_wconf 84' lang='lat' dir='ltr'><strong>libris</strong></span> <span class='ocrx_word' id='word_1_260' title='bbox 788 827 824 853; x_wconf 82' lang='lat' dir='ltr'><strong>De</strong></span> <span class='ocrx_word' id='word_1_261' title='bbox 845 828 945 853; x_wconf 85' lang='lat' dir='ltr'><strong>orando</strong></span> <span class='ocrx_word' id='word_1_262' title='bbox 961 826 1024 853; x_wconf 84' lang='lat' dir='ltr'><strong>Deo.</strong></span> <span class='ocrx_word' id='word_1_263' title='bbox 1040 826 1089 853; x_wconf 86' lang='lat' dir='ltr'><strong>Hie</strong></span> <span class='ocrx_word' id='word_1_264' title='bbox 1105 830 1209 852; x_wconf 88' lang='lat' dir='ltr'><strong>tantum</strong></span> <span class='ocrx_word' id='word_1_265' title='bbox 1225 828 1339 854; x_wconf 88' lang='lat' dir='ltr'><strong>observa</strong></span> <span class='ocrx_word' id='word_1_266' title='bbox 1358 827 1410 853; x_wconf 87' lang='lat' dir='ltr'><strong>tria</strong></span> <span class='ocrx_word' id='word_1_267' title='bbox 1427 828 1459 853; x_wconf 90' lang='lat' dir='ltr'><strong>ad</strong></span> <span class='ocrx_word' id='word_1_268' title='bbox 1474 828 1609 854; x_wconf 84' lang='lat' dir='ltr'><strong>orationis</strong></span> <span class='ocrx_word' id='word_1_269' title='bbox 1625 829 1774 856; x_wconf 78' lang='lat' dir='ltr'><strong>ellicaciaui</strong></span> 
     </span>
    </p>
   </div>
   <div class='ocr_carea' id='block_1_21' title="bbox 159 862 1774 898">
    <p class='ocr_par' dir='ltr' id='par_1_21' title="bbox 159 862 1774 898">
     <span class='ocr_line' id='line_1_21' title="bbox 159 862 1774 898; baseline 0.002 -9"><span class='ocrx_word' id='word_1_270' title='bbox 159 871 332 896; x_wconf 85' lang='lat' dir='ltr'><strong>summopere</strong></span> <span class='ocrx_word' id='word_1_271' title='bbox 348 863 512 890; x_wconf 73' lang='lat' dir='ltr'><strong>necessaria.</strong></span> <span class='ocrx_word' id='word_1_272' title='bbox 527 863 646 889; x_wconf 87' lang='lat' dir='ltr'><strong>Primum</strong></span> <span class='ocrx_word' id='word_1_273' title='bbox 659 863 780 894; x_wconf 79' lang='lat' dir='ltr'><strong>quidem,</strong></span> <span class='ocrx_word' id='word_1_274' title='bbox 796 862 1014 896; x_wconf 86' lang='lat' dir='ltr'><strong>perturbationes</strong></span> <span class='ocrx_word' id='word_1_275' title='bbox 1027 868 1156 898; x_wconf 76' lang='lat' dir='ltr'><strong>sensuum</strong></span> <span class='ocrx_word' id='word_1_276' title='bbox 1170 862 1312 898; x_wconf 82' lang='lat' dir='ltr'><strong>cohibere,</strong></span> <span class='ocrx_word' id='word_1_277' title='bbox 1328 869 1388 895; x_wconf 66' lang='lat' dir='ltr'><strong>qua;</strong></span> <span class='ocrx_word' id='word_1_278' title='bbox 1400 863 1432 888; x_wconf 89' lang='lat' dir='ltr'><strong>ad</strong></span> <span class='ocrx_word' id='word_1_279' title='bbox 1444 870 1575 898; x_wconf 85' lang='lat' dir='ltr'><strong>corporea</strong></span> <span class='ocrx_word' id='word_1_280' title='bbox 1590 862 1746 898; x_wconf 79' lang='lat' dir='ltr'><strong>longissime</strong></span> <span class='ocrx_word' id='word_1_281' title='bbox 1759 872 1774 892; x_wconf 89' lang='lat' dir='ltr'><strong>a</strong></span> 
     </span>
    </p>
   </div>
   <div class='ocr_carea' id='block_1_22' title="bbox 158 896 1776 931">
    <p class='ocr_par' dir='ltr' id='par_1_22' title="bbox 158 896 1776 931">
     <span class='ocr_line' id='line_1_22' title="bbox 158 896 1776 931; baseline 0.001 -7"><span class='ocrx_word' id='word_1_282' title='bbox 158 899 301 926; x_wconf 87' lang='lat' dir='ltr'><strong>divinitate</strong></span> <span class='ocrx_word' id='word_1_283' title='bbox 314 898 452 929; x_wconf 85' lang='lat' dir='ltr'><strong>distantia,</strong></span> <span class='ocrx_word' id='word_1_284' title='bbox 469 905 518 924; x_wconf 82' lang='lat' dir='ltr'><strong>nos</strong></span> <span class='ocrx_word' id='word_1_285' title='bbox 533 897 706 931; x_wconf 75' lang='lat' dir='ltr'><strong>detorquent.</strong></span> <span class='ocrx_word' id='word_1_286' title='bbox 722 897 887 929; x_wconf 81' lang='lat' dir='ltr'><strong>Secundum,</strong></span> <span class='ocrx_word' id='word_1_287' title='bbox 903 901 1032 930; x_wconf 83' lang='lat' dir='ltr'><strong>tanquam</strong></span> <span class='ocrx_word' id='word_1_288' title='bbox 1049 896 1161 923; x_wconf 84' lang='lat' dir='ltr'><strong>nebulas</strong></span> <span class='ocrx_word' id='word_1_289' title='bbox 1176 897 1210 923; x_wconf 90' lang='lat' dir='ltr'><strong>ab</strong></span> <span class='ocrx_word' id='word_1_290' title='bbox 1225 897 1364 924; x_wconf 88' lang='lat' dir='ltr'><strong>intellectu</strong></span> <span class='ocrx_word' id='word_1_291' title='bbox 1381 897 1516 930; x_wconf 75' lang='lat' dir='ltr'><strong>expellere</strong></span> <span class='ocrx_word' id='word_1_292' title='bbox 1533 896 1655 925; x_wconf 67' lang='lat' dir='ltr'><strong>fallacias</strong></span> <span class='ocrx_word' id='word_1_293' title='bbox 1672 904 1699 926; x_wconf 87' lang='lat' dir='ltr'><strong>et</strong></span> <span class='ocrx_word' id='word_1_294' title='bbox 1717 908 1776 926; x_wconf 83' lang='lat' dir='ltr'><strong>nta-</strong></span> 
     </span>
    </p>
   </div>
   <div class='ocr_carea' id='block_1_23' title="bbox 159 931 1773 966">
    <p class='ocr_par' dir='ltr' id='par_1_23' title="bbox 159 931 1773 966">
     <span class='ocr_line' id='line_1_23' title="bbox 159 931 1773 966; baseline 0.002 -7"><span class='ocrx_word' id='word_1_295' title='bbox 159 934 333 961; x_wconf 83' lang='lat' dir='ltr'><strong>t-hinamcnta</strong></span> <span class='ocrx_word' id='word_1_296' title='bbox 355 933 566 966; x_wconf 81' lang='lat' dir='ltr'><strong>imaginationis.</strong></span> <span class='ocrx_word' id='word_1_297' title='bbox 580 932 715 963; x_wconf 88' lang='lat' dir='ltr'><strong>Tertium,</strong></span> <span class='ocrx_word' id='word_1_298' title='bbox 731 932 886 959; x_wconf 83' lang='lat' dir='ltr'><strong>universum</strong></span> <span class='ocrx_word' id='word_1_299' title='bbox 902 931 1050 958; x_wconf 82' lang='lat' dir='ltr'><strong>voluntatis</strong></span> <span class='ocrx_word' id='word_1_300' title='bbox 1066 931 1205 963; x_wconf 77' lang='lat' dir='ltr'><strong>alfectum,</strong></span> <span class='ocrx_word' id='word_1_301' title='bbox 1221 932 1247 958; x_wconf 93' lang='lat' dir='ltr'><strong>in</strong></span> <span class='ocrx_word' id='word_1_302' title='bbox 1264 933 1370 960; x_wconf 80' lang='lat' dir='ltr'><strong>diversa</strong></span> <span class='ocrx_word' id='word_1_303' title='bbox 1387 940 1459 959; x_wconf 90' lang='lat' dir='ltr'><strong>nunc</strong></span> <span class='ocrx_word' id='word_1_304' title='bbox 1473 932 1541 960; x_wconf 84' lang='lat' dir='ltr'><strong>bona</strong></span> <span class='ocrx_word' id='word_1_305' title='bbox 1556 934 1730 965; x_wconf 83' lang='lat' dir='ltr'><strong>distractum,</strong></span> <span class='ocrx_word' id='word_1_306' title='bbox 1749 937 1773 962; x_wconf 85' lang='lat' dir='ltr'><strong>in</strong></span> 
     </span>
    </p>
   </div>
   <div class='ocr_carea' id='block_1_24' title="bbox 158 966 1776 1003">
    <p class='ocr_par' dir='ltr' id='par_1_24' title="bbox 158 966 1776 1003">
     <span class='ocr_line' id='line_1_24' title="bbox 158 966 1776 1003; baseline 0.001 -8"><span class='ocrx_word' id='word_1_307' title='bbox 158 969 275 1003; x_wconf 89' lang='lat' dir='ltr'><strong>primum</strong></span> <span class='ocrx_word' id='word_1_308' title='bbox 293 969 391 995; x_wconf 89' lang='lat' dir='ltr'><strong>bonum</strong></span> <span class='ocrx_word' id='word_1_309' title='bbox 404 972 461 1003; x_wconf 79' lang='lat' dir='ltr'><strong>tota</strong></span> <span class='ocrx_word' id='word_1_310' title='bbox 479 975 590 1001; x_wconf 87' lang='lat' dir='ltr'><strong>prorsus</strong></span> <span class='ocrx_word' id='word_1_311' title='bbox 603 969 705 995; x_wconf 85' lang='lat' dir='ltr'><strong>amoris</strong></span> <span class='ocrx_word' id='word_1_312' title='bbox 722 967 873 1003; x_wconf 74' lang='lat' dir='ltr'><strong>intentione</strong></span> <span class='ocrx_word' id='word_1_313' title='bbox 888 971 1049 1003; x_wconf 71' lang='lat' dir='ltr'><strong>convertere</strong></span> <span class='ocrx_word' id='word_1_314' title='bbox 1065 975 1071 992; x_wconf 92' lang='lat'><strong>:</strong></span> <span class='ocrx_word' id='word_1_315' title='bbox 1091 966 1131 1003; x_wconf 18' lang='lat' dir='ltr'><strong>ita,</strong></span> <span class='ocrx_word' id='word_1_316' title='bbox 1144 967 1214 1003; x_wconf 57' lang='lat' dir='ltr'><strong>enim</strong></span> <span class='ocrx_word' id='word_1_317' title='bbox 1231 966 1322 994; x_wconf 80' lang='lat' dir='ltr'><strong>fervor</strong></span> <span class='ocrx_word' id='word_1_318' title='bbox 1332 968 1504 994; x_wconf 86' lang='lat' dir='ltr'><strong>obsecrantis</strong></span> <span class='ocrx_word' id='word_1_319' title='bbox 1522 968 1641 994; x_wconf 85' lang='lat' dir='ltr'><strong>animum</strong></span> <span class='ocrx_word' id='word_1_320' title='bbox 1662 969 1776 1002; x_wconf 85' lang='lat' dir='ltr'><strong>conjun-</strong></span> 
     </span>
    </p>
   </div>
   <div class='ocr_carea' id='block_1_25' title="bbox 159 1001 1774 1039">
    <p class='ocr_par' dir='ltr' id='par_1_25' title="bbox 159 1001 1774 1039">
     <span class='ocr_line' id='line_1_25' title="bbox 159 1001 1774 1039; baseline 0.001 -9"><span class='ocrx_word' id='word_1_321' title='bbox 159 1001 198 1037; x_wconf 50' lang='grc' dir='ltr'>ιλιι</span> <span class='ocrx_word' id='word_1_322' title='bbox 211 1003 274 1037; x_wconf 86' lang='lat' dir='ltr'><strong>Deo,</strong></span> <span class='ocrx_word' id='word_1_323' title='bbox 288 1004 358 1030; x_wconf 87' lang='lat' dir='ltr'><strong>sicut</strong></span> <span class='ocrx_word' id='word_1_324' title='bbox 369 1002 617 1039; x_wconf 69' lang='lat' dir='ltr'><strong>sulphureascalor</strong></span> <span class='ocrx_word' id='word_1_325' title='bbox 627 1003 737 1039; x_wconf 86' lang='lat' dir='ltr'><strong>copulat</strong></span> <span class='ocrx_word' id='word_1_326' title='bbox 750 1002 850 1037; x_wconf 84' lang='lat' dir='ltr'><strong>lignum</strong></span> <span class='ocrx_word' id='word_1_327' title='bbox 863 1001 986 1039; x_wconf 62' lang='lat' dir='ltr'><strong>ﬂammat.</strong></span> <span class='ocrx_word' id='word_1_328' title='bbox 1002 1001 1059 1028; x_wconf 88' lang='lat' dir='ltr'><strong>lluc</strong></span> <span class='ocrx_word' id='word_1_329' title='bbox 1070 1002 1157 1039; x_wconf 83' lang='lat' dir='ltr'><strong>tendit</strong></span> <span class='ocrx_word' id='word_1_330' title='bbox 1167 1002 1354 1030; x_wconf 87' lang='lat' dir='ltr'><strong>Zoroasticum</strong></span> <span class='ocrx_word' id='word_1_331' title='bbox 1368 1003 1432 1030; x_wconf 91' lang='lat' dir='ltr'><strong>illud</strong></span> <span class='ocrx_word' id='word_1_332' title='bbox 1446 1011 1453 1028; x_wconf 89' lang='lat'><strong>:</strong></span> <span class='ocrx_word' id='word_1_333' title='bbox 1471 1011 1480 1027; x_wconf 86' lang='lat' dir='ltr'><strong>t</strong></span> <span class='ocrx_word' id='word_1_334' title='bbox 1493 1003 1522 1029; x_wconf 86' lang='lat' dir='ltr'><strong>Si</strong></span> <span class='ocrx_word' id='word_1_335' title='bbox 1538 1008 1655 1030; x_wconf 90' lang='lat' dir='ltr'><strong>mentem</strong></span> <span class='ocrx_word' id='word_1_336' title='bbox 1668 1001 1774 1039; x_wconf 78' lang='lat' dir='ltr'><strong>igneam</strong></span> 
     </span>
    </p>
   </div>
   <div class='ocr_carea' id='block_1_26' title="bbox 158 1037 1200 1072">
    <p class='ocr_par' dir='ltr' id='par_1_26' title="bbox 158 1037 1200 1072">
     <span class='ocr_line' id='line_1_26' title="bbox 158 1037 1200 1072; baseline -0.003 -7"><span class='ocrx_word' id='word_1_337' title='bbox 158 1039 193 1065; x_wconf 86' lang='lat' dir='ltr'><strong>ad</strong></span> <span class='ocrx_word' id='word_1_338' title='bbox 207 1046 273 1072; x_wconf 89' lang='lat' dir='ltr'><strong>opus</strong></span> <span class='ocrx_word' id='word_1_339' title='bbox 287 1039 394 1072; x_wconf 85' lang='lat' dir='ltr'><strong>pietatis</strong></span> <span class='ocrx_word' id='word_1_340' title='bbox 409 1038 569 1070; x_wconf 86' lang='lat' dir='ltr'><strong>intenderis,</strong></span> <span class='ocrx_word' id='word_1_341' title='bbox 586 1038 715 1065; x_wconf 87' lang='lat' dir='ltr'><strong>caducum</strong></span> <span class='ocrx_word' id='word_1_342' title='bbox 729 1044 837 1072; x_wconf 84' lang='lat' dir='ltr'><strong>quoque</strong></span> <span class='ocrx_word' id='word_1_343' title='bbox 851 1044 950 1071; x_wconf 89' lang='lat' dir='ltr'><strong>corpus</strong></span> <span class='ocrx_word' id='word_1_344' title='bbox 965 1037 1026 1063; x_wconf 80' lang='lat' dir='ltr'><strong>inde</strong></span> <span class='ocrx_word' id='word_1_345' title='bbox 1041 1037 1172 1064; x_wconf 74' lang='lat' dir='ltr'><strong>servabis.</strong></span> <span class='ocrx_word' id='word_1_346' title='bbox 1191 1047 1200 1062; x_wconf 74' lang='grc' dir='ltr'><strong>ι</strong></span> 
     </span>
    </p>
   </div>
   <div class='ocr_carea' id='block_1_27' title="bbox 196 1072 1773 1108">
    <p class='ocr_par' dir='ltr' id='par_1_27' title="bbox 196 1072 1773 1108">
     <span class='ocr_line' id='line_1_27' title="bbox 196 1072 1773 1108; baseline 0.001 -8"><span class='ocrx_word' id='word_1_347' title='bbox 196 1073 262 1100; x_wconf 81' lang='lat' dir='ltr'><strong>Nola</strong></span> <span class='ocrx_word' id='word_1_348' title='bbox 279 1074 409 1103; x_wconf 84' lang='lat' dir='ltr'><strong>secundo,</strong></span> <span class='ocrx_word' id='word_1_349' title='bbox 425 1073 495 1107; x_wconf 90' lang='lat' dir='ltr'><strong>quod</strong></span> <span class='ocrx_word' id='word_1_350' title='bbox 517 1073 587 1100; x_wconf 69' lang='lat' dir='ltr'><strong>Deus</strong></span> <span class='ocrx_word' id='word_1_351' title='bbox 597 1074 702 1108; x_wconf 79' lang='lat' dir='ltr'><strong>quidem</strong></span> <span class='ocrx_word' id='word_1_352' title='bbox 718 1080 833 1108; x_wconf 64' lang='lat' dir='ltr'><strong>praesens</strong></span> <span class='ocrx_word' id='word_1_353' title='bbox 851 1073 924 1099; x_wconf 72' lang='lat' dir='ltr'><strong>adest</strong></span> <span class='ocrx_word' id='word_1_354' title='bbox 943 1072 1075 1102; x_wconf 80' lang='lat' dir='ltr'><strong>omnibus,</strong></span> <span class='ocrx_word' id='word_1_355' title='bbox 1096 1081 1146 1098; x_wconf 88' lang='lat' dir='ltr'><strong>non</strong></span> <span class='ocrx_word' id='word_1_356' title='bbox 1168 1077 1254 1108; x_wconf 69' lang='lat' dir='ltr'><strong>autem</strong></span> <span class='ocrx_word' id='word_1_357' title='bbox 1274 1072 1313 1099; x_wconf 82' lang='lat' dir='ltr'><strong>illi</strong></span> <span class='ocrx_word' id='word_1_358' title='bbox 1332 1072 1427 1100; x_wconf 76' lang='lat' dir='ltr'><strong>adsunt</strong></span> <span class='ocrx_word' id='word_1_359' title='bbox 1450 1074 1550 1100; x_wconf 81' lang='lat' dir='ltr'><strong>omnia.</strong></span> <span class='ocrx_word' id='word_1_360' title='bbox 1569 1073 1683 1101; x_wconf 84' lang='lat' dir='ltr'><strong>Etiamsi</strong></span> <span class='ocrx_word' id='word_1_361' title='bbox 1702 1076 1773 1102; x_wconf 83' lang='lat' dir='ltr'><strong>enim</strong></span> 
     </span>
    </p>
   </div>
   <div class='ocr_carea' id='block_1_28' title="bbox 159 1107 1772 1142">
    <p class='ocr_par' dir='ltr' id='par_1_28' title="bbox 159 1107 1772 1142">
     <span class='ocr_line' id='line_1_28' title="bbox 159 1107 1772 1142; baseline 0.001 -6"><span class='ocrx_word' id='word_1_362' title='bbox 159 1109 231 1136; x_wconf 88' lang='lat' dir='ltr'><strong>Deus</strong></span> <span class='ocrx_word' id='word_1_363' title='bbox 245 1109 371 1136; x_wconf 90' lang='lat' dir='ltr'><strong>omnibus</strong></span> <span class='ocrx_word' id='word_1_364' title='bbox 386 1109 468 1135; x_wconf 81' lang='lat' dir='ltr'><strong>rebus</strong></span> <span class='ocrx_word' id='word_1_365' title='bbox 483 1108 517 1134; x_wconf 93' lang='lat' dir='ltr'><strong>sit</strong></span> <span class='ocrx_word' id='word_1_366' title='bbox 532 1107 626 1135; x_wconf 84' lang='lat' dir='ltr'><strong>intime</strong></span> <span class='ocrx_word' id='word_1_367' title='bbox 641 1115 770 1142; x_wconf 64' lang='lat' dir='ltr'><strong>praesens,</strong></span> <span class='ocrx_word' id='word_1_368' title='bbox 785 1114 885 1142; x_wconf 82' lang='lat' dir='ltr'><strong>easque</strong></span> <span class='ocrx_word' id='word_1_369' title='bbox 899 1114 948 1142; x_wconf 83' lang='lat' dir='ltr'><strong>suo</strong></span> <span class='ocrx_word' id='word_1_370' title='bbox 966 1108 1155 1142; x_wconf 84' lang='lat' dir='ltr'><strong>stibstantilico</strong></span> <span class='ocrx_word' id='word_1_371' title='bbox 1171 1107 1273 1134; x_wconf 87' lang='lat' dir='ltr'><strong>inlluxu</strong></span> <span class='ocrx_word' id='word_1_372' title='bbox 1291 1113 1387 1140; x_wconf 63' lang='lat' dir='ltr'><strong>tangat</strong></span> <span class='ocrx_word' id='word_1_373' title='bbox 1402 1113 1429 1134; x_wconf 89' lang='lat' dir='ltr'><strong>et</strong></span> <span class='ocrx_word' id='word_1_374' title='bbox 1445 1112 1598 1139; x_wconf 80' lang='lat' dir='ltr'><strong>conservet,</strong></span> <span class='ocrx_word' id='word_1_375' title='bbox 1616 1109 1650 1134; x_wconf 81' lang='lat' dir='ltr'><strong>ab</strong></span> <span class='ocrx_word' id='word_1_376' title='bbox 1664 1109 1717 1136; x_wconf 89' lang='lat' dir='ltr'><strong>illis</strong></span> <span class='ocrx_word' id='word_1_377' title='bbox 1735 1117 1772 1137; x_wconf 88' lang='lat' dir='ltr'><strong>Ia-</strong></span> 
     </span>
    </p>
   </div>
   <div class='ocr_carea' id='block_1_29' title="bbox 160 1141 1775 1178">
    <p class='ocr_par' dir='ltr' id='par_1_29' title="bbox 160 1141 1775 1178">
     <span class='ocr_line' id='line_1_29' title="bbox 160 1141 1775 1178; baseline 0.001 -8"><span class='ocrx_word' id='word_1_378' title='bbox 160 1152 222 1170; x_wconf 89' lang='lat' dir='ltr'><strong>men</strong></span> <span class='ocrx_word' id='word_1_379' title='bbox 239 1152 291 1171; x_wconf 94' lang='lat' dir='ltr'><strong>non</strong></span> <span class='ocrx_word' id='word_1_380' title='bbox 307 1144 458 1178; x_wconf 71' lang='lat' dir='ltr'><strong>attingitur.</strong></span> <span class='ocrx_word' id='word_1_381' title='bbox 479 1142 545 1170; x_wconf 85' lang='lat' dir='ltr'><strong>Nam</strong></span> <span class='ocrx_word' id='word_1_382' title='bbox 559 1145 599 1176; x_wconf 87' lang='lat' dir='ltr'><strong>(ut</strong></span> <span class='ocrx_word' id='word_1_383' title='bbox 615 1141 682 1170; x_wconf 78' lang='lat' dir='ltr'><strong>bene</strong></span> <span class='ocrx_word' id='word_1_384' title='bbox 700 1147 775 1169; x_wconf 90' lang='lat' dir='ltr'><strong>notat</strong></span> <span class='ocrx_word' id='word_1_385' title='bbox 793 1141 901 1169; x_wconf 80' lang='lat' dir='ltr'><strong>Lessius</strong></span> <span class='ocrx_word' id='word_1_386' title='bbox 914 1141 1035 1178; x_wconf 72' lang='lat' dir='ltr'><strong>[35])ita</strong></span> <span class='ocrx_word' id='word_1_387' title='bbox 1052 1149 1171 1176; x_wconf 72' lang='lat' dir='ltr'><strong>prazsens</strong></span> <span class='ocrx_word' id='word_1_388' title='bbox 1185 1146 1226 1169; x_wconf 82' lang='lat' dir='ltr'><strong>est</strong></span> <span class='ocrx_word' id='word_1_389' title='bbox 1245 1143 1315 1174; x_wconf 82' lang='lat' dir='ltr'><strong>loco,</strong></span> <span class='ocrx_word' id='word_1_390' title='bbox 1336 1151 1382 1169; x_wconf 87' lang='lat' dir='ltr'><strong>seu</strong></span> <span class='ocrx_word' id='word_1_391' title='bbox 1402 1143 1481 1170; x_wconf 86' lang='lat' dir='ltr'><strong>locali</strong></span> <span class='ocrx_word' id='word_1_392' title='bbox 1502 1144 1645 1176; x_wconf 76' lang='lat' dir='ltr'><strong>prtesentia</strong></span> <span class='ocrx_word' id='word_1_393' title='bbox 1662 1150 1689 1171; x_wconf 88' lang='lat' dir='ltr'><strong>et</strong></span> <span class='ocrx_word' id='word_1_394' title='bbox 1705 1145 1775 1171; x_wconf 89' lang='lat' dir='ltr'><strong>iudi-</strong></span> 
     </span>
    </p>
   </div>
   <div class='ocr_carea' id='block_1_30' title="bbox 159 1178 1775 1212">
    <p class='ocr_par' dir='ltr' id='par_1_30' title="bbox 159 1178 1775 1212">
     <span class='ocr_line' id='line_1_30' title="bbox 159 1178 1775 1212; baseline 0 -6"><span class='ocrx_word' id='word_1_395' title='bbox 159 1179 261 1206; x_wconf 85' lang='lat' dir='ltr'><strong>stantia</strong></span> <span class='ocrx_word' id='word_1_396' title='bbox 278 1179 389 1206; x_wconf 80' lang='lat' dir='ltr'><strong>cuilibet</strong></span> <span class='ocrx_word' id='word_1_397' title='bbox 410 1179 459 1209; x_wconf 87' lang='lat' dir='ltr'><strong>rei,</strong></span> <span class='ocrx_word' id='word_1_398' title='bbox 474 1183 503 1204; x_wconf 91' lang='lat' dir='ltr'><strong>ut</strong></span> <span class='ocrx_word' id='word_1_399' title='bbox 519 1184 608 1206; x_wconf 86' lang='lat' dir='ltr'><strong>tamen</strong></span> <span class='ocrx_word' id='word_1_400' title='bbox 625 1183 729 1205; x_wconf 66' lang='lat' dir='ltr'><strong>natura:</strong></span> <span class='ocrx_word' id='word_1_401' title='bbox 746 1178 830 1212; x_wconf 80' lang='lat' dir='ltr'><strong>gradu</strong></span> <span class='ocrx_word' id='word_1_402' title='bbox 847 1182 875 1204; x_wconf 89' lang='lat' dir='ltr'><strong>et</strong></span> <span class='ocrx_word' id='word_1_403' title='bbox 890 1178 1057 1212; x_wconf 66' lang='lat' dir='ltr'><strong>celsitudine</strong></span> <span class='ocrx_word' id='word_1_404' title='bbox 1069 1178 1173 1203; x_wconf 86' lang='lat' dir='ltr'><strong>iniinite</strong></span> <span class='ocrx_word' id='word_1_405' title='bbox 1187 1178 1278 1209; x_wconf 80' lang='lat' dir='ltr'><strong>distet,</strong></span> <span class='ocrx_word' id='word_1_406' title='bbox 1298 1178 1325 1204; x_wconf 92' lang='lat' dir='ltr'><strong>in</strong></span> <span class='ocrx_word' id='word_1_407' title='bbox 1344 1178 1464 1212; x_wconf 83' lang='lat' dir='ltr'><strong>seipsum</strong></span> <span class='ocrx_word' id='word_1_408' title='bbox 1482 1178 1622 1209; x_wconf 76' lang='lat' dir='ltr'><strong>collectus,</strong></span> <span class='ocrx_word' id='word_1_409' title='bbox 1636 1184 1663 1206; x_wconf 87' lang='lat' dir='ltr'><strong>et</strong></span> <span class='ocrx_word' id='word_1_410' title='bbox 1677 1180 1775 1206; x_wconf 72' lang='lat' dir='ltr'><strong>ﬁrmis-</strong></span> 
     </span>
    </p>
   </div>
   <div class='ocr_carea' id='block_1_31' title="bbox 158 1211 1774 1248">
    <p class='ocr_par' dir='ltr' id='par_1_31' title="bbox 158 1211 1774 1248">
     <span class='ocr_line' id='line_1_31' title="bbox 158 1211 1774 1248; baseline 0.001 -8"><span class='ocrx_word' id='word_1_411' title='bbox 158 1215 228 1241; x_wconf 85' lang='lat' dir='ltr'><strong>sime</strong></span> <span class='ocrx_word' id='word_1_412' title='bbox 240 1214 266 1241; x_wconf 94' lang='lat' dir='ltr'><strong>in</strong></span> <span class='ocrx_word' id='word_1_413' title='bbox 280 1221 328 1241; x_wconf 90' lang='lat' dir='ltr'><strong>sua</strong></span> <span class='ocrx_word' id='word_1_414' title='bbox 345 1214 463 1248; x_wconf 84' lang='lat' dir='ltr'><strong>puritate</strong></span> <span class='ocrx_word' id='word_1_415' title='bbox 480 1214 647 1244; x_wconf 81' lang='lat' dir='ltr'><strong>subsistens.</strong></span> <span class='ocrx_word' id='word_1_416' title='bbox 662 1213 697 1239; x_wconf 87' lang='lat' dir='ltr'><strong>ab</strong></span> <span class='ocrx_word' id='word_1_417' title='bbox 714 1211 840 1248; x_wconf 77' lang='lat' dir='ltr'><strong>omnibus</strong></span> <span class='ocrx_word' id='word_1_418' title='bbox 856 1218 1022 1247; x_wconf 75' lang='lat' dir='ltr'><strong>segregatus.</strong></span> <span class='ocrx_word' id='word_1_419' title='bbox 1039 1211 1114 1248; x_wconf 82' lang='lat' dir='ltr'><strong>Unde</strong></span> <span class='ocrx_word' id='word_1_420' title='bbox 1130 1212 1210 1248; x_wconf 75' lang='lat' dir='ltr'><strong>simul</strong></span> <span class='ocrx_word' id='word_1_421' title='bbox 1225 1217 1253 1240; x_wconf 86' lang='lat' dir='ltr'><strong>et</strong></span> <span class='ocrx_word' id='word_1_422' title='bbox 1268 1211 1510 1248; x_wconf 67' lang='lat' dir='ltr'><strong>coniunctissimus</strong></span> <span class='ocrx_word' id='word_1_423' title='bbox 1527 1217 1568 1239; x_wconf 88' lang='lat' dir='ltr'><strong>est</strong></span> <span class='ocrx_word' id='word_1_424' title='bbox 1582 1220 1609 1240; x_wconf 76' lang='lat' dir='ltr'><strong>et</strong></span> <span class='ocrx_word' id='word_1_425' title='bbox 1626 1216 1774 1242; x_wconf 81' lang='lat' dir='ltr'><strong>remotissi-</strong></span> 
     </span>
    </p>
   </div>
   <div class='ocr_carea' id='block_1_32' title="bbox 161 1247 1775 1282">
    <p class='ocr_par' dir='ltr' id='par_1_32' title="bbox 161 1247 1775 1282">
     <span class='ocr_line' id='line_1_32' title="bbox 161 1247 1775 1282; baseline 0.001 -7"><span class='ocrx_word' id='word_1_426' title='bbox 161 1257 232 1279; x_wconf 86' lang='lat' dir='ltr'><strong>mus,</strong></span> <span class='ocrx_word' id='word_1_427' title='bbox 247 1247 477 1282; x_wconf 63' lang='lat' dir='ltr'><strong>praiseutissitnus</strong></span> <span class='ocrx_word' id='word_1_428' title='bbox 490 1253 518 1276; x_wconf 88' lang='lat' dir='ltr'><strong>et</strong></span> <span class='ocrx_word' id='word_1_429' title='bbox 532 1248 744 1279; x_wconf 79' lang='lat' dir='ltr'><strong>secretissimus,</strong></span> <span class='ocrx_word' id='word_1_430' title='bbox 757 1247 927 1275; x_wconf 89' lang='lat' dir='ltr'><strong>unilissimus</strong></span> <span class='ocrx_word' id='word_1_431' title='bbox 939 1255 986 1274; x_wconf 87' lang='lat' dir='ltr'><strong>seu</strong></span> <span class='ocrx_word' id='word_1_432' title='bbox 999 1247 1218 1279; x_wconf 73' lang='lat' dir='ltr'><strong>collectiSsimus,</strong></span> <span class='ocrx_word' id='word_1_433' title='bbox 1231 1253 1257 1274; x_wconf 92' lang='lat' dir='ltr'><strong>et</strong></span> <span class='ocrx_word' id='word_1_434' title='bbox 1272 1247 1471 1275; x_wconf 65' lang='lat' dir='ltr'><strong>diiiusissimus.</strong></span> <span class='ocrx_word' id='word_1_435' title='bbox 1481 1248 1513 1274; x_wconf 85' lang='lat' dir='ltr'><strong>Et</strong></span> <span class='ocrx_word' id='word_1_436' title='bbox 1526 1250 1648 1282; x_wconf 84' lang='lat' dir='ltr'><strong>quamvis</strong></span> <span class='ocrx_word' id='word_1_437' title='bbox 1662 1249 1775 1276; x_wconf 87' lang='lat' dir='ltr'><strong>inlinitis</strong></span> 
     </span>
    </p>
   </div>
   <div class='ocr_carea' id='block_1_33' title="bbox 161 1282 1775 1319">
    <p class='ocr_par' dir='ltr' id='par_1_33' title="bbox 161 1282 1775 1319">
     <span class='ocr_line' id='line_1_33' title="bbox 161 1282 1775 1319; baseline 0.001 -9"><span class='ocrx_word' id='word_1_438' title='bbox 161 1284 249 1311; x_wconf 86' lang='lat' dir='ltr'><strong>modis</strong></span> <span class='ocrx_word' id='word_1_439' title='bbox 263 1292 309 1319; x_wconf 90' lang='lat' dir='ltr'><strong>per</strong></span> <span class='ocrx_word' id='word_1_440' title='bbox 325 1292 390 1311; x_wconf 87' lang='lat' dir='ltr'><strong>suos</strong></span> <span class='ocrx_word' id='word_1_441' title='bbox 410 1283 529 1310; x_wconf 84' lang='lat' dir='ltr'><strong>iniluxus</strong></span> <span class='ocrx_word' id='word_1_442' title='bbox 544 1283 577 1310; x_wconf 89' lang='lat' dir='ltr'><strong>ad</strong></span> <span class='ocrx_word' id='word_1_443' title='bbox 594 1287 734 1311; x_wconf 83' lang='lat' dir='ltr'><strong>creaturas</strong></span> <span class='ocrx_word' id='word_1_444' title='bbox 749 1282 906 1319; x_wconf 83' lang='lat' dir='ltr'><strong>descendat,</strong></span> <span class='ocrx_word' id='word_1_445' title='bbox 925 1286 1017 1319; x_wconf 84' lang='lat' dir='ltr'><strong>manet</strong></span> <span class='ocrx_word' id='word_1_446' title='bbox 1032 1287 1122 1309; x_wconf 87' lang='lat' dir='ltr'><strong>tamen</strong></span> <span class='ocrx_word' id='word_1_447' title='bbox 1146 1284 1171 1319; x_wconf 84' lang='lat' dir='ltr'><strong>in</strong></span> <span class='ocrx_word' id='word_1_448' title='bbox 1193 1291 1240 1309; x_wconf 88' lang='lat' dir='ltr'><strong>sua</strong></span> <span class='ocrx_word' id='word_1_449' title='bbox 1255 1283 1417 1319; x_wconf 83' lang='lat' dir='ltr'><strong>celsitudine</strong></span> <span class='ocrx_word' id='word_1_450' title='bbox 1431 1288 1458 1310; x_wconf 86' lang='lat' dir='ltr'><strong>et</strong></span> <span class='ocrx_word' id='word_1_451' title='bbox 1479 1283 1611 1310; x_wconf 88' lang='lat' dir='ltr'><strong>immobili</strong></span> <span class='ocrx_word' id='word_1_452' title='bbox 1633 1285 1775 1312; x_wconf 82' lang='lat' dir='ltr'><strong>identitate</strong></span> 
     </span>
    </p>
   </div>
   <div class='ocr_carea' id='block_1_34' title="bbox 161 1317 1773 1354">
    <p class='ocr_par' dir='ltr' id='par_1_34' title="bbox 161 1317 1773 1354">
     <span class='ocr_line' id='line_1_34' title="bbox 161 1317 1773 1354; baseline 0.001 -8"><span class='ocrx_word' id='word_1_453' title='bbox 161 1317 296 1346; x_wconf 76' lang='lat' dir='ltr'><strong>stabiliter</strong></span> <span class='ocrx_word' id='word_1_454' title='bbox 308 1319 387 1347; x_wconf 78' lang='lat' dir='ltr'><strong>littus.</strong></span> <span class='ocrx_word' id='word_1_455' title='bbox 401 1319 438 1345; x_wconf 94' lang='lat' dir='ltr'><strong>llli</strong></span> <span class='ocrx_word' id='word_1_456' title='bbox 454 1323 543 1345; x_wconf 87' lang='lat' dir='ltr'><strong>autem</strong></span> <span class='ocrx_word' id='word_1_457' title='bbox 557 1327 605 1354; x_wconf 89' lang='lat' dir='ltr'><strong>per</strong></span> <span class='ocrx_word' id='word_1_458' title='bbox 616 1319 768 1345; x_wconf 86' lang='lat' dir='ltr'><strong>orationem</strong></span> <span class='ocrx_word' id='word_1_459' title='bbox 785 1318 986 1352; x_wconf 82' lang='lat' dir='ltr'><strong>conjungimur,</strong></span> <span class='ocrx_word' id='word_1_460' title='bbox 1001 1317 1064 1344; x_wconf 88' lang='lat' dir='ltr'><strong>dum</strong></span> <span class='ocrx_word' id='word_1_461' title='bbox 1080 1325 1141 1344; x_wconf 87' lang='lat' dir='ltr'><strong>eum</strong></span> <span class='ocrx_word' id='word_1_462' title='bbox 1157 1318 1183 1344; x_wconf 90' lang='lat' dir='ltr'><strong>in</strong></span> <span class='ocrx_word' id='word_1_463' title='bbox 1200 1319 1281 1345; x_wconf 86' lang='lat' dir='ltr'><strong>rebus</strong></span> <span class='ocrx_word' id='word_1_464' title='bbox 1296 1318 1422 1346; x_wconf 85' lang='lat' dir='ltr'><strong>omnibus</strong></span> <span class='ocrx_word' id='word_1_465' title='bbox 1440 1323 1599 1352; x_wconf 74' lang='lat' dir='ltr'><strong>prazseutem</strong></span> <span class='ocrx_word' id='word_1_466' title='bbox 1616 1319 1773 1352; x_wconf 83' lang='lat' dir='ltr'><strong>adoramus,</strong></span> 
     </span>
    </p>
   </div>
   <div class='ocr_carea' id='block_1_35' title="bbox 161 1354 688 1388">
    <p class='ocr_par' dir='ltr' id='par_1_35' title="bbox 161 1354 688 1388">
     <span class='ocr_line' id='line_1_35' title="bbox 161 1354 688 1388; baseline -0.002 -7"><span class='ocrx_word' id='word_1_467' title='bbox 161 1359 189 1381; x_wconf 82' lang='lat' dir='ltr'><strong>et</strong></span> <span class='ocrx_word' id='word_1_468' title='bbox 206 1354 233 1381; x_wconf 92' lang='lat' dir='ltr'><strong>in</strong></span> <span class='ocrx_word' id='word_1_469' title='bbox 253 1355 308 1382; x_wconf 88' lang='lat' dir='ltr'><strong>Deo</strong></span> <span class='ocrx_word' id='word_1_470' title='bbox 320 1355 445 1381; x_wconf 86' lang='lat' dir='ltr'><strong>universa</strong></span> <span class='ocrx_word' id='word_1_471' title='bbox 461 1354 688 1388; x_wconf 70' lang='lat' dir='ltr'><strong>contemplemur.</strong></span> 
     </span>
    </p>
   </div>
   <div class='ocr_carea' id='block_1_36' title="bbox 195 1387 1774 1423">
    <p class='ocr_par' dir='ltr' id='par_1_36' title="bbox 195 1387 1774 1423">
     <span class='ocr_line' id='line_1_36' title="bbox 195 1387 1774 1423; baseline 0.001 -7"><span class='ocrx_word' id='word_1_472' title='bbox 195 1389 297 1423; x_wconf 74' lang='lat' dir='ltr'><strong>Qntcrit</strong></span> <span class='ocrx_word' id='word_1_473' title='bbox 310 1393 402 1416; x_wconf 89' lang='lat' dir='ltr'><strong>autem</strong></span> <span class='ocrx_word' id='word_1_474' title='bbox 417 1389 495 1416; x_wconf 86' lang='lat' dir='ltr'><strong>divus</strong></span> <span class='ocrx_word' id='word_1_475' title='bbox 512 1387 630 1416; x_wconf 82' lang='lat' dir='ltr'><strong>Thomas</strong></span> <span class='ocrx_word' id='word_1_476' title='bbox 646 1389 672 1415; x_wconf 92' lang='lat' dir='ltr'><strong>in</strong></span> <span class='ocrx_word' id='word_1_477' title='bbox 694 1388 784 1421; x_wconf 87' lang='lat' dir='ltr'><strong>primo</strong></span> <span class='ocrx_word' id='word_1_478' title='bbox 830 1387 1036 1419; x_wconf 81' lang='lat' dir='ltr'><strong>Sententiarum,</strong></span> <span class='ocrx_word' id='word_1_479' title='bbox 1048 1387 1168 1416; x_wconf 84' lang='lat' dir='ltr'><strong>distinct.</strong></span> <span class='ocrx_word' id='word_1_480' title='bbox 1182 1388 1228 1421; x_wconf 80' lang='lat'><strong>57,</strong></span> <span class='ocrx_word' id='word_1_481' title='bbox 1240 1396 1268 1422; x_wconf 90' lang='lat' dir='ltr'><strong>q.</strong></span> <span class='ocrx_word' id='word_1_482' title='bbox 1284 1388 1310 1417; x_wconf 78' lang='lat' dir='ltr'><strong>l.</strong></span> <span class='ocrx_word' id='word_1_483' title='bbox 1323 1389 1401 1417; x_wconf 89' lang='lat' dir='ltr'><strong>artic.</strong></span> <span class='ocrx_word' id='word_1_484' title='bbox 1417 1389 1445 1421; x_wconf 74' lang='lat'><strong>2,</strong></span> <span class='ocrx_word' id='word_1_485' title='bbox 1461 1388 1508 1415; x_wconf 89' lang='lat' dir='ltr'><strong>ubi</strong></span> <span class='ocrx_word' id='word_1_486' title='bbox 1528 1388 1598 1416; x_wconf 83' lang='lat' dir='ltr'><strong>hunc</strong></span> <span class='ocrx_word' id='word_1_487' title='bbox 1611 1389 1699 1417; x_wconf 89' lang='lat' dir='ltr'><strong>sancti</strong></span> <span class='ocrx_word' id='word_1_488' title='bbox 1714 1389 1774 1417; x_wconf 89' lang='lat' dir='ltr'><strong>Dio-</strong></span> 
     </span>
    </p>
   </div>
   <div class='ocr_carea' id='block_1_37' title="bbox 159 1423 1774 1460">
    <p class='ocr_par' dir='ltr' id='par_1_37' title="bbox 159 1423 1774 1460">
     <span class='ocr_line' id='line_1_37' title="bbox 159 1423 1774 1460; baseline 0.001 -9"><span class='ocrx_word' id='word_1_489' title='bbox 159 1426 230 1460; x_wconf 86' lang='lat' dir='ltr'><strong>nysii</strong></span> <span class='ocrx_word' id='word_1_490' title='bbox 245 1425 333 1460; x_wconf 83' lang='lat' dir='ltr'><strong>locum</strong></span> <span class='ocrx_word' id='word_1_491' title='bbox 350 1425 428 1455; x_wconf 86' lang='lat' dir='ltr'><strong>citat,</strong></span> <span class='ocrx_word' id='word_1_492' title='bbox 443 1429 533 1450; x_wconf 91' lang='lat' dir='ltr'><strong>utrum</strong></span> <span class='ocrx_word' id='word_1_493' title='bbox 550 1424 621 1451; x_wconf 88' lang='lat' dir='ltr'><strong>Deus</strong></span> <span class='ocrx_word' id='word_1_494' title='bbox 632 1424 668 1451; x_wconf 89' lang='lat' dir='ltr'><strong>sit</strong></span> <span class='ocrx_word' id='word_1_495' title='bbox 679 1424 705 1450; x_wconf 91' lang='lat' dir='ltr'><strong>in</strong></span> <span class='ocrx_word' id='word_1_496' title='bbox 719 1423 847 1460; x_wconf 80' lang='lat' dir='ltr'><strong>omnibus</strong></span> <span class='ocrx_word' id='word_1_497' title='bbox 860 1430 907 1460; x_wconf 77' lang='lat' dir='ltr'><strong>per</strong></span> <span class='ocrx_word' id='word_1_498' title='bbox 921 1427 1078 1460; x_wconf 71' lang='lat' dir='ltr'><strong>potentiam,</strong></span> <span class='ocrx_word' id='word_1_499' title='bbox 1095 1424 1264 1460; x_wconf 72' lang='lat' dir='ltr'><strong>prmsenliam</strong></span> <span class='ocrx_word' id='word_1_500' title='bbox 1279 1428 1305 1450; x_wconf 89' lang='lat' dir='ltr'><strong>et</strong></span> <span class='ocrx_word' id='word_1_501' title='bbox 1318 1424 1476 1460; x_wconf 78' lang='lat' dir='ltr'><strong>essentiam,</strong></span> <span class='ocrx_word' id='word_1_502' title='bbox 1492 1424 1518 1450; x_wconf 92' lang='lat' dir='ltr'><strong>in</strong></span> <span class='ocrx_word' id='word_1_503' title='bbox 1533 1426 1636 1452; x_wconf 84' lang='lat' dir='ltr'><strong>sanctis</strong></span> <span class='ocrx_word' id='word_1_504' title='bbox 1650 1432 1701 1458; x_wconf 86' lang='lat' dir='ltr'><strong>per</strong></span> <span class='ocrx_word' id='word_1_505' title='bbox 1712 1433 1774 1460; x_wconf 83' lang='lat' dir='ltr'><strong>gra-</strong></span> 
     </span>
    </p>
   </div>
   <div class='ocr_carea' id='block_1_38' title="bbox 160 1458 1774 1494">
    <p class='ocr_par' dir='ltr' id='par_1_38' title="bbox 160 1458 1774 1494">
     <span class='ocr_line' id='line_1_38' title="bbox 160 1458 1774 1494; baseline 0.001 -8"><span class='ocrx_word' id='word_1_506' title='bbox 160 1458 240 1491; x_wconf 80' lang='lat' dir='ltr'><strong>tiam,</strong></span> <span class='ocrx_word' id='word_1_507' title='bbox 266 1460 292 1486; x_wconf 94' lang='lat' dir='ltr'><strong>in</strong></span> <span class='ocrx_word' id='word_1_508' title='bbox 314 1459 423 1486; x_wconf 86' lang='lat' dir='ltr'><strong>Christo</strong></span> <span class='ocrx_word' id='word_1_509' title='bbox 436 1467 484 1493; x_wconf 87' lang='lat' dir='ltr'><strong>per</strong></span> <span class='ocrx_word' id='word_1_510' title='bbox 497 1466 566 1492; x_wconf 80' lang='lat' dir='ltr'><strong>esse;</strong></span> <span class='ocrx_word' id='word_1_511' title='bbox 580 1463 607 1486; x_wconf 89' lang='lat' dir='ltr'><strong>et</strong></span> <span class='ocrx_word' id='word_1_512' title='bbox 622 1459 768 1494; x_wconf 85' lang='lat' dir='ltr'><strong>respondet</strong></span> <span class='ocrx_word' id='word_1_513' title='bbox 786 1458 986 1485; x_wconf 84' lang='lat' dir='ltr'><strong>distinctionem</strong></span> <span class='ocrx_word' id='word_1_514' title='bbox 998 1459 1112 1486; x_wconf 90' lang='lat' dir='ltr'><strong>istorum</strong></span> <span class='ocrx_word' id='word_1_515' title='bbox 1129 1459 1270 1485; x_wconf 86' lang='lat' dir='ltr'><strong>modorum</strong></span> <span class='ocrx_word' id='word_1_516' title='bbox 1290 1460 1388 1492; x_wconf 86' lang='lat' dir='ltr'><strong>partim</strong></span> <span class='ocrx_word' id='word_1_517' title='bbox 1404 1459 1474 1486; x_wconf 93' lang='lat' dir='ltr'><strong>sumi</strong></span> <span class='ocrx_word' id='word_1_518' title='bbox 1489 1466 1521 1486; x_wconf 86' lang='lat' dir='ltr'><strong>ex</strong></span> <span class='ocrx_word' id='word_1_519' title='bbox 1537 1464 1615 1494; x_wconf 88' lang='lat' dir='ltr'><strong>parte</strong></span> <span class='ocrx_word' id='word_1_520' title='bbox 1629 1458 1774 1492; x_wconf 67' lang='lat' dir='ltr'><strong>creattirze,</strong></span> 
     </span>
    </p>
   </div>
   <div class='ocr_carea' id='block_1_39' title="bbox 158 1493 1774 1529">
    <p class='ocr_par' dir='ltr' id='par_1_39' title="bbox 158 1493 1774 1529">
     <span class='ocr_line' id='line_1_39' title="bbox 158 1493 1774 1529; baseline 0.001 -8"><span class='ocrx_word' id='word_1_521' title='bbox 158 1496 259 1529; x_wconf 86' lang='lat' dir='ltr'><strong>partim</strong></span> <span class='ocrx_word' id='word_1_522' title='bbox 273 1503 306 1522; x_wconf 87' lang='lat' dir='ltr'><strong>ex</strong></span> <span class='ocrx_word' id='word_1_523' title='bbox 323 1499 399 1528; x_wconf 88' lang='lat' dir='ltr'><strong>parte</strong></span> <span class='ocrx_word' id='word_1_524' title='bbox 415 1494 473 1521; x_wconf 88' lang='lat' dir='ltr'><strong>Dei.</strong></span> <span class='ocrx_word' id='word_1_525' title='bbox 493 1494 530 1520; x_wconf 82' lang='lat' dir='ltr'><strong>Ex</strong></span> <span class='ocrx_word' id='word_1_526' title='bbox 547 1500 625 1528; x_wconf 85' lang='lat' dir='ltr'><strong>parte</strong></span> <span class='ocrx_word' id='word_1_527' title='bbox 636 1500 778 1525; x_wconf 69' lang='lat' dir='ltr'><strong>creaturae,</strong></span> <span class='ocrx_word' id='word_1_528' title='bbox 792 1493 818 1519; x_wconf 87' lang='lat' dir='ltr'><strong>in</strong></span> <span class='ocrx_word' id='word_1_529' title='bbox 830 1498 962 1529; x_wconf 84' lang='lat' dir='ltr'><strong>quantum</strong></span> <span class='ocrx_word' id='word_1_530' title='bbox 977 1494 1084 1521; x_wconf 79' lang='lat' dir='ltr'><strong>diverso</strong></span> <span class='ocrx_word' id='word_1_531' title='bbox 1099 1494 1179 1520; x_wconf 87' lang='lat' dir='ltr'><strong>modo</strong></span> <span class='ocrx_word' id='word_1_532' title='bbox 1191 1495 1333 1529; x_wconf 77' lang='lat' dir='ltr'><strong>ordinatur</strong></span> <span class='ocrx_word' id='word_1_533' title='bbox 1351 1495 1376 1521; x_wconf 92' lang='lat' dir='ltr'><strong>in</strong></span> <span class='ocrx_word' id='word_1_534' title='bbox 1392 1495 1487 1525; x_wconf 91' lang='lat' dir='ltr'><strong>Deum,</strong></span> <span class='ocrx_word' id='word_1_535' title='bbox 1507 1500 1534 1521; x_wconf 89' lang='lat' dir='ltr'><strong>et</strong></span> <span class='ocrx_word' id='word_1_536' title='bbox 1550 1495 1724 1529; x_wconf 83' lang='lat' dir='ltr'><strong>conjungitur</strong></span> <span class='ocrx_word' id='word_1_537' title='bbox 1737 1497 1774 1527; x_wconf 87' lang='lat' dir='ltr'><strong>ei,</strong></span> 
     </span>
    </p>
   </div>
   <div class='ocr_carea' id='block_1_40' title="bbox 158 1528 1771 1561">
    <p class='ocr_par' dir='ltr' id='par_1_40' title="bbox 158 1528 1771 1561">
     <span class='ocr_line' id='line_1_40' title="bbox 158 1528 1771 1561; baseline 0.001 -5"><span class='ocrx_word' id='word_1_538' title='bbox 158 1528 214 1557; x_wconf 80' lang='lat' dir='ltr'><strong>non</strong></span> <span class='ocrx_word' id='word_1_539' title='bbox 235 1530 393 1557; x_wconf 85' lang='lat' dir='ltr'><strong>diversitate</strong></span> <span class='ocrx_word' id='word_1_540' title='bbox 415 1530 532 1556; x_wconf 82' lang='lat' dir='ltr'><strong>rationis</strong></span> <span class='ocrx_word' id='word_1_541' title='bbox 554 1535 672 1561; x_wconf 85' lang='lat' dir='ltr'><strong>tantum,</strong></span> <span class='ocrx_word' id='word_1_542' title='bbox 693 1529 739 1555; x_wconf 84' lang='lat' dir='ltr'><strong>sed</strong></span> <span class='ocrx_word' id='word_1_543' title='bbox 758 1529 840 1555; x_wconf 89' lang='lat' dir='ltr'><strong>etiam</strong></span> <span class='ocrx_word' id='word_1_544' title='bbox 862 1528 981 1555; x_wconf 86' lang='lat' dir='ltr'><strong>realiter.</strong></span> <span class='ocrx_word' id='word_1_545' title='bbox 997 1529 1064 1556; x_wconf 86' lang='lat' dir='ltr'><strong>Cum</strong></span> <span class='ocrx_word' id='word_1_546' title='bbox 1087 1529 1163 1561; x_wconf 47' lang='lat' dir='ltr'><strong>enim,</strong></span> <span class='ocrx_word' id='word_1_547' title='bbox 1181 1528 1251 1556; x_wconf 91' lang='lat' dir='ltr'><strong>Deus</strong></span> <span class='ocrx_word' id='word_1_548' title='bbox 1269 1528 1295 1554; x_wconf 91' lang='lat' dir='ltr'><strong>in</strong></span> <span class='ocrx_word' id='word_1_549' title='bbox 1314 1529 1393 1556; x_wconf 89' lang='lat' dir='ltr'><strong>rebus</strong></span> <span class='ocrx_word' id='word_1_550' title='bbox 1407 1536 1467 1556; x_wconf 86' lang='lat' dir='ltr'><strong>esse</strong></span> <span class='ocrx_word' id='word_1_551' title='bbox 1485 1528 1607 1560; x_wconf 70' lang='lat' dir='ltr'><strong>dicatur,</strong></span> <span class='ocrx_word' id='word_1_552' title='bbox 1624 1531 1771 1558; x_wconf 84' lang='lat' dir='ltr'><strong>secundum</strong></span> 
     </span>
    </p>
   </div>
   <div class='ocr_carea' id='block_1_41' title="bbox 159 1557 1773 1598">
    <p class='ocr_par' dir='ltr' id='par_1_41' title="bbox 159 1557 1773 1598">
     <span class='ocr_line' id='line_1_41' title="bbox 159 1557 1773 1598; baseline 0 -7"><span class='ocrx_word' id='word_1_553' title='bbox 159 1566 232 1598; x_wconf 88' lang='lat' dir='ltr'><strong>quod</strong></span> <span class='ocrx_word' id='word_1_554' title='bbox 248 1565 288 1592; x_wconf 85' lang='lat' dir='ltr'><strong>eis</strong></span> <span class='ocrx_word' id='word_1_555' title='bbox 301 1565 391 1597; x_wconf 83' lang='lat' dir='ltr'><strong>aliquo</strong></span> <span class='ocrx_word' id='word_1_556' title='bbox 405 1564 486 1590; x_wconf 90' lang='lat' dir='ltr'><strong>modo</strong></span> <span class='ocrx_word' id='word_1_557' title='bbox 498 1557 797 1598; x_wconf 55' lang='lat' dir='ltr'><strong>applicatur,&#39;oportet,</strong></span> <span class='ocrx_word' id='word_1_558' title='bbox 813 1568 843 1589; x_wconf 90' lang='lat' dir='ltr'><strong>ut</strong></span> <span class='ocrx_word' id='word_1_559' title='bbox 858 1563 903 1589; x_wconf 87' lang='lat' dir='ltr'><strong>ubi</strong></span> <span class='ocrx_word' id='word_1_560' title='bbox 918 1568 960 1590; x_wconf 85' lang='lat' dir='ltr'><strong>est</strong></span> <span class='ocrx_word' id='word_1_561' title='bbox 980 1564 1103 1590; x_wconf 72' lang='lat' dir='ltr'><strong>divsrsus</strong></span> <span class='ocrx_word' id='word_1_562' title='bbox 1124 1557 1323 1596; x_wconf 82' lang='lat' dir='ltr'><strong>cobjnnctionis</strong></span> <span class='ocrx_word' id='word_1_563' title='bbox 1338 1564 1380 1590; x_wconf 87' lang='lat' dir='ltr'><strong>vel</strong></span> <span class='ocrx_word' id='word_1_564' title='bbox 1399 1557 1718 1598; x_wconf 38' lang='lat' dir='ltr'><strong>applicationis.modus,</strong></span> <span class='ocrx_word' id='word_1_565' title='bbox 1737 1566 1773 1594; x_wconf 89' lang='lat' dir='ltr'><strong>ibi</strong></span> 
     </span>
    </p>
   </div>
   <div class='ocr_carea' id='block_1_42' title="bbox 158 1599 1774 1634">
    <p class='ocr_par' dir='ltr' id='par_1_42' title="bbox 158 1599 1774 1634">
     <span class='ocr_line' id='line_1_42' title="bbox 158 1599 1774 1634; baseline -0.001 -7"><span class='ocrx_word' id='word_1_566' title='bbox 158 1600 196 1627; x_wconf 87' lang='lat' dir='ltr'><strong>sit</strong></span> <span class='ocrx_word' id='word_1_567' title='bbox 215 1601 339 1627; x_wconf 75' lang='lat' dir='ltr'><strong>diversus</strong></span> <span class='ocrx_word' id='word_1_568' title='bbox 357 1600 452 1627; x_wconf 90' lang='lat' dir='ltr'><strong>modus</strong></span> <span class='ocrx_word' id='word_1_569' title='bbox 464 1600 581 1627; x_wconf 54' lang='lat' dir='ltr'><strong>essendi.</strong></span> <span class='ocrx_word' id='word_1_570' title='bbox 600 1599 782 1634; x_wconf 78' lang='lat' dir='ltr'><strong>Conjungitur</strong></span> <span class='ocrx_word' id='word_1_571' title='bbox 798 1602 888 1625; x_wconf 88' lang='lat' dir='ltr'><strong>autem</strong></span> <span class='ocrx_word' id='word_1_572' title='bbox 903 1604 1028 1626; x_wconf 86' lang='lat' dir='ltr'><strong>creatura</strong></span> <span class='ocrx_word' id='word_1_573' title='bbox 1041 1599 1095 1626; x_wconf 89' lang='lat' dir='ltr'><strong>Deo</strong></span> <span class='ocrx_word' id='word_1_574' title='bbox 1116 1599 1270 1633; x_wconf 89' lang='lat' dir='ltr'><strong>tripliciter.</strong></span> <span class='ocrx_word' id='word_1_575' title='bbox 1287 1599 1388 1633; x_wconf 88' lang='lat' dir='ltr'><strong>Primo,</strong></span> <span class='ocrx_word' id='word_1_576' title='bbox 1402 1600 1551 1626; x_wconf 68' lang='lat' dir='ltr'><strong>secundum</strong></span> <span class='ocrx_word' id='word_1_577' title='bbox 1570 1599 1774 1627; x_wconf 86' lang='lat' dir='ltr'><strong>similitudinem</strong></span> 
     </span>
    </p>
   </div>
   <div class='ocr_carea' id='block_1_43' title="bbox 161 1634 1774 1670">
    <p class='ocr_par' dir='ltr' id='par_1_43' title="bbox 161 1634 1774 1670">
     <span class='ocr_line' id='line_1_43' title="bbox 161 1634 1774 1670; baseline 0.001 -9"><span class='ocrx_word' id='word_1_578' title='bbox 161 1640 280 1667; x_wconf 86' lang='lat' dir='ltr'><strong>tantum,</strong></span> <span class='ocrx_word' id='word_1_579' title='bbox 297 1636 323 1662; x_wconf 91' lang='lat' dir='ltr'><strong>in</strong></span> <span class='ocrx_word' id='word_1_580' title='bbox 343 1641 474 1670; x_wconf 89' lang='lat' dir='ltr'><strong>quanttuu</strong></span> <span class='ocrx_word' id='word_1_581' title='bbox 490 1634 617 1661; x_wconf 78' lang='lat' dir='ltr'><strong>videlicet</strong></span> <span class='ocrx_word' id='word_1_582' title='bbox 634 1635 771 1670; x_wconf 87' lang='lat' dir='ltr'><strong>invenitur</strong></span> <span class='ocrx_word' id='word_1_583' title='bbox 789 1634 815 1670; x_wconf 87' lang='lat' dir='ltr'><strong>in</strong></span> <span class='ocrx_word' id='word_1_584' title='bbox 835 1639 960 1670; x_wconf 71' lang='lat' dir='ltr'><strong>creatura</strong></span> <span class='ocrx_word' id='word_1_585' title='bbox 974 1634 1062 1670; x_wconf 79' lang='lat' dir='ltr'><strong>aliqua</strong></span> <span class='ocrx_word' id='word_1_586' title='bbox 1077 1634 1228 1661; x_wconf 74' lang='lat' dir='ltr'><strong>similitudo</strong></span> <span class='ocrx_word' id='word_1_587' title='bbox 1246 1634 1345 1670; x_wconf 73' lang='lat' dir='ltr'><strong>divina:</strong></span> <span class='ocrx_word' id='word_1_588' title='bbox 1364 1634 1504 1670; x_wconf 80' lang='lat' dir='ltr'><strong>bonitatis,</strong></span> <span class='ocrx_word' id='word_1_589' title='bbox 1524 1642 1576 1660; x_wconf 89' lang='lat' dir='ltr'><strong>non</strong></span> <span class='ocrx_word' id='word_1_590' title='bbox 1597 1640 1689 1661; x_wconf 87' lang='lat' dir='ltr'><strong>autem</strong></span> <span class='ocrx_word' id='word_1_591' title='bbox 1702 1638 1774 1669; x_wconf 89' lang='lat' dir='ltr'><strong>quod</strong></span> 
     </span>
    </p>
   </div>
   <div class='ocr_carea' id='block_1_44' title="bbox 158 1669 1774 1706">
    <p class='ocr_par' dir='ltr' id='par_1_44' title="bbox 158 1669 1774 1706">
     <span class='ocr_line' id='line_1_44' title="bbox 158 1669 1774 1706; baseline -0.001 -8"><span class='ocrx_word' id='word_1_592' title='bbox 158 1671 276 1705; x_wconf 77' lang='lat' dir='ltr'><strong>attingat</strong></span> <span class='ocrx_word' id='word_1_593' title='bbox 299 1669 386 1706; x_wconf 82' lang='lat' dir='ltr'><strong>ipsum</strong></span> <span class='ocrx_word' id='word_1_594' title='bbox 406 1671 657 1706; x_wconf 19' lang='lat' dir='ltr'><strong>Deumrsecundum</strong></span> <span class='ocrx_word' id='word_1_595' title='bbox 677 1669 921 1706; x_wconf 30' lang='lat' dir='ltr'><strong>substantiamalilt</strong></span> <span class='ocrx_word' id='word_1_596' title='bbox 938 1669 1159 1706; x_wconf 16' lang='lat' dir='ltr'><strong>ista‘conjunctio</strong></span> <span class='ocrx_word' id='word_1_597' title='bbox 1175 1669 1309 1706; x_wconf 84' lang='lat' dir='ltr'><strong>invenitur</strong></span> <span class='ocrx_word' id='word_1_598' title='bbox 1323 1669 1348 1695; x_wconf 91' lang='lat' dir='ltr'><strong>in</strong></span> <span class='ocrx_word' id='word_1_599' title='bbox 1363 1669 1489 1706; x_wconf 89' lang='lat' dir='ltr'><strong>omnibus</strong></span> <span class='ocrx_word' id='word_1_600' title='bbox 1502 1669 1634 1706; x_wconf 84' lang='lat' dir='ltr'><strong>creaturis</strong></span> <span class='ocrx_word' id='word_1_601' title='bbox 1653 1669 1774 1697; x_wconf 83' lang='lat' dir='ltr'><strong>divinant</strong></span> 
     </span>
    </p>
   </div>
   <div class='ocr_carea' id='block_1_45' title="bbox 158 1704 1692 1738">
    <p class='ocr_par' dir='ltr' id='par_1_45' title="bbox 158 1704 1692 1738">
     <span class='ocr_line' id='line_1_45' title="bbox 158 1704 1692 1738; baseline -0.001 -6"><span class='ocrx_word' id='word_1_602' title='bbox 158 1704 317 1732; x_wconf 75' lang='lat' dir='ltr'><strong>bonitatem</strong></span> <span class='ocrx_word' id='word_1_603' title='bbox 328 1705 544 1733; x_wconf 87' lang='lat' dir='ltr'><strong>assimilanlibtts</strong></span> <span class='ocrx_word' id='word_1_604' title='bbox 561 1714 567 1731; x_wconf 90' lang='lat'>:</span> <span class='ocrx_word' id='word_1_605' title='bbox 585 1710 667 1738; x_wconf 87' lang='lat' dir='ltr'><strong>atque</strong></span> <span class='ocrx_word' id='word_1_606' title='bbox 684 1705 719 1730; x_wconf 84' lang='lat' dir='ltr'><strong>ita</strong></span> <span class='ocrx_word' id='word_1_607' title='bbox 736 1704 806 1730; x_wconf 86' lang='lat' dir='ltr'><strong>Deus</strong></span> <span class='ocrx_word' id='word_1_608' title='bbox 819 1709 862 1730; x_wconf 84' lang='lat' dir='ltr'><strong>est</strong></span> <span class='ocrx_word' id='word_1_609' title='bbox 877 1705 903 1730; x_wconf 95' lang='lat' dir='ltr'><strong>in</strong></span> <span class='ocrx_word' id='word_1_610' title='bbox 918 1704 1044 1730; x_wconf 88' lang='lat' dir='ltr'><strong>onmibtts</strong></span> <span class='ocrx_word' id='word_1_611' title='bbox 1059 1711 1105 1738; x_wconf 88' lang='lat' dir='ltr'><strong>per</strong></span> <span class='ocrx_word' id='word_1_612' title='bbox 1119 1705 1278 1736; x_wconf 80' lang='lat' dir='ltr'><strong>essentiam,</strong></span> <span class='ocrx_word' id='word_1_613' title='bbox 1292 1705 1466 1738; x_wconf 70' lang='lat' dir='ltr'><strong>prtrsentiam</strong></span> <span class='ocrx_word' id='word_1_614' title='bbox 1490 1708 1518 1730; x_wconf 87' lang='lat' dir='ltr'><strong>et</strong></span> <span class='ocrx_word' id='word_1_615' title='bbox 1532 1704 1692 1737; x_wconf 86' lang='lat' dir='ltr'><strong>potentiam.</strong></span> 
     </span>
    </p>
   </div>
   <div class='ocr_carea' id='block_1_46' title="bbox 193 1738 1773 1776">
    <p class='ocr_par' dir='ltr' id='par_1_46' title="bbox 193 1738 1773 1776">
     <span class='ocr_line' id='line_1_46' title="bbox 193 1738 1773 1776; baseline 0 -9"><span class='ocrx_word' id='word_1_616' title='bbox 193 1740 276 1776; x_wconf 65' lang='lat'><strong>346</strong></span> <span class='ocrx_word' id='word_1_617' title='bbox 304 1740 437 1773; x_wconf 87' lang='lat' dir='ltr'><strong>Secundo,</strong></span> <span class='ocrx_word' id='word_1_618' title='bbox 464 1745 588 1767; x_wconf 86' lang='lat' dir='ltr'><strong>creatura</strong></span> <span class='ocrx_word' id='word_1_619' title='bbox 610 1739 718 1776; x_wconf 79' lang='lat' dir='ltr'><strong>attingit</strong></span> <span class='ocrx_word' id='word_1_620' title='bbox 745 1739 777 1776; x_wconf 81' lang='lat' dir='ltr'><strong>ad</strong></span> <span class='ocrx_word' id='word_1_621' title='bbox 814 1738 901 1772; x_wconf 67' lang='lat' dir='ltr'><strong>ipsum</strong></span> <span class='ocrx_word' id='word_1_622' title='bbox 921 1739 1014 1776; x_wconf 81' lang='lat' dir='ltr'><strong>Deum</strong></span> <span class='ocrx_word' id='word_1_623' title='bbox 1037 1740 1118 1766; x_wconf 90' lang='lat' dir='ltr'><strong>etiam</strong></span> <span class='ocrx_word' id='word_1_624' title='bbox 1143 1740 1290 1776; x_wconf 81' lang='lat' dir='ltr'><strong>secundum</strong></span> <span class='ocrx_word' id='word_1_625' title='bbox 1315 1740 1600 1776; x_wconf 24' lang='lat' dir='ltr'><strong>substantiamAsuam</strong></span> <span class='ocrx_word' id='word_1_626' title='bbox 1615 1740 1773 1776; x_wconf 75' lang='lat' dir='ltr'><strong>considera-</strong></span> 
     </span>
    </p>
   </div>
   <div class='ocr_carea' id='block_1_47' title="bbox 160 1774 1774 1809">
    <p class='ocr_par' dir='ltr' id='par_1_47' title="bbox 160 1774 1774 1809">
     <span class='ocr_line' id='line_1_47' title="bbox 160 1774 1774 1809; baseline 0 -7"><span class='ocrx_word' id='word_1_627' title='bbox 160 1774 272 1808; x_wconf 56' lang='grc' dir='ltr'>ιιιιῐιξει</span> <span class='ocrx_word' id='word_1_628' title='bbox 287 1783 340 1802; x_wconf 87' lang='grc' dir='ltr'>ιιοιι</span> <span class='ocrx_word' id='word_1_629' title='bbox 356 1780 459 1803; x_wconf 90' lang='lat' dir='ltr'><strong>tantum</strong></span> <span class='ocrx_word' id='word_1_630' title='bbox 475 1776 623 1801; x_wconf 85' lang='lat' dir='ltr'><strong>secundum</strong></span> <span class='ocrx_word' id='word_1_631' title='bbox 637 1774 841 1801; x_wconf 84' lang='lat' dir='ltr'><strong>similitudinem</strong></span> <span class='ocrx_word' id='word_1_632' title='bbox 856 1783 862 1800; x_wconf 73' lang='grc' dir='ltr'>ε</span> <span class='ocrx_word' id='word_1_633' title='bbox 878 1779 905 1800; x_wconf 92' lang='lat' dir='ltr'><strong>et</strong></span> <span class='ocrx_word' id='word_1_634' title='bbox 920 1774 970 1800; x_wconf 89' lang='lat' dir='ltr'><strong>hoc</strong></span> <span class='ocrx_word' id='word_1_635' title='bbox 985 1778 1028 1800; x_wconf 82' lang='lat' dir='ltr'><strong>est</strong></span> <span class='ocrx_word' id='word_1_636' title='bbox 1042 1782 1088 1808; x_wconf 90' lang='lat' dir='ltr'><strong>per</strong></span> <span class='ocrx_word' id='word_1_637' title='bbox 1102 1775 1297 1808; x_wconf 85' lang='lat' dir='ltr'><strong>operationem,</strong></span> <span class='ocrx_word' id='word_1_638' title='bbox 1309 1779 1339 1801; x_wconf 94' lang='lat' dir='ltr'><strong>ut</strong></span> <span class='ocrx_word' id='word_1_639' title='bbox 1352 1775 1460 1809; x_wconf 81' lang='lat' dir='ltr'><strong>quando</strong></span> <span class='ocrx_word' id='word_1_640' title='bbox 1473 1774 1571 1807; x_wconf 83' lang='lat' dir='ltr'><strong>aliquis</strong></span> <span class='ocrx_word' id='word_1_641' title='bbox 1587 1774 1639 1801; x_wconf 85' lang='lat' dir='ltr'><strong>[ide</strong></span> <span class='ocrx_word' id='word_1_642' title='bbox 1654 1775 1774 1803; x_wconf 61' lang='lat' dir='ltr'><strong>adlia‘ret</strong></span> 
     </span>
    </p>
   </div>
   <div class='ocr_carea' id='block_1_48' title="bbox 159 1809 1773 1845">
    <p class='ocr_par' dir='ltr' id='par_1_48' title="bbox 159 1809 1773 1845">
     <span class='ocr_line' id='line_1_48' title="bbox 159 1809 1773 1845; baseline 0.001 -8"><span class='ocrx_word' id='word_1_643' title='bbox 159 1811 211 1845; x_wconf 90' lang='lat' dir='ltr'><strong>ipsi</strong></span> <span class='ocrx_word' id='word_1_644' title='bbox 227 1810 320 1845; x_wconf 73' lang='lat' dir='ltr'><strong>prima:</strong></span> <span class='ocrx_word' id='word_1_645' title='bbox 335 1811 451 1842; x_wconf 85' lang='lat' dir='ltr'><strong>veritati,</strong></span> <span class='ocrx_word' id='word_1_646' title='bbox 465 1815 492 1836; x_wconf 88' lang='lat' dir='ltr'><strong>et</strong></span> <span class='ocrx_word' id='word_1_647' title='bbox 502 1809 634 1837; x_wconf 86' lang='lat' dir='ltr'><strong>charitate</strong></span> <span class='ocrx_word' id='word_1_648' title='bbox 649 1809 700 1844; x_wconf 92' lang='lat' dir='ltr'><strong>ipsi</strong></span> <span class='ocrx_word' id='word_1_649' title='bbox 716 1816 828 1836; x_wconf 69' lang='lat' dir='ltr'><strong>summa:</strong></span> <span class='ocrx_word' id='word_1_650' title='bbox 843 1809 967 1836; x_wconf 85' lang='lat' dir='ltr'><strong>bonitati.</strong></span> <span class='ocrx_word' id='word_1_651' title='bbox 985 1809 1017 1835; x_wconf 83' lang='lat' dir='ltr'><strong>Et</strong></span> <span class='ocrx_word' id='word_1_652' title='bbox 1034 1809 1071 1836; x_wconf 87' lang='lat' dir='ltr'><strong>ita</strong></span> <span class='ocrx_word' id='word_1_653' title='bbox 1084 1816 1125 1836; x_wconf 73' lang='grc' dir='ltr'><strong>εει</strong></span> <span class='ocrx_word' id='word_1_654' title='bbox 1140 1809 1210 1836; x_wconf 61' lang='lat' dir='ltr'><strong>altus</strong></span> <span class='ocrx_word' id='word_1_655' title='bbox 1224 1810 1328 1841; x_wconf 85' lang='lat' dir='ltr'><strong>modus,</strong></span> <span class='ocrx_word' id='word_1_656' title='bbox 1346 1817 1399 1844; x_wconf 90' lang='lat' dir='ltr'><strong>quo</strong></span> <span class='ocrx_word' id='word_1_657' title='bbox 1415 1810 1485 1837; x_wconf 84' lang='lat' dir='ltr'><strong>Deus</strong></span> <span class='ocrx_word' id='word_1_658' title='bbox 1499 1809 1676 1844; x_wconf 86' lang='lat' dir='ltr'><strong>spiritualiter</strong></span> <span class='ocrx_word' id='word_1_659' title='bbox 1690 1815 1732 1838; x_wconf 83' lang='lat' dir='ltr'><strong>est</strong></span> <span class='ocrx_word' id='word_1_660' title='bbox 1747 1812 1773 1838; x_wconf 90' lang='lat' dir='ltr'><strong>in</strong></span> 
     </span>
    </p>
   </div>
   <div class='ocr_carea' id='block_1_49' title="bbox 157 1846 460 1879">
    <p class='ocr_par' dir='ltr' id='par_1_49' title="bbox 157 1846 460 1879">
     <span class='ocr_line' id='line_1_49' title="bbox 157 1846 460 1879; baseline 0 -7"><span class='ocrx_word' id='word_1_661' title='bbox 157 1846 259 1873; x_wconf 82' lang='lat' dir='ltr'><strong>sanetis</strong></span> <span class='ocrx_word' id='word_1_662' title='bbox 275 1853 322 1879; x_wconf 89' lang='lat' dir='ltr'><strong>per</strong></span> <span class='ocrx_word' id='word_1_663' title='bbox 335 1846 460 1877; x_wconf 65' lang='lat' dir='ltr'><strong>gratiam.</strong></span> 
     </span>
    </p>
   </div>
   <div class='ocr_carea' id='block_1_50' title="bbox 195 1878 1773 1916">
    <p class='ocr_par' dir='ltr' id='par_1_50' title="bbox 195 1878 1773 1916">
     <span class='ocr_line' id='line_1_50' title="bbox 195 1878 1773 1916; baseline -0.001 -8"><span class='ocrx_word' id='word_1_664' title='bbox 195 1878 297 1914; x_wconf 81' lang='lat' dir='ltr'><strong>Tertio,</strong></span> <span class='ocrx_word' id='word_1_665' title='bbox 311 1887 435 1908; x_wconf 82' lang='lat' dir='ltr'><strong>creatura</strong></span> <span class='ocrx_word' id='word_1_666' title='bbox 450 1880 559 1916; x_wconf 78' lang='lat' dir='ltr'><strong>attingit</strong></span> <span class='ocrx_word' id='word_1_667' title='bbox 573 1879 606 1907; x_wconf 87' lang='lat' dir='ltr'><strong>ad</strong></span> <span class='ocrx_word' id='word_1_668' title='bbox 621 1879 708 1915; x_wconf 89' lang='lat' dir='ltr'><strong>ipsum</strong></span> <span class='ocrx_word' id='word_1_669' title='bbox 721 1878 806 1916; x_wconf 81' lang='lat' dir='ltr'><strong>Deum</strong></span> <span class='ocrx_word' id='word_1_670' title='bbox 817 1886 875 1916; x_wconf 88' lang='lat' dir='ltr'><strong>non</strong></span> <span class='ocrx_word' id='word_1_671' title='bbox 892 1879 978 1916; x_wconf 87' lang='lat' dir='ltr'><strong>solum</strong></span> <span class='ocrx_word' id='word_1_672' title='bbox 995 1880 1143 1906; x_wconf 87' lang='lat' dir='ltr'><strong>secundum</strong></span> <span class='ocrx_word' id='word_1_673' title='bbox 1160 1879 1355 1914; x_wconf 82' lang='lat' dir='ltr'><strong>operationem,</strong></span> <span class='ocrx_word' id='word_1_674' title='bbox 1372 1880 1419 1907; x_wconf 88' lang='lat' dir='ltr'><strong>sed</strong></span> <span class='ocrx_word' id='word_1_675' title='bbox 1434 1880 1514 1907; x_wconf 89' lang='lat' dir='ltr'><strong>etiam</strong></span> <span class='ocrx_word' id='word_1_676' title='bbox 1531 1880 1680 1906; x_wconf 88' lang='lat' dir='ltr'><strong>secundum</strong></span> <span class='ocrx_word' id='word_1_677' title='bbox 1695 1887 1773 1912; x_wconf 88' lang='lat' dir='ltr'><strong>esse;</strong></span> 
     </span>
    </p>
   </div>
   <div class='ocr_carea' id='block_1_51' title="bbox 158 1915 1773 1951">
    <p class='ocr_par' dir='ltr' id='par_1_51' title="bbox 158 1915 1773 1951">
     <span class='ocr_line' id='line_1_51' title="bbox 158 1915 1773 1951; baseline -0.001 -9"><span class='ocrx_word' id='word_1_678' title='bbox 158 1922 213 1942; x_wconf 91' lang='lat' dir='ltr'><strong>non</strong></span> <span class='ocrx_word' id='word_1_679' title='bbox 230 1916 336 1950; x_wconf 86' lang='lat' dir='ltr'><strong>quidem</strong></span> <span class='ocrx_word' id='word_1_680' title='bbox 353 1921 433 1951; x_wconf 86' lang='lat' dir='ltr'><strong>prout</strong></span> <span class='ocrx_word' id='word_1_681' title='bbox 449 1923 509 1943; x_wconf 80' lang='lat' dir='ltr'><strong>esse</strong></span> <span class='ocrx_word' id='word_1_682' title='bbox 523 1915 564 1943; x_wconf 80' lang='lat' dir='ltr'><strong>est</strong></span> <span class='ocrx_word' id='word_1_683' title='bbox 578 1920 654 1942; x_wconf 84' lang='lat' dir='ltr'><strong>actus</strong></span> <span class='ocrx_word' id='word_1_684' title='bbox 668 1915 791 1951; x_wconf 62' lang='lat' dir='ltr'><strong>essentia:</strong></span> <span class='ocrx_word' id='word_1_685' title='bbox 806 1915 904 1941; x_wconf 76' lang='lat' dir='ltr'><strong>divina:</strong></span> <span class='ocrx_word' id='word_1_686' title='bbox 920 1915 993 1949; x_wconf 88' lang='lat' dir='ltr'><strong>(quia</strong></span> <span class='ocrx_word' id='word_1_687' title='bbox 1010 1920 1133 1942; x_wconf 83' lang='lat' dir='ltr'><strong>creatura</strong></span> <span class='ocrx_word' id='word_1_688' title='bbox 1151 1922 1203 1940; x_wconf 90' lang='lat' dir='ltr'><strong>non</strong></span> <span class='ocrx_word' id='word_1_689' title='bbox 1220 1919 1306 1948; x_wconf 87' lang='lat' dir='ltr'><strong>potest</strong></span> <span class='ocrx_word' id='word_1_690' title='bbox 1322 1915 1439 1942; x_wconf 84' lang='lat' dir='ltr'><strong>transire</strong></span> <span class='ocrx_word' id='word_1_691' title='bbox 1455 1916 1480 1942; x_wconf 89' lang='lat' dir='ltr'><strong>iu</strong></span> <span class='ocrx_word' id='word_1_692' title='bbox 1492 1919 1614 1941; x_wconf 83' lang='lat' dir='ltr'><strong>naturain</strong></span> <span class='ocrx_word' id='word_1_693' title='bbox 1626 1915 1773 1951; x_wconf 72' lang='lat' dir='ltr'><strong>divinant),</strong></span> 
     </span>
    </p>
   </div>
   <div class='ocr_carea' id='block_1_52' title="bbox 157 1949 1776 1985">
    <p class='ocr_par' dir='ltr' id='par_1_52' title="bbox 157 1949 1776 1985">
     <span class='ocr_line' id='line_1_52' title="bbox 157 1949 1776 1985; baseline 0.001 -8"><span class='ocrx_word' id='word_1_694' title='bbox 157 1951 207 1978; x_wconf 84' lang='lat' dir='ltr'><strong>sed</strong></span> <span class='ocrx_word' id='word_1_695' title='bbox 222 1949 367 1978; x_wconf 77' lang='lat' dir='ltr'><strong>secundum</strong></span> <span class='ocrx_word' id='word_1_696' title='bbox 381 1951 452 1985; x_wconf 90' lang='lat' dir='ltr'><strong>quod</strong></span> <span class='ocrx_word' id='word_1_697' title='bbox 467 1956 508 1978; x_wconf 86' lang='lat' dir='ltr'><strong>est</strong></span> <span class='ocrx_word' id='word_1_698' title='bbox 524 1956 599 1978; x_wconf 74' lang='lat' dir='ltr'><strong>actus</strong></span> <span class='ocrx_word' id='word_1_699' title='bbox 615 1950 768 1985; x_wconf 84' lang='lat' dir='ltr'><strong>hypostasis</strong></span> <span class='ocrx_word' id='word_1_700' title='bbox 781 1957 827 1976; x_wconf 85' lang='lat' dir='ltr'><strong>seu</strong></span> <span class='ocrx_word' id='word_1_701' title='bbox 844 1957 975 1983; x_wconf 66' lang='lat' dir='ltr'><strong>personae,</strong></span> <span class='ocrx_word' id='word_1_702' title='bbox 992 1951 1018 1977; x_wconf 96' lang='lat' dir='ltr'><strong>in</strong></span> <span class='ocrx_word' id='word_1_703' title='bbox 1034 1951 1110 1983; x_wconf 84' lang='lat' dir='ltr'><strong>cujus</strong></span> <span class='ocrx_word' id='word_1_704' title='bbox 1123 1957 1249 1976; x_wconf 88' lang='lat' dir='ltr'><strong>utuonem</strong></span> <span class='ocrx_word' id='word_1_705' title='bbox 1264 1955 1388 1977; x_wconf 86' lang='lat' dir='ltr'><strong>creatura</strong></span> <span class='ocrx_word' id='word_1_706' title='bbox 1403 1955 1539 1984; x_wconf 88' lang='lat' dir='ltr'><strong>assumpta</strong></span> <span class='ocrx_word' id='word_1_707' title='bbox 1556 1956 1606 1976; x_wconf 85' lang='lat' dir='ltr'><strong>est.</strong></span> <span class='ocrx_word' id='word_1_708' title='bbox 1624 1949 1658 1977; x_wconf 89' lang='lat' dir='ltr'><strong>Et</strong></span> <span class='ocrx_word' id='word_1_709' title='bbox 1676 1951 1720 1977; x_wconf 88' lang='lat' dir='ltr'><strong>hic</strong></span> <span class='ocrx_word' id='word_1_710' title='bbox 1733 1955 1776 1978; x_wconf 85' lang='lat' dir='ltr'><strong>est</strong></span> 
     </span>
    </p>
   </div>
   <div class='ocr_carea' id='block_1_53' title="bbox 159 1984 1056 2020">
    <p class='ocr_par' dir='ltr' id='par_1_53' title="bbox 159 1984 1056 2020">
     <span class='ocr_line' id='line_1_53' title="bbox 159 1984 1056 2020; baseline -0.001 -8"><span class='ocrx_word' id='word_1_711' title='bbox 159 1987 256 2013; x_wconf 86' lang='lat' dir='ltr'><strong>modus</strong></span> <span class='ocrx_word' id='word_1_712' title='bbox 272 1993 323 2020; x_wconf 82' lang='lat' dir='ltr'><strong>quo</strong></span> <span class='ocrx_word' id='word_1_713' title='bbox 339 1984 410 2013; x_wconf 78' lang='lat' dir='ltr'><strong>Deus</strong></span> <span class='ocrx_word' id='word_1_714' title='bbox 423 1991 467 2012; x_wconf 82' lang='lat' dir='ltr'><strong>est</strong></span> <span class='ocrx_word' id='word_1_715' title='bbox 481 1987 507 2013; x_wconf 92' lang='lat' dir='ltr'><strong>in</strong></span> <span class='ocrx_word' id='word_1_716' title='bbox 521 1984 692 2020; x_wconf 31' lang='lat' dir='ltr'><strong>()hristo’per</strong></span> <span class='ocrx_word' id='word_1_717' title='bbox 704 1984 831 2011; x_wconf 90' lang='lat' dir='ltr'><strong>unionem</strong></span> <span class='ocrx_word' id='word_1_718' title='bbox 848 1986 1056 2020; x_wconf 83' lang='lat' dir='ltr'><strong>hypostaticam.</strong></span> 
     </span>
    </p>
   </div>
   <div class='ocr_carea' id='block_1_54' title="bbox 195 2020 1774 2055">
    <p class='ocr_par' dir='ltr' id='par_1_54' title="bbox 195 2020 1774 2055">
     <span class='ocr_line' id='line_1_54' title="bbox 195 2020 1774 2055; baseline 0 -7"><span class='ocrx_word' id='word_1_719' title='bbox 195 2021 233 2048; x_wconf 85' lang='lat' dir='ltr'><strong>Ex</strong></span> <span class='ocrx_word' id='word_1_720' title='bbox 247 2026 323 2055; x_wconf 86' lang='lat' dir='ltr'><strong>parte</strong></span> <span class='ocrx_word' id='word_1_721' title='bbox 340 2027 428 2049; x_wconf 84' lang='lat' dir='ltr'><strong>tamen</strong></span> <span class='ocrx_word' id='word_1_722' title='bbox 444 2021 490 2048; x_wconf 86' lang='lat' dir='ltr'><strong>Dei</strong></span> <span class='ocrx_word' id='word_1_723' title='bbox 508 2029 559 2048; x_wconf 90' lang='lat' dir='ltr'><strong>non</strong></span> <span class='ocrx_word' id='word_1_724' title='bbox 576 2021 712 2047; x_wconf 78' lang='lat' dir='ltr'><strong>invenitur</strong></span> <span class='ocrx_word' id='word_1_725' title='bbox 725 2020 869 2046; x_wconf 68' lang='lat' dir='ltr'><strong>diversitas</strong></span> <span class='ocrx_word' id='word_1_726' title='bbox 884 2020 933 2051; x_wconf 86' lang='lat' dir='ltr'><strong>rei,</strong></span> <span class='ocrx_word' id='word_1_727' title='bbox 950 2021 997 2047; x_wconf 85' lang='lat' dir='ltr'><strong>sed</strong></span> <span class='ocrx_word' id='word_1_728' title='bbox 1013 2020 1127 2047; x_wconf 87' lang='lat' dir='ltr'><strong>rationis</strong></span> <span class='ocrx_word' id='word_1_729' title='bbox 1143 2024 1260 2052; x_wconf 81' lang='lat' dir='ltr'><strong>tantum,</strong></span> <span class='ocrx_word' id='word_1_730' title='bbox 1276 2026 1410 2055; x_wconf 87' lang='lat' dir='ltr'><strong>quatenus</strong></span> <span class='ocrx_word' id='word_1_731' title='bbox 1427 2020 1521 2054; x_wconf 90' lang='lat' dir='ltr'><strong>inipso</strong></span> <span class='ocrx_word' id='word_1_732' title='bbox 1537 2020 1711 2054; x_wconf 79' lang='lat' dir='ltr'><strong>distinguitur</strong></span> <span class='ocrx_word' id='word_1_733' title='bbox 1727 2029 1774 2048; x_wconf 86' lang='lat' dir='ltr'><strong>es-</strong></span> 
     </span>
    </p>
   </div>
   <div class='ocr_carea' id='block_1_55' title="bbox 159 2054 1774 2091">
    <p class='ocr_par' dir='ltr' id='par_1_55' title="bbox 159 2054 1774 2091">
     <span class='ocr_line' id='line_1_55' title="bbox 159 2054 1774 2091; baseline -0.001 -7"><span class='ocrx_word' id='word_1_734' title='bbox 159 2054 258 2089; x_wconf 68' lang='lat' dir='ltr'><strong>sentia,</strong></span> <span class='ocrx_word' id='word_1_735' title='bbox 275 2056 360 2083; x_wconf 90' lang='lat' dir='ltr'><strong>virtus</strong></span> <span class='ocrx_word' id='word_1_736' title='bbox 379 2060 405 2084; x_wconf 88' lang='lat' dir='ltr'><strong>et</strong></span> <span class='ocrx_word' id='word_1_737' title='bbox 419 2057 551 2091; x_wconf 84' lang='lat' dir='ltr'><strong>operatio.</strong></span> <span class='ocrx_word' id='word_1_738' title='bbox 571 2056 692 2083; x_wconf 77' lang='lat' dir='ltr'><strong>Essentia</strong></span> <span class='ocrx_word' id='word_1_739' title='bbox 713 2059 803 2081; x_wconf 88' lang='lat' dir='ltr'><strong>autem</strong></span> <span class='ocrx_word' id='word_1_740' title='bbox 825 2054 882 2088; x_wconf 88' lang='lat' dir='ltr'><strong>ejus</strong></span> <span class='ocrx_word' id='word_1_741' title='bbox 897 2063 957 2082; x_wconf 86' lang='lat' dir='ltr'><strong>cum</strong></span> <span class='ocrx_word' id='word_1_742' title='bbox 973 2057 1008 2082; x_wconf 90' lang='lat' dir='ltr'><strong>sit</strong></span> <span class='ocrx_word' id='word_1_743' title='bbox 1023 2055 1144 2082; x_wconf 85' lang='lat' dir='ltr'><strong>absoluta</strong></span> <span class='ocrx_word' id='word_1_744' title='bbox 1164 2057 1198 2082; x_wconf 90' lang='lat' dir='ltr'><strong>ab</strong></span> <span class='ocrx_word' id='word_1_745' title='bbox 1212 2054 1291 2082; x_wconf 85' lang='lat' dir='ltr'><strong>omni</strong></span> <span class='ocrx_word' id='word_1_746' title='bbox 1302 2061 1439 2086; x_wconf 82' lang='lat' dir='ltr'><strong>creatura,</strong></span> <span class='ocrx_word' id='word_1_747' title='bbox 1456 2063 1508 2082; x_wconf 90' lang='lat' dir='ltr'><strong>non</strong></span> <span class='ocrx_word' id='word_1_748' title='bbox 1525 2060 1568 2082; x_wconf 87' lang='lat' dir='ltr'><strong>est</strong></span> <span class='ocrx_word' id='word_1_749' title='bbox 1591 2056 1617 2082; x_wconf 92' lang='lat' dir='ltr'><strong>in</strong></span> <span class='ocrx_word' id='word_1_750' title='bbox 1636 2063 1774 2088; x_wconf 81' lang='lat' dir='ltr'><strong>creatura,</strong></span> 
     </span>
    </p>
   </div>
   <div class='ocr_carea' id='block_1_56' title="bbox 159 2090 1775 2126">
    <p class='ocr_par' dir='ltr' id='par_1_56' title="bbox 159 2090 1775 2126">
     <span class='ocr_line' id='line_1_56' title="bbox 159 2090 1775 2126; baseline 0 -8"><span class='ocrx_word' id='word_1_751' title='bbox 159 2091 211 2118; x_wconf 82' lang='lat' dir='ltr'><strong>nisi</strong></span> <span class='ocrx_word' id='word_1_752' title='bbox 228 2092 254 2118; x_wconf 87' lang='lat' dir='ltr'><strong>in</strong></span> <span class='ocrx_word' id='word_1_753' title='bbox 267 2096 398 2125; x_wconf 88' lang='lat' dir='ltr'><strong>quantum</strong></span> <span class='ocrx_word' id='word_1_754' title='bbox 413 2090 564 2126; x_wconf 80' lang='lat' dir='ltr'><strong>applicatur</strong></span> <span class='ocrx_word' id='word_1_755' title='bbox 578 2092 616 2118; x_wconf 87' lang='lat' dir='ltr'><strong>Illi</strong></span> <span class='ocrx_word' id='word_1_756' title='bbox 636 2097 684 2124; x_wconf 88' lang='lat' dir='ltr'><strong>per</strong></span> <span class='ocrx_word' id='word_1_757' title='bbox 698 2090 894 2124; x_wconf 84' lang='lat' dir='ltr'><strong>operationem,</strong></span> <span class='ocrx_word' id='word_1_758' title='bbox 911 2095 938 2116; x_wconf 91' lang='lat' dir='ltr'><strong>et</strong></span> <span class='ocrx_word' id='word_1_759' title='bbox 952 2091 1100 2118; x_wconf 90' lang='lat' dir='ltr'><strong>secundum</strong></span> <span class='ocrx_word' id='word_1_760' title='bbox 1116 2092 1167 2117; x_wconf 90' lang='lat' dir='ltr'><strong>hoc</strong></span> <span class='ocrx_word' id='word_1_761' title='bbox 1181 2091 1253 2124; x_wconf 89' lang='lat' dir='ltr'><strong>quod</strong></span> <span class='ocrx_word' id='word_1_762' title='bbox 1270 2096 1398 2126; x_wconf 86' lang='lat' dir='ltr'><strong>operatur</strong></span> <span class='ocrx_word' id='word_1_763' title='bbox 1415 2091 1500 2126; x_wconf 70' lang='lat' dir='ltr'><strong>iure,</strong></span> <span class='ocrx_word' id='word_1_764' title='bbox 1516 2091 1614 2117; x_wconf 78' lang='lat' dir='ltr'><strong>dicitur</strong></span> <span class='ocrx_word' id='word_1_765' title='bbox 1629 2099 1689 2118; x_wconf 81' lang='lat' dir='ltr'><strong>esse</strong></span> <span class='ocrx_word' id='word_1_766' title='bbox 1703 2092 1730 2118; x_wconf 91' lang='lat' dir='ltr'><strong>in</strong></span> <span class='ocrx_word' id='word_1_767' title='bbox 1747 2100 1775 2118; x_wconf 85' lang='lat' dir='ltr'><strong>re</strong></span> 
     </span>
    </p>
   </div>
   <div class='ocr_carea' id='block_1_57' title="bbox 158 2125 1773 2161">
    <p class='ocr_par' dir='ltr' id='par_1_57' title="bbox 158 2125 1773 2161">
     <span class='ocr_line' id='line_1_57' title="bbox 158 2125 1773 2161; baseline 0 -9"><span class='ocrx_word' id='word_1_768' title='bbox 158 2133 208 2161; x_wconf 84' lang='lat' dir='ltr'><strong>per</strong></span> <span class='ocrx_word' id='word_1_769' title='bbox 222 2128 402 2159; x_wconf 72' lang='lat' dir='ltr'><strong>prtesentiam,</strong></span> <span class='ocrx_word' id='word_1_770' title='bbox 420 2127 567 2153; x_wconf 86' lang='lat' dir='ltr'><strong>secundum</strong></span> <span class='ocrx_word' id='word_1_771' title='bbox 584 2125 655 2160; x_wconf 86' lang='lat' dir='ltr'><strong>quod</strong></span> <span class='ocrx_word' id='word_1_772' title='bbox 673 2132 788 2159; x_wconf 69' lang='lat' dir='ltr'><strong>operatus</strong></span> <span class='ocrx_word' id='word_1_773' title='bbox 802 2131 914 2159; x_wconf 83' lang='lat' dir='ltr'><strong>operato</strong></span> <span class='ocrx_word' id='word_1_774' title='bbox 929 2126 1009 2152; x_wconf 89' lang='lat' dir='ltr'><strong>debet</strong></span> <span class='ocrx_word' id='word_1_775' title='bbox 1021 2133 1082 2153; x_wconf 80' lang='lat' dir='ltr'><strong>esse</strong></span> <span class='ocrx_word' id='word_1_776' title='bbox 1100 2126 1188 2160; x_wconf 88' lang='lat' dir='ltr'><strong>aliquo</strong></span> <span class='ocrx_word' id='word_1_777' title='bbox 1204 2125 1428 2160; x_wconf 37' lang='lat' dir='ltr'><strong>modo’prmsens.</strong></span> <span class='ocrx_word' id='word_1_778' title='bbox 1446 2125 1479 2151; x_wconf 85' lang='lat' dir='ltr'><strong>Et</strong></span> <span class='ocrx_word' id='word_1_779' title='bbox 1491 2126 1554 2160; x_wconf 87' lang='lat' dir='ltr'><strong>quia</strong></span> <span class='ocrx_word' id='word_1_780' title='bbox 1577 2126 1699 2160; x_wconf 83' lang='lat' dir='ltr'><strong>operatio</strong></span> <span class='ocrx_word' id='word_1_781' title='bbox 1720 2134 1773 2153; x_wconf 92' lang='lat' dir='ltr'><strong>non</strong></span> 
     </span>
    </p>
   </div>
   <div class='ocr_carea' id='block_1_58' title="bbox 160 2160 1774 2196">
    <p class='ocr_par' dir='ltr' id='par_1_58' title="bbox 160 2160 1774 2196">
     <span class='ocr_line' id='line_1_58' title="bbox 160 2160 1774 2196; baseline 0.001 -9"><span class='ocrx_word' id='word_1_782' title='bbox 160 2160 262 2188; x_wconf 81' lang='lat' dir='ltr'><strong>deserit</strong></span> <span class='ocrx_word' id='word_1_783' title='bbox 276 2162 404 2188; x_wconf 86' lang='lat' dir='ltr'><strong>virtutem</strong></span> <span class='ocrx_word' id='word_1_784' title='bbox 420 2162 538 2189; x_wconf 91' lang='lat' dir='ltr'><strong>divinam</strong></span> <span class='ocrx_word' id='word_1_785' title='bbox 555 2168 570 2187; x_wconf 88' lang='lat' dir='ltr'><strong>a</strong></span> <span class='ocrx_word' id='word_1_786' title='bbox 585 2169 638 2195; x_wconf 87' lang='lat' dir='ltr'><strong>qua</strong></span> <span class='ocrx_word' id='word_1_787' title='bbox 653 2163 719 2192; x_wconf 85' lang='lat' dir='ltr'><strong>exit,</strong></span> <span class='ocrx_word' id='word_1_788' title='bbox 736 2161 795 2187; x_wconf 83' lang='lat' dir='ltr'><strong>ideo</strong></span> <span class='ocrx_word' id='word_1_789' title='bbox 814 2160 911 2186; x_wconf 88' lang='lat' dir='ltr'><strong>dicitur</strong></span> <span class='ocrx_word' id='word_1_790' title='bbox 924 2168 983 2187; x_wconf 75' lang='lat' dir='ltr'><strong>esse</strong></span> <span class='ocrx_word' id='word_1_791' title='bbox 998 2161 1023 2187; x_wconf 94' lang='lat' dir='ltr'><strong>in</strong></span> <span class='ocrx_word' id='word_1_792' title='bbox 1039 2169 1069 2187; x_wconf 88' lang='lat' dir='ltr'><strong>re</strong></span> <span class='ocrx_word' id='word_1_793' title='bbox 1083 2168 1130 2195; x_wconf 88' lang='lat' dir='ltr'><strong>per</strong></span> <span class='ocrx_word' id='word_1_794' title='bbox 1145 2162 1304 2196; x_wconf 82' lang='lat' dir='ltr'><strong>potentiam.</strong></span> <span class='ocrx_word' id='word_1_795' title='bbox 1322 2161 1355 2188; x_wconf 86' lang='lat' dir='ltr'><strong>Et</strong></span> <span class='ocrx_word' id='word_1_796' title='bbox 1369 2162 1432 2195; x_wconf 86' lang='lat' dir='ltr'><strong>quia</strong></span> <span class='ocrx_word' id='word_1_797' title='bbox 1450 2162 1535 2187; x_wconf 89' lang='lat' dir='ltr'><strong>virtus</strong></span> <span class='ocrx_word' id='word_1_798' title='bbox 1549 2166 1590 2188; x_wconf 88' lang='lat' dir='ltr'><strong>est</strong></span> <span class='ocrx_word' id='word_1_799' title='bbox 1606 2162 1662 2196; x_wconf 74' lang='lat' dir='ltr'><strong>ipsa</strong></span> <span class='ocrx_word' id='word_1_800' title='bbox 1678 2169 1774 2188; x_wconf 82' lang='lat' dir='ltr'><strong>essen-</strong></span> 
     </span>
    </p>
   </div>
   <div class='ocr_carea' id='block_1_59' title="bbox 160 2196 1000 2230">
    <p class='ocr_par' dir='ltr' id='par_1_59' title="bbox 160 2196 1000 2230">
     <span class='ocr_line' id='line_1_59' title="bbox 160 2196 1000 2230; baseline 0 -8"><span class='ocrx_word' id='word_1_801' title='bbox 160 2197 208 2229; x_wconf 90' lang='lat' dir='ltr'><strong>tia,</strong></span> <span class='ocrx_word' id='word_1_802' title='bbox 224 2197 284 2223; x_wconf 89' lang='lat' dir='ltr'><strong>ideo</strong></span> <span class='ocrx_word' id='word_1_803' title='bbox 300 2197 488 2230; x_wconf 82' lang='lat' dir='ltr'><strong>consequitur,</strong></span> <span class='ocrx_word' id='word_1_804' title='bbox 503 2201 531 2222; x_wconf 91' lang='lat' dir='ltr'><strong>ut</strong></span> <span class='ocrx_word' id='word_1_805' title='bbox 546 2197 627 2223; x_wconf 84' lang='lat' dir='ltr'><strong>etiam</strong></span> <span class='ocrx_word' id='word_1_806' title='bbox 644 2196 671 2222; x_wconf 92' lang='lat' dir='ltr'><strong>in</strong></span> <span class='ocrx_word' id='word_1_807' title='bbox 688 2203 717 2222; x_wconf 87' lang='lat' dir='ltr'><strong>re</strong></span> <span class='ocrx_word' id='word_1_808' title='bbox 733 2196 769 2222; x_wconf 87' lang='lat' dir='ltr'><strong>sit</strong></span> <span class='ocrx_word' id='word_1_809' title='bbox 781 2202 829 2228; x_wconf 89' lang='lat' dir='ltr'><strong>per</strong></span> <span class='ocrx_word' id='word_1_810' title='bbox 843 2196 1000 2223; x_wconf 86' lang='lat' dir='ltr'><strong>essentiam.</strong></span> 
     </span>
    </p>
   </div>
   <div class='ocr_carea' id='block_1_60' title="bbox 195 2230 1774 2266">
    <p class='ocr_par' dir='ltr' id='par_1_60' title="bbox 195 2230 1774 2266">
     <span class='ocr_line' id='line_1_60' title="bbox 195 2230 1774 2266; baseline 0 -9"><span class='ocrx_word' id='word_1_811' title='bbox 195 2232 262 2258; x_wconf 83' lang='lat' dir='ltr'><strong>Nota</strong></span> <span class='ocrx_word' id='word_1_812' title='bbox 278 2233 374 2265; x_wconf 84' lang='lat' dir='ltr'><strong>tertio,</strong></span> <span class='ocrx_word' id='word_1_813' title='bbox 389 2240 421 2258; x_wconf 79' lang='lat' dir='ltr'><strong>ex</strong></span> <span class='ocrx_word' id='word_1_814' title='bbox 435 2239 468 2259; x_wconf 86' lang='lat' dir='ltr'><strong>eo</strong></span> <span class='ocrx_word' id='word_1_815' title='bbox 483 2232 554 2265; x_wconf 89' lang='lat' dir='ltr'><strong>quod</strong></span> <span class='ocrx_word' id='word_1_816' title='bbox 570 2230 714 2265; x_wconf 78' lang='lat' dir='ltr'><strong>subiungat</strong></span> <span class='ocrx_word' id='word_1_817' title='bbox 729 2239 736 2258; x_wconf 87' lang='lat'>:</span> <span class='ocrx_word' id='word_1_818' title='bbox 755 2230 882 2266; x_wconf 84' lang='lat' dir='ltr'><strong>Quinimo</strong></span> <span class='ocrx_word' id='word_1_819' title='bbox 894 2231 983 2266; x_wconf 72' lang='lat' dir='ltr'><strong>dicere</strong></span> <span class='ocrx_word' id='word_1_820' title='bbox 1002 2232 1031 2257; x_wconf 81' lang='lat' dir='ltr'><strong>in</strong></span> <span class='ocrx_word' id='word_1_821' title='bbox 1051 2231 1172 2258; x_wconf 76' lang='lat' dir='ltr'><strong>omnibus</strong></span> <span class='ocrx_word' id='word_1_822' title='bbox 1195 2232 1272 2258; x_wconf 78' lang='lat' dir='ltr'><strong>rebus</strong></span> <span class='ocrx_word' id='word_1_823' title='bbox 1286 2232 1373 2266; x_wconf 79' lang='lat' dir='ltr'><strong>ipsum</strong></span> <span class='ocrx_word' id='word_1_824' title='bbox 1393 2239 1463 2263; x_wconf 78' lang='lat' dir='ltr'><strong>esse,</strong></span> <span class='ocrx_word' id='word_1_825' title='bbox 1477 2231 1541 2266; x_wconf 83' lang='lat' dir='ltr'><strong>quid</strong></span> <span class='ocrx_word' id='word_1_826' title='bbox 1560 2231 1647 2258; x_wconf 82' lang='lat' dir='ltr'><strong>minus</strong></span> <span class='ocrx_word' id='word_1_827' title='bbox 1662 2236 1699 2258; x_wconf 76' lang='lat' dir='ltr'><strong>est</strong></span> <span class='ocrx_word' id='word_1_828' title='bbox 1715 2232 1774 2266; x_wconf 76' lang='lat' dir='ltr'><strong>ejus</strong></span> 
     </span>
    </p>
   </div>
   <div class='ocr_carea' id='block_1_61' title="bbox 158 2265 1774 2300">
    <p class='ocr_par' dir='ltr' id='par_1_61' title="bbox 158 2265 1774 2300">
     <span class='ocr_line' id='line_1_61' title="bbox 158 2265 1774 2300; baseline -0.001 -6"><span class='ocrx_word' id='word_1_829' title='bbox 158 2267 299 2300; x_wconf 75' lang='lat' dir='ltr'><strong>inﬁnitate,</strong></span> <span class='ocrx_word' id='word_1_830' title='bbox 318 2272 342 2294; x_wconf 82' lang='lat' dir='ltr'><strong>et</strong></span> <span class='ocrx_word' id='word_1_831' title='bbox 361 2268 462 2294; x_wconf 69' lang='lat' dir='ltr'><strong>extudit</strong></span> <span class='ocrx_word' id='word_1_832' title='bbox 478 2271 502 2293; x_wconf 86' lang='lat' dir='ltr'><strong>et</strong></span> <span class='ocrx_word' id='word_1_833' title='bbox 525 2266 638 2292; x_wconf 83' lang='lat' dir='ltr'><strong>continet</strong></span> <span class='ocrx_word' id='word_1_834' title='bbox 662 2266 796 2297; x_wconf 76' lang='lat' dir='ltr'><strong>uniuersa,</strong></span> <span class='ocrx_word' id='word_1_835' title='bbox 812 2265 955 2292; x_wconf 81' lang='lat' dir='ltr'><strong>manifeste</strong></span> <span class='ocrx_word' id='word_1_836' title='bbox 971 2266 1072 2300; x_wconf 84' lang='lat' dir='ltr'><strong>colligi,</strong></span> <span class='ocrx_word' id='word_1_837' title='bbox 1091 2267 1174 2293; x_wconf 88' lang='lat' dir='ltr'><strong>Deum</strong></span> <span class='ocrx_word' id='word_1_838' title='bbox 1200 2275 1252 2293; x_wconf 86' lang='lat' dir='ltr'><strong>non</strong></span> <span class='ocrx_word' id='word_1_839' title='bbox 1277 2267 1364 2294; x_wconf 84' lang='lat' dir='ltr'><strong>solum</strong></span> <span class='ocrx_word' id='word_1_840' title='bbox 1389 2274 1449 2294; x_wconf 71' lang='lat' dir='ltr'><strong>esse</strong></span> <span class='ocrx_word' id='word_1_841' title='bbox 1476 2268 1502 2293; x_wconf 81' lang='grc' dir='ltr'><strong>ιιι</strong></span> <span class='ocrx_word' id='word_1_842' title='bbox 1530 2268 1580 2293; x_wconf 87' lang='lat' dir='ltr'><strong>hoc</strong></span> <span class='ocrx_word' id='word_1_843' title='bbox 1600 2267 1710 2298; x_wconf 90' lang='lat' dir='ltr'><strong>mundo,</strong></span> <span class='ocrx_word' id='word_1_844' title='bbox 1727 2265 1774 2294; x_wconf 78' lang='lat' dir='ltr'><strong>sed</strong></span> 
     </span>
    </p>
   </div>
   <div class='ocr_carea' id='block_1_62' title="bbox 159 2300 1774 2336">
    <p class='ocr_par' dir='ltr' id='par_1_62' title="bbox 159 2300 1774 2336">
     <span class='ocr_line' id='line_1_62' title="bbox 159 2300 1774 2336; baseline -0.001 -7"><span class='ocrx_word' id='word_1_845' title='bbox 159 2303 241 2329; x_wconf 85' lang='lat' dir='ltr'><strong>etiam</strong></span> <span class='ocrx_word' id='word_1_846' title='bbox 252 2307 327 2329; x_wconf 85' lang='lat' dir='ltr'><strong>extra</strong></span> <span class='ocrx_word' id='word_1_847' title='bbox 342 2303 470 2329; x_wconf 88' lang='lat' dir='ltr'><strong>mttndutn</strong></span> <span class='ocrx_word' id='word_1_848' title='bbox 482 2308 529 2335; x_wconf 86' lang='lat' dir='ltr'><strong>per</strong></span> <span class='ocrx_word' id='word_1_849' title='bbox 540 2302 669 2328; x_wconf 83' lang='lat' dir='ltr'><strong>immensa</strong></span> <span class='ocrx_word' id='word_1_850' title='bbox 684 2302 769 2335; x_wconf 83' lang='lat' dir='ltr'><strong>spatia</strong></span> <span class='ocrx_word' id='word_1_851' title='bbox 781 2300 921 2333; x_wconf 75' lang='lat' dir='ltr'><strong>dill&#39;usutn;</strong></span> <span class='ocrx_word' id='word_1_852' title='bbox 941 2301 1010 2328; x_wconf 82' lang='lat' dir='ltr'><strong>sicut</strong></span> <span class='ocrx_word' id='word_1_853' title='bbox 1025 2301 1112 2328; x_wconf 90' lang='lat' dir='ltr'><strong>lumen</strong></span> <span class='ocrx_word' id='word_1_854' title='bbox 1128 2302 1263 2336; x_wconf 87' lang='lat' dir='ltr'><strong>quoddam</strong></span> <span class='ocrx_word' id='word_1_855' title='bbox 1281 2310 1332 2328; x_wconf 91' lang='lat' dir='ltr'><strong>non</strong></span> <span class='ocrx_word' id='word_1_856' title='bbox 1347 2301 1431 2328; x_wconf 90' lang='lat' dir='ltr'><strong>solum</strong></span> <span class='ocrx_word' id='word_1_857' title='bbox 1443 2306 1529 2329; x_wconf 89' lang='lat' dir='ltr'><strong>totum</strong></span> <span class='ocrx_word' id='word_1_858' title='bbox 1544 2309 1681 2336; x_wconf 88' lang='lat' dir='ltr'><strong>occupans</strong></span> <span class='ocrx_word' id='word_1_859' title='bbox 1695 2310 1774 2328; x_wconf 91' lang='lat' dir='ltr'><strong>mun-</strong></span> 
     </span>
    </p>
   </div>
   <div class='ocr_carea' id='block_1_63' title="bbox 159 2335 1774 2371">
    <p class='ocr_par' dir='ltr' id='par_1_63' title="bbox 159 2335 1774 2371">
     <span class='ocr_line' id='line_1_63' title="bbox 159 2335 1774 2371; baseline -0.001 -7"><span class='ocrx_word' id='word_1_860' title='bbox 159 2338 238 2368; x_wconf 91' lang='lat' dir='ltr'><strong>dum,</strong></span> <span class='ocrx_word' id='word_1_861' title='bbox 255 2338 300 2364; x_wconf 88' lang='lat' dir='ltr'><strong>sed</strong></span> <span class='ocrx_word' id='word_1_862' title='bbox 313 2343 466 2364; x_wconf 87' lang='lat' dir='ltr'><strong>extrorsum</strong></span> <span class='ocrx_word' id='word_1_863' title='bbox 484 2338 510 2363; x_wconf 91' lang='lat' dir='ltr'><strong>in</strong></span> <span class='ocrx_word' id='word_1_864' title='bbox 524 2342 631 2363; x_wconf 89' lang='lat' dir='ltr'><strong>omnem</strong></span> <span class='ocrx_word' id='word_1_865' title='bbox 649 2342 753 2369; x_wconf 85' lang='lat' dir='ltr'><strong>pattcm</strong></span> <span class='ocrx_word' id='word_1_866' title='bbox 771 2343 799 2362; x_wconf 90' lang='lat' dir='ltr'><strong>se</strong></span> <span class='ocrx_word' id='word_1_867' title='bbox 819 2335 921 2370; x_wconf 67' lang='lat' dir='ltr'><strong>abstine</strong></span> <span class='ocrx_word' id='word_1_868' title='bbox 940 2337 1053 2363; x_wconf 91' lang='lat' dir='ltr'><strong>tertnino</strong></span> <span class='ocrx_word' id='word_1_869' title='bbox 1068 2338 1216 2364; x_wconf 78' lang='lat' dir='ltr'><strong>extendens</strong></span> <span class='ocrx_word' id='word_1_870' title='bbox 1233 2347 1239 2364; x_wconf 97' lang='lat'>:</span> <span class='ocrx_word' id='word_1_871' title='bbox 1255 2338 1325 2371; x_wconf 85' lang='lat' dir='ltr'><strong>quod</strong></span> <span class='ocrx_word' id='word_1_872' title='bbox 1343 2339 1412 2364; x_wconf 90' lang='lat' dir='ltr'><strong>bene</strong></span> <span class='ocrx_word' id='word_1_873' title='bbox 1432 2339 1530 2370; x_wconf 85' lang='lat' dir='ltr'><strong>prohat</strong></span> <span class='ocrx_word' id='word_1_874' title='bbox 1549 2335 1658 2363; x_wconf 79' lang='lat' dir='ltr'><strong>Lcssitts</strong></span> <span class='ocrx_word' id='word_1_875' title='bbox 1675 2337 1722 2364; x_wconf 81' lang='lat' dir='ltr'><strong>lil).</strong></span> <span class='ocrx_word' id='word_1_876' title='bbox 1738 2345 1774 2369; x_wconf 85' lang='lat' dir='ltr'><strong>tt,</strong></span> 
     </span>
    </p>
   </div>
   <div class='ocr_carea' id='block_1_64' title="bbox 158 2371 1775 2406">
    <p class='ocr_par' dir='ltr' id='par_1_64' title="bbox 158 2371 1775 2406">
     <span class='ocr_line' id='line_1_64' title="bbox 158 2371 1775 2406; baseline -0.001 -8"><span class='ocrx_word' id='word_1_877' title='bbox 158 2372 197 2398; x_wconf 77' lang='lat' dir='ltr'><strong>De</strong></span> <span class='ocrx_word' id='word_1_878' title='bbox 216 2373 420 2406; x_wconf 72' lang='lat' dir='ltr'><strong>perfectionibus</strong></span> <span class='ocrx_word' id='word_1_879' title='bbox 442 2372 547 2402; x_wconf 68' lang='lat' dir='ltr'><strong>divinis,</strong></span> <span class='ocrx_word' id='word_1_880' title='bbox 568 2378 630 2405; x_wconf 87' lang='lat' dir='ltr'><strong>cap.</strong></span> <span class='ocrx_word' id='word_1_881' title='bbox 647 2372 674 2398; x_wconf 77' lang='lat'><strong>‘2.</strong></span> <span class='ocrx_word' id='word_1_882' title='bbox 699 2381 708 2397; x_wconf 76' lang='grc' dir='ltr'><strong>ι</strong></span> <span class='ocrx_word' id='word_1_883' title='bbox 728 2372 804 2398; x_wconf 82' lang='lat' dir='ltr'><strong>Sicut</strong></span> <span class='ocrx_word' id='word_1_884' title='bbox 819 2371 908 2403; x_wconf 85' lang='lat' dir='ltr'><strong>enim,</strong></span> <span class='ocrx_word' id='word_1_885' title='bbox 927 2371 1032 2406; x_wconf 84' lang='lat' dir='ltr'><strong>inquit,</strong></span> <span class='ocrx_word' id='word_1_886' title='bbox 1046 2373 1188 2399; x_wconf 85' lang='lat' dir='ltr'><strong>coexsistit</strong></span> <span class='ocrx_word' id='word_1_887' title='bbox 1204 2379 1257 2399; x_wconf 90' lang='lat' dir='ltr'><strong>non</strong></span> <span class='ocrx_word' id='word_1_888' title='bbox 1272 2372 1358 2399; x_wconf 89' lang='lat' dir='ltr'><strong>solum</strong></span> <span class='ocrx_word' id='word_1_889' title='bbox 1380 2373 1517 2399; x_wconf 86' lang='lat' dir='ltr'><strong>dttrationt</strong></span> <span class='ocrx_word' id='word_1_890' title='bbox 1534 2372 1706 2405; x_wconf 74' lang='lat' dir='ltr'><strong>huiusmodi,</strong></span> <span class='ocrx_word' id='word_1_891' title='bbox 1727 2374 1775 2399; x_wconf 81' lang='lat' dir='ltr'><strong>sed</strong></span> 
     </span>
    </p>
   </div>
   <div class='ocr_carea' id='block_1_65' title="bbox 158 2406 1774 2441">
    <p class='ocr_par' dir='ltr' id='par_1_65' title="bbox 158 2406 1774 2441">
     <span class='ocr_line' id='line_1_65' title="bbox 158 2406 1774 2441; baseline -0.001 -8"><span class='ocrx_word' id='word_1_892' title='bbox 158 2408 240 2434; x_wconf 87' lang='lat' dir='ltr'><strong>etiam</strong></span> <span class='ocrx_word' id='word_1_893' title='bbox 266 2409 404 2434; x_wconf 87' lang='lat' dir='ltr'><strong>itmneusis</strong></span> <span class='ocrx_word' id='word_1_894' title='bbox 425 2406 575 2434; x_wconf 85' lang='lat' dir='ltr'><strong>intervallis</strong></span> <span class='ocrx_word' id='word_1_895' title='bbox 591 2414 651 2440; x_wconf 65' lang='lat' dir='ltr'><strong>quae</strong></span> <span class='ocrx_word' id='word_1_896' title='bbox 670 2411 735 2433; x_wconf 87' lang='lat' dir='ltr'><strong>sunt</strong></span> <span class='ocrx_word' id='word_1_897' title='bbox 748 2410 823 2433; x_wconf 82' lang='lat' dir='ltr'><strong>extra</strong></span> <span class='ocrx_word' id='word_1_898' title='bbox 839 2407 978 2440; x_wconf 81' lang='lat' dir='ltr'><strong>mundum,</strong></span> <span class='ocrx_word' id='word_1_899' title='bbox 994 2408 1123 2434; x_wconf 89' lang='lat' dir='ltr'><strong>nimirutu</strong></span> <span class='ocrx_word' id='word_1_900' title='bbox 1143 2407 1222 2434; x_wconf 86' lang='lat' dir='ltr'><strong>simul</strong></span> <span class='ocrx_word' id='word_1_901' title='bbox 1236 2412 1264 2434; x_wconf 85' lang='lat' dir='ltr'><strong>et</strong></span> <span class='ocrx_word' id='word_1_902' title='bbox 1284 2406 1367 2434; x_wconf 87' lang='lat' dir='ltr'><strong>semel</strong></span> <span class='ocrx_word' id='word_1_903' title='bbox 1384 2409 1473 2434; x_wconf 84' lang='lat' dir='ltr'><strong>omnia</strong></span> <span class='ocrx_word' id='word_1_904' title='bbox 1491 2407 1609 2434; x_wconf 89' lang='lat' dir='ltr'><strong>locortuu</strong></span> <span class='ocrx_word' id='word_1_905' title='bbox 1626 2412 1654 2433; x_wconf 88' lang='lat' dir='ltr'><strong>et</strong></span> <span class='ocrx_word' id='word_1_906' title='bbox 1670 2412 1774 2441; x_wconf 87' lang='lat' dir='ltr'><strong>tempo-</strong></span> 
     </span>
    </p>
   </div>
   <div class='ocr_carea' id='block_1_66' title="bbox 158 2441 1773 2477">
    <p class='ocr_par' dir='ltr' id='par_1_66' title="bbox 158 2441 1773 2477">
     <span class='ocr_line' id='line_1_66' title="bbox 158 2441 1773 2477; baseline -0.001 -8"><span class='ocrx_word' id='word_1_907' title='bbox 158 2450 218 2469; x_wconf 89' lang='lat' dir='ltr'><strong>rum</strong></span> <span class='ocrx_word' id='word_1_908' title='bbox 245 2442 388 2468; x_wconf 87' lang='lat' dir='ltr'><strong>intervalla</strong></span> <span class='ocrx_word' id='word_1_909' title='bbox 410 2449 547 2476; x_wconf 88' lang='lat' dir='ltr'><strong>occupans</strong></span> <span class='ocrx_word' id='word_1_910' title='bbox 571 2446 599 2468; x_wconf 87' lang='lat' dir='ltr'><strong>et</strong></span> <span class='ocrx_word' id='word_1_911' title='bbox 621 2442 777 2476; x_wconf 63' lang='lat' dir='ltr'><strong>adatquans.</strong></span> <span class='ocrx_word' id='word_1_912' title='bbox 801 2441 878 2469; x_wconf 87' lang='lat' dir='ltr'><strong>Unde</strong></span> <span class='ocrx_word' id='word_1_913' title='bbox 902 2442 973 2468; x_wconf 84' lang='lat' dir='ltr'><strong>sicut</strong></span> <span class='ocrx_word' id='word_1_914' title='bbox 993 2448 1058 2469; x_wconf 85' lang='lat' dir='ltr'><strong>ante</strong></span> <span class='ocrx_word' id='word_1_915' title='bbox 1079 2443 1219 2473; x_wconf 83' lang='lat' dir='ltr'><strong>mundum,</strong></span> <span class='ocrx_word' id='word_1_916' title='bbox 1242 2443 1345 2470; x_wconf 91' lang='lat' dir='ltr'><strong>nullum</strong></span> <span class='ocrx_word' id='word_1_917' title='bbox 1362 2447 1450 2476; x_wconf 84' lang='lat' dir='ltr'><strong>potest</strong></span> <span class='ocrx_word' id='word_1_918' title='bbox 1466 2443 1570 2477; x_wconf 77' lang='lat' dir='ltr'><strong>signari</strong></span> <span class='ocrx_word' id='word_1_919' title='bbox 1587 2448 1773 2473; x_wconf 85' lang='lat' dir='ltr'><strong>momentum,</strong></span> 
     </span>
    </p>
   </div>
   <div class='ocr_carea' id='block_1_67' title="bbox 158 2477 1775 2512">
    <p class='ocr_par' dir='ltr' id='par_1_67' title="bbox 158 2477 1775 2512">
     <span class='ocr_line' id='line_1_67' title="bbox 158 2477 1775 2512; baseline 0.001 -11"><span class='ocrx_word' id='word_1_920' title='bbox 158 2478 333 2511; x_wconf 82' lang='lat' dir='ltr'><strong>quantumvis</strong></span> <span class='ocrx_word' id='word_1_921' title='bbox 347 2484 361 2504; x_wconf 90' lang='lat' dir='ltr'><strong>a</strong></span> <span class='ocrx_word' id='word_1_922' title='bbox 379 2477 512 2511; x_wconf 90' lang='lat' dir='ltr'><strong>principio</strong></span> <span class='ocrx_word' id='word_1_923' title='bbox 526 2477 618 2503; x_wconf 92' lang='lat' dir='ltr'><strong>mundi</strong></span> <span class='ocrx_word' id='word_1_924' title='bbox 634 2478 749 2508; x_wconf 66' lang='lat' dir='ltr'><strong>distans,</strong></span> <span class='ocrx_word' id='word_1_925' title='bbox 764 2478 789 2502; x_wconf 93' lang='lat' dir='ltr'><strong>in</strong></span> <span class='ocrx_word' id='word_1_926' title='bbox 804 2484 856 2510; x_wconf 89' lang='lat' dir='ltr'><strong>quo</strong></span> <span class='ocrx_word' id='word_1_927' title='bbox 866 2484 922 2512; x_wconf 82' lang='lat' dir='ltr'><strong>non</strong></span> <span class='ocrx_word' id='word_1_928' title='bbox 937 2477 973 2503; x_wconf 88' lang='lat' dir='ltr'><strong>sit</strong></span> <span class='ocrx_word' id='word_1_929' title='bbox 988 2478 1072 2509; x_wconf 84' lang='lat' dir='ltr'><strong>Deus;</strong></span> <span class='ocrx_word' id='word_1_930' title='bbox 1090 2478 1127 2504; x_wconf 89' lang='lat' dir='ltr'><strong>ita</strong></span> <span class='ocrx_word' id='word_1_931' title='bbox 1144 2482 1221 2504; x_wconf 85' lang='lat' dir='ltr'><strong>extra</strong></span> <span class='ocrx_word' id='word_1_932' title='bbox 1238 2478 1367 2504; x_wconf 88' lang='lat' dir='ltr'><strong>mnudttm</strong></span> <span class='ocrx_word' id='word_1_933' title='bbox 1381 2477 1482 2503; x_wconf 88' lang='lat' dir='ltr'><strong>nttlltun</strong></span> <span class='ocrx_word' id='word_1_934' title='bbox 1497 2481 1586 2512; x_wconf 80' lang='lat' dir='ltr'><strong>potest</strong></span> <span class='ocrx_word' id='word_1_935' title='bbox 1602 2478 1667 2511; x_wconf 79' lang='lat' dir='ltr'><strong>ﬁngi</strong></span> <span class='ocrx_word' id='word_1_936' title='bbox 1685 2479 1775 2503; x_wconf 88' lang='lat' dir='ltr'><strong>anituo</strong></span> 
     </span>
    </p>
   </div>
   <div class='ocr_carea' id='block_1_68' title="bbox 158 2511 1777 2547">
    <p class='ocr_par' dir='ltr' id='par_1_68' title="bbox 158 2511 1777 2547">
     <span class='ocr_line' id='line_1_68' title="bbox 158 2511 1777 2547; baseline 0.001 -10"><span class='ocrx_word' id='word_1_937' title='bbox 158 2517 287 2547; x_wconf 83' lang='lat' dir='ltr'><strong>punctum</strong></span> <span class='ocrx_word' id='word_1_938' title='bbox 302 2513 477 2546; x_wconf 84' lang='lat' dir='ltr'><strong>quantumvis</strong></span> <span class='ocrx_word' id='word_1_939' title='bbox 489 2519 502 2537; x_wconf 89' lang='lat' dir='ltr'><strong>a</strong></span> <span class='ocrx_word' id='word_1_940' title='bbox 519 2513 619 2547; x_wconf 82' lang='lat' dir='ltr'><strong>mundo</strong></span> <span class='ocrx_word' id='word_1_941' title='bbox 635 2517 809 2547; x_wconf 20' lang='lat' dir='ltr'><strong>remotumret</strong></span> <span class='ocrx_word' id='word_1_942' title='bbox 821 2511 995 2544; x_wconf 86' lang='lat' dir='ltr'><strong>disjuuctum,</strong></span> <span class='ocrx_word' id='word_1_943' title='bbox 1012 2513 1055 2538; x_wconf 89' lang='lat' dir='ltr'><strong>ubi</strong></span> <span class='ocrx_word' id='word_1_944' title='bbox 1070 2513 1225 2547; x_wconf 85' lang='lat' dir='ltr'><strong>plenissime</strong></span> <span class='ocrx_word' id='word_1_945' title='bbox 1237 2521 1298 2540; x_wconf 82' lang='lat' dir='ltr'><strong>cuin</strong></span> <span class='ocrx_word' id='word_1_946' title='bbox 1314 2517 1368 2539; x_wconf 88' lang='lat' dir='ltr'><strong>tota</strong></span> <span class='ocrx_word' id='word_1_947' title='bbox 1379 2520 1426 2539; x_wconf 85' lang='lat' dir='ltr'><strong>sua</strong></span> <span class='ocrx_word' id='word_1_948' title='bbox 1442 2511 1596 2547; x_wconf 61' lang='lat' dir='ltr'><strong>majestate,</strong></span> <span class='ocrx_word' id='word_1_949' title='bbox 1613 2514 1732 2546; x_wconf 79' lang='lat' dir='ltr'><strong>potentia</strong></span> <span class='ocrx_word' id='word_1_950' title='bbox 1749 2517 1777 2539; x_wconf 86' lang='lat' dir='ltr'><strong>et</strong></span> 
     </span>
    </p>
   </div>
   <div class='ocr_carea' id='block_1_69' title="bbox 158 2546 1073 2581">
    <p class='ocr_par' dir='ltr' id='par_1_69' title="bbox 158 2546 1073 2581">
     <span class='ocr_line' id='line_1_69' title="bbox 158 2546 1073 2581; baseline 0.003 -9"><span class='ocrx_word' id='word_1_951' title='bbox 158 2546 244 2581; x_wconf 59' lang='lat' dir='ltr'><strong>gloria</strong></span> <span class='ocrx_word' id='word_1_952' title='bbox 261 2555 314 2574; x_wconf 91' lang='lat' dir='ltr'><strong>nou</strong></span> <span class='ocrx_word' id='word_1_953' title='bbox 331 2548 367 2573; x_wconf 91' lang='lat' dir='ltr'><strong>sit</strong></span> <span class='ocrx_word' id='word_1_954' title='bbox 382 2546 460 2575; x_wconf 88' lang='lat' dir='ltr'><strong>Deus.</strong></span> <span class='ocrx_word' id='word_1_955' title='bbox 481 2556 490 2571; x_wconf 77' lang='grc' dir='ltr'><strong>ι</strong></span> <span class='ocrx_word' id='word_1_956' title='bbox 512 2546 577 2574; x_wconf 86' lang='lat' dir='ltr'><strong>Vide</strong></span> <span class='ocrx_word' id='word_1_957' title='bbox 590 2547 667 2580; x_wconf 91' lang='lat' dir='ltr'><strong>plura</strong></span> <span class='ocrx_word' id='word_1_958' title='bbox 683 2548 751 2581; x_wconf 88' lang='lat' dir='ltr'><strong>apud</strong></span> <span class='ocrx_word' id='word_1_959' title='bbox 769 2546 890 2574; x_wconf 84' lang='lat' dir='ltr'><strong>Lessitnu</strong></span> <span class='ocrx_word' id='word_1_960' title='bbox 906 2547 964 2572; x_wconf 86' lang='lat' dir='ltr'><strong>loco</strong></span> <span class='ocrx_word' id='word_1_961' title='bbox 979 2548 1073 2574; x_wconf 86' lang='lat' dir='ltr'><strong>citato.</strong></span> 
     </span>
    </p>
   </div>
   <div class='ocr_carea' id='block_1_70' title="bbox 196 2581 961 2618">
    <p class='ocr_par' dir='ltr' id='par_1_70' title="bbox 196 2581 961 2618">
     <span class='ocr_line' id='line_1_70' title="bbox 196 2581 961 2618; baseline -0.003 -10"><span class='ocrx_word' id='word_1_962' title='bbox 196 2581 210 2617; x_wconf 83' lang='lat'>§</span> <span class='ocrx_word' id='word_1_963' title='bbox 230 2581 260 2608; x_wconf 94' lang='grc' dir='ltr'><strong>ΙΙ.</strong></span> <span class='ocrx_word' id='word_1_964' title='bbox 281 2581 520 2618; x_wconf 59' lang='grc' dir='ltr'><strong>Ρειι·ιιδ,ξιῳγειιιη</strong></span> <span class='ocrx_word' id='word_1_965' title='bbox 544 2582 595 2607; x_wconf 83' lang='lat' dir='ltr'><strong>ista</strong></span> <span class='ocrx_word' id='word_1_966' title='bbox 618 2587 696 2616; x_wconf 80' lang='lat' dir='ltr'><strong>atque</strong></span> <span class='ocrx_word' id='word_1_967' title='bbox 714 2582 896 2615; x_wconf 76' lang='lat' dir='ltr'><strong>antiquissima</strong></span> <span class='ocrx_word' id='word_1_968' title='bbox 913 2589 961 2618; x_wconf 56' lang='lat' dir='ltr'><strong>sun</strong></span> 
     </span>
    </p>
   </div>
   <div class='ocr_carea' id='block_1_71' title="bbox 1008 2581 1773 2618">
    <p class='ocr_par' dir='ltr' id='par_1_71' title="bbox 1008 2582 1773 2618">
     <span class='ocr_line' id='line_1_71' title="bbox 1008 2582 1773 2618; baseline 0.001 -10"><span class='ocrx_word' id='word_1_969' title='bbox 1008 2583 1053 2609; x_wconf 75' lang='lat' dir='ltr'><strong>itas</strong></span> <span class='ocrx_word' id='word_1_970' title='bbox 1076 2583 1268 2618; x_wconf 86' lang='lat' dir='ltr'><strong>theologorum.</strong></span> <span class='ocrx_word' id='word_1_971' title='bbox 1285 2582 1351 2610; x_wconf 85' lang='lat' dir='ltr'><strong>Nota</strong></span> <span class='ocrx_word' id='word_1_972' title='bbox 1371 2583 1434 2610; x_wconf 91' lang='lat' dir='ltr'><strong>hinc</strong></span> <span class='ocrx_word' id='word_1_973' title='bbox 1450 2583 1636 2610; x_wconf 80' lang='lat' dir='ltr'><strong>ﬁrmissimum</strong></span> <span class='ocrx_word' id='word_1_974' title='bbox 1654 2592 1668 2610; x_wconf 86' lang='lat' dir='ltr'><strong>a</strong></span> <span class='ocrx_word' id='word_1_975' title='bbox 1684 2585 1773 2609; x_wconf 84' lang='lat' dir='ltr'><strong>sancti</strong></span> 
     </span>
    </p>
   </div>
   <div class='ocr_carea' id='block_1_72' title="bbox 157 2615 1774 2653">
    <p class='ocr_par' dir='ltr' id='par_1_72' title="bbox 157 2615 1774 2653">
     <span class='ocr_line' id='line_1_72' title="bbox 157 2615 1774 2653; baseline -0.002 -8"><span class='ocrx_word' id='word_1_976' title='bbox 157 2615 280 2652; x_wconf 76' lang='lat' dir='ltr'><strong>Dionysii</strong></span> <span class='ocrx_word' id='word_1_977' title='bbox 303 2617 677 2653; x_wconf 7' lang='lat' dir='ltr'><strong>auctoritate,argumentum</strong></span> <span class='ocrx_word' id='word_1_978' title='bbox 699 2624 747 2650; x_wconf 91' lang='lat' dir='ltr'><strong>pro</strong></span> <span class='ocrx_word' id='word_1_979' title='bbox 770 2618 888 2650; x_wconf 88' lang='lat' dir='ltr'><strong>primatu</strong></span> <span class='ocrx_word' id='word_1_980' title='bbox 913 2615 996 2653; x_wconf 78' lang='lat' dir='ltr'><strong>Petri,</strong></span> <span class='ocrx_word' id='word_1_981' title='bbox 1012 2623 1039 2644; x_wconf 84' lang='lat' dir='ltr'><strong>et</strong></span> <span class='ocrx_word' id='word_1_982' title='bbox 1054 2615 1251 2653; x_wconf 76' lang='lat' dir='ltr'><strong>consequenter</strong></span> <span class='ocrx_word' id='word_1_983' title='bbox 1271 2618 1431 2645; x_wconf 80' lang='lat' dir='ltr'><strong>Pontiﬁcum</strong></span> <span class='ocrx_word' id='word_1_984' title='bbox 1451 2619 1633 2645; x_wconf 69' lang='lat' dir='ltr'><strong>Romanorum</strong></span> <span class='ocrx_word' id='word_1_985' title='bbox 1654 2618 1774 2651; x_wconf 80' lang='lat' dir='ltr'><strong>ejusdem</strong></span> 
     </span>
    </p>
   </div>
   <div class='ocr_carea' id='block_1_73' title="bbox 158 2651 1775 2688">
    <p class='ocr_par' dir='ltr' id='par_1_73' title="bbox 158 2651 1775 2688">
     <span class='ocr_line' id='line_1_73' title="bbox 158 2651 1775 2688; baseline -0.002 -8"><span class='ocrx_word' id='word_1_986' title='bbox 158 2651 364 2688; x_wconf 53' lang='lat' dir='ltr'><strong>successorum.</strong></span> <span class='ocrx_word' id='word_1_987' title='bbox 377 2651 508 2678; x_wconf 86' lang='lat' dir='ltr'><strong>Describit</strong></span> <span class='ocrx_word' id='word_1_988' title='bbox 522 2657 612 2688; x_wconf 84' lang='lat' dir='ltr'><strong>autem</strong></span> <span class='ocrx_word' id='word_1_989' title='bbox 632 2653 685 2684; x_wconf 91' lang='lat' dir='ltr'><strong>hic,</strong></span> <span class='ocrx_word' id='word_1_990' title='bbox 699 2653 834 2686; x_wconf 90' lang='lat' dir='ltr'><strong>quomodo</strong></span> <span class='ocrx_word' id='word_1_991' title='bbox 846 2652 963 2688; x_wconf 74' lang='lat' dir='ltr'><strong>apostoli</strong></span> <span class='ocrx_word' id='word_1_992' title='bbox 979 2660 1039 2679; x_wconf 92' lang='lat' dir='ltr'><strong>cum</strong></span> <span class='ocrx_word' id='word_1_993' title='bbox 1055 2654 1116 2680; x_wconf 87' lang='lat' dir='ltr'><strong>aliis</strong></span> <span class='ocrx_word' id='word_1_994' title='bbox 1135 2651 1286 2688; x_wconf 81' lang='lat' dir='ltr'><strong>discipulis,</strong></span> <span class='ocrx_word' id='word_1_995' title='bbox 1304 2655 1374 2680; x_wconf 87' lang='lat' dir='ltr'><strong>inter</strong></span> <span class='ocrx_word' id='word_1_996' title='bbox 1388 2661 1457 2687; x_wconf 88' lang='lat' dir='ltr'><strong>quos</strong></span> <span class='ocrx_word' id='word_1_997' title='bbox 1478 2655 1533 2687; x_wconf 83' lang='lat' dir='ltr'><strong>ipse</strong></span> <span class='ocrx_word' id='word_1_998' title='bbox 1549 2659 1609 2681; x_wconf 88' lang='lat' dir='ltr'><strong>erat</strong></span> <span class='ocrx_word' id='word_1_999' title='bbox 1630 2662 1692 2680; x_wconf 88' lang='lat' dir='ltr'><strong>cum</strong></span> <span class='ocrx_word' id='word_1_1000' title='bbox 1713 2653 1775 2678; x_wconf 77' lang='lat' dir='ltr'><strong>Ilie—</strong></span> 
     </span>
    </p>
   </div>
   <div class='ocr_carea' id='block_1_74' title="bbox 159 2686 1774 2722">
    <p class='ocr_par' dir='ltr' id='par_1_74' title="bbox 159 2686 1774 2722">
     <span class='ocr_line' id='line_1_74' title="bbox 159 2686 1774 2722; baseline -0.001 -8"><span class='ocrx_word' id='word_1_1001' title='bbox 159 2694 266 2719; x_wconf 81' lang='lat' dir='ltr'><strong>lotneo,</strong></span> <span class='ocrx_word' id='word_1_1002' title='bbox 283 2687 456 2715; x_wconf 82' lang='lat' dir='ltr'><strong>interl‘ucrint</strong></span> <span class='ocrx_word' id='word_1_1003' title='bbox 469 2686 607 2720; x_wconf 82' lang='lat' dir='ltr'><strong>exsequiis</strong></span> <span class='ocrx_word' id='word_1_1004' title='bbox 623 2687 707 2714; x_wconf 64' lang='lat' dir='ltr'><strong>beatae</strong></span> <span class='ocrx_word' id='word_1_1005' title='bbox 718 2688 829 2721; x_wconf 72' lang='lat' dir='ltr'><strong>virginis</strong></span> <span class='ocrx_word' id='word_1_1006' title='bbox 843 2687 943 2719; x_wconf 69' lang='lat' dir='ltr'><strong>Mat-itu,</strong></span> <span class='ocrx_word' id='word_1_1007' title='bbox 960 2695 1074 2722; x_wconf 87' lang='lat' dir='ltr'><strong>eatnquc</strong></span> <span class='ocrx_word' id='word_1_1008' title='bbox 1087 2690 1185 2717; x_wconf 82' lang='lat' dir='ltr'><strong>divinis</strong></span> <span class='ocrx_word' id='word_1_1009' title='bbox 1201 2686 1324 2717; x_wconf 74' lang='lat' dir='ltr'><strong>laudibus</strong></span> <span class='ocrx_word' id='word_1_1010' title='bbox 1339 2686 1501 2716; x_wconf 72' lang='lat' dir='ltr'><strong>celebrarunt</strong></span> <span class='ocrx_word' id='word_1_1011' title='bbox 1515 2697 1523 2715; x_wconf 74' lang='grc' dir='ltr'><strong>τ</strong></span> <span class='ocrx_word' id='word_1_1012' title='bbox 1543 2689 1603 2716; x_wconf 87' lang='lat' dir='ltr'><strong>vitle</strong></span> <span class='ocrx_word' id='word_1_1013' title='bbox 1618 2689 1774 2719; x_wconf 74' lang='lat' dir='ltr'><strong>Euromum,</strong></span> 
     </span>
    </p>
   </div>
   <div class='ocr_carea' id='block_1_75' title="bbox 159 2721 943 2757">
    <p class='ocr_par' dir='ltr' id='par_1_75' title="bbox 159 2721 943 2757">
     <span class='ocr_line' id='line_1_75' title="bbox 159 2721 943 2757; baseline -0.004 -6"><span class='ocrx_word' id='word_1_1014' title='bbox 159 2729 224 2751; x_wconf 87' lang='lat' dir='ltr'><strong>tom.</strong></span> <span class='ocrx_word' id='word_1_1015' title='bbox 238 2724 258 2755; x_wconf 86' lang='grc' dir='ltr'><strong>Ι,</strong></span> <span class='ocrx_word' id='word_1_1016' title='bbox 275 2724 307 2750; x_wconf 88' lang='lat' dir='ltr'><strong>ad</strong></span> <span class='ocrx_word' id='word_1_1017' title='bbox 322 2730 422 2750; x_wconf 87' lang='lat' dir='ltr'><strong>annum</strong></span> <span class='ocrx_word' id='word_1_1018' title='bbox 437 2721 536 2748; x_wconf 72' lang='lat' dir='ltr'><strong>Christi</strong></span> <span class='ocrx_word' id='word_1_1019' title='bbox 552 2723 787 2757; x_wconf 71' lang='lat' dir='ltr'><strong>quadragesimum</strong></span> <span class='ocrx_word' id='word_1_1020' title='bbox 807 2730 943 2750; x_wconf 83' lang='lat' dir='ltr'><strong>octavum.</strong></span> 
     </span>
    </p>
   </div>
   <div class='ocr_carea' id='block_1_76' title="bbox 194 2825 606 2860">
    <p class='ocr_par' dir='ltr' id='par_1_76' title="bbox 194 2825 606 2860">
     <span class='ocr_line' id='line_1_76' title="bbox 194 2825 606 2860; baseline 0.002 -9"><span class='ocrx_word' id='word_1_1021' title='bbox 194 2825 250 2860; x_wconf 63' lang='grc'><strong>(54)</strong></span> <span class='ocrx_word' id='word_1_1022' title='bbox 271 2825 330 2853; x_wconf 89' lang='lat' dir='ltr'><strong>Lib.</strong></span> <span class='ocrx_word' id='word_1_1023' title='bbox 348 2830 355 2849; x_wconf 90' lang='grc' dir='ltr'><strong>ι</strong></span> <span class='ocrx_word' id='word_1_1024' title='bbox 375 2825 410 2853; x_wconf 84' lang='lat' dir='ltr'><strong>De</strong></span> <span class='ocrx_word' id='word_1_1025' title='bbox 426 2825 524 2853; x_wconf 81' lang='lat' dir='ltr'><strong>orando</strong></span> <span class='ocrx_word' id='word_1_1026' title='bbox 544 2825 606 2852; x_wconf 79' lang='lat' dir='ltr'><strong>Deo.</strong></span> 
     </span>
    </p>
   </div>
   <div class='ocr_carea' id='block_1_77' title="bbox 193 2861 838 2896">
    <p class='ocr_par' dir='ltr' id='par_1_77' title="bbox 193 2861 838 2896">
     <span class='ocr_line' id='line_1_77' title="bbox 193 2861 838 2896; baseline 0.002 -8"><span class='ocrx_word' id='word_1_1027' title='bbox 193 2862 248 2896; x_wconf 76' lang='lat'><strong>(55)</strong></span> <span class='ocrx_word' id='word_1_1028' title='bbox 264 2861 321 2889; x_wconf 85' lang='lat' dir='ltr'><strong>Lib.</strong></span> <span class='ocrx_word' id='word_1_1029' title='bbox 339 2865 356 2885; x_wconf 94' lang='lat' dir='ltr'><strong>ll</strong></span> <span class='ocrx_word' id='word_1_1030' title='bbox 367 2862 404 2890; x_wconf 85' lang='lat' dir='ltr'><strong>De</strong></span> <span class='ocrx_word' id='word_1_1031' title='bbox 428 2861 631 2896; x_wconf 75' lang='lat' dir='ltr'><strong>perfectionibus</strong></span> <span class='ocrx_word' id='word_1_1032' title='bbox 647 2862 756 2895; x_wconf 80' lang='lat' dir='ltr'><strong>divinis,</strong></span> <span class='ocrx_word' id='word_1_1033' title='bbox 774 2869 799 2890; x_wconf 93' lang='lat' dir='ltr'><strong>c.</strong></span> <span class='ocrx_word' id='word_1_1034' title='bbox 813 2861 838 2889; x_wconf 78' lang='grc'><strong>5.</strong></span> 
     </span>
    </p>
   </div>
  </div>
