  <div class='ocr_page' id='page_1' title='image "/cluster/home/n/w/nwhite01/storage/ocr_20150623/3/njp.32101077772356/419.png"; bbox 0 0 1938 3065; ppageno 0'>
   <div class='ocr_carea' id='block_1_1' title="bbox 167 153 217 181">
    <p class='ocr_par' dir='ltr' id='par_1_1' title="bbox 167 153 217 181">
     <span class='ocr_line' id='line_1_1' title="bbox 167 153 217 181; baseline -0.02 -1"><span class='ocrx_word' id='word_1_1' title='bbox 167 153 217 181; x_wconf 77' lang='grc'><strong>687</strong></span> 
     </span>
    </p>
   </div>
   <div class='ocr_carea' id='block_1_2' title="bbox 757 147 1212 178">
    <p class='ocr_par' dir='ltr' id='par_1_2' title="bbox 757 147 1212 178">
     <span class='ocr_line' id='line_1_2' title="bbox 757 147 1212 178; baseline -0.007 0"><span class='ocrx_word' id='word_1_2' title='bbox 757 150 785 178; x_wconf 85' lang='lat' dir='ltr'><strong>S.</strong></span> <span class='ocrx_word' id='word_1_3' title='bbox 811 148 961 177; x_wconf 71' lang='lat' dir='ltr'><strong>DlONYSll</strong></span> <span class='ocrx_word' id='word_1_4' title='bbox 978 147 1212 176; x_wconf 68' lang='lat' dir='ltr'><strong>AREOPAGITAS</strong></span> 
     </span>
    </p>
   </div>
   <div class='ocr_carea' id='block_1_3' title="bbox 1748 149 1805 177">
    <p class='ocr_par' dir='ltr' id='par_1_3' title="bbox 1748 149 1805 177">
     <span class='ocr_line' id='line_1_3' title="bbox 1748 149 1805 177; baseline -0.018 0"><span class='ocrx_word' id='word_1_5' title='bbox 1748 149 1805 177; x_wconf 78' lang='lat'><strong>688</strong></span> 
     </span>
    </p>
   </div>
   <div class='ocr_carea' id='block_1_4' title="bbox 715 215 1300 247">
    <p class='ocr_par' dir='ltr' id='par_1_4' title="bbox 715 215 1300 247">
     <span class='ocr_line' id='line_1_4' title="bbox 715 215 1300 247; baseline -0.002 -3"><span class='ocrx_word' id='word_1_6' title='bbox 715 216 958 244; x_wconf 74' lang='lat' dir='ltr'><strong>PARAPIIRASIS</strong></span> <span class='ocrx_word' id='word_1_7' title='bbox 988 215 1214 244; x_wconf 76' lang='lat' dir='ltr'><strong>PAClinilER/E</strong></span> <span class='ocrx_word' id='word_1_8' title='bbox 1234 215 1300 247; x_wconf 69' lang='lat'><strong>(5(3).</strong></span> 
     </span>
    </p>
   </div>
   <div class='ocr_carea' id='block_1_5' title="bbox 202 287 990 327">
    <p class='ocr_par' dir='ltr' id='par_1_5' title="bbox 202 287 990 327">
     <span class='ocr_line' id='line_1_5' title="bbox 202 287 990 327; baseline -0.008 -8"><span class='ocrx_word' id='word_1_9' title='bbox 202 292 216 327; x_wconf 61' lang='grc' dir='ltr'>ᾗ</span> <span class='ocrx_word' id='word_1_10' title='bbox 237 292 253 318; x_wconf 96' lang='grc' dir='ltr'>Ι.</span> <span class='ocrx_word' id='word_1_11' title='bbox 277 291 395 318; x_wconf 85' lang='lat' dir='ltr'><strong>Primum</strong></span> <span class='ocrx_word' id='word_1_12' title='bbox 406 310 414 323; x_wconf 86' lang='lat'><strong>,</strong></span> <span class='ocrx_word' id='word_1_13' title='bbox 430 289 451 316; x_wconf 88' lang='lat' dir='ltr'><strong>si</strong></span> <span class='ocrx_word' id='word_1_14' title='bbox 465 288 563 323; x_wconf 82' lang='lat' dir='ltr'><strong>placet,</strong></span> <span class='ocrx_word' id='word_1_15' title='bbox 577 288 602 316; x_wconf 97' lang='lat' dir='ltr'><strong>id</strong></span> <span class='ocrx_word' id='word_1_16' title='bbox 614 289 686 323; x_wconf 91' lang='lat' dir='ltr'><strong>quod</strong></span> <span class='ocrx_word' id='word_1_17' title='bbox 699 289 827 315; x_wconf 84' lang='lat' dir='ltr'><strong>universa</strong></span> <span class='ocrx_word' id='word_1_18' title='bbox 841 287 886 314; x_wconf 87' lang='lat' dir='ltr'><strong>Dei</strong></span> <span class='ocrx_word' id='word_1_19' title='bbox 904 287 951 313; x_wconf 90' lang='lat' dir='ltr'><strong>be-</strong></span> <span class='ocrx_word' id='word_1_20' title='bbox 968 289 990 316; x_wconf 79' lang='grc' dir='ltr'><strong>Α</strong></span> 
     </span>
    </p>
   </div>
   <div class='ocr_carea' id='block_1_6' title="bbox 165 333 953 369">
    <p class='ocr_par' dir='ltr' id='par_1_6' title="bbox 165 333 953 369">
     <span class='ocr_line' id='line_1_6' title="bbox 165 333 953 369; baseline -0.008 -4"><span class='ocrx_word' id='word_1_21' title='bbox 165 339 260 366; x_wconf 80' lang='lat' dir='ltr'><strong>nclicia</strong></span> <span class='ocrx_word' id='word_1_22' title='bbox 286 336 452 369; x_wconf 81' lang='lat' dir='ltr'><strong>manifestat,</strong></span> <span class='ocrx_word' id='word_1_23' title='bbox 477 335 581 363; x_wconf 89' lang='lat' dir='ltr'><strong>scilicet</strong></span> <span class='ocrx_word' id='word_1_24' title='bbox 600 334 666 362; x_wconf 88' lang='lat' dir='ltr'><strong>boni</strong></span> <span class='ocrx_word' id='word_1_25' title='bbox 686 341 798 366; x_wconf 89' lang='lat' dir='ltr'><strong>nomen,</strong></span> <span class='ocrx_word' id='word_1_26' title='bbox 814 333 953 368; x_wconf 76' lang='lat' dir='ltr'><strong>expenda-</strong></span> 
     </span>
    </p>
   </div>
   <div class='ocr_carea' id='block_1_7' title="bbox 165 379 952 416">
    <p class='ocr_par' dir='ltr' id='par_1_7' title="bbox 165 379 952 416">
     <span class='ocr_line' id='line_1_7' title="bbox 165 379 952 416; baseline -0.006 -5"><span class='ocrx_word' id='word_1_27' title='bbox 165 391 238 416; x_wconf 84' lang='lat' dir='ltr'><strong>mus.</strong></span> <span class='ocrx_word' id='word_1_28' title='bbox 264 383 388 411; x_wconf 86' lang='lat' dir='ltr'><strong>invocata</strong></span> <span class='ocrx_word' id='word_1_29' title='bbox 412 386 506 410; x_wconf 82' lang='lat' dir='ltr'><strong>sancta</strong></span> <span class='ocrx_word' id='word_1_30' title='bbox 529 381 673 412; x_wconf 86' lang='lat' dir='ltr'><strong>Trinitate,</strong></span> <span class='ocrx_word' id='word_1_31' title='bbox 694 388 755 415; x_wconf 70' lang='lat' dir='ltr'><strong>qum</strong></span> <span class='ocrx_word' id='word_1_32' title='bbox 777 379 866 407; x_wconf 89' lang='lat' dir='ltr'><strong>omnis</strong></span> <span class='ocrx_word' id='word_1_33' title='bbox 889 379 952 406; x_wconf 92' lang='lat' dir='ltr'><strong>boni</strong></span> 
     </span>
    </p>
   </div>
   <div class='ocr_carea' id='block_1_8' title="bbox 163 427 954 466">
    <p class='ocr_par' dir='ltr' id='par_1_8' title="bbox 163 427 954 466">
     <span class='ocr_line' id='line_1_8' title="bbox 163 427 954 466; baseline -0.008 -8"><span class='ocrx_word' id='word_1_34' title='bbox 163 431 327 466; x_wconf 83' lang='lat' dir='ltr'><strong>principium</strong></span> <span class='ocrx_word' id='word_1_35' title='bbox 340 433 394 463; x_wconf 85' lang='lat' dir='ltr'><strong>est,</strong></span> <span class='ocrx_word' id='word_1_36' title='bbox 408 433 436 457; x_wconf 90' lang='lat' dir='ltr'><strong>et</strong></span> <span class='ocrx_word' id='word_1_37' title='bbox 448 436 542 456; x_wconf 82' lang='lat' dir='ltr'><strong>omnes</strong></span> <span class='ocrx_word' id='word_1_38' title='bbox 555 435 618 455; x_wconf 81' lang='lat' dir='ltr'><strong>suas</strong></span> <span class='ocrx_word' id='word_1_39' title='bbox 633 427 817 462; x_wconf 87' lang='lat' dir='ltr'><strong>pr0videntias</strong></span> <span class='ocrx_word' id='word_1_40' title='bbox 836 427 954 461; x_wconf 80' lang='lat' dir='ltr'><strong>benigne</strong></span> 
     </span>
    </p>
   </div>
   <div class='ocr_carea' id='block_1_9' title="bbox 162 473 951 513">
    <p class='ocr_par' dir='ltr' id='par_1_9' title="bbox 162 473 951 513">
     <span class='ocr_line' id='line_1_9' title="bbox 162 473 951 513; baseline -0.009 -8"><span class='ocrx_word' id='word_1_41' title='bbox 162 478 304 513; x_wconf 79' lang='lat' dir='ltr'><strong>explanat.</strong></span> <span class='ocrx_word' id='word_1_42' title='bbox 324 476 439 512; x_wconf 87' lang='lat' dir='ltr'><strong>Oportet</strong></span> <span class='ocrx_word' id='word_1_43' title='bbox 450 477 540 511; x_wconf 83' lang='lat' dir='ltr'><strong>itaque</strong></span> <span class='ocrx_word' id='word_1_44' title='bbox 555 483 605 503; x_wconf 90' lang='lat' dir='ltr'><strong>nos</strong></span> <span class='ocrx_word' id='word_1_45' title='bbox 619 474 790 503; x_wconf 81' lang='lat' dir='ltr'><strong>orationibus</strong></span> <span class='ocrx_word' id='word_1_46' title='bbox 808 473 951 503; x_wconf 85' lang='lat' dir='ltr'><strong>adductos,</strong></span> 
     </span>
    </p>
   </div>
   <div class='ocr_carea' id='block_1_10' title="bbox 161 517 953 558">
    <p class='ocr_par' dir='ltr' id='par_1_10' title="bbox 161 517 953 558">
     <span class='ocr_line' id='line_1_10' title="bbox 161 517 953 558; baseline -0.009 -7"><span class='ocrx_word' id='word_1_47' title='bbox 161 523 204 551; x_wconf 87' lang='lat' dir='ltr'><strong>vel</strong></span> <span class='ocrx_word' id='word_1_48' title='bbox 220 523 310 558; x_wconf 82' lang='lat' dir='ltr'><strong>potius</strong></span> <span class='ocrx_word' id='word_1_49' title='bbox 323 521 582 556; x_wconf 80' lang='lat' dir='ltr'><strong>appropinquantes,</strong></span> <span class='ocrx_word' id='word_1_50' title='bbox 604 520 681 554; x_wconf 84' lang='lat' dir='ltr'><strong>juxta</strong></span> <span class='ocrx_word' id='word_1_51' title='bbox 708 518 772 546; x_wconf 91' lang='lat' dir='ltr'><strong>illud</strong></span> <span class='ocrx_word' id='word_1_52' title='bbox 799 528 806 545; x_wconf 87' lang='lat'><strong>:</strong></span> <span class='ocrx_word' id='word_1_53' title='bbox 829 517 953 544; x_wconf 70' lang='lat' dir='ltr'><strong>Accediie</strong></span> 
     </span>
    </p>
   </div>
   <div class='ocr_carea' id='block_1_11' title="bbox 161 564 952 602">
    <p class='ocr_par' dir='ltr' id='par_1_11' title="bbox 161 564 952 602">
     <span class='ocr_line' id='line_1_11' title="bbox 161 564 952 602; baseline -0.004 -7"><span class='ocrx_word' id='word_1_54' title='bbox 161 571 195 596; x_wconf 82' lang='lat' dir='ltr'><strong>ad</strong></span> <span class='ocrx_word' id='word_1_55' title='bbox 225 578 276 601; x_wconf 72' lang='lat' dir='ltr'><strong>me,</strong></span> <span class='ocrx_word' id='word_1_56' title='bbox 299 573 323 595; x_wconf 84' lang='lat' dir='ltr'><strong>et</strong></span> <span class='ocrx_word' id='word_1_57' title='bbox 348 575 395 602; x_wconf 80' lang='lat' dir='ltr'><strong>ego</strong></span> <span class='ocrx_word' id='word_1_58' title='bbox 417 567 542 593; x_wconf 70' lang='lat' dir='ltr'><strong>«credam</strong></span> <span class='ocrx_word' id='word_1_59' title='bbox 565 566 599 592; x_wconf 78' lang='lat' dir='ltr'><strong>(ul</strong></span> <span class='ocrx_word' id='word_1_60' title='bbox 625 574 681 597; x_wconf 81' lang='lat' dir='ltr'><strong>vos,</strong></span> <span class='ocrx_word' id='word_1_61' title='bbox 711 566 778 592; x_wconf 70' lang='lat' dir='ltr'><strong>dicit</strong></span> <span class='ocrx_word' id='word_1_62' title='bbox 805 564 952 595; x_wconf 81' lang='lat' dir='ltr'><strong>Dominus.</strong></span> 
     </span>
    </p>
   </div>
   <div class='ocr_carea' id='block_1_12' title="bbox 161 609 951 648">
    <p class='ocr_par' dir='ltr' id='par_1_12' title="bbox 161 609 951 648">
     <span class='ocr_line' id='line_1_12' title="bbox 161 609 951 648; baseline -0.01 -6"><span class='ocrx_word' id='word_1_63' title='bbox 161 615 268 642; x_wconf 88' lang='lat' dir='ltr'><strong>edoceri</strong></span> <span class='ocrx_word' id='word_1_64' title='bbox 285 614 343 648; x_wconf 84' lang='lat' dir='ltr'><strong>ejus</strong></span> <span class='ocrx_word' id='word_1_65' title='bbox 361 620 486 644; x_wconf 90' lang='lat' dir='ltr'><strong>munera,</strong></span> <span class='ocrx_word' id='word_1_66' title='bbox 506 611 549 638; x_wconf 91' lang='lat' dir='ltr'><strong>vel</strong></span> <span class='ocrx_word' id='word_1_67' title='bbox 560 611 648 646; x_wconf 89' lang='lat' dir='ltr'><strong>potius</strong></span> <span class='ocrx_word' id='word_1_68' title='bbox 665 611 721 645; x_wconf 90' lang='lat' dir='ltr'><strong>pati</strong></span> <span class='ocrx_word' id='word_1_69' title='bbox 741 609 828 644; x_wconf 80' lang='lat' dir='ltr'><strong>magis</strong></span> <span class='ocrx_word' id='word_1_70' title='bbox 847 616 878 635; x_wconf 87' lang='lat' dir='ltr'><strong>ea</strong></span> <span class='ocrx_word' id='word_1_71' title='bbox 889 609 951 635; x_wconf 88' lang='lat' dir='ltr'><strong>dum</strong></span> 
     </span>
    </p>
   </div>
   <div class='ocr_carea' id='block_1_13' title="bbox 160 655 950 693">
    <p class='ocr_par' dir='ltr' id='par_1_13' title="bbox 160 655 950 693">
     <span class='ocr_line' id='line_1_13' title="bbox 160 655 950 693; baseline -0.009 -5"><span class='ocrx_word' id='word_1_72' title='bbox 160 661 304 692; x_wconf 82' lang='lat' dir='ltr'><strong>discimus;</strong></span> <span class='ocrx_word' id='word_1_73' title='bbox 317 659 419 686; x_wconf 87' lang='lat' dir='ltr'><strong>etenim</strong></span> <span class='ocrx_word' id='word_1_74' title='bbox 433 658 491 693; x_wconf 84' lang='lat' dir='ltr'><strong>ipsa</strong></span> <span class='ocrx_word' id='word_1_75' title='bbox 512 657 620 691; x_wconf 85' lang='lat' dir='ltr'><strong>quidem</strong></span> <span class='ocrx_word' id='word_1_76' title='bbox 635 657 714 684; x_wconf 70' lang='lat' dir='ltr'><strong>adest</strong></span> <span class='ocrx_word' id='word_1_77' title='bbox 729 655 858 683; x_wconf 88' lang='lat' dir='ltr'><strong>omnibus</strong></span> <span class='ocrx_word' id='word_1_78' title='bbox 868 675 876 688; x_wconf 87' lang='lat'><strong>,</strong></span> <span class='ocrx_word' id='word_1_79' title='bbox 898 662 950 682; x_wconf 91' lang='lat' dir='ltr'><strong>non</strong></span> 
     </span>
    </p>
   </div>
   <div class='ocr_carea' id='block_1_14' title="bbox 160 701 951 741">
    <p class='ocr_par' dir='ltr' id='par_1_14' title="bbox 160 701 951 741">
     <span class='ocr_line' id='line_1_14' title="bbox 160 701 951 741; baseline -0.008 -8"><span class='ocrx_word' id='word_1_80' title='bbox 160 711 250 735; x_wconf 86' lang='lat' dir='ltr'><strong>autem</strong></span> <span class='ocrx_word' id='word_1_81' title='bbox 263 706 313 741; x_wconf 86' lang='lat' dir='ltr'><strong>ipsi</strong></span> <span class='ocrx_word' id='word_1_82' title='bbox 323 706 422 732; x_wconf 88' lang='lat' dir='ltr'><strong>adsunt</strong></span> <span class='ocrx_word' id='word_1_83' title='bbox 429 703 531 735; x_wconf 88' lang='lat' dir='ltr'><strong>omnia,</strong></span> <span class='ocrx_word' id='word_1_84' title='bbox 541 709 710 738; x_wconf 66' lang='lat' dir='ltr'><strong>quaecunque</strong></span> <span class='ocrx_word' id='word_1_85' title='bbox 725 701 852 729; x_wconf 88' lang='lat' dir='ltr'><strong>videlicet</strong></span> <span class='ocrx_word' id='word_1_86' title='bbox 862 708 951 728; x_wconf 88' lang='lat' dir='ltr'><strong>rerum</strong></span> 
     </span>
    </p>
   </div>
   <div class='ocr_carea' id='block_1_15' title="bbox 160 746 953 783">
    <p class='ocr_par' dir='ltr' id='par_1_15' title="bbox 160 746 953 783">
     <span class='ocr_line' id='line_1_15' title="bbox 160 746 953 783; baseline -0.01 -3"><span class='ocrx_word' id='word_1_87' title='bbox 160 758 332 780; x_wconf 80' lang='lat' dir='ltr'><strong>terrenarum</strong></span> <span class='ocrx_word' id='word_1_88' title='bbox 346 750 489 778; x_wconf 71' lang='lat' dir='ltr'><strong>affectione</strong></span> <span class='ocrx_word' id='word_1_89' title='bbox 501 754 528 777; x_wconf 90' lang='lat' dir='ltr'><strong>et</strong></span> <span class='ocrx_word' id='word_1_90' title='bbox 539 748 732 783; x_wconf 82' lang='lat' dir='ltr'><strong>cogitationum</strong></span> <span class='ocrx_word' id='word_1_91' title='bbox 746 746 953 782; x_wconf 82' lang='lat' dir='ltr'><strong>perturbatione</strong></span> 
     </span>
    </p>
   </div>
   <div class='ocr_carea' id='block_1_16' title="bbox 159 794 953 833">
    <p class='ocr_par' dir='ltr' id='par_1_16' title="bbox 159 794 953 833">
     <span class='ocr_line' id='line_1_16' title="bbox 159 794 953 833; baseline -0.01 -7"><span class='ocrx_word' id='word_1_92' title='bbox 159 799 253 833; x_wconf 87' lang='lat' dir='ltr'><strong>procul</strong></span> <span class='ocrx_word' id='word_1_93' title='bbox 275 797 421 830; x_wconf 81' lang='lat' dir='ltr'><strong>recedunt;</strong></span> <span class='ocrx_word' id='word_1_94' title='bbox 438 795 546 831; x_wconf 89' lang='lat' dir='ltr'><strong>quando</strong></span> <span class='ocrx_word' id='word_1_95' title='bbox 564 802 628 823; x_wconf 91' lang='lat' dir='ltr'><strong>vero</strong></span> <span class='ocrx_word' id='word_1_96' title='bbox 651 794 809 828; x_wconf 86' lang='lat' dir='ltr'><strong>precatione</strong></span> <span class='ocrx_word' id='word_1_97' title='bbox 824 797 852 820; x_wconf 89' lang='lat' dir='ltr'><strong>et</strong></span> <span class='ocrx_word' id='word_1_98' title='bbox 876 797 953 819; x_wconf 88' lang='lat' dir='ltr'><strong>trau-</strong></span> 
     </span>
    </p>
   </div>
   <div class='ocr_carea' id='block_1_17' title="bbox 158 839 950 878">
    <p class='ocr_par' dir='ltr' id='par_1_17' title="bbox 158 839 950 878">
     <span class='ocr_line' id='line_1_17' title="bbox 158 839 950 878; baseline -0.008 -7"><span class='ocrx_word' id='word_1_99' title='bbox 158 843 242 878; x_wconf 88' lang='lat' dir='ltr'><strong>quilla</strong></span> <span class='ocrx_word' id='word_1_100' title='bbox 258 847 349 871; x_wconf 82' lang='lat' dir='ltr'><strong>mente</strong></span> <span class='ocrx_word' id='word_1_101' title='bbox 364 842 453 870; x_wconf 87' lang='lat' dir='ltr'><strong>idonei</strong></span> <span class='ocrx_word' id='word_1_102' title='bbox 469 841 611 869; x_wconf 82' lang='lat' dir='ltr'><strong>evadimus</strong></span> <span class='ocrx_word' id='word_1_103' title='bbox 626 841 658 867; x_wconf 92' lang='lat' dir='ltr'><strong>ad</strong></span> <span class='ocrx_word' id='word_1_104' title='bbox 674 840 794 867; x_wconf 87' lang='lat' dir='ltr'><strong>divinam</strong></span> <span class='ocrx_word' id='word_1_105' title='bbox 810 839 950 869; x_wconf 86' lang='lat' dir='ltr'><strong>unionem.</strong></span> 
     </span>
    </p>
   </div>
   <div class='ocr_carea' id='block_1_18' title="bbox 160 885 951 923">
    <p class='ocr_par' dir='ltr' id='par_1_18' title="bbox 160 885 951 923">
     <span class='ocr_line' id='line_1_18' title="bbox 160 885 951 923; baseline -0.008 -6"><span class='ocrx_word' id='word_1_106' title='bbox 160 895 225 917; x_wconf 92' lang='lat' dir='ltr'><strong>tunc</strong></span> <span class='ocrx_word' id='word_1_107' title='bbox 250 890 331 917; x_wconf 87' lang='lat' dir='ltr'><strong>etiam</strong></span> <span class='ocrx_word' id='word_1_108' title='bbox 358 896 407 916; x_wconf 92' lang='lat' dir='ltr'><strong>nos</strong></span> <span class='ocrx_word' id='word_1_109' title='bbox 431 888 482 923; x_wconf 93' lang='lat' dir='ltr'><strong>ipsi</strong></span> <span class='ocrx_word' id='word_1_110' title='bbox 505 887 645 915; x_wconf 78' lang='lat' dir='ltr'><strong>adsumus.</strong></span> <span class='ocrx_word' id='word_1_111' title='bbox 664 885 837 914; x_wconf 80' lang='lat' dir='ltr'><strong>Conﬁrmans</strong></span> <span class='ocrx_word' id='word_1_112' title='bbox 861 888 951 912; x_wconf 88' lang='lat' dir='ltr'><strong>autem</strong></span> 
     </span>
    </p>
   </div>
   <div class='ocr_carea' id='block_1_19' title="bbox 159 930 950 971">
    <p class='ocr_par' dir='ltr' id='par_1_19' title="bbox 159 930 950 971">
     <span class='ocr_line' id='line_1_19' title="bbox 159 930 950 971; baseline -0.006 -9"><span class='ocrx_word' id='word_1_113' title='bbox 159 936 245 971; x_wconf 86' lang='lat' dir='ltr'><strong>ipsam</strong></span> <span class='ocrx_word' id='word_1_114' title='bbox 257 934 384 962; x_wconf 90' lang='lat' dir='ltr'><strong>omnibus</strong></span> <span class='ocrx_word' id='word_1_115' title='bbox 393 934 500 966; x_wconf 84' lang='lat' dir='ltr'><strong>adesse,</strong></span> <span class='ocrx_word' id='word_1_116' title='bbox 510 934 566 960; x_wconf 88' lang='lat' dir='ltr'><strong>ait:</strong></span> <span class='ocrx_word' id='word_1_117' title='bbox 580 933 637 968; x_wconf 86' lang='lat' dir='ltr'><strong>Ipsa</strong></span> <span class='ocrx_word' id='word_1_118' title='bbox 649 932 721 959; x_wconf 90' lang='lat' dir='ltr'><strong>enim</strong></span> <span class='ocrx_word' id='word_1_119' title='bbox 735 938 783 959; x_wconf 91' lang='lat' dir='ltr'><strong>nec</strong></span> <span class='ocrx_word' id='word_1_120' title='bbox 798 931 825 958; x_wconf 95' lang='lat' dir='ltr'><strong>in</strong></span> <span class='ocrx_word' id='word_1_121' title='bbox 842 930 950 958; x_wconf 83' lang='lat' dir='ltr'><strong>locoita</strong></span> 
     </span>
    </p>
   </div>
   <div class='ocr_carea' id='block_1_20' title="bbox 157 977 950 1016">
    <p class='ocr_par' dir='ltr' id='par_1_20' title="bbox 157 977 950 1016">
     <span class='ocr_line' id='line_1_20' title="bbox 157 977 950 1016; baseline -0.008 -8"><span class='ocrx_word' id='word_1_122' title='bbox 157 987 210 1014; x_wconf 80' lang='lat' dir='ltr'><strong>est,</strong></span> <span class='ocrx_word' id='word_1_123' title='bbox 226 987 256 1009; x_wconf 94' lang='lat' dir='ltr'><strong>ut</strong></span> <span class='ocrx_word' id='word_1_124' title='bbox 276 988 389 1016; x_wconf 86' lang='lat' dir='ltr'><strong>usquam</strong></span> <span class='ocrx_word' id='word_1_125' title='bbox 406 980 490 1011; x_wconf 81' lang='lat' dir='ltr'><strong>absit.</strong></span> <span class='ocrx_word' id='word_1_126' title='bbox 505 980 547 1007; x_wconf 87' lang='lat' dir='ltr'><strong>vel</strong></span> <span class='ocrx_word' id='word_1_127' title='bbox 567 987 601 1007; x_wconf 76' lang='lat' dir='ltr'><strong>ex</strong></span> <span class='ocrx_word' id='word_1_128' title='bbox 624 979 687 1006; x_wconf 90' lang='lat' dir='ltr'><strong>aliis</strong></span> <span class='ocrx_word' id='word_1_129' title='bbox 709 978 742 1006; x_wconf 89' lang='lat' dir='ltr'><strong>ad</strong></span> <span class='ocrx_word' id='word_1_130' title='bbox 764 977 818 1005; x_wconf 87' lang='lat' dir='ltr'><strong>alia</strong></span> <span class='ocrx_word' id='word_1_131' title='bbox 840 977 950 1011; x_wconf 80' lang='lat' dir='ltr'><strong>migret.</strong></span> 
     </span>
    </p>
   </div>
   <div class='ocr_carea' id='block_1_21' title="bbox 157 1020 950 1062">
    <p class='ocr_par' dir='ltr' id='par_1_21' title="bbox 157 1020 950 1062">
     <span class='ocr_line' id='line_1_21' title="bbox 157 1020 950 1062; baseline -0.011 -7"><span class='ocrx_word' id='word_1_132' title='bbox 157 1028 223 1061; x_wconf 69' lang='lat' dir='ltr'><strong>Qum</strong></span> <span class='ocrx_word' id='word_1_133' title='bbox 234 1027 306 1055; x_wconf 90' lang='lat' dir='ltr'><strong>enim</strong></span> <span class='ocrx_word' id='word_1_134' title='bbox 319 1027 345 1054; x_wconf 90' lang='lat' dir='ltr'><strong>in</strong></span> <span class='ocrx_word' id='word_1_135' title='bbox 359 1026 416 1054; x_wconf 90' lang='lat' dir='ltr'><strong>loco</strong></span> <span class='ocrx_word' id='word_1_136' title='bbox 427 1025 507 1062; x_wconf 58' lang='lat'><strong>357</strong></span> <span class='ocrx_word' id='word_1_137' title='bbox 515 1030 588 1058; x_wconf 89' lang='lat' dir='ltr'><strong>sunt,</strong></span> <span class='ocrx_word' id='word_1_138' title='bbox 597 1022 868 1056; x_wconf 86' lang='lat' dir='ltr'><strong>eontinentur;locus</strong></span> <span class='ocrx_word' id='word_1_139' title='bbox 878 1020 950 1049; x_wconf 86' lang='lat' dir='ltr'><strong>enim</strong></span> 
     </span>
    </p>
   </div>
   <div class='ocr_carea' id='block_1_22' title="bbox 158 1067 951 1106">
    <p class='ocr_par' dir='ltr' id='par_1_22' title="bbox 158 1067 951 1106">
     <span class='ocr_line' id='line_1_22' title="bbox 158 1067 951 1106; baseline -0.008 -6"><span class='ocrx_word' id='word_1_140' title='bbox 158 1073 291 1100; x_wconf 87' lang='lat' dir='ltr'><strong>terminus</strong></span> <span class='ocrx_word' id='word_1_141' title='bbox 308 1076 350 1099; x_wconf 87' lang='lat' dir='ltr'><strong>est</strong></span> <span class='ocrx_word' id='word_1_142' title='bbox 372 1071 431 1106; x_wconf 88' lang='lat' dir='ltr'><strong>ejus</strong></span> <span class='ocrx_word' id='word_1_143' title='bbox 447 1071 519 1106; x_wconf 90' lang='lat' dir='ltr'><strong>quod</strong></span> <span class='ocrx_word' id='word_1_144' title='bbox 542 1071 663 1098; x_wconf 84' lang='lat' dir='ltr'><strong>continet</strong></span> <span class='ocrx_word' id='word_1_145' title='bbox 683 1072 848 1097; x_wconf 89' lang='lat' dir='ltr'><strong>contentum.</strong></span> <span class='ocrx_word' id='word_1_146' title='bbox 866 1067 951 1101; x_wconf 87' lang='lat' dir='ltr'><strong>Quin-</strong></span> 
     </span>
    </p>
   </div>
   <div class='ocr_carea' id='block_1_23' title="bbox 157 1113 950 1151">
    <p class='ocr_par' dir='ltr' id='par_1_23' title="bbox 157 1113 950 1151">
     <span class='ocr_line' id='line_1_23' title="bbox 157 1113 950 1151; baseline -0.008 -5"><span class='ocrx_word' id='word_1_147' title='bbox 157 1119 213 1146; x_wconf 91' lang='lat' dir='ltr'><strong>imo</strong></span> <span class='ocrx_word' id='word_1_148' title='bbox 237 1119 329 1146; x_wconf 89' lang='lat' dir='ltr'><strong>dicere</strong></span> <span class='ocrx_word' id='word_1_149' title='bbox 354 1117 381 1144; x_wconf 90' lang='lat' dir='ltr'><strong>in</strong></span> <span class='ocrx_word' id='word_1_150' title='bbox 395 1118 522 1144; x_wconf 89' lang='lat' dir='ltr'><strong>omnibus</strong></span> <span class='ocrx_word' id='word_1_151' title='bbox 539 1117 620 1144; x_wconf 85' lang='lat' dir='ltr'><strong>rebus</strong></span> <span class='ocrx_word' id='word_1_152' title='bbox 639 1116 727 1151; x_wconf 85' lang='lat' dir='ltr'><strong>ipsam</strong></span> <span class='ocrx_word' id='word_1_153' title='bbox 750 1122 821 1147; x_wconf 87' lang='lat' dir='ltr'><strong>esse,</strong></span> <span class='ocrx_word' id='word_1_154' title='bbox 837 1113 950 1141; x_wconf 89' lang='lat' dir='ltr'><strong>multum</strong></span> 
     </span>
    </p>
   </div>
   <div class='ocr_carea' id='block_1_24' title="bbox 158 1159 947 1198">
    <p class='ocr_par' dir='ltr' id='par_1_24' title="bbox 158 1159 947 1198">
     <span class='ocr_line' id='line_1_24' title="bbox 158 1159 947 1198; baseline -0.006 -7"><span class='ocrx_word' id='word_1_155' title='bbox 158 1164 249 1192; x_wconf 74' lang='lat' dir='ltr'><strong>deficit</strong></span> <span class='ocrx_word' id='word_1_156' title='bbox 273 1164 307 1190; x_wconf 87' lang='lat' dir='ltr'><strong>ab</strong></span> <span class='ocrx_word' id='word_1_157' title='bbox 323 1163 383 1198; x_wconf 89' lang='lat' dir='ltr'><strong>ejus</strong></span> <span class='ocrx_word' id='word_1_158' title='bbox 402 1162 539 1190; x_wconf 83' lang='lat' dir='ltr'><strong>inﬁnitate</strong></span> <span class='ocrx_word' id='word_1_159' title='bbox 551 1169 605 1197; x_wconf 88' lang='lat' dir='ltr'><strong>qua</strong></span> <span class='ocrx_word' id='word_1_160' title='bbox 623 1165 722 1189; x_wconf 89' lang='lat' dir='ltr'><strong>cuncta</strong></span> <span class='ocrx_word' id='word_1_161' title='bbox 744 1159 947 1196; x_wconf 86' lang='lat' dir='ltr'><strong>complectitur;</strong></span> 
     </span>
    </p>
   </div>
   <div class='ocr_carea' id='block_1_25' title="bbox 157 1207 948 1240">
    <p class='ocr_par' dir='ltr' id='par_1_25' title="bbox 157 1207 948 1240">
     <span class='ocr_line' id='line_1_25' title="bbox 157 1207 948 1240; baseline -0.004 -4"><span class='ocrx_word' id='word_1_162' title='bbox 157 1217 210 1237; x_wconf 92' lang='lat' dir='ltr'><strong>non</strong></span> <span class='ocrx_word' id='word_1_163' title='bbox 226 1210 298 1236; x_wconf 89' lang='lat' dir='ltr'><strong>enim</strong></span> <span class='ocrx_word' id='word_1_164' title='bbox 315 1214 419 1237; x_wconf 82' lang='lat' dir='ltr'><strong>tantum</strong></span> <span class='ocrx_word' id='word_1_165' title='bbox 435 1213 476 1236; x_wconf 85' lang='lat' dir='ltr'><strong>est</strong></span> <span class='ocrx_word' id='word_1_166' title='bbox 492 1208 518 1235; x_wconf 93' lang='lat' dir='ltr'><strong>in</strong></span> <span class='ocrx_word' id='word_1_167' title='bbox 530 1207 668 1240; x_wconf 83' lang='lat' dir='ltr'><strong>omnibus,</strong></span> <span class='ocrx_word' id='word_1_168' title='bbox 680 1214 773 1235; x_wconf 89' lang='lat' dir='ltr'><strong>verum</strong></span> <span class='ocrx_word' id='word_1_169' title='bbox 788 1207 870 1234; x_wconf 89' lang='lat' dir='ltr'><strong>etiam</strong></span> <span class='ocrx_word' id='word_1_170' title='bbox 883 1213 948 1233; x_wconf 87' lang='lat' dir='ltr'><strong>con-</strong></span> 
     </span>
    </p>
   </div>
   <div class='ocr_carea' id='block_1_26' title="bbox 158 1252 948 1288">
    <p class='ocr_par' dir='ltr' id='par_1_26' title="bbox 158 1252 948 1288">
     <span class='ocr_line' id='line_1_26' title="bbox 158 1252 948 1288; baseline -0.006 -5"><span class='ocrx_word' id='word_1_171' title='bbox 158 1258 226 1283; x_wconf 81' lang='lat' dir='ltr'><strong>tinet</strong></span> <span class='ocrx_word' id='word_1_172' title='bbox 237 1255 383 1288; x_wconf 80' lang='lat' dir='ltr'><strong>univcrsa;</strong></span> <span class='ocrx_word' id='word_1_173' title='bbox 399 1261 485 1288; x_wconf 83' lang='lat' dir='ltr'><strong>neque</strong></span> <span class='ocrx_word' id='word_1_174' title='bbox 501 1258 605 1281; x_wconf 87' lang='lat' dir='ltr'><strong>tantum</strong></span> <span class='ocrx_word' id='word_1_175' title='bbox 616 1253 746 1286; x_wconf 87' lang='lat' dir='ltr'><strong>continet,</strong></span> <span class='ocrx_word' id='word_1_176' title='bbox 758 1259 854 1280; x_wconf 88' lang='lat' dir='ltr'><strong>verum</strong></span> <span class='ocrx_word' id='word_1_177' title='bbox 867 1252 948 1280; x_wconf 84' lang='lat' dir='ltr'><strong>etiam</strong></span> 
     </span>
    </p>
   </div>
   <div class='ocr_carea' id='block_1_27' title="bbox 157 1300 950 1338">
    <p class='ocr_par' dir='ltr' id='par_1_27' title="bbox 157 1300 950 1338">
     <span class='ocr_line' id='line_1_27' title="bbox 157 1300 950 1338; baseline -0.006 -7"><span class='ocrx_word' id='word_1_178' title='bbox 157 1303 326 1338; x_wconf 73' lang='lat' dir='ltr'><strong>complexum</strong></span> <span class='ocrx_word' id='word_1_179' title='bbox 344 1309 453 1330; x_wconf 89' lang='lat' dir='ltr'><strong>omnent</strong></span> <span class='ocrx_word' id='word_1_180' title='bbox 472 1300 609 1328; x_wconf 81' lang='lat' dir='ltr'><strong>inﬁnitum</strong></span> <span class='ocrx_word' id='word_1_181' title='bbox 625 1300 742 1328; x_wconf 77' lang='lat' dir='ltr'><strong>excedit.</strong></span> <span class='ocrx_word' id='word_1_182' title='bbox 759 1300 950 1327; x_wconf 90' lang='lat' dir='ltr'><strong>lncumbamus</strong></span> 
     </span>
    </p>
   </div>
   <div class='ocr_carea' id='block_1_28' title="bbox 158 1346 948 1385">
    <p class='ocr_par' dir='ltr' id='par_1_28' title="bbox 158 1346 948 1385">
     <span class='ocr_line' id='line_1_28' title="bbox 158 1346 948 1385; baseline -0.004 -8"><span class='ocrx_word' id='word_1_183' title='bbox 158 1351 251 1385; x_wconf 83' lang='lat' dir='ltr'><strong>itaque</strong></span> <span class='ocrx_word' id='word_1_184' title='bbox 276 1349 456 1380; x_wconf 77' lang='lat' dir='ltr'><strong>orationibus.</strong></span> <span class='ocrx_word' id='word_1_185' title='bbox 477 1355 530 1376; x_wconf 94' lang='lat' dir='ltr'><strong>non</strong></span> <span class='ocrx_word' id='word_1_186' title='bbox 553 1351 584 1375; x_wconf 93' lang='lat' dir='ltr'><strong>ut</strong></span> <span class='ocrx_word' id='word_1_187' title='bbox 605 1347 690 1375; x_wconf 86' lang='lat' dir='ltr'><strong>Deum</strong></span> <span class='ocrx_word' id='word_1_188' title='bbox 711 1347 887 1379; x_wconf 82' lang='lat' dir='ltr'><strong>deducamus,</strong></span> <span class='ocrx_word' id='word_1_189' title='bbox 902 1346 948 1374; x_wconf 86' lang='lat' dir='ltr'><strong>sed</strong></span> 
     </span>
    </p>
   </div>
   <div class='ocr_carea' id='block_1_29' title="bbox 158 1392 947 1432">
    <p class='ocr_par' dir='ltr' id='par_1_29' title="bbox 158 1392 947 1432">
     <span class='ocr_line' id='line_1_29' title="bbox 158 1392 947 1432; baseline -0.006 -8"><span class='ocrx_word' id='word_1_190' title='bbox 158 1402 187 1424; x_wconf 90' lang='lat' dir='ltr'><strong>ut</strong></span> <span class='ocrx_word' id='word_1_191' title='bbox 202 1397 254 1432; x_wconf 87' lang='lat' dir='ltr'><strong>ipsi</strong></span> <span class='ocrx_word' id='word_1_192' title='bbox 268 1397 359 1432; x_wconf 86' lang='lat' dir='ltr'><strong>potius</strong></span> <span class='ocrx_word' id='word_1_193' title='bbox 375 1395 408 1423; x_wconf 90' lang='lat' dir='ltr'><strong>ad</strong></span> <span class='ocrx_word' id='word_1_194' title='bbox 425 1395 509 1423; x_wconf 89' lang='lat' dir='ltr'><strong>Deum</strong></span> <span class='ocrx_word' id='word_1_195' title='bbox 526 1394 702 1422; x_wconf 81' lang='lat' dir='ltr'><strong>adducantur.</strong></span> <span class='ocrx_word' id='word_1_196' title='bbox 719 1393 752 1421; x_wconf 87' lang='lat' dir='ltr'><strong>Et</strong></span> <span class='ocrx_word' id='word_1_197' title='bbox 769 1393 878 1421; x_wconf 85' lang='lat' dir='ltr'><strong>adducit</strong></span> <span class='ocrx_word' id='word_1_198' title='bbox 891 1392 947 1426; x_wconf 91' lang='lat' dir='ltr'><strong>pri-</strong></span> 
     </span>
    </p>
   </div>
   <div class='ocr_carea' id='block_1_30' title="bbox 157 1438 949 1477">
    <p class='ocr_par' dir='ltr' id='par_1_30' title="bbox 157 1438 949 1477">
     <span class='ocr_line' id='line_1_30' title="bbox 157 1438 949 1477; baseline -0.008 -5"><span class='ocrx_word' id='word_1_199' title='bbox 157 1451 232 1472; x_wconf 89' lang='lat' dir='ltr'><strong>mum</strong></span> <span class='ocrx_word' id='word_1_200' title='bbox 255 1442 409 1477; x_wconf 80' lang='lat' dir='ltr'><strong>exemplum</strong></span> <span class='ocrx_word' id='word_1_201' title='bbox 434 1441 535 1477; x_wconf 73' lang='lat' dir='ltr'><strong>gentile</strong></span> <span class='ocrx_word' id='word_1_202' title='bbox 560 1448 594 1468; x_wconf 81' lang='lat' dir='ltr'><strong>ex</strong></span> <span class='ocrx_word' id='word_1_203' title='bbox 613 1441 746 1473; x_wconf 88' lang='lat' dir='ltr'><strong>Homero;</strong></span> <span class='ocrx_word' id='word_1_204' title='bbox 763 1438 949 1475; x_wconf 87' lang='lat' dir='ltr'><strong>pulcherrime</strong></span> 
     </span>
    </p>
   </div>
   <div class='ocr_carea' id='block_1_31' title="bbox 159 1485 947 1518">
    <p class='ocr_par' dir='ltr' id='par_1_31' title="bbox 159 1485 947 1518">
     <span class='ocr_line' id='line_1_31' title="bbox 159 1485 947 1518; baseline -0.008 -1"><span class='ocrx_word' id='word_1_205' title='bbox 159 1495 249 1518; x_wconf 87' lang='lat' dir='ltr'><strong>autem</strong></span> <span class='ocrx_word' id='word_1_206' title='bbox 273 1489 300 1516; x_wconf 92' lang='lat' dir='ltr'><strong>id</strong></span> <span class='ocrx_word' id='word_1_207' title='bbox 326 1489 407 1516; x_wconf 88' lang='lat' dir='ltr'><strong>rebus</strong></span> <span class='ocrx_word' id='word_1_208' title='bbox 431 1487 531 1515; x_wconf 88' lang='lat' dir='ltr'><strong>divinis</strong></span> <span class='ocrx_word' id='word_1_209' title='bbox 545 1486 749 1515; x_wconf 83' lang='lat' dir='ltr'><strong>accommodat:</strong></span> <span class='ocrx_word' id='word_1_210' title='bbox 777 1485 861 1513; x_wconf 89' lang='lat' dir='ltr'><strong>tradit</strong></span> <span class='ocrx_word' id='word_1_211' title='bbox 875 1485 947 1512; x_wconf 88' lang='lat' dir='ltr'><strong>enim</strong></span> 
     </span>
    </p>
   </div>
   <div class='ocr_carea' id='block_1_32' title="bbox 966 961 987 988">
    <p class='ocr_par' dir='ltr' id='par_1_32' title="bbox 966 961 987 988">
     <span class='ocr_line' id='line_1_32' title="bbox 966 961 987 988; baseline 0 0"><span class='ocrx_word' id='word_1_212' title='bbox 966 961 987 988; x_wconf 83' lang='grc' dir='ltr'><strong>Β</strong></span> 
     </span>
    </p>
   </div>
   <div class='ocr_carea' id='block_1_33' title="bbox 158 1530 949 1571">
    <p class='ocr_par' dir='ltr' id='par_1_33' title="bbox 158 1530 949 1571">
     <span class='ocr_line' id='line_1_33' title="bbox 158 1530 949 1571; baseline -0.008 -8"><span class='ocrx_word' id='word_1_213' title='bbox 158 1537 226 1571; x_wconf 86' lang='lat' dir='ltr'><strong>ipse,</strong></span> <span class='ocrx_word' id='word_1_214' title='bbox 251 1540 375 1563; x_wconf 84' lang='lat' dir='ltr'><strong>catenam</strong></span> <span class='ocrx_word' id='word_1_215' title='bbox 398 1541 510 1561; x_wconf 87' lang='lat' dir='ltr'><strong>auream</strong></span> <span class='ocrx_word' id='word_1_216' title='bbox 533 1541 549 1560; x_wconf 90' lang='lat' dir='ltr'><strong>e</strong></span> <span class='ocrx_word' id='word_1_217' title='bbox 575 1533 646 1560; x_wconf 76' lang='lat' dir='ltr'><strong>cmlo</strong></span> <span class='ocrx_word' id='word_1_218' title='bbox 671 1531 843 1567; x_wconf 83' lang='lat' dir='ltr'><strong>dependisse.</strong></span> <span class='ocrx_word' id='word_1_219' title='bbox 871 1530 949 1558; x_wconf 88' lang='lat' dir='ltr'><strong>Sicut</strong></span> 
     </span>
    </p>
   </div>
   <div class='ocr_carea' id='block_1_34' title="bbox 157 1576 947 1617">
    <p class='ocr_par' dir='ltr' id='par_1_34' title="bbox 157 1576 947 1617">
     <span class='ocr_line' id='line_1_34' title="bbox 157 1576 947 1617; baseline -0.005 -8"><span class='ocrx_word' id='word_1_220' title='bbox 157 1589 223 1617; x_wconf 72' lang='lat' dir='ltr'><strong>ergo</strong></span> <span class='ocrx_word' id='word_1_221' title='bbox 238 1585 334 1609; x_wconf 87' lang='lat' dir='ltr'><strong>catena</strong></span> <span class='ocrx_word' id='word_1_222' title='bbox 348 1580 388 1607; x_wconf 88' lang='lat' dir='ltr'><strong>sic</strong></span> <span class='ocrx_word' id='word_1_223' title='bbox 404 1578 565 1610; x_wconf 80' lang='lat' dir='ltr'><strong>constituta,</strong></span> <span class='ocrx_word' id='word_1_224' title='bbox 580 1577 627 1613; x_wconf 87' lang='lat' dir='ltr'><strong>qui</strong></span> <span class='ocrx_word' id='word_1_225' title='bbox 652 1578 752 1605; x_wconf 87' lang='lat' dir='ltr'><strong>sensim</strong></span> <span class='ocrx_word' id='word_1_226' title='bbox 772 1576 947 1611; x_wconf 88' lang='lat' dir='ltr'><strong>semetipsum</strong></span> 
     </span>
    </p>
   </div>
   <div class='ocr_carea' id='block_1_35' title="bbox 158 1624 983 1663">
    <p class='ocr_par' dir='ltr' id='par_1_35' title="bbox 158 1624 983 1663">
     <span class='ocr_line' id='line_1_35' title="bbox 158 1624 983 1663; baseline -0.002 -9"><span class='ocrx_word' id='word_1_227' title='bbox 158 1636 173 1654; x_wconf 89' lang='lat' dir='ltr'><strong>a</strong></span> <span class='ocrx_word' id='word_1_228' title='bbox 193 1633 265 1655; x_wconf 87' lang='lat' dir='ltr'><strong>terra</strong></span> <span class='ocrx_word' id='word_1_229' title='bbox 283 1626 405 1658; x_wconf 82' lang='lat' dir='ltr'><strong>elevans,</strong></span> <span class='ocrx_word' id='word_1_230' title='bbox 427 1625 541 1652; x_wconf 86' lang='lat' dir='ltr'><strong>alternis</strong></span> <span class='ocrx_word' id='word_1_231' title='bbox 558 1624 666 1663; x_wconf 82' lang='lat' dir='ltr'><strong>quidem</strong></span> <span class='ocrx_word' id='word_1_232' title='bbox 688 1624 948 1659; x_wconf 85' lang='lat' dir='ltr'><strong>apprchensionibus</strong></span> <span class='ocrx_word' id='word_1_233' title='bbox 962 1634 983 1662; x_wconf 71' lang='grc' dir='ltr'><strong>ς</strong></span> 
     </span>
    </p>
   </div>
   <div class='ocr_carea' id='block_1_36' title="bbox 158 1669 948 1704">
    <p class='ocr_par' dir='ltr' id='par_1_36' title="bbox 158 1669 948 1704">
     <span class='ocr_line' id='line_1_36' title="bbox 158 1669 948 1704; baseline -0.004 -5"><span class='ocrx_word' id='word_1_234' title='bbox 158 1674 264 1701; x_wconf 86' lang='lat' dir='ltr'><strong>videtur</strong></span> <span class='ocrx_word' id='word_1_235' title='bbox 278 1672 350 1700; x_wconf 85' lang='lat' dir='ltr'><strong>illam</strong></span> <span class='ocrx_word' id='word_1_236' title='bbox 374 1675 500 1698; x_wconf 83' lang='lat' dir='ltr'><strong>catenam</strong></span> <span class='ocrx_word' id='word_1_237' title='bbox 517 1671 549 1696; x_wconf 89' lang='lat' dir='ltr'><strong>ad</strong></span> <span class='ocrx_word' id='word_1_238' title='bbox 569 1677 599 1697; x_wconf 88' lang='lat' dir='ltr'><strong>se</strong></span> <span class='ocrx_word' id='word_1_239' title='bbox 615 1669 736 1702; x_wconf 84' lang='lat' dir='ltr'><strong>trahere,</strong></span> <span class='ocrx_word' id='word_1_240' title='bbox 750 1669 808 1704; x_wconf 90' lang='lat' dir='ltr'><strong>ipse</strong></span> <span class='ocrx_word' id='word_1_241' title='bbox 822 1676 888 1697; x_wconf 72' lang='lat' dir='ltr'><strong>vero</strong></span> <span class='ocrx_word' id='word_1_242' title='bbox 900 1676 948 1704; x_wconf 81' lang='lat' dir='ltr'><strong>po-</strong></span> 
     </span>
    </p>
   </div>
   <div class='ocr_carea' id='block_1_37' title="bbox 158 1713 947 1748">
    <p class='ocr_par' dir='ltr' id='par_1_37' title="bbox 158 1713 947 1748">
     <span class='ocr_line' id='line_1_37' title="bbox 158 1713 947 1748; baseline -0.009 -2"><span class='ocrx_word' id='word_1_243' title='bbox 158 1719 211 1746; x_wconf 90' lang='lat' dir='ltr'><strong>tius</strong></span> <span class='ocrx_word' id='word_1_244' title='bbox 233 1718 260 1745; x_wconf 93' lang='lat' dir='ltr'><strong>in</strong></span> <span class='ocrx_word' id='word_1_245' title='bbox 288 1716 371 1744; x_wconf 89' lang='lat' dir='ltr'><strong>altum</strong></span> <span class='ocrx_word' id='word_1_246' title='bbox 397 1714 502 1743; x_wconf 87' lang='lat' dir='ltr'><strong>tollitur</strong></span> <span class='ocrx_word' id='word_1_247' title='bbox 517 1714 619 1741; x_wconf 80' lang='lat' dir='ltr'><strong>sensim</strong></span> <span class='ocrx_word' id='word_1_248' title='bbox 635 1714 832 1742; x_wconf 82' lang='lat' dir='ltr'><strong>ascendendo:</strong></span> <span class='ocrx_word' id='word_1_249' title='bbox 848 1714 888 1741; x_wconf 86' lang='lat' dir='ltr'><strong>sic</strong></span> <span class='ocrx_word' id='word_1_250' title='bbox 901 1713 947 1748; x_wconf 92' lang='lat' dir='ltr'><strong>qui</strong></span> 
     </span>
    </p>
   </div>
   <div class='ocr_carea' id='block_1_38' title="bbox 158 1760 948 1798">
    <p class='ocr_par' dir='ltr' id='par_1_38' title="bbox 158 1760 948 1798">
     <span class='ocr_line' id='line_1_38' title="bbox 158 1760 948 1798; baseline -0.008 -6"><span class='ocrx_word' id='word_1_251' title='bbox 158 1766 264 1792; x_wconf 84' lang='lat' dir='ltr'><strong>iutense</strong></span> <span class='ocrx_word' id='word_1_252' title='bbox 289 1768 362 1796; x_wconf 88' lang='lat' dir='ltr'><strong>orat,</strong></span> <span class='ocrx_word' id='word_1_253' title='bbox 383 1771 431 1798; x_wconf 88' lang='lat' dir='ltr'><strong>per</strong></span> <span class='ocrx_word' id='word_1_254' title='bbox 445 1770 537 1798; x_wconf 88' lang='lat' dir='ltr'><strong>opera,</strong></span> <span class='ocrx_word' id='word_1_255' title='bbox 554 1769 615 1796; x_wconf 75' lang='lat' dir='ltr'><strong>qua:</strong></span> <span class='ocrx_word' id='word_1_256' title='bbox 630 1769 726 1788; x_wconf 86' lang='lat' dir='ltr'><strong>manus</strong></span> <span class='ocrx_word' id='word_1_257' title='bbox 740 1766 830 1792; x_wconf 88' lang='lat' dir='ltr'><strong>vocat,</strong></span> <span class='ocrx_word' id='word_1_258' title='bbox 848 1760 948 1787; x_wconf 88' lang='lat' dir='ltr'><strong>sensim</strong></span> 
     </span>
    </p>
   </div>
   <div class='ocr_carea' id='block_1_39' title="bbox 158 1807 948 1846">
    <p class='ocr_par' dir='ltr' id='par_1_39' title="bbox 158 1807 948 1846">
     <span class='ocr_line' id='line_1_39' title="bbox 158 1807 948 1846; baseline -0.005 -8"><span class='ocrx_word' id='word_1_259' title='bbox 158 1817 186 1838; x_wconf 82' lang='lat' dir='ltr'><strong>et</strong></span> <span class='ocrx_word' id='word_1_260' title='bbox 207 1811 347 1846; x_wconf 84' lang='lat' dir='ltr'><strong>operando</strong></span> <span class='ocrx_word' id='word_1_261' title='bbox 361 1815 388 1837; x_wconf 91' lang='lat' dir='ltr'><strong>et</strong></span> <span class='ocrx_word' id='word_1_262' title='bbox 408 1809 544 1844; x_wconf 88' lang='lat' dir='ltr'><strong>precando</strong></span> <span class='ocrx_word' id='word_1_263' title='bbox 557 1813 673 1835; x_wconf 86' lang='lat' dir='ltr'><strong>mentem</strong></span> <span class='ocrx_word' id='word_1_264' title='bbox 690 1814 767 1835; x_wconf 87' lang='lat' dir='ltr'><strong>suam</strong></span> <span class='ocrx_word' id='word_1_265' title='bbox 783 1807 901 1841; x_wconf 90' lang='lat' dir='ltr'><strong>applicat</strong></span> <span class='ocrx_word' id='word_1_266' title='bbox 915 1807 948 1834; x_wconf 87' lang='lat' dir='ltr'><strong>ad</strong></span> 
     </span>
    </p>
   </div>
   <div class='ocr_carea' id='block_1_40' title="bbox 160 1852 947 1889">
    <p class='ocr_par' dir='ltr' id='par_1_40' title="bbox 160 1852 947 1889">
     <span class='ocr_line' id='line_1_40' title="bbox 160 1852 947 1889; baseline -0.006 -5"><span class='ocrx_word' id='word_1_267' title='bbox 160 1857 254 1884; x_wconf 87' lang='lat' dir='ltr'><strong>Deum.</strong></span> <span class='ocrx_word' id='word_1_268' title='bbox 281 1856 329 1883; x_wconf 87' lang='lat' dir='ltr'><strong>Sin</strong></span> <span class='ocrx_word' id='word_1_269' title='bbox 351 1862 417 1883; x_wconf 83' lang='lat' dir='ltr'><strong>vero</strong></span> <span class='ocrx_word' id='word_1_270' title='bbox 433 1862 540 1887; x_wconf 87' lang='lat' dir='ltr'><strong>manus,</strong></span> <span class='ocrx_word' id='word_1_271' title='bbox 554 1853 610 1889; x_wconf 84' lang='lat' dir='ltr'><strong>jam</strong></span> <span class='ocrx_word' id='word_1_272' title='bbox 636 1854 661 1880; x_wconf 95' lang='lat' dir='ltr'><strong>in</strong></span> <span class='ocrx_word' id='word_1_273' title='bbox 687 1853 771 1880; x_wconf 85' lang='lat' dir='ltr'><strong>altum</strong></span> <span class='ocrx_word' id='word_1_274' title='bbox 797 1852 918 1884; x_wconf 83' lang='lat' dir='ltr'><strong>adducti,</strong></span> <span class='ocrx_word' id='word_1_275' title='bbox 933 1859 947 1878; x_wconf 69' lang='grc' dir='ltr'>τι</span> 
     </span>
    </p>
   </div>
   <div class='ocr_carea' id='block_1_41' title="bbox 158 1898 948 1933">
    <p class='ocr_par' dir='ltr' id='par_1_41' title="bbox 158 1898 948 1933">
     <span class='ocr_line' id='line_1_41' title="bbox 158 1898 948 1933; baseline -0.009 -2"><span class='ocrx_word' id='word_1_276' title='bbox 158 1907 253 1931; x_wconf 86' lang='lat' dir='ltr'><strong>catena</strong></span> <span class='ocrx_word' id='word_1_277' title='bbox 271 1903 414 1933; x_wconf 89' lang='lat' dir='ltr'><strong>solvimus.</strong></span> <span class='ocrx_word' id='word_1_278' title='bbox 432 1909 465 1929; x_wconf 79' lang='lat' dir='ltr'><strong>ex</strong></span> <span class='ocrx_word' id='word_1_279' title='bbox 481 1900 536 1928; x_wconf 90' lang='lat' dir='ltr'><strong>alto</strong></span> <span class='ocrx_word' id='word_1_280' title='bbox 551 1900 718 1933; x_wconf 86' lang='lat' dir='ltr'><strong>decidimus;</strong></span> <span class='ocrx_word' id='word_1_281' title='bbox 735 1906 797 1926; x_wconf 89' lang='lat' dir='ltr'><strong>nam</strong></span> <span class='ocrx_word' id='word_1_282' title='bbox 820 1900 883 1925; x_wconf 90' lang='lat' dir='ltr'><strong>dum</strong></span> <span class='ocrx_word' id='word_1_283' title='bbox 899 1898 948 1924; x_wconf 90' lang='lat' dir='ltr'><strong>ad-</strong></span> 
     </span>
    </p>
   </div>
   <div class='ocr_carea' id='block_1_42' title="bbox 159 1944 949 1980">
    <p class='ocr_par' dir='ltr' id='par_1_42' title="bbox 159 1944 949 1980">
     <span class='ocr_line' id='line_1_42' title="bbox 159 1944 949 1980; baseline -0.008 -3"><span class='ocrx_word' id='word_1_284' title='bbox 159 1950 294 1980; x_wconf 82' lang='lat' dir='ltr'><strong>ducimur,</strong></span> <span class='ocrx_word' id='word_1_285' title='bbox 310 1949 393 1976; x_wconf 89' lang='lat' dir='ltr'><strong>etiam</strong></span> <span class='ocrx_word' id='word_1_286' title='bbox 411 1948 466 1975; x_wconf 90' lang='lat' dir='ltr'><strong>Deo</strong></span> <span class='ocrx_word' id='word_1_287' title='bbox 481 1947 620 1974; x_wconf 73' lang='lat' dir='ltr'><strong>adhaerere</strong></span> <span class='ocrx_word' id='word_1_288' title='bbox 640 1946 782 1974; x_wconf 88' lang='lat' dir='ltr'><strong>debemus.</strong></span> <span class='ocrx_word' id='word_1_289' title='bbox 799 1944 894 1973; x_wconf 90' lang='lat' dir='ltr'><strong>Simile</strong></span> <span class='ocrx_word' id='word_1_290' title='bbox 907 1947 949 1971; x_wconf 84' lang='lat' dir='ltr'><strong>est.</strong></span> 
     </span>
    </p>
   </div>
   <div class='ocr_carea' id='block_1_43' title="bbox 159 1995 946 2029">
    <p class='ocr_par' dir='ltr' id='par_1_43' title="bbox 159 1995 946 2029">
     <span class='ocr_line' id='line_1_43' title="bbox 159 1995 946 2029; baseline -0.009 -6"><span class='ocrx_word' id='word_1_291' title='bbox 159 1997 186 2023; x_wconf 90' lang='lat' dir='ltr'><strong>in</strong></span> <span class='ocrx_word' id='word_1_292' title='bbox 201 1995 274 2028; x_wconf 87' lang='lat' dir='ltr'><strong>navi,</strong></span> <span class='ocrx_word' id='word_1_293' title='bbox 292 1999 321 2021; x_wconf 91' lang='lat' dir='ltr'><strong>ut</strong></span> <span class='ocrx_word' id='word_1_294' title='bbox 345 2000 545 2029; x_wconf 79' lang='lat' dir='ltr'><strong>cognoscamus</strong></span> <span class='ocrx_word' id='word_1_295' title='bbox 570 1996 689 2019; x_wconf 86' lang='lat' dir='ltr'><strong>mentem</strong></span> <span class='ocrx_word' id='word_1_296' title='bbox 711 1996 833 2018; x_wconf 85' lang='lat' dir='ltr'><strong>nostram</strong></span> <span class='ocrx_word' id='word_1_297' title='bbox 851 1997 946 2017; x_wconf 88' lang='lat' dir='ltr'><strong>navem</strong></span> 
     </span>
    </p>
   </div>
   <div class='ocr_carea' id='block_1_44' title="bbox 159 2037 947 2076">
    <p class='ocr_par' dir='ltr' id='par_1_44' title="bbox 159 2037 947 2076">
     <span class='ocr_line' id='line_1_44' title="bbox 159 2037 947 2076; baseline -0.006 -9"><span class='ocrx_word' id='word_1_298' title='bbox 159 2048 229 2075; x_wconf 82' lang='lat' dir='ltr'><strong>esse,</strong></span> <span class='ocrx_word' id='word_1_299' title='bbox 255 2048 316 2076; x_wconf 76' lang='lat' dir='ltr'><strong>qua:</strong></span> <span class='ocrx_word' id='word_1_300' title='bbox 336 2040 398 2067; x_wconf 73' lang='lat' dir='ltr'><strong>vita:</strong></span> <span class='ocrx_word' id='word_1_301' title='bbox 422 2038 502 2074; x_wconf 90' lang='lat' dir='ltr'><strong>hujus</strong></span> <span class='ocrx_word' id='word_1_302' title='bbox 524 2037 613 2065; x_wconf 85' lang='lat' dir='ltr'><strong>ventis</strong></span> <span class='ocrx_word' id='word_1_303' title='bbox 639 2037 773 2072; x_wconf 79' lang='lat' dir='ltr'><strong>agitatur;</strong></span> <span class='ocrx_word' id='word_1_304' title='bbox 791 2043 866 2064; x_wconf 91' lang='lat' dir='ltr'><strong>mare</strong></span> <span class='ocrx_word' id='word_1_305' title='bbox 881 2043 947 2063; x_wconf 89' lang='lat' dir='ltr'><strong>vero</strong></span> 
     </span>
    </p>
   </div>
   <div class='ocr_carea' id='block_1_45' title="bbox 160 2082 946 2118">
    <p class='ocr_par' dir='ltr' id='par_1_45' title="bbox 160 2082 946 2118">
     <span class='ocr_line' id='line_1_45' title="bbox 160 2082 946 2118; baseline -0.006 -4"><span class='ocrx_word' id='word_1_306' title='bbox 160 2088 231 2114; x_wconf 83' lang='lat' dir='ltr'><strong>hanc</strong></span> <span class='ocrx_word' id='word_1_307' title='bbox 250 2086 333 2113; x_wconf 92' lang='lat' dir='ltr'><strong>vitam</strong></span> <span class='ocrx_word' id='word_1_308' title='bbox 349 2085 440 2112; x_wconf 89' lang='lat' dir='ltr'><strong>multis</strong></span> <span class='ocrx_word' id='word_1_309' title='bbox 457 2084 664 2118; x_wconf 85' lang='lat' dir='ltr'><strong>tempestatibus</strong></span> <span class='ocrx_word' id='word_1_310' title='bbox 687 2082 827 2115; x_wconf 80' lang='lat' dir='ltr'><strong>refertam,</strong></span> <span class='ocrx_word' id='word_1_311' title='bbox 842 2088 946 2116; x_wconf 86' lang='lat' dir='ltr'><strong>petram</strong></span> 
     </span>
    </p>
   </div>
   <div class='ocr_carea' id='block_1_46' title="bbox 159 2129 947 2166">
    <p class='ocr_par' dir='ltr' id='par_1_46' title="bbox 159 2129 947 2166">
     <span class='ocr_line' id='line_1_46' title="bbox 159 2129 947 2166; baseline -0.005 -6"><span class='ocrx_word' id='word_1_312' title='bbox 159 2141 223 2160; x_wconf 85' lang='lat' dir='ltr'><strong>vero</strong></span> <span class='ocrx_word' id='word_1_313' title='bbox 244 2133 394 2166; x_wconf 86' lang='lat' dir='ltr'><strong>Christum,</strong></span> <span class='ocrx_word' id='word_1_314' title='bbox 417 2138 498 2166; x_wconf 86' lang='lat' dir='ltr'><strong>quem</strong></span> <span class='ocrx_word' id='word_1_315' title='bbox 513 2130 577 2158; x_wconf 90' lang='lat' dir='ltr'><strong>dum</strong></span> <span class='ocrx_word' id='word_1_316' title='bbox 593 2129 835 2165; x_wconf 84' lang='lat' dir='ltr'><strong>apprehendimus,</strong></span> <span class='ocrx_word' id='word_1_317' title='bbox 852 2130 947 2157; x_wconf 90' lang='lat' dir='ltr'><strong>incon-</strong></span> 
     </span>
    </p>
   </div>
   <div class='ocr_carea' id='block_1_47' title="bbox 159 2176 947 2214">
    <p class='ocr_par' dir='ltr' id='par_1_47' title="bbox 159 2176 947 2214">
     <span class='ocr_line' id='line_1_47' title="bbox 159 2176 947 2214; baseline -0.006 -8"><span class='ocrx_word' id='word_1_318' title='bbox 159 2180 230 2206; x_wconf 80' lang='lat' dir='ltr'><strong>cussi</strong></span> <span class='ocrx_word' id='word_1_319' title='bbox 254 2185 458 2214; x_wconf 82' lang='lat' dir='ltr'><strong>permanemus.</strong></span> <span class='ocrx_word' id='word_1_320' title='bbox 473 2177 506 2204; x_wconf 88' lang='lat' dir='ltr'><strong>ad</strong></span> <span class='ocrx_word' id='word_1_321' title='bbox 529 2176 616 2210; x_wconf 89' lang='lat' dir='ltr'><strong>ipsum</strong></span> <span class='ocrx_word' id='word_1_322' title='bbox 640 2180 694 2203; x_wconf 84' lang='lat' dir='ltr'><strong>tam</strong></span> <span class='ocrx_word' id='word_1_323' title='bbox 713 2177 795 2203; x_wconf 89' lang='lat' dir='ltr'><strong>vitam</strong></span> <span class='ocrx_word' id='word_1_324' title='bbox 812 2183 891 2210; x_wconf 87' lang='lat' dir='ltr'><strong>quam</strong></span> <span class='ocrx_word' id='word_1_325' title='bbox 906 2176 947 2201; x_wconf 92' lang='lat' dir='ltr'><strong>vi-</strong></span> 
     </span>
    </p>
   </div>
   <div class='ocr_carea' id='block_1_48' title="bbox 159 2221 947 2258">
    <p class='ocr_par' dir='ltr' id='par_1_48' title="bbox 159 2221 947 2258">
     <span class='ocr_line' id='line_1_48' title="bbox 159 2221 947 2258; baseline -0.004 -7"><span class='ocrx_word' id='word_1_326' title='bbox 159 2224 240 2252; x_wconf 74' lang='lat' dir='ltr'><strong>vendi</strong></span> <span class='ocrx_word' id='word_1_327' title='bbox 263 2224 394 2251; x_wconf 88' lang='lat' dir='ltr'><strong>rationem</strong></span> <span class='ocrx_word' id='word_1_328' title='bbox 415 2223 576 2258; x_wconf 81' lang='lat' dir='ltr'><strong>dirigentes.</strong></span> <span class='ocrx_word' id='word_1_329' title='bbox 592 2221 764 2257; x_wconf 79' lang='lat' dir='ltr'><strong>Quapropter</strong></span> <span class='ocrx_word' id='word_1_330' title='bbox 782 2226 845 2249; x_wconf 88' lang='lat' dir='ltr'><strong>ante</strong></span> <span class='ocrx_word' id='word_1_331' title='bbox 866 2229 947 2249; x_wconf 89' lang='lat' dir='ltr'><strong>omne</strong></span> 
     </span>
    </p>
   </div>
   <div class='ocr_carea' id='block_1_49' title="bbox 159 2267 946 2304">
    <p class='ocr_par' dir='ltr' id='par_1_49' title="bbox 159 2267 946 2304">
     <span class='ocr_line' id='line_1_49' title="bbox 159 2267 946 2304; baseline -0.001 -9"><span class='ocrx_word' id='word_1_332' title='bbox 159 2277 237 2304; x_wconf 81' lang='lat' dir='ltr'><strong>opus,</strong></span> <span class='ocrx_word' id='word_1_333' title='bbox 253 2269 402 2304; x_wconf 69' lang='lat' dir='ltr'><strong>praesertim</strong></span> <span class='ocrx_word' id='word_1_334' title='bbox 419 2272 483 2295; x_wconf 86' lang='lat' dir='ltr'><strong>ante</strong></span> <span class='ocrx_word' id='word_1_335' title='bbox 498 2274 605 2295; x_wconf 89' lang='lat' dir='ltr'><strong>omnem</strong></span> <span class='ocrx_word' id='word_1_336' title='bbox 620 2267 653 2294; x_wconf 90' lang='lat' dir='ltr'><strong>de</strong></span> <span class='ocrx_word' id='word_1_337' title='bbox 667 2267 721 2294; x_wconf 88' lang='lat' dir='ltr'><strong>Deo</strong></span> <span class='ocrx_word' id='word_1_338' title='bbox 735 2274 899 2299; x_wconf 80' lang='lat' dir='ltr'><strong>sermonem,</strong></span> <span class='ocrx_word' id='word_1_339' title='bbox 913 2267 946 2294; x_wconf 89' lang='lat' dir='ltr'><strong>ab</strong></span> 
     </span>
    </p>
   </div>
   <div class='ocr_carea' id='block_1_50' title="bbox 1041 284 1805 321">
    <p class='ocr_par' dir='ltr' id='par_1_50' title="bbox 1041 284 1805 321">
     <span class='ocr_line' id='line_1_50' title="bbox 1041 284 1805 321; baseline 0 -10"><span class='ocrx_word' id='word_1_340' title='bbox 1041 284 1054 319; x_wconf 86' lang='lat'><strong>§</strong></span> <span class='ocrx_word' id='word_1_341' title='bbox 1074 285 1093 311; x_wconf 88' lang='grc'>1.</span> <span class='ocrx_word' id='word_1_342' title='bbox 1116 285 1238 320; x_wconf 83' lang='grc' dir='ltr'>Πρῶτον,</span> <span class='ocrx_word' id='word_1_343' title='bbox 1255 286 1280 311; x_wconf 80' lang='grc' dir='ltr'><strong>εἰ</strong></span> <span class='ocrx_word' id='word_1_344' title='bbox 1293 285 1376 316; x_wconf 76' lang='grc' dir='ltr'>δοκεῖ,</span> <span class='ocrx_word' id='word_1_345' title='bbox 1388 285 1437 321; x_wconf 77' lang='grc' dir='ltr'>τὴν</span> <span class='ocrx_word' id='word_1_346' title='bbox 1451 284 1649 321; x_wconf 78' lang='grc' dir='ltr'>ὲκφαντορικὴν</span> <span class='ocrx_word' id='word_1_347' title='bbox 1662 284 1716 311; x_wconf 79' lang='grc' dir='ltr'>τῶν</span> <span class='ocrx_word' id='word_1_348' title='bbox 1732 284 1805 311; x_wconf 62' lang='lat' dir='ltr'><strong>ua»;</strong></span> 
     </span>
    </p>
   </div>
   <div class='ocr_carea' id='block_1_51' title="bbox 1004 331 1803 368">
    <p class='ocr_par' dir='ltr' id='par_1_51' title="bbox 1004 331 1803 368">
     <span class='ocr_line' id='line_1_51' title="bbox 1004 331 1803 368; baseline 0.001 -11"><span class='ocrx_word' id='word_1_349' title='bbox 1004 331 1051 358; x_wconf 83' lang='grc' dir='ltr'><strong>τοῦ</strong></span> <span class='ocrx_word' id='word_1_350' title='bbox 1068 331 1135 358; x_wconf 84' lang='grc' dir='ltr'>Θεοῦ</span> <span class='ocrx_word' id='word_1_351' title='bbox 1153 331 1330 366; x_wconf 82' lang='grc' dir='ltr'><strong>εὐεργεσιῶν,</strong></span> <span class='ocrx_word' id='word_1_352' title='bbox 1352 331 1473 368; x_wconf 82' lang='grc' dir='ltr'>δηλονότι</span> <span class='ocrx_word' id='word_1_353' title='bbox 1489 333 1537 367; x_wconf 87' lang='grc' dir='ltr'>τὴν</span> <span class='ocrx_word' id='word_1_354' title='bbox 1553 332 1600 359; x_wconf 81' lang='grc' dir='ltr'><strong>τοῦ</strong></span> <span class='ocrx_word' id='word_1_355' title='bbox 1620 331 1723 366; x_wconf 77' lang='grc' dir='ltr'><strong>ἀγαθοῦ</strong></span> <span class='ocrx_word' id='word_1_356' title='bbox 1740 332 1803 359; x_wconf 82' lang='grc' dir='ltr'>ὀνο-</span> 
     </span>
    </p>
   </div>
   <div class='ocr_carea' id='block_1_52' title="bbox 1007 376 1799 413">
    <p class='ocr_par' dir='ltr' id='par_1_52' title="bbox 1007 376 1799 413">
     <span class='ocr_line' id='line_1_52' title="bbox 1007 376 1799 413; baseline 0 -9"><span class='ocrx_word' id='word_1_357' title='bbox 1007 377 1123 412; x_wconf 81' lang='grc' dir='ltr'>μασίαν,</span> <span class='ocrx_word' id='word_1_358' title='bbox 1141 376 1364 412; x_wconf 72' lang='grc' dir='ltr'>ἐπισκεψώμεθα,</span> <span class='ocrx_word' id='word_1_359' title='bbox 1382 378 1431 413; x_wconf 83' lang='grc' dir='ltr'>τὴν</span> <span class='ocrx_word' id='word_1_360' title='bbox 1448 377 1565 413; x_wconf 82' lang='grc' dir='ltr'>ἀρχικὴν</span> <span class='ocrx_word' id='word_1_361' title='bbox 1588 377 1677 413; x_wconf 83' lang='grc' dir='ltr'>πάσης</span> <span class='ocrx_word' id='word_1_362' title='bbox 1702 377 1799 411; x_wconf 80' lang='grc' dir='ltr'>ἀγαθό-</span> 
     </span>
    </p>
   </div>
   <div class='ocr_carea' id='block_1_53' title="bbox 1004 421 1804 458">
    <p class='ocr_par' dir='ltr' id='par_1_53' title="bbox 1004 421 1804 458">
     <span class='ocr_line' id='line_1_53' title="bbox 1004 421 1804 458; baseline 0 -10"><span class='ocrx_word' id='word_1_363' title='bbox 1004 430 1084 457; x_wconf 86' lang='grc' dir='ltr'>τητος</span> <span class='ocrx_word' id='word_1_364' title='bbox 1097 422 1178 456; x_wconf 91' lang='grc' dir='ltr'>ἁγίαν</span> <span class='ocrx_word' id='word_1_365' title='bbox 1191 421 1306 457; x_wconf 82' lang='grc' dir='ltr'>Τριάδα,</span> <span class='ocrx_word' id='word_1_366' title='bbox 1323 422 1373 458; x_wconf 81' lang='grc' dir='ltr'>τὴν</span> <span class='ocrx_word' id='word_1_367' title='bbox 1387 421 1476 455; x_wconf 85' lang='grc' dir='ltr'>πάσας</span> <span class='ocrx_word' id='word_1_368' title='bbox 1492 423 1542 454; x_wconf 85' lang='grc' dir='ltr'>τὰς</span> <span class='ocrx_word' id='word_1_369' title='bbox 1557 423 1684 458; x_wconf 82' lang='grc' dir='ltr'><strong>προνοίας</strong></span> <span class='ocrx_word' id='word_1_370' title='bbox 1701 422 1804 457; x_wconf 77' lang='grc' dir='ltr'>ἑαυτῆς</span> 
     </span>
    </p>
   </div>
   <div class='ocr_carea' id='block_1_54' title="bbox 1004 467 1804 504">
    <p class='ocr_par' dir='ltr' id='par_1_54' title="bbox 1004 467 1804 504">
     <span class='ocr_line' id='line_1_54' title="bbox 1004 467 1804 504; baseline 0.001 -11"><span class='ocrx_word' id='word_1_371' title='bbox 1004 467 1113 501; x_wconf 78' lang='grc' dir='ltr'>ἁγαοῶς</span> <span class='ocrx_word' id='word_1_372' title='bbox 1143 467 1325 502; x_wconf 80' lang='grc' dir='ltr'><strong>ἐκφαίνουσαν</strong></span> <span class='ocrx_word' id='word_1_373' title='bbox 1354 468 1590 503; x_wconf 74' lang='grc' dir='ltr'>ἐπικαλεσάμενοι.</span> <span class='ocrx_word' id='word_1_374' title='bbox 1617 468 1677 504; x_wconf 85' lang='grc' dir='ltr'><strong>Χρὴ</strong></span> <span class='ocrx_word' id='word_1_375' title='bbox 1711 468 1804 494; x_wconf 85' lang='grc' dir='ltr'>τοίνυν</span> 
     </span>
    </p>
   </div>
   <div class='ocr_carea' id='block_1_55' title="bbox 1005 511 1803 548">
    <p class='ocr_par' dir='ltr' id='par_1_55' title="bbox 1005 511 1803 548">
     <span class='ocr_line' id='line_1_55' title="bbox 1005 511 1803 548; baseline 0.001 -10"><span class='ocrx_word' id='word_1_376' title='bbox 1005 512 1089 547; x_wconf 84' lang='grc' dir='ltr'>ἡμᾶς,</span> <span class='ocrx_word' id='word_1_377' title='bbox 1106 512 1167 543; x_wconf 90' lang='grc' dir='ltr'>ταῖς</span> <span class='ocrx_word' id='word_1_378' title='bbox 1185 511 1278 546; x_wconf 81' lang='grc' dir='ltr'>εὐχαῖς</span> <span class='ocrx_word' id='word_1_379' title='bbox 1299 513 1517 548; x_wconf 81' lang='grc' dir='ltr'>προαγομένους,</span> <span class='ocrx_word' id='word_1_380' title='bbox 1537 514 1585 539; x_wconf 76' lang='grc' dir='ltr'>καὶ</span> <span class='ocrx_word' id='word_1_381' title='bbox 1608 513 1708 548; x_wconf 84' lang='grc' dir='ltr'>μᾶλλον</span> <span class='ocrx_word' id='word_1_382' title='bbox 1732 512 1803 548; x_wconf 87' lang='grc' dir='ltr'>πλη-</span> 
     </span>
    </p>
   </div>
   <div class='ocr_carea' id='block_1_56' title="bbox 1005 557 1804 594">
    <p class='ocr_par' dir='ltr' id='par_1_56' title="bbox 1005 557 1804 594">
     <span class='ocr_line' id='line_1_56' title="bbox 1005 557 1804 594; baseline 0 -10"><span class='ocrx_word' id='word_1_383' title='bbox 1005 558 1156 590; x_wconf 78' lang='grc' dir='ltr'>σιάζοντας,</span> <span class='ocrx_word' id='word_1_384' title='bbox 1173 558 1244 585; x_wconf 79' lang='grc' dir='ltr'>κατὰ</span> <span class='ocrx_word' id='word_1_385' title='bbox 1260 558 1304 584; x_wconf 79' lang='grc' dir='ltr'><strong>τό·</strong></span> <span class='ocrx_word' id='word_1_386' title='bbox 1325 558 1480 593; x_wconf 77' lang='grc' dir='ltr'>Ἐγγ-ίσατε</span> <span class='ocrx_word' id='word_1_387' title='bbox 1495 558 1570 593; x_wconf 76' lang='grc' dir='ltr'>πρὸς</span> <span class='ocrx_word' id='word_1_388' title='bbox 1585 558 1636 594; x_wconf 82' lang='grc' dir='ltr'>μὲ,</span> <span class='ocrx_word' id='word_1_389' title='bbox 1653 558 1701 586; x_wconf 77' lang='grc' dir='ltr'>καὶ</span> <span class='ocrx_word' id='word_1_390' title='bbox 1713 557 1804 593; x_wconf 74' lang='grc' dir='ltr'>ἐγγιῶ</span> 
     </span>
    </p>
   </div>
   <div class='ocr_carea' id='block_1_57' title="bbox 1004 604 1802 641">
    <p class='ocr_par' dir='ltr' id='par_1_57' title="bbox 1004 604 1802 641">
     <span class='ocr_line' id='line_1_57' title="bbox 1004 604 1802 641; baseline 0.001 -11"><span class='ocrx_word' id='word_1_391' title='bbox 1004 604 1078 638; x_wconf 77' lang='grc' dir='ltr'>πρὸς</span> <span class='ocrx_word' id='word_1_392' title='bbox 1093 604 1183 638; x_wconf 72' lang='grc' dir='ltr'>ἡμᾶς,</span> <span class='ocrx_word' id='word_1_393' title='bbox 1193 604 1277 638; x_wconf 78' lang='grc' dir='ltr'>Λέγει</span> <span class='ocrx_word' id='word_1_394' title='bbox 1285 606 1407 640; x_wconf 80' lang='grc' dir='ltr'>Κύριος,</span> <span class='ocrx_word' id='word_1_395' title='bbox 1427 604 1552 639; x_wconf 77' lang='grc' dir='ltr'><strong>μυεῖσθαι</strong></span> <span class='ocrx_word' id='word_1_396' title='bbox 1568 604 1618 637; x_wconf 80' lang='grc' dir='ltr'><strong>τὰς</strong></span> <span class='ocrx_word' id='word_1_397' title='bbox 1637 606 1700 641; x_wconf 74' lang='grc' dir='ltr'>περὶ</span> <span class='ocrx_word' id='word_1_398' title='bbox 1715 604 1802 640; x_wconf 81' lang='grc' dir='ltr'>αὐτὴν</span> 
     </span>
    </p>
   </div>
   <div class='ocr_carea' id='block_1_58' title="bbox 1003 649 1801 687">
    <p class='ocr_par' dir='ltr' id='par_1_58' title="bbox 1003 649 1801 687">
     <span class='ocr_line' id='line_1_58' title="bbox 1003 649 1801 687; baseline 0.003 -11"><span class='ocrx_word' id='word_1_399' title='bbox 1003 650 1116 686; x_wconf 81' lang='grc' dir='ltr'>δωρεὰς,</span> <span class='ocrx_word' id='word_1_400' title='bbox 1130 651 1158 676; x_wconf 77' lang='grc' dir='ltr'>ὲν</span> <span class='ocrx_word' id='word_1_401' title='bbox 1174 650 1214 685; x_wconf 83' lang='grc' dir='ltr'>τῷ</span> <span class='ocrx_word' id='word_1_402' title='bbox 1236 649 1351 686; x_wconf 78' lang='grc' dir='ltr'><strong>πάσχειν</strong></span> <span class='ocrx_word' id='word_1_403' title='bbox 1369 650 1468 685; x_wconf 79' lang='grc' dir='ltr'>μᾶλλον</span> <span class='ocrx_word' id='word_1_404' title='bbox 1483 651 1577 684; x_wconf 83' lang='grc' dir='ltr'>αὐτὰς,</span> <span class='ocrx_word' id='word_1_405' title='bbox 1594 651 1611 687; x_wconf 81' lang='grc' dir='ltr'><strong>ἢ</strong></span> <span class='ocrx_word' id='word_1_406' title='bbox 1628 652 1658 678; x_wconf 83' lang='grc' dir='ltr'>ὲν</span> <span class='ocrx_word' id='word_1_407' title='bbox 1673 651 1712 687; x_wconf 83' lang='grc' dir='ltr'>τῷ</span> <span class='ocrx_word' id='word_1_408' title='bbox 1731 660 1801 687; x_wconf 89' lang='grc' dir='ltr'>μαν-</span> 
     </span>
    </p>
   </div>
   <div class='ocr_carea' id='block_1_59' title="bbox 1004 696 1802 733">
    <p class='ocr_par' dir='ltr' id='par_1_59' title="bbox 1004 696 1802 733">
     <span class='ocr_line' id='line_1_59' title="bbox 1004 696 1802 733; baseline 0.003 -11"><span class='ocrx_word' id='word_1_409' title='bbox 1004 696 1093 723; x_wconf 80' lang='grc' dir='ltr'>θάνειν</span> <span class='ocrx_word' id='word_1_410' title='bbox 1105 704 1111 710; x_wconf 94' lang='grc'><strong>·</strong></span> <span class='ocrx_word' id='word_1_411' title='bbox 1133 696 1181 722; x_wconf 78' lang='grc' dir='ltr'>καὶ</span> <span class='ocrx_word' id='word_1_412' title='bbox 1198 696 1252 732; x_wconf 83' lang='grc' dir='ltr'><strong>γὰρ</strong></span> <span class='ocrx_word' id='word_1_413' title='bbox 1269 697 1337 731; x_wconf 85' lang='grc' dir='ltr'>αὑτὴ</span> <span class='ocrx_word' id='word_1_414' title='bbox 1352 696 1402 731; x_wconf 79' lang='grc' dir='ltr'>μὲν</span> <span class='ocrx_word' id='word_1_415' title='bbox 1422 697 1489 724; x_wconf 83' lang='grc' dir='ltr'>πᾶσι</span> <span class='ocrx_word' id='word_1_416' title='bbox 1508 696 1649 733; x_wconf 83' lang='grc' dir='ltr'>πάρεστιν,</span> <span class='ocrx_word' id='word_1_417' title='bbox 1667 698 1697 724; x_wconf 86' lang='grc' dir='ltr'>οὐ</span> <span class='ocrx_word' id='word_1_418' title='bbox 1710 697 1802 724; x_wconf 84' lang='grc' dir='ltr'>πάντα.</span> 
     </span>
    </p>
   </div>
   <div class='ocr_carea' id='block_1_60' title="bbox 1002 743 1801 780">
    <p class='ocr_par' dir='ltr' id='par_1_60' title="bbox 1002 743 1801 780">
     <span class='ocr_line' id='line_1_60' title="bbox 1002 743 1801 780; baseline 0.001 -11"><span class='ocrx_word' id='word_1_419' title='bbox 1002 743 1030 769; x_wconf 81' lang='grc' dir='ltr'><strong>δὲ</strong></span> <span class='ocrx_word' id='word_1_420' title='bbox 1054 743 1141 780; x_wconf 83' lang='grc' dir='ltr'>ταύτῃ</span> <span class='ocrx_word' id='word_1_421' title='bbox 1160 743 1302 778; x_wconf 85' lang='grc' dir='ltr'>πάρεστιν,</span> <span class='ocrx_word' id='word_1_422' title='bbox 1327 743 1377 770; x_wconf 85' lang='grc' dir='ltr'>ὅσα</span> <span class='ocrx_word' id='word_1_423' title='bbox 1397 743 1497 779; x_wconf 87' lang='grc' dir='ltr'>δηλαδὴ</span> <span class='ocrx_word' id='word_1_424' title='bbox 1517 745 1546 770; x_wconf 79' lang='grc' dir='ltr'>ὲν</span> <span class='ocrx_word' id='word_1_425' title='bbox 1568 745 1601 780; x_wconf 83' lang='grc' dir='ltr'><strong>τῇ</strong></span> <span class='ocrx_word' id='word_1_426' title='bbox 1620 744 1675 771; x_wconf 86' lang='grc' dir='ltr'>τῶν</span> <span class='ocrx_word' id='word_1_427' title='bbox 1696 745 1801 780; x_wconf 80' lang='grc' dir='ltr'>γηΐνων</span> 
     </span>
    </p>
   </div>
   <div class='ocr_carea' id='block_1_61' title="bbox 1002 787 1801 826">
    <p class='ocr_par' dir='ltr' id='par_1_61' title="bbox 1002 787 1801 826">
     <span class='ocr_line' id='line_1_61' title="bbox 1002 787 1801 826; baseline 0.005 -12"><span class='ocrx_word' id='word_1_428' title='bbox 1002 787 1057 821; x_wconf 76' lang='grc' dir='ltr'>ἕξει</span> <span class='ocrx_word' id='word_1_429' title='bbox 1072 789 1119 815; x_wconf 77' lang='grc' dir='ltr'>καὶ</span> <span class='ocrx_word' id='word_1_430' title='bbox 1135 790 1169 824; x_wconf 79' lang='grc' dir='ltr'>τῇ</span> <span class='ocrx_word' id='word_1_431' title='bbox 1186 788 1239 815; x_wconf 86' lang='grc' dir='ltr'><strong>τῶν</strong></span> <span class='ocrx_word' id='word_1_432' title='bbox 1255 789 1394 824; x_wconf 82' lang='grc' dir='ltr'><strong>λογισμῶν</strong></span> <span class='ocrx_word' id='word_1_433' title='bbox 1410 789 1573 816; x_wconf 79' lang='grc' dir='ltr'>ἐπιθολώσει</span> <span class='ocrx_word' id='word_1_434' title='bbox 1590 791 1801 826; x_wconf 85' lang='grc' dir='ltr'>ἀπομακρύνον-</span> 
     </span>
    </p>
   </div>
   <div class='ocr_carea' id='block_1_62' title="bbox 1002 836 1800 874">
    <p class='ocr_par' dir='ltr' id='par_1_62' title="bbox 1002 836 1800 874">
     <span class='ocr_line' id='line_1_62' title="bbox 1002 836 1800 874; baseline 0.003 -12"><span class='ocrx_word' id='word_1_435' title='bbox 1002 844 1046 863; x_wconf 81' lang='grc' dir='ltr'><strong>ται</strong></span> <span class='ocrx_word' id='word_1_436' title='bbox 1058 845 1064 851; x_wconf 91' lang='grc'>·</span> <span class='ocrx_word' id='word_1_437' title='bbox 1083 837 1127 863; x_wconf 83' lang='grc' dir='ltr'>ὅτε</span> <span class='ocrx_word' id='word_1_438' title='bbox 1140 836 1169 863; x_wconf 82' lang='grc' dir='ltr'><strong>δὲ</strong></span> <span class='ocrx_word' id='word_1_439' title='bbox 1183 836 1217 863; x_wconf 77' lang='grc' dir='ltr'><strong>δι’</strong></span> <span class='ocrx_word' id='word_1_440' title='bbox 1228 837 1312 872; x_wconf 77' lang='grc' dir='ltr'>εὐχῆς</span> <span class='ocrx_word' id='word_1_441' title='bbox 1326 837 1374 864; x_wconf 79' lang='grc' dir='ltr'><strong>καὶ</strong></span> <span class='ocrx_word' id='word_1_442' title='bbox 1389 837 1428 873; x_wconf 88' lang='grc' dir='ltr'>νῷ</span> <span class='ocrx_word' id='word_1_443' title='bbox 1443 838 1632 874; x_wconf 85' lang='grc' dir='ltr'>ἀνεπιθολώτῳ</span> <span class='ocrx_word' id='word_1_444' title='bbox 1651 839 1800 874; x_wconf 80' lang='grc' dir='ltr'>ἐπιτήδειοι</span> 
     </span>
    </p>
   </div>
   <div class='ocr_carea' id='block_1_63' title="bbox 1002 883 1801 922">
    <p class='ocr_par' dir='ltr' id='par_1_63' title="bbox 1002 883 1801 922">
     <span class='ocr_line' id='line_1_63' title="bbox 1002 883 1801 922; baseline 0.004 -13"><span class='ocrx_word' id='word_1_445' title='bbox 1002 883 1131 918; x_wconf 80' lang='grc' dir='ltr'>γινόμεθα</span> <span class='ocrx_word' id='word_1_446' title='bbox 1148 884 1216 919; x_wconf 88' lang='grc' dir='ltr'>πρὸς</span> <span class='ocrx_word' id='word_1_447' title='bbox 1231 884 1280 919; x_wconf 84' lang='grc' dir='ltr'>τὴν</span> <span class='ocrx_word' id='word_1_448' title='bbox 1296 884 1370 911; x_wconf 81' lang='grc' dir='ltr'>θείαν</span> <span class='ocrx_word' id='word_1_449' title='bbox 1387 884 1494 917; x_wconf 72' lang='grc' dir='ltr'>ἕνωσιν,</span> <span class='ocrx_word' id='word_1_450' title='bbox 1512 885 1574 912; x_wconf 81' lang='grc' dir='ltr'>τότε</span> <span class='ocrx_word' id='word_1_451' title='bbox 1590 885 1734 922; x_wconf 84' lang='grc' dir='ltr'>πάρεσμεν</span> <span class='ocrx_word' id='word_1_452' title='bbox 1750 886 1801 912; x_wconf 81' lang='grc' dir='ltr'>καὶ</span> 
     </span>
    </p>
   </div>
   <div class='ocr_carea' id='block_1_64' title="bbox 1001 930 1799 968">
    <p class='ocr_par' dir='ltr' id='par_1_64' title="bbox 1001 930 1799 968">
     <span class='ocr_line' id='line_1_64' title="bbox 1001 930 1799 968; baseline 0.004 -12"><span class='ocrx_word' id='word_1_453' title='bbox 1001 930 1083 965; x_wconf 87' lang='grc' dir='ltr'>ἡμεῖς</span> <span class='ocrx_word' id='word_1_454' title='bbox 1094 930 1172 966; x_wconf 80' lang='grc' dir='ltr'>αὐτῇ.</span> <span class='ocrx_word' id='word_1_455' title='bbox 1190 930 1411 963; x_wconf 80' lang='grc' dir='ltr'>Κατασκευάζων</span> <span class='ocrx_word' id='word_1_456' title='bbox 1426 931 1454 958; x_wconf 84' lang='grc' dir='ltr'><strong>δὲ</strong></span> <span class='ocrx_word' id='word_1_457' title='bbox 1468 931 1508 964; x_wconf 83' lang='grc' dir='ltr'>τὸ,</span> <span class='ocrx_word' id='word_1_458' title='bbox 1525 932 1566 959; x_wconf 81' lang='grc' dir='ltr'>ὅτι</span> <span class='ocrx_word' id='word_1_459' title='bbox 1584 933 1650 959; x_wconf 78' lang='grc' dir='ltr'>πᾶσι</span> <span class='ocrx_word' id='word_1_460' title='bbox 1669 932 1799 968; x_wconf 81' lang='grc' dir='ltr'>πάρεστι,</span> 
     </span>
    </p>
   </div>
   <div class='ocr_carea' id='block_1_65' title="bbox 1002 976 1798 1014">
    <p class='ocr_par' dir='ltr' id='par_1_65' title="bbox 1002 976 1798 1014">
     <span class='ocr_line' id='line_1_65' title="bbox 1002 976 1798 1014; baseline 0.005 -12"><span class='ocrx_word' id='word_1_461' title='bbox 1002 976 1100 1012; x_wconf 83' lang='grc' dir='ltr'>φησίν·</span> <span class='ocrx_word' id='word_1_462' title='bbox 1125 977 1166 1003; x_wconf 85' lang='grc' dir='ltr'>ὅτι</span> <span class='ocrx_word' id='word_1_463' title='bbox 1187 977 1237 1003; x_wconf 90' lang='grc' dir='ltr'>οὐκ</span> <span class='ocrx_word' id='word_1_464' title='bbox 1253 978 1282 1004; x_wconf 72' lang='grc' dir='ltr'>ἐν</span> <span class='ocrx_word' id='word_1_465' title='bbox 1304 978 1378 1013; x_wconf 84' lang='grc' dir='ltr'><strong>τόπῳ</strong></span> <span class='ocrx_word' id='word_1_466' title='bbox 1395 978 1479 1010; x_wconf 78' lang='grc' dir='ltr'>ἐστὶν,</span> <span class='ocrx_word' id='word_1_467' title='bbox 1497 978 1541 1005; x_wconf 83' lang='grc' dir='ltr'><strong>ἴνα</strong></span> <span class='ocrx_word' id='word_1_468' title='bbox 1563 978 1611 1005; x_wconf 79' lang='grc' dir='ltr'>καὶ</span> <span class='ocrx_word' id='word_1_469' title='bbox 1634 979 1690 1014; x_wconf 79' lang='grc' dir='ltr'><strong>ἀπῇ</strong></span> <span class='ocrx_word' id='word_1_470' title='bbox 1713 988 1798 1012; x_wconf 86' lang='grc' dir='ltr'>τινος,</span> 
     </span>
    </p>
   </div>
   <div class='ocr_carea' id='block_1_66' title="bbox 1001 1021 1798 1060">
    <p class='ocr_par' dir='ltr' id='par_1_66' title="bbox 1001 1021 1798 1060">
     <span class='ocr_line' id='line_1_66' title="bbox 1001 1021 1798 1060; baseline 0.004 -12"><span class='ocrx_word' id='word_1_471' title='bbox 1001 1021 1018 1056; x_wconf 76' lang='grc' dir='ltr'>ἦ</span> <span class='ocrx_word' id='word_1_472' title='bbox 1030 1021 1070 1053; x_wconf 81' lang='grc' dir='ltr'><strong>είς</strong></span> <span class='ocrx_word' id='word_1_473' title='bbox 1085 1021 1167 1057; x_wconf 77' lang='grc' dir='ltr'>ἕτερα</span> <span class='ocrx_word' id='word_1_474' title='bbox 1182 1022 1212 1054; x_wconf 73' lang='grc' dir='ltr'><strong>ἐξ</strong></span> <span class='ocrx_word' id='word_1_475' title='bbox 1228 1022 1314 1049; x_wconf 79' lang='grc' dir='ltr'>ἄλλων</span> <span class='ocrx_word' id='word_1_476' title='bbox 1331 1024 1464 1059; x_wconf 81' lang='grc' dir='ltr'>μεταστῇ.</span> <span class='ocrx_word' id='word_1_477' title='bbox 1477 1024 1518 1050; x_wconf 82' lang='grc' dir='ltr'><strong>Τὰ</strong></span> <span class='ocrx_word' id='word_1_478' title='bbox 1531 1024 1586 1060; x_wconf 86' lang='grc' dir='ltr'><strong>γὰρ</strong></span> <span class='ocrx_word' id='word_1_479' title='bbox 1602 1025 1632 1051; x_wconf 87' lang='grc' dir='ltr'>ὲν</span> <span class='ocrx_word' id='word_1_480' title='bbox 1647 1024 1733 1060; x_wconf 83' lang='grc' dir='ltr'><strong>τόπῳ,</strong></span> <span class='ocrx_word' id='word_1_481' title='bbox 1746 1034 1798 1051; x_wconf 85' lang='grc' dir='ltr'>πε-</span> 
     </span>
    </p>
   </div>
   <div class='ocr_carea' id='block_1_67' title="bbox 1002 1068 1799 1106">
    <p class='ocr_par' dir='ltr' id='par_1_67' title="bbox 1002 1068 1799 1106">
     <span class='ocr_line' id='line_1_67' title="bbox 1002 1068 1799 1106; baseline 0.005 -12"><span class='ocrx_word' id='word_1_482' title='bbox 1002 1068 1136 1103; x_wconf 85' lang='grc' dir='ltr'>ριέχονται</span> <span class='ocrx_word' id='word_1_483' title='bbox 1148 1077 1154 1083; x_wconf 91' lang='grc'>·</span> <span class='ocrx_word' id='word_1_484' title='bbox 1173 1069 1222 1095; x_wconf 78' lang='grc' dir='ltr'>καὶ</span> <span class='ocrx_word' id='word_1_485' title='bbox 1236 1069 1319 1100; x_wconf 84' lang='grc' dir='ltr'><strong>τόπος</strong></span> <span class='ocrx_word' id='word_1_486' title='bbox 1336 1069 1394 1096; x_wconf 75' lang='grc' dir='ltr'>ἐστὶ</span> <span class='ocrx_word' id='word_1_487' title='bbox 1411 1069 1498 1105; x_wconf 81' lang='grc' dir='ltr'>πέρας</span> <span class='ocrx_word' id='word_1_488' title='bbox 1513 1070 1561 1097; x_wconf 85' lang='grc' dir='ltr'><strong>τοῦ</strong></span> <span class='ocrx_word' id='word_1_489' title='bbox 1575 1071 1750 1106; x_wconf 78' lang='grc' dir='ltr'>περιέχοντος</span> <span class='ocrx_word' id='word_1_490' title='bbox 1766 1071 1799 1098; x_wconf 82' lang='grc' dir='ltr'>τὸ</span> 
     </span>
    </p>
   </div>
   <div class='ocr_carea' id='block_1_68' title="bbox 1001 1115 1799 1152">
    <p class='ocr_par' dir='ltr' id='par_1_68' title="bbox 1001 1115 1799 1152">
     <span class='ocr_line' id='line_1_68' title="bbox 1001 1115 1799 1152; baseline 0.004 -11"><span class='ocrx_word' id='word_1_491' title='bbox 1001 1115 1205 1151; x_wconf 82' lang='grc' dir='ltr'>περιεχόμενον.</span> <span class='ocrx_word' id='word_1_492' title='bbox 1230 1115 1309 1142; x_wconf 87' lang='grc' dir='ltr'><strong>’Λλλά</strong></span> <span class='ocrx_word' id='word_1_493' title='bbox 1333 1116 1381 1143; x_wconf 72' lang='grc' dir='ltr'>καὶ</span> <span class='ocrx_word' id='word_1_494' title='bbox 1402 1116 1481 1143; x_wconf 78' lang='grc' dir='ltr'>τοῦτο</span> <span class='ocrx_word' id='word_1_495' title='bbox 1505 1117 1536 1144; x_wconf 77' lang='grc' dir='ltr'>τὸ</span> <span class='ocrx_word' id='word_1_496' title='bbox 1559 1117 1650 1152; x_wconf 84' lang='grc' dir='ltr'>λέγειν</span> <span class='ocrx_word' id='word_1_497' title='bbox 1669 1118 1698 1144; x_wconf 83' lang='grc' dir='ltr'>ὲν</span> <span class='ocrx_word' id='word_1_498' title='bbox 1714 1119 1799 1145; x_wconf 81' lang='grc' dir='ltr'>πᾶσιν</span> 
     </span>
    </p>
   </div>
   <div class='ocr_carea' id='block_1_69' title="bbox 1001 1159 1798 1200">
    <p class='ocr_par' dir='ltr' id='par_1_69' title="bbox 1001 1159 1798 1200">
     <span class='ocr_line' id='line_1_69' title="bbox 1001 1159 1798 1200; baseline 0.003 -12"><span class='ocrx_word' id='word_1_499' title='bbox 1001 1159 1070 1188; x_wconf 76' lang='grc' dir='ltr'>εἶναι</span> <span class='ocrx_word' id='word_1_500' title='bbox 1095 1162 1196 1198; x_wconf 83' lang='grc' dir='ltr'>αὐτὴν,</span> <span class='ocrx_word' id='word_1_501' title='bbox 1222 1162 1290 1198; x_wconf 82' lang='grc' dir='ltr'>πρὸς</span> <span class='ocrx_word' id='word_1_502' title='bbox 1316 1162 1348 1189; x_wconf 77' lang='grc' dir='ltr'>τὸ</span> <span class='ocrx_word' id='word_1_503' title='bbox 1374 1163 1570 1199; x_wconf 83' lang='grc' dir='ltr'>περιληπτικδν</span> <span class='ocrx_word' id='word_1_504' title='bbox 1596 1164 1647 1199; x_wconf 81' lang='grc' dir='ltr'>τῆς</span> <span class='ocrx_word' id='word_1_505' title='bbox 1669 1163 1798 1200; x_wconf 82' lang='grc' dir='ltr'>ἀπειρίας</span> 
     </span>
    </p>
   </div>
   <div class='ocr_carea' id='block_1_70' title="bbox 1000 1209 1799 1246">
    <p class='ocr_par' dir='ltr' id='par_1_70' title="bbox 1000 1209 1799 1246">
     <span class='ocr_line' id='line_1_70' title="bbox 1000 1209 1799 1246; baseline 0.003 -12"><span class='ocrx_word' id='word_1_506' title='bbox 1000 1209 1108 1245; x_wconf 77' lang='grc' dir='ltr'><strong>ἐκείνης</strong></span> <span class='ocrx_word' id='word_1_507' title='bbox 1133 1209 1201 1236; x_wconf 77' lang='grc' dir='ltr'>πολὺ</span> <span class='ocrx_word' id='word_1_508' title='bbox 1226 1210 1414 1237; x_wconf 81' lang='grc' dir='ltr'>ἀπολείπεται.</span> <span class='ocrx_word' id='word_1_509' title='bbox 1438 1211 1506 1237; x_wconf 79' lang='grc' dir='ltr'>Οὐδὲ</span> <span class='ocrx_word' id='word_1_510' title='bbox 1529 1210 1584 1246; x_wconf 84' lang='grc' dir='ltr'><strong>γὰρ</strong></span> <span class='ocrx_word' id='word_1_511' title='bbox 1601 1210 1680 1246; x_wconf 86' lang='grc' dir='ltr'>μόνον</span> <span class='ocrx_word' id='word_1_512' title='bbox 1697 1210 1727 1236; x_wconf 82' lang='grc' dir='ltr'>ὲν</span> <span class='ocrx_word' id='word_1_513' title='bbox 1743 1211 1799 1236; x_wconf 80' lang='grc' dir='ltr'><strong>πᾶ-</strong></span> 
     </span>
    </p>
   </div>
   <div class='ocr_carea' id='block_1_71' title="bbox 1001 1254 1799 1292">
    <p class='ocr_par' dir='ltr' id='par_1_71' title="bbox 1001 1254 1799 1292">
     <span class='ocr_line' id='line_1_71' title="bbox 1001 1254 1799 1292; baseline 0.003 -11"><span class='ocrx_word' id='word_1_514' title='bbox 1001 1254 1043 1281; x_wconf 89' lang='grc' dir='ltr'><strong>σίν</strong></span> <span class='ocrx_word' id='word_1_515' title='bbox 1059 1255 1143 1287; x_wconf 75' lang='grc' dir='ltr'>ἐστιν,</span> <span class='ocrx_word' id='word_1_516' title='bbox 1161 1254 1230 1282; x_wconf 84' lang='grc' dir='ltr'>ἀλλὰ</span> <span class='ocrx_word' id='word_1_517' title='bbox 1245 1256 1292 1282; x_wconf 79' lang='grc' dir='ltr'><strong>καὶ</strong></span> <span class='ocrx_word' id='word_1_518' title='bbox 1309 1256 1398 1283; x_wconf 84' lang='grc' dir='ltr'>πάντα</span> <span class='ocrx_word' id='word_1_519' title='bbox 1407 1256 1603 1292; x_wconf 73' lang='grc' dir='ltr'>περιλαμϐάνει</span> <span class='ocrx_word' id='word_1_520' title='bbox 1613 1276 1620 1283; x_wconf 90' lang='grc'><strong>.</strong></span> <span class='ocrx_word' id='word_1_521' title='bbox 1637 1256 1692 1283; x_wconf 84' lang='grc' dir='ltr'><strong>Καὶ</strong></span> <span class='ocrx_word' id='word_1_522' title='bbox 1703 1256 1733 1283; x_wconf 80' lang='grc' dir='ltr'>οὐ</span> <span class='ocrx_word' id='word_1_523' title='bbox 1749 1256 1799 1292; x_wconf 84' lang='grc' dir='ltr'><strong>μὸ-</strong></span> 
     </span>
    </p>
   </div>
   <div class='ocr_carea' id='block_1_72' title="bbox 999 1300 1798 1338">
    <p class='ocr_par' dir='ltr' id='par_1_72' title="bbox 999 1300 1798 1338">
     <span class='ocr_line' id='line_1_72' title="bbox 999 1300 1798 1338; baseline 0.003 -11"><span class='ocrx_word' id='word_1_524' title='bbox 999 1309 1044 1327; x_wconf 86' lang='grc' dir='ltr'><strong>νον</strong></span> <span class='ocrx_word' id='word_1_525' title='bbox 1060 1300 1271 1337; x_wconf 75' lang='grc' dir='ltr'>περιλαμὸάνει,</span> <span class='ocrx_word' id='word_1_526' title='bbox 1289 1301 1357 1329; x_wconf 83' lang='grc' dir='ltr'>ἀλλὰ</span> <span class='ocrx_word' id='word_1_527' title='bbox 1373 1303 1421 1329; x_wconf 77' lang='grc' dir='ltr'>καὶ</span> <span class='ocrx_word' id='word_1_528' title='bbox 1436 1303 1466 1329; x_wconf 84' lang='grc' dir='ltr'>τὸ</span> <span class='ocrx_word' id='word_1_529' title='bbox 1482 1303 1533 1338; x_wconf 83' lang='grc' dir='ltr'>τῆς</span> <span class='ocrx_word' id='word_1_530' title='bbox 1547 1303 1719 1338; x_wconf 74' lang='grc' dir='ltr'>περιλήψεως</span> <span class='ocrx_word' id='word_1_531' title='bbox 1732 1303 1798 1330; x_wconf 79' lang='grc' dir='ltr'><strong>ἐπέ-</strong></span> 
     </span>
    </p>
   </div>
   <div class='ocr_carea' id='block_1_73' title="bbox 1000 1347 1797 1384">
    <p class='ocr_par' dir='ltr' id='par_1_73' title="bbox 1000 1347 1797 1384">
     <span class='ocr_line' id='line_1_73' title="bbox 1000 1347 1797 1384; baseline 0.003 -11"><span class='ocrx_word' id='word_1_532' title='bbox 1000 1355 1077 1373; x_wconf 80' lang='grc' dir='ltr'>κεινα</span> <span class='ocrx_word' id='word_1_533' title='bbox 1099 1347 1212 1383; x_wconf 82' lang='grc' dir='ltr'>ἄπειρόν</span> <span class='ocrx_word' id='word_1_534' title='bbox 1235 1349 1303 1375; x_wconf 79' lang='grc' dir='ltr'>ἐστι.</span> <span class='ocrx_word' id='word_1_535' title='bbox 1328 1349 1424 1375; x_wconf 88' lang='grc' dir='ltr'>Τοίνυν</span> <span class='ocrx_word' id='word_1_536' title='bbox 1449 1348 1496 1375; x_wconf 80' lang='grc' dir='ltr'>καὶ</span> <span class='ocrx_word' id='word_1_537' title='bbox 1521 1349 1712 1384; x_wconf 84' lang='grc' dir='ltr'>ἀνανεύσωμεν</span> <span class='ocrx_word' id='word_1_538' title='bbox 1734 1349 1797 1380; x_wconf 81' lang='grc' dir='ltr'>ταῖς</span> 
     </span>
    </p>
   </div>
   <div class='ocr_carea' id='block_1_74' title="bbox 999 1392 1798 1431">
    <p class='ocr_par' dir='ltr' id='par_1_74' title="bbox 999 1392 1798 1431">
     <span class='ocr_line' id='line_1_74' title="bbox 999 1392 1798 1431; baseline 0.004 -13"><span class='ocrx_word' id='word_1_539' title='bbox 999 1392 1102 1428; x_wconf 71' lang='grc' dir='ltr'>εὐχαῖς,</span> <span class='ocrx_word' id='word_1_540' title='bbox 1118 1393 1168 1428; x_wconf 82' lang='grc' dir='ltr'>οὐχ</span> <span class='ocrx_word' id='word_1_541' title='bbox 1184 1393 1228 1420; x_wconf 82' lang='grc' dir='ltr'><strong>ἵνα</strong></span> <span class='ocrx_word' id='word_1_542' title='bbox 1240 1394 1270 1421; x_wconf 81' lang='grc' dir='ltr'>τὸ</span> <span class='ocrx_word' id='word_1_543' title='bbox 1287 1394 1364 1421; x_wconf 84' lang='grc' dir='ltr'>Θεῖον</span> <span class='ocrx_word' id='word_1_544' title='bbox 1378 1395 1550 1430; x_wconf 82' lang='grc' dir='ltr'>κατάξωμεν,</span> <span class='ocrx_word' id='word_1_545' title='bbox 1563 1395 1619 1421; x_wconf 85' lang='grc' dir='ltr'>ἀλλ’</span> <span class='ocrx_word' id='word_1_546' title='bbox 1636 1395 1680 1423; x_wconf 80' lang='grc' dir='ltr'>ἵνα</span> <span class='ocrx_word' id='word_1_547' title='bbox 1695 1395 1798 1431; x_wconf 75' lang='grc' dir='ltr'>μᾶλλον</span> 
     </span>
    </p>
   </div>
   <div class='ocr_carea' id='block_1_75' title="bbox 999 1439 1797 1477">
    <p class='ocr_par' dir='ltr' id='par_1_75' title="bbox 999 1439 1797 1477">
     <span class='ocr_line' id='line_1_75' title="bbox 999 1439 1797 1477; baseline 0.005 -13"><span class='ocrx_word' id='word_1_548' title='bbox 999 1439 1068 1474; x_wconf 77' lang='grc' dir='ltr'>πρὸς</span> <span class='ocrx_word' id='word_1_549' title='bbox 1084 1439 1150 1465; x_wconf 81' lang='grc' dir='ltr'>αὐτὸ</span> <span class='ocrx_word' id='word_1_550' title='bbox 1166 1439 1337 1476; x_wconf 84' lang='grc' dir='ltr'>ἀναχθῶμεν.</span> <span class='ocrx_word' id='word_1_551' title='bbox 1355 1441 1411 1467; x_wconf 79' lang='grc' dir='ltr'>Καὶ</span> <span class='ocrx_word' id='word_1_552' title='bbox 1432 1440 1567 1476; x_wconf 77' lang='grc' dir='ltr'>λαμϐάνει</span> <span class='ocrx_word' id='word_1_553' title='bbox 1579 1440 1687 1476; x_wconf 81' lang='grc' dir='ltr'>πρῶτον</span> <span class='ocrx_word' id='word_1_554' title='bbox 1704 1441 1797 1477; x_wconf 70' lang='grc' dir='ltr'>παρά-</span> 
     </span>
    </p>
   </div>
   <div class='ocr_carea' id='block_1_76' title="bbox 998 1485 1797 1523">
    <p class='ocr_par' dir='ltr' id='par_1_76' title="bbox 998 1485 1797 1523">
     <span class='ocr_line' id='line_1_76' title="bbox 998 1485 1797 1523; baseline 0.005 -13"><span class='ocrx_word' id='word_1_555' title='bbox 998 1485 1097 1520; x_wconf 81' lang='grc' dir='ltr'>δειγμα</span> <span class='ocrx_word' id='word_1_556' title='bbox 1119 1485 1273 1517; x_wconf 82' lang='grc' dir='ltr'>Ἑλληνικὸν</span> <span class='ocrx_word' id='word_1_557' title='bbox 1291 1487 1323 1512; x_wconf 81' lang='grc' dir='ltr'>ὲκ</span> <span class='ocrx_word' id='word_1_558' title='bbox 1340 1486 1387 1512; x_wconf 83' lang='grc' dir='ltr'><strong>τοῦ</strong></span> <span class='ocrx_word' id='word_1_559' title='bbox 1413 1487 1544 1523; x_wconf 86' lang='grc' dir='ltr'>Ὀμήρου,</span> <span class='ocrx_word' id='word_1_560' title='bbox 1561 1486 1747 1523; x_wconf 76' lang='grc' dir='ltr'>προσαρμόζει</span> <span class='ocrx_word' id='word_1_561' title='bbox 1766 1487 1797 1514; x_wconf 84' lang='grc' dir='ltr'><strong>δὲ</strong></span> 
     </span>
    </p>
   </div>
   <div class='ocr_carea' id='block_1_77' title="bbox 999 1530 1797 1568">
    <p class='ocr_par' dir='ltr' id='par_1_77' title="bbox 999 1530 1797 1568">
     <span class='ocr_line' id='line_1_77' title="bbox 999 1530 1797 1568; baseline 0.005 -12"><span class='ocrx_word' id='word_1_562' title='bbox 999 1530 1078 1557; x_wconf 80' lang='grc' dir='ltr'>τοῦτο</span> <span class='ocrx_word' id='word_1_563' title='bbox 1088 1532 1145 1562; x_wconf 84' lang='grc' dir='ltr'>τοῖς</span> <span class='ocrx_word' id='word_1_564' title='bbox 1152 1531 1234 1563; x_wconf 83' lang='grc' dir='ltr'>θείοις</span> <span class='ocrx_word' id='word_1_565' title='bbox 1247 1532 1436 1566; x_wconf 80' lang='grc' dir='ltr'>παγκάλλιστα</span> <span class='ocrx_word' id='word_1_566' title='bbox 1447 1541 1454 1548; x_wconf 73' lang='grc' dir='ltr'><strong>ο</strong></span> <span class='ocrx_word' id='word_1_567' title='bbox 1466 1533 1538 1567; x_wconf 86' lang='grc' dir='ltr'>λέγει</span> <span class='ocrx_word' id='word_1_568' title='bbox 1547 1533 1601 1568; x_wconf 80' lang='grc' dir='ltr'><strong>γὰρ</strong></span> <span class='ocrx_word' id='word_1_569' title='bbox 1612 1534 1725 1565; x_wconf 75' lang='grc' dir='ltr'>ἐκεῖνος,</span> <span class='ocrx_word' id='word_1_570' title='bbox 1735 1541 1797 1560; x_wconf 86' lang='grc' dir='ltr'>σει-</span> 
     </span>
    </p>
   </div>
   <div class='ocr_carea' id='block_1_78' title="bbox 994 1577 1796 1616">
    <p class='ocr_par' dir='ltr' id='par_1_78' title="bbox 994 1577 1796 1616">
     <span class='ocr_line' id='line_1_78' title="bbox 994 1577 1796 1616; baseline 0.004 -12"><span class='ocrx_word' id='word_1_571' title='bbox 994 1577 1055 1611; x_wconf 84' lang='grc' dir='ltr'><strong>ρὰν</strong></span> <span class='ocrx_word' id='word_1_572' title='bbox 1067 1577 1203 1612; x_wconf 79' lang='grc' dir='ltr'>χρυσέην</span> <span class='ocrx_word' id='word_1_573' title='bbox 1214 1579 1378 1612; x_wconf 73' lang='grc' dir='ltr'>οὐρανόθεν</span> <span class='ocrx_word' id='word_1_574' title='bbox 1395 1579 1610 1614; x_wconf 74' lang='grc' dir='ltr'><strong>κρεμάσαντες.</strong></span> <span class='ocrx_word' id='word_1_575' title='bbox 1624 1580 1728 1616; x_wconf 77' lang='grc' dir='ltr'>’Ὠσπερ</span> <span class='ocrx_word' id='word_1_576' title='bbox 1739 1580 1796 1616; x_wconf 80' lang='grc' dir='ltr'><strong>γὰρ</strong></span> 
     </span>
    </p>
   </div>
   <div class='ocr_carea' id='block_1_79' title="bbox 998 1623 1795 1662">
    <p class='ocr_par' dir='ltr' id='par_1_79' title="bbox 998 1623 1795 1662">
     <span class='ocr_line' id='line_1_79' title="bbox 998 1623 1795 1662; baseline 0.005 -12"><span class='ocrx_word' id='word_1_577' title='bbox 998 1623 1049 1659; x_wconf 81' lang='grc' dir='ltr'>τῆς</span> <span class='ocrx_word' id='word_1_578' title='bbox 1067 1625 1161 1660; x_wconf 81' lang='grc' dir='ltr'>σειρᾶς</span> <span class='ocrx_word' id='word_1_579' title='bbox 1176 1624 1248 1651; x_wconf 84' lang='grc' dir='ltr'>οῦτω</span> <span class='ocrx_word' id='word_1_580' title='bbox 1264 1625 1449 1661; x_wconf 75' lang='grc' dir='ltr'>διακειμένης,</span> <span class='ocrx_word' id='word_1_581' title='bbox 1468 1626 1482 1652; x_wconf 89' lang='grc' dir='ltr'>ὁ</span> <span class='ocrx_word' id='word_1_582' title='bbox 1498 1625 1568 1652; x_wconf 88' lang='grc' dir='ltr'>κατὰ</span> <span class='ocrx_word' id='word_1_583' title='bbox 1587 1626 1683 1662; x_wconf 80' lang='grc' dir='ltr'>μικρὸν</span> <span class='ocrx_word' id='word_1_584' title='bbox 1696 1627 1795 1654; x_wconf 73' lang='grc' dir='ltr'>ἑαυτὸν</span> 
     </span>
    </p>
   </div>
   <div class='ocr_carea' id='block_1_80' title="bbox 998 1671 1794 1709">
    <p class='ocr_par' dir='ltr' id='par_1_80' title="bbox 998 1671 1794 1709">
     <span class='ocr_line' id='line_1_80' title="bbox 998 1671 1794 1709; baseline 0.003 -12"><span class='ocrx_word' id='word_1_585' title='bbox 998 1671 1048 1702; x_wconf 73' lang='grc' dir='ltr'><strong>τῆς</strong></span> <span class='ocrx_word' id='word_1_586' title='bbox 1062 1671 1114 1707; x_wconf 85' lang='grc' dir='ltr'><strong>γῆς</strong></span> <span class='ocrx_word' id='word_1_587' title='bbox 1129 1671 1276 1706; x_wconf 77' lang='grc' dir='ltr'>κουφίζων,</span> <span class='ocrx_word' id='word_1_588' title='bbox 1293 1671 1348 1698; x_wconf 68' lang='grc' dir='ltr'>εἴτε</span> <span class='ocrx_word' id='word_1_589' title='bbox 1369 1673 1430 1704; x_wconf 82' lang='grc' dir='ltr'>ταῖς</span> <span class='ocrx_word' id='word_1_590' title='bbox 1450 1672 1607 1708; x_wconf 76' lang='grc' dir='ltr'>ἀμοιϐαίαις</span> <span class='ocrx_word' id='word_1_591' title='bbox 1625 1673 1794 1709; x_wconf 77' lang='grc' dir='ltr'>ὲπιδράξεσι,</span> 
     </span>
    </p>
   </div>
   <div class='ocr_carea' id='block_1_81' title="bbox 998 1715 1794 1756">
    <p class='ocr_par' dir='ltr' id='par_1_81' title="bbox 998 1715 1794 1756">
     <span class='ocr_line' id='line_1_81' title="bbox 998 1715 1794 1756; baseline 0.005 -14"><span class='ocrx_word' id='word_1_592' title='bbox 998 1715 1074 1742; x_wconf 79' lang='grc' dir='ltr'>δοκεί</span> <span class='ocrx_word' id='word_1_593' title='bbox 1087 1716 1137 1751; x_wconf 84' lang='grc' dir='ltr'>μὲν</span> <span class='ocrx_word' id='word_1_594' title='bbox 1149 1716 1290 1744; x_wconf 78' lang='grc' dir='ltr'>καθέλκειν</span> <span class='ocrx_word' id='word_1_595' title='bbox 1305 1717 1355 1753; x_wconf 85' lang='grc' dir='ltr'>τὴν</span> <span class='ocrx_word' id='word_1_596' title='bbox 1367 1719 1469 1753; x_wconf 77' lang='grc' dir='ltr'>σειρὰν,</span> <span class='ocrx_word' id='word_1_597' title='bbox 1482 1718 1563 1750; x_wconf 79' lang='grc' dir='ltr'>αὐτὸς</span> <span class='ocrx_word' id='word_1_598' title='bbox 1574 1718 1602 1745; x_wconf 87' lang='grc' dir='ltr'><strong>δὲ</strong></span> <span class='ocrx_word' id='word_1_599' title='bbox 1615 1719 1713 1754; x_wconf 81' lang='grc' dir='ltr'>μᾶλλον</span> <span class='ocrx_word' id='word_1_600' title='bbox 1725 1720 1794 1756; x_wconf 76' lang='grc' dir='ltr'>πρὸς</span> 
     </span>
    </p>
   </div>
   <div class='ocr_carea' id='block_1_82' title="bbox 999 1763 1795 1799">
    <p class='ocr_par' dir='ltr' id='par_1_82' title="bbox 999 1763 1795 1799">
     <span class='ocr_line' id='line_1_82' title="bbox 999 1763 1795 1799; baseline 0.005 -10"><span class='ocrx_word' id='word_1_601' title='bbox 999 1763 1065 1798; x_wconf 80' lang='grc' dir='ltr'>ῦψος</span> <span class='ocrx_word' id='word_1_602' title='bbox 1082 1763 1187 1797; x_wconf 73' lang='grc' dir='ltr'>αἴρεται</span> <span class='ocrx_word' id='word_1_603' title='bbox 1205 1764 1238 1799; x_wconf 82' lang='grc' dir='ltr'><strong>τῇ</strong></span> <span class='ocrx_word' id='word_1_604' title='bbox 1254 1763 1325 1790; x_wconf 86' lang='grc' dir='ltr'>κατὰ</span> <span class='ocrx_word' id='word_1_605' title='bbox 1350 1764 1446 1799; x_wconf 84' lang='grc' dir='ltr'>μικρὸν</span> <span class='ocrx_word' id='word_1_606' title='bbox 1465 1764 1595 1792; x_wconf 67' lang='grc' dir='ltr'>ἀναϐάσει</span> <span class='ocrx_word' id='word_1_607' title='bbox 1607 1774 1613 1780; x_wconf 85' lang='grc'><strong>-</strong></span> <span class='ocrx_word' id='word_1_608' title='bbox 1627 1765 1699 1792; x_wconf 74' lang='grc' dir='ltr'>οὕτω</span> <span class='ocrx_word' id='word_1_609' title='bbox 1718 1765 1765 1792; x_wconf 74' lang='grc' dir='ltr'>καὶ</span> <span class='ocrx_word' id='word_1_610' title='bbox 1780 1767 1795 1794; x_wconf 83' lang='grc' dir='ltr'>ὁ</span> 
     </span>
    </p>
   </div>
   <div class='ocr_carea' id='block_1_83' title="bbox 999 1809 1794 1849">
    <p class='ocr_par' dir='ltr' id='par_1_83' title="bbox 999 1809 1794 1849">
     <span class='ocr_line' id='line_1_83' title="bbox 999 1809 1794 1849; baseline 0.006 -14"><span class='ocrx_word' id='word_1_611' title='bbox 999 1809 1115 1841; x_wconf 80' lang='grc' dir='ltr'>ἐκτενῶς</span> <span class='ocrx_word' id='word_1_612' title='bbox 1135 1810 1352 1845; x_wconf 79' lang='grc' dir='ltr'>προσευχόμενος</span> <span class='ocrx_word' id='word_1_613' title='bbox 1369 1810 1413 1837; x_wconf 79' lang='grc' dir='ltr'><strong>διὰ</strong></span> <span class='ocrx_word' id='word_1_614' title='bbox 1428 1810 1482 1837; x_wconf 83' lang='grc' dir='ltr'>τῶν</span> <span class='ocrx_word' id='word_1_615' title='bbox 1496 1811 1631 1848; x_wconf 84' lang='grc' dir='ltr'>πράξεων,</span> <span class='ocrx_word' id='word_1_616' title='bbox 1648 1812 1681 1845; x_wconf 77' lang='grc' dir='ltr'>ἃς</span> <span class='ocrx_word' id='word_1_617' title='bbox 1698 1814 1794 1849; x_wconf 86' lang='grc' dir='ltr'>χεῖρας</span> 
     </span>
    </p>
   </div>
   <div class='ocr_carea' id='block_1_84' title="bbox 999 1855 1793 1896">
    <p class='ocr_par' dir='ltr' id='par_1_84' title="bbox 999 1855 1793 1896">
     <span class='ocr_line' id='line_1_84' title="bbox 999 1855 1793 1896; baseline 0.008 -15"><span class='ocrx_word' id='word_1_618' title='bbox 999 1855 1086 1887; x_wconf 80' lang='grc' dir='ltr'>καλεῖ,</span> <span class='ocrx_word' id='word_1_619' title='bbox 1099 1857 1132 1891; x_wconf 79' lang='grc' dir='ltr'>τῇ</span> <span class='ocrx_word' id='word_1_620' title='bbox 1145 1856 1214 1883; x_wconf 85' lang='grc' dir='ltr'>κατὰ</span> <span class='ocrx_word' id='word_1_621' title='bbox 1229 1857 1325 1892; x_wconf 82' lang='grc' dir='ltr'>μικρὸν</span> <span class='ocrx_word' id='word_1_622' title='bbox 1337 1858 1452 1894; x_wconf 79' lang='grc' dir='ltr'>ἐργασίᾳ</span> <span class='ocrx_word' id='word_1_623' title='bbox 1465 1859 1511 1885; x_wconf 74' lang='grc' dir='ltr'>καὶ</span> <span class='ocrx_word' id='word_1_624' title='bbox 1524 1861 1660 1896; x_wconf 84' lang='grc' dir='ltr'>προσευχῇ</span> <span class='ocrx_word' id='word_1_625' title='bbox 1673 1860 1718 1887; x_wconf 82' lang='grc' dir='ltr'><strong>τὸν</strong></span> <span class='ocrx_word' id='word_1_626' title='bbox 1730 1861 1793 1888; x_wconf 85' lang='grc' dir='ltr'>νοῦν</span> 
     </span>
    </p>
   </div>
   <div class='ocr_carea' id='block_1_85' title="bbox 999 1900 1793 1941">
    <p class='ocr_par' dir='ltr' id='par_1_85' title="bbox 999 1900 1793 1941">
     <span class='ocr_line' id='line_1_85' title="bbox 999 1900 1793 1941; baseline 0.005 -14"><span class='ocrx_word' id='word_1_627' title='bbox 999 1900 1082 1927; x_wconf 85' lang='grc' dir='ltr'>αὑτοῦ</span> <span class='ocrx_word' id='word_1_628' title='bbox 1095 1901 1256 1936; x_wconf 78' lang='grc' dir='ltr'>ἀναλέγεται</span> <span class='ocrx_word' id='word_1_629' title='bbox 1273 1902 1341 1938; x_wconf 80' lang='grc' dir='ltr'>πρὸς</span> <span class='ocrx_word' id='word_1_630' title='bbox 1355 1902 1430 1930; x_wconf 78' lang='grc' dir='ltr'>Θεὸν.</span> <span class='ocrx_word' id='word_1_631' title='bbox 1452 1903 1516 1930; x_wconf 85' lang='grc' dir='ltr'>Ἐὰν</span> <span class='ocrx_word' id='word_1_632' title='bbox 1531 1904 1559 1930; x_wconf 84' lang='grc' dir='ltr'><strong>δὲ</strong></span> <span class='ocrx_word' id='word_1_633' title='bbox 1571 1904 1621 1936; x_wconf 81' lang='grc' dir='ltr'><strong>τὰς</strong></span> <span class='ocrx_word' id='word_1_634' title='bbox 1634 1905 1727 1940; x_wconf 86' lang='grc' dir='ltr'>χεῖρας</span> <span class='ocrx_word' id='word_1_635' title='bbox 1742 1905 1793 1941; x_wconf 84' lang='grc' dir='ltr'><strong>τῆς</strong></span> 
     </span>
    </p>
   </div>
   <div class='ocr_carea' id='block_1_86' title="bbox 999 1946 1791 1985">
    <p class='ocr_par' dir='ltr' id='par_1_86' title="bbox 999 1946 1791 1985">
     <span class='ocr_line' id='line_1_86' title="bbox 999 1946 1791 1985; baseline 0.006 -13"><span class='ocrx_word' id='word_1_636' title='bbox 999 1947 1092 1981; x_wconf 87' lang='grc' dir='ltr'>σειρᾶς</span> <span class='ocrx_word' id='word_1_637' title='bbox 1105 1946 1285 1982; x_wconf 83' lang='grc' dir='ltr'>ἀπολύσωμεν</span> <span class='ocrx_word' id='word_1_638' title='bbox 1298 1948 1471 1983; x_wconf 80' lang='grc' dir='ltr'>ἀναγόμενοι,</span> <span class='ocrx_word' id='word_1_639' title='bbox 1487 1949 1624 1984; x_wconf 80' lang='grc' dir='ltr'>πίπτομεν</span> <span class='ocrx_word' id='word_1_640' title='bbox 1641 1949 1670 1983; x_wconf 77' lang='grc' dir='ltr'>ἐξ</span> <span class='ocrx_word' id='word_1_641' title='bbox 1688 1950 1773 1985; x_wconf 79' lang='grc' dir='ltr'>ὕψους</span> <span class='ocrx_word' id='word_1_642' title='bbox 1783 1960 1791 1966; x_wconf 90' lang='grc'><strong>·</strong></span> 
     </span>
    </p>
   </div>
   <div class='ocr_carea' id='block_1_87' title="bbox 998 1991 1791 2032">
    <p class='ocr_par' dir='ltr' id='par_1_87' title="bbox 998 1991 1791 2032">
     <span class='ocr_line' id='line_1_87' title="bbox 998 1991 1791 2032; baseline 0.006 -14"><span class='ocrx_word' id='word_1_643' title='bbox 998 1993 1026 2018; x_wconf 57' lang='grc' dir='ltr'><strong>ὲκι</strong></span> <span class='ocrx_word' id='word_1_644' title='bbox 1038 1991 1092 2028; x_wconf 81' lang='grc' dir='ltr'><strong>γὰρ</strong></span> <span class='ocrx_word' id='word_1_645' title='bbox 1103 1991 1141 2028; x_wconf 85' lang='grc' dir='ltr'>τῷ</span> <span class='ocrx_word' id='word_1_646' title='bbox 1151 1993 1298 2027; x_wconf 82' lang='grc' dir='ltr'>ἀνάγεσθαι</span> <span class='ocrx_word' id='word_1_647' title='bbox 1314 1994 1418 2021; x_wconf 73' lang='grc' dir='ltr'>καὶτοῦ</span> <span class='ocrx_word' id='word_1_648' title='bbox 1433 1995 1500 2022; x_wconf 82' lang='grc' dir='ltr'>θεοῦ</span> <span class='ocrx_word' id='word_1_649' title='bbox 1512 1995 1655 2031; x_wconf 74' lang='grc' dir='ltr'>ὀφείλομεν</span> <span class='ocrx_word' id='word_1_650' title='bbox 1671 1995 1791 2032; x_wconf 81' lang='grc' dir='ltr'>ἔχεσθαι.</span> 
     </span>
    </p>
   </div>
   <div class='ocr_carea' id='block_1_88' title="bbox 999 2039 1792 2079">
    <p class='ocr_par' dir='ltr' id='par_1_88' title="bbox 999 2039 1792 2079">
     <span class='ocr_line' id='line_1_88' title="bbox 999 2039 1792 2079; baseline 0.006 -14"><span class='ocrx_word' id='word_1_651' title='bbox 999 2039 1020 2065; x_wconf 86' lang='grc' dir='ltr'>Τ</span> <span class='ocrx_word' id='word_1_652' title='bbox 1021 2039 1035 2066; x_wconf 88' lang='grc' dir='ltr'>ὸ</span> <span class='ocrx_word' id='word_1_653' title='bbox 1052 2039 1117 2066; x_wconf 82' lang='grc' dir='ltr'>αὐτὸ</span> <span class='ocrx_word' id='word_1_654' title='bbox 1131 2039 1177 2066; x_wconf 80' lang='grc' dir='ltr'>καὶ</span> <span class='ocrx_word' id='word_1_655' title='bbox 1193 2040 1257 2075; x_wconf 76' lang='grc' dir='ltr'>περὶ</span> <span class='ocrx_word' id='word_1_656' title='bbox 1275 2040 1324 2076; x_wconf 77' lang='grc' dir='ltr'>τῆς</span> <span class='ocrx_word' id='word_1_657' title='bbox 1342 2041 1416 2076; x_wconf 82' lang='grc' dir='ltr'>νηὸς,</span> <span class='ocrx_word' id='word_1_658' title='bbox 1432 2041 1476 2068; x_wconf 83' lang='grc' dir='ltr'><strong>ἴνα</strong></span> <span class='ocrx_word' id='word_1_659' title='bbox 1491 2043 1632 2077; x_wconf 71' lang='grc' dir='ltr'>νοήσωμεν</span> <span class='ocrx_word' id='word_1_660' title='bbox 1653 2042 1720 2070; x_wconf 76' lang='grc' dir='ltr'>ναῦν</span> <span class='ocrx_word' id='word_1_661' title='bbox 1740 2043 1792 2079; x_wconf 76' lang='grc' dir='ltr'>τὴν</span> 
     </span>
    </p>
   </div>
   <div class='ocr_carea' id='block_1_89' title="bbox 998 2085 1790 2124">
    <p class='ocr_par' dir='ltr' id='par_1_89' title="bbox 998 2085 1790 2124">
     <span class='ocr_line' id='line_1_89' title="bbox 998 2085 1790 2124; baseline 0.005 -12"><span class='ocrx_word' id='word_1_662' title='bbox 998 2085 1076 2121; x_wconf 82' lang='grc' dir='ltr'>ἡμῶν</span> <span class='ocrx_word' id='word_1_663' title='bbox 1095 2086 1222 2117; x_wconf 80' lang='grc' dir='ltr'>διάνοιαν,</span> <span class='ocrx_word' id='word_1_664' title='bbox 1246 2086 1423 2122; x_wconf 80' lang='grc' dir='ltr'>ριπιζομένην</span> <span class='ocrx_word' id='word_1_665' title='bbox 1443 2089 1499 2120; x_wconf 84' lang='grc' dir='ltr'>τοῖς</span> <span class='ocrx_word' id='word_1_666' title='bbox 1517 2088 1564 2115; x_wconf 85' lang='grc' dir='ltr'><strong>τοῦ</strong></span> <span class='ocrx_word' id='word_1_667' title='bbox 1585 2088 1644 2124; x_wconf 76' lang='grc' dir='ltr'>βίου</span> <span class='ocrx_word' id='word_1_668' title='bbox 1658 2089 1770 2124; x_wconf 81' lang='grc' dir='ltr'>ἀνέμοις</span> <span class='ocrx_word' id='word_1_669' title='bbox 1782 2098 1790 2105; x_wconf 87' lang='grc'><strong>·</strong></span> 
     </span>
    </p>
   </div>
   <div class='ocr_carea' id='block_1_90' title="bbox 998 2132 1792 2171">
    <p class='ocr_par' dir='ltr' id='par_1_90' title="bbox 998 2132 1792 2171">
     <span class='ocr_line' id='line_1_90' title="bbox 998 2132 1792 2171; baseline 0.006 -13"><span class='ocrx_word' id='word_1_670' title='bbox 998 2132 1135 2159; x_wconf 82' lang='grc' dir='ltr'>Θάλασσαν</span> <span class='ocrx_word' id='word_1_671' title='bbox 1156 2132 1185 2158; x_wconf 86' lang='grc' dir='ltr'><strong>δὲ</strong></span> <span class='ocrx_word' id='word_1_672' title='bbox 1203 2132 1250 2159; x_wconf 80' lang='grc' dir='ltr'>τὸν</span> <span class='ocrx_word' id='word_1_673' title='bbox 1271 2132 1327 2168; x_wconf 86' lang='grc' dir='ltr'>βίον</span> <span class='ocrx_word' id='word_1_674' title='bbox 1346 2133 1427 2160; x_wconf 79' lang='grc' dir='ltr'>αὑτὸν</span> <span class='ocrx_word' id='word_1_675' title='bbox 1442 2134 1560 2170; x_wconf 80' lang='grc' dir='ltr'>γέμοντα</span> <span class='ocrx_word' id='word_1_676' title='bbox 1575 2135 1679 2162; x_wconf 79' lang='grc' dir='ltr'>πολλῶν</span> <span class='ocrx_word' id='word_1_677' title='bbox 1690 2135 1792 2171; x_wconf 87' lang='grc' dir='ltr'>χειμώ-</span> 
     </span>
    </p>
   </div>
   <div class='ocr_carea' id='block_1_91' title="bbox 997 2178 1791 2216">
    <p class='ocr_par' dir='ltr' id='par_1_91' title="bbox 997 2178 1791 2216">
     <span class='ocr_line' id='line_1_91' title="bbox 997 2178 1791 2216; baseline 0.006 -12"><span class='ocrx_word' id='word_1_678' title='bbox 997 2187 1050 2205; x_wconf 86' lang='grc' dir='ltr'>νων</span> <span class='ocrx_word' id='word_1_679' title='bbox 1061 2187 1068 2194; x_wconf 91' lang='grc'><strong>·</strong></span> <span class='ocrx_word' id='word_1_680' title='bbox 1082 2179 1184 2215; x_wconf 81' lang='grc' dir='ltr'>πέτραν</span> <span class='ocrx_word' id='word_1_681' title='bbox 1194 2179 1222 2205; x_wconf 87' lang='grc' dir='ltr'><strong>δὲ</strong></span> <span class='ocrx_word' id='word_1_682' title='bbox 1236 2178 1281 2206; x_wconf 81' lang='grc' dir='ltr'>τὸν</span> <span class='ocrx_word' id='word_1_683' title='bbox 1295 2180 1422 2215; x_wconf 83' lang='grc' dir='ltr'>Χριστὸν,</span> <span class='ocrx_word' id='word_1_684' title='bbox 1433 2180 1463 2206; x_wconf 87' lang='grc' dir='ltr'>ὃν</span> <span class='ocrx_word' id='word_1_685' title='bbox 1474 2181 1636 2216; x_wconf 78' lang='grc' dir='ltr'>κρατοῦντες</span> <span class='ocrx_word' id='word_1_686' title='bbox 1647 2182 1791 2209; x_wconf 79' lang='grc' dir='ltr'>ἀσάλευτοι</span> 
     </span>
    </p>
   </div>
   <div class='ocr_carea' id='block_1_92' title="bbox 997 2224 1790 2264">
    <p class='ocr_par' dir='ltr' id='par_1_92' title="bbox 997 2224 1790 2264">
     <span class='ocr_line' id='line_1_92' title="bbox 997 2224 1790 2264; baseline 0.008 -15"><span class='ocrx_word' id='word_1_687' title='bbox 997 2224 1159 2259; x_wconf 85' lang='grc' dir='ltr'>διαμένομεν</span> <span class='ocrx_word' id='word_1_688' title='bbox 1168 2244 1175 2255; x_wconf 94' lang='grc'><strong>,</strong></span> <span class='ocrx_word' id='word_1_689' title='bbox 1197 2224 1264 2259; x_wconf 81' lang='grc' dir='ltr'>πρὸς</span> <span class='ocrx_word' id='word_1_690' title='bbox 1280 2224 1360 2251; x_wconf 77' lang='grc' dir='ltr'>αὐτὸν</span> <span class='ocrx_word' id='word_1_691' title='bbox 1376 2225 1421 2252; x_wconf 87' lang='grc' dir='ltr'>τὸν</span> <span class='ocrx_word' id='word_1_692' title='bbox 1436 2226 1491 2261; x_wconf 84' lang='grc' dir='ltr'>βίον</span> <span class='ocrx_word' id='word_1_693' title='bbox 1502 2227 1581 2262; x_wconf 86' lang='grc' dir='ltr'>ὴμῶν</span> <span class='ocrx_word' id='word_1_694' title='bbox 1595 2227 1666 2254; x_wconf 80' lang='grc' dir='ltr'>κατά</span> <span class='ocrx_word' id='word_1_695' title='bbox 1677 2227 1726 2264; x_wconf 87' lang='grc' dir='ltr'><strong>τὴν</strong></span> <span class='ocrx_word' id='word_1_696' title='bbox 1739 2236 1790 2254; x_wconf 82' lang='grc' dir='ltr'>πο-</span> 
     </span>
    </p>
   </div>
   <div class='ocr_carea' id='block_1_93' title="bbox 997 2267 1789 2308">
    <p class='ocr_par' dir='ltr' id='par_1_93' title="bbox 997 2267 1789 2308">
     <span class='ocr_line' id='line_1_93' title="bbox 997 2267 1789 2308; baseline 0.009 -15"><span class='ocrx_word' id='word_1_697' title='bbox 997 2267 1098 2294; x_wconf 87' lang='grc' dir='ltr'>λιτείαν</span> <span class='ocrx_word' id='word_1_698' title='bbox 1122 2267 1256 2300; x_wconf 68' lang='grc' dir='ltr'>ἕλκοντες.</span> <span class='ocrx_word' id='word_1_699' title='bbox 1278 2268 1324 2294; x_wconf 77' lang='grc' dir='ltr'><strong>Διὸ</strong></span> <span class='ocrx_word' id='word_1_700' title='bbox 1347 2269 1393 2295; x_wconf 76' lang='grc' dir='ltr'>καὶ</span> <span class='ocrx_word' id='word_1_701' title='bbox 1420 2270 1473 2305; x_wconf 78' lang='grc' dir='ltr'><strong>πρὸ</strong></span> <span class='ocrx_word' id='word_1_702' title='bbox 1495 2271 1593 2303; x_wconf 79' lang='grc' dir='ltr'>παντὸς</span> <span class='ocrx_word' id='word_1_703' title='bbox 1617 2273 1789 2308; x_wconf 77' lang='grc' dir='ltr'>πράγματος,</span> 
     </span>
    </p>
   </div>
   <div class='ocr_carea' id='block_1_94' title="bbox 159 2312 949 2354">
    <p class='ocr_par' dir='ltr' id='par_1_94' title="bbox 159 2312 948 2345">
     <span class='ocr_line' id='line_1_94' title="bbox 159 2312 948 2345; baseline -0.008 -2"><span class='ocrx_word' id='word_1_704' title='bbox 159 2315 284 2343; x_wconf 84' lang='lat' dir='ltr'><strong>oratione</strong></span> <span class='ocrx_word' id='word_1_705' title='bbox 298 2313 481 2342; x_wconf 86' lang='lat' dir='ltr'><strong>inchoandum</strong></span> <span class='ocrx_word' id='word_1_706' title='bbox 495 2318 546 2345; x_wconf 86' lang='lat' dir='ltr'><strong>est.</strong></span> <span class='ocrx_word' id='word_1_707' title='bbox 563 2319 616 2340; x_wconf 91' lang='lat' dir='ltr'><strong>n0n</strong></span> <span class='ocrx_word' id='word_1_708' title='bbox 629 2316 658 2339; x_wconf 91' lang='lat' dir='ltr'><strong>ut</strong></span> <span class='ocrx_word' id='word_1_709' title='bbox 673 2312 706 2339; x_wconf 86' lang='lat' dir='ltr'><strong>ad</strong></span> <span class='ocrx_word' id='word_1_710' title='bbox 719 2319 767 2339; x_wconf 89' lang='lat' dir='ltr'><strong>nos</strong></span> <span class='ocrx_word' id='word_1_711' title='bbox 779 2312 948 2339; x_wconf 82' lang='lat' dir='ltr'><strong>attrahamus</strong></span> 
     </span>
    </p>
   </div>
   <div class='ocr_carea' id='block_1_95' title="bbox 1001 2312 1789 2354">
    <p class='ocr_par' dir='ltr' id='par_1_95' title="bbox 1002 2313 1789 2354">
     <span class='ocr_line' id='line_1_95' title="bbox 1002 2313 1789 2354; baseline 0.008 -15"><span class='ocrx_word' id='word_1_712' title='bbox 1002 2313 1100 2349; x_wconf 84' lang='grc' dir='ltr'>μᾶλλον</span> <span class='ocrx_word' id='word_1_713' title='bbox 1121 2313 1149 2340; x_wconf 84' lang='grc' dir='ltr'><strong>δὲ</strong></span> <span class='ocrx_word' id='word_1_714' title='bbox 1169 2314 1218 2349; x_wconf 83' lang='grc' dir='ltr'>τῆς</span> <span class='ocrx_word' id='word_1_715' title='bbox 1232 2314 1379 2350; x_wconf 87' lang='grc' dir='ltr'>θεολογίας,</span> <span class='ocrx_word' id='word_1_716' title='bbox 1393 2315 1433 2342; x_wconf 83' lang='grc' dir='ltr'><strong>δεῖ</strong></span> <span class='ocrx_word' id='word_1_717' title='bbox 1452 2316 1623 2352; x_wconf 81' lang='grc' dir='ltr'>ἀπάρχεσθαι</span> <span class='ocrx_word' id='word_1_718' title='bbox 1631 2318 1681 2354; x_wconf 81' lang='grc' dir='ltr'>τῆς</span> <span class='ocrx_word' id='word_1_719' title='bbox 1695 2318 1789 2354; x_wconf 81' lang='grc' dir='ltr'>εὐχῆς,</span> 
     </span>
    </p>
   </div>
   <div class='ocr_carea' id='block_1_96' title="bbox 160 2359 948 2395">
    <p class='ocr_par' dir='ltr' id='par_1_96' title="bbox 160 2359 948 2395">
     <span class='ocr_line' id='line_1_96' title="bbox 160 2359 948 2395; baseline -0.003 -8"><span class='ocrx_word' id='word_1_720' title='bbox 160 2362 290 2389; x_wconf 87' lang='lat' dir='ltr'><strong>virtutem</strong></span> <span class='ocrx_word' id='word_1_721' title='bbox 315 2360 403 2392; x_wconf 87' lang='lat' dir='ltr'><strong>illam,</strong></span> <span class='ocrx_word' id='word_1_722' title='bbox 418 2367 480 2395; x_wconf 69' lang='lat' dir='ltr'><strong>qua:</strong></span> <span class='ocrx_word' id='word_1_723' title='bbox 496 2359 597 2394; x_wconf 85' lang='lat' dir='ltr'><strong>ubique</strong></span> <span class='ocrx_word' id='word_1_724' title='bbox 620 2363 648 2386; x_wconf 90' lang='lat' dir='ltr'><strong>et</strong></span> <span class='ocrx_word' id='word_1_725' title='bbox 671 2366 806 2393; x_wconf 80' lang='lat' dir='ltr'><strong>nusquam</strong></span> <span class='ocrx_word' id='word_1_726' title='bbox 825 2365 948 2393; x_wconf 74' lang='lat' dir='ltr'><strong>prmsens</strong></span> 
     </span>
    </p>
   </div>
   <div class='ocr_carea' id='block_1_97' title="bbox 160 2404 945 2443">
    <p class='ocr_par' dir='ltr' id='par_1_97' title="bbox 160 2404 945 2443">
     <span class='ocr_line' id='line_1_97' title="bbox 160 2404 945 2443; baseline -0.006 -8"><span class='ocrx_word' id='word_1_727' title='bbox 160 2413 202 2435; x_wconf 86' lang='lat' dir='ltr'><strong>cst</strong></span> <span class='ocrx_word' id='word_1_728' title='bbox 231 2407 319 2443; x_wconf 87' lang='lat' dir='ltr'><strong>(adest</strong></span> <span class='ocrx_word' id='word_1_729' title='bbox 339 2406 411 2433; x_wconf 87' lang='lat' dir='ltr'><strong>enim</strong></span> <span class='ocrx_word' id='word_1_730' title='bbox 435 2405 545 2439; x_wconf 54' lang='lat' dir='ltr'><strong>ubique,</strong></span> <span class='ocrx_word' id='word_1_731' title='bbox 571 2404 633 2440; x_wconf 85' lang='lat' dir='ltr'><strong>quia</strong></span> <span class='ocrx_word' id='word_1_732' title='bbox 655 2408 782 2439; x_wconf 87' lang='lat' dir='ltr'><strong>penetrat</strong></span> <span class='ocrx_word' id='word_1_733' title='bbox 807 2404 945 2437; x_wconf 87' lang='lat' dir='ltr'><strong>universa,</strong></span> 
     </span>
    </p>
   </div>
   <div class='ocr_carea' id='block_1_98' title="bbox 160 2448 947 2486">
    <p class='ocr_par' dir='ltr' id='par_1_98' title="bbox 160 2448 947 2486">
     <span class='ocr_line' id='line_1_98' title="bbox 160 2448 947 2486; baseline -0.004 -8"><span class='ocrx_word' id='word_1_734' title='bbox 160 2459 293 2486; x_wconf 88' lang='lat' dir='ltr'><strong>nusquam</strong></span> <span class='ocrx_word' id='word_1_735' title='bbox 316 2458 381 2478; x_wconf 86' lang='lat' dir='ltr'><strong>vero</strong></span> <span class='ocrx_word' id='word_1_736' title='bbox 402 2449 488 2482; x_wconf 85' lang='lat' dir='ltr'><strong>adest,</strong></span> <span class='ocrx_word' id='word_1_737' title='bbox 505 2448 632 2484; x_wconf 92' lang='lat' dir='ltr'><strong>quoniam</strong></span> <span class='ocrx_word' id='word_1_738' title='bbox 655 2449 745 2476; x_wconf 82' lang='lat' dir='ltr'><strong>nuilus</strong></span> <span class='ocrx_word' id='word_1_739' title='bbox 761 2449 835 2477; x_wconf 88' lang='lat' dir='ltr'><strong>locus</strong></span> <span class='ocrx_word' id='word_1_740' title='bbox 849 2449 947 2484; x_wconf 78' lang='lat' dir='ltr'><strong>dignus</strong></span> 
     </span>
    </p>
   </div>
   <div class='ocr_carea' id='block_1_99' title="bbox 161 2495 947 2532">
    <p class='ocr_par' dir='ltr' id='par_1_99' title="bbox 161 2495 947 2532">
     <span class='ocr_line' id='line_1_99' title="bbox 161 2495 947 2532; baseline -0.003 -8"><span class='ocrx_word' id='word_1_741' title='bbox 161 2503 203 2524; x_wconf 89' lang='lat' dir='ltr'><strong>est</strong></span> <span class='ocrx_word' id='word_1_742' title='bbox 220 2497 280 2532; x_wconf 86' lang='lat' dir='ltr'><strong>ejus</strong></span> <span class='ocrx_word' id='word_1_743' title='bbox 298 2496 442 2531; x_wconf 86' lang='lat' dir='ltr'><strong>requiete),</strong></span> <span class='ocrx_word' id='word_1_744' title='bbox 459 2495 504 2523; x_wconf 89' lang='lat' dir='ltr'><strong>sed</strong></span> <span class='ocrx_word' id='word_1_745' title='bbox 523 2499 553 2522; x_wconf 90' lang='lat' dir='ltr'><strong>ut</strong></span> <span class='ocrx_word' id='word_1_746' title='bbox 567 2503 616 2522; x_wconf 90' lang='lat' dir='ltr'><strong>nos</strong></span> <span class='ocrx_word' id='word_1_747' title='bbox 634 2495 685 2529; x_wconf 79' lang='lat' dir='ltr'><strong>ipsi</strong></span> <span class='ocrx_word' id='word_1_748' title='bbox 699 2495 860 2527; x_wconf 82' lang='lat' dir='ltr'><strong>excitemus,</strong></span> <span class='ocrx_word' id='word_1_749' title='bbox 877 2496 947 2522; x_wconf 89' lang='lat' dir='ltr'><strong>Deo-</strong></span> 
     </span>
    </p>
   </div>
   <div class='ocr_carea' id='block_1_100' title="bbox 162 2541 946 2578">
    <p class='ocr_par' dir='ltr' id='par_1_100' title="bbox 162 2541 946 2578">
     <span class='ocr_line' id='line_1_100' title="bbox 162 2541 946 2578; baseline 0 -9"><span class='ocrx_word' id='word_1_750' title='bbox 162 2551 214 2578; x_wconf 85' lang='lat' dir='ltr'><strong>que</strong></span> <span class='ocrx_word' id='word_1_751' title='bbox 243 2542 438 2578; x_wconf 76' lang='lat' dir='ltr'><strong>conjungamus</strong></span> <span class='ocrx_word' id='word_1_752' title='bbox 467 2542 566 2570; x_wconf 90' lang='lat' dir='ltr'><strong>divinis</strong></span> <span class='ocrx_word' id='word_1_753' title='bbox 592 2541 897 2569; x_wconf 80' lang='lat' dir='ltr'><strong>commemorationibus</strong></span> <span class='ocrx_word' id='word_1_754' title='bbox 918 2547 946 2570; x_wconf 84' lang='lat' dir='ltr'><strong>et</strong></span> 
     </span>
    </p>
   </div>
   <div class='ocr_carea' id='block_1_101' title="bbox 161 2588 390 2617">
    <p class='ocr_par' dir='ltr' id='par_1_101' title="bbox 161 2588 390 2617">
     <span class='ocr_line' id='line_1_101' title="bbox 161 2588 390 2617; baseline -0.009 0"><span class='ocrx_word' id='word_1_755' title='bbox 161 2588 390 2617; x_wconf 89' lang='lat' dir='ltr'><strong>invocationibus.</strong></span> 
     </span>
    </p>
   </div>
   <div class='ocr_carea' id='block_1_102' title="bbox 197 2633 946 2670">
    <p class='ocr_par' dir='ltr' id='par_1_102' title="bbox 197 2633 946 2670">
     <span class='ocr_line' id='line_1_102' title="bbox 197 2633 946 2670; baseline 0.003 -10"><span class='ocrx_word' id='word_1_756' title='bbox 197 2634 211 2670; x_wconf 87' lang='lat'><strong>§</strong></span> <span class='ocrx_word' id='word_1_757' title='bbox 234 2633 267 2661; x_wconf 91' lang='lat' dir='ltr'><strong>ll.</strong></span> <span class='ocrx_word' id='word_1_758' title='bbox 293 2634 382 2669; x_wconf 84' lang='lat' dir='ltr'><strong>Atque</strong></span> <span class='ocrx_word' id='word_1_759' title='bbox 404 2634 449 2662; x_wconf 93' lang='lat' dir='ltr'><strong>hic</strong></span> <span class='ocrx_word' id='word_1_760' title='bbox 475 2634 592 2662; x_wconf 82' lang='lat' dir='ltr'><strong>fortasse</strong></span> <span class='ocrx_word' id='word_1_761' title='bbox 613 2633 692 2661; x_wconf 87' lang='lat' dir='ltr'><strong>nobis</strong></span> <span class='ocrx_word' id='word_1_762' title='bbox 715 2633 851 2661; x_wconf 86' lang='lat' dir='ltr'><strong>reddenda</strong></span> <span class='ocrx_word' id='word_1_763' title='bbox 877 2634 946 2662; x_wconf 85' lang='lat' dir='ltr'><strong>ratio</strong></span> 
     </span>
    </p>
   </div>
   <div class='ocr_carea' id='block_1_103' title="bbox 160 2679 947 2719">
    <p class='ocr_par' dir='ltr' id='par_1_103' title="bbox 160 2679 947 2719">
     <span class='ocr_line' id='line_1_103' title="bbox 160 2679 947 2719; baseline -0.001 -11"><span class='ocrx_word' id='word_1_764' title='bbox 160 2682 206 2712; x_wconf 76' lang='lat' dir='ltr'><strong>sit,</strong></span> <span class='ocrx_word' id='word_1_765' title='bbox 221 2688 280 2719; x_wconf 77' lang='lat' dir='ltr'><strong>cur,</strong></span> <span class='ocrx_word' id='word_1_766' title='bbox 295 2688 356 2708; x_wconf 88' lang='lat' dir='ltr'><strong>cum</strong></span> <span class='ocrx_word' id='word_1_767' title='bbox 372 2680 488 2716; x_wconf 86' lang='lat' dir='ltr'><strong>inclytus</strong></span> <span class='ocrx_word' id='word_1_768' title='bbox 503 2679 667 2708; x_wconf 86' lang='lat' dir='ltr'><strong>Hierotheus</strong></span> <span class='ocrx_word' id='word_1_769' title='bbox 684 2680 832 2715; x_wconf 83' lang='lat' dir='ltr'><strong>theologica</strong></span> <span class='ocrx_word' id='word_1_770' title='bbox 846 2680 947 2715; x_wconf 88' lang='lat' dir='ltr'><strong>princi-</strong></span> 
     </span>
    </p>
   </div>
   <div class='ocr_carea' id='block_1_104' title="bbox 161 2726 946 2762">
    <p class='ocr_par' dir='ltr' id='par_1_104' title="bbox 161 2726 946 2762">
     <span class='ocr_line' id='line_1_104' title="bbox 161 2726 946 2762; baseline 0.003 -8"><span class='ocrx_word' id='word_1_771' title='bbox 161 2728 204 2761; x_wconf 91' lang='lat' dir='ltr'><strong>pia</strong></span> <span class='ocrx_word' id='word_1_772' title='bbox 227 2727 377 2762; x_wconf 79' lang='lat' dir='ltr'><strong>collegerit,</strong></span> <span class='ocrx_word' id='word_1_773' title='bbox 400 2735 460 2760; x_wconf 88' lang='lat' dir='ltr'><strong>nos,</strong></span> <span class='ocrx_word' id='word_1_774' title='bbox 484 2727 562 2762; x_wconf 89' lang='lat' dir='ltr'><strong>quasi</strong></span> <span class='ocrx_word' id='word_1_775' title='bbox 589 2726 632 2754; x_wconf 77' lang='lat' dir='ltr'><strong>illa</strong></span> <span class='ocrx_word' id='word_1_776' title='bbox 660 2734 712 2755; x_wconf 91' lang='lat' dir='ltr'><strong>non</strong></span> <span class='ocrx_word' id='word_1_777' title='bbox 730 2727 893 2760; x_wconf 78' lang='lat' dir='ltr'><strong>suliicerent,</strong></span> <span class='ocrx_word' id='word_1_778' title='bbox 908 2729 946 2756; x_wconf 92' lang='lat' dir='ltr'><strong>uti</strong></span> 
     </span>
    </p>
   </div>
   <div class='ocr_carea' id='block_1_105' title="bbox 161 2774 944 2809">
    <p class='ocr_par' dir='ltr' id='par_1_105' title="bbox 161 2774 944 2809">
     <span class='ocr_line' id='line_1_105' title="bbox 161 2774 944 2809; baseline 0.001 -9"><span class='ocrx_word' id='word_1_779' title='bbox 161 2774 213 2800; x_wconf 88' lang='lat' dir='ltr'><strong>alia</strong></span> <span class='ocrx_word' id='word_1_780' title='bbox 238 2774 385 2809; x_wconf 84' lang='lat' dir='ltr'><strong>opuscula,</strong></span> <span class='ocrx_word' id='word_1_781' title='bbox 408 2774 448 2802; x_wconf 90' lang='lat' dir='ltr'><strong>sic</strong></span> <span class='ocrx_word' id='word_1_782' title='bbox 470 2778 498 2801; x_wconf 91' lang='lat' dir='ltr'><strong>et</strong></span> <span class='ocrx_word' id='word_1_783' title='bbox 521 2778 681 2809; x_wconf 72' lang='lat' dir='ltr'><strong>praesentem</strong></span> <span class='ocrx_word' id='word_1_784' title='bbox 703 2774 776 2802; x_wconf 89' lang='lat' dir='ltr'><strong>hunc</strong></span> <span class='ocrx_word' id='word_1_785' title='bbox 801 2779 944 2802; x_wconf 83' lang='lat' dir='ltr'><strong>tractatum</strong></span> 
     </span>
    </p>
   </div>
   <div class='ocr_carea' id='block_1_106' title="bbox 998 2359 1791 2400">
    <p class='ocr_par' dir='ltr' id='par_1_106' title="bbox 998 2359 1791 2400">
     <span class='ocr_line' id='line_1_106' title="bbox 998 2359 1791 2400; baseline 0.009 -14"><span class='ocrx_word' id='word_1_786' title='bbox 998 2359 1047 2395; x_wconf 87' lang='grc' dir='ltr'>οὐχ</span> <span class='ocrx_word' id='word_1_787' title='bbox 1069 2359 1113 2387; x_wconf 81' lang='grc' dir='ltr'><strong>ἵνα</strong></span> <span class='ocrx_word' id='word_1_788' title='bbox 1133 2359 1310 2396; x_wconf 79' lang='grc' dir='ltr'>ὲφελξώμεθα</span> <span class='ocrx_word' id='word_1_789' title='bbox 1329 2362 1378 2397; x_wconf 82' lang='grc' dir='ltr'>τὴν</span> <span class='ocrx_word' id='word_1_790' title='bbox 1399 2362 1555 2398; x_wconf 80' lang='grc' dir='ltr'>ἅπανταχοῦ</span> <span class='ocrx_word' id='word_1_791' title='bbox 1581 2364 1721 2400; x_wconf 81' lang='grc' dir='ltr'>παροῦσαν</span> <span class='ocrx_word' id='word_1_792' title='bbox 1742 2366 1791 2393; x_wconf 78' lang='grc' dir='ltr'>καὶ</span> 
     </span>
    </p>
   </div>
   <div class='ocr_carea' id='block_1_107' title="bbox 998 2404 1790 2445">
    <p class='ocr_par' dir='ltr' id='par_1_107' title="bbox 998 2404 1790 2445">
     <span class='ocr_line' id='line_1_107' title="bbox 998 2404 1790 2445; baseline 0.009 -14"><span class='ocrx_word' id='word_1_793' title='bbox 998 2404 1116 2440; x_wconf 77' lang='grc' dir='ltr'>οὐδαμοῦ</span> <span class='ocrx_word' id='word_1_794' title='bbox 1130 2405 1260 2442; x_wconf 74' lang='grc' dir='ltr'><strong>¹δύναμιν,</strong></span> <span class='ocrx_word' id='word_1_795' title='bbox 1277 2406 1403 2443; x_wconf 83' lang='grc' dir='ltr'>(πάρεστι</span> <span class='ocrx_word' id='word_1_796' title='bbox 1420 2408 1474 2445; x_wconf 82' lang='grc' dir='ltr'><strong>γὰρ</strong></span> <span class='ocrx_word' id='word_1_797' title='bbox 1493 2409 1640 2445; x_wconf 82' lang='grc' dir='ltr'>πανταχοῦ,</span> <span class='ocrx_word' id='word_1_798' title='bbox 1661 2411 1702 2437; x_wconf 78' lang='grc' dir='ltr'>ὅτι</span> <span class='ocrx_word' id='word_1_799' title='bbox 1721 2411 1790 2438; x_wconf 77' lang='grc' dir='ltr'>πᾶσι</span> 
     </span>
    </p>
   </div>
   <div class='ocr_carea' id='block_1_108' title="bbox 997 2451 1789 2492">
    <p class='ocr_par' dir='ltr' id='par_1_108' title="bbox 997 2451 1789 2492">
     <span class='ocr_line' id='line_1_108' title="bbox 997 2451 1789 2492; baseline 0.01 -16"><span class='ocrx_word' id='word_1_800' title='bbox 997 2451 1094 2486; x_wconf 79' lang='grc' dir='ltr'>διήκει,</span> <span class='ocrx_word' id='word_1_801' title='bbox 1110 2451 1227 2488; x_wconf 84' lang='grc' dir='ltr'>οὐδαμοῦ</span> <span class='ocrx_word' id='word_1_802' title='bbox 1242 2452 1280 2485; x_wconf 83' lang='grc' dir='ltr'>δὲ,</span> <span class='ocrx_word' id='word_1_803' title='bbox 1296 2453 1339 2480; x_wconf 77' lang='grc' dir='ltr'>ὅτι</span> <span class='ocrx_word' id='word_1_804' title='bbox 1352 2454 1438 2487; x_wconf 78' lang='grc' dir='ltr'>οὐδεὶς</span> <span class='ocrx_word' id='word_1_805' title='bbox 1453 2455 1527 2488; x_wconf 75' lang='grc' dir='ltr'>ἄξιος</span> <span class='ocrx_word' id='word_1_806' title='bbox 1545 2456 1626 2488; x_wconf 80' lang='grc' dir='ltr'>τόπος</span> <span class='ocrx_word' id='word_1_807' title='bbox 1641 2456 1691 2492; x_wconf 88' lang='grc' dir='ltr'><strong>τῆς</strong></span> <span class='ocrx_word' id='word_1_808' title='bbox 1703 2466 1789 2484; x_wconf 89' lang='grc' dir='ltr'>κατα-</span> 
     </span>
    </p>
   </div>
   <div class='ocr_carea' id='block_1_109' title="bbox 999 2498 1790 2538">
    <p class='ocr_par' dir='ltr' id='par_1_109' title="bbox 999 2498 1790 2538">
     <span class='ocr_line' id='line_1_109' title="bbox 999 2498 1790 2538; baseline 0.01 -14"><span class='ocrx_word' id='word_1_809' title='bbox 999 2498 1125 2531; x_wconf 86' lang='grc' dir='ltr'>παύσεως</span> <span class='ocrx_word' id='word_1_810' title='bbox 1140 2498 1222 2526; x_wconf 82' lang='grc' dir='ltr'>αὐτοῦ</span> <span class='ocrx_word' id='word_1_811' title='bbox 1235 2499 1253 2534; x_wconf 90' lang='grc'><strong>·)</strong></span> <span class='ocrx_word' id='word_1_812' title='bbox 1267 2499 1325 2526; x_wconf 82' lang='grc' dir='ltr'>ἀλλ’</span> <span class='ocrx_word' id='word_1_813' title='bbox 1343 2500 1386 2527; x_wconf 79' lang='grc' dir='ltr'>ἵνα</span> <span class='ocrx_word' id='word_1_814' title='bbox 1405 2502 1603 2538; x_wconf 80' lang='grc' dir='ltr'>ὲγχειρίσωμεν</span> <span class='ocrx_word' id='word_1_815' title='bbox 1616 2504 1728 2536; x_wconf 78' lang='grc' dir='ltr'>ἑαυτοὺς</span> <span class='ocrx_word' id='word_1_816' title='bbox 1740 2505 1790 2532; x_wconf 79' lang='grc' dir='ltr'>καὶ</span> 
     </span>
    </p>
   </div>
   <div class='ocr_carea' id='block_1_110' title="bbox 998 2544 1789 2588">
    <p class='ocr_par' dir='ltr' id='par_1_110' title="bbox 998 2544 1789 2588">
     <span class='ocr_line' id='line_1_110' title="bbox 998 2544 1789 2588; baseline 0.009 -17"><span class='ocrx_word' id='word_1_817' title='bbox 998 2544 1037 2580; x_wconf 81' lang='grc' dir='ltr'><strong>τῷ</strong></span> <span class='ocrx_word' id='word_1_818' title='bbox 1056 2545 1126 2581; x_wconf 83' lang='grc' dir='ltr'>Θείῳ</span> <span class='ocrx_word' id='word_1_819' title='bbox 1144 2545 1288 2581; x_wconf 79' lang='grc' dir='ltr'>ὲνώσωμεν</span> <span class='ocrx_word' id='word_1_820' title='bbox 1305 2547 1364 2579; x_wconf 81' lang='grc' dir='ltr'>ταῖς</span> <span class='ocrx_word' id='word_1_821' title='bbox 1378 2547 1464 2580; x_wconf 83' lang='grc' dir='ltr'>θείαις</span> <span class='ocrx_word' id='word_1_822' title='bbox 1479 2549 1598 2585; x_wconf 84' lang='grc' dir='ltr'>μνήμαις</span> <span class='ocrx_word' id='word_1_823' title='bbox 1612 2550 1659 2576; x_wconf 81' lang='grc' dir='ltr'>καὶ</span> <span class='ocrx_word' id='word_1_824' title='bbox 1673 2551 1789 2588; x_wconf 77' lang='grc' dir='ltr'>ἐπικλή-</span> 
     </span>
    </p>
   </div>
   <div class='ocr_carea' id='block_1_111' title="bbox 999 2600 1068 2618">
    <p class='ocr_par' dir='ltr' id='par_1_111' title="bbox 999 2600 1068 2618">
     <span class='ocr_line' id='line_1_111' title="bbox 999 2600 1068 2618; baseline 0.014 -1"><span class='ocrx_word' id='word_1_825' title='bbox 999 2600 1068 2618; x_wconf 88' lang='grc' dir='ltr'>σεσι.</span> 
     </span>
    </p>
   </div>
   <div class='ocr_carea' id='block_1_112' title="bbox 1033 2638 1788 2677">
    <p class='ocr_par' dir='ltr' id='par_1_112' title="bbox 1033 2638 1788 2677">
     <span class='ocr_line' id='line_1_112' title="bbox 1033 2638 1788 2677; baseline 0.012 -13"><span class='ocrx_word' id='word_1_826' title='bbox 1033 2638 1089 2673; x_wconf 84' lang='lat' dir='ltr'><strong>§Il.</strong></span> <span class='ocrx_word' id='word_1_827' title='bbox 1100 2639 1154 2666; x_wconf 78' lang='lat' dir='ltr'><strong>Kal.</strong></span> <span class='ocrx_word' id='word_1_828' title='bbox 1163 2639 1242 2666; x_wconf 82' lang='grc' dir='ltr'>τοῦτο</span> <span class='ocrx_word' id='word_1_829' title='bbox 1249 2640 1272 2667; x_wconf 76' lang='grc' dir='ltr'><strong>δ’</strong></span> <span class='ocrx_word' id='word_1_830' title='bbox 1282 2639 1347 2672; x_wconf 85' lang='grc' dir='ltr'>ἴσως</span> <span class='ocrx_word' id='word_1_831' title='bbox 1357 2641 1555 2677; x_wconf 83' lang='grc' dir='ltr'>ἀπολογοῦμεν,</span> <span class='ocrx_word' id='word_1_832' title='bbox 1568 2642 1609 2669; x_wconf 82' lang='grc' dir='ltr'>ὅτι</span> <span class='ocrx_word' id='word_1_833' title='bbox 1622 2642 1668 2669; x_wconf 87' lang='grc' dir='ltr'><strong>τοῦ</strong></span> <span class='ocrx_word' id='word_1_834' title='bbox 1680 2643 1788 2672; x_wconf 84' lang='grc' dir='ltr'>κλεινοῦ</span> 
     </span>
    </p>
   </div>
   <div class='ocr_carea' id='block_1_113' title="bbox 1004 2685 1786 2724">
    <p class='ocr_par' dir='ltr' id='par_1_113' title="bbox 1004 2685 1786 2724">
     <span class='ocr_line' id='line_1_113' title="bbox 1004 2685 1786 2724; baseline 0.009 -13"><span class='ocrx_word' id='word_1_835' title='bbox 1004 2685 1134 2720; x_wconf 80' lang='grc' dir='ltr'>Ὶεροθέου</span> <span class='ocrx_word' id='word_1_836' title='bbox 1142 2685 1192 2718; x_wconf 83' lang='grc' dir='ltr'><strong>τὰς</strong></span> <span class='ocrx_word' id='word_1_837' title='bbox 1202 2685 1360 2721; x_wconf 86' lang='grc' dir='ltr'>Θεολογικὰς</span> <span class='ocrx_word' id='word_1_838' title='bbox 1382 2687 1564 2723; x_wconf 87' lang='grc' dir='ltr'>στοιχειώσεις</span> <span class='ocrx_word' id='word_1_839' title='bbox 1577 2690 1786 2724; x_wconf 79' lang='grc' dir='ltr'>συναγαγόντος,</span> 
     </span>
    </p>
   </div>
   <div class='ocr_carea' id='block_1_114' title="bbox 997 2730 1789 2770">
    <p class='ocr_par' dir='ltr' id='par_1_114' title="bbox 997 2730 1789 2770">
     <span class='ocr_line' id='line_1_114' title="bbox 997 2730 1789 2770; baseline 0.009 -14"><span class='ocrx_word' id='word_1_840' title='bbox 997 2730 1079 2765; x_wconf 82' lang='grc' dir='ltr'>ἡμεῖς</span> <span class='ocrx_word' id='word_1_841' title='bbox 1095 2730 1124 2757; x_wconf 81' lang='grc' dir='ltr'><strong>δὲ</strong></span> <span class='ocrx_word' id='word_1_842' title='bbox 1138 2731 1368 2767; x_wconf 79' lang='grc' dir='ltr'>συνεγραψάμεθα</span> <span class='ocrx_word' id='word_1_843' title='bbox 1382 2731 1465 2764; x_wconf 81' lang='grc' dir='ltr'>ἄλλας</span> <span class='ocrx_word' id='word_1_844' title='bbox 1478 2741 1507 2759; x_wconf 80' lang='grc' dir='ltr'>τε</span> <span class='ocrx_word' id='word_1_845' title='bbox 1521 2735 1723 2770; x_wconf 87' lang='grc' dir='ltr'>πραγματείας,</span> <span class='ocrx_word' id='word_1_846' title='bbox 1740 2735 1789 2762; x_wconf 85' lang='grc' dir='ltr'>καὶ</span> 
     </span>
    </p>
   </div>
   <div class='ocr_carea' id='block_1_115' title="bbox 997 2775 1786 2813">
    <p class='ocr_par' dir='ltr' id='par_1_115' title="bbox 997 2775 1786 2813">
     <span class='ocr_line' id='line_1_115' title="bbox 997 2775 1786 2813; baseline 0.008 -12"><span class='ocrx_word' id='word_1_847' title='bbox 997 2775 1099 2811; x_wconf 80' lang='grc' dir='ltr'>ταύτην</span> <span class='ocrx_word' id='word_1_848' title='bbox 1118 2775 1167 2812; x_wconf 82' lang='grc' dir='ltr'>τὴν</span> <span class='ocrx_word' id='word_1_849' title='bbox 1182 2775 1330 2811; x_wconf 84' lang='grc' dir='ltr'>θεολογίαν,</span> <span class='ocrx_word' id='word_1_850' title='bbox 1342 2776 1380 2809; x_wconf 84' lang='grc' dir='ltr'><strong>ὡς</strong></span> <span class='ocrx_word' id='word_1_851' title='bbox 1392 2777 1440 2813; x_wconf 80' lang='grc' dir='ltr'>οὐχ</span> <span class='ocrx_word' id='word_1_852' title='bbox 1455 2776 1554 2805; x_wconf 82' lang='grc' dir='ltr'>ἱκανῶν</span> <span class='ocrx_word' id='word_1_853' title='bbox 1568 2778 1681 2807; x_wconf 72' lang='grc' dir='ltr'>ἐκείνων</span> <span class='ocrx_word' id='word_1_854' title='bbox 1688 2779 1786 2807; x_wconf 72' lang='grc' dir='ltr'>ὄντων.</span> 
     </span>
    </p>
   </div>
   <div class='ocr_carea' id='block_1_116' title="bbox 199 2863 1251 2901">
    <p class='ocr_par' dir='ltr' id='par_1_116' title="bbox 199 2863 1251 2901">
     <span class='ocr_line' id='line_1_116' title="bbox 199 2863 1251 2901; baseline 0.003 -10"><span class='ocrx_word' id='word_1_855' title='bbox 199 2863 254 2899; x_wconf 79' lang='lat'><strong>(56)</strong></span> <span class='ocrx_word' id='word_1_856' title='bbox 273 2864 339 2892; x_wconf 75' lang='lat' dir='ltr'><strong>Vide</strong></span> <span class='ocrx_word' id='word_1_857' title='bbox 359 2864 469 2894; x_wconf 89' lang='lat' dir='ltr'><strong>Scholia</strong></span> <span class='ocrx_word' id='word_1_858' title='bbox 485 2864 514 2894; x_wconf 90' lang='lat' dir='ltr'><strong>S.</strong></span> <span class='ocrx_word' id='word_1_859' title='bbox 532 2864 654 2899; x_wconf 82' lang='lat' dir='ltr'><strong>Maximi,</strong></span> <span class='ocrx_word' id='word_1_860' title='bbox 673 2868 738 2893; x_wconf 88' lang='lat' dir='ltr'><strong>tom.</strong></span> <span class='ocrx_word' id='word_1_861' title='bbox 755 2863 787 2899; x_wconf 90' lang='lat' dir='ltr'><strong>ll,</strong></span> <span class='ocrx_word' id='word_1_862' title='bbox 801 2871 862 2901; x_wconf 84' lang='lat' dir='ltr'><strong>cap.</strong></span> <span class='ocrx_word' id='word_1_863' title='bbox 880 2865 896 2893; x_wconf 79' lang='grc'><strong>5</strong></span> <span class='ocrx_word' id='word_1_864' title='bbox 915 2864 953 2894; x_wconf 79' lang='lat' dir='ltr'><strong>De</strong></span> <span class='ocrx_word' id='word_1_865' title='bbox 971 2863 1072 2894; x_wconf 68' lang='lat' dir='ltr'><strong>divinis</strong></span> <span class='ocrx_word' id='word_1_866' title='bbox 1093 2866 1251 2894; x_wconf 74' lang='lat' dir='ltr'><strong>nominibus.</strong></span> 
     </span>
    </p>
   </div>
  </div>
