1938 3065
153 173 208 202 689

454 172 498 200 DE
512 172 638 201 DIVINIS
657 171 859 203 ΝΟΜΙΝΙΒυδ,
877 171 939 199 CAP

991 171 1010 198 Ι.
1029 186 1063 191 —
1080 171 1256 198 PAliAPllR.
1274 171 1510 200 PACllYMElle.

1731 163 1783 191 690

152 229 209 255 Καὶ
221 229 275 264 γάρ
288 228 368 265 εἴπερ
383 229 486 260 ἐκεῖνος
497 229 562 265 περὶ
575 228 676 256 τούτων
687 228 939 264 λεπτομερεστέρως

997 228 1177 263 tlieologicum
1191 229 1448 264 conseripserimus.
1465 230 1572 258 Etenim
1593 230 1615 257 si
1634 230 1679 258 illc
1693 230 1728 259 de
1745 227 1788 257 his

143 272 253 309 ἠξίωσε
266 275 389 308 διελθεῖν,
403 275 453 302 οὐκ
471 275 504 302 ἂν
524 276 604 311 ἡμεῖς
621 276 661 307 εἰς
674 275 801 302 τοσοῦτον
816 275 833 310 ἢ
848 274 946 311 μανίας

145 316 163 352 ἢ
180 320 338 357 σκαιότητος
352 320 529 357 ἐληλύθαμεν,
543 321 581 354 ὡς
595 322 719 357 οἰηθῆναι
732 321 871 348 ἐπιϐαλεῖν
890 321 947 352 τοῖς

150 366 233 399 θείοις
251 367 544 403 ὲπιστημονικώτερον,
559 367 629 394 ὥστε
645 368 685 400 δὶς
704 367 739 394 τὰ
759 367 830 394 αὐτὰ
846 366 945 401 λέγειν,

151 414 199 441 καὶ
222 414 325 441 ἀδικεῖν
347 414 422 449 φίλον
444 415 502 450 ἆμα
526 415 574 442 καὶ
596 414 774 441 διδάσκαλον·
801 414 849 441 καὶ
872 414 946 449 ἡμᾶς

148 459 229 493 τέως,
241 461 304 493 τοὺς
315 461 384 497 μετὰ
396 461 442 488 τὸν
461 461 594 497 μακάριον
605 460 711 488 Παῦλον
728 460 945 497 μαΟητευΟέντας

148 506 235 542 αὐτῷ,
255 507 426 543 ὑφαρπάζειν
441 507 476 534 τὰ
495 508 599 535 ἐκείνου
619 508 667 534 καὶ
683 508 721 540 ὡς
743 507 796 534 ἴδια
816 507 943 543 γράφειν.

156 553 227 580 Ἀλλ’
241 553 334 589 ἐπειδὴ
351 553 541 589 πρεσϐυτικῶς
561 554 609 580 καὶ
630 553 848 589 ὲπιστημονικῶς
869 550 945 580 εἶπεν

148 601 263 632 ἐκεῖνος,
286 600 332 626 καὶ
354 600 503 635 συντόμους
522 601 568 627 καὶ
587 600 782 635 κεφαλαιώδεις
801 600 851 632 τὰς
873 599 944 626 διδα-

149 645 262 677 σκαλίας
284 645 443 681 πεποίηκεν,
458 646 666 682 ἐγκελευόμενος
688 646 748 673 καθ’
763 647 878 672 ἕκαστον
898 645 945 672 καὶ

147 692 225 728 ἡμῖν,
245 692 292 719 καὶ¹
310 693 366 724 τοῖς
386 692 490 728 ἑτέροις
504 693 558 719 τῶν
570 693 698 720 νεπελῶν
711 692 804 728 ψυχῶν
815 692 943 719 διδασκά-

147 737 214 770 λοις,
231 738 290 765 καθ’
303 739 364 766 ὅσον
383 738 422 765 ἔνι
442 739 593 772 ἀναπτύξαι
606 740 652 766 καὶ
670 739 805 775 διακρῖναι
818 738 867 770 τὰς
882 746 943 765 συν-

147 784 263 817 οπτικὰς
282 785 330 812 καὶ
353 785 387 811 δι’
401 785 489 820 ὀλίγον
501 786 650 821 ἐκφράσεις
661 785 711 821 τῆς
723 785 823 816 ὲνιαίας
838 784 942 811 ἐκείνου

147 831 197 858 καὶ
215 832 386 868 νοερωτάτης
407 832 549 868 δυνάμεως
561 840 567 846 ·
589 832 637 859 καὶ
661 831 789 863 πολλάκις
809 831 882 867 ἡμᾶς
902 831 942 862 είς

145 877 214 903 αὐτὸ
225 877 304 904 τοῦτο
317 878 364 905 καὶ
378 878 410 904 σὺ
423 878 604 914 προέτρεψας,
613 878 823 909 ἀνταποστείλας
836 877 883 904 καὶ
892 877 941 912 τὴν

147 921 239 956 βίϐλον
250 922 342 949 αὐτοῦ.
358 922 451 960 Ταύτῃ
463 932 503 949 τοι
518 923 565 950 καὶ
580 923 659 959 ἡμεῖς
674 924 719 950 τὸν
735 923 785 959 μὲν
799 923 876 957 ἅγιον
897 923 940 949 Ἱε-

148 967 250 1003 ρόθεον,
263 968 301 1000 ὼς
312 968 423 995 τελείων
437 969 562 996 διανοιῶν
577 969 745 1001 διδάσκαλον,
760 971 816 1001 τοῖς
828 969 940 1001 τελείοις

145 1014 323 1050 ἀφορίζομεν,
340 1016 385 1042 καὶ
402 1015 437 1042 τὰ
452 1016 556 1042 ἐκείνου
571 1016 659 1051 λόγια,
672 1016 709 1048 ὡς
724 1015 838 1051 δεύτερα
852 1015 939 1050 λόγια,

147 1059 216 1095 πρὸς
226 1059 260 1086 τὰ
271 1060 329 1087 Θεῖα
341 1061 387 1087 καὶ
402 1061 463 1098 ἱερὰ
473 1061 527 1088 τῶν
540 1062 697 1089 ἀποστόλων
712 1061 939 1098 παραγγέλματα,

145 1105 244 1141 ἔχομεν
257 1114 263 1121 ·
278 1107 338 1138 τοῖς
350 1107 379 1133 δὲ
395 1108 454 1133 καθ’
470 1109 544 1143 ἡμᾶς
561 1108 667 1139 ἀτελέσι
686 1108 720 1136 τὰ
739 1109 798 1135 θεῖα
818 1107 942 1144 παραδώ-

146 1159 239 1187 σομεν,
252 1152 399 1187 ἀναλόγους
410 1155 467 1186 τοῖς
477 1154 645 1186 διδασκάλοις
661 1156 727 1190 ἡμῖν
741 1155 804 1187 τοὺς
819 1154 941 1190 μαθητὰς

144 1195 262 1232 ἔχοντες.
292 1198 405 1225 Ὀπὸσον
424 1198 453 1225 δὲ
473 1198 530 1234 ἔχει
549 1200 653 1231 ἐκεῖνος
671 1200 701 1226 τὸ
722 1199 840 1231 τέλειον,
865 1201 894 1226 ὲν
919 1196 941 1233 ᾧ

144 1241 238 1277 ὲστιᾷν
248 1242 356 1278 ἑτέρους
367 1244 416 1279 τὴν
428 1244 540 1280 στερεὰν
552 1245 664 1280 τροφὴν,
675 1245 742 1272 ὅπου
759 1254 789 1280 γε
801 1246 848 1272 καὶ
861 1246 941 1281 ἡμεῖς

144 1287 279 1323 λεγόμεθα
291 1289 397 1322 τέλειοι,
407 1286 446 1322 ὡς
456 1291 505 1326 τῆς
520 1291 647 1327 τοιαύτης
659 1292 771 1328 στερεᾶς
783 1292 885 1328 τροφῆς
898 1301 942 1327 με·

143 1334 330 1370 ταλαμϐάνειν
347 1336 512 1373 ἠξιωμένοις
536 1338 639 1373 Ὀρθῶς
653 1335 699 1365 οῦν
715 1338 828 1374 εἴπομεν
842 1338 941 1375 τδ,τὴν

118 1393 121 1396 ν
145 1381 195 1416 μὲν
215 1381 380 1418 αὑτοπτικὴν
402 1384 448 1410 καὶ
468 1384 695 1416 ἅνεπικάλυπτον,
709 1385 755 1411 καὶ
765 1385 939 1420 ἐμφανεστέ-

144 1435 195 1462 ραν
216 1427 396 1464 κατανόησιν,
417 1430 463 1456 καὶ
482 1429 532 1466 τὴν
553 1430 726 1466 κεφαλαιώδη
748 1430 939 1464 διδασκαλίαν,

143 1472 330 1508 πρεσϐυτικῆς
351 1473 454 1501 δεῖσθαι
474 1473 633 1509 δυνάμεως’
656 1475 706 1510 τὴν
725 1474 754 1502 δὲ
777 1475 940 1512 διασάφησιν

143 1518 191 1545 καὶ
207 1518 505 1556 ὲκμάθησινῖάρμόζειν
518 1521 574 1552 τοῖς
590 1521 749 1556 ὑφειμένοις
766 1522 841 1557 ἡμῖν.
865 1522 940 1549 Ἐπι-

141 1565 290 1602 τετήρηται
309 1565 374 1600 γοῦν
388 1567 465 1602 ⁴ημῖν,
482 1566 552 1593 ὥστε
567 1567 617 1593 ὅσα
631 1566 663 1602 δὴ
683 1567 777 1602 σαφῶς
796 1568 871 1605 παρὰ
891 1569 938 1596 τοῦ

142 1611 215 1638 θείου
242 1612 372 1648 Ὶεροθέου
389 1612 588 1648 διηυκρίνηται,
605 1613 725 1649 μηδόλως
743 1614 936 1651 ὲγκεχειρηκέ-

143 1667 187 1685 ναι
199 1658 246 1685 καὶ
256 1652 311 1685 οἷον
324 1659 465 1694 φαίνεσθαι
477 1659 647 1694 ταύτολογεῐν
658 1669 664 1676 ·
679 1660 713 1687 τὰ
727 1661 756 1688 δὲ
769 1662 936 1693 συνοπτικῶς

142 1704 275 1740 εἰρημένα
295 1704 392 1740 ἐκείνῳ
420 1704 515 1740 (τοῦτο
535 1705 590 1742 γὰρ
614 1705 714 1740 ἔξωθεν
733 1706 935 1743 προσληπτέον)

141 1748 317 1786 λεπτοτέραις
341 1751 456 1784 ἐννοίαις
478 1751 617 1786 ἐκφαίνειν
630 1760 637 1767 ·
659 1752 739 1779 τοῦτο
756 1752 811 1789 γάρ
832 1753 890 1780 ἐστι
907 1753 938 1780 τὸ

141 1796 319 1833 ζητούμενον,
340 1797 355 1824 δ
378 1798 407 1825 ὲν
425 1797 464 1833 τῷ
475 1798 547 1825 τέλει
570 1797 617 1825 τοῦ
631 1798 711 1833 λόγου
727 1799 861 1834 ἐπήγαγε.
879 1799 937 1827 Νῦν

141 1843 171 1870 δὲ
185 1845 225 1876 είς
237 1845 301 1877 τοὺς
318 1844 446 1878 ἐπαίνους
464 1844 512 1872 τοῦ
527 1845 623 1880 ἀνδρὸς
639 1846 778 1879 εἰσελθὼν,
795 1848 870 1880 ὅπως
890 1849 937 1876 καὶ

142 1891 221 1917 ὁποῖα
238 1888 308 1926 ἦσαν
325 1892 358 1918 τὰ
374 1892 438 1928 παρ’
456 1891 537 1919 αὑτοῦ
561 1893 718 1929 ὑμνούμενα
742 1895 770 1922 ἐν
791 1895 831 1931 τῷ
849 1896 937 1932 καιρῷ

142 1936 192 1972 τῆς
208 1938 287 1972 ἁγίας
298 1938 429 1966 Θεοτόκου
446 1940 610 1975 κοιμήσεως,
627 1940 697 1967 κατὰ
711 1942 861 1969 ἐνδιάθετον
873 1944 938 1979 σχῆ-

144 1991 192 2018 μα,
205 1983 337 2018 τεχνικῶς
353 1981 408 2010 οἷον
421 1984 569 2012 ἐπελάθετο
585 1985 636 2020 τῆς
655 1986 702 2013 τοῦ
717 1987 796 2022 λόγου
812 1989 938 2024 συμφρά-

143 2038 222 2061 σεως,
239 2029 285 2056 καί
298 2039 380 2066 φησιν
392 2039 398 2046 ·
421 2031 497 2058 Ἐπεὶ
512 2031 559 2058 καὶ
579 2032 644 2069 παρ’
658 2033 748 2065 αὐτοῖς
769 2035 825 2066 τοῖς
842 2033 937 2071 θεολή-

142 2083 220 2107 πτοις
231 2077 367 2111 πατράσιν
379 2077 433 2112 (ὅτε
450 2079 634 2114 συμπαρῆμεν
648 2079 762 2112 ἐκείνοις
776 2080 822 2107 καὶ
835 2081 936 2116 ἡμεῖς.)

142 2121 172 2147 εν
188 2120 227 2156 τῷ
242 2121 329 2158 καιρῷ
343 2123 394 2158 τῆς
407 2125 562 2160 κοιμήσεως
574 2125 623 2161 τῆς
637 2127 773 2161 παναγίας
788 2128 936 2163 Δεσποίνης

142 2167 220 2202 ἡμῶν
242 2167 377 2201 θεοτόκου,
399 2169 486 2196 ἐδόκει
510 2170 539 2197 δὲ
559 2170 630 2197 κατὰ
649 2172 698 2207 τὴν
719 2172 794 2198 θείαν
817 2172 936 2208 ὑμνῆσαι

133 2213 205 2254 τοὺς
222 2214 351 2250 ἱεράρχας
366 2215 405 2248 ὡς
422 2216 538 2249 ἕκαστος
552 2217 608 2253 εἶχε
624 2219 765 2254 δυνάμεως
785 2219 834 2255 τὴν
854 2220 935 2246 ἀπει-

998 274 1167 302 enucleatius
1189 275 1325 302 disserere
1353 275 1493 309 voluisset,
1519 284 1658 311 nunquam
1682 284 1713 304 ea
1738 284 1789 303 nos

997 320 1103 348 insania
1125 320 1295 348 stoliditasve
1309 320 1445 356 cepisset,
1462 326 1491 348 ιιι
1505 322 1549 350 illo
1564 322 1674 350 doctius
1689 329 1739 350 nos
1755 322 1788 348 de

997 366 1097 393 divinis
1118 366 1190 400 loqui
1215 374 1294 401 posse
1312 371 1481 401 putaremus,
1501 372 1582 403 atque
1597 369 1666 396 adeo
1683 368 1725 396 bis
1738 375 1785 395 ea-

996 413 1057 441 dem
1075 414 1232 449 repetendo,
1244 418 1272 441 et
1287 415 1376 441 amico
1390 414 1471 441 simul
1490 418 1517 442 et
1536 414 1695 450 praeceptori
1715 414 1787 442 lianc

997 459 1122 494 injuriam
1146 461 1312 492 faceremus,
1338 465 1377 493 ut,
1393 469 1453 488 cutn
1471 461 1529 495 ejus
1548 467 1608 496 post
1627 462 1655 489 B.
1674 461 1785 489 Paulum

996 506 1121 541 discipuli
1153 506 1297 539 fuerimus,
1326 507 1384 541 ejus
1415 508 1518 541 scripta
1544 508 1623 535 nobis
1649 515 1698 543 pcr
1726 507 1788 543 pla-

995 552 1068 587 gium
1089 552 1172 588 348
1185 561 1399 588 usurparcmus;
1419 555 1466 582 sed
1480 553 1611 588 quoniam
1633 553 1677 581 ille
1695 554 1785 588 gravi-

996 601 1037 624 ter
1049 603 1077 626 et
1088 599 1156 626 scite
1172 598 1206 626 dc
1229 599 1272 626 liis
1293 600 1418 634 loquens,
1433 599 1595 634 compendio
1613 604 1640 626 et
1664 607 1785 626 summa-

995 645 1044 672 tim
1061 645 1205 672 doctrinas
1227 652 1290 671 suas
1314 645 1436 678 tradidit,
1452 644 1552 679 jubens
1577 652 1637 677 nos,
1664 644 1786 678 aliosque

994 689 1134 717 rudiortttn
1151 689 1238 716 adhuc
1253 689 1407 716 animorum
1423 693 1616 724 prmceptores,
1633 687 1784 723 sigillatitn,

994 734 1082 769 quoad
1100 734 1157 761 tieri
1176 738 1276 768 potest,
1298 734 1445 769 explanare
1467 741 1500 761 ac
1521 733 1689 768 distinguere
1707 741 1783 760 com—

993 781 1139 817 pendiosas
1163 781 1223 808 illas
1243 781 1397 815 brevesque
1411 781 1600 809 enarrationes
1616 781 1699 807 unita:
1713 780 1785 807 illius

992 834 1025 855 ac
1045 827 1271 862 spiritualissima:
1287 827 1413 860 virtutis;
1428 827 1492 861 quin
1509 832 1536 854 et
1554 828 1612 861 ipse
1631 831 1657 853 tu
1675 834 1784 861 quoque

992 873 1150 909 frequenter
1177 882 1227 902 nos
1252 875 1286 901 ad
1311 874 1362 901 hoc
1385 875 1548 902 adhortatus
1570 881 1610 905 es,
1635 879 1664 901 et
1683 874 1783 900 librum

955 913 977 942 Β
990 920 1047 956 ejus
1073 920 1152 948 nobis
1175 920 1318 948 remisisti.
1331 920 1501 955 Quapropter
1521 928 1570 948 nos
1591 927 1700 955 quoque
1720 927 1784 946 san-

951 1590 972 1619 C

991 971 1063 994 clum
1086 967 1275 999 Hierotlieum,
1293 971 1421 1001 tanquam
1440 966 1624 1001 perfectarum
1651 966 1783 992 mentium

991 1016 1196 1047 praeceptorem,
1210 1011 1339 1046 perfectis
1359 1013 1543 1047 assignantus,
1560 1017 1588 1039 et
1604 1012 1690 1046 ipsius
1709 1012 1783 1038 dicta

992 1064 1122 1093 tanquam
1148 1057 1233 1085 altera
1258 1057 1369 1085 oracula
1382 1078 1390 1091 ,
1407 1057 1554 1085 secundum
1574 1058 1665 1086 divina
1689 1066 1782 1086 sacra-

991 1112 1046 1139 que
1058 1105 1245 1139 apostolorum
1258 1105 1372 1139 scripta,
1389 1104 1575 1136 aestimamus;
1590 1112 1639 1132 nos
1653 1112 1718 1132 vero
1733 1113 1783 1132 no-

991 1151 1040 1178 stri
1056 1151 1189 1179 similibus
1206 1150 1375 1185 imperfectis
1388 1159 1433 1179 res
1444 1151 1552 1179 divinas
1563 1152 1781 1186 explicabimus;

991 1198 1070 1225 nobis
1091 1197 1306 1233 prmceptoribus
1331 1205 1384 1224 non
1408 1197 1548 1225 absimiles
1571 1197 1717 1232 discipulos
1736 1198 1783 1226 ha-

991 1245 1095 1273 bentes.
1122 1244 1235 1278 Quanta:
1258 1252 1323 1272 vero
1352 1245 1409 1280 ipse
1431 1249 1474 1272 est
1499 1244 1694 1280 perfectionis,
1720 1253 1782 1273 cum

992 1293 1073 1320 etiam
1087 1292 1155 1319 alios
1169 1291 1257 1319 solido
1273 1291 1335 1319 cibo
1350 1292 1465 1325 nutriat,
1479 1300 1540 1320 cum
1557 1300 1609 1320 nos
1624 1293 1706 1320 etiam
1723 1300 1784 1328 per-

991 1338 1054 1365 fecti
1065 1337 1242 1373 appellamur,
1255 1337 1277 1364 si
1294 1337 1447 1364 iSIiusmodi
1463 1337 1551 1365 solido
1565 1337 1627 1365 cibo
1641 1337 1714 1365 vesci
1735 1346 1783 1365 no-

992 1385 1034 1412 bis
1045 1384 1169 1412 licuerit?
1182 1384 1278 1412 Merito
1294 1384 1386 1419 itaque
1400 1384 1528 1417 dicimus,
1545 1384 1577 1411 ad
1592 1384 1678 1420 ipsam
1693 1392 1741 1419 per
1754 1392 1784 1412 se

992 1430 1163 1457 intnitionem
1177 1449 1184 1462 ,
1206 1434 1234 1457 et
1257 1437 1310 1455 non
1336 1428 1484 1456 revelatam
1511 1427 1784 1463 tnanil'estiorcmque

992 1475 1210 1510 intelligentiam,
1227 1479 1254 1501 et
1277 1474 1455 1502 summariam
1477 1473 1631 1500 doctrinam
1646 1473 1723 1500 senili
1740 1473 1782 1500 fa—

990 1522 1093 1550 cultate
1106 1529 1174 1556 opus
1187 1528 1259 1553 esse,
1275 1520 1497 1554 explanationem
1516 1524 1606 1546 autem
1622 1523 1650 1547 et
1664 1519 1783 1554 explica-

992 1568 1090 1594 tionem
1107 1567 1184 1594 nobis
1199 1570 1228 1593 ut
1239 1565 1415 1593 inferioribus
1427 1565 1585 1592 convenire.
1601 1566 1782 1592 Observatum

989 1613 1081 1648 itaque
1102 1621 1117 1639 a
1146 1613 1224 1640 nobis
1235 1631 1243 1645 ,
1263 1617 1292 1638 ut
1303 1618 1472 1646 qumeunque
1488 1611 1561 1638 clare
1577 1617 1592 1637 a
1608 1610 1671 1637 divo
1687 1610 1783 1637 lliero-

989 1661 1051 1687 tlteo
1072 1659 1201 1687 distincta
1227 1663 1292 1686 sunt
1314 1666 1348 1686 ne
1369 1657 1478 1692 quidem
1503 1656 1614 1684 omnino
1632 1657 1780 1692 attingere-

989 1713 1059 1738 mus,
1080 1713 1114 1732 ne
1127 1705 1328 1740 quodammodo
1345 1705 1416 1732 idem
1438 1704 1535 1731 iterato
1558 1703 1649 1730 dicere
1672 1703 1782 1730 videre-

988 1761 1064 1786 mur;
1080 1742 1140 1788 ψιιὲ
1151 1759 1216 1780 vero
1231 1752 1288 1787 ipse
1301 1751 1493 1786 compendiose
1507 1750 1619 1778 tradidit
1631 1750 1694 1786 (hoc
1708 1751 1780 1778 enim

987 1797 1178 1832 excipiendum
1193 1796 1245 1831 est)
1259 1796 1455 1824 minutioribus
1476 1795 1666 1830 intelligentiis
1686 1796 1782 1831 expla-

987 1849 1132 1875 naremus;
1157 1849 1219 1869 nam
1245 1842 1296 1869 hoc
1316 1847 1358 1869 est
1381 1843 1452 1878 quod
1469 1843 1611 1877 quzeritur,
1633 1846 1661 1869 ut
1678 1842 1706 1869 in
1728 1843 1781 1870 line

986 1889 1118 1917 orationis
1129 1889 1244 1917 addidit.
1257 1888 1333 1916 Nunc
1350 1896 1415 1916 vero
1429 1889 1479 1916 viri
1496 1889 1592 1916 laudes
1607 1889 1779 1924 aggrediens,

986 1943 1105 1971 quanam
1120 1935 1239 1968 ratione,
1254 1940 1281 1962 et
1297 1935 1388 1969 qualia
1412 1935 1446 1963 ab
1467 1935 1526 1970 ipso
1541 1941 1644 1962 sanctm
1658 1935 1781 1970 Deipara:

986 1983 1195 2011 obdortnitionis
1210 1987 1332 2017 tempore
1347 1981 1454 2009 laudata
1470 1982 1537 2014 sint,
1550 1982 1670 2009 ostendit
1690 1982 1780 2008 artili-

986 2028 1059 2055 ciose
1075 2028 1131 2062 ipsa
1148 2027 1274 2062 loquendi
1291 2026 1419 2060 formula,
1438 2026 1573 2055 orationis
1591 2035 1623 2055 ea
1645 2027 1780 2061 composi-

987 2075 1086 2102 tionem
1101 2073 1232 2108 eli‘ugere,
1247 2078 1274 2101 et
1295 2073 1335 2101 ait
1349 2082 1356 2100 :
1371 2073 1438 2101 Cum
1463 2073 1592 2102 Patribus
1616 2074 1671 2101 illis
1686 2074 1779 2101 divino

986 2121 1091 2156 Spiritu
1103 2121 1200 2149 alllatis
1216 2122 1255 2157 (et
1270 2129 1320 2148 nos
1335 2121 1400 2156 ipsis
1415 2121 1584 2157 adessemus)
1598 2126 1719 2156 tempore
1732 2121 1779 2148 ob-

985 2168 1160 2196 dormitionis
1179 2168 1362 2195 sanctissima:
1388 2169 1504 2196 dominae
1525 2172 1626 2196 nostrae
1645 2169 1779 2203 Deiparae,

985 2214 1188 2249 placuissetque
1215 2219 1278 2249 post
1303 2214 1455 2242 contuitum
1481 2216 1587 2243 sanctis
1613 2216 1779 2244 antistitibus

142 2259 292 2295 ροδύναμον
305 2260 461 2297 ἀγαθότητα
474 2262 525 2297 τῆς
548 2262 698 2299 θεαρχικῆς
717 2263 867 2296 ἀσθενείας,
885 2265 934 2300 τῆς

990 2269 1035 2296 pro
1051 2260 1124 2288 virili
1136 2260 1234 2295 cuique
1246 2268 1307 2294 suo,
1319 2262 1424 2289 inﬁnita
1437 2262 1559 2297 potentia
1573 2262 1715 2298 prteditam
1732 2262 1775 2290 di-

141 2305 266 2332 ὲκουσίου
283 2306 404 2342 δηλονότι
416 2307 463 2334 τοῦ
479 2308 546 2335 Θεοῦ
561 2309 624 2344 ἄχρι
637 2310 737 2345 σαρκὸς
750 2310 834 2346 χωρὶς
845 2311 935 2346 ἀμαρ-

141 2351 202 2382 τίας
224 2353 461 2386 συγκαταϐἀσεως,
486 2354 594 2381 πάντων
617 2355 727 2391 ἐκράτει
749 2356 804 2382 τῶν
827 2357 936 2391 ἱερομυ-

142 2396 213 2423 στῶν
232 2397 246 2423 ό
267 2397 352 2433 μέγας
370 2398 508 2434 Ἱερόθεος,
521 2399 580 2432 ὅλος
597 2400 635 2426 ὢν
655 2400 750 2436 ὥσπερ
770 2401 886 2437 ἔκδημος
904 2402 936 2429 ἐκ

141 2442 190 2468 τοῦ
204 2443 341 2478 σώματος,
352 2444 411 2476 ὅλος
425 2444 600 2481 ἐξιστάμενος
614 2447 710 2473 ἑαυτοῦ
721 2448 749 2473 ὲν
761 2448 817 2480 τοῖς
831 2447 934 2483 ὕμνοις,

141 2489 190 2516 καὶ
202 2488 314 2524 πάσχων
325 2489 374 2525 τὴν
391 2491 458 2525 πρὸς
471 2491 504 2518 τὰ
525 2492 680 2528 ὑμνούμενα
694 2494 845 2526 κοινωνίαν,
861 2494 936 2530 παρὰ

141 2535 251 2562 πάντων
269 2535 316 2561 καὶ
337 2535 392 2561 τῶν
414 2536 560 2572 γνωρίμων
585 2539 633 2565 καὶ
652 2538 707 2565 τῶν
729 2539 766 2574 μὴ
789 2540 934 2575 γνωρίμων

141 2580 290 2616 Οεόληπτος
304 2580 435 2616 ἐκρίνετο.
455 2583 490 2608 Ἦ
500 2583 564 2617 γοῦν
579 2583 658 2611 τοῦτο
678 2584 762 2619 λέγει,
781 2585 856 2620 παρὰ
869 2585 936 2612 πάν-

141 2636 196 2654 των
218 2627 264 2654 καὶ
287 2627 342 2654 τῶν
355 2628 544 2662 γινωσκόντων
563 2631 677 2657 καὶτῶν
697 2631 734 2667 μὴ
748 2632 936 2665 γινωσκόντων

142 2673 225 2701 αὐτόν
238 2682 245 2689 '
261 2673 289 2709 ἢ,
306 2674 376 2709 ὅπερ
389 2674 436 2701 καὶ¹
453 2677 586 2710 κρεῖττον,
602 2676 632 2702 οὺ
651 2676 705 2712 γὰρ
723 2674 793 2709 εἷπε,
809 2677 859 2704 οὐκ
877 2677 935 2712 ἐγι-

142 2720 279 2752 νώσκετο,
302 2719 359 2747 ἀλλ’
383 2720 434 2746 οὐκ
458 2720 676 2754 ὲπεγινώσκετο·
701 2721 864 2756 ἐγινώσκετο
886 2724 935 2759 μὲν

143 2765 217 2800 λέγει
243 2766 307 2802 παρ’
329 2766 451 2799 ἐκείνων,
472 2766 592 2802 δηλονότι
608 2768 704 2800 οἵτινες
719 2769 867 2802 ἐγίνωσκον
886 2770 936 2805 τὴν

141 2811 196 2838 τῶν
212 2812 364 2848 λεγομένων
379 2812 508 2849 δύναμιν·
526 2814 576 2840 οὐκ
597 2815 814 2849 ὲπεγιγνώσκετο
829 2816 857 2843 δὲ
871 2819 936 2853 παρ’

142 2857 271 2890 ἐκείνων,
285 2859 383 2890 οἵτινες
399 2860 448 2895 οὐχ
462 2857 512 2886 οἷοί
527 2868 557 2886 τε
571 2857 640 2896 ἦσαν
657 2861 795 2888 ἐπιϐαλεῖν
813 2861 852 2897 τῷ
875 2862 935 2898 ὕψει

142 2903 197 2932 τῶν
217 2904 318 2939 ὕμνων.
344 2906 482 2942 Ἐφαίνετο
497 2906 561 2943 γοῦν
577 2907 722 2944 θεόληπτος
739 2909 873 2941 κάκείνοις
889 2910 935 2938 καὶ

986 2308 1057 2336 vina:
1071 2308 1266 2337 imbecillitatis
1280 2309 1431 2337 bonitatem
1451 2310 1617 2343 collaudare,
1634 2311 1661 2338 id
1672 2314 1715 2338 est
1729 2318 1778 2338 vo-

987 2355 1135 2383 luntariam
1161 2356 1421 2383 condescensionetn
1448 2355 1496 2383 Dei
1519 2363 1606 2391 usque
1628 2358 1661 2383 ad
1677 2363 1778 2391 corpus

987 2402 1088 2436 absque
1108 2407 1232 2437 peccato,
1247 2407 1361 2430 cmteros
1373 2402 1532 2430 sacerdotes
1545 2402 1694 2438 superabat
1717 2410 1778 2430 ma-

987 2455 1055 2482 gnus
1070 2447 1243 2481 Hierotbeus,
1259 2453 1331 2475 totus
1348 2449 1550 2483 quodammodo
1569 2457 1583 2475 a
1601 2455 1716 2482 corpore
1731 2449 1777 2476 ab-

987 2494 1095 2526 ductus,
1115 2499 1188 2521 totus
1203 2499 1282 2521 extra
1299 2502 1328 2521 se
1345 2495 1451 2529 positus
1468 2496 1494 2522 in
1515 2495 1625 2530 hymnis
1640 2502 1673 2522 ac
1690 2494 1778 2522 laudi-

988 2539 1047 2572 bus,
1064 2547 1210 2574 rerumque
1230 2547 1299 2574 quas
1322 2540 1450 2568 laudabat
1473 2541 1641 2568 consortium
1659 2541 1777 2575 patiens,

987 2586 1022 2613 ab
1035 2586 1164 2614 omnibus
1182 2591 1237 2614 tam
1257 2587 1330 2615 notis
1345 2595 1426 2622 quam
1444 2587 1543 2622 ignotis
1556 2586 1649 2615 divino
1663 2586 1779 2614 Numine

988 2631 1093 2660 alliatns
1105 2633 1332 2661 censebatur-.Vcl
1348 2634 1439 2668 itaque
1451 2634 1502 2661 boc
1514 2632 1590 2666 dicit,
1602 2633 1636 2660 ab
1649 2633 1776 2661 omnibus

989 2683 1042 2706 tam
1060 2679 1092 2706 iis
1103 2679 1149 2714 qui
1164 2680 1252 2714 ipsum
1263 2679 1346 2715 359
1357 2683 1497 2712 noverant,
1510 2686 1591 2713 quam
1606 2679 1652 2713 qui
1663 2686 1717 2706 tton
1729 2686 1777 2706 uo-

987 2729 1101 2758 verant;
1117 2724 1160 2753 vel
1179 2726 1278 2759 potius,
1295 2733 1348 2752 non
1364 2725 1432 2752 dixit
1447 2727 1519 2760 quod
1536 2727 1711 2758 noscebatur,
1728 2725 1775 2752 scd

988 2779 1041 2799 non
1065 2772 1301 2806 cognoscebatur;
1321 2772 1456 2807 siquidem
1478 2772 1512 2799 ab
1532 2772 1595 2805 illis,
1611 2771 1710 2806 inquit,
1726 2779 1776 2798 tto-

988 2819 1124 2850 scebatur,
1139 2819 1185 2853 qui
1201 2819 1328 2846 videlicet
1350 2823 1482 2846 noverattt
1503 2825 1596 2846 eorum
1617 2825 1676 2850 qua:
1699 2817 1775 2844 dice-

988 2863 1088 2891 bantur
1103 2864 1238 2897 valerem;
1253 2871 1305 2891 non
1319 2864 1534 2899 cognoscebatur
1547 2869 1638 2890 autem
1657 2863 1691 2891 ab
1709 2862 1773 2894 illis,

989 2910 1036 2946 qui
1049 2910 1164 2939 istarum
1183 2910 1292 2938 laudum
1307 2909 1494 2938 celsitudinem
1511 2910 1644 2945 attingere
1660 2917 1713 2938 nou
1729 2916 1776 2936 va-
