1938 3065
157 169 205 198 691

743 168 771 198 S.
791 168 941 197 DlONYSll
956 169 1187 199 ΑΠΕΟΡΛΩΙΤᾸΞ

1732 174 1786 204 6θέ

156 228 261 255 Ιριιιιιιι.
274 224 425 254 Videbatur
445 225 534 262 itaque
553 227 644 254 divino
663 227 778 254 Numine
794 227 901 254 amatus
917 233 943 254 et

1009 229 1110 261 ‘odrotg.
1134 230 1264 262 Ἐκείνοις
1284 231 1347 266 μὲν,
1374 232 1411 263 ὡς
1427 231 1546 258 συνιοῦσι
1565 232 1611 259 καὶ
1631 233 1787 270 ἐπιστήμην

157 274 210 300 illis
224 278 252 301 et
264 273 315 300 his.
329 272 384 300 illis
397 273 518 307 quidem.
534 277 663 307 tanquam
677 274 794 300 consciis
808 281 839 300 ac
854 273 943 300 scien-

159 319 230 346 tibus
245 318 333 353 ipsum
348 325 408 345 esse
424 319 517 350 talem;
533 318 575 345 his
589 325 666 349 vero,
682 323 810 353 tauquam
830 326 883 345 non
899 318 942 345 in-

160 364 339 399 telligentibus
356 372 415 399 qua:
435 365 605 397 dicebantur,
619 369 702 399 atque
721 364 781 391 ideo
802 365 944 391 existima-

158 409 234 443 bant,
259 409 305 436 illa
327 410 417 437 divina
439 410 562 444 quaedam
586 418 647 437 esse
661 417 723 445 qua:
741 410 813 445 vulgi
833 415 942 444 captum

157 462 326 490 superarent,
343 462 371 484 et
386 457 486 484 divinis
512 461 617 484 tantum
636 464 787 491 eorumque
810 457 943 484 similibus

158 503 226 530 viris
245 503 325 538 digna
347 503 447 530 forent.
463 503 622 529 Divinarum
641 510 723 538 porro
745 503 854 530 laudum
875 503 942 530 ista~

159 557 219 577 rum
235 555 341 585 partem
360 550 480 584 aliquam
494 557 537 577 me
551 550 600 577 abs
616 554 644 576 te
662 550 798 577 audivisse
812 551 941 577 memini:

160 600 263 622 tantam
285 596 440 622 divinorum
460 603 555 622 curam
586 595 678 630 geris,
693 599 722 622 ut
746 603 885 630 nunquam
898 595 942 622 illa

159 641 344 677 perfunctorie
364 649 519 676 percurras.

197 688 210 723 §
230 688 273 715 ΙΙΙ.
296 688 384 723 Atque
400 693 428 716 ut
443 689 526 715 multa
542 688 701 715 omittamus
715 695 776 723 qua:
786 688 866 723 vulgo
881 692 946 716 sunt

997 275 1115 310 σχοῦσιν,
1126 276 1167 302 ὅτι
1180 276 1300 307 τοιοῦτός
1311 277 1378 302 ἐστι’
1391 277 1494 309 τούτοις
1504 278 1541 310 δὲ,
1563 279 1600 310 ὼς
1615 279 1651 314 μὴ
1667 280 1789 307 συνιοῦσι

996 320 1031 346 τὰ
1045 321 1187 356 λεγόμενα,
1205 322 1351 349 κάντεῦθεν
1367 322 1426 349 θεῖά
1440 315 1501 350 τινα
1511 325 1633 360 κρίνουσι
1643 325 1729 352 ταῦτα
1740 327 1790 352 καί

997 367 1067 402 ὑπὲρ
1087 367 1150 399 τοὺς
1169 367 1296 399 πολλοὺς,
1318 369 1364 395 καὶ
1389 369 1479 403 μόνοις
1498 369 1560 401 ἄξια
1573 371 1629 402 τοῖς
1644 370 1727 402 θείοις
1741 371 1790 397 καὶ

997 413 1058 439 κατ’
1075 414 1181 441 ἐκεῖνον
1196 415 1333 451 ἀνδράσιν.
1356 416 1402 441 Ἐκ
1418 415 1471 442 τῶν
1489 415 1580 451 ὓμνων
1596 417 1660 451 γοῦν
1676 418 1789 443 ἐκείνων

997 457 1054 486 οἶδα
1074 460 1227 492 ἐπακούσας
1251 461 1380 493 πολλάκις
1400 463 1446 488 καὶ
1466 462 1542 498 παρὰ
1557 463 1603 489 σοῦ
1620 464 1689 499 μέρη
1704 463 1766 490 τινά
1779 469 1787 478 ⁸

997 504 1083 537 οὕτως
1109 506 1181 540 ἔχεις
1211 506 1329 542 σπουδὴν
1350 508 1391 539 είς
1418 507 1454 533 τὰ
1484 507 1560 540 θεῖα,
1589 508 1659 535 ὥστε
1690 508 1727 544 μὴ
1757 509 1789 534 ὲκ

998 551 1136 586 παρέργου
1152 552 1306 586 λογίζεσθαι
1321 553 1417 580 ταῦτα.

1034 685 1048 722 §
1061 687 1105 712 ΙΙΙ.
1121 687 1175 714 Καὶ
1188 688 1230 714 ἵνα
1244 697 1284 715 σοι
1305 689 1515 735 παραλείψωμέν
1536 690 1569 718 τὰ
1591 691 1675 718 πολλὰ
1689 692 1727 724 ὡς
1740 692 1791 728 ἇρά

160 742 280 767 arcana,
305 735 408 769 tibique
434 739 496 761 nota
507 754 514 767 ,
537 735 580 762 vel
607 735 668 762 ideo
684 740 747 762 nola
764 735 828 770 quia
844 742 945 762 arcana

1009 733 1068 768 ἱητα
1081 733 1137 765 τοῖς
1155 733 1272 767 πολλοῖς,
1284 735 1330 761 καί
1340 744 1380 761 σοι
1394 730 1551 771 ἐγνωσμένα
1560 757 1568 769 ,
1591 737 1608 772 ἢ
1629 737 1693 771 γοῦν
1706 739 1791 772 ὲγνιιν

161 781 349 815 tnysticaque,
368 780 411 808 vel
433 780 481 808 tibi
508 786 570 808 uola
597 785 726 815 tanquam
751 788 833 815 supra
851 781 946 815 vulgus

160 827 314 860 exsistenti,
330 834 362 854 ac
375 827 481 858 divino,
495 827 544 853 hoc
555 827 924 861 impraesentiarumdicimus
939 835 945 853 :

160 873 307 908 quomodo,
323 881 384 900 cmn
407 874 508 900 mullos
521 873 601 900 vellet
618 873 763 905 instruere,
777 877 804 900 et
817 877 950 908 quotquot

161 923 267 954 poterat
287 919 320 946 ad
342 919 388 946 Dei
413 919 515 946 cultum
537 920 697 951 traducere,
723 919 848 954 plurimis
864 918 950 946 modis

162 973 305 1000 superasse
329 966 460 1000 plurimos
477 970 657 1000 praeceptores
676 972 771 992 sacros
785 985 793 998 ,
816 973 830 992 a
852 965 951 1000 quibus

163 1017 191 1038 ut
207 1012 314 1038 divinus
329 1011 458 1045 Magister
471 1011 670 1043 celebrabatur,
687 1012 756 1038 adeo
769 1015 798 1037 ut
811 1018 950 1045 nunquam

163 1063 239 1085 tanto
252 1058 302 1084 soli
319 1058 410 1084 conati
425 1057 510 1084 simus
523 1057 641 1085 obtueri.
659 1057 720 1092 Agit
733 1057 767 1084 de
781 1057 853 1084 illius
874 1065 949 1084 cotu-

162 1106 344 1140 positionibus
372 1113 404 1132 ac
432 1105 564 1139 scriptis,
593 1105 665 1132 unde
691 1105 776 1137 dicit,
805 1105 845 1132 ita
874 1104 953 1132 nobis

163 1152 265 1179 conscii
286 1159 395 1186 smnus,
415 1151 542 1187 quoniam
560 1151 636 1184 juxta
653 1152 746 1178 tritum
764 1151 848 1178 illud:
865 1149 952 1178 Nosce

163 1203 188 1225 te
203 1198 307 1232 ipsum,
331 1198 366 1224 ita
388 1198 421 1225 de
443 1197 522 1224 nobis
541 1198 694 1228 sentimus.
716 1205 748 1224 ac
768 1198 790 1224 si
805 1205 839 1225 ne
851 1197 953 1225 divinis

163 1245 274 1280 quidem
301 1244 483 1279 intelligendis
496 1264 504 1277 ,
521 1251 554 1271 ne
569 1245 656 1271 dicam
679 1245 838 1279 eloquendis
849 1264 858 1278 ,
880 1245 954 1272 sulti-

165 1298 228 1317 eerc
244 1297 398 1325 possumus.
415 1290 527 1317 Multum
543 1297 608 1317 vero
621 1297 637 1316 a
653 1295 811 1318 sanctorum
831 1292 953 1318 virorum

166 1336 260 1363 habitu
276 1340 358 1371 atque
372 1337 487 1364 scientia
505 1336 654 1370 distamus;
672 1338 736 1371 quin
750 1345 784 1364 eo
798 1345 854 1372 pra:
871 1337 953 1364 nimia

167 1383 297 1417 religione
310 1383 419 1410 adducti
436 1391 540 1416 sumus,
556 1389 584 1410 ut
598 1385 631 1410 de
646 1384 747 1411 divinis
762 1384 828 1411 nihil
842 1385 955 1411 omnino

167 1429 262 1456 amlire
277 1429 320 1456 vel
333 1429 407 1464 loqui
423 1426 598 1462 auderemus,
614 1437 667 1457 non
686 1435 790 1457 tantum
804 1431 837 1458 de
849 1430 882 1458 iis
895 1438 955 1465 quae

1002 777 1108 813 σμένα,
1128 779 1169 805 ὅτι
1183 780 1252 806 εἰσὶν
1278 780 1384 816 ἄρρητα
1408 782 1455 808 καὶ
1482 783 1619 817 μυστικά·
1640 783 1656 818 ἦ
1682 783 1722 810 ὅτι
1748 783 1792 810 σοὶ

1000 823 1168 859 ἐγνωσμένα,
1187 824 1225 857 ὡς
1244 825 1301 852 ὄντι
1315 826 1385 862 ὑπὲρ
1406 827 1470 859 τοὺς
1490 827 1620 860 πολλοὺς,
1643 829 1689 855 καὶ
1706 828 1789 864 θείῳ⁴

999 869 1078 896 τοῦτο
1093 870 1160 906 πρὸς
1172 871 1203 897 τὸ
1215 871 1301 906 παρὸν
1313 872 1429 908 λέγομεν
1438 882 1444 888 ·
1461 873 1530 905 πῶς,
1544 874 1589 900 ὅτε
1608 876 1664 907 τοῖς
1683 874 1791 906 πολλοῖς

1000 915 1095 950 ἢθελεν
1114 917 1258 952 ὁμιλῆσαι,
1281 919 1328 945 καὶ
1349 919 1428 951 ὅσους
1443 917 1478 955 ἦν
1492 919 1604 947 δυνατὸν
1620 919 1732 956 μετάξαι
1751 922 1794 952 εἰς

1001 962 1164 995 θεοσέϐειαν,
1183 964 1310 999 ὑπερεῖχε
1325 965 1388 996 τοὺς
1412 965 1525 998 πολλοὺς
1547 966 1601 993 τῶν
1619 966 1698 1002 ἱερῶν
1716 967 1792 993 διδα-

1003 1008 1109 1034 σκάλων
1124 1009 1193 1036 κατά
1214 1009 1327 1041 πολλοὺς
1348 1011 1476 1046 τρόπους,
1497 1009 1538 1044 οἷς
1561 1012 1594 1039 ἂν
1609 1012 1765 1047 σεμνύνοιτο
1779 1013 1794 1039 ὁ

1003 1054 1073 1086 θεῖος
1087 1055 1265 1089 διδάσκαλος,
1288 1056 1358 1083 ὥστε
1378 1057 1427 1084 οὐκ
1450 1059 1481 1085 ἄν
1503 1066 1567 1085 ποτε
1586 1058 1656 1095 πρὸς
1674 1060 1794 1087 τοιοῦτον

1002 1100 1077 1135 ἥλιον
1097 1101 1231 1128 ἀντωπεῖν
1255 1103 1481 1139 ἐνεχειρήσαμεν
1504 1104 1623 1140 δηλονότι
1643 1105 1677 1132 τὰ
1699 1106 1796 1142 ἐκείνῳ

1004 1145 1196 1182 συντεθειμένα
1208 1147 1298 1182 λέγει,
1317 1146 1408 1180 καθὼς
1427 1150 1529 1181 ἐκεῖνος
1547 1147 1624 1181 εἷπε,
1650 1151 1795 1186 προστιθέ-

1006 1200 1081 1227 μενοι
1100 1201 1106 1207 ·
1122 1193 1217 1228 Ἡμεῖς
1240 1193 1294 1228 γὰρ
1306 1194 1375 1221 κατὰ
1386 1194 1432 1220 τό·
1447 1194 1541 1222 Γνῶθι
1553 1196 1677 1228 σαυτόν,
1691 1197 1796 1223 ἑαυτῶν

1004 1239 1197 1275 αἰσθανόμεθα,
1213 1239 1250 1272 ὡς
1263 1239 1325 1267 οὔτε
1340 1240 1433 1277 νοῆσαι
1446 1241 1546 1273 ἱκανῶς
1567 1242 1601 1268 τὰ
1623 1241 1681 1269 θεῖα
1693 1243 1797 1278 χωροῦ-

1007 1294 1066 1321 μεν,
1081 1285 1142 1312 οὔτε
1159 1287 1254 1313 εἰπεῖν.
1269 1286 1366 1323 Πόρρω
1378 1286 1406 1314 δέ
1420 1289 1503 1323 ἐσμεν
1515 1288 1565 1324 τῆς
1579 1288 1662 1321 ἕξεως
1676 1290 1723 1316 καὶ
1736 1291 1798 1316 ἐπι-

1006 1333 1112 1368 στήμης
1127 1333 1181 1359 τῶν
1196 1333 1276 1369 ἱερῶν
1289 1333 1393 1369 ἀνδρῶν
1405 1343 1410 1348 ·
1427 1334 1526 1370 πολλὴν
1539 1334 1593 1371 γὰρ
1607 1335 1640 1362 ἂν
1654 1335 1797 1363 εὐλάϐειαν

1005 1379 1115 1415 εἴχομεν
1134 1380 1181 1406 ’καὶ
1202 1381 1242 1411 είς
1261 1379 1291 1406 τὸ
1313 1379 1434 1416 μηδόλως
1453 1379 1562 1406 ἀκούειν
1584 1380 1600 1416 ἢ
1623 1380 1712 1415 λέγειν
1732 1381 1797 1417 περὶ

1005 1425 1059 1451 τῶν
1081 1425 1159 1452 θείων
1171 1446 1178 1457 ,
1198 1425 1234 1461 μὴ
1247 1426 1287 1452 ὅτι
1307 1433 1338 1460 γε
1358 1426 1405 1452 ἐπὶ
1423 1426 1479 1457 τοῖς
1499 1425 1705 1461 ἀγνοουμένοις,
1729 1426 1798 1453 ἀλλὰ

168 1475 324 1510 ignoramus
335 1495 343 1509 ,
369 1484 464 1503 verum
479 1476 561 1504 etiam
580 1477 612 1504 de
631 1477 664 1504 iis
678 1485 738 1508 quae
753 1482 849 1505 exacte
865 1477 955 1505 nosci—

1009 1471 1054 1498 καὶ
1067 1471 1114 1498 ἐπὶ
1127 1473 1182 1503 τοῖς
1194 1471 1314 1507 ἀκριϐῶς
1328 1473 1539 1508 γινωσκομένοις
1552 1473 1627 1508 ἡμῖν,
1641 1474 1665 1499 ει
1679 1472 1716 1508 μὴ
1729 1472 1799 1498 κατὰ

169 1529 240 1554 unus,
254 1521 305 1548 nisi
321 1521 400 1549 nobis
415 1529 574 1555 perSuasum
586 1527 669 1556 esset,
684 1523 756 1550 haud
768 1530 873 1557 aequum
884 1530 953 1555 esse,

169 1574 261 1593 rerum
277 1567 430 1594 divinarum
446 1575 528 1602 quam
544 1568 655 1603 quilibel
677 1576 739 1596 cum
757 1570 847 1596 divina
868 1569 955 1604 gratia

168 1614 276 1647 assequi
290 1618 388 1648 potest,
404 1614 546 1641 scientiam
561 1615 718 1650 negligere;
733 1617 771 1642 uti
783 1615 955 1648 manifestum

169 1660 246 1686 liter
265 1666 299 1687 eo
322 1660 369 1695 qui
388 1660 520 1688 talentum
545 1669 598 1688 non
627 1661 803 1696 expenderat.
828 1661 899 1694 Quin
928 1661 956 1688 id

170 1705 259 1738 ipsum
274 1705 352 1733 nobis
371 1713 479 1740 quoque
498 1707 675 1739 persuadent,
694 1707 838 1741 pulchrum
860 1714 957 1741 nempe

170 1759 232 1778 esse
246 1759 308 1778 cum
324 1751 384 1779 aliis
398 1752 540 1779 scientiam
564 1761 640 1780 suam
665 1754 867 1781 communicare
879 1773 886 1786 ,
907 1761 957 1780 na-

171 1801 270 1828 turalia
285 1801 439 1827 divinorum
456 1801 614 1835 angelorum
630 1801 766 1828 desideria
781 1821 789 1833 ,
813 1802 877 1829 dum
893 1809 958 1828 con-

174 1847 326 1874 venientem
346 1855 452 1881 semper
468 1848 585 1874 divinam
608 1847 866 1882 contemplationem
889 1848 960 1875 desi-

173 1894 284 1925 derant;
311 1900 362 1920 nec
387 1900 440 1919 non
466 1893 548 1919 etiam
574 1893 727 1919 divinarum
757 1892 957 1927 Scripturarum

173 1939 309 1966 ordinatio
320 1959 329 1972 ,
345 1939 408 1965 dum
425 1939 551 1972 prohibet
565 1939 672 1973 quidem
690 1946 721 1965 ea
737 1947 796 1973 qua:
811 1946 892 1973 supra
910 1947 959 1966 nos

173 1991 237 2012 sunt
252 1985 389 2012 curiosius
414 1985 564 2019 inquirere,
592 1985 671 2012 sicuti
696 1985 835 2020 Sapientia
863 1985 960 2012 Sirach

174 2031 270 2058 suadet
283 2041 288 2059 :
308 2031 410 2057 Alliam
424 2036 448 2057 te
463 2039 494 2057 ne
509 2030 654 2065 quwsicris,
668 2035 692 2057 et
703 2030 877 2064 profundiore
893 2035 916 2057 Ie
929 2039 961 2056 ne

174 2078 298 2105 πταίει-ιε
319 2077 337 2105 ¹.
367 2077 448 2112 350
478 2077 604 2112 Praecipit
636 2085 700 2104 vero
719 2096 727 2109 ,
764 2082 793 2103 ut
825 2077 961 2104 discamus

175 2134 205 2151 ea
224 2131 284 2158 qua:
297 2131 457 2157 possumus,
481 2126 510 2149 ut
532 2122 640 2149 divinus
662 2122 738 2156 jubet
751 2122 906 2156 Apostolus,
922 2122 963 2148 di-

176 2178 259 2196 cens:
278 2168 310 2194 Et
325 2177 382 2203 qua:
397 2168 495 2194 audisti
508 2177 524 2194 ιι
539 2176 589 2200 me,
604 2168 659 2194 Iura
675 2168 827 2194 commenda
840 2167 962 2201 ﬁdelibus

176 2215 324 2241 hominibus
340 2220 370 2241 ιιι.
405 2214 559 2241 Istiusmodi
590 2213 699 2241 monitis
728 2221 830 2241 morem
864 2221 962 2247 geren-

178 2267 217 2288 tes
235 2281 243 2293 ,
282 2261 372 2295 quoad
400 2260 560 2294 possibilem
588 2259 742 2286 divinorum
773 2259 961 2287 inventionem

177 2308 299 2335 animum
323 2314 375 2333 non
390 2307 588 2341 despondentes
601 2325 609 2338 ,
628 2305 675 2332 sed
689 2312 717 2332 et
731 2305 792 2332 illos
804 2305 849 2340 qui
866 2309 959 2332 nostro

178 2353 289 2380 modulo
316 2360 349 2379 ac
372 2351 501 2378 facultate
525 2351 682 2378 sublimiora
707 2358 806 2385 capere
831 2353 963 2384 possunt,

179 2400 280 2427 auxilio
291 2399 399 2426 destitui
413 2406 464 2426 non
478 2397 606 2431 ferentes,
618 2405 678 2424 cum
690 2397 772 2432 aliqui
785 2405 817 2424 ex
830 2398 879 2424 hac
891 2395 966 2422 humi

180 2449 305 2481 reptante
318 2444 440 2471 doctrina
457 2448 562 2475 nostra,
575 2443 665 2470 studio
675 2450 706 2470 ac
718 2443 892 2470 tnedilatione
906 2449 965 2473 sua,

180 2496 291 2526 possent
303 2491 335 2518 ad
346 2490 532 2518 sublimiorem
545 2489 662 2523 aliquam
674 2489 796 2515 notitiam
808 2489 967 2520 ascendere,

180 2545 229 2565 nos
239 2538 312 2572 ipsos
323 2544 373 2571 ope
383 2537 473 2563 divina
484 2534 672 2566 excitavimus,
683 2540 709 2562 et
723 2535 843 2561 animum
855 2535 888 2561 ad
902 2534 970 2561 scri-

182 2584 299 2611 bendum
312 2582 466 2617 appulimus
476 2602 483 2614 ,
497 2581 563 2607 nihil
577 2580 685 2615 quidem
705 2580 766 2607 novi
783 2588 814 2607 ac
831 2580 969 2615 peregrini

182 2630 280 2657 aﬂ‘erre
295 2633 323 2656 et
334 2628 472 2662 explicare
487 2631 692 2662 praesumentes,
710 2626 758 2654 sed
777 2625 969 2653 minutioribus

182 2675 315 2702 duntaxat
335 2674 531 2708 quaestionibus
546 2681 588 2705 ea,
603 2681 662 2708 qua:
677 2673 829 2700 summatim
843 2680 858 2699 a
874 2677 970 2699 sancto

182 2721 331 2755 divinoque
347 2721 404 2747 viro
418 2719 455 2756 (id
472 2726 512 2747 est
525 2721 609 2751 enim,
624 2728 639 2746 a
651 2727 709 2746 vere
726 2716 882 2753 llieratheo)
897 2719 968 2746 dicta

183 2773 247 2795 sunt
265 2771 431 2802 exponentes
445 2788 452 2798 ,
474 2771 500 2794 et
517 2767 639 2801 pluribus
653 2766 731 2800 plana
745 2765 887 2794 facientes.

224 2845 234 2865 ι
249 2845 332 2873 Ecdi,
350 2853 390 2878 ιιι,
405 2845 449 2873 2‘2.
489 2851 507 2864 ηε
520 2844 540 2872 ll
553 2844 622 2872 'l‘im.
642 2852 672 2877 ιι,
687 2845 714 2872 9..

1008 1517 1070 1544 νοῦν
1084 1517 1192 1552 εἴχομεν
1204 1538 1210 1549 ,
1224 1518 1265 1544 ὅτι
1277 1518 1307 1543 οὐ
1322 1517 1424 1544 δίκαιόν
1443 1519 1516 1544 ἐστιν
1538 1517 1648 1553 ἀμελεῖν
1663 1517 1714 1552 τῆς
1727 1517 1799 1543 ἐνδε-

1008 1563 1126 1599 χομένης
1134 1563 1188 1590 τῶν
1202 1563 1280 1590 θείων
1296 1562 1432 1597 γνώσεως,
1446 1560 1480 1599 ἧς
1494 1563 1608 1594 ἕκαστος
1624 1563 1754 1598 μετέσχεν
1767 1563 1800 1588 ὲκ

1007 1608 1057 1644 τῆς
1070 1608 1144 1639 θείας
1158 1608 1266 1644 χάριτος
1275 1617 1281 1623 ·
1296 1608 1342 1634 καὶ
1354 1608 1431 1643 δῆλον
1443 1609 1475 1635 ἐκ
1488 1608 1535 1635 τοῦ
1556 1608 1593 1644 μὴ
1613 1607 1800 1644 ὲπεξεργασα·

1011 1655 1091 1691 μένου
1104 1655 1134 1682 τὸ
1144 1655 1282 1682 τάλαντον.
1298 1657 1352 1682 Καὶ
1365 1657 1404 1688 είς
1425 1655 1504 1682 τοῦτο
1522 1657 1595 1692 ἡμᾶς
1616 1656 1726 1682 ἔπεισαν
1736 1675 1743 1687 ,
1758 1656 1801 1682 ὁτι

1009 1701 1091 1728 καλόν
1104 1702 1162 1727 ἐστι
1175 1701 1274 1737 δηλαδὴ
1286 1701 1317 1728 τὸ
1331 1701 1498 1737 μεταδιδόναι
1512 1703 1559 1728 καὶ
1572 1701 1677 1736 ἑτέροις
1692 1701 1741 1737 τῆς
1754 1703 1800 1728 ὲνέ

1008 1746 1155 1782 δεχομένης
1175 1746 1302 1780 γνώσεως
1315 1767 1321 1779 ,
1343 1748 1369 1773 αἱ
1389 1747 1501 1781 φυσικαὶ
1520 1747 1627 1782 ἐφέσεις
1647 1747 1699 1773 τῶν
1721 1746 1802 1774 θείων

1010 1794 1134 1828 ἀγγέλων
1147 1793 1280 1828 ὲφετιγλῖις
1302 1794 1345 1820 ἀεὶ
1365 1793 1520 1829 γλιχόμεναι
1540 1793 1589 1828 τῆς
1608 1793 1802 1829 προσηκούσης

1011 1842 1087 1874 θείας
1104 1842 1219 1878 θεωρίας
1232 1850 1238 1856 ⁸
1261 1842 1307 1868 καὶ
1331 1842 1399 1877 αὐτὴ
1418 1841 1450 1877 δὴ
1471 1843 1487 1878 ἡ
1508 1841 1562 1868 τῶν
1585 1841 1664 1868 θείων
1685 1841 1802 1877 Γραφῶν

1010 1887 1140 1920 διάταξις,
1157 1887 1346 1923 ἀποτρέπουσα
1362 1887 1409 1923 μὲν
1422 1887 1657 1923 πολυπραγμονεῖν
1677 1888 1712 1913 τὰ
1731 1887 1803 1923 ὑπὲρ

1011 1934 1094 1968 ἡμᾶς,
1108 1933 1146 1964 ὡς
1163 1931 1275 1968 ὴΣοφία
1288 1931 1335 1958 τοῦ
1350 1932 1450 1967 Σειρὰχ
1464 1931 1632 1966 παραινοῦσα
1644 1940 1650 1946 “
1672 1932 1804 1966 ’Υψηλό-

1011 1978 1080 2012 τερά
1087 1986 1144 2005 σου
1156 1977 1198 2013 μὴ
1216 1977 1302 2010 ζήτει,
1318 1978 1365 2004 καὶ
1380 1977 1531 2011 ,ϐαθύτερά
1545 1986 1603 2004 σου
1614 1977 1656 2012 μὴ
1672 1978 1780 2011 ἐρεύνα
1795 1986 1800 1993 ν

1012 2023 1201 2059 προτρέπουσα
1223 2023 1251 2050 δὲ
1274 2024 1313 2055 εις
1341 2023 1375 2050 τὰ
1396 2023 1465 2049 κατὰ
1486 2022 1616 2058 δύναμιν,
1638 2023 1675 2054 ὡς
1697 2024 1711 2049 ὁ
1733 2022 1805 2054 θεῖος

1019 2070 1178 2102 Ἀπόπολος
1201 2069 1438 2105 διακελευόμενος·
1466 2069 1520 2096 Καὶ
1542 2069 1560 2095 ἆ
1581 2069 1715 2103 ἤκουσας
1735 2071 1804 2102 :rap‘

1013 2117 1103 2151 ἐμοῦ,
1128 2117 1219 2143 ταῦτα
1240 2116 1373 2150 παράθου
1397 2115 1514 2148 πιστοῖς
1537 2115 1710 2150 ἀνθρώποις.
1737 2116 1807 2148 Ταῖς

1015 2163 1152 2194 τοιαύταις
1166 2162 1319 2197 πειθόμενοι
1334 2162 1516 2197 παραινέσεσι,
1539 2162 1606 2197 πρὸς
1621 2161 1670 2197 τὴν
1691 2162 1806 2197 ἐφικτὴν

1016 2209 1070 2236 τῶν
1092 2208 1170 2235 θείων
1192 2207 1299 2243 εὕρεσιν
1325 2207 1360 2242 μὴ
1389 2207 1643 2239 ἀποδειλιάσαντες,
1668 2206 1735 2233 ἀλλὰ
1758 2208 1806 2234 καὶ

1017 2254 1080 2285 τοὺς
1095 2253 1134 2279 ἔτι
1151 2253 1314 2289 δυναμένους
1329 2254 1368 2284 είς
1384 2253 1416 2278 τὰ
1432 2253 1572 2287 κρείττονα
1590 2252 1637 2278 καὶ
1653 2251 1807 2288 ὑψηλότερα

1018 2301 1067 2336 τῆς
1081 2301 1216 2336 ἡμετέρας
1228 2299 1309 2332 ἕξεως
1323 2300 1369 2325 καὶ
1381 2299 1520 2334 δυνάμεως
1534 2299 1708 2334 ἀναδραμεῖν,
1724 2298 1808 2334 ἀϐοη-

1019 2347 1115 2383 θήτους
1130 2347 1159 2373 οὐ
1175 2346 1302 2382 φέροντες
1323 2345 1479 2371 καταλιπεῖν
1494 2344 1531 2375 ὡς
1545 2343 1625 2379 τυχὸν
1635 2364 1642 2375 ,
1658 2344 1690 2370 ἐκ
1702 2343 1807 2379 ταύτης

1019 2395 1051 2431 δὴ
1073 2394 1123 2429 τῆς
1136 2394 1272 2429 ἡμετέρας
1287 2391 1443 2428 χαμερποῦς
1464 2391 1636 2422 διδασκαλίας
1657 2389 1808 2425 ἀναχθήσε-

1021 2441 1083 2468 σθαι
1098 2440 1246 2476 μελλόντων
1261 2438 1341 2465 τινῶν
1353 2439 1392 2470 εἰς
1405 2437 1572 2472 ὑψηλοτέραν
1585 2436 1696 2470 γνῶσιν,
1707 2436 1808 2472 μελέτῃ

1021 2497 1050 2514 τε
1064 2488 1110 2514 καί
1125 2486 1237 2521 σπουδῇ,
1251 2486 1298 2512 καὶ
1311 2487 1344 2521 τῇ
1358 2484 1418 2520 θεία
1430 2485 1565 2519 συνάρσει,
1582 2483 1741 2518 καθήκαμεν
1758 2483 1810 2510 καὶ

1022 2534 1182 2568 ἐνεϐάλομεν
1196 2532 1307 2564 ἑαυτοὺς
1320 2533 1359 2562 εἰς
1375 2530 1424 2566 τὴν
1447 2531 1607 2566 ἐγγραφὴν,
1627 2529 1686 2555 νέον
1705 2529 1753 2564 μέν
1767 2537 1809 2555 τοι

1022 2581 1068 2606 καὶ
1091 2578 1164 2611 ξένον
1185 2579 1215 2604 οὐ
1235 2577 1386 2612 τολμῶντες
1406 2576 1574 2612 εἰσηγεῖσθαι
1597 2576 1644 2602 καὶ
1653 2575 1789 2602 διδάσκειν
1801 2595 1809 2606 ,

1020 2625 1195 2661 λεπτοτέραις
1215 2625 1244 2651 δὲ
1268 2623 1405 2656 ἑξετάσεσι
1426 2622 1460 2649 τὰ
1483 2621 1650 2653 συνοπτικῶς
1675 2620 1810 2656 εἰρημένα

1020 2672 1059 2707 τῷ
1071 2672 1135 2707 ἱερῷ
1147 2672 1193 2698 καὶ
1209 2671 1272 2705 θείῳ
1283 2670 1359 2705 ἀνδρὶ
1370 2669 1458 2705 (τοῦτο
1470 2670 1523 2705 γάρ
1537 2671 1594 2695 ἐστι
1607 2668 1647 2699 τὸ,
1661 2667 1701 2700 τῷ
1715 2668 1811 2700 ὄντως

1027 2718 1174 2754 ἰεροθέ(ι›)
1197 2716 1424 2748 ἀναπτύσσοντες,
1444 2716 1490 2742 καὶ
1506 2715 1572 2751 δῆλα
1596 2714 1735 2745 ποιοῦντες
1752 2714 1811 2745 τοῖς

1023 2765 1152 2792 πλείοσιν.
