1938 3065
117 171 173 200 693

649 169 692 195 DIE
722 167 846 195 DIVINIS
866 167 1062 197 NOMINIBUS.
1083 166 1158 194 CAP.
1174 166 1216 194 IV.
1696 164 1747 191 69-1

128 246 1546 258 _______._.__—___—__—_—.—__

1557 244 1745 253 -.η-ἀ

1195 325 1387 368 CAPUT
1431 325 1514 370 IV.

964 395 1001 422 De
1015 396 1097 426 bono,
1114 395 1187 427 luce,
1212 394 1322 429 pulchro
1333 415 1341 427 ,
1365 402 1455 421 amore
1466 414 1474 426 ,
1495 395 1593 421 exstasi
1605 414 1614 427 ,
1636 394 1714 427 zelo;
1730 399 1752 420 et

999 431 1070 464 quod
1083 431 1182 492 naulum
1195 438 1277 465 neque
1288 437 1334 457 ens
1347 430 1393 461 sit,
1407 437 1487 464 neque
1501 438 1534 456 επ
1542 430 1655 462 cutibus,
1669 438 1753 465 neque

999 467 1028 492 in
1043 466 1096 492 enti
1115 474 1154 492 us.

999 467 1028 492 in
1043 466 1154 493 antibus.

768 544 936 573 SYNOPSIS
952 544 1097 574 CAPITIS.

123 612 144 640 I.
160 612 253 648 Docet.
268 613 409 640 bonitatem
420 621 476 640 esse
491 621 604 647 primum
619 613 667 642 Dei
688 615 855 648 attributum,
878 619 903 642 et
924 615 1013 642 divina
1034 615 1148 642 bonitate
1174 620 1269 642 cuncta
1290 615 1442 642 consistere.
1468 614 1497 642 II.
1516 615 1538 641 A
1559 615 1676 642 bonitate
1698 624 1755 643 esse

162 647 316 685 angelorum
331 649 436 685 ordines
450 657 481 675 ac
497 649 664 682 functiones;
682 650 745 676 item
761 650 864 677 animus
878 658 1020 685 earumque
1039 650 1200 684 facultates;
1222 651 1346 677 similiter
1361 659 1403 678 res
1424 651 1556 677 animatas
1576 656 1600 677 et
1622 651 1756 678 inanima-

162 688 215 710 tas.
231 683 274 709 Ill.
291 683 442 710 Bonitatent
454 691 510 711 esse
524 692 602 716 super
613 685 713 717 omnia,
733 691 810 719 atque
823 684 870 711 illa
883 685 940 718 ipsa
952 683 1012 719 quae
1024 683 1075 712 non
1088 691 1149 712 sunt
1162 692 1254 712 vocare
1266 690 1294 713 ut
1312 686 1376 713 sint.
1391 686 1434 713 IV.
1451 685 1601 712 Bonitatem
1618 685 1685 712 hanc
1698 695 1755 713 esse

163 726 272 744 causan:
285 719 419 755 quodsint
432 719 501 752 cceli,
513 725 590 755 atque
603 719 710 746 illorum
726 725 811 747 motus
822 727 830 748 :
843 719 932 747 Solem
946 725 1032 747 autem
1046 729 1101 747 esse
1121 721 1262 755 imaginem
1275 722 1372 748 dit-intr-
1385 721 1521 752 bonitatis,
1536 726 1560 747 et
1572 721 1607 746 ad
1620 729 1647 747 se
1661 728 1756 748 cuneta

163 758 323 790 conuertere.
395 753 551 790 DocaLcur
564 754 634 781 Deus
649 754 738 781 lumen
754 755 908 789 appelletur.
922 755 966 784 VI.
985 755 1069 782 L‘eum
1082 763 1137 782 esse
1151 753 1238 782 lumen
1256 755 1418 787 iutellectile,
1431 760 1454 782 et
1468 760 1567 790 quanta
1586 756 1618 782 sit
1634 755 1691 790 ejus
1710 765 1756 783 ea:-

162 788 287 825 cellentia
302 792 327 815 et
341 789 390 815 vis.
406 788 461 825 VII.
478 788 584 822 Tradit,
599 790 729 824 quomodo
745 790 814 817 Deus
831 790 939 816 dicatur
949 791 1058 824 pulcher
1074 796 1098 817 et
1113 790 1292 823 pulchritudo,
1307 795 1331 817 et
1342 792 1413 818 unde
1429 799 1458 817 ac
1470 788 1522 824 qua
1540 788 1692 817 ratione'sii:
1709 800 1756 825 np-

163 823 294 861 pelletur;
308 828 332 850 et
347 824 478 861 quomodo
493 823 618 861 anticipet
633 832 720 861 rerum
734 826 852 861 omnium
865 825 1132 861 pulchritudinemﬁut
1146 833 1237 861 causa.
1249 831 1272 852 et
1284 834 1315 852 ex
1326 826 1374 852 Itac
1387 826 1446 860 ejus
1457 823 1654 861 pulchritudine
1668 823 1757 852 omnes

163 859 292 886 exsistant
300 859 557 894 congruetttite.VIII.
569 859 684 894 Spiritus
694 860 805 887 caelestes
814 860 912 894 triplici
922 865 993 887 motu
1003 861 1077 888 cieri.
1086 860 1131 887 IX.
1142 859 1241 887 Iisdem
1251 861 1364 887 motibus
1373 859 1420 893 pro
1433 859 1510 894 captu
1519 869 1566 887 suo
1576 859 1680 887 nostros
1693 862 1754 887 niti-

164 902 222 921 mos
235 894 341 921 moueri.
357 894 390 921 X.
406 893 503 921 Omnia
512 903 562 930 per
572 895 712 929 pulchrum
727 899 750 922 et
767 895 861 922 bonum
871 896 1030 929 conseruari,
1043 896 1182 930 omniaque
1194 896 1332 929 pulchrum
1346 901 1370 922 et
1385 893 1481 922 bonum
1494 899 1625 930 appetere.
1639 895 1682 922 XI.
1701 895 1757 922 No-

167 937 226 956 men
243 931 341 966 amoris
358 930 436 956 etiam
456 930 484 956 in
499 929 644 966 Scripturis
660 931 795 964 usurpari,
809 935 834 957 et
849 935 964 956 nontam
981 932 1118 958 verborum
1134 929 1212 966 quam
1227 931 1449 966 signiﬁcationum
1465 932 1598 957 rationem
1610 931 1757 957 habendam

166 973 233 991 esse.
246 964 303 990 XII.
321 965 474 1000 Scripturas
481 964 632 1000 aliquando
649 973 743 991 nomen
760 967 858 992 amoris
873 966 973 992 nontini
987 964 1292 1000 dilectionis'antefer’re.
1304 971 1328 992 et
1343 966 1434 1000 vulgus
1454 974 1548 993 nomen
1558 966 1663 992 amoris
1681 967 1759 999 spiri-

168 1000 230 1026 talis
245 1007 296 1026 non
310 1008 413 1033 capere.
428 998 500 1026 XIII.
516 998 638 1027 Amorem
655 1003 811 1027 exstaticunt
828 1008 883 1027 esse
898 1006 922 1026 et
941 1000 1060 1027 zelotem.
1081 1000 1150 1029 XIV.
1168 998 1305 1033 Quomodo
1324 998 1395 1027 Deus
1412 1001 1446 1027 sit
1464 1009 1538 1027 amor
1555 1005 1579 1027 et
1597 998 1715 1033 dilectio,
1733 1004 1761 1027 et

168 1035 292 1061 amabilis
308 1040 332 1061 et
351 1035 462 1070 dilectus
478 1042 487 1060 :
503 1040 526 1061 et
541 1035 628 1069 qualis
644 1036 678 1062 sit
692 1035 773 1062 divini
791 1036 1036 1070 amorisrcirculus.
1048 1035 1106 1063 XV.
1122 1036 1165 1063 Ea:
1180 1035 1324 1063 ﬂierotltro
1341 1037 1426 1068 docet,
1441 1036 1571 1070 quomodo
1587 1036 1672 1062 omnis
1685 1044 1760 1063 amor

168 1070 203 1107 sit
218 1070 343 1107 unitirus.
445 1069 710 1107 Distribuit_ordines
730 1072 840 1107 amoris.
858 1069 937 1097 XVII.
959 1070 1092 1105 Ostendit,
1109 1073 1239 1107 quomodo
1256 1071 1360 1107 divinus
1377 1069 1453 1097 amor
1465 1079 1498 1098 ea;
1517 1070 1582 1107 Deo,
1602 1079 1647 1107 per
1662 1071 1759 1107 Deum,

169 1105 198 1132 in
213 1105 460 1141 Deum_repolvjtur.
472 1104 564 1132 XVIII.
583 1104 691 1138 Objicit,
706 1113 753 1131 cur
763 1106 894 1132 dwmones
908 1114 960 1133 non
971 1111 1092 1140 expetant
1104 1104 1244 1141 pulchrum
1256 1111 1279 1132 et
1292 1106 1398 1137 bonum.
1411 1111 1435 1132 et
1447 1107 1510 1140 petit
1523 1106 1586 1141 quid
1600 1106 1635 1132 sit
1649 1105 1759 1138 malum,

168 1146 192 1167 et
208 1144 285 1176 unde.
293 1139 370 1176 XIX.
381 1140 542 1174 Respondet,
555 1140 653 1167 malum
666 1149 717 1167 non
730 1149 784 1168 esse
795 1149 828 1167 ea;
841 1141 918 1173 bono,
933 1147 956 1167 et
965 1139 1092 1176 quidquid
1104 1139 1143 1168 est
1159 1142 1254 1167 bonum
1267 1149 1331 1172 esse,
1341 1139 1463 1168 virtutem
1478 1139 1564 1167 autem
1577 1141 1640 1167 vitio
1653 1147 1760 1167 eontra-

170 1177 248 1202 riari.
266 1175 325 1203 XX.
342 1175 445 1202 Malum
465 1183 518 1209 qua
531 1176 631 1202 malum
647 1177 681 1202 ad
697 1176 763 1202 nihil
774 1175 838 1202 utile
851 1184 906 1202 esse
920 1181 957 1206 ,‘et
973 1177 1100 1211 quidquid
1116 1177 1202 1203 existit
1216 1178 1358 1203 secundant
1372 1176 1434 1202 boui
1445 1176 1688 1210 participationem,
1705 1183 1761 1203 esse

169 1211 197 1237 id
211 1212 281 1246 quod
295 1212 397 1238 exsistit
408 1219 417 1243 ;
428 1215 453 1247 et
468 1211 530 1238 vitia
542 1218 597 1245 prae
610 1219 637 1238 se
650 1210 719 1247 ferre
728 1212 872 1247 quamdam
888 1211 947 1237 boni
958 1210 1067 1244 speciem
1080 1212 1160 1247 351
1184 1212 1231 1238 sub
1249 1219 1302 1246 qua
1316 1216 1493 1245 appetuntur;
1507 1215 1532 1247 et
1551 1211 1650 1237 titulum
1666 1219 1762 1247 parum

171 1245 224 1273 non
237 1247 371 1279 exsistere,
386 1246 431 1273 sed
444 1247 510 1273 bono
525 1246 645 1273 mistum.
660 1245 738 1272 XXI.
749 1245 851 1272 Malunt
866 1254 918 1272 non
932 1254 987 1273 esse
999 1247 1026 1273 in
1042 1245 1129 1278 rebus:
1140 1245 1167 1274 Et
1185 1247 1341 1273 dttalitatem
1354 1254 1405 1272 non
1419 1246 1581 1281 principiare
1592 1265 1598 1277 ,
1614 1247 1657 1272 sed
1671 1246 1762 1272 unita-

170 1287 222 1308 tem
235 1288 258 1308 ει
275 1282 370 1316 bonum
387 1289 441 1308 esse
453 1281 612 1316 paciﬁcum;
627 1281 726 1307 malum
737 1286 824 1307 autem
839 1289 885 1307 nec
899 1289 931 1308 ea;
944 1281 999 1308 Deo
1017 1290 1062 1309 nec
1074 1282 1101 1308 in
1115 1283 1168 1309 Deo
1181 1290 1247 1308 esse.
1263 1281 1345 1309 XXII.
1361 1281 1394 1308 In
1409 1281 1508 1315 angelis
1520 1288 1623 1316 quoque
1642 1289 1692 1307 non
1708 1289 1763 1306 esse

171 1317 281 1343 malum.
301 1315 395 1344 XXIII.
414 1316 484 1348 Quin
504 1315 550 1343 nec
568 1317 698 1343 dwmones
716 1321 819 1351 natura,
829 1324 878 1351 sua
893 1316 976 1343 malos
988 1325 1053 1349 esse,
1068 1318 1113 1344 sed
1132 1325 1177 1351 per
1188 1317 1318 1350 defectum
1334 1316 1512 1350 angelicorum
1537 1317 1685 1351 bonorum;
1702 1315 1762 1341 illos

172 1357 261 1378 autent
282 1360 334 1378 non
355 1352 502 1386 perdidisse
520 1353 586 1378 vires
606 1351 753 1387 naturales.
770 1350 871 1387 XXIV.
889 1351 941 1383 Αη,
955 1357 978 1378 et
1001 1353 1065 1387 quid
1078 1353 1105 1379 in
1126 1351 1222 1379 animis
1240 1353 1338 1378 malum
1360 1353 1405 1384 sit,
1422 1350 1640 1387 disseritLXXV:
1656 1350 1711 1387 [Vec-
1735 1351 1764 1376 in

173 1387 259 1413 brutis
275 1388 314 1414 ait
329 1385 434 1421 quidem
453 1387 553 1413 malum
572 1395 636 1414 esse.
650 1385 744 1414 XXVI.
763 1386 820 1413 Nec
833 1386 861 1413 in
879 1395 967 1414 rerum
982 1385 1090 1416 natura.
1106 1387 1213 1414 XXVII.
1236 1387 1293 1413 Nec
1308 1387 1334 1412 in
1350 1386 1515 1421 corporibus.
1531 1385 1650 1412 XXVIII.
1668 1385 1723 1412 Nec
1738 1387 1766 1412 in

173 1423 286 1449 materia
301 1420 400 1456 prium.
416 1421 513 1449 XXIX.
528 1421 581 1449 Sed
602 1429 647 1449 nec
659 1422 833 1456 privationem
847 1429 893 1455 per
906 1431 933 1449 se
944 1430 1000 1449 esse
1014 1423 1122 1450 malum.
1137 1421 1221 1449 XXX.
1238 1421 1367 1455 E.t'ponit,
1381 1422 1444 1456 quid
1460 1422 1495 1448 sit
1508 1421 1603 1448 bonum
1616 1426 1638 1447 et
1653 1420 1766 1450 titulum.

172 1463 198 1484 et
215 1460 293 1484 unde.
312 1456 409 1484 XXXI.
426 1457 562 1483 Bonorum
576 1465 685 1484 causam
704 1458 741 1483 ait
760 1465 815 1484 esse
826 1465 917 1491 unum,
930 1458 1058 1485 malorum
1070 1466 1130 1485 vero
1142 1458 1259 1490 utullus;
1279 1462 1303 1483 et
1319 1465 1351 1483 ea:
1363 1459 1429 1484 bono
1444 1463 1467 1483 et
1483 1461 1589 1491 propter
1605 1456 1699 1491 bonum
1711 1463 1767 1482 esse

174 1493 276 1519 omnia.
289 1492 398 1520 XXXII.
420 1492 523 1518 Malum
538 1498 641 1519 tantum
653 1500 710 1519 esse
719 1500 766 1526 per
780 1493 921 1526 accidens;
933 1498 956 1520 et
969 1492 1049 1519 simul
1061 1493 1153 1526 trudit,
1165 1493 1228 1528 quid
1240 1494 1274 1519 sit
1292 1495 1403 1524 malum,
1419 1497 1441 1518 et
1457 1492 1520 1526 quid
1537 1491 1628 1525 possit.
1643 1490 1766 1517 XXXIII.

173 1528 301 1560 Discutit,
313 1529 452 1563 quanton
464 1532 582 1554 exstante
592 1528 758 1562 providentia
775 1533 836 1555 sunt
853 1527 943 1563 aliqua
958 1528 1041 1560 mala,
1057 1533 1081 1555 et
1098 1529 1209 1555 ostendit
1221 1527 1413 1562 providentiam
1431 1532 1768 1563 rerum__n_atu_rasseruarc

174 1561 330 1590 inviolatus}
345 1561 466 1590 XXXIV.
481 1563 524 1589 Ait
541 1561 641 1589 malum
657 1571 709 1589 non
723 1571 779 1590 esse
800 1571 854 1590 rem
872 1561 1000 1598 aliquam,
1020 1571 1102 1598 neque
1117 1563 1271 1598 potentiam,
1290 1563 1335 1589 sed
1356 1562 1496 1596 defectum.
1519 1561 1630 1588 XXXV.
1651 1561 1768 1588 Inscitta:

175 1603 313 1633 peccatum
324 1599 402 1633 quale
417 1599 463 1631 sit,
474 1603 498 1625 et
514 1598 577 1633 quia
590 1599 617 1625 in
627 1603 736 1633 peccato
749 1606 825 1634 paena
836 1598 955 1633 digitum.

930 1668 988 1706 δι.

178 1742 241 1771 Εἶεν
252 1744 284 1780 δὴ
294 1741 350 1776 οὖν,
370 1742 412 1770 ἐπ’
433 1743 517 1778 αὐτὴν
539 1741 589 1778 ἢδη
608 1741 646 1777 τῷ
665 1741 737 1777 λόγῳ
751 1741 799 1777 τὴν
821 1741 932 1776 ἀγαοω-
949 1748 969 1775 Β
984 1729 987 1733 ﬂ

307 320 631 368 ΚΕΦΑΛΑΙΟΝ
659 320 712 366 Δ’.
925 321 948 350 Α

116 397 141 422 Π
147 395 191 430 api
209 395 330 430 ἀγαθοῦ,
350 394 457 430 φωτὸς,
474 394 579 426 καλοῦ,
595 393 906 430 ἐρωτοςνὲκστᾴιγεως,

171 428 247 463 ἧλοι)
257 439 263 445 ·
278 431 326 458 καὶ
341 428 384 457 ὅτι
396 429 429 457 τὸ
440 430 534 458 κακὸν
544 430 613 457 οὔτε
625 430 671 464 ὃν,
687 429 755 456 οὔτε
766 428 801 461 ἐξ
812 429 908 461 ὄντος,

158 466 228 493 οὔτε
243 465 278 493 ἐν
294 466 357 499 τοῖς
375 466 454 493 οὖσι.

1018 1743 1076 1777 Age
1091 1749 1166 1776 ergo.
1179 1740 1236 1776 jam
1254 1741 1288 1768 ad
1303 1740 1390 1776 ipsum
1408 1746 1507 1767 nomen
1526 1737 1589 1765 boni
1613 1736 1769 1772 progredia-

142 1791 243 1828 νυμίαν
266 1791 399 1827 χωρῶμεν
408 1790 481 1826 ⁸⁸,ἣν
507 1788 682 1826 ὲξῃρημένως
703 1789 726 1815 οἱ
755 1787 875 1822 θεολόγοι
898 1789 931 1823 τῇ

143 1837 269 1873 ὑπερϐἐῳ
288 1837 411 1872 θεότητι,
433 1835 479 1863 καὶ
498 1835 551 1862 ἀπὸ
572 1834 680 1862 πάντων
696 1833 870 1870 ἀφορίζουσιν
886 1834 934 1860 αὺ-

143 1884 212 1920 τὴν,
224 1884 261 1916 ὡς
279 1881 371 1920 οἶμαι,
395 1884 444 1919 τὴν
462 1882 609 1918 θεαρχικὴν
628 1881 744 1917 ὓπαρξιν
756 1901 763 1914 ,
779 1880 934 1916 ἀγαθότητα

144 1930 269 1965 λέγοντες
279 1939 285 1945 ·
306 1931 352 1957 καὶ
362 1931 402 1956 ὅτι
415 1929 454 1965 τῷ
467 1927 535 1955 εἶναι
546 1929 567 1945 ⁸³
583 1927 614 1954 τὸ
625 1927 726 1962 ἀγαθὸν
737 1946 745 1960 ,
756 1927 795 1958 ὡς
807 1925 934 1958 οὐσιῶδες

146 1981 258 2015 ἀγαθὸν⁷
272 1981 310 2012 εἰς
323 1980 411 2007 πάντα
423 1979 458 2006 τὰ
469 1979 532 2006 ὄντα
553 1977 679 2004 διατείνει
699 1977 748 2012 τὴν
768 1975 933 2012 ἀγαθότητα.

146 2027 203 2054 Καὶ
213 2027 267 2063 γὰρ
278 2027 372 2062 ὥσπερ
390 2027 404 2053 ὁ
418 2025 478 2053 καθ’
495 2025 567 2061 ἡμᾶς
581 2024 667 2059 ἣλιος,
682 2023 712 2049 οὑ
730 2021 903 2057 λογιζόμενος
918 2021 935 2056 ἢ

148 2077 380 2111 προαιρούμενος,
401 2073 459 2100 ἁλλ’
482 2071 556 2107 αὺτῷ
572 2071 610 2106 τῷ
626 2069 695 2098 εἶναι
715 2069 826 2105 φωτίζει
847 2069 937 2096 πάντα

147 2123 184 2149 τὰ
197 2122 317 2158 μετέχειν
330 2120 377 2147 τοῦ
390 2120 477 2155 φωτὸς
491 2118 572 2146 αὑτοῦ
587 2117 657 2144 κατὰ
677 2117 723 2143 τὸν
741 2117 840 2143 οἰκεῖον
858 2115 936 2142 δυνά-

151 2178 219 2206 μενα
242 2169 319 2203 λόγον
334 2176 340 2183 ·
369 2167 443 2194 οὕτω
462 2166 495 2201 δὴ
520 2166 568 2192 καὶ
588 2163 707 2199 τάγαθὸν
734 2163 814 2198 (ὑπὲρ
842 2162 936 2197 ἣλιον,

149 2217 268 2251 ὡςὺπὲρ
288 2214 411 2251 ἀμυδρὰν
432 2213 523 2240 εἰκόνα
543 2212 574 2239 τὺ
597 2210 805 2246 ὲξῃρημένως⁷⁰
823 2209 938 2245 ἀρχέτυ-

150 2271 202 2290 πον
223 2263 291 2298 αὐτῇ
312 2262 346 2297 τῇ
374 2258 506 2296 ὑπάρξει)
531 2259 598 2285 πᾶσι
621 2258 678 2289 τοῖς
701 2254 776 2283 οὖσιν
801 2255 939 2290 ἀναλόγως

150 2308 243 2344 ἐφίησι
254 2308 304 2340 τὰς
320 2307 370 2342 τῆς
389 2306 452 2342 ὅλης
476 2303 643 2340 ἁγαθότητος
662 2304 784 2333 ἀκτῖνας.
804 2301 854 2328 Διὰ
872 2300 939 2328 ταύρ

150 2364 200 2387 τας
210 2355 364 2389 ὑπέστησαν
374 2353 401 2379 αἱ
414 2352 508 2387 νοηταὶ
519 2351 566 2378 καὶ
577 2350 668 2386 νοεραὶ
680 2350 765 2377 πᾶσαι
779 2349 826 2375 καὶ
840 2348 938 2380 οὐσίαι,

151 2402 200 2428 καὶ
220 2401 350 2435 δυνάμεις
373 2400 420 2427 καὶ
439 2399 596 2434 ἐνέργειαι,
620 2396 663 2423 διὰ
686 2395 788 2427 ταύτας
813 2395 866 2422 εἰσὶ
893 2395 941 2420 καὶ

985 1799 1056 1824 mur,
1080 1791 1151 1826 quod
1172 1794 1297 1824 exempta
1320 1789 1354 1816 ab
1379 1787 1507 1821 omnibus
1529 1785 1663 1814 divinitati
1688 1791 1770 1817 supra

985 1837 1155 1866 divinitatem
1170 1836 1323 1863 attribuunt
1338 1834 1467 1868 theologi,
1484 1838 1628 1864 vocantes,
1648 1836 1677 1858 ut
1698 1831 1771 1857 arbi-

985 1887 1053 1916 tror,
1068 1883 1218 1914 bonitatem
1233 1883 1318 1917 ipsam
1336 1881 1486 1909 essentiam
1510 1879 1647 1909 divinam,
1672 1875 1772 1903 divini-

985 1930 1090 1957 tatis”
1105 1929 1257 1964 originem;
1273 1933 1300 1955 et
1315 1928 1379 1963 quia
1403 1927 1444 1954 sic
1467 1925 1587 1953 essentia
1613 1930 1660 1950 sua
1687 1922 1773 1948 bonus

986 1981 1029 2003 est
1040 1975 1122 2008 Deus,
1137 1979 1167 2001 ut
1180 1978 1310 2008 tanquam
1325 1971 1506 2000 substantiale
1525 1972 1625 1997 bonum
1637 1987 1648 1999 ,
1669 1966 1775 1994 bonita-

987 2026 1041 2048 tem
1057 2021 1084 2048 in
1102 2020 1193 2048 omnia
1218 2019 1351 2055 porrigat.
1376 2017 1609 2051 Quemadmodum
1634 2013 1708 2040 enim
1735 2011 1776 2038 sol

987 2068 1032 2095 ille
1048 2072 1141 2095 noster
1157 2074 1210 2094 non
1231 2067 1399 2101 cogitatione
1422 2068 1467 2091 aut
1493 2062 1632 2091 voluntate
1645 2080 1653 2093 ,
1678 2058 1724 2086 sed
1742 2065 1775 2084 eo

988 2114 1048 2150 ipso
1063 2114 1134 2149 quod
1150 2118 1202 2146 est,
1218 2112 1355 2140 illuminat
1370 2111 1496 2138 universa
1511 2116 1571 2143 qua:
1589 2113 1701 2142 quoquo
1718 2111 1776 2130 mo-

988 2162 1023 2189 do
1035 2161 1104 2188 lucis
1118 2160 1176 2194 ejus
1189 2165 1253 2187 sunt
1267 2158 1378 2193 capacia
1391 2168 1396 2184 :
1416 2157 1456 2184 sic
1470 2155 1553 2183 etiam
1569 2154 1657 2187 ipsum
1673 2153 1775 2178 bonum

989 2207 1073 2244 (quod
1086 2214 1141 2234 non
1154 2213 1234 2233 secus
1247 2209 1358 2239 praestat.
1379 2202 1431 2230 soli
1453 2209 1535 2236 quam
1560 2199 1692 2232 primaeva
1716 2203 1778 2231 Spe-

989 2255 1046 2282 cies
1062 2253 1174 2288 imagini
1188 2251 1322 2285 obscurat)
1340 2250 1458 2284 ipsamet
1475 2245 1629 2275 substantia
1644 2250 1694 2271 sua
1709 2262 1715 2274 ,
1736 2249 1780 2268 re—

990 2301 1041 2328 bus
1057 2299 1184 2327 onmibus
1196 2318 1204 2330 ,
1222 2305 1271 2333 pro
1285 2297 1419 2331 cujusque
1435 2299 1515 2327 captu
1529 2313 1536 2325 ,
1555 2292 1638 2319 totius
1651 2288 1781 2317 bonitatis

991 2354 1048 2374 sua:
1062 2346 1155 2373 radios
1171 2343 1293 2372 aﬂ'undil.
1316 2342 1363 2369 llis
1380 2341 1562 2368 constiterunt
1583 2343 1678 2364 omnes
1702 2333 1782 2361 intol-

991 2393 1095 2420 lectiles
1108 2400 1140 2419 ac
1154 2392 1338 2426 intelligenles
1360 2387 1520 2416 substantia:
1530 2405 1537 2417 ,
1556 2389 1584 2412 et
1598 2384 1715 2410 virtutes
1726 2399 1734 2413 ,
1757 2383 1783 2406 et

241 2427 362 2481 ἐχοίισιίι
377 2445 427 2481 τὴν
439 2427 614 2471 ἀνέλελειπτον
633 2443 680 2469 καὶ
701 2441 836 2477 ἀμείωτον
846 2460 854 2473 ,
869 2440 936 2467 ἁπά-

993 2433 1192 2476 οι)‹ει·ιιιίοηο5;Δ
1204 2440 1300 2466 horum
1318 2437 1420 2463 virtute
1433 2437 1506 2465 sunt,
1529 2432 1667 2464 vitamque
1684 2427 1784 2454 habent

153 2503 205 2530 σης
227 2493 339 2529 φθορᾶς,
360 2493 407 2520 καὶ
428 2491 541 2519 θανάτου
555 2512 562 2524 ,
584 2492 631 2518 καὶ
652 2490 717 2526 ὕλης
741 2489 788 2516 καὶ
808 2488 941 2522 γενέσεως

153 2540 372 2576 καθαρεύουσαι,
394 2538 441 2565 καὶ
461 2538 511 2573 τῆς
534 2538 649 2564 ἀστάτου
672 2537 720 2563 καὶ
741 2534 874 2571 ῥευστῆς,
897 2534 943 2560 καὶ

153 2587 250 2615 ἄλλοτε
273 2585 360 2617 ἄλλως
380 2583 532 2620 φερομένης
553 2582 720 2613 ἀλλοιώσεως
741 2579 942 2615 ὰνῳκισμέναι·

155 2633 203 2660 καὶ
227 2632 264 2663 ὡς
287 2629 428 2666 ἀσώματοι
448 2630 494 2656 καὶ
513 2627 588 2655 ἇῦλοι
611 2627 741 2658 νοοῦν-ται,
765 2626 811 2652 καὶ
829 2625 866 2657 ὡς
886 2625 945 2656 νόες

156 2678 350 2714 ὑπερκοσμίως
372 2676 481 2708 νοοῦσι,
507 2676 555 2702 καὶ
573 2675 635 2706 τοὺς
656 2674 710 2700 τῶν
731 2673 815 2700 ὄντων
838 2671 945 2703 οἰκείως

157 2725 340 2760 ὲλλάμπονται
354 2723 460 2758 λόγους,
482 2722 528 2749 καὶ
545 2719 622 2752 αὖθις
642 2721 681 2751 είς
700 2719 734 2746 τὰ
759 2719 892 2753 συγγενῆ,
912 2717 946 2744 τὰ

995 2474 1189 2522 setnpiternam
1205 2491 1232 2512 et
1247 2483 1459 2514 indeﬁcienlem,
1473 2480 1506 2506 ab
1522 2478 1595 2506 onmi
1608 2474 1784 2508 corruptione

997 2541 1030 2560 ac
1044 2538 1143 2565 morte,
1160 2536 1187 2559 et
1202 2531 1318 2558 materia
1343 2528 1575 2565 generationeque
1597 2523 1689 2550 libera:
1701 2540 1709 2553 ,
1736 2528 1797 2569 nec,

998 2587 1051 2606 non
1062 2580 1096 2606 ab
1111 2578 1231 2605 instabili
1248 2576 1375 2610 ﬂuxaque
1388 2595 1395 2608 ,
1422 2581 1483 2608 qua:
1497 2573 1524 2598 in
1542 2571 1651 2598 diversa
1670 2567 1799 2603 diversi~5

999 2625 1078 2652 mode
1102 2625 1188 2651 fertur
1215 2621 1416 2657 permutatione
1441 2621 1553 2645 semotae
1569 2636 1576 2648 ,
1601 2618 1628 2641 et
1657 2617 1786 2646 tanquam

999 2672 1168 2706 incorporea:
1195 2676 1222 2698 et
1247 2667 1444 2696 immaterialcs
1470 2664 1679 2699 intelliguntur,
1706 2662 1734 2685 et
1759 2659 1784 2682 IIl

1000 2721 1105 2744 tuentes
1131 2715 1389 2752 supertuundialiter
1413 2713 1589 2747 intelligunt,
1615 2713 1697 2742 atque
1721 2711 1787 2739 Ιπο·

809 2786 925 2814 νΑιιιΑξ
944 2785 1144 2814 LECTIONES.

161 2853 184 2870 ⁸⁸
201 2854 229 2879 in
243 2852 272 2880 S.
286 2856 440 2880 correctum
459 2856 526 2882 erat,
543 2849 696 2886 χωροῦμεν.

163 2889 290 2924 ρημένον,
307 2889 337 2916 D.
376 2885 484 2926 ".3;th
500 2884 632 2921 micam
647 2885 746 2921 ἔχουσι,
766 2884 795 2911 D.
813 2885 874 2911 bar.

736 2849 766 2863 ⁶⁸¹
786 2848 890 2875 scilicet
911 2855 1004 2877 creata:
1019 2855 1065 2876 seu
1084 2846 1263 2882 participattt'.

1304 2846 1325 2862 δ’)
1343 2846 1387 2871 καὶ
1401 2844 1449 2878 ἔτι,
1465 2842 1491 2871 S.
1508 2842 1537 2868 τῖι
1548 2839 1627 2871 εἶναι,
1641 2837 1671 2864 Ρ.
1693 2836 1714 2851 ⁷⁰
1727 2833 1789 2869 ἐξῃ-
