1938 3065
181 153 232 182 695

767 158 796 185 S.
817 158 969 186 DlONYSll
987 159 1218 189 AREOPAGITIE

1755 165 1807 194 698

181 215 250 250 priis
264 222 356 242 rerum
374 216 527 245 rationibus
543 216 733 252 illustrantur;
753 225 918 253 rursumque
940 218 959 245 ir

1020 221 1107 247 οἰκεῖα
1127 220 1365 256 διαπορθμεύουσι.
1379 222 1435 249 Καὶ
1453 222 1502 259 τὴν
1524 223 1608 259 μονὴν
1624 223 1657 251 ἐκ
1671 223 1722 259 τῆς
1742 224 1809 260 ἀγα-

179 267 212 287 ra
225 268 286 295 quae
309 261 363 288 illis
384 267 500 297 cognata
526 267 591 290 sunt
616 271 664 291 sua
689 272 803 292 munera
829 264 965 292 derivant.

180 305 349 334 Mansionem
375 315 484 343 quoque
510 317 525 336 a
549 309 672 337 bonitate
701 310 820 343 habent;
845 311 910 345 quin
938 315 967 337 et

180 360 276 380 earum
290 353 405 381 ﬁrmitas
418 355 499 388 hinc,
516 360 543 383 et
558 356 714 389 stabilitas,
728 362 756 384 et
769 356 944 384 conservatio
957 377 965 388 ,
987 388 992 394 _

181 398 368 434 bonorumque
382 400 512 435 pabulum
527 402 643 436 pendet;
664 407 692 430 et
714 403 778 430 dum
794 402 868 430 illam
883 410 966 437 appe-

180 449 249 478 tunt,
266 449 319 472 tam
332 449 361 472 ut
373 446 437 477 sint,
456 454 536 481 quam
551 452 580 474 ut
594 447 664 475 bene
680 448 747 481 sint,
766 448 900 481 obtinent,
916 457 966 476 nec

179 497 233 517 non
248 490 297 524 illi,
314 496 446 526 quantum
470 492 515 520 fas
541 497 604 526 est,
629 494 855 527 conformantur,
884 500 968 528 atque

179 535 242 563 boni
261 537 380 570 speciem
402 545 457 572 pra:
471 546 501 566 se
516 538 617 572 ferunt,
632 545 671 573 et,
692 540 771 573 juxta
794 540 861 575 legis
881 541 968 567 dicta-

178 588 251 614 men,
265 581 411 610 inferiores
426 591 492 611 suos
506 584 640 611 donorum
656 592 690 612 ex
701 592 807 613 summo
820 585 892 614 bono
904 592 967 620 pro-

178 628 347 656 manantium
365 629 512 665 participes
527 630 654 658 reddunt.

1021 264 1133 300 θότητος
1144 265 1235 300 ἔχουσι
1244 274 1250 280 ·
1267 267 1313 293 καὶ
1326 266 1429 302 ῐδρυσις
1441 267 1537 300 αὐταῖς
1550 268 1654 295 ἐκεῖθέν
1673 268 1742 300 ἐστι,
1761 270 1808 296 καὶ

1022 311 1128 347 συνοχὴ,
1143 313 1190 338 καὶ
1211 312 1327 349 φρουρὰ,
1350 312 1398 339 καὶ
1418 313 1526 340 torta"
1547 314 1602 342 τῶν
1619 314 1746 348 ἀγαθῶν,
1762 316 1809 342 xui.

1021 357 1105 392 αὐτῆς
1119 358 1271 394 ὲφιέμεναι,
1285 360 1373 386 καὶτὸ
1386 358 1454 387 εἶναι
1470 361 1517 387 καὶ
1527 359 1558 387 τὸ
1572 357 1602 387 εὖ
1619 359 1689 387 εἶναι
1705 361 1807 397 ἔχουσι,

1021 404 1067 430 καὶ
1081 405 1148 440 πρὸς
1159 406 1242 442 αὐτὴν
1252 406 1289 438 ὡς
1306 407 1416 441 ἐφικτὸν
1435 406 1657 443 ἀποτυπούμεναι
1678 408 1724 435 καὶ
1740 408 1809 443 ἁγα-

1020 451 1132 484 Οοειδεῖς
1153 453 1206 479 εισι
1225 453 1272 479 καὶ
1291 454 1351 485 ταῖς
1368 453 1426 489 μετ’
1448 453 1533 486 αὐτὰς
1554 453 1726 481 κοινωνοῦσιν
1740 454 1778 486 ῶς
1793 455 1809 482 ὁ

1019 498 1091 530 θεῖος
1103 498 1201 533 θεσμὸς
1218 499 1379 535 ὑφηγεῖται,
1400 499 1454 526 τῶν
1476 499 1516 531 είς
1536 498 1621 532 αὑτὰς
1638 500 1670 526 ἐκ
1687 499 1808 535 τάγαθοό

1019 545 1142 581 διαφοιτη
1147 545 1250 573 σάντων
1263 545 1366 581 δώρων.

948 699 1016 738 §u.

204 768 269 797 lude
278 769 330 797 illis
339 770 448 799 ordines
456 774 697 806 supermundiales.
704 774 785 809 352
792 780 886 802 earum
896 775 967 802 inter

176 823 205 842 se
224 816 443 855 conjunctiones,
462 822 564 846 mutate
584 820 791 854 susceptiones,
818 819 966 847 inconfusa:

1061 771 1180 799 Ἐκεῖθεν
1199 772 1295 804 αὐταῖς
1314 773 1342 798 αἱ
1364 771 1542 808 ὑπερκόσμιοι
1561 771 1669 805 τάξεις,
1690 772 1719 798 αι
1739 770 1808 806 πρὸς

1019 818 1119 851 ἐαυτάς
1134 818 1255 851 ὲνώσεις,
1270 819 1297 845 αἱ
1311 819 1341 845 ὲν
1352 818 1480 855 ἀλλήλαις
1500 819 1636 854 χωρήσεις
1649 838 1656 850 ,
1674 818 1703 844 αἱ
1721 817 1807 851 ἀσύγ-

176 862 377 896 distinctiones,
392 863 506 891 virtutes
520 865 578 892 istae
592 866 691 901 quibus
714 865 857 893 inferiores
878 867 961 894 addu-

1018 873 1093 900 χυτοι
1107 864 1266 900 διακρίσεις,
1280 865 1308 891 αἱ
1321 864 1389 900 πρὸς
1399 864 1450 897 τὰς
1460 865 1600 900 κρείττους
1610 862 1809 898 ἀναγωγικαὶ⁷³

176 914 275 937 cuntur
288 911 322 937 ad
336 910 502 945 superiores,
519 912 695 947 providentiae
713 916 887 950 superiorum
911 915 965 943 cir-

176 963 210 984 ca
227 956 384 990 inferiores,
400 958 547 992 cujuslibet
562 959 692 987 virtutum
717 969 827 988 suarntn
851 969 964 989 conser-

177 1002 311 1036 vationes,
327 1008 355 1031 et
367 1004 552 1034 immutabiles
562 1006 588 1032 in
601 1006 761 1041 semetipsas
771 1007 963 1039 revolutiones.

175 1052 271 1079 eadem
298 1057 381 1087 atque
405 1060 511 1080 summa
536 1054 635 1082 summi
663 1054 727 1081 boni
761 1055 916 1087 desideria,
937 1060 966 1083 et

174 1105 345 1134 quaecunque
360 1098 413 1126 alia
426 1099 453 1127 in
470 1103 588 1128 tractatu
605 1100 643 1127 De
658 1102 864 1135 proprietatibus
888 1107 965 1136 atque

174 1145 310 1172 ordinibus
331 1145 484 1180 angelorum
506 1153 522 1173 a
543 1146 622 1174 nobis
646 1151 710 1174 sunt
733 1152 963 1181 commemorata;

174 1191 298 1226 quinimo
311 1192 393 1219 etiam
407 1199 467 1227 qure
480 1192 514 1219 ad
530 1192 670 1219 ctelestem
687 1193 869 1221 hierarchiam
899 1199 964 1227 spe-

176 1242 261 1273 ctant,
271 1238 438 1273 utangelica:
450 1238 640 1272 lustrationes,
657 1239 886 1274 supermundanm
904 1239 965 1266 illu-

174 1283 341 1312 minationes
367 1284 505 1319 totiusque
529 1285 660 1320 angelicae
687 1284 865 1320 perfectionis
894 1292 963 1314 c0n-

174 1329 331 1363 summatio,
346 1337 381 1357 ex
396 1330 541 1358 universali
557 1338 639 1358 causa
665 1330 815 1366 foiitalique
841 1331 964 1358 bonitate

175 1375 395 1412 proﬁciscuntur,
413 1383 447 1404 ex
462 1383 514 1412 qua
529 1377 612 1404 etiam
637 1377 754 1412 ipsemet
776 1377 863 1404 forma
886 1376 963 1404 boni—

173 1422 238 1449 tatis
254 1421 322 1457 ipsis
336 1422 399 1450 data
414 1426 467 1455 est,
480 1429 696 1457 concessumque
708 1443 716 1455 ,
733 1428 762 1449 ut
782 1422 911 1450 latentem
934 1422 961 1450 in

174 1473 204 1494 se
228 1466 379 1494 bonitatem
406 1466 513 1493 valeant
539 1467 705 1501 enuntiare,
737 1467 847 1503 sintque
873 1467 962 1503 angeli

173 1513 248 1541 velut
261 1513 425 1548 interpretes
437 1512 520 1540 divini
537 1513 637 1541 silentii
651 1534 659 1546 ,
681 1519 709 1542 et
735 1518 866 1549 tanquam
886 1515 961 1543 clara

1015 911 1070 938 τῶν
1091 911 1246 947 ὑφειμένων
1269 910 1408 947 δυνάμεις,
1425 911 1453 938 αἱ
1475 909 1589 946 περὶτὰ
1608 909 1721 945 δεύτερα
1741 908 1808 945 πρό-

1016 966 1084 984 νοιαι
1107 957 1162 984 τῶν
1186 957 1397 993 πρεσϐυτέρων,
1423 957 1451 983 αἱ
1477 956 1532 983 τῶν
1556 956 1664 983 οἰκείων
1688 955 1807 990 ἑκάστης

1014 1003 1156 1039 δυνάμεως
1167 1003 1300 1039 φρουραὶ,
1318 1003 1366 1029 καὶ
1378 1002 1442 1038 περὶ
1461 1001 1561 1034 ἑαυτὰς
1570 1002 1594 1018 ⁷⁸
1615 1002 1808 1037 ἀμετάπτωτοι

1017 1049 1173 1083 συνελίξεις,
1186 1050 1290 1085 αἱπερὶ
1310 1049 1360 1084 τὴν
1379 1047 1472 1084 ἔφεσιν
1489 1047 1608 1083 τάγαθοῦ
1626 1047 1807 1082 ταὺτότητες,

1015 1097 1062 1123 καὶ
1085 1096 1255 1132 ἀκρότητες,
1274 1095 1323 1122 καὶ
1343 1095 1394 1122 ὅσα
1418 1095 1485 1122 ἄλλα
1509 1094 1615 1130 εἴρηται
1637 1093 1706 1130 πρὸς
1728 1093 1808 1129 ἡμῶν

1015 1143 1044 1170 ἐν
1055 1142 1095 1178 τῷ
1105 1142 1176 1177 Περὶ
1190 1141 1250 1169 τῶν
1262 1141 1430 1177 ἀγγελικᾶη·
1443 1140 1597 1174 ὶδιοτήτων
1613 1140 1661 1166 καὶ
1675 1139 1787 1171 τάξεων
1797 1148 1806 1155 ο

1015 1189 1083 1216 ἀλλὰ
1096 1190 1144 1216 καὶ
1154 1189 1205 1216 ὅσα
1215 1189 1266 1225 τῆς
1278 1187 1405 1225 οὐρανίας
1417 1187 1558 1224 ίεραρχίας
1577 1186 1653 1214 ἐστὶν
1664 1207 1671 1219 ,
1684 1187 1712 1213 αἱ
1724 1186 1808 1220 ἀγγε-

1015 1235 1162 1272 λοπρεπεῖς
1183 1235 1338 1271 καθάρσεις,
1361 1235 1389 1262 αἱ
1411 1233 1590 1270 ὑπερκόσμιοι
1610 1231 1806 1268 φωταγωγίαι,

1015 1283 1062 1310 καὶ
1074 1282 1110 1310 τὰ
1119 1281 1296 1318 τελεσιουργά
1306 1282 1328 1297 ⁷⁸
1348 1281 1398 1317 τῆς
1417 1279 1485 1317 ὅλης
1505 1279 1653 1315 ἁγγελικῆς
1672 1277 1807 1314 τελειότη-

1014 1340 1069 1363 τος,
1082 1331 1115 1357 ἐκ
1125 1331 1176 1366 τῆς
1187 1330 1328 1357 παναιτίου
1340 1329 1387 1356 καὶ
1405 1327 1526 1365 πηγαίας
1545 1327 1618 1354 ἐστὶν
1628 1325 1806 1361 ἀγαθότητος,

1014 1376 1045 1410 ἐξ
1056 1375 1090 1414 ἧς
1103 1377 1150 1404 καὶ
1166 1377 1197 1404 τὸ
1216 1376 1371 1411 ἀγαθοειδὲς
1391 1376 1486 1406 αὐταῖς
1504 1372 1627 1409 ἐδωρήθη
1640 1393 1647 1406 ,
1659 1371 1707 1399 καὶ
1719 1371 1749 1398 τὸ
1761 1371 1807 1397 ὲκ-

1014 1424 1121 1459 φαίνειν
1135 1424 1163 1450 ὲν
1177 1424 1287 1454 ἑαυταῖς
1300 1422 1350 1457 τὴν
1361 1421 1480 1458 κρυφίαν
1492 1420 1658 1455 ἀγαθότητα,
1672 1419 1719 1445 καὶ
1735 1415 1805 1446 εἶναι

1013 1469 1145 1504 ἀγγέλους
1156 1467 1451 1505 ὦσπερὲξαγγελτικὰς
1462 1468 1471 1478 ‘
1484 1467 1533 1503 τῆς
1541 1466 1616 1498 θείας
1624 1465 1703 1501 σιγῆς
1712 1465 1746 1497 ⁷⁸,
1758 1463 1806 1491 καὶ

1013 1514 1068 1544 οἷον
1087 1516 1165 1551 φῶτα
1187 1515 1260 1551 φανὰ
1277 1514 1325 1542 τοῦ
1348 1516 1377 1542 ὲν
1398 1514 1504 1547 ἀδύτοις
1523 1513 1599 1545 ὃντος
1620 1512 1806 1548 ὲρμηνευτικὰ

173 1558 288 1592 lumina,
304 1567 364 1594 quae
379 1560 406 1586 iu
421 1559 510 1594 adytis
526 1559 655 1587 latentem
675 1559 805 1588 iudicant.
824 1559 960 1589 Prteterea

1015 1563 1264 1600 προδεὸλημένας”.
1286 1561 1367 1589 Ἀλλά
1379 1562 1426 1588 καὶ
1440 1561 1497 1597 μετ’
1508 1561 1628 1592 ἐκείνους
1639 1559 1701 1591 τοὺς
1715 1559 1805 1594 ἱεροὺς

172 1614 235 1645 post
248 1617 341 1638 sacras
355 1609 420 1637 istas
434 1613 598 1643 sanctasque
613 1613 732 1643 mentes,
744 1609 842 1637 animae
854 1617 963 1645 quoque

174 1663 207 1683 ac
231 1655 358 1691 quaelibet
380 1654 532 1682 animarum
559 1654 629 1683 bona
653 1659 717 1683 sunt
737 1662 787 1690 per
811 1655 961 1684 bonitatem

173 1700 258 1734 illam,
274 1708 335 1735 quae
349 1707 430 1728 omne
454 1700 555 1728 bonum
581 1706 708 1735 superat;
734 1701 795 1728 inde
818 1701 960 1736 provenit,

172 1746 233 1774 illas
248 1745 385 1774 intellectu
401 1746 528 1781 praeditas
537 1753 609 1780 esse,
620 1746 703 1773 vitam
719 1746 822 1774 habere
834 1747 961 1775 substan-

173 1791 287 1825 tialem,
308 1793 492 1827 corruptionis
519 1798 658 1827 expertem
672 1813 679 1825 ,
703 1796 733 1820 ut
757 1800 817 1821 esse
842 1794 961 1821 habeant

171 1846 235 1866 cum
249 1838 353 1874 angelis
367 1845 521 1872 commune,
535 1839 694 1874 possintque
711 1839 744 1866 ad
757 1846 851 1867 eorum
865 1841 959 1868 viven-

172 1884 200 1911 di
224 1885 358 1912 rationem
381 1884 525 1920 aspirare,
550 1892 666 1919 quorum
690 1885 773 1913 ductu
797 1886 900 1921 optimo
926 1887 960 1914 ad

171 1931 305 1958 bonorum
319 1930 440 1958 omnium
454 1938 590 1959 summum
605 1932 706 1960 bonum
732 1937 958 1968 promoveantur,

171 1983 253 2012 atque
270 1984 304 2005 ex
317 1977 413 2005 eodem
427 1979 647 2013 promanantium
662 1979 893 2006 illuminationum
909 1986 959 2014 pro

171 2031 251 2061 captu
272 2034 323 2054 suo
336 2026 486 2061 participes
503 2026 629 2059 evadant,
649 2026 767 2062 donique
785 2027 958 2059 bouiformis,

170 2077 299 2108 quantam
316 2076 438 2108 possunt,
455 2076 558 2100 sortem
578 2072 734 2107 accipiant,
749 2077 776 2100 et
790 2080 958 2108 quaecunque

169 2119 222 2146 alia
237 2119 265 2146 in
282 2123 400 2146 tractatu
414 2119 453 2146 De
469 2119 559 2146 anima
576 2123 639 2146 sunt
656 2126 672 2145 a
689 2118 769 2146 nobis
785 2123 956 2146 enumerata.

169 2165 264 2199 Porro,
280 2166 302 2193 si
317 2166 351 2194 de
370 2166 513 2194 animabus
537 2173 647 2201 quoque
670 2166 777 2193 ratione
799 2166 957 2193 carentibus

168 2211 369 2240 auimalibusve
384 2212 560 2247 loquendum,
584 2220 644 2248 quae
658 2213 699 2240 vel
721 2219 814 2239 aeretn
837 2215 956 2244 tranant,

169 2263 307 2285 terramve
320 2262 474 2293 permeant,
489 2262 536 2285 aut
550 2257 625 2285 humi
640 2263 759 2292 reptant,
774 2257 816 2286 vel
832 2258 858 2284 in
877 2260 957 2292 aquis
973 2252 996 2280 Ι)

168 2303 251 2331 vitam
277 2307 370 2339 agunt,
394 2308 443 2331 aut
463 2303 602 2338 amphibia
627 2308 711 2336 sunt,
736 2303 780 2330 vel
804 2303 855 2330 sub
883 2308 957 2330 terra

168 2343 321 2382 recondita,
338 2354 419 2384 atque
433 2349 461 2376 in
476 2356 592 2377 caverna
608 2349 713 2381 vivunt,
729 2348 771 2376 vel
787 2355 957 2383 quaecunque

167 2393 330 2429 simpliciter
355 2395 446 2421 anima
470 2394 564 2422 sensili
589 2395 697 2430 vitaque
721 2399 870 2429 prmstant,
897 2395 956 2421 hinc

167 2441 263 2476 utique
277 2441 368 2468 omnia
384 2441 466 2468 etiam
481 2449 529 2476 per
543 2441 666 2469 eamdem
683 2442 831 2469 bonitatem
852 2446 879 2469 et
894 2441 954 2468 aui-

169 2491 289 2520 rnantur,
304 2491 332 2514 et
348 2487 532 2514 viviﬁcantur.
557 2487 660 2515 Planta:
673 2487 799 2515 similiter
811 2495 906 2515 omnes
921 2495 955 2515 ex

166 2534 263 2560 eodem
285 2533 356 2560 bono
375 2533 533 2560 nutritivam
560 2533 771 2568 motabilemque
795 2533 879 2560 vitam
906 2533 955 2559 lia-

1013 1610 1062 1637 καὶ
1079 1610 1172 1644 ἁγίους
1183 1609 1256 1641 νόας,
1277 1609 1305 1635 αἱ
1320 1608 1405 1644 ψυχαὶ
1425 1608 1472 1634 καὶ
1491 1608 1542 1634 ὅσα
1559 1606 1654 1642 ψυχῶν
1667 1605 1689 1622 ⁷⁷
1700 1606 1803 1642 ἀγαθὰ,

1011 1657 1057 1685 διὰ
1079 1657 1130 1694 τὴν
1150 1656 1323 1692 ὑπεράγαθόν
1342 1657 1417 1683 ἐστιν
1445 1655 1616 1691 ἀγαθότητα·
1648 1654 1679 1681 τὸ
1707 1653 1805 1690 νθερὰς

1013 1704 1098 1737 αὑτὰς
1117 1702 1197 1736 εἶναι,
1219 1703 1249 1730 τὺ
1268 1703 1341 1739 ἔχειν
1357 1702 1406 1739 τὴν
1425 1701 1541 1738 οὑσιώδη
1561 1700 1633 1737 ζωὴν
1652 1699 1804 1736 ἀνώλεθρον

1013 1749 1078 1777 αὐτὸ
1090 1749 1120 1776 τὺ
1133 1747 1213 1781 εἶναι,
1226 1749 1273 1775 καὶ¹
1283 1747 1414 1775 δύνασθαι
1431 1747 1499 1783 πρὸς
1509 1746 1558 1778 τὰς
1573 1745 1721 1781 ἀγγελικὰς
1739 1745 1804 1772 ἀνα-

1011 1796 1168 1831 τεινομένας
1181 1794 1264 1827 ζωὰς,
1277 1794 1310 1821 δι’
1322 1794 1412 1821 αὐτῶν
1423 1793 1462 1825 ὡς
1472 1793 1582 1828 ἀγαθῶν
1595 1791 1802 1828 καθηγεμόνων,

1013 1842 1060 1869 ἐπὶ
1079 1841 1127 1877 τὴν
1151 1842 1260 1868 πάντων
1269 1841 1293 1857 ⁷⁸
1313 1840 1423 1875 ἀγαθῶν
1446 1840 1616 1875 ἀγαθαρχίαν
1636 1837 1802 1872 ἀνάγεσθαι,

1012 1887 1058 1914 καὶ
1075 1886 1129 1914 τῶν
1141 1886 1246 1913 ἐκεῖθεν
1264 1885 1468 1922 ὲκϐλυζομένων
1485 1884 1643 1920 ὲλλάμψεων
1662 1885 1685 1901 ⁷⁰
1697 1885 1726 1910 ὲν
1741 1893 1803 1920 μετ-

1010 1933 1090 1969 ουσίᾳ
1109 1932 1232 1967 γίνεσθαι
1255 1931 1325 1959 κατὰ
1338 1932 1386 1967 τὴν
1410 1931 1485 1966 σφῶν
1504 1930 1649 1965 ἀναλογίαν
1661 1931 1732 1963 ,διαὶ
1754 1931 1803 1966 τῆς

1010 1979 1057 2006 τοῦ
1087 1978 1292 2013 ἀγαθοειδοῦς⁸⁰
1316 1979 1419 2014 δωρεᾶς
1443 1978 1493 2013 ὅση
1518 1977 1633 2013 δύναμις
1660 1976 1802 2013 μετέχειν,

1011 2027 1058 2053 καὶ
1072 2027 1123 2053 ὅσα
1142 2025 1209 2053 ἄλλα
1229 2026 1297 2062 πρὸς
1310 2025 1388 2061 ἡμῶν
1406 2025 1435 2052 ὲν
1450 2025 1507 2056 τοῖς
1525 2024 1595 2058 Περὶ
1613 2022 1718 2058 ψυχῆς
1731 2023 1804 2058 ἀπη-

1012 2072 1151 2108 ρίθμηται.
1175 2072 1255 2099 Ἀλλὰ
1269 2071 1316 2098 καὶ
1332 2072 1395 2107 περὶ
1409 2071 1507 2104 αὐτῶν,
1525 2071 1548 2097 εί
1564 2070 1615 2106 χρὴ
1632 2070 1733 2105 φάναι,
1747 2069 1802 2095 τῶν

1009 2119 1114 2153 ἀλόγων
1128 2118 1233 2154 ψυχῶν,
1252 2117 1378 2154 ῆζώων,
1399 2119 1450 2145 ὅσα
1469 2118 1515 2144 τὸν
1535 2117 1604 2153 ἀέρα
1622 2116 1734 2151 τέμνει,
1754 2115 1802 2142 καὶ

1008 2165 1059 2192 ὅσα
1069 2166 1116 2192 ἐπὶ
1127 2165 1179 2200 γῆς
1192 2164 1288 2200 βαίνει,
1306 2165 1351 2190 καὶ
1361 2164 1412 2190 ὅσα
1424 2165 1464 2196 εἰς
1478 2163 1530 2199 γῆν
1545 2162 1697 2194 ἐκτέταται,
1710 2161 1758 2188 καὶ
1766 2160 1802 2188 τὰ

1010 2213 1040 2238 ὲν
1056 2211 1134 2237 ὕδασι
1157 2210 1207 2246 τὴν
1232 2209 1318 2245 ζωὴν,
1340 2209 1357 2244 ἢ
1378 2209 1516 2245 ἀμφιΰίως
1537 2208 1663 2244 λαχόντα,
1682 2208 1728 2234 καὶ
1752 2207 1802 2234 ὅσα

1011 2258 1064 2285 ὑπὸ
1082 2258 1134 2292 γῆν
1154 2256 1383 2292 ὲγκεκαλυμμένα
1403 2255 1437 2292 ζῇ
1459 2256 1506 2283 καὶ
1524 2254 1735 2290 ὲγκεχωσμένα,
1753 2253 1803 2280 καὶ

1011 2303 1104 2335 ἁπλῶς
1115 2304 1165 2330 ὅσα
1176 2302 1225 2338 τὴν
1243 2302 1402 2339 αἰσθητικὴν
1421 2302 1477 2337 ἔχει
1495 2301 1583 2337 ψυχὴν
1593 2321 1600 2333 ,
1620 2300 1637 2336 ἢ
1652 2299 1740 2336 ζωὴν,
1754 2300 1802 2326 καὶ

1011 2348 1097 2375 ταῦτα
1117 2348 1204 2375 πάντα
1222 2346 1267 2374 διὰ
1286 2347 1404 2382 τάγαθὸν
1411 2347 1433 2362 ⁸¹
1450 2346 1588 2382 ὲψύχωται
1605 2345 1651 2372 καὶ
1668 2343 1800 2377 ἐζώωτιιι.

1011 2394 1065 2421 Καὶ
1076 2393 1147 2429 φυτά
1157 2394 1186 2420 δὲ
1197 2393 1286 2420 πάντα
1299 2393 1348 2429 τὴν
1358 2393 1506 2429 θρεπτικὴν
1518 2393 1566 2419 καὶ
1585 2390 1727 2428 κινητικὴν
1743 2390 1801 2426 ἔχει

1011 2440 1083 2476 ζωὴν
1092 2460 1099 2472 ,
1112 2441 1144 2466 ὲκ
1155 2439 1275 2474 τάγαθοῦ
1286 2448 1292 2454 ·
1309 2439 1356 2466 καὶ
1368 2439 1417 2474 ὅση
1427 2438 1450 2454 ⁸¹
1465 2438 1567 2474 ἄψυχος
1587 2439 1634 2465 καὶ
1652 2437 1740 2469 ἄζωος
1754 2437 1800 2464 οὒ-

1010 2487 1064 2519 σία,
1084 2486 1129 2513 διὰ
1148 2486 1266 2521 τάγαθόν
1282 2486 1339 2512 ἐστι
1352 2505 1359 2517 ,
1381 2485 1428 2512 καὶ
1447 2485 1480 2511 δι’
1499 2485 1563 2511 αὐτὸ
1583 2484 1633 2519 τῆς
1652 2483 1799 2514 ιὺσιώδους

1007 2533 1090 2566 ἕξεως
1107 2533 1212 2569 ἔλαχεν.

168 2581 254 2614 bent;
281 2579 399 2615 denique
426 2580 580 2608 substantia
603 2587 772 2615 qutecunque
795 2581 884 2607 anima
907 2580 1016 2616 vitaque
1030 2587 1122 2613 caret,
1143 2588 1191 2615 per
1218 2580 1283 2607 illud
1315 2579 1402 2614 ipsum
1427 2579 1527 2606 bonum
1552 2577 1677 2609 exsistit,
1703 2583 1718 2602 tt
1742 2583 1798 2610 quo

167 2631 195 2654 et
209 2630 313 2655 statum
327 2635 406 2655 suum
422 2627 630 2655 substantialem
647 2627 774 2657 obtinuit.

813 2715 931 2744 νΑΙίΙιΕ
949 2715 1155 2744 LECTIONES.

208 2808 230 2824 ⁷²
244 2808 292 2834 καὶ
305 2807 442 2841 ἑστίασις,
461 2807 495 2834 Μ.
510 2808 555 2835 Sc.
575 2814 601 2834 et
624 2807 731 2842 refectio
751 2809 885 2836 bonorum.
900 2809 972 2836 Sar.:
1000 2812 1024 2832 ει
1059 2807 1131 2833 Cibus
1157 2807 1293 2840 bonorum.

166 2844 261 2875 αὐτὰς,
278 2844 307 2870 S.
326 2844 354 2870 P.
373 2844 417 2870 Sc.
457 2844 479 2859 7“
491 2844 705 2878 τελεσιουργικά.
746 2844 769 2860 ⁷⁸⁵
782 2844 882 2879 πηγῆς,
897 2844 929 2871 Μ.
953 2845 981 2871 S.
1001 2845 1055 2871 P."
1068 2845 1162 2880 ψυχῶν
1173 2847 1215 2872 ἐσσι

169 2878 191 2894 ⁷*
206 2878 376 2914 ὲκλάμψεων,
397 2879 426 2906 Ρ.
478 2880 499 2894 ’⁸ο
521 2879 632 2912 ἀγαθοῦ.
682 2880 702 2895 ⁸¹
726 2878 754 2904 τὸ
775 2879 885 2912 ἀγαθόν,
909 2880 938 2906 P.
986 2881 1008 2896 ⁸⁷
1027 2880 1077 2907 ὅσα
1093 2881 1121 2916 ἡ,
1137 2881 1170 2907 Μ.
1186 2881 1215 2909 S.

169 2878 191 2894 7’
206 2878 376 2914 ὲκλάμψεων,
397 2879 426 2906 Ρ.
478 2880 499 2894 ’⁸ο
521 2879 632 2912 ἀγαθοῦ.
682 2880 702 2895 ⁸¹
726 2878 754 2904 τὸ
775 2879 885 2912 ἀγαθόν,
909 2880 938 2906 P.

1333 2810 1356 2826 ⁷³
1369 2809 1514 2844 ἁναγωγάς
1543 2808 1599 2840 καί,
1624 2807 1653 2834 S.
1684 2807 1716 2844 _"
1729 2806 1793 2844 περὶ

1124 2846 1162 2872 ῶν
1173 2847 1257 2879 ἐστιν,
1278 2846 1308 2873 ι).
1327 2845 1371 2873 Sc.
1390 2842 1450 2873 Sar.
1469 2842 1474 2844 V
1497 2845 1519 2860 7”
1536 2844 1643 2871 πάντων
1662 2842 1727 2875 τῶν,
1759 2842 1790 2869 ι).
