1938 3065
105 193 159 222 697

640 191 685 218 DE
702 190 830 219 DlVlNlS
851 190 1052 225 NOMINIBUS,
1070 191 1146 220 CAP.
1165 191 1198 219 IV

1689 194 1743 223 698

865 259 955 297 §lll.

141 335 174 362 Et
193 334 222 362 δὲ
237 335 284 362 καὶ
303 313 373 370 ὑπερ
390 334 478 362 πάντα
499 333 534 360 τὰ
550 333 615 361 ὄντα
633 334 709 361 ἐστὶν
730 333 835 369 (ὥσπερ
853 330 883 359 οὗ

988 331 1064 365 Quod
1078 331 1100 359 si
1113 336 1203 359 autem
1220 339 1300 366 supra
1319 340 1362 360 res
1375 341 1470 361 omnes
1492 334 1528 362 sit
1543 334 1592 370 (uti
1609 342 1674 363 vere
1688 337 1744 369 est)

103 379 176 416 ἐστι)
200 379 328 414 τάγαθὸν,
351 378 398 406 καὶ
415 379 446 406 τδ
462 379 579 406 ἀνείδεον
597 380 739 407 εἰδοποιεῖ·
752 379 799 406 καὶ
809 380 838 406 ἐν
849 379 899 406 αὺ-

102 425 143 462 τῷ
155 426 228 462 μόνῳ
242 426 290 453 καὶ
305 425 336 453 τὸ
355 425 496 453 ἁνούσιον·
514 425 609 458 οὐσίας
626 425 779 460 ὑπερὸολήο
801 425 847 451 κα)⁸
864 423 898 450 τὺ

102 472 192 505 ἆζωον
204 471 375 508 ὑπερέχουσα
395 471 472 507 ζωή·
491 471 538 498 καὶ
554 470 585 497 τὸ
595 471 676 498 ἄνουν
693 470 864 505 ὑπερέχουσα
873 469 897 485 ⁸³

103 518 195 552 σοφία,
209 518 258 545 καὶ
277 518 328 545 ὅσα
346 519 376 545 ὲν
397 517 508 553 τάγαθῷ
530 517 580 553 τῆς
599 516 656 544 τῶν
674 515 801 544 ἀνειδέων
822 515 897 542 ἐστὶν

103 564 272 600 ὑπεροχικῆς
283 563 446 596 είδοποιίας·
461 564 509 590 καὶ
526 564 551 590 εἰ
569 562 679 598 θεμιτὸν
701 562 799 597 φάναι,
811 561 897 596 τάγα-

103 609 151 636 θοῦ
170 609 218 636 τοῦ
240 609 311 646 ὑπὲρ
330 609 419 637 πάντα
435 609 471 636 τὰ
491 609 571 642 ὄντα,
591 609 638 636 καὶ
663 609 730 636 αὐτὸ
750 608 781 635 τὸ
807 608 844 644 μὴ
865 607 895 634 ὃν

100 655 227 689 ἐφίεται,
251 656 299 683 καὶ
324 656 472 692 φιλονεικεῖ
493 665 551 688 πως
573 657 602 684 ὲν
621 654 732 690 τάγαθῷ
758 654 806 682 καὶ
829 654 895 681 αὐτὸ

101 697 171 727 εἶναι
187 721 195 734 ,
224 701 264 738 τῷ
295 701 380 734 ὅντως
410 702 564 739 ὑπερουσίῳ
579 722 587 736 ,
615 701 687 729 κατὰ
709 700 759 737 τὴν
785 701 894 727 πάντων

100 745 257 782 ἀφαίρεσιν.

951 377 1051 405 bonum
1065 377 1166 412 ipsum,
1182 379 1293 413 etquod
1310 379 1427 407 informe
1450 384 1504 412 est,
1531 380 1648 415 format;
1670 387 1699 409 et
1713 381 1741 408 itt

951 424 1010 459 ipso
1024 423 1082 452 solo
1095 424 1122 452 id
1134 424 1206 459 quod
1228 425 1380 452 substantia
1406 430 1493 459 caret,
1518 427 1676 455 substantiae
1699 431 1742 456 est

950 469 1130 502 excellentia;
1143 469 1217 505 quod
1240 469 1360 498 iuanime
1374 477 1428 504 est,
1441 472 1495 499 vita
1511 477 1552 499 est
1569 473 1740 506 prastautis-

949 516 1036 549 sima;
1052 521 1079 544 et
1090 516 1163 551 quod
1175 516 1275 545 mentis
1286 524 1384 551 expers
1394 523 1437 545 est
1448 537 1456 550 ,
1468 517 1549 553 353
1560 526 1687 553 suprema
1699 524 1742 547 est

949 561 1097 595 sapientia,
1116 565 1144 589 et
1157 569 1328 597 quacunque
1345 563 1371 590 in
1394 563 1465 590 bono
1480 567 1555 594 sunt.
1571 571 1662 591 rerutn
1676 569 1741 591 sunt

948 607 1105 634 inl‘ormium
1139 609 1372 642 superemineutis
1408 609 1624 644 cll'ormationis;
1648 615 1696 644 et.
1716 613 1739 638 si

947 653 1019 681 dictu
1035 653 1075 681 fas
1091 654 1136 685 sit.
1153 653 1220 680 illud
1234 654 1322 689 ipsum
1345 656 1419 690 quod
1438 664 1492 683 non
1510 660 1563 688 est.
1581 656 1653 684 illius
1665 657 1740 692 quod

946 707 1028 735 supra
1045 707 1089 728 res
1104 708 1201 728 omnes
1215 707 1278 734 est,
1294 702 1356 733 boni
1373 703 1509 730 desiderio
1530 708 1637 731 tenetur
1649 724 1657 736 ,
1672 704 1739 738 quin

945 746 1069 773 etiamin
1085 747 1157 774 bono
1178 755 1243 774 vere
1264 748 1521 782 supersubstautiali
1546 757 1595 784 per
1616 750 1738 777 onmiutn

946 792 1111 820 ablutionem
1127 800 1187 821 esse
1199 794 1348 821 contendit.

877 876 891 912 ς
910 875 965 906 IV.

143 945 214 974 Ἀλλ’
234 947 302 982 ὅπερ
326 945 401 982 ἡμᾶς
435 945 465 972 ὲν
489 945 564 982 μέσῳ
592 944 771 981 παραδραμὸν
793 945 886 972 διαπέ-

978 948 1048 980 Sed,
1077 946 1151 981 Quod
1182 945 1208 972 in
1235 944 1325 972 medio
1360 946 1562 981 prmterlapsnm
1593 958 1642 979 nos
1662 953 1736 981 cl'lu-

98 1001 200 1028 φευγε,
229 991 277 1018 καὶ
295 991 350 1018 τῶν
373 990 507 1026 οὐρανίων
524 990 616 1027 ἀρχῶν
637 991 683 1018 καὶ
710 990 890 1026 ἀποπερατώ-

99 1048 169 1066 σεων
180 1038 203 1054 ³⁵
217 1037 291 1065 αἰτία
312 1036 440 1072 τάγαθὸν,
454 1036 503 1072 τῆς
517 1035 648 1068 ἀναυξοῦς
663 1036 709 1063 καὶ
725 1035 794 1067 ὅλως
813 1035 890 1062 ἀναλ-

97 1083 210 1112 λοιώτου
228 1083 331 1118 ταύτης
349 1082 442 1114 οὐσίας
456 1082 490 1114 ⁸³,
505 1083 552 1109 καὶ
568 1081 622 1109 τῶν
641 1081 762 1116 eodem,
776 1081 802 1108 ei
819 1080 889 1108 οὕτω

97 1131 150 1167 χρὴ
164 1131 256 1165 φάναι,
268 1131 319 1167 τῆς
329 1130 523 1166 παμμεγέθους
539 1129 734 1166 οὐρανοπορίας
745 1129 887 1164 κινήσεων,

96 1178 145 1205 καὶ
155 1178 209 1205 τῶν
222 1178 472 1214 ἁπρῴωντάξεων,
483 1177 529 1204 καὶ
536 1177 718 1213 εὐπρεπειῶν,
726 1177 774 1204 καὶ
780 1177 886 1212 φώτων,

95 1224 144 1260 καὶ
160 1224 300 1259 ἱδρύσεων,
317 1223 424 1260 καὶτῆς
437 1223 516 1250 ἐνίων
530 1223 651 1259 ἀστέρων
663 1223 687 1239 ⁸⁸
704 1223 888 1259 μεταϐατικῆς

93 1269 299 1306 πολυκινησίας,
311 1269 358 1297 καὶ
372 1269 423 1305 τῆς
437 1269 491 1296 τῶν
505 1269 552 1296 δύο
563 1269 655 1305 φωστή
661 1278 725 1305 ρων,
741 1268 788 1300 οὒς
798 1268 833 1295 τὰ
845 1268 888 1295 λό-

93 1323 143 1350 για
162 1315 241 1342 καλεῖ
259 1315 404 1351 μεγάλους,
418 1314 473 1342 ἀπὸ
487 1314 542 1341 τῶν
556 1314 646 1341 αὐτῶν
660 1316 700 1347 εἰς
711 1314 745 1341 τὰ
758 1314 828 1341 αὐτὰ
839 1323 888 1340 πε-

95 1361 218 1397 ριοδικῆς
237 1361 508 1395 ἀποκαταστάσεως,
534 1361 595 1389 καθ’
619 1361 653 1394 ἃς
679 1362 706 1388 αἱ
727 1362 794 1397 παρ’
820 1361 887 1397 ἡμῖν

93 1409 197 1445 ἡμέραι
208 1409 255 1436 καὶ
270 1409 366 1441 νύκτες
386 1409 553 1446 ὁριζόμεναι,
572 1409 618 1437 καὶ
632 1409 726 1445 μῆνες,
739 1410 786 1437 καὶ
798 1410 886 1436 ἐνιαυ-

92 1455 136 1482 τοὶ
159 1455 347 1492 μετρούμενοι,
369 1456 418 1488 τὰς
436 1456 484 1483 τοῦ
507 1456 604 1492 χρόνου
625 1455 740 1483 καὶτῶν
754 1457 784 1483 ὲν
797 1456 886 1492 χρόνῳ

93 1498 226 1532 κυκλικὰς
247 1500 368 1537 κινήσεις
383 1499 552 1536 ἀφορίζουσι,
569 1500 617 1527 καὶ
628 1500 650 1517 ⁸⁷
664 1499 821 1536 ἀριθμοῦσι,
839 1502 886 1528 καὶ

92 1544 219 1571 τάττουσι
243 1545 290 1572 καὶ
312 1546 463 1582 συνέχουσι.
480 1546 512 1573 Τί
532 1546 556 1574 δ’
576 1546 598 1562 ⁸³
618 1546 651 1573 ἄν
669 1555 711 1579 τις
733 1547 799 1583 φαίη
821 1547 885 1583 περὶ

92 1593 177 1629 αὐτῆς
200 1593 261 1620 καθ’
280 1593 366 1630 αὐτὴν
379 1594 429 1630 τῆς
449 1593 564 1631 ἡλιακῆς
575 1595 701 1628 ἀκτῖνος;
718 1596 751 1622 ἐκ
764 1595 884 1629 τάγαθοῦ

91 1640 148 1676 γὰρ
163 1640 193 1667 τὸ
208 1640 276 1675 φῶς,
294 1641 342 1667 καὶ
352 1639 435 1668 εἰκὼν
450 1640 501 1677 τῆς
515 1641 684 1678 ἀγαθότητος
694 1651 700 1657 ·
716 1642 756 1669 διὸ
767 1643 815 1670 καὶ
830 1652 887 1678 φω-

90 1693 162 1711 τωνυ
166 1684 254 1720 μικῶς
261 1685 386 1721 ὑμνεῖται
392 1686 520 1722 τάγαθὸν,
527 1687 565 1720 ὠς
572 1688 601 1715 ὲν
609 1687 693 1715 εικόνι
700 1687 730 1714 τί)
735 1688 887 1724 ἀρχέτυπον

90 1731 298 1768 ὲκφαινόμενον.
321 1733 365 1765 Ὦς
387 1732 441 1769 γὰρ
460 1734 477 1769 ὴ
497 1733 548 1769 τῆς
563 1733 671 1761 πάντων
685 1734 812 1761 ἐπέκεινα
826 1735 886 1762 θεό-

89 1785 174 1813 τητος
192 1777 331 1813 ἀγαθότης
341 1777 395 1805 ἀπὸ
411 1778 465 1806 τῶν
476 1779 622 1806 ἀνωτάτων
636 1779 658 1796 ⁸³
672 1779 720 1806 καὶ
731 1780 886 1816 πρεσϐυτά-

89 1832 145 1850 των
159 1823 267 1856 οὐσιῶν,
290 1823 353 1861 ἄχρι
368 1824 423 1851 τῶν
434 1825 555 1861 ἐσχάτων
575 1825 673 1861 διήκει,
691 1826 738 1853 καὶ
753 1826 794 1853 ἔτι
815 1827 886 1863 ὑπὲρ

91 1869 182 1901 πάσας
201 1869 269 1902 ἐστὶ,
298 1870 366 1906 μήτε
387 1870 441 1897 τῶν
463 1870 519 1898 ἄνω
542 1870 700 1905 φθανουσῶν
723 1872 809 1907 αὐτῆς
835 1873 885 1909 τὴν

90 1915 240 1951 ὑπεροχὴν,
261 1916 331 1951 μήτε
354 1915 408 1942 τῶν
430 1916 505 1943 κάτω
523 1916 572 1952 τὴν
590 1917 721 1953 περιοχὴν
734 1917 886 1946 διαϐαινου-

91 1960 157 1992 σῶν,
181 1961 250 1988 ἀλλὰ
272 1961 318 1988 καὶ
336 1961 449 1997 φωτίζει
461 1961 496 1989 τὰ
509 1963 645 1998 δυνάμενα
663 1964 761 1996 πάντα,
778 1965 825 1991 καὶ
838 1965 886 2001 δη-

91 2008 226 2043 μιουργεῖ,
237 2008 283 2035 καὶ
298 2007 371 2040 ζωοῖ,
382 2008 429 2035 καὶ
441 2008 557 2044 συνέχει,
575 2009 622 2036 καὶ
631 2009 826 2046 τελετιουργεῖ,
840 2012 885 2038 καὶ

91 2053 191 2089 μέτρον
213 2054 272 2081 ἐστὶ
283 2054 336 2081 τῶν
352 2054 447 2087 ὅντων,
471 2055 518 2082 καὶ
532 2055 610 2088 αἰὼν,
627 2056 675 2082 καὶ
690 2057 816 2093 ἀριθμὸς,
837 2058 884 2085 καὶ

88 2099 176 2133 τάξις,
195 2101 242 2128 καὶ
260 2101 393 2137 περιοχὴ,
415 2101 462 2128 καὶ
482 2103 568 2135 αίτία,
592 2103 640 2129 καὶ¹
653 2103 745 2136 τέλος·
767 2104 839 2132 οὕτω
853 2104 884 2141 δὴ

89 2147 138 2173 καὶ
151 2148 168 2182 ἠ
182 2146 232 2182 τῆς
249 2146 325 2180 θείας
339 2148 508 2184 ἀγαθότητος
522 2149 646 2185 ἐμφανὴς
659 2149 751 2183 εἰκὼν,
765 2150 780 2177 ὁ
798 2151 884 2186 μέγας

89 2187 178 2223 οὗτος,
202 2192 250 2218 καὶ
272 2192 440 2228 ὀλολαμπὴς,
470 2194 517 2220 καὶ
543 2194 677 2229 ἀείφωτος
702 2195 787 2231 ἥλιος,
813 2195 884 2223 κατὰ

89 2236 235 2264 πολλοστὸν
256 2238 391 2275 ἀπήχημα
411 2239 542 2274 τάγαθοῦ,
565 2241 611 2267 καὶ
632 2241 721 2268 πάντα
739 2242 789 2268 ὅσα
805 2243 883 2278 μετέ-

88 2292 147 2319 χειν
175 2284 256 2311 αὑτοῦ
284 2284 406 2318 δύναται,
433 2285 556 2320 φωτίζει,
579 2287 627 2313 καὶ
650 2287 882 2323 ὑπερηπλωμένον

88 2331 145 2367 ἔχει
161 2331 193 2358 τὸ
207 2331 276 2366 φῶς,
295 2332 336 2365 εῐς
351 2332 439 2359 πάντα
457 2332 581 2366 ὲξαπλῶν
595 2333 642 2359 τὸν
656 2334 753 2369 ὁρατὸν
767 2334 877 2370 κόσμον,

86 2377 144 2406 ἄνω
157 2386 188 2404 τε
209 2378 255 2405 καὶ
275 2377 360 2411 κάτω,
376 2378 426 2411 τὰς
439 2379 494 2406 τῶν
508 2378 616 2405 οἰκείων
636 2379 754 2406 ἀκτίνων
773 2381 860 2415 αὐγάς
870 2390 876 2396 ·

87 2423 136 2450 καὶ
150 2422 177 2450 ei
192 2431 218 2450 τι
237 2423 326 2450 αὐτῶν
336 2424 366 2451 οὺ
387 2425 513 2460 μετέχει,
527 2425 607 2451 τοῦτο
620 2425 651 2451 οὐ
667 2425 718 2460 τῆς
736 2425 879 2462 ἀδρανείας

85 2469 104 2505 ἢ
118 2469 168 2505 τῆς
186 2469 355 2507 βραχύτητος
369 2473 427 2499 ἐστι
442 2473 493 2508 τῆς
511 2473 678 2508 φωτιστικῆς
693 2472 779 2500 αὑτοῦ
793 2473 879 2501 διαδό-

85 2523 166 2547 σεως,
185 2515 253 2543 ἀλλὰ
266 2517 321 2544 τῶν
332 2517 377 2544 διὰ
391 2518 564 2554 φωτοληψίας
582 2519 823 2555 ἀνεπιτηδειότητα
841 2520 878 2555 μὴ

84 2561 297 2598 ὰναπλουμὲνων
317 2563 340 2579 ³⁸
364 2564 405 2597 εἰς
424 2564 473 2600 τὴν
487 2565 577 2600 φωτὸς
596 2565 751 2601 μετουσίαν.
770 2565 878 2600 Ἀμέλει

84 2606 172 2634 πολλὰ
194 2608 250 2635 τῶν
272 2608 359 2642 οὕτως
373 2610 490 2645 ἐχόντων
506 2612 522 2646 ἡ
544 2612 623 2644 ἀκτὶς
637 2612 823 2646 διαϐαίνουσα,
843 2612 878 2639 τὰ

85 2653 146 2688 μετ’
162 2654 254 2681 ἐκεῖνα
269 2656 391 2690 φωτίζει,
411 2657 458 2683 καὶ
480 2658 559 2685 οὐδέν
579 2659 637 2686 ἐστι
659 2659 714 2687 τῶν
728 2659 833 2695 ὁρατῶν
846 2656 876 2686 οὗ

124 2727 138 2742 ³
148 2722 217 2751 Gen.
239 2731 258 2756 ι,
277 2724 319 2752 16.

942 997 1031 1029 gerat,
1056 992 1210 1020 etelestium
1238 991 1319 1018 etiam
1341 989 1536 1027 principiorum
1551 999 1577 1021 et
1591 997 1738 1027 subtermi-

941 1039 1081 1067 nationum
1093 1046 1176 1066 causa
1191 1042 1233 1065 est
1254 1038 1367 1070 bonum,
1389 1038 1452 1067 item
1479 1040 1639 1070 substantiae
1657 1044 1738 1078 hujus

941 1085 1065 1113 caelestis
1081 1091 1141 1119 qua:
1157 1091 1210 1111 non
1225 1088 1341 1118 augetur
1354 1091 1441 1118 neque
1457 1085 1604 1119 minuitur,
1619 1093 1646 1115 et
1659 1090 1736 1124 peni-

941 1136 985 1158 tus
1013 1139 1066 1158 non
1095 1132 1234 1164 variatur,
1255 1135 1283 1158 et
1307 1135 1427 1158 motuum
1459 1132 1579 1161 ctelestis
1608 1135 1736 1164 curriculi

939 1178 1098 1211 vastissimi,
1122 1185 1175 1204 non
1190 1177 1359 1209 sonantium,
1381 1177 1403 1205 si
1426 1178 1462 1205 ita
1483 1178 1555 1214 loqui
1576 1186 1692 1215 oportet,
1709 1187 1738 1210 et

939 1224 1065 1251 ordinum
1080 1223 1232 1256 stellarum,
1248 1227 1276 1250 et
1291 1223 1534 1258 pulcltritudinum,
1549 1230 1577 1253 et
1589 1226 1736 1261 lutninmn,

938 1275 966 1298 et
981 1270 1140 1298 inllxionnm
1165 1277 1271 1302 earum,
1298 1275 1327 1297 et
1345 1270 1503 1305 multiplicis
1521 1279 1616 1300 cursus
1631 1282 1735 1309 vagan-

938 1317 974 1344 tis
1003 1317 1185 1351 quorumdam
1204 1316 1324 1344 siderum
1339 1336 1347 1348 ,
1371 1321 1399 1344 et
1413 1317 1529 1345 duorum
1547 1318 1734 1355 luminarinm,

938 1371 998 1397 qua:
1028 1362 1171 1397 Scriptura
1210 1367 1290 1390 vocat.
1326 1368 1482 1398 magna“,
1518 1364 1674 1401 circuitus,
1707 1373 1735 1394 et

937 1410 1045 1443 eodem,
1071 1410 1142 1436 unde
1167 1408 1292 1444 profecta
1316 1413 1400 1442 sttut,
1433 1411 1607 1444 reversionis,
1635 1413 1735 1447 quibus

939 1455 1011 1490 apud
1035 1463 1086 1482 nos
1101 1455 1158 1483 dies
1171 1460 1199 1482 et
1218 1460 1314 1482 noctes
1335 1455 1559 1490 distinguuntur;
1578 1463 1605 1484 et
1627 1466 1735 1487 menses

937 1505 1019 1535 atque
1031 1500 1095 1527 anni
1110 1500 1214 1527 deliniti
1231 1501 1304 1535 ipsos
1326 1506 1416 1528 motus
1431 1503 1573 1537 temporis,
1592 1509 1619 1531 et
1639 1513 1732 1532 eortun

937 1554 997 1582 qum
1008 1546 1034 1573 in
1056 1551 1180 1582 tempore
1192 1551 1268 1580 sunt,
1280 1547 1383 1575 circulo
1398 1549 1537 1577 conlectos
1554 1550 1733 1586 distinguunt,

939 1599 1094 1624 numerant.
1108 1593 1239 1620 ordinant
1256 1597 1284 1620 et
1298 1594 1450 1621 continent.
1466 1594 1537 1628 Quid
1550 1601 1640 1624 autem
1656 1598 1734 1625 dica-

939 1644 982 1666 tur
996 1639 1029 1666 de
1041 1638 1157 1673 ipsomet
1171 1638 1249 1666 radio
1264 1639 1350 1666 solis?
1362 1647 1377 1666 a
1399 1648 1505 1668 summo
1519 1642 1591 1669 enim
1607 1643 1678 1670 bono
1693 1644 1734 1670 ln-

939 1692 999 1713 Iuen
1022 1685 1214 1720 proﬁciscitur,
1236 1690 1264 1713 et
1285 1687 1374 1720 imago
1398 1686 1529 1714 bonitatis
1547 1692 1613 1719 est;
1637 1695 1734 1723 quam-

938 1733 1033 1760 obrem
1062 1731 1174 1759 nomine
1195 1731 1306 1759 luminis
1325 1732 1426 1759 bonum
1444 1733 1581 1767 laudatur,
1603 1738 1731 1769 tanquam

937 1782 1066 1814 appareat
1080 1779 1197 1813 primum
1214 1778 1355 1812 exemplar
1373 1778 1399 1805 in
1415 1778 1543 1814 imagine.
1563 1779 1639 1807 Sicut
1658 1781 1731 1808 enint

937 1826 1047 1854 bonitas
1060 1825 1213 1853 divinitatis
1225 1833 1285 1859 qua:
1300 1833 1382 1860 supra
1395 1826 1485 1853 omm'a
1499 1831 1551 1860 est,
1567 1834 1582 1854 a
1595 1829 1732 1862 supremis

936 1877 964 1899 et
976 1871 1191 1907 provectissimis
1205 1870 1364 1899 substantiis
1377 1880 1463 1907 usque
1475 1873 1509 1899 ad
1519 1877 1657 1900 extremas
1668 1881 1731 1908 per-

936 1918 1020 1949 vadit.
1037 1923 1065 1945 et
1079 1918 1167 1946 adlmc
1183 1924 1264 1952 supra
1280 1925 1375 1946 omnes
1391 1923 1443 1952 est,
1459 1919 1496 1946 ita
1507 1923 1535 1946 ut
1548 1926 1636 1953 neque
1647 1926 1730 1953 supe-

937 1965 1023 1992 riores
1052 1972 1138 1999 usque
1164 1966 1198 1992 ad
1231 1965 1303 1993 illius
1335 1965 1526 1993 excellentiam
1557 1966 1730 2000 pertingant;

936 2019 986 2038 nec
1009 2010 1152 2038 inferiores
1177 2011 1237 2046 ejus
1266 2011 1398 2038 ambitum
1424 2014 1631 2045 pertranseant;
1663 2011 1728 2046 quin

936 2056 1025 2092 potius
1039 2057 1131 2084 omnia
1151 2064 1211 2092 qua)
1234 2056 1382 2084 illuminari
1402 2061 1518 2092 possunt
1534 2056 1679 2088 illutninat,
1701 2061 1729 2084 et

935 2108 1024 2137 creat,
1040 2108 1067 2130 ct
1081 2103 1166 2130 vitam
1183 2103 1240 2136 dat,
1254 2107 1282 2130 et
1294 2103 1425 2135 continet,
1439 2107 1466 2130 et
1477 2102 1595 2137 perlicit,
1612 2106 1640 2129 et
1653 2109 1729 2129 men-

935 2158 997 2178 sura
1013 2155 1054 2177 est
1065 2157 1158 2178 eorum
1175 2157 1234 2184 qua:
1246 2154 1321 2182 sunt,
1342 2154 1370 2177 et
1382 2157 1481 2183 aevum,
1502 2153 1530 2176 et
1545 2156 1684 2180 numerus,
1700 2153 1729 2176 el.

934 2196 1012 2228 ordo,
1033 2201 1060 2222 et
1074 2195 1244 2230 complexus,
1256 2200 1284 2223 et
1297 2202 1391 2228 causa,
1404 2200 1488 2229 atque
1502 2195 1578 2228 linis;
1591 2194 1631 2222 sic
1643 2193 1727 2221 etiam

935 2243 1030 2276 Ingens
1047 2241 1114 2274 istc,
1140 2246 1168 2269 et
1191 2246 1263 2269 totus
1285 2241 1443 2276 splendidus
1461 2249 1491 2269 ac
1509 2248 1618 2275 seraper
1633 2240 1728 2268 lucens

934 2289 973 2317 sol
998 2289 1086 2324 imago
1109 2295 1237 2323 expressa
1252 2293 1295 2316 est
1312 2288 1410 2315 divinae
1425 2287 1567 2321 bonitatis,
1589 2291 1728 2322 quatenus

935 2336 1125 2365 tenuissimum
1141 2335 1206 2369 quid
1228 2334 1302 2361 illius
1323 2334 1385 2362 boni
1406 2334 1433 2361 iu
1453 2340 1486 2361 eo
1497 2332 1591 2368 procul
1604 2337 1725 2369 resonat,

934 2388 962 2411 et
980 2381 1069 2409 omnia
1084 2389 1144 2416 qua:
1155 2388 1216 2408 eum
1235 2380 1399 2415 participare
1412 2384 1527 2414 possunt
1547 2379 1678 2412 illustrat,
1697 2384 1725 2406 et.

934 2428 1022 2455 lumen
1045 2427 1127 2454 habet
1149 2433 1230 2460 supra
1249 2429 1403 2456 extensum,
1429 2425 1500 2459 quod
1523 2425 1549 2451 in
1568 2424 1725 2451 univursum

933 2473 1062 2500 muluium
1079 2471 1126 2507 qui
1143 2471 1279 2503 cernitur,
1303 2476 1359 2497 tum
1379 2470 1561 2505 superiOrem,
1585 2474 1640 2497 tum
1657 2469 1724 2497 infe-

931 2520 1042 2553 riorem,
1067 2519 1212 2554 splendore
1238 2517 1377 2544 radiorqu
1402 2523 1515 2544 suorum
1537 2515 1723 2551 multiplicat;

929 2570 956 2594 et
969 2565 992 2593 si
1005 2565 1071 2600 quid
1084 2573 1146 2593 eum
1166 2572 1219 2591 non
1234 2563 1390 2599 participat,
1407 2570 1460 2590 non
1473 2567 1516 2591 est
1527 2563 1554 2590 iu
1574 2570 1655 2590 causa
1672 2563 1725 2590 im-

928 2612 1062 2640 becillitas
1086 2616 1132 2639 aut
1155 2611 1274 2639 tenuitas
1298 2609 1438 2636 facultatis
1464 2608 1644 2642 illuminandi,
1674 2608 1724 2637 sed

928 2660 1017 2694 potius
1032 2665 1089 2686 rem
1105 2658 1189 2693 ipsam
1204 2665 1256 2684 non
1278 2663 1338 2684 eSSe
1350 2654 1509 2690 expeditam
1523 2655 1556 2682 ad
1574 2655 1720 2690 participa-

733 2796 850 2824 νΛΙιιίΕ
869 2796 1071 2824 LECTIONES.

132 2864 156 2880 ”‘
169 2864 366 2905 ὑπαιρηχοξσα.
396 2865 775 2905 "fibrtorrkspatttiioawvdegit
790 2867 931 2905 Maximus
943 2867 1140 2905 Scholiastes,‘
1159 2869 1192 2905 ff"
1204 2869 1314 2904 εὐρείας
1343 2868 1383 2905 vel
1408 2868 1531 2905 εὐροίαςχ
1546 2867 1565 2893 Γ)
1599 2865 1632 2905 θξλ-
1652 2865 1714 2905 ,δο-

83 2900 106 2915 ⁸⁸
121 2900 238 2932 ὲνιαίων,

83 2935 168 2967 τάτω,
182 2935 212 2963 υ.
224 2935 254 2964 I’.
294 2936 316 2953 ⁹⁰
331 2936 558 2972 ἀναπαυομένων,
573 2937 600 2964 δ.

291 2900 356 2941 1.5‘.'-
395 2902 416 2915 ⁸⁷
437 2901 595 2941 ἀφτζρίξουῖι
608 2902 635 2928 δὲ
657 2902 713 2936 καί»
729 2902 778 2937 Μις
800 2903 869 2933 forte
884 2912 913 2931 τε
925 2904 1080 2939 legendum.
1120 2903 1142 2919 ⁸³
1156 2904 1183 2930 δέ
1197 2900 1251 2933 non
1261 2909 1304 2933 est
1315 2905 1342 2933 in
1361 2904 1388 2931 S.
1408 2900 1500 2932 [ὃς.
1516 2902 1565 2930 Sar
1608 2901 1629 2917 ’θ
1645 2901 1716 2928 evm-
