1938 3065
101 205 155 234 701

639 210 684 237 DE
702 208 829 237 DIVINIS
844 206 1042 240 NOMINIBUS,
1060 206 1138 235 CAP.
1157 206 1200 235 IV.

1681 206 1735 233 702

99 265 217 292 ἐκείνων
239 265 332 302 ὥσπερ
351 267 559 303 ἀπογενομένων
572 269 594 285 ’⁸
612 267 709 303 φωτὸς,
730 269 779 295 καὶ
794 268 889 304 μᾶλλον

945 268 1109 296 mediocrem
1127 266 1298 302 splendorem
1309 275 1317 300 ;
1330 266 1437 300 deinde,
1454 272 1582 302 tanquam
1593 269 1734 300 degustato
1760 255 1764 280 ί

99 306 266 343 ἐφιεμένων,
295 311 394 345 μᾶλλον
414 312 512 348 ἑαυτὴν
532 313 671 346 ἐνδιδόναι,
693 314 740 340 καὶ
760 313 898 350 περισσῶς

98 352 280 389 ὲπιλάμπειν,
297 356 338 382 ὅτι
353 356 500 393 ἠγάπησαν
518 358 584 385 πολύ
596 368 603 374 ·
627 360 674 386 καὶ
688 359 731 385 ἀεὶ
746 359 896 386 ἀνατείνειν

97 398 189 431 αὑτὰς
198 401 220 416 ⁹⁹
235 401 282 428 ἐπὶ
295 401 329 428 τὰ
343 402 451 437 πρόσω,
467 403 537 430 κατὰ
548 404 597 440 τὴν
613 405 687 440 σφῶν
700 405 740 436 είς
753 405 896 432 ἀνάνευσιν

96 445 258 481 ἀναλογίαν,

947 313 1059 346 lumine,
1087 317 1114 340 et
1136 312 1225 340 oculis
1243 311 1300 345 jam
1326 313 1414 347 magis
1437 318 1496 347 post
1517 312 1733 348 degustationem

947 360 1038 387 lumen
1055 359 1260 394 appelentibus,
1272 358 1358 393 magis
1367 366 1395 385 se
1411 359 1547 393 impertit,
1559 363 1586 385 et
1598 358 1736 392 copiosius

945 404 1052 440 fulget;
1070 404 1133 439 quia
1151 404 1304 432 dilexerunt
1319 404 1432 431 multum
1452 410 1483 434 P:
1508 412 1541 432 ac
1562 411 1670 438 semper
1689 410 1736 430 eas

946 451 1059 478 ulterius
1071 450 1197 486 provehit
1215 450 1392 486 proportione
1408 450 1493 477 stttdii
1509 458 1603 478 earum
1620 450 1654 477 ad
1666 449 1736 484 aspi-

945 497 1071 525 ciendum
1091 504 1210 524 sursum.

875 570 888 606 ς
904 567 958 598 v1.

137 634 198 667 Φῶς
209 633 255 664 οὖν
277 639 371 674 νοητὸν
383 639 489 674 λέγεται
504 641 534 668 τὸ
548 641 617 678 ὑπὲρ
633 642 687 669 πᾶν
705 641 762 677 φῶς
779 642 891 677 ἀγαθὸν,

97 681 140 713 ὡς
165 683 244 716 ἀκτὶς
270 686 375 721 πηγαία
408 687 455 713 καὶ
485 688 692 724 ὑπερϐλύζουσα
717 689 891 725 φωτοχυσία,

98 729 191 756 πάντα
205 729 250 756 τὸν
269 731 451 768 ὑπερκύσμιον
469 734 516 760 καὶ
530 735 709 770 περικόσμιον
735 736 834 767 ¹⁰¹³,καὶ
849 736 894 769 ἐγ-

98 773 216 809 κόσμιον
233 776 304 809 νοῦν,
322 778 355 804 ὲκ
377 778 424 805 τοῦ
447 778 628 816 πληρώματος
652 781 736 816 αὐτῆς
758 780 895 816 καταλάμ-

98 827 201 852 πουσα,
223 822 270 848 καὶ
281 822 331 854 τὰς
341 824 437 859 νοερὰς
461 825 550 852 αὐτῶν
568 825 631 858 ὅλας
646 825 828 858 ἀνανεάζουσα
848 827 892 853 δυ-

97 865 207 899 νάμεις,
229 868 275 893 καὶ
291 867 396 901 πάντας
417 869 581 906 περιέχουσα
598 872 606 888 ¹
626 872 666 908 τῷ
681 871 890 909 ὑπερτετάσθαι,

97 911 148 937 καὶ
162 912 270 940 πάντων
285 913 457 951 ὑπερέχουσα
469 917 508 952 τῷ
527 918 714 953 ὑπερκεῖσθαι’
728 919 774 946 καὶ
788 919 892 951 ἁπλῶς,

979 641 1083 669 Lumen
1122 641 1205 676 igitur
1250 639 1407 667 intellectile
1441 638 1543 665 dicitur
1578 637 1644 665 illud
1687 637 1737 664 ho-

945 695 1009 715 num
1033 687 1105 722 quod
1133 691 1176 714 est
1195 693 1276 721 supra
1299 693 1379 713 onme
1402 685 1504 717 lumen,
1531 689 1660 718 tanquam
1677 683 1737 711 fons

945 733 1085 760 radiorum
1121 736 1149 758 et
1179 730 1276 758 eﬁusio
1311 731 1423 759 luminis
1455 730 1592 758 inundans
1626 737 1734 757 omnem

945 781 1061 805 mentem
1093 776 1358 812 supramuudanam,
1398 780 1426 804 et
1450 776 1734 807 circummundanam,

945 828 972 850 et
990 823 1155 850 mundanam
1169 830 1203 850 ex
1218 822 1386 857 plenitudine
1406 829 1454 849 sua
1470 822 1636 854 illuminans,
1652 826 1680 850 et
1694 826 1734 849 to-

947 874 988 896 tas
1007 876 1102 896 earum
1123 868 1269 896 facultates
1286 868 1456 903 intelligendi
1478 875 1624 900 renovans,
1639 873 1666 896 et
1677 875 1737 895 om-

946 923 995 942 nes
1010 915 1172 948 continens,
1188 921 1323 950 quatenus
1339 922 1420 949 supra
1437 922 1531 942 omnes
1549 915 1688 947 tenditur;
1708 920 1737 942 et

97 957 191 984 πᾶσαν
210 958 261 993 τῆς
285 961 452 996 φωτιστικῆς
474 962 614 998 δυνάμεως
634 964 683 999 τὴν
707 964 835 1000 κυρείαν,
857 965 889 996 ὡς

946 961 1076 988 omnibus
1099 961 1278 994 antecellens,
1303 966 1440 995 quatenus
1462 968 1545 995 supra
1562 967 1656 987 omnes
1671 964 1735 992 stat,

96 1002 254 1038 ἀρχίφωτος
264 1006 310 1032 καὶ
323 1006 494 1043 ὑπέρφωτος,
511 1009 540 1035 ὲν
554 1009 636 1045 ἑαυτῇ
652 1009 831 1042 συλλαϐοῦσα,
846 1011 893 1037 καὶ

97 1048 279 1084 ὑπερέχουσα,
303 1052 350 1078 καὶ
365 1054 527 1088 προέχουσα,
549 1055 595 1082 καὶ
614 1055 648 1082 τὰ
674 1056 754 1092 νοερὰ
775 1057 822 1083 καὶ
838 1056 892 1083 τὰ²

95 1092 195 1129 λογικὰ
217 1097 304 1124 πάντα
323 1099 486 1133 συνάγουσα,
514 1102 561 1128 καὶ
586 1102 667 1138 ἀολλῆ
687 1103 811 1130 ποιοῦσα.
836 1104 892 1131 Καὶ

95 1141 153 1176 γὰρ
168 1142 263 1179 ὥσπερ
282 1146 297 1180 ὴ
314 1145 408 1180 ἄγνοια
424 1147 576 1184 διαιρετικὴ
598 1149 653 1176 τῶν
675 1150 891 1186 πεπλανημένων

95 1186 184 1219 ἐστὶν,
200 1189 286 1221 οὓτως
300 1191 315 1226 ή
333 1191 380 1217 τοῦ
394 1193 489 1227 νοητοῦ
504 1194 592 1228 φωτὸς
607 1195 753 1231 παρουσία,
770 1204 892 1231 συναγω-

95 1232 145 1266 γὺς
158 1234 204 1260 καὶ
224 1235 338 1272 ἑνωτικὴ
351 1236 404 1264 τῶν
422 1238 612 1274 φωτιζομένων
630 1241 703 1273 ἐστὶ,
727 1241 775 1268 καὶ
788 1241 892 1269 τελειω-

94 1279 171 1314 τικὴ,
190 1280 237 1307 καὶ
260 1281 300 1308 ἔτι
327 1282 338 1298 ³
368 1284 564 1321 ὲπιστρεπτικὴ
595 1286 662 1320 πρὸς
685 1286 715 1313 τὸ
740 1287 825 1319 ὄντως
850 1286 890 1321 ὃν,

94 1325 150 1351 ἀπὸ
162 1326 216 1352 τῶν
234 1327 338 1355 πολλῶν
355 1329 531 1366 δοξασμάτων
544 1332 756 1368 ἐπιστρέφουσα,
782 1334 830 1360 καὶ
842 1334 893 1366 τὰς

95 1371 222 1404 ποικίλας
241 1372 326 1407 ὄψεις,
347 1374 364 1410 ἢ
385 1375 551 1412 κυριώτερον
565 1377 662 1409 εἰπεῖν,
678 1377 836 1411 φαντασίας,
850 1378 891 1410 εἰς

96 1416 163 1452 μίαν
189 1416 274 1454 ἀληθῆ
298 1418 345 1444 καὶ
368 1419 502 1455 καθαρὰν,
529 1421 575 1447 καὶ
596 1420 719 1456 μονοειδῆ
739 1421 890 1456 συνάγουσα

95 1463 206 1496 γνῶσιν,
222 1463 268 1490 καὶ
284 1464 342 1497 ἑνὸς
355 1465 402 1492 καὶ
421 1466 549 1493 ὲνωτικοῦ
564 1467 651 1501 φωτὸς
664 1467 839 1502 ὲμπιπλῶσα.

945 1012 1028 1042 atque.
1041 1007 1206 1042 simpliciter
1221 1014 1331 1034 omnem
1349 1005 1532 1041 principatum
1553 1004 1735 1037 illuminandi,

945 1057 1074 1088 tanquam
1094 1054 1223 1088 princeps
1237 1052 1358 1084 luminis,
1374 1057 1401 1079 et
1419 1059 1583 1087 supraquam
1599 1051 1690 1078 lumen
1707 1050 1734 1077 in

944 1106 974 1126 se
998 1098 1224 1133 comprehensum
1246 1098 1339 1131 habet,
1362 1103 1390 1125 et
1413 1105 1578 1132 supraquam
1600 1097 1691 1129 habet,
1708 1101 1736 1123 et

943 1143 1097 1177 przehabet,
1121 1148 1204 1178 atque
1224 1144 1316 1170 omnia
1342 1144 1450 1170 ratione
1469 1147 1497 1170 et
1519 1146 1611 1170 mente
1632 1142 1735 1170 utentia

944 1194 1105 1224 congregat,
1121 1195 1148 1217 et
1164 1191 1189 1216 in
1207 1198 1291 1216 unum
1306 1189 1428 1224 copulat.
1443 1189 1550 1216 Etenim
1572 1190 1643 1217 sicut
1658 1190 1735 1224 igno-

947 1236 1035 1262 rantia
1054 1240 1182 1262 errantes
1200 1236 1318 1268 dirimit;
1336 1235 1376 1262 sic
1392 1235 1525 1262 adVentus
1538 1235 1651 1262 luminis
1667 1243 1734 1262 con—

945 1285 1039 1315 gregat
1059 1285 1086 1307 et
1105 1281 1218 1315 copulat
1237 1280 1414 1313 illuminatos,
1438 1280 1601 1314 perlicitque
1622 1287 1680 1313 eos,
1706 1286 1735 1307 et

945 1327 978 1353 ad
995 1326 1021 1353 id
1037 1327 1109 1361 quod
1124 1334 1188 1354 vere
1209 1332 1251 1354 est
1265 1327 1412 1358 convertit,
1424 1333 1439 1353 a
1454 1326 1548 1353 multis
1566 1325 1734 1360 opinationi-

943 1371 994 1399 bus
1007 1379 1055 1399 eos
1069 1379 1221 1404 revocans,
1241 1380 1273 1399 ac
1292 1373 1385 1400 varios
1407 1378 1544 1407 aspectus,
1563 1371 1615 1404 vel,
1636 1377 1665 1399 ut
1676 1379 1735 1399 ma-

941 1419 982 1454 εἰς
997 1420 1108 1454 proprie
1122 1420 1213 1446 dicam
1227 1441 1234 1455 ,
1254 1420 1330 1446 varia
1345 1412 1371 1446 in
1385 1427 1468 1445 unam
1493 1426 1584 1446 veram
1599 1425 1626 1446 et
1639 1427 1734 1453 puram

940 1472 973 1492 ac
991 1465 1142 1499 simplicem
1158 1466 1343 1500 cognitionem
1356 1465 1508 1498 contrahit,
1521 1470 1549 1492 et
1565 1473 1618 1492 uno
1632 1464 1734 1492 lumine

940 1512 1039 1540 nnitico
1053 1512 1158 1548 implet.

850 1588 864 1624 ς
890 1586 962 1618 VII.

130 1669 214 1695 Τοῦτο
235 1668 351 1702 τάγαθὸν
365 1668 488 1704 ὑμνεῖται
509 1668 577 1704 πρὸς
589 1669 643 1696 τῶν
660 1669 740 1706 ιερῶν
754 1669 886 1704 θεολόγων
900 1675 922 1703 C

94 1714 143 1740 καὶ
162 1713 201 1745 ὡς
220 1713 313 1745 καλὸν,
328 1714 374 1740 καὶ
387 1714 424 1746 ὡς
444 1714 550 1747 κάλλος,
565 1714 613 1741 καὶ
625 1715 663 1747 ὼς
676 1715 770 1750 ἀγάπη
784 1716 832 1741 καὶ
851 1716 889 1748 ὼς

94 1760 249 1795 ἀγαπητὸν,
270 1760 317 1786 καὶ
328 1760 389 1788 ὅσαι
403 1761 481 1788 ἄλλαι
504 1762 650 1797 εὐπρεπεῖς
663 1763 715 1788 εἰσι
727 1762 775 1797 τῆς
795 1762 890 1789 καλλο-

94 1806 173 1833 ποιοῦ
199 1806 245 1833 καὶ
265 1808 486 1843 κεχαριτωμένης
509 1808 520 1824 ⁵
544 1809 710 1844 ὡραιότητος
731 1809 887 1844 θεωνυμίαι.

95 1853 133 1879 Τὸ
148 1853 176 1880 δὲ
196 1853 277 1880 καλὸν
298 1853 344 1880 καὶ
357 1853 454 1886 κάλλος
473 1854 620 1889 διαιρετέον
641 1855 688 1881 ἐπὶ
700 1855 748 1890 τῆς
759 1856 788 1881 ὲν
801 1855 841 1881 ἐνὶ
854 1855 889 1882 τὰ

93 1900 143 1926 ὅλα
155 1900 345 1936 συνειληφυίας
358 1901 446 1932 αἰτίας
457 1909 463 1915 ·
487 1900 574 1927 ταῦτα
587 1901 642 1936 γὰρ
655 1901 700 1927 ἐπὶ
716 1901 766 1936 μὲν
779 1901 832 1928 τῶν
845 1901 889 1928 ὅν-

93 1954 151 1972 των
171 1946 298 1972 ἁπάντων
313 1947 323 1961 ⁵
342 1946 382 1977 είς
402 1946 518 1981 μετοχὰς
529 1946 577 1972 καὶ
592 1945 740 1982 μετέχοντα
752 1946 888 1982 διαιροῦν-

94 1999 151 2023 τες,
174 1991 254 2018 καλὸν
277 1992 325 2027 μὲν
347 1989 417 2018 εἶναι
440 1991 554 2027 λέγομεν
574 1992 605 2018 τὸ
625 1991 738 2024 κάλλους
758 1993 887 2028 μετέχον,

95 2038 193 2069 κάλλος
213 2037 242 2063 δὲ
254 2038 303 2073 τὴν
324 2038 439 2073 μετοχὴν
452 2038 501 2073 τῆς
513 2037 673 2065 καλλοποιοῦ
689 2038 743 2065 τῶν
756 2038 823 2065 ὅλων
837 2048 887 2065 κα-

95 2083 148 2110 λῶν
161 2084 258 2115 αἰτίας.
279 2084 315 2109 Τὸ
328 2083 356 2109 δὲ
370 2083 530 2118 ὑπερούσιον
544 2084 625 2111 καλὸν
639 2084 736 2116 κάλλος
750 2085 799 2120 μὲν
811 2085 904 2122 λέγε-Ι

94 2139 151 2161 ται,
166 2130 209 2157 διὰ
228 2131 278 2166 τὴν
291 2130 338 2157 ἀπ’
351 2130 433 2156 αὑτοῦ
449 2131 516 2157 πᾶσι
535 2132 592 2162 τοῖς
604 2129 663 2158 οὖσι
677 2130 901 2167 μεταδιδομένην“

95 2176 203 2208 οἰκείως
225 2177 332 2211 ἑκάστῳ
343 2176 475 2212 καλλονὴν
485 2196 492 2208 ,
512 2177 558 2204 καὶ
571 2177 609 2209 ὡς
620 2177 669 2213 τῆς
683 2178 790 2205 πάντων
804 2178 886 2214 εὐαρ-

97 2222 209 2257 μοστίας
227 2223 275 2248 καὶ
296 2222 411 2260 ἀγλαΐας
430 2222 525 2254 αἴτιον,
546 2223 624 2258 δίκην
645 2223 732 2257 φωτὸς
757 2223 887 2258 ὲναστρά-

95 2277 161 2294 πτον
176 2268 186 2284 ⁸
200 2268 286 2295 ἆπασι
309 2268 359 2300 τὰς
382 2269 558 2300 καλλοποιοὺς
573 2269 624 2304 τῆς
644 2270 765 2304 πηγαίας
780 2270 887 2302 ἀκτῖνος

94 2314 176 2342 αὑτοῦ
199 2314 364 2350 μεταδόσεις,
383 2315 431 2341 καὶ
443 2315 480 2347 ὡς
503 2314 591 2341 πάντα
608 2315 676 2351 πρὸς
696 2315 775 2342 ἑαυτὸ
789 2315 886 2342 καλοῦν

974 1669 1031 1697 Hoc
1052 1669 1118 1697 item
1143 1670 1244 1698 bonum
1268 1670 1397 1698 laudatur
1416 1677 1431 1696 a
1447 1670 1535 1698 sacris
1554 1670 1687 1705 theologis
1702 1677 1731 1699 nt

941 1714 1085 1750 pulchrum
1099 1721 1127 1743 et
1143 1721 1172 1742 ut
1185 1715 1371 1751 pulchritudo,
1386 1720 1414 1742 et
1432 1720 1462 1742 ut
1477 1716 1587 1743 dilectio
1602 1723 1629 1744 et
1644 1722 1673 1743 ul.
1687 1718 1730 1745 di-

940 1760 1052 1794 lectum,
1076 1765 1104 1788 et
1127 1769 1297 1796 quacunque
1321 1762 1374 1789 alia
1398 1765 1462 1789 sunt
1489 1762 1579 1789 divina
1607 1763 1729 1797 nomina,

940 1806 1039 1840 quibus
1064 1806 1122 1841 ipse
1144 1807 1287 1842 speciosus
1309 1808 1391 1835 decor
1408 1812 1435 1844 et
1449 1807 1562 1835 effector
1576 1808 1730 1842 pulchritu-

939 1851 1012 1880 dinis
1035 1852 1167 1881 decenter
1201 1854 1371 1881 nominatur.
1404 1854 1553 1882 Pulchrum
1583 1860 1673 1883 autem
1702 1861 1729 1883 et

939 1897 1110 1932 pulchritudo
1135 1904 1200 1927 sunt
1225 1900 1416 1935 distinguenda
1437 1901 1464 1928 in
1480 1908 1562 1928 causa
1577 1909 1638 1935 qua:
1666 1902 1729 1928 uni-

939 1950 1017 1970 versa
1038 1944 1066 1970 in
1087 1952 1140 1973 uno
1168 1945 1308 1980 complexa
1342 1952 1401 1980 est;
1423 1946 1479 1974 haec
1500 1947 1576 1974 enim
1598 1947 1623 1974 in
1640 1948 1730 1974 omni-

940 1988 990 2015 bus
1015 1989 1109 2023 rebus,
1138 1990 1165 2017 in
1185 1991 1410 2026 participationes
1436 1997 1464 2019 et
1487 1993 1515 2019 in
1537 1993 1728 2028 participantia

939 2034 1105 2071 dividentes,
1134 2037 1278 2072 pulchrum
1295 2037 1403 2072 quidem
1420 2038 1546 2071 dicimus,
1571 2039 1643 2073 quod
1667 2039 1728 2073 pul-

938 2082 1101 2110 chritudiuis
1128 2083 1265 2117 particeps
1294 2087 1356 2116 est;
1391 2083 1622 2118 pulchritudinem
1652 2092 1726 2116 vero,

939 2129 1176 2163 participationem
1200 2137 1291 2157 eausa:
1316 2131 1407 2157 omnia
1432 2130 1547 2165 pulchra
1568 2130 1725 2158 efficientis.

938 2176 1028 2210 Ipsum
1044 2176 1132 2202 autem
1145 2175 1289 2209 pulchrum
1307 2176 1542 2211 superessentiale
1554 2177 1728 2212 pulchritudo

938 2222 1048 2257 quidem
1070 2221 1234 2256 appellatur,
1261 2227 1375 2257 propter
1397 2221 1471 2249 illam
1497 2222 1727 2256 pulchritudinem

938 2275 1019 2302 quam
1044 2267 1126 2294 rebus
1149 2268 1279 2294 omnibus
1303 2275 1353 2301 pro
1371 2268 1503 2303 cujusque
1525 2268 1633 2295 modqu
1653 2275 1728 2295 com-

939 2314 1072 2347 municat,
1091 2313 1119 2340 in
1141 2318 1272 2348 quantum
1294 2318 1440 2354 echaasa
1461 2315 1550 2354 omnis
1573 2315 1726 2349 pulehritu-
1749 2306 1753 2311 ’

95 2360 166 2396 (ὅθεν
189 2345 235 2387 καὶ
247 2345 362 2395 vidulon
374 2345 499 2395 λέγεται)
521 2361 569 2386 καὶ
586 2345 636 2392 ὡς.
650 2345 698 2387 ὅλα
716 2362 744 2388 ὲν
763 2360 834 2393 ὅλοις
847 2362 887 2392 εἰς

943 2359 1011 2386 dinis
1026 2367 1059 2386 ac
1072 2360 1237 2393 venustatis,
1252 2360 1315 2386 dum
1323 2345 1512 2395 ‘éya‘réijiié
1528 2351 1653 2388 omnibus
1668 2360 1726 2395 pul-

94 2405 176 2432 ταὺτὸ
188 2405 313 2439 συνάγον.
328 2405 416 2432 Καλὸν
429 2406 457 2431 δὲ
471 2406 508 2437 ὡς
521 2406 661 2440 πάγκαλον
673 2405 732 2441 ἅμα
745 2407 791 2432 καὶ
803 2407 884 2442 ὑπέρ-

95 2452 187 2484 καλον,
211 2453 257 2479 καὶ
268 2452 311 2478 ἀεὶ
324 2451 364 2484 ὃν,
377 2452 446 2478 κατὰ
459 2452 493 2478 τὰ
506 2452 575 2478 αὐτὰ
588 2453 635 2478 καὶ
648 2452 778 2484 ὡσαύτως
790 2453 881 2485 καλὸν,

95 2499 142 2525 καὶ
152 2498 213 2524 οὔτε
226 2498 397 2533 γιγνόμενον,
419 2497 480 2524 οὕτε
492 2497 592 2525 ἀπολλυ
597 2506 686 2533 μενον,
700 2497 761 2524 οὔτε
774 2498 885 2531 αὐξανό-

95 2552 175 2580 μενον
186 2545 207 2576 ⁷,
228 2543 289 2570 οὔτε
311 2544 412 2578 εθίνον,
427 2544 487 2570 οὐδὲ
505 2545 538 2579 τῇ
561 2544 609 2578 μὲν
626 2544 725 2575 καλὸν,
745 2545 777 2579 τῇ
797 2544 826 2569 δὲ
846 2545 886 2570 αί-

95 2590 186 2626 σχρὺν,
207 2590 267 2616 οὐδὲ
288 2590 349 2616 τοτὲ
371 2590 430 2625 μὲν,
443 2590 503 2616 τοτέ
513 2590 541 2616 δὲ
554 2589 595 2622 οὓ,
611 2590 670 2616 οὐδὲ
693 2590 762 2624 πρὸς
780 2591 828 2625 μὲν
841 2590 881 2622 τὺ,

94 2635 175 2662 καλὸν
183 2655 190 2667 ,
204 2636 272 2671 πρὸς
283 2636 312 2662 δὲ
320 2636 360 2667 τὸ,
375 2635 486 2671 αἰσχρόν
498 2644 505 2650 ·
515 2635 575 2662 οὔτε
585 2636 650 2663 ἔνθα
661 2636 719 2672 μὲν,
734 2636 796 2663 ἕνοα
804 2636 832 2662 δὲ
839 2636 881 2669 οὓ,

132 2723 145 2742 P
161 2716 228 2743 an.
243 2722 291 2747 vn,
307 2715 352 2743 d7.

935 2403 1065 2433 ciu-ilices
1087 2406 1197 2433 fontalis
1219 2406 1261 2432 sui
1283 2406 1352 2433 radii
1373 2406 1583 2433 distributiones
1608 2407 1676 2433 lucis
1699 2407 1725 2433 in

938 2461 1041 2480 morem
1062 2452 1147 2486 amat,
1164 2453 1310 2487 omniaque
1332 2453 1365 2479 ad
1387 2460 1416 2480 se
1443 2452 1530 2484 καλεῖ,
1550 2453 1575 2479 id
1599 2457 1640 2479 est
1652 2458 1724 2479 υοειιι

938 2500 1023 2534 (unde
1037 2505 1065 2526 et
1077 2499 1185 2532 κάλλος,
1205 2500 1282 2526 idest
1297 2499 1481 2532 pulchritudo,
1501 2498 1611 2532 dicitur)
1628 2503 1654 2525 et
1668 2503 1724 2525 tota

937 2545 963 2572 in
981 2546 1045 2574 totis
1068 2548 1148 2581 quasi
1164 2547 1191 2573 in
1213 2554 1244 2573 se
1266 2546 1379 2580 colligit.
1399 2545 1548 2573 Pulchrum
1564 2552 1629 2572 vero
1644 2552 1725 2571 voca-

937 2596 991 2624 tur,
1009 2593 1082 2626 quod
1098 2600 1132 2619 ex
1146 2592 1219 2619 omni
1234 2597 1312 2627 parte
1330 2591 1472 2626 pulchrum
1484 2592 1520 2619 sit.
1531 2596 1557 2619 et
1569 2591 1629 2626 plus
1642 2598 1722 2623 quant

936 2639 1088 2673 pulchrum,
1105 2644 1132 2666 et
1145 2644 1273 2674 tanquam
1286 2646 1394 2674 semper
1405 2639 1556 2672 exsistens,
1572 2638 1722 2666 secundum

733 2798 851 2827 VARIIE-
880 2799 1083 2828 LECTIONES.

126 2879 149 2894 ⁸⁸
168 2879 410 2914 ἀπογευσαμὲνων,
425 2878 460 2905 Μ.
499 2879 521 2895 ⁸9
538 2879 645 2911 ἑαυτάς,
661 2878 690 2905 Ι).

95 2913 120 2940 in
137 2915 165 2940 lt.
185 2914 213 2940 P.
268 2914 278 2929 ³
291 2913 330 2941 ἔτι
345 2924 396 2942 non
417 2916 495 2942 habet
513 2915 540 2941 S.
556 2914 584 2941 ιι.

95 2949 216 2985 ξάμενον,
239 2949 269 2976 1.).

732 2880 766 2895 ¹⁰⁰
779 2880 950 2916 ὲπικόσμιον,
964 2882 992 2909 D.
1008 2881 1039 2907 Po

637 2920 646 2930 θ
660 2916 878 2952 κεχαρισμένης,
908 2917 940 2944 M.

1079 2882 1085 2897 '
1099 2881 1285 2913 διαϐαίνουσα,
1301 2881 1330 2909 S,
1340 2881 1370 2909 P.
1393 2883 1402 2897 ²
1416 2879 1551 2916 posterius
1562 2878 1595 2905 τὰ
1609 2887 1662 2905 non
1679 2884 1719 2916 est

990 2918 1000 2933 ³
1015 2917 1068 2943 τῶν
1090 2917 1201 2952 νοητῶν,
1226 2918 1256 2944 lit.
1274 2918 1302 2945 δ.
1354 2918 1364 2933 ⁴⁴
1379 2915 1584 2950 ἀπαστράπτον,
1601 2915 1632 2942 ι).
1649 2916 1657 2930 ⁷
1668 2915 1717 2943 αὺ-
