1938 3065
227 170 281 198 705

816 166 844 192 S.
865 165 1014 193 DlONYSll
1032 164 1264 194 ABEOPAGIT‘E

1812 162 1864 189 70-!

224 229 321 257 eadem
337 231 365 256 et
385 226 482 256 eodem
505 226 586 254 modo
607 225 768 261 pulchrum,
792 233 881 260 neque
898 226 1013 257 factum,

1066 224 1103 256 ὥς
1114 233 1169 250 τισι
1183 224 1232 259 μὲν
1245 224 1255 238 ³
1266 222 1295 250 ὃν
1308 222 1400 254 καλὸν.
1411 223 1466 249 τισὶ
1477 222 1506 249 δὲ
1517 222 1547 249 οὺ
1561 221 1643 248 καλόν
1654 229 1661 237 ’
1676 220 1779 253 ἀλλ’ὡς
1795 221 1866 248 αὑτὸ

225 282 313 309 neque
334 274 517 306 destructum,
546 279 636 308 neque
658 279 819 307 augescens,
852 279 940 307 neque
969 272 1016 300 de-

223 327 361 352 crescens.
388 327 440 347 nec
461 327 494 346 ex
514 323 592 354 parte
608 327 665 346 una
686 318 843 353 pulchrum,
864 322 892 346 et
910 326 944 347 ex
961 318 1015 345 alia

225 371 324 401 turpe.
348 373 437 401 neque
464 365 534 393 alias
554 364 664 400 quidem
683 364 827 400 pulchrum
859 364 927 392 alias
951 371 1016 392 vero

211 422 278 450 .non
291 423 299 448 ;
314 420 405 448 neque
418 412 453 440 ad
469 412 521 440 hoc
537 411 694 447 pulchrum,
705 416 733 440 et
751 411 785 438 ad
800 411 865 438 illud
880 411 1018 439 inconcin-

225 468 308 493 nunt;
339 467 428 494 neque
463 459 507 486 hic
533 458 641 493 quidem
662 458 710 490 ita,
739 457 802 485 alibi
834 465 898 485 vero
926 457 1016 490 aliter,

225 513 274 532 nee
289 509 319 532 ut
335 505 398 532 aliis
420 503 580 536 formosum,
599 502 660 531 aliis
680 510 744 531 vero
764 502 906 536 deforme;
927 503 974 531 sed
988 508 1017 530 ut

225 550 313 584 ipsum
329 549 480 576 secundum
491 556 531 580 se,
547 554 629 583 atque
642 555 736 576 secum
752 547 896 580 uniforme,
910 554 1018 582 semper

224 596 359 623 exsistcns
368 595 522 628 pulchrum,
534 599 615 628 alque
623 594 764 621 fontanam
778 594 898 620 universi
910 593 1016 628 pulchri

224 641 456 676 pnlrhrilmlinem
467 640 494 667 in
505 640 594 674 seipse
610 639 763 666 eminenter
773 638 936 673 anticipans,
949 645 1018 674 pra:-

225 687 396 720 ltabensque.
420 686 447 713 ln
466 686 523 720 ipsa
537 685 611 712 enim
631 689 729 712 natura
745 684 862 716 simplici
874 692 905 712 ac
919 692 1016 719 super-

224 731 342 758 naturali
366 730 540 765 pulchrorum
566 730 756 758 universorum
783 731 872 758 omnis
898 731 1018 766 pulchri-

225 779 300 810 tudo.
328 783 357 806 et
385 786 466 805 omne
489 778 632 812 pulchrum
664 777 840 805 unil‘ormiter
867 777 1016 805 secundum

224 833 336 853 causam
351 825 525 860 prarexsislit.
541 825 578 851 Ex
597 825 648 852 hoc
663 825 724 858 ipso
738 824 852 859 pulchro
867 824 947 851 rebus
959 831 1018 853 om—

226 872 306 900 nibus
326 872 457 907 obtingil,
475 877 504 899 ut
517 872 573 898 sint
589 871 697 906 singula
714 872 864 898 secundum
879 871 1017 905 propriam

1065 271 1127 298 καθ’
1142 271 1223 298 ἑαυτὸ
1236 270 1294 306 μεθ’
1313 268 1411 296 ἑαυτοῦ
1427 270 1438 285 ⁸
1455 268 1590 304 μονοειδὲς
1602 268 1646 295 ἀεὶ
1660 267 1691 295 ὃν
1709 267 1801 300 καλὸν,
1817 268 1867 294 xui

1065 319 1103 351 ὼς
1115 319 1216 351 παντὸς
1236 318 1318 345 καλοῦ
1334 318 1384 353 τὴν
1397 317 1517 353 πηγαίαν
1536 315 1667 352 καλλονὴν
1688 315 1866 352 ὑπεροχικῶς

1067 367 1096 392 ἐν
1117 364 1206 400 ἑαυτῷ
1225 364 1352 400 προέχον.
1366 363 1406 399 Τῇ
1429 362 1483 399 γὰρ
1506 362 1578 398 ἁπλῇ
1600 362 1646 389 καὶ
1660 362 1796 398 ὑπερφυεῖ
1808 362 1866 390 τῶν

1066 411 1135 438 ὂλων
1155 410 1245 437 καλῶν
1264 410 1344 445 φύσει
1365 410 1441 436 πᾶσα
1461 408 1576 444 καλλονή
1596 407 1644 434 xui.
1659 408 1713 434 πᾶν
1727 407 1810 434 καλὸν
1829 409 1862 441 ⁸ο,

1066 457 1189 489 ὲνοειδῶς
1209 457 1271 483 κατ’
1295 456 1384 484 αἰτίαν
1408 454 1626 491 προῦφέστηκεν.
1657 454 1706 481 Ἐκ
1717 454 1764 481 τοῦ
1778 453 1865 481 καλοῦ

1066 504 1161 532 τούτου
1183 505 1250 531 πᾶσι
1269 504 1326 535 τοῖς
1347 501 1407 530 οὖσι
1419 502 1450 529 τὸ
1462 500 1532 529 εἶναι
1542 522 1549 534 ,
1564 502 1633 529 κατά
1646 502 1691 529 τὸν
1707 502 1808 529 οἰκεῖον
1820 502 1864 529 λύ-

1067 559 1115 585 γον
1123 550 1226 577 ἒκαστα
1248 548 1328 581 καλὰ,
1342 549 1390 576 καὶ
1408 548 1452 575 διὰ
1465 547 1495 574 τὸ
1515 547 1596 574 καλὸν
1615 547 1643 573 αἱ
1657 547 1765 574 πάντων
1780 547 1864 581 ἐφαρ-

1069 597 1161 634 μογαὶ,
1186 597 1234 623 xui.
1257 595 1353 631 φιλίαι,
1378 595 1425 622 καὶ
1445 593 1597 622 κοινωνίαι·
1619 593 1666 620 καὶ
1683 592 1722 628 τῷ
1740 592 1816 628 καλῷ
1828 592 1864 618 τὰ

1067 645 1156 672 πάντα
1171 644 1274 680 ἥνωται
1283 652 1290 659 ’
1311 644 1358 670 καὶ
1370 642 1440 678 ἀρχὴ
1460 642 1568 668 πάντων
1587 640 1617 667 τὸ
1630 639 1721 672 καλὸν,
1735 639 1773 671 ὼς
1784 647 1865 674 ποιη-

1066 691 1142 717 τικδν
1156 690 1252 722 αἴτιον,
1274 690 1321 716 καὶ
1334 688 1425 716 κινοῦν
1441 688 1476 714 τὰ
1488 687 1537 714 ὅλα
1549 708 1556 720 ,
1571 687 1619 714 xui
1636 685 1747 721 συνέχον
1761 685 1800 721 τῷ
1812 685 1863 720 τῆς

1067 737 1170 769 οἰκείας
1183 735 1313 771 καλλονῆς
1324 734 1405 771 ἔρωτι
1417 743 1424 749 ·
1440 733 1486 760 xui.
1500 733 1587 768 πέρας
1600 732 1720 764 πάντων,
1733 731 1780 758 καὶ
1794 731 1863 765 ἀγα-

1069 783 1164 818 πητὸν,
1179 782 1217 814 ὡς
1229 781 1336 808 τελικὸν
1349 780 1435 807 αἴτιον
1448 779 1505 816 (τοῦ
1518 778 1601 806 καλοῦ
1614 778 1669 814 γὰρ
1679 778 1761 804 ’ἑνεκα
1774 777 1865 804 πάντα

1067 828 1217 864 γίγνεται)·
1233 828 1281 854 xui.
1292 825 1555 863 παραδειγματικὸν,
1569 825 1609 852 ὅτι
1622 825 1682 851 κατ’
1695 824 1761 851 αὐτὸ
1774 824 1865 851 πάντα

1068 875 1245 912 ἀφορίζεται·
1264 874 1305 901 διὸ
1317 874 1364 901 καὶ
1383 872 1481 900 ταύτόν
1494 873 1552 899 ἐστι
1562 870 1673 907 τάγαθῷ
1687 871 1705 886 ¹¹
1718 869 1748 896 τὸ
1762 870 1807 898 κα]
1817 869 1866 901 δν,

226 919 359 946 rationem
370 918 500 954 pulchra;
516 922 544 945 et
560 923 673 953 propter
688 917 832 952 pulchrum
845 921 908 944 sunt
923 924 1015 945 onmcs

1069 921 1111 948 ὅτι
1134 920 1182 948 τοῦ
1210 919 1294 947 καλοῦ
1320 920 1367 946 xu‘t
1391 917 1495 953 ἀγαθοῦ
1520 917 1542 933 ι’
1571 915 1642 943 κατὰ
1667 916 1756 942 πᾶσαν
1773 915 1866 942 αἰτίαν

223 965 412 1000 congruentia:
429 984 437 997 ,
464 968 492 992 et
518 963 655 996 amicitiae,
681 968 709 990 et
731 963 1014 996 communicationes;

222 1016 251 1038 et
268 1018 317 1045 per
342 1009 486 1044 pulchrum
507 1013 603 1036 cuncta
619 1009 840 1044 conjungnntnr;
861 1012 942 1043 atque
957 1007 1017 1043 pul-

222 1057 318 1083 cltrnm
341 1060 384 1083 est
405 1056 526 1082 onmium
543 1055 717 1090 principium,
737 1059 765 1081 ut
786 1062 869 1082 causa
885 1053 1015 1086 elﬁciens,

220 1105 251 1128 et
275 1108 407 1132 movens,
437 1106 464 1128 el
502 1101 629 1128 universa
661 1101 778 1136 propria:
807 1100 1016 1136 pulchritudinis

223 1153 317 1173 amore
328 1148 489 1180 continens;
506 1152 533 1173 et
543 1152 571 1173 ut
585 1146 648 1174 linis
661 1147 795 1179 omnium.
808 1152 890 1181 atque
904 1146 930 1174 id
945 1146 1015 1181 quod
1031 1138 1037 1146 “

223 1193 367 1228 appetitur
382 1198 513 1227 tanquam
532 1199 616 1220 causa
634 1193 723 1221 iinalis
738 1194 812 1229 (nam
832 1192 940 1228 pulchri
952 1199 1016 1227 gra-

224 1239 261 1266 tia
282 1243 382 1266 cuncta
398 1239 478 1272 liunt)
493 1244 520 1266 et
534 1238 711 1274 exemplaris,
734 1239 799 1273 quia
815 1238 965 1266 secundum
983 1238 1015 1265 il-

224 1284 269 1311 lnd
287 1285 380 1311 omnia
405 1284 584 1312 definiuntur.
610 1285 796 1317 Quamobrem
810 1285 882 1312 idem
897 1289 939 1311 est
954 1284 1015 1318 pul-

223 1332 319 1358 cltrum
343 1336 425 1366 atque
453 1331 566 1364 bonum,
594 1328 723 1366 quoniain
750 1331 843 1359 omnia
863 1331 1013 1358 secundum

222 1386 331 1406 onmem
359 1386 470 1406 causam
487 1377 634 1413 pulchrum
649 1381 678 1405 et
701 1377 801 1405 bonutn
823 1381 972 1414 appetunt;
987 1383 1015 1405 et

223 1425 290 1452 nillil
302 1430 345 1452 est
358 1425 386 1452 in
402 1432 492 1452 rerum
508 1429 618 1455 natura,
635 1424 700 1459 quin
716 1423 859 1459 pulchrutn
873 1428 900 1451 et
911 1423 1013 1452 bonum

224 1470 380 1506 partieipet.
402 1470 516 1497 Audebo
529 1470 610 1497 etiam
635 1469 687 1497 hoc
706 1470 808 1502 dicere,
819 1469 845 1498 id
865 1470 938 1505 quod
960 1477 1014 1498 non

222 1521 274 1550 est,
294 1516 438 1551 pulchrum
453 1520 481 1544 et
495 1516 596 1544 bonum
611 1516 788 1551 participare;
805 1522 869 1544 tunc
884 1517 957 1545 enim
971 1520 1014 1545 est

224 1564 315 1598 ipsum
330 1563 475 1599 pulchrum
490 1570 518 1592 et
531 1565 643 1596 bonum.
658 1564 769 1599 quando
781 1564 807 1591 in
819 1563 874 1592 Deo
888 1564 1014 1592 laudatur

1068 967 1156 994 πάντα
1169 967 1289 1002 ἐφίεται·
1304 966 1352 993 xui
1366 965 1416 991 οὐκ
1429 963 1487 990 ἐστι
1498 972 1524 990 τι
1539 962 1593 989 τῶν
1603 962 1698 995 ὄντων⁷
1714 961 1729 988 ὁ
1745 961 1782 997 μὴ
1797 969 1864 996 μετ-

1067 1014 1125 1049 έχει
1143 1013 1191 1040 τοῦ
1212 1011 1296 1040 καλοῦ
1310 1012 1357 1038 καὶ
1378 1009 1491 1045 ἀγαθοῦ.
1506 1009 1642 1045 Τολμήσει
1663 1008 1692 1036 δὲ
1717 1008 1765 1036 καὶ
1784 1006 1866 1034 τοῦτο

1066 1060 1154 1086 εἰπεῖν
1179 1060 1194 1085 ὁ
1216 1059 1305 1094 λόγος,
1328 1058 1369 1084 ὅτι
1390 1057 1437 1084 xui
1451 1057 1482 1083 τὸ
1496 1057 1532 1092 μὴ
1550 1055 1580 1082 ὂν
1595 1055 1705 1091 μετέχει
1718 1054 1765 1081 τοῦ
1779 1053 1865 1080 καλοῦ

1067 1106 1115 1132 xui.
1136 1105 1239 1140 ἀγαθοῦ
1254 1125 1262 1137 ,
1283 1104 1345 1130 τότε
1365 1103 1420 1139 γὰρ
1441 1103 1488 1130 xui
1501 1102 1566 1129 αὐτὸ
1580 1101 1661 1128 καλὸν
1685 1100 1734 1127 xui.
1751 1099 1864 1134 ἀγαθὸν,

1066 1150 1130 1176 ὅταν
1142 1150 1171 1176 ἐν
1183 1149 1244 1185 Θεῷ
1259 1148 1330 1176 κατά
1342 1148 1393 1184 τὴν
1414 1148 1523 1175 πάντων
1537 1146 1681 1182 ἀφαίρεσιν
1694 1144 1865 1180 ὑπερουσίως

1067 1194 1185 1232 ὕμνηται
1210 1196 1241 1222 ⁸³.
1266 1195 1351 1222 Τοῦτο
1372 1194 1403 1222 τὸ
1413 1194 1443 1221 ἓν
1462 1194 1484 1210 ίδ
1496 1194 1597 1229 ἀγαθὸν
1609 1193 1656 1221 xui.
1669 1192 1750 1219 καλὸν
1766 1191 1864 1223 ἑνικῶς

1066 1243 1124 1268 ἐστι
1146 1242 1256 1269 πάντων
1273 1241 1329 1268 τῶν
1349 1241 1454 1268 πολλῶν
1473 1241 1564 1268 καλῶν
1577 1240 1623 1268 καὶ
1641 1238 1751 1273 ἀγαθῶν
1765 1238 1863 1265 αἴτιον.

1072 1289 1120 1316 Ἐκ
1130 1289 1226 1316 τούτου
1239 1289 1262 1305 ³⁵
1273 1289 1359 1316 πᾶσαι
1370 1289 1424 1316 τῶν
1435 1288 1521 1315 ὄντων
1529 1288 1557 1314 αἱ
1569 1286 1708 1317 οὑσιώδεις
1719 1284 1864 1322 ὑπάρξεις,

1065 1337 1093 1364 αἱ
1105 1335 1226 1368 ὲνώσεις,
1247 1336 1275 1363 αἱ
1292 1335 1452 1371 διακρίσεις,
1466 1335 1493 1361 αὶ
1507 1333 1680 1369 ταὺτότητες,
1696 1333 1724 1359 ul.
1735 1331 1863 1367 ἑτερότη-

1064 1390 1120 1414 τες,
1133 1383 1161 1409 αἱ
1173 1382 1341 1418 ὁμοιότητες,
1353 1383 1381 1408 ut
1393 1380 1595 1416 ἀνομοιότητες,
1615 1379 1643 1405 αἱ
1657 1377 1797 1405 κοινωνίαι
1807 1376 1862 1403 τῶν

1065 1428 1194 1456 ἐναντίων
1216 1429 1249 1460 ”,
1272 1429 1299 1455 ui
1321 1426 1485 1463 ἀσυμμιξίαι
1504 1425 1560 1452 τῶν
1573 1424 1732 1462 ἡνωμένων,
1749 1424 1778 1450 ut
1799 1423 1863 1458 πρό-

1065 1484 1135 1503 νοιαι
1148 1475 1202 1502 τῶν
1214 1474 1383 1510 ὑπερτέρων,
1395 1475 1423 1501 αἱ
1437 1472 1610 1508 ἁλληλουχίαι
1621 1471 1676 1498 τῶν
1683 1471 1862 1506 ὁμοστοίχων,

1065 1522 1094 1548 αἱ
1107 1521 1271 1557 ὲπιστροφαὶ
1281 1520 1335 1547 τῶν
1349 1518 1579 1555 καταδεεστέρων,
1592 1518 1619 1544 αἱ
1632 1518 1740 1544 πάντων
1758 1515 1863 1542 ἑαυτῶν

1065 1566 1248 1604 φρουρητικαὶ
1272 1567 1319 1593 καὶ
1342 1565 1537 1602 ἀμετακίνητοι
1562 1564 1640 1600 μοναὶ
1663 1563 1711 1590 xui.
1733 1561 1861 1598 ἱδρύσεις.

223 1617 306 1644 stupra
329 1609 522 1644 substantiam,
547 1610 696 1638 auferendo
722 1610 858 1637 universa.
891 1610 1014 1645 Denique

1066 1613 1122 1640 Kui
1134 1610 1213 1645 αὖθις
1231 1613 1260 1639 αἱ
1283 1612 1392 1640 πάντων
1414 1613 1442 1638 ὲν
1457 1612 1540 1638 πᾶσιν
1561 1610 1669 1641 οἰκείως
1689 1608 1798 1643 ἑκάστῳ
1812 1616 1862 1634 κοι-

224 1656 275 1683 ltoc
293 1662 375 1682 unum
396 1655 497 1683 bonum
511 1660 538 1683 et
551 1656 694 1691 pulchrum
713 1655 887 1692 singulariter
897 1661 939 1684 est
953 1664 1013 1684 0m-

223 1702 300 1729 uiutn
316 1702 464 1730 multorum
480 1702 655 1737 pulchrorutn
667 1706 694 1730 et
712 1701 845 1730 bonorum
866 1711 961 1731 causa.
975 1703 1013 1731 lix

223 1748 276 1776 hoc
286 1755 377 1776 rerum
392 1747 515 1776 omnium
527 1748 722 1776 substantiales
736 1749 916 1781 exsistentia.
933 1749 1013 1778 unio-

224 1801 284 1827 nes,
298 1794 503 1828 distinctiones,
519 1794 690 1828 identitates,
709 1794 891 1828 diversitates,
909 1795 1013 1824 foedera

224 1841 451 1874 contrariorum,
485 1849 579 1869 rerum
604 1841 741 1868 unitarum
774 1841 1013 1876 i‘mpermisliones,

224 1886 402 1921 providentia:
423 1888 609 1921 superiorum,
636 1892 730 1914 mutua
759 1889 895 1915 consortia
922 1895 1013 1915 rerum

223 1942 286 1970 qua:
298 1938 362 1962 sunt
376 1933 498 1968 ejusdem
510 1934 627 1967 ordinis,
645 1934 840 1961 conversiones
856 1935 1013 1962 inferiorum

223 1982 402 2017 omniumque
430 1980 654 2015 suimctipsorum
689 1982 908 2008 conservatrices
933 1980 1014 2017 357

1065 1660 1170 1692 νωνίαι,
1183 1659 1231 1686 καὶ
1243 1659 1409 1695 ὲφαρμογαὶ,
1422 1658 1469 1684 καὶ
1483 1657 1630 1693 ἀσύγχυτοι
1647 1655 1745 1690 φιλίαι,
1757 1653 1806 1680 καὶ
1818 1654 1862 1689 ἀρ

1067 1705 1156 1742 μονίαι
1169 1705 1218 1732 τοῦ
1237 1705 1350 1737 παντὸς,
1363 1705 1390 1731 ul
1403 1705 1432 1731 ὲν
1443 1703 1482 1739 τῷ
1495 1703 1577 1731 παντὶ
1591 1701 1766 1737 συγκράσεις,
1779 1700 1828 1727 καὶ
1841 1700 1861 1715 ¹⁷

1066 1753 1095 1779 αἱ
1129 1751 1265 1779 ἀδιάλυτοι
1289 1751 1399 1786 συνοχαὶ
1429 1750 1485 1777 τῶν
1518 1749 1614 1781 ὄντων,
1637 1749 1665 1775 ui
1690 1746 1862 1774 ἀνέκλειπτοι

1066 1797 1187 1833 διαδοχαὶ
1198 1797 1253 1824 τῶν
1266 1797 1417 1833 γινομένων
1427 1816 1434 1829 ,
1449 1796 1477 1823 αἱ
1491 1795 1600 1827 στάσεις
1615 1794 1712 1827 πᾶσαι,
1724 1793 1771 1820 xui.
1783 1793 1812 1818 αἱ
1825 1800 1864 1818 κι-

1065 1843 1158 1879 νήσεις
1171 1843 1198 1869 ui
1211 1842 1265 1870 τῶν
1281 1842 1360 1875 νοῶν,
1374 1843 1401 1869 αἱ
1414 1842 1468 1869 τῶν
1478 1840 1582 1877 ψυχῶν,
1597 1841 1625 1867 αἱ
1637 1839 1692 1867 τῶν
1706 1840 1841 1874 σωμάτων
1852 1846 1858 1852 ·

1067 1891 1163 1922 στάσις
1187 1891 1242 1926 γάρ
1266 1891 1324 1917 ἐστι
1347 1891 1415 1917 πᾶσι
1439 1890 1485 1916 xui.
1504 1889 1623 1923 κίνησις,
1642 1887 1674 1914 τδ
1687 1887 1758 1922 ὑπὲρ
1772 1887 1861 1913 πᾶσαν

1067 1936 1162 1963 στάσιν
1188 1938 1236 1964 καὶ
1258 1937 1350 1963 πᾶσαν
1375 1937 1483 1970 κίνησιν
1507 1934 1629 1969 ἐνιδρύον
1648 1934 1764 1960 ἕκαστον
1783 1933 1812 1959 ὲν
1824 1931 1861 1967 τῷ

1067 1981 1162 2009 ἑαυτοῦ
1176 1982 1257 2018 λόγῳ,
1280 1982 1327 2008 καὶ
1337 1981 1428 2008 κινοῦν
1441 1980 1487 2006 ἐπὶ
1495 1980 1546 2015 τὴν
1558 1979 1661 2006 οἰκείαν
1675 1978 1794 2014 κίνησιν.

225 2029 464 2064 immutabilesque
481 2029 637 2057 mansiones
651 2036 683 2056 ac
696 2029 853 2056 lirmitates.
871 2029 905 2056 Et
922 2037 1017 2057 rursus
1034 2031 1157 2058 omnium
1173 2030 1199 2058 in
1215 2031 1343 2058 omnibus
1362 2037 1411 2064 pro
1439 2028 1573 2064 cujusque
1601 2026 1766 2062 proprietate
1781 2032 1858 2052 com-

225 2076 379 2110 muniones,
398 2081 426 2104 et
439 2075 636 2110 congruentius,
656 2072 862 2110 inconl'ttszeqne
874 2076 1014 2110 amicitiaa,
1029 2082 1057 2103 et
1071 2077 1264 2105 consensiones
1276 2077 1406 2108 universi,
1420 2083 1470 2104 nec
1483 2084 1537 2104 non
1551 2082 1641 2104 rerum
1672 2074 1697 2101 in
1718 2073 1771 2100 hoc
1798 2072 1860 2099 uni-

225 2130 305 2150 verso
335 2121 625 2156 eontemperationes,
645 2121 905 2157 indissolubilesque
937 2123 1106 2157 complexus,
1133 2128 1160 2151 et
1185 2131 1279 2151 eorum
1305 2131 1365 2158 qua:
1395 2123 1465 2151 fiunt
1493 2126 1629 2159 perpetua:
1653 2120 1859 2151 successiones,

225 2173 315 2196 status
336 2175 444 2199 omnes,
465 2174 613 2203 motusque
642 2168 789 2199 tuentium,
820 2169 985 2201 anitnorutn,
1017 2177 1185 2205 corporum;
1214 2175 1301 2198 status
1334 2170 1408 2197 enim
1434 2174 1477 2197 est
1502 2168 1631 2196 omnibus
1657 2172 1740 2201 atque
1766 2171 1857 2194 tnotus

224 2215 297 2250 quod
318 2216 391 2242 omni
417 2221 491 2242 statu
509 2220 640 2249 motuque
655 2215 782 2249 superius
799 2219 911 2242 exstans
928 2236 935 2248 ,
962 2222 1017 2242 rem
1036 2215 1188 2250 quamlibet
1201 2216 1227 2243 in
1243 2216 1352 2251 propria
1369 2216 1474 2243 ratione
1487 2216 1587 2247 lirtnat,
1603 2218 1632 2241 et
1657 2212 1690 2240 ad
1720 2211 1858 2247 propriam

224 2262 319 2298 dirigit
333 2262 489 2290 motionem.

982 2341 1094 2378 §Vlll.

263 2428 384 2463 Denique
396 2427 494 2455 divina.-
505 2431 610 2455 utentes
625 2427 752 2454 dicuntur
769 2425 871 2452 moveri
895 2424 1011 2451 circulu-

1101 2424 1156 2450 Kui.
1170 2423 1302 2450 κινεῖσθαι
1318 2423 1366 2458 μὲν
1380 2424 1405 2450 οἱ
1416 2423 1482 2450 θεῖοι
1492 2423 1614 2457 λέγονται
1632 2423 1701 2455 νόες,
1720 2422 1856 2455 κυκλικῶς

226 2478 293 2504 riter
322 2476 443 2510 quidetu,
466 2475 529 2502 dum
556 2474 691 2509 principio
721 2474 829 2508 linoque
857 2471 1014 2499 carcnlilms

224 2523 332 2559 pulchri
348 2523 467 2557 bonique
478 2520 669 2556 splendoribus
682 2519 831 2551 uninnlur;
846 2518 951 2545 directe
966 2525 1014 2544 au-

226 2575 293 2603 tem,
316 2568 426 2604 quando
448 2569 483 2594 ad
507 2566 668 2594 inferiorum
693 2564 891 2601 providentiam
920 2571 1016 2599 proce~

225 2613 305 2644 tlnnt.
331 2617 404 2640 recte
427 2611 519 2639 omnia
545 2610 705 2646 dirigenda;
721 2609 831 2644 oblique
855 2617 931 2641 vero,
950 2609 1014 2636 dum

226 2658 405 2687 inferioribus
427 2657 599 2686 consulentes
621 2657 648 2684 in
664 2656 760 2685 eodem
782 2661 855 2684 statu
883 2660 1016 2691 perpetuo

1067 2472 1117 2507 μὲν
1130 2471 1190 2498 ἑνού
1196 2479 1270 2507 μενοι
1281 2472 1341 2502 ταῖς
1355 2470 1482 2506 ἀνάρχοις
1496 2470 1543 2496 καὶ
1559 2469 1748 2505 ἀτελευτήτοις
1763 2470 1858 2505 ἐλλάμ-

1064 2517 1127 2552 eam
1141 2517 1188 2544 τοῦ
1209 2516 1291 2544 καλοῦ
1309 2517 1357 2543 καὶ
1370 2515 1473 2549 ἀγαθοῦ
1487 2524 1493 2530 ·
1510 2516 1570 2542 κατ’
1582 2515 1690 2542 εὐθεῖαν
1703 2515 1742 2547 δὲ,
1756 2516 1856 2542 ὁπόταν

1065 2563 1196 2599 προΐωσιν
1208 2563 1229 2579 ’⁸
1244 2563 1285 2594 εἰς
1305 2563 1355 2598 τὴν
1376 2562 1431 2589 τῶν
1447 2562 1599 2597 ὑφειμένων
1613 2561 1752 2597 πρόνοιαν,
1766 2562 1857 2596 εὐθείᾳ

1065 2609 1100 2636 τὰ
1114 2609 1203 2636 πάντα
1223 2609 1411 2645 περαίνοντες
1435 2608 1588 2640 ἑλικοειδῶς
1614 2608 1652 2640 δὲ,
1671 2608 1712 2635 ϋτι
1726 2609 1774 2634 xui.
1789 2617 1855 2643 προ-

1065 2655 1188 2687 νοοῦντες
1199 2655 1254 2682 τῶν
1266 2654 1496 2691 καταδεεστέρων,
1511 2654 1712 2689 ἀνεκφοιτήτως
1730 2654 1854 2689 μένουσιν

879 2738 995 2766 νΑιιιΕ
1012 2737 1216 2766 LECTIONES.

259 2818 269 2833 ³
282 2817 298 2852 ἢ
311 2817 367 2844 τισὶ
389 2817 449 2852 μὲν,
468 2818 497 2844 D.

228 2851 258 2879 Ι).
279 2851 342 2880 Item
357 2851 430 2880 tum.

227 2897 289 2915 νων.

483 2854 656 2889 “(Juvat-at,
725 2854 755 2882 1).
779 2856 808 2881 li.
828 2856 848 2870 "
863 2855 941 2881 τοῦτο
954 2855 982 2881 δὲ
999 2855 1029 2881 τὸ
1046 2855 1084 2884 ἓν,
1117 2856 1145 2883 l’.

332 2888 351 2903 ⁸⁷
367 2888 412 2915 καί
425 2896 478 2917 non
491 2895 531 2919 es:
547 2891 574 2919 it:
594 2890 624 2918 υ.
639 2891 667 2918 S.
688 2890 717 2917 Ρ.
736 2891 781 2918 Sc.
803 2891 864 2918 Sat.
884 2892 903 2906 η
918 2891 1056 2926 προῖόωςι,
1073 2891 1102 2918 D.

550 2819 560 2834 ⁰
579 2818 640 2845 καθ’
653 2819 718 2845 αὐτὸ
740 2819 801 2854 μεθ’
814 2819 906 2849 αὑτοῦ,
923 2820 951 2846 D.
967 2819 994 2846 S.
1036 2820 1057 2835 '°
1072 2819 1221 2853 πάγκαλον,
1235 2819 1263 2845 S.
1304 2819 1322 2833 “
1338 2818 1375 2852 τῷ
1389 2818 1482 2854 ἀγαθῷ
1492 2840 1498 2848 ,
1513 2819 1540 2846 S.
1582 2819 1602 2834 "
1616 2818 1662 2844 xu".
1675 2817 1720 2854 τοῦ
1733 2817 1834 2852 ἀγαθοῦ
1845 2838 1851 2848 ,

1184 2855 1204 2871 ¹¹³
1224 2856 1255 2881 ἐκ
1274 2853 1382 2887 ταύτοῦ,
1410 2854 1439 2881 l'.
1469 2852 1473 2854 Ἴ
1491 2855 1512 2870 ¹⁶
1525 2854 1614 2883 subdit
1630 2854 1658 2881 ὃ.
1680 2852 1852 2889 διακεκριμέ-
