1938 3065
73 152 129 180 705

617 148 659 175 DE
676 145 804 174 DIVINlS
819 145 1019 177 NOMINIBUS,
1038 143 1115 172 CAP.
1134 143 1180 172 IV.
1666 144 1712 171 1οδ

73 210 104 236 ὲν
125 209 270 244 ταύτότητι
293 209 358 244 περὶ
379 208 410 234 τὸ
424 208 474 243 τῆς
498 208 662 243 ταύτότητος
685 206 772 233 αἴτιον
789 205 870 232 καλὸν

926 209 1047 234 manent.
1064 203 1168 230 circum
1185 203 1285 230 lmnum
1301 207 1328 230 ct
1346 203 1500 238 pulchrum,
1515 202 1638 238 ejusdem
1653 208 1713 228 sia-

73 255 121 282 xai
136 255 248 288 ἀγαθὸν,
265 254 461 291 ἁκαταλὴκτως
475 253 495 269 ¹ί¹
510 252 741 288 περιχορεύοντες.

925 256 967 278 IIIS
980 256 1106 280 causam.
1125 256 1236 284 semper
1250 257 1280 277 SC
1292 254 1446 278 VCI‘SMIICS.

845 331 859 368 §
879 331 935 361 IX.

107 409 206 444 Ψυχῆς
218 408 246 435 δὲ
262 407 368 443 κίνησίς
383 407 451 438 ἐστι,
467 406 584 442 κυκλικὴ
601 406 649 442 μὲν
667 406 684 441 ὴ
703 406 743 438 εἰς
767 405 866 441 ἑαυτὴν

73 456 177 487 εἴσοδος
190 454 244 482 ἀπὸ
254 453 308 481 τῶν
323 454 385 487 ἔξω,
400 454 446 480 καὶ
454 454 508 480 τῶν
519 453 620 490 voc-:thv
632 454 717 489 αὐτῆς
727 453 868 488 δυνάμεων

73 503 92 538 ὴ
106 501 225 537 ὲνοειδὴς
242 500 386 533 συνέλιξις,
402 500 497 536 ὥσπερ
512 499 540 527 ἓν
553 509 606 527 τινι
621 499 713 535 κύκλῳ
727 499 758 526 τὸ
777 498 868 525 ἀπλα-

76 548 122 580 νὲς
131 548 199 583 αὐτῇ
214 546 384 583 δωρουμένη,
394 546 441 573 καὶ
453 545 507 573 ἀπὸ
516 546 570 573 τῶν
585 546 689 573 πολλῶν
699 545 754 572 τῶν
769 544 868 578 ἔξωθεν

76 594 163 629 αὐτὴν
194 593 396 629 ἐπιστρέφουσα
422 593 470 619 καὶ
499 592 662 626 συνάγουσα,
689 591 796 627 πρῶτον
828 591 868 623 είς

77 641 188 677 ἑαυτὴν,
219 638 277 667 εἶτα
302 640 340 672 ὡς
362 640 464 676 ὲνοειδῆ
492 639 652 675 γενομένην,
683 637 781 665 ἐνοῦσα
808 638 868 669 ταῖς

77 686 187 718 ὲνιαίως
198 685 352 722 ήνωμέναις
365 685 507 720 δυνάμεσι,
522 685 569 711 καὶ
584 685 670 717 οὕτως
682 685 729 711 ἐπὶ
743 684 774 711 τὸ
788 683 868 711 καλὸν

76 734 125 760 καὶ
148 731 249 767 ἀγαθὸν
265 731 482 768 χειραγωγοῦσα,
501 730 532 757 τὸ
550 731 619 766 ὑπὲρ
642 731 731 758 πάντα
744 729 779 757 τὰ
794 730 868 761 ὅντα,

75 779 124 806 καὶ
142 779 172 806 ἓν
196 778 244 806 xui.
264 778 373 810 ταύτὸν,
400 777 447 804 καὶ
466 776 585 812 ἄναρχον
607 776 654 803 καὶ
678 776 866 812 ἀτελεύτητον.

81 825 251 857 Ἐλικοειδῶς
270 825 300 852 δὲ
324 825 341 860 ἡ
366 824 439 859 ψυχὴ
462 824 577 850 κινεῖται
601 823 661 850 καθ’
675 823 737 850 ὅσον
761 823 869 854 οἰκείως

954 405 1044 432 Animi
1062 409 1151 433 autem
1176 409 1266 432 motus
1289 403 1452 432 orliicularis
1477 408 1520 431 est
1542 403 1601 439 ejus
1616 404 1650 432 ab
1668 412 1715 432 cx-

921 452 1025 479 lraucis
1056 452 1082 479 in
1115 452 1294 487 semetipsum
1321 450 1463 483 introitus,
1488 451 1712 487 spiritaliumquc

921 497 1004 532 ipsius
1024 497 1185 525 facultatum
1211 497 1340 525 unimoda
1359 496 1482 529 iullexio,
1503 504 1563 531 qua:
1588 498 1667 532 quasi
1685 498 1712 525 in

921 545 1025 572 circulo
1041 545 1125 572 tlxum
1139 548 1166 572 et
1177 544 1212 571 ab
1227 543 1300 572 omni
1317 550 1413 571 errore
1435 544 1548 572 liberum
1569 548 1671 571 motum
1687 545 1711 572 ei

922 592 1029 624 tribuit,
1045 595 1073 619 et
1085 599 1099 618 a
1114 590 1207 618 multis
1219 590 1302 618 rebus
1315 590 1456 618 extraneis
1475 589 1563 625 ipsum
1579 591 1716 619 convertit

922 646 954 667 ac
974 638 1077 673 colligit
1091 638 1209 673 primum
1224 637 1258 663 ad
1273 643 1311 667 se.
1330 636 1440 670 deinde,
1461 637 1540 671 quasi
1558 636 1616 671 jam
1633 638 1716 664 unius

924 685 994 714 modi
1011 685 1147 716 eliectum,
1168 683 1323 718 conjunctis
1347 691 1401 710 uno
1426 684 1507 711 modo
1536 683 1716 711 facultatibus

923 731 1074 766 coniungit,
1090 734 1173 765 atque
1187 730 1225 757 ita
1241 730 1350 757 demum
1363 729 1397 756 ad
1412 729 1555 764 pulchrum
1568 737 1600 757 ac
1611 730 1712 758 bonum

923 777 1094 811 manuducit,
1116 776 1188 811 quod
1208 783 1290 811 supra
1311 777 1403 804 omnia
1418 784 1480 810 qua;
1500 780 1565 804 sunt
1582 781 1611 804 et
1630 785 1715 805 unum

923 828 951 852 et
964 824 1046 857 idem,
1066 827 1094 849 et
1109 823 1169 850 sine
1183 822 1320 858 principio
1340 827 1368 850 et
1379 823 1440 850 sine
1455 823 1510 851 line
1529 827 1581 850 est.
1598 822 1715 858 Oblique

75 873 161 908 ἑαυτῇ
172 872 221 904 τὰς
238 871 313 904 θείας
333 871 501 906 ὲλλάμπεται
524 869 649 904 γνώσεις,
663 869 694 896 οὐ
709 869 810 905 νοερῶς
824 869 871 896 καὶ

926 877 989 897 vero
1003 869 1089 896 cietur
1104 869 1223 902 animus,
1237 869 1347 902 quando
1359 877 1410 902 pro
1424 873 1506 903 captu
1522 876 1573 896 suo
1597 869 1717 896 notioni-

76 919 186 951 ὲνιαίως
202 919 235 951 ¹⁰,
256 917 324 944 ἀλλὰ
349 917 465 951 λογικῶς
482 916 529 943 καὶ
555 915 720 948 διεξοδικῶς,
743 915 791 942 καὶ
815 912 870 941 οἷον

77 966 243 1002 συμμίκτοις
257 965 305 992 καὶ
320 964 515 1000 μεταϐατικαῖς
525 965 546 980 ¹¹
560 963 720 999 ἐνεργείαις.
741 962 796 998 Τὴν
808 962 870 988 κατ’

76 1013 186 1040 εὐθεῖαν
204 1012 242 1044 δὲ,
258 1012 323 1039 ὅταν
335 1011 386 1038 οὐκ
402 1011 442 1043 εἰς
465 1010 565 1046 ἑαυτὴν
586 1008 709 1037 είσιοῦσα
722 1009 770 1036 καὶ
792 1009 868 1044 ἑνικῇ

77 1058 217 1094 νοερὼητι
231 1059 253 1074 ²¹
267 1056 424 1092 κινουμένη,
439 1056 528 1092 (τοῦτο
540 1056 604 1090 γὰρ,
620 1055 658 1086 ὡς
673 1054 753 1090 ἔφην,
767 1053 826 1080 ἐστὶ
839 1053 870 1080 τὸ

76 1104 149 1132 κατὰ
162 1103 262 1131 κύκλον
271 1102 290 1138 ·)
299 1103 367 1130 ἀλλὰ
379 1102 448 1138 πρὸς
461 1101 496 1128 τὰ
510 1102 574 1138 περὶ
583 1100 683 1137 ἑαυτὴν
694 1101 717 1117 ³³
725 1100 868 1136 προϊοῦσα,

75 1151 124 1178 καὶ
135 1150 190 1178 ἀπὸ
201 1149 255 1177 τῶν
270 1149 381 1182 ἔξωθεν,
398 1148 494 1184 ὥσπερ
506 1148 560 1175 ἀπό
573 1156 654 1174 τινων
667 1147 808 1183 ωμὸὀλων
819 1154 869 1172 πε-

76 1197 260 1233 ποικιλμένων
272 1197 320 1223 καὶ
333 1194 579 1231 πεπληθυσμένων,
597 1194 643 1222 ἐπὶ
655 1193 704 1226 τὰς
721 1193 809 1225 ἁπλᾶς
822 1193 870 1220 καὶ

75 1244 220 1280 ἡνωμένας
233 1244 364 1277 ἀνάγεται
377 1242 504 1279 θεωρίας.

921 915 973 942 bus
996 913 1097 942 divinis
1114 914 1279 947 illustratur,
1295 921 1349 942 non
1365 915 1481 949 spiritali
1503 915 1613 950 quidem
1636 915 1716 942 unilo

923 960 1012 990 modo,
1035 960 1082 987 sed
1100 960 1246 995 cogitando
1269 964 1298 987 et
1324 959 1505 988 discurrendo
1518 961 1596 995 quasi
1614 962 1715 996 permi-

923 1006 973 1034 stis
994 1005 1130 1041 ﬂuxisque
1154 1006 1320 1033 actionibus.
1346 1005 1455 1034 Directe
1480 1014 1546 1034 vero
1577 1013 1715 1041 movetur.

922 1053 1033 1087 quando
1046 1060 1099 1080 non
1113 1052 1146 1079 ad
1163 1052 1283 1087 seipsum
1297 1052 1460 1088 ingreditur,
1479 1059 1569 1088 neque
1581 1053 1715 1089 singulari

923 1098 1133 1134 motu'spiritali
1146 1097 1233 1125 fertur
1249 1097 1323 1133 (nam
1337 1098 1382 1126 hic
1400 1103 1490 1126 motus
1507 1099 1650 1127 circularis
1661 1104 1716 1133 est,

923 1148 952 1171 ut
965 1144 1044 1178 dixi),
1063 1143 1112 1172 sed
1127 1143 1162 1171 ad
1175 1151 1206 1171 ea
1218 1150 1278 1178 quae
1289 1143 1340 1179 ipsi
1358 1143 1447 1171 vicina
1458 1149 1521 1172 sunt
1531 1145 1716 1180 progreditur,

922 1194 950 1218 et
966 1198 981 1218 ιι
997 1190 1080 1218 rebus
1094 1190 1226 1223 externis,
1243 1197 1297 1218 non
1312 1198 1391 1218 secus
1407 1197 1440 1218 ac
1453 1191 1539 1226 signis
1552 1191 1716 1226 quibusdam

924 1237 1010 1264 variis
1022 1244 1054 1264 ac
1074 1236 1281 1272 multiplicibus,
1298 1237 1330 1264 ad
1343 1237 1480 1272 simplices
1495 1241 1523 1265 et
1544 1238 1636 1266 unitas
1650 1245 1717 1266 cou-

922 1283 1115 1319 templationes
1129 1288 1286 1310 revocatur.

858 1353 931 1390 5X.

114 1428 224 1456 Τούτων
243 1426 301 1460 οὖν,
315 1428 363 1455 καὶ
376 1427 431 1454 τῶν
445 1427 582 1463 αἰσθητῶν
606 1428 635 1454 ἐν
647 1427 716 1463 τῷδε
729 1426 768 1463 τῷ
790 1426 871 1454 παντὶ

77 1475 163 1512 τριῶν
188 1475 334 1511 κινήσεων,
350 1475 398 1502 καὶ
415 1474 505 1510 πολλῷ
531 1474 663 1510 πρότερον
680 1473 735 1501 τῶν
754 1473 871 1501 ἑκάστου

80 1522 171 1558 μονῶν
195 1522 243 1549 καὶ
266 1521 396 1553 στάσεων,
413 1521 460 1548 καὶ
482 1520 613 1557 ἱδρύσεων
631 1521 716 1548 αἴτιόν
734 1520 804 1554 ἐστι,
824 1521 872 1547 καὶ

79 1567 232 1603 συνοχικὺν,
247 1568 293 1595 καὶ
308 1567 395 1602 πέρας
405 1567 435 1594 τὸ
457 1566 540 1594 καλὸν
563 1567 610 1593 καὶ
622 1567 734 1601 ἀγαθὸν,
756 1567 787 1593 τὸ
801 1567 872 1603 ὑπὲρ

78 1615 172 1641 πᾶσαν
187 1614 211 1630 ’⁸
224 1606 318 1640 στάσῖν
331 1613 379 1640 καὶ
400 1613 522 1649 κίνησιν
537 1613 606 1640 διὸ²⁵
624 1613 700 1639 πᾶσα
718 1612 811 1644 στάσις
825 1612 873 1639 καὶ

78 1660 198 1695 κίνησις,
223 1660 271 1687 καὶ
291 1659 321 1693 ἐξ
332 1657 374 1691 οὗ,
398 1660 445 1686 καὶ
468 1660 497 1686 ὲν
519 1656 541 1694 ᾧ
556 1660 589 1691 ’⁸,
606 1659 652 1686 καὶ
674 1659 715 1690 είς
729 1658 753 1690 ὃ,
771 1658 818 1685 καὶ
842 1656 872 1686 οὗ

78 1707 173 1733 ἕνεκα.
186 1707 241 1733 Καὶ
256 1707 310 1742 γὰρ
331 1706 361 1740 ἐξ
375 1705 468 1738 αὑτοῦ,
484 1706 531 1733 καὶ
544 1706 578 1733 δι’
597 1706 691 1738 αὐτοῦ,
714 1706 762 1733 καὶ
782 1706 872 1737 οὐσία,

79 1752 128 1778 καὶ
139 1751 197 1787 ζωὴ
213 1752 297 1783 πᾶσα,
311 1752 358 1778 καὶ
369 1751 414 1778 νοῦ
429 1751 477 1778 καὶ
488 1751 588 1787 ψυχῆς,
603 1752 650 1778 καὶ
660 1751 750 1786 πάσης
766 1751 873 1786 φύσεως

80 1798 110 1824 ai
129 1797 320 1832 σμικρότητες,
347 1797 375 1823 αἱ
401 1796 533 1832 ίσότητες,
553 1797 581 1823 αἱ
599 1795 816 1832 μεταλειὸτητες,
839 1795 874 1824 τὰ

82 1842 172 1878 μέτρα
182 1843 281 1874 πάντα,
298 1842 346 1869 καὶ
356 1843 383 1868 αἱ
395 1842 449 1869 τῶν
463 1842 547 1869 δντων
562 1841 714 1876 ἀναλογίαι,
725 1842 772 1869 καὶ
786 1842 873 1877 ἁρμο-

81 1889 148 1921 νίαι,
164 1889 212 1915 καὶ
228 1889 351 1924 κράσεις,
369 1889 397 1915 αἱ
413 1888 550 1924 ὁλότητες,
570 1888 606 1915 τὰ
630 1889 710 1924 μέρη,
728 1889 782 1916 πᾶν
798 1888 827 1914 ἓν
840 1889 872 1920 ³⁷,

81 1936 130 1962 καὶ
154 1935 264 1971 πλῆθος,
284 1936 313 1962 αἱ
341 1935 477 1967 συνδέσεις
501 1935 555 1962 τῶν
584 1934 685 1971 μερῶν,
715 1934 744 1961 αἱ
775 1935 875 1967 παντὸς

81 1982 201 2018 πλήθους
219 1981 340 2015 ὲνώσεις,
358 1983 385 2009 αἱ
412 1982 580 2018 τελειότητες
606 1982 661 2009 τῶν
681 1982 825 2019 ὁλοτήτων,
844 1983 875 2010 τὸ

82 2028 170 2060 ποιὸν,
186 2027 217 2054 τδ
235 2029 326 2061 ποσὸν,
342 2028 372 2054 τὸ
388 2028 511 2064 πηλίκον,
527 2029 556 2056 τὸ
575 2029 697 2064 ἄπειρον,
717 2029 745 2055 αι
764 2029 875 2065 συγκρί-

84 2081 152 2105 σεις,
173 2074 200 2100 ai
215 2074 377 2110 διακρίσεις,
401 2074 476 2101 πᾶσα.
496 2074 619 2110 ἀπειρία,
645 2075 699 2101 πᾶν
728 2075 824 2111 πέρας,
849 2075 874 2101 οἱ

82 2120 142 2155 ὅροι
160 2119 270 2152 πάντες,
287 2121 315 2146 αἱ
330 2120 432 2153 τάξεις,
447 2121 475 2147 αἱ
486 2121 628 2156 ὑπεροχαὶ,
645 2120 680 2147 τὰ
695 2122 823 2156 στοιχεῖα,
841 2121 875 2148 τὰ

82 2165 153 2201 εἴδη,
178 2167 253 2193 πᾶσα
276 2166 365 2199 οὐσία,
387 2168 462 2193 πᾶσα
486 2167 610 2202 δύναμις,
637 2167 711 2194 πᾶσα
737 2167 873 2203 ἐνέργεια,

962 1426 1062 1454 llarum
1077 1426 1160 1462 igitur
1179 1426 1271 1458 trium,
1283 1426 1323 1455 uti
1341 1431 1369 1455 et
1391 1427 1544 1461 sensilium,
1561 1428 1587 1456 in
1609 1428 1660 1457 hac
1672 1435 1718 1457 re-

925 1481 986 1502 rum
998 1473 1178 1501 universitate
1193 1473 1355 1507 motionum,
1381 1478 1558 1510 statuumque
1580 1483 1613 1503 ac
1628 1476 1714 1505 ﬁrmi-

887 1538 909 1569 C
926 1526 1010 1549 latum
1030 1528 1125 1552 causa,
1145 1523 1173 1548 ct
1197 1520 1371 1548 conservatio
1397 1525 1426 1548 et
1451 1521 1523 1554 linis,
1546 1526 1589 1550 est
1614 1521 1717 1550 bonum

926 1568 992 1596 illud
1011 1567 1169 1602 pulchrum,
1184 1566 1257 1601 quod
1277 1570 1320 1594 est
1333 1573 1416 1601 supra
1440 1571 1543 1594 statum
1560 1575 1669 1596 omnem
1685 1576 1718 1596 ac

926 1620 1040 1648 motum,
1056 1621 1105 1649 per
1118 1614 1202 1648 quod,
1218 1618 1245 1640 et
1259 1621 1294 1641 ex
1309 1621 1373 1648 quo,
1389 1618 1418 1641 et
1432 1614 1466 1640 ad
1486 1621 1565 1648 quem
1589 1619 1616 1642 ct
1639 1615 1718 1650 cujus

925 1662 1023 1696 gratia,
1040 1665 1128 1689 status
1142 1660 1232 1688 omnis
1254 1667 1286 1687 ac
1312 1665 1402 1687 motus
1416 1660 1534 1688 exsistit.
1550 1660 1656 1688 Etenim
1683 1669 1717 1689 ex

925 1708 1002 1743 ipso;
1015 1711 1043 1734 et
1054 1713 1103 1741 per
1115 1706 1215 1740 ipsum,
1231 1709 1260 1733 et
1273 1706 1441 1738 substantia,
1457 1705 1541 1741 358
1551 1710 1578 1734 et
1591 1706 1646 1734 vita
1659 1714 1719 1734 om-

925 1754 970 1782 nis
992 1758 1020 1781 et
1046 1753 1147 1781 mentis
1165 1757 1193 1780 et
1206 1753 1315 1784 animae,
1341 1756 1423 1787 atque
1449 1754 1583 1781 universa:
1611 1758 1719 1781 natura:

925 1790 1085 1836 parvitates,
1118 1799 1309 1835 mqualitates;
1338 1799 1551 1834 magnitudines,
1582 1808 1720 1828 mensum

925 1846 1059 1877 omnium,
1075 1849 1103 1872 et.
1123 1852 1214 1872 rerum
1236 1845 1439 1880 proportiones,
1463 1849 1491 1872 et
1516 1849 1678 1879 concentus,
1690 1851 1719 1873 et

926 1891 1126 1924 concretiones,
1153 1894 1220 1923 tota,
1235 1894 1339 1925 partes,
1365 1897 1447 1918 omne
1467 1899 1550 1918 unum
1570 1895 1599 1918 et
1621 1891 1718 1918 multi—

928 1937 1006 1970 tudo.
1035 1936 1241 1971 conjunctiones
1264 1937 1393 1972 partium.
1417 1937 1507 1964 omnis
1535 1936 1719 1965 multitudinis

925 1982 1127 2018 copulationes,
1145 1981 1329 2018 perfectiones
1351 1987 1481 2015 totorum,
1513 1983 1603 2018 quale,
1632 1990 1719 2018 quan-

926 2034 994 2062 tum,
1015 2037 1097 2064 quam
1118 2037 1248 2065 magnum
1264 2034 1312 2056 aut
1327 2037 1453 2063 parvum,
1477 2029 1625 2062 inﬁnitum,
1644 2037 1719 2057 com-

925 2076 1095 2110 parationes,
1103 2076 1301 2111 separationes,
1309 2076 1399 2104 omnis
1409 2076 1540 2109 inlinitas,
1548 2077 1636 2104 omnis
1644 2076 1718 2109 linis,

927 2123 1101 2151 deﬁnitiones
1118 2131 1230 2158 omnes,
1245 2124 1364 2156 ordines,
1379 2124 1558 2156 excellentia},
1571 2124 1718 2158 elementa,

928 2170 1034 2202 formae,
1057 2170 1148 2198 omnis
1171 2170 1335 2203 substantia,
1350 2170 1440 2198 omnis
1467 2170 1583 2198 facultas
1595 2171 1653 2199 sive
1669 2179 1718 2206 po-

83 2213 159 2239 πᾶσα
176 2212 242 2246 ἕξις,
261 2213 335 2239 πᾶσα
350 2212 485 2248 αἴσθησις,
512 2213 565 2244 πᾶς
580 2213 668 2247 λόγος,
685 2213 760 2240 πᾶσα
773 2213 871 2249 νόησις,

929 2219 1023 2248 testas,
1039 2215 1129 2242 omnis
1155 2215 1237 2249 actio,
1251 2217 1340 2243 omnis
1363 2215 1483 2249 habitus,
1502 2217 1592 2244 omnis
1609 2223 1717 2250 sensus,

83 2260 160 2286 πᾶσα
182 2259 284 2294 ἐπαφὴ,
314 2260 389 2285 πᾶσα
414 2260 564 2295 ἐπιστήμη,
595 2260 670 2285 πᾶσα
694 2259 805 2291 ἓνωσις·
828 2260 875 2286 καὶ

82 2302 188 2335 ἁπλῶς,
204 2303 257 2329 πᾶν
271 2301 302 2330 ὃν
322 2303 355 2329 ὲκ
368 2302 415 2329 τοῦ
433 2303 516 2330 καλοῦ
536 2304 582 2330 καὶ
596 2303 708 2338 ἀγαθοῦ,
725 2304 772 2331 καὶ
786 2305 814 2331 ἐν
836 2304 875 2340 τῷ

83 2347 160 2383 καλῷ
174 2348 220 2374 καὶ
230 2347 326 2383 ἁγαθῷ
340 2349 410 2380 ἐστι,
431 2349 478 2375 καὶ
498 2349 538 2380 εἰς
552 2348 583 2375 τὺ
607 2349 690 2375 καλὸν
708 2349 755 2376 καὶ
774 2349 875 2383 ἀγαθὸν

82 2395 297 2430 ὲπιστρὲφεται’
323 2396 369 2422 καὶ
384 2396 473 2423 πάντα
488 2395 538 2422 ὅσα
561 2396 619 2422 ἐστὶ
649 2396 696 2422 καὶ
719 2394 741 2410 ’⁸
757 2394 874 2429 γίνεται,

81 2440 128 2468 διὰ
146 2441 178 2468 τὸ
188 2441 270 2468 καλὸν
283 2442 330 2469 καὶ
346 2442 449 2476 ἀγαθόν
464 2442 524 2468 ἐστι
539 2442 587 2468 καὶ
605 2441 719 2476 γίνεται,
744 2442 791 2468 καὶ
808 2442 876 2478 πρὸς

83 2487 151 2514 αὐτὸ
165 2486 255 2514 πάντα
277 2488 339 2523 ὁρᾷ,
357 2488 404 2514 καὶ
417 2488 464 2514 ὑπ’
479 2486 561 2514 αὑτοῦ
576 2489 691 2514 κινεῖται
703 2487 750 2513 καὶ
767 2487 876 2522 συνέχε-

82 2543 141 2566 ται,
160 2534 207 2561 καὶ
231 2533 313 2561 αὐτοῦ
341 2534 433 2566 ἕνεκα,
457 2534 504 2562 καὶ
528 2535 562 2561 δι’
578 2535 653 2566 αὐτὸ,
679 2534 727 2561 καὶ
750 2534 780 2560 ὲν
802 2532 876 2569 αὑτῷ

83 2582 161 2608 πᾶσα
185 2580 258 2616 ἀρχὴ
286 2580 532 2617 παραδειγματικὴ,
556 2581 650 2617 τελικὴ
675 2582 708 2613 ’³,
735 2581 874 2616 ποιητικὴ,

83 2626 183 2662 εἰδικὴ,
208 2625 391 2662 στοιχειώδης,
419 2626 466 2653 καὶ
495 2626 588 2658 ἁπλῶς
612 2627 687 2653 πᾶσα
706 2626 875 2662 ἀρχὴ,πᾶσα

84 2672 196 2708 συνοχὴ,
209 2673 263 2699 πᾶν
280 2672 366 2708 πέρας
376 2681 383 2688 ·
405 2672 428 2688 ²⁰
443 2672 459 2707 ἢ
477 2672 520 2699 ἵνα
535 2672 673 2700 συλλαϐὼν
687 2673 767 2706 εἴπω,
787 2672 876 2700 πάντα

928 2263 1018 2290 omnis
1047 2262 1129 2295 ratio,
1153 2263 1242 2290 omnis
1273 2262 1471 2297 intelligentia,
1498 2263 1589 2291 omnis
1617 2267 1717 2296 tactus,

928 2308 1017 2336 omnis
1046 2308 1170 2341 scientia,
1195 2309 1284 2337 omnis
1308 2309 1464 2344 copulatio;
1490 2314 1518 2337 et
1545 2309 1717 2344 simpliciter,

929 2362 1009 2382 omne
1024 2355 1096 2390 quod
1112 2363 1146 2382 ex
1166 2355 1282 2391 pulchro
1293 2360 1329 2387 et
1345 2357 1415 2383 bono
1438 2355 1558 2390 exsistit,
1578 2361 1606 2384 et
1619 2357 1645 2383 iu
1660 2356 1720 2391 pul-

929 2401 997 2428 chro
1010 2406 1037 2429 et
1050 2403 1121 2429 bono
1135 2407 1189 2436 est,
1201 2407 1229 2429 et
1244 2402 1277 2429 ad
1291 2402 1433 2437 pulchrum
1447 2408 1474 2430 et
1488 2403 1589 2430 bonum
1602 2410 1717 2431 conver-

929 2444 1012 2477 titur;
1033 2449 1061 2472 et
1082 2452 1251 2481 quaecunque
1275 2452 1340 2474 sunt
1364 2452 1390 2474 et
1419 2447 1497 2483 liunt,
1522 2453 1634 2483 propter
1657 2448 1718 2484 pul-

930 2489 1026 2517 chrum
1044 2495 1072 2518 et
1082 2491 1182 2519 bonum
1207 2496 1271 2519 sunt
1286 2497 1313 2520 et
1327 2493 1405 2525 t'lunl,
1423 2499 1452 2521 et
1472 2499 1572 2522 cuncta
1587 2495 1614 2522 in
1629 2495 1719 2530 ipsum

930 2535 1080 2568 intuentur,
1111 2542 1139 2565 et
1167 2537 1201 2565 ab
1231 2537 1290 2572 ipso
1323 2543 1468 2567 moventur
1495 2543 1522 2566 et
1550 2546 1719 2567 conservan-

933 2586 989 2615 tur,
1005 2587 1032 2609 et
1052 2583 1136 2618 ipsius
1151 2584 1239 2620 gratia
1254 2589 1282 2613 et
1302 2590 1415 2620 propter
1431 2585 1519 2620 ipsum
1546 2589 1575 2612 et
1599 2587 1627 2613 in
1658 2585 1720 2620 ipso

930 2635 1012 2656 omne
1032 2630 1194 2664 principium
1210 2632 1376 2666 exemplare,
1400 2632 1490 2664 ﬁnale,
1515 2631 1647 2665 elIit-iens,
1663 2633 1719 2659 for-

931 2673 1012 2707 male,
1025 2676 1177 2709 materiale,
1189 2682 1216 2704 et
1229 2677 1346 2712 denique
1354 2685 1434 2705 omne
1441 2678 1619 2713 principium,
1627 2679 1718 2707 oluuis

736 2749 854 2778 VARI/8
871 2750 1076 2780 LECTIONES.

122 2823 145 2837 ”
157 2821 368 2864 ᾷκφτφλήπεωςν
382 2821 421 2864 υ;.
452 2821 678 2864 "feretres
689 2821 728 2864 .‘3-
801 2822 1064 2864 συμμεῖοξεςτιιεριῖςι
1077 2823 1112 2864 βι
1127 2860 1133 2864 .
1146 2825 1172 2864 *1
1180 2825 1329 2862 ἐτερότητιι
1343 2827 1374 2854 D-
1383 2863 1395 2864 γ
1408 2828 1431 2844 ’³
1445 2829 1508 2864 περἱ
1521 2828 1616 2863 αὑτήνο
1632 2827 1660 2854 D-
1679 2827 1715 2855 ιι

84 2857 108 2873 ’³
121 2857 171 2899 καὶ
192 2854 434 2899 ἓπὲρ.ξιτῇσαν,,Μ.
473 2857 496 2899 ξ’
508 2854 650 2899 minii":
660 2892 670 2899 ν
689 2858 712 2873 ’⁵
724 2854 892 2899 subjungu'ut
904 2857 937 2899 Lf“.
951 2857 1029 2899 Ιικυ.
1042 2854 1088 2885 καὶ
1098 2854 1367 2899 ᾷιξοῦξιιιὶοιινὶικίλςι
1380 2863 1438 2896 δα,
1458 2854 1504 2892 εέιι
1521 2854 1717 2899 prmi-.1".ij

84 2893 134 2920 καί
148 2894 177 2920 ὲν
188 2889 220 2927 ᾧ.

261 2893 283 2908 ¹⁷
297 2892 332 2920 Μ.
359 2892 429 2928 μέρη
445 2893 531 2919 πάντα
546 2892 584 2919 ἓν.
625 2893 646 2908 ³⁸
659 2892 715 2919 ἔστι
729 2901 757 2918 τε
772 2892 829 2925 καί,
843 2892 874 2919 D.
915 2894 937 2909 ³³
952 2893 1122 2928 τελειωτική,
1137 2895 1164 2922 S.
1180 2892 1225 2923 se.
1265 2897 1287 2913 ³ο
1303 2898 1360 2924 καί.
