1938 3065
233 131 285 158 707

801 130 832 159 S.
853 129 1002 158 DlONYSll
1021 125 1254 156 AREOPAGI'UE

1813 131 1870 159 708

233 188 415 220 conservatio,
429 188 520 216 omnis
538 188 615 220 ﬁnis;
633 193 672 220 ct,
689 192 718 215 ut
733 188 889 215 summatim
918 187 1020 218 dicam,

1078 187 1107 213 τὰ
1123 188 1186 215 ὄντα
1200 187 1232 213 ἐκ
1246 185 1294 212 τοῦ
1311 185 1394 212 κα.λοῦ
1408 185 1455 213 καὶ
1466 186 1567 220 ἀγαθοῦ
1578 194 1583 202 ·
1595 187 1646 213 καὶ
1662 187 1750 214 πάντα
1771 187 1804 214 τὰ
1818 188 1869 214 οὐκ

232 235 322 261 omnia
348 241 408 269 qum
421 238 496 265 sunt.
508 241 541 261 cx
556 234 668 269 pulchro
683 238 711 260 et
731 235 802 261 bono
825 233 974 265 exsistunt,
993 237 1021 259 et

234 281 324 308 omnia
339 287 399 314 quae
414 287 467 306 non
483 286 556 312 sunt,
576 281 603 306 in
621 279 735 314 pulchro
754 284 781 306 ct
803 279 874 305 bono
889 283 953 304 sunt
978 285 1023 304 stt-

235 326 522 361 prasubstantialitcr;
541 330 568 353 et
588 330 629 353 est
651 326 772 353 omnium
797 324 959 360 principium
976 331 1022 351 su-

235 380 366 408 praquam
388 372 551 407 principiale
566 376 594 399 et
615 371 676 399 ﬁnis
690 378 854 406 supraquam
868 370 1022 405 perfectus;

236 417 369 448 Quoniam
381 423 413 442 ea:
426 417 492 450 ipso,
504 421 527 442 et
540 423 585 447 per
596 416 691 450 ipsum,
703 421 727 441 et
740 416 767 441 in
779 416 846 449 ipso,
857 419 881 441 et
892 414 926 440 ad
939 414 1024 448 ipsum

235 462 336 495 onmia,
357 462 429 489 sicttt
450 462 490 488 ait
505 461 646 496 Scriptura
664 467 688 489 tt.
704 460 844 488 Universis
863 460 945 496 igitur
963 459 1025 494 pul-

234 509 331 536 chrum
355 512 382 535 et
401 508 504 535 bonttm
525 507 705 535 desiderabile
720 511 747 534 et
763 507 879 534 amabile
895 511 936 534 est
947 509 974 532 et
990 505 1024 532 ab

234 555 370 583 universis
381 555 521 590 diligitur;
533 559 560 582 et
572 559 683 589 propter
694 554 793 589 ipsum,
802 558 829 580 et
841 553 927 588 ipsius
940 559 1020 581 causa

231 606 258 628 et
273 601 402 629 inferiora
417 606 510 629 amant
525 601 676 636 superiora,
690 600 871 627 convertenda
887 608 916 627 se
927 599 960 626 ad
971 606 1020 631 ea;

230 653 259 676 et
272 656 332 684 qua:
344 652 409 676 sunt
420 647 540 682 ejusdem
555 646 660 674 ordinis
674 651 767 674 amant
778 646 888 679 similia,
901 653 1021 674 commu-

239 691 371 724 nicando;
389 695 417 717 et
446 690 549 725 majora
576 690 694 722 minora,
721 690 887 725 providendo
913 691 971 722 eis;
998 695 1026 718 et

237 735 342 768 singula
366 735 466 770 seipSa,
495 735 684 761 conservando
710 742 758 766 se;
781 739 808 761 et
832 736 936 766 omnia,
967 735 1026 770 pnl~

237 782 334 808 chrum
361 786 388 808 et
420 782 520 808 bontnn
548 781 709 816 expetendo,
739 781 843 808 faciunt
865 787 893 808 et
918 783 1023 814 volunt,

237 833 404 862 qumcunque
425 827 530 853 faciunt
543 831 570 853 et
583 827 686 854 volunt.
703 826 772 859 Quin
789 831 816 854 et
833 827 883 854 hoc
899 835 963 855 vere
977 836 1025 854 au-

237 874 332 900 demus
359 873 459 904 dicere,
487 873 558 906 quod
585 874 702 907 ipsequi
726 879 767 900 est
782 874 904 900 omnium
927 881 1022 905 causa,
1039 857 1060 884 Β

237 923 347 952 propter
359 919 548 945 evcelleutiam
569 918 699 945 bonitatis
715 919 805 945 omnia
831 924 914 951 amat,
932 920 1022 946 omnia

237 963 314 995 facit,
331 963 421 990 omnia
439 963 556 998 perﬁcit,
573 963 664 990 omnia
686 964 818 995 continet,
842 965 933 991 omnia
955 972 1023 992 eon-

237 1009 318 1035 vertit
333 1009 365 1035 ad
381 1016 428 1041 se;
445 1014 525 1036 etest
542 1010 648 1037 divinus
672 1017 749 1036 amor
775 1010 861 1037 bonus
887 1011 950 1037 boui
966 1019 1026 1044 pro-

237 1059 296 1088 pter
309 1053 417 1080 bonum.
432 1053 489 1087 Ipse
503 1054 575 1081 enim
589 1061 667 1081 amor
681 1055 801 1086 divinus,
814 1055 858 1089 qtti
875 1055 1023 1083 bonitatem

238 1100 264 1126 in
292 1100 325 1127 iis
349 1107 408 1135 qua:
434 1105 496 1127 sunt
524 1105 662 1135 operatur,
683 1101 746 1135 quia
764 1101 841 1135 prius
867 1102 974 1129 exstitit
998 1103 1023 1128 in

238 1145 308 1172 bono
320 1145 466 1179 superlale,
482 1154 533 1173 non
549 1146 613 1173 sivit
624 1146 710 1180 ipsum
728 1147 753 1172 iu
767 1154 796 1173 se
813 1147 871 1174 sine
887 1147 953 1175 fmttt
969 1155 1027 1174 nta-

1074 234 1148 266 ὄντα,
1169 232 1338 268 ὑπερουσίως
1352 231 1380 258 ἐν
1393 231 1432 266 τῷ
1448 231 1523 267 καλῷ
1544 233 1591 258 καὶ
1605 232 1715 268 ἀγαθῷ·
1741 234 1788 260 καὶ
1810 233 1869 260 ἐστι

1075 280 1184 306 πάντων
1197 279 1279 314 ἀρχὴ,
1296 278 1343 304 καὶ
1357 277 1443 313 πέρας
1451 278 1627 314 ὑπεράρχιον,
1641 279 1686 305 καὶ
1700 279 1863 315 ὑπερτελὲς.

1076 327 1141 352 Ὅτι
1161 325 1195 357 ἐξ
1220 325 1323 355 αὑτοῦ,
1341 324 1389 351 καὶ
1407 323 1444 350 δι’
1464 324 1567 355 αὑτοῦ,
1592 323 1684 352 καὶέν
1702 326 1793 359 αὐτῷ,
1819 327 1869 352 κη)

1073 371 1117 401 εἰς
1138 370 1212 397 αὐτὸ
1228 370 1249 386 ³¹
1276 370 1311 396 τὰ
1337 369 1445 400 πάντα,
1470 369 1508 401 ὥς
1531 378 1612 405 φησιν
1635 371 1649 396 ὁ
1674 371 1747 406 ἱερὸς
1771 371 1870 405 λόγος·

1074 417 1161 442 Πᾶσιν
1190 413 1236 442 οὖν
1269 415 1328 441 ἑστι
1354 414 1384 440 τὺ
1408 413 1489 440 καλὸν
1507 414 1554 440 καὶ
1574 414 1684 448 ἀγαθὸν,
1702 415 1807 450 ἐφετὸν,
1822 415 1872 442 καὶ

1076 461 1202 497 ὲραστὸν,
1223 461 1271 487 καὶ
1298 460 1453 496 ἁγαπητόν’
1476 461 1524 487 καὶ
1545 461 1579 487 δι’
1606 461 1681 493 αὐτὸ,
1709 462 1756 488 καὶ
1785 461 1870 488 αὐτοῦ

1075 507 1167 539 ἕνεκα,
1184 507 1230 533 καὶ
1244 506 1279 533 τὰ
1293 507 1368 540 ἥττω
1391 505 1445 533 τῶν
1470 507 1631 542 κρειττόνων
1651 508 1870 543 ὲπιστρεπτικῶς

1076 553 1170 589 ἐρῶσι,
1183 554 1230 580 καὶ
1242 553 1407 585 κοινωνικῶς
1415 553 1451 580 τὰ
1459 554 1606 589 ὁμόστοιχα
1617 554 1671 581 τῶν
1683 554 1826 589 ὁμοταγῶν
1836 555 1868 586 ³²,

1075 601 1123 627 καὶ
1145 600 1180 626 τά
1203 600 1320 636 κρείττω
1336 599 1359 616 ³³
1379 599 1433 626 τῶν
1457 600 1575 635 ἡττόνων
1608 601 1806 636 προνοητικῶς.
1823 602 1871 628 καὶ

1075 645 1144 672 αὐτὰ
1159 645 1265 672 ἑαυτῶν
1276 646 1379 672 ἕκαστα
1402 645 1578 676 συνεκτικῶς,
1594 646 1641 672 καὶ
1657 646 1744 672 πάντα
1757 645 1805 672 τοῦ
1821 655 1871 672 κα-

1075 692 1121 718 λοῦ
1135 693 1182 719 καὶ
1196 691 1300 726 ἀγαθοῦ
1317 692 1460 727 ἐφιέμενα,
1478 693 1549 718 ποιεῖ
1562 692 1609 718 καὶ
1633 692 1756 726 βούλεται
1781 692 1871 719 πάντα

1075 739 1125 765 ὅσα
1144 740 1218 765 ποιεῖ
1232 739 1279 764 καὶ
1299 737 1433 773 βούλεται.
1449 737 1671 773 Παρῤησιάσεται
1687 738 1715 765 δὲ
1730 739 1776 765 καὶ
1791 738 1872 765 τοῦτο

1076 786 1162 811 εἰπεῖν
1175 785 1189 810 ὁ
1204 784 1306 819 ἀληθὴς
1318 784 1407 818 λόγος,
1422 784 1463 810 ὅτι
1478 784 1524 809 καὶ
1541 783 1622 815 αὐτὸς
1633 784 1647 810 ὁ
1660 784 1768 810 πάντων
1786 784 1872 816 αἴτιος

1075 831 1108 857 δι’
1125 831 1292 866 ἀγαοὸτητος
1307 829 1459 866 ὑπερϐολὴν
1479 830 1588 856 πάντων
1601 831 1661 866 ἐρᾷ,
1681 830 1770 857 πάντα
1787 832 1870 860 ποιεῖ,

1075 877 1163 903 πάντα.
1173 877 1281 907 τελειοῖ,
1298 876 1386 902 πάντα
1403 877 1520 912 συνέχει,
1537 876 1624 902 πάντα
1639 876 1812 911 ἐπιστρέφει,
1825 877 1872 902 καὶ

1075 922 1133 948 ἔστι
1150 922 1197 948 καὶ
1209 923 1223 948 ὁ
1237 921 1309 954 θεῖος
1325 922 1347 937 ³⁵
1361 921 1430 957 ἔρως
1451 921 1553 956 ἀγαθὸς
1569 920 1672 955 ἀγαθοῦ
1696 921 1741 948 διὰ
1759 921 1790 947 τὸ
1803 922 1873 955 ἀγα-

1075 968 1129 995 Θόν.
1149 968 1234 999 Αὐτὸς
1256 967 1312 1004 γὰρ
1332 968 1346 994 ὁ
1366 967 1532 1003 ἀγαθοεργὸς
1551 967 1605 994 τῶν
1631 967 1715 994 ὄντων
1739 967 1820 1002 ἔρως,
1844 968 1873 993 ὲν

1075 1012 1187 1048 τάγαθῷ
1215 1012 1276 1039 καθ’
1302 1012 1455 1048 ὑπερϐολὴν
1481 1012 1676 1048 προϋπάρχων,
1701 1012 1751 1038 οὐκ
1781 1011 1874 1038 εἴασεν

1075 1059 1155 1085 αὑτὸν
1172 1058 1267 1092 ἄγονον
1284 1058 1313 1084 έν
1336 1058 1425 1093 ἐαυτῷ
1440 1058 1541 1094 μένειν,
1562 1058 1671 1093 ἐκίνησε
1687 1058 1715 1083 δὲ
1736 1057 1819 1084 αὐτὸν
1834 1058 1874 1088 εἰς

1078 1103 1110 1130 τὸ
1127 1103 1358 1139 πρακτικεύεσοαι
1378 1103 1448 1130 κατὰ
1472 1103 1521 1138 τὴν
1536 1103 1662 1130 ἁπάντων
1686 1103 1834 1139 γενητιχὴν
1852 1103 1873 1118 ⁸⁵

1081 1150 1133 1175 ὑπε
1138 1150 1245 1186 ρὸολὴν.

238 1198 314 1224 nere,
327 1191 374 1218 sed
394 1192 483 1226 potius
505 1191 589 1218 movit
619 1199 680 1218 eunt
705 1192 739 1218 atl
770 1194 937 1226 operandum
957 1194 1106 1222 secundum
1133 1196 1322 1224 excellentiam
1341 1195 1451 1223 virttttis
1479 1203 1533 1222 sum
1554 1196 1674 1223 omnium
1696 1203 1788 1222 rerum
1809 1194 1875 1222 etii--

238 1238 341 1266 Cltit‘i<.

1000 1311 1088 1349 §XL

273 1382 355 1418 359
380 1382 473 1417 Neque
487 1390 553 1410 vero
584 1391 634 1411 nos
658 1385 802 1420 quisquam
826 1390 903 1420 putet
928 1390 1024 1413 contra

240 1429 385 1465 Scriptum
411 1431 601 1457 auctoritatem
629 1432 730 1459 amoris
749 1440 846 1459 nomen
873 1431 1024 1459 celebrare.

1115 1385 1169 1411 Καὶ
1192 1384 1228 1421 μή
1243 1393 1284 1417 τις
1300 1385 1374 1420 ἡμᾶς
1389 1385 1487 1412 οἰέσθω
1505 1383 1581 1420 παρά
1605 1384 1639 1411 τὰ
1663 1384 1740 1418 λόγια
1761 1383 1811 1420 τὴν
1827 1384 1874 1410 τοῦ

1078 1429 1179 1466 ἔρωτος
1198 1431 1355 1466 ἐπωνυμίαν
1373 1430 1544 1466 πρεσϐεύειν.
1567 1430 1645 1457 Ἐστι
1666 1430 1715 1465 μὲν
1730 1429 1786 1464 γὰρ
1809 1429 1859 1457 ἄλο

239 1476 367 1503 Εςιοηίηι
379 1484 392 1503 a
402 1477 506 1504 ratione
521 1477 649 1509 alienum,
663 1483 692 1504 ut
705 1479 813 1513 opinor,
826 1483 853 1505 et
866 1478 1024 1512 absurdum,

1079 1484 1137 1510 γον,
1150 1476 1188 1508 ὡς
1202 1474 1289 1512 οἶμαι,
1314 1476 1361 1502 καὶ
1383 1476 1476 1503 σκαιὸν
1494 1476 1526 1508 ⁸⁵,
1545 1476 1575 1502 τὸ
1591 1476 1627 1511 μὴ
1641 1476 1674 1510 τῇ
1693 1475 1808 1510 δυνάμει
1826 1475 1873 1501 τοῦ

241 1530 292 1549 non
306 1523 359 1549 vim
375 1523 461 1556 ipsam
484 1523 599 1550 instituti
626 1524 780 1556 attentiore.
796 1525 844 1552 sed
861 1525 959 1557 verba;
978 1532 1027 1551 ne-

239 1575 292 1602 que
304 1568 356 1595 hoc
371 1569 510 1603 proprium
525 1573 672 1596 esteorum
689 1570 734 1604 qui
756 1578 800 1598 res
821 1570 929 1598 divinas
947 1571 1026 1598 intel-

239 1613 322 1647 ligere
336 1614 459 1648 cupiunt.
481 1613 528 1641 sed
543 1622 625 1642 sonos
645 1616 728 1643 exiles
756 1621 939 1651 attcupantur,
963 1624 1027 1644 eos-

240 1659 355 1693 demque
377 1660 547 1688 extrinsecus
572 1667 637 1688 aure
660 1666 738 1688 tenus
759 1661 923 1694 admittunt.
939 1670 1028 1697 neque

240 1705 311 1732 scire
323 1705 426 1737 volunt,
448 1706 512 1740 quid
528 1706 713 1740 hujuscemodi
729 1707 814 1734 dictio
830 1708 977 1742 signiticet,
1001 1714 1029 1736 et

240 1758 358 1785 quonam
372 1751 452 1778 modo
466 1752 526 1778 aliis
542 1753 625 1779 etiatn
643 1753 733 1780 verbis
747 1754 986 1788 zequipollentibns
1000 1761 1028 1782 ct

239 1797 434 1832 explanatoriis
453 1798 490 1825 sit
512 1799 683 1834 exponenda,
705 1800 752 1827 sed
768 1800 868 1828 addicti
886 1806 950 1828 sunt
972 1801 1028 1828 ele’

240 1844 340 1870 mentis
364 1851 396 1870 ac
419 1843 499 1871 lineis
518 1851 578 1878 quae
603 1845 716 1880 intelligi
736 1853 788 1872 non
804 1850 929 1880 possunt,
945 1846 1028 1881 sylla-

239 1889 336 1922 bisque
345 1892 372 1916 et
383 1890 476 1917 verbis
489 1890 646 1925 incognitis,
659 1899 718 1925 qua:
733 1891 841 1919 illorum
858 1892 1026 1920 intellectum

240 1935 351 1962 minime
380 1935 492 1968 feriunt,
515 1937 563 1963 sed
587 1943 666 1964 extra
683 1938 788 1965 circum
807 1939 882 1966 labra
900 1943 926 1967 et
948 1947 1027 1967 aures

240 1987 333 2007 eorum
354 1985 540 2016 perstrepunt,
556 1982 634 2015 quasi
655 1989 708 2009 non
735 1983 817 2010 liceat
838 1988 956 2018 quatuor
980 1992 1028 2018 per

240 2026 283 2054 bis
293 2027 347 2054 duo
360 2027 529 2062 signiﬁcare,
548 2032 595 2055 aut
614 2029 753 2063 simplices
776 2029 862 2057 lineas
877 2037 927 2065 per
942 2031 1027 2058 lineas

241 2077 342 2103 rectas.
355 2078 402 2100 aut
416 2078 571 2101 maternum
588 2074 675 2101 solum
689 2082 738 2109 per
751 2076 882 2110 patrium,
897 2080 944 2104 aut
955 2077 1026 2104 aliud

241 2117 380 2151 quodlibet
392 2125 441 2152 per
454 2119 479 2145 id
492 2120 563 2153 quod
579 2119 604 2146 in
617 2119 744 2154 plurimis
756 2121 889 2149 orationis
903 2123 1027 2157 partibus

1080 1521 1182 1549 σκοποῦ
1206 1522 1359 1557 προσέχειν,
1377 1521 1444 1548 ἀλλά
1466 1522 1525 1553 ταῖς
1537 1521 1625 1554 λέξεσι
1636 1529 1643 1535 ·
1661 1520 1802 1547 καὶτοῦτο
1825 1521 1875 1547 οὐκ

1079 1567 1137 1593 ἐστι
1163 1567 1218 1594 τῶν
1233 1567 1268 1594 τά
1292 1567 1350 1593 θεῖα
1366 1568 1437 1593 νοεῖν
1458 1566 1604 1593 ἐθελόντων
1625 1566 1699 1598 ι’διον,
1724 1565 1794 1592 ἀλλά
1818 1565 1874 1592 τῶν

1079 1614 1162 1649 ήχους
1185 1613 1281 1648 ψιλοὺς
1305 1602 1510 1648 εἰσδεχομένων,
1538 1613 1585 1639 καὶ
1607 1611 1718 1643 τούτους
1737 1612 1803 1647 ἄχρι
1818 1613 1874 1638 τῶν

1079 1658 1156 1685 ὢτων
1170 1659 1340 1690 ἀδιαϐάτους,
1356 1658 1455 1692 ἔξωθεν
1470 1657 1645 1692 συνεχόντων,
1663 1657 1711 1684 καὶ⁴
1736 1657 1787 1684 οὐκ
1810 1657 1873 1683 ἐθε-

1079 1704 1178 1731 λόντων
1193 1705 1214 1720 ³⁷
1228 1704 1338 1736 εἰδέναι,
1358 1704 1384 1731 τί
1407 1705 1456 1739 μὲν
1481 1705 1498 1740 ἡ
1524 1704 1613 1730 τοιάδε
1639 1703 1712 1737 λέξις
1732 1703 1872 1739 σημαίνει.

1079 1751 1139 1783 πῶς
1155 1751 1184 1777 δὲ
1209 1751 1293 1787 αὐτὴν
1312 1751 1365 1787 χρὴ
1390 1751 1437 1777 καὶ
1453 1751 1486 1778 δι’
1506 1751 1606 1786 ἑτέρων
1629 1749 1808 1786 ὁμοὸυνάμων
1827 1749 1873 1776 καὶ

1079 1797 1322 1833 ἐκφαντικωτέρων
1338 1797 1360 1812 ³⁸
1375 1796 1474 1830 λέξεων
1484 1796 1660 1832 διασαφῆσαι,
1681 1795 1874 1831 προσπασχόν-

1078 1851 1133 1869 των
1157 1842 1184 1868 δὲ
1212 1841 1364 1876 στοιχείοις,
1383 1842 1431 1868 καὶ
1457 1842 1600 1876 γραμμαῖς
1627 1840 1750 1875 ἀνοήτοις
1767 1839 1801 1870 ³⁹,
1827 1838 1874 1864 καὶ

1081 1887 1234 1919 συλλαϐαῖς,
1250 1888 1296 1914 καὶ
1312 1887 1416 1920 λέξεσιν
1435 1885 1594 1920 ἀγνώστοις,
1612 1885 1649 1920 μὴ
1671 1883 1873 1915 διαϐαινούσαις

1081 1935 1121 1966 εἰς
1134 1934 1166 1961 τὸ
1175 1934 1224 1969 τῆς
1233 1933 1322 1969 ψυχῆς
1332 1933 1421 1960 αὐτῶν
1431 1932 1533 1968 νοερὸν,
1545 1932 1602 1958 ἀλλ’
1614 1931 1666 1963 ἔξω
1676 1930 1786 1966 περὶτὰ
1795 1930 1873 1965 χείλη

1081 1979 1127 2006 καὶ
1143 1979 1193 2010 τὰς
1215 1978 1300 2010 ἁκοάς
1325 1977 1414 2004 αὐτῶν
1435 1976 1690 2012 διαϐομὸουμέναις,
1708 1975 1803 2010 ὥσπερ
1822 1975 1873 2002 οὐκ

1080 2025 1140 2058 ὲξδν
1152 2025 1197 2051 τὸν
1210 2025 1330 2060 τέσσαρα
1354 2024 1469 2060 ἀριθμὸν
1483 2023 1527 2050 διὰ
1541 2023 1588 2050 τοῦ
1603 2023 1644 2054 δὶς
1659 2021 1705 2048 δύο
1718 2021 1871 2057 σημαίνειν,

1080 2071 1097 2107 ἢ
1116 2071 1151 2098 τὰ
1166 2070 1349 2107 εὐθύγραμμα
1363 2070 1406 2097 διὰ
1430 2069 1485 2096 τῶν
1497 2068 1709 2105 ὀρθογράμμων,
1727 2068 1743 2101 ἢ
1755 2067 1805 2103 τὴν
1821 2075 1873 2102 μη-

1080 2116 1157 2152 τρίδα
1182 2116 1226 2143 διὰ
1242 2116 1290 2151 τῆς
1305 2114 1470 2151 πατρίδος,ἢ
1486 2114 1579 2150 ἔτερόν
1604 2122 1630 2139 τι
1648 2113 1671 2129 ⁸ο
1687 2111 1741 2139 τῶν
1765 2111 1873 2142 πολλοῖς

240 2163 386 2197 mquivalct
402 2174 410 2192 :
427 2173 487 2192 cum
505 2171 578 2193 recta
593 2166 663 2193 ratio
679 2167 785 2200 doceat,
801 2168 952 2203 elementis,
974 2171 1025 2206 syl-

1081 2163 1128 2189 τοῦ
1150 2162 1227 2197 λόγου
1256 2163 1350 2198 μέρεσι
1374 2161 1457 2187 ταύτὸ
1473 2159 1674 2196 σημαινόντων·
1692 2159 1751 2185 δέον
1773 2157 1874 2184 εἰδέναι

242 2208 318 2240 labis,
335 2209 509 2241 dictionibus.
525 2212 650 2246 scriptis.
665 2213 813 2247 verbisque
834 2222 884 2242 nos
903 2215 941 2242 ttti
964 2223 1030 2250 pro-

241 2259 300 2289 pter
312 2262 418 2288 sensus,
432 2257 500 2284 adeo
516 2261 545 2285 ut
559 2266 619 2284 cum
635 2259 726 2285 anima
748 2263 842 2286 nostra
859 2260 1027 2295 intelligendi

242 2299 416 2327 facultatibus
429 2301 518 2328 fertur
537 2302 564 2329 in
583 2311 615 2329 ea
629 2310 691 2337 qua:
708 2303 845 2331 intellectu
872 2305 1028 2340 percipiun-

242 2347 296 2376 tur,
313 2347 368 2371 tum
393 2344 495 2373 frustra
512 2354 609 2375 sensus
627 2355 678 2375 una
696 2356 759 2375 eum
780 2349 927 2376 sensilibus
949 2351 1027 2378 adhi-

240 2390 372 2423 beantur;
398 2391 469 2419 sicut
494 2393 576 2420 etiatu
607 2394 680 2421 vires
709 2395 887 2430 intelligendi,
918 2397 1025 2431 quando

241 2435 332 2463 anima
343 2436 399 2469 jam
415 2436 557 2464 deiforntis
572 2438 666 2466 effecta
682 2447 729 2474 per
744 2440 862 2475 ignotam
882 2441 1021 2475 unionem,

242 2480 311 2508 lucis
325 2482 470 2510 inaccessa:
491 2483 574 2510 radiis
588 2485 741 2512 exoculatis
763 2486 842 2520 quasi
865 2485 984 2520 jactibus
998 2495 1028 2515 se

242 2525 349 2560 ingerit.
364 2527 479 2560 Quando
493 2533 585 2556 autem
602 2537 678 2557 mens
692 2538 741 2565 per
753 2531 862 2559 sensilia
880 2533 970 2561 stttdet
995 2534 1027 2561 ad

242 2573 479 2608 contemplattices
504 2574 566 2602 illas
591 2575 786 2612 intelligentias
808 2579 938 2612 excitari,
959 2587 1028 2614 pne-

276 2643 291 2663 ιι
306 2637 382 2666 Rom.
398 2648 435 2673 τι,
447 2640 492 2667 56.

1079 2211 1150 2239 κατά
1161 2212 1207 2238 τὸν
1229 2211 1308 2247 ὀρθὸν
1322 2211 1409 2245 λόγον,
1426 2211 1465 2236 ὅτι
1483 2208 1624 2244 στοιχείοις
1643 2209 1691 2235 καὶ
1715 2207 1871 2239 συλλαϐαῖς,

1079 2259 1126 2285 καὶ
1139 2257 1238 2291 λέξεσι,
1256 2258 1303 2284 καὶ
1315 2258 1442 2293 γραφαῖς,
1459 2256 1506 2282 καὶ
1520 2255 1609 2288 λόγοις
1625 2254 1754 2290 χρώμεθα
1767 2253 1812 2280 διὰ
1822 2253 1873 2284 τὰς

1079 2304 1227 2341 αἰσθήσεις.
1241 2305 1278 2336 ὡς
1290 2305 1354 2331 ὃταν
1370 2303 1448 2339 ἡμῶν
1462 2304 1478 2338 ὴ
1502 2301 1576 2338 ψυχὴ
1589 2303 1650 2333 ταῖς
1668 2303 1775 2336 νοεραῖς
1794 2302 1873 2336 ἐνερ-

1077 2352 1165 2386 γείαις
1176 2351 1222 2378 ἐπὶ
1231 2350 1266 2377 τά
1284 2350 1366 2386 νοητά
1381 2350 1507 2380 κινεῖται,
1524 2348 1650 2384 περιτταὶ
1674 2347 1743 2382 μετά
1765 2347 1821 2373 τῶν
1835 2348 1874 2374 αἱ-

1079 2397 1185 2432 σθητῶν
1200 2397 1227 2424 αἱ
1242 2395 1396 2432 αἰσθήσεις·
1410 2394 1505 2430 ὥσπερ
1517 2395 1563 2420 καὶ
1575 2394 1602 2420 αἱ
1626 2393 1718 2429 νοεραὶ
1731 2393 1870 2428 δυνάμεις,

1079 2444 1143 2471 ὅταν
1174 2444 1191 2479 ἡ
1215 2443 1287 2478 ψυχὴ
1312 2442 1432 2477 θεοειδὴς
1461 2441 1593 2476 γινομένη
1622 2440 1654 2472 “,
1682 2440 1716 2466 δι’
1747 2439 1872 2470 ὲνὼσεως

1079 2489 1217 2524 ἀγνώστου
1239 2490 1298 2521 ταῖς
1322 2488 1369 2515 τοῦ
1393 2487 1538 2523 ἀπροσίτου
1562 2487 1651 2522 φωτὸς
1681 2486 1787 2512 ἀκτῖσιν
1812 2486 1872 2512 ἐπι-

1079 2535 1175 2571 ϐάλλῃ,
1189 2536 1248 2566 ταῖς
1264 2533 1430 2570 ἀνομμάτοις
1454 2532 1601 2564 ὲπιόολαῖς.
1628 2532 1711 2558 Ὂταν
1727 2531 1760 2566 δὴ
1778 2533 1793 2558 ὁ
1808 2531 1870 2558 νοῦς

1079 2581 1124 2607 διὰ
1136 2581 1190 2608 τῶν
1206 2580 1344 2615 αἰσθητῶν
1357 2579 1542 2606 ἀντικινεῖσθαι
1555 2578 1657 2613 σπεύδῃ
1672 2578 1739 2612 πρὸς
1762 2578 1869 2613 θεωρη-

890 2699 1008 2728 VARUE
1028 2702 1232 2730 LECTIONES.

277 2770 299 2781 ἰ
314 2767 359 2805 είς,
378 2766 468 2805 αὐτον,
497 2766 526 2794 Ρ.
619 2769 640 2784 ³¹
654 2769 801 2805 ὁμοτίμων,
828 2769 863 2796 Μ.
890 2769 936 2796 Sc.

243 2801 273 2826 1).
313 2802 335 2839 δέ
348 2801 407 2839 ἔστιν
418 2803 469 2839 μὲν
481 2803 643 2838 παράλογον,
661 2801 697 2836 ὡς
710 2801 797 2839 οἶμαι,
813 2806 859 2831 και
873 2806 985 2838 εἰκαῖον,
1003 2801 1031 2834 S:

241 2844 304 2867 τως,
321 2836 350 2862 Ι).
389 2837 410 2852 ⁵ο
427 2836 527 2874 ἐτέρων
543 2847 579 2871 τι,
593 2836 630 2865 Μ.
646 2839 690 2866 Sc,
729 2836 750 2855 "‘
769 2840 912 2876 γενομένη,
925 2839 951 2866 l’.

976 2771 998 2786 ³³
1009 2772 1160 2806 κρείττονα,
1178 2772 1207 2799 D.

1072 2807 1092 2823 ³⁷
1110 2808 1139 2834 οὐ
1157 2807 1297 2841 θελόντων,
1317 2809 1344 2834 S.

1247 2772 1269 2787 "
1294 2772 1341 2799 καὶ
1361 2772 1433 2799 ἔστιν
1449 2773 1463 2799 ὁ
1479 2772 1559 2804 Θείος,
1586 2773 1618 2801 Ρ.
1658 2773 1680 2789 ³⁸
1694 2774 1868 2808 γεννητικήι,

1385 2809 1406 2824 ³⁸
1432 2808 1716 2844 ἐκφαντορικωτέρων.
1756 2809 1867 2844 “ai/0+,-
