1938 3065
96 143 151 173 709

624 138 667 164 DE
685 136 811 164 DIVINIS
827 134 1028 167 NOMINIBUS,
1046 134 1124 162 CAP.
1144 132 1188 161 IV.

1675 133 1726 162 710

93 200 175 233 τικὰς
189 200 305 236 νοήσεις,
323 197 484 235 τιμιώτεραι
507 196 614 228 πάντως
630 196 698 222 εἰσὶν
712 195 734 211 ’θ’
745 194 774 221 αί
791 193 886 228 ἐπιδη-

945 191 1115 219 stantissima:
1129 191 1251 219 omnium
1263 195 1327 217 sunt
1338 191 1583 226 perspicacissimte
1594 199 1725 220 sensuum

93 247 203 282 λότεραι
214 246 269 273 τῶν
286 245 437 280 αἰσθήσεων
451 241 688 278 διαπορθμεύσεις,
710 241 735 267 οὶ
756 240 888 275 σαφέστε-

95 303 139 330 ροι
153 292 275 327 λόγοι,τὰ
290 291 458 327 τρανέστερα
468 290 523 316 τῶν
534 288 650 325 ὁρατῶν,
669 288 708 319 ὡς
726 288 790 314 ὅταν
801 286 887 322 ἀτρά-

94 348 167 366 νωτα
208 338 242 364 τὰ
259 336 450 373 παρακείμενα
465 337 525 367 ταῖς
541 334 710 369 αἰσθήσεσιν,
725 333 785 360 οὐδὲ
806 332 888 360 αὑταὶ

93 385 135 421 τῷ
158 385 196 420 νῷ
217 383 391 420 παραστῆσαι
412 382 448 409 τὰ
467 380 585 416 αἰσθητὰ
605 380 695 412 καλῶς
717 379 886 415 δυνήσονται.

96 431 172 466 Πλὴν
186 430 230 457 ἵνα
239 429 276 465 μὴ
292 428 378 455 ταῦτα
389 428 476 454 εἰπεῖν
487 426 621 462 δοκῶμεν,
639 426 677 457 ὡς
690 424 725 452 τὰ
739 425 799 452 θεῖα
810 424 888 458 λόγια

95 475 321 512 παρακινοῦντες,
337 473 512 501 ἀκουέτωσαν
527 471 617 500 αὐτῶν
635 472 658 488 ⁸³
674 472 699 498 ot
719 471 769 507 τὴν
788 470 890 506 ἔρωτος

95 521 255 556 ἐπωνυμίαν
266 519 462 550 διαῦάλλοντες.
476 516 746 553 Ἐράονθητιαὺτῆς,
756 517 831 552 φησὶ,
840 516 890 543 καὶ

94 566 222 600 τηρήσει
244 573 296 592 σε·
318 563 565 599 περιχαράκωσον
581 562 689 596 αὐτὴν,
706 562 755 589 καὶ
772 561 890 595 ὑψώσει

96 621 147 639 σε·
162 612 291 647 τίμησον
303 610 467 645 αὐτὴν,ἵνα
479 617 516 636 σε
525 608 669 643 περιλάϐῃ
679 617 686 623 ⁸
703 608 750 635 καὶ
760 608 810 634 ὅσα
822 607 890 635 ἄλλα

96 657 168 684 κατὰ
181 657 230 690 τὰς
248 656 392 693 ίερωτικὰς
404 654 543 689 θεολογίας
555 654 576 670 ⁸³
591 655 726 689 ὑμνεῖται.

937 239 1123 273 traiectiones,
1138 242 1168 265 ut
1181 237 1345 272 apertissimi
1361 245 1501 266 sermones
1518 246 1550 266 ac
1565 238 1726 268 clarissimae

936 285 1071 317 visiones;
1088 283 1198 318 quippe,
1221 283 1329 318 quando
1346 283 1391 311 illa
1403 292 1458 319 qua
1475 284 1601 313 sensibus
1619 284 1726 319 objecta

937 335 1002 359 sunt
1013 330 1126 358 minime
1136 330 1254 364 liquent,
1266 333 1323 356 tum
1337 329 1430 364 utique
1445 337 1542 358 sensus
1558 338 1602 358 res
1613 330 1728 358 sensiles

937 377 1023 404 menti
1047 376 1190 411 porrigere
1206 375 1318 403 minime
1341 380 1465 410 possunt.
1492 376 1547 404 Sed
1570 384 1604 404 ne
1618 377 1676 404 haec
1690 377 1729 404 di-

938 429 1001 451 cere
1016 421 1171 454 videamur,
1195 425 1224 448 ut
1238 420 1331 448 divina
1351 420 1455 456 scripta
1478 421 1665 454 immutemus,
1679 429 1728 448 au-

938 469 1014 496 diant
1026 468 1070 496 illa
1087 469 1133 503 qui
1149 475 1249 496 nomen
1265 468 1368 496 amoris
1388 468 1568 496 criminantur
1585 478 1591 495 :
1607 470 1675 496 Ama
1691 469 1728 495 il-

938 513 1004 548 lam,
1028 514 1129 549 inquit,
1142 519 1166 540 et
1182 513 1312 540 custodiet
1329 518 1352 541 te
1368 520 1377 539 :
1395 521 1456 548 sepe
1470 513 1547 541 illam
1572 518 1595 541 et
1621 514 1728 541 extollet

939 564 964 587 te
978 566 988 586 :
1006 559 1109 587 honora
1124 567 1193 592 cum,
1215 565 1243 586 ut
1263 559 1451 594 complectatur
1467 565 1492 586 te
1509 565 1520 578 τ
1539 570 1545 588 :
1560 564 1587 586 et
1599 567 1730 594 quzecun-

939 613 991 640 que
1006 605 1058 632 alia
1075 605 1102 632 in
1123 605 1262 633 amatoriis
1277 607 1309 633 de
1327 605 1382 633 Deo
1396 605 1570 633 sermonibus
1586 606 1729 634 celebran-

939 657 994 680 Ull'.

873 708 974 745 §Xll.

133 787 229 815 Καίτοι
243 787 315 820 ἔδοξέ
332 795 388 813 τισι
402 785 457 813 τῶν
481 785 541 812 καθ’
554 785 627 821 ἡμᾶς
644 783 788 819 ίερολόγων
802 782 849 809 καὶ
863 781 885 797 ⁸⁸

975 782 1057 818 Atqui
1083 783 1168 812 visum
1194 789 1237 812 est
1264 785 1428 820 quibusdam
1461 786 1564 814 nostris
1590 793 1729 814 sacrarum

97 834 233 870 θειότερον
248 832 317 860 εἶναι
331 833 361 860 τὸ
371 832 418 859 τοῦ
433 832 535 868 ἔρωτος
546 831 630 866 ὄνομα
643 830 690 857 τοῦ
703 830 754 865 τῆς
766 829 886 864 ἀγάπης.

945 825 1145 862 Scripturarum
1160 830 1367 862 tractatoribus,
1384 838 1482 858 nomen
1498 831 1602 859 amoris
1612 832 1731 860 divinius

96 881 200 917 Γράφει
214 881 243 907 δὲ
257 880 304 907 καὶ
313 880 327 906 ὁ
341 880 411 911 θεῖος
428 879 571 914 Ἰγνάτιος·
587 878 616 904 Ὀ
627 874 890 911 ἐμὸςὲρωςέσταύ-

91 936 196 963 portat.
212 926 266 953 Καὶ
280 927 308 952 ὲν
318 927 378 958 ταῖς
394 924 613 961 προεισαγωγαίς
626 922 681 949 τῶν
699 921 797 956 λογίων
807 920 889 956 εὑρή-

96 983 156 1006 σεις
178 973 240 1000 τινὰ
252 973 366 1007 λέγοντα
383 972 447 1008 περὶ
461 971 511 1006 τῆς
528 970 603 1002 θείας
615 969 729 1003 Σοφίας·
746 966 890 1001 Ἑραστὴς

94 1021 244 1056 ἐγενόμην
258 1020 311 1048 τοῦ
331 1019 464 1052 κάλλους
490 1017 595 1052 αὐτῆς.
610 1017 692 1043 Ὥστε
706 1015 786 1043 τοῦτο
806 1015 838 1050 δὴ
859 1013 891 1040 τὸ

96 1066 146 1094 τοῦ
165 1067 264 1103 ἔρωτος
279 1067 363 1102 ὄνομα
383 1065 420 1102 μὴ
447 1064 610 1100 φοϐηθῶμεν
626 1063 659 1096 δθ,
677 1063 744 1098 μηδὲ
760 1071 802 1094 τις
817 1061 890 1097 ἡμᾶς

93 1114 249 1150 θορυῦιιίτω
273 1113 352 1147 λόγος
375 1112 440 1147 περὶ
469 1111 565 1138 τούτου
591 1110 783 1145 δεδιττόμενος.
814 1109 891 1145 Ἐμοὶ

98 1162 154 1197 γὰρ
165 1159 289 1188 δοκοῦσιν
300 1160 324 1186 οἱ
347 1158 468 1193 θεολόγοι
481 1157 571 1185 κοινὸν
591 1155 777 1193 μὲν’ήγεῖσθαι
789 1155 820 1182 τὸ
840 1155 891 1190 τῆς

96 1209 219 1244 ἀγάπης,
233 1208 281 1234 καὶ
293 1206 323 1233 τὸ
341 1205 389 1233 τοῦ
412 1205 512 1241 ἔρωτος
524 1204 619 1240 ὄνομα,
633 1203 677 1230 διὰ
697 1202 778 1230 τοῦτο
789 1202 818 1229 δὲ
835 1202 891 1234 τοῖς

97 1253 182 1284 θείοις
192 1252 289 1288 μᾶλλον
300 1250 437 1278 ἀναθεῖναι
449 1249 494 1276 τὸν
504 1249 588 1280 ὅντως
606 1248 705 1284 ἔρωτα,
714 1246 758 1274 διὰ
767 1245 816 1282 τὴν
829 1245 891 1273 ἆτο-

99 1309 151 1328 πον
169 1299 223 1326 τῶν
233 1298 360 1326 τοιούτων
377 1296 481 1332 ἀνδρῶν
499 1294 643 1331 πρόληψιν.
659 1293 825 1330 Θεοπρεπῶς
836 1292 891 1328 γὰρ

103 1345 148 1373 τοῦ
155 1345 238 1376 ὅντως
249 1344 358 1380 ἔρωτος,
367 1342 416 1378 οὐχ
428 1341 473 1376 ὑφ’
490 1341 505 1376 ἡ
510 1341 568 1377 μῶν
583 1339 673 1375 μόνον,
686 1338 755 1365 ἀλλὰ
766 1337 891 1373 καὶπρὸς

99 1392 155 1420 τῶν
168 1391 265 1426 λογίων
286 1389 375 1417 αὐτῶν
390 1388 571 1424 ὑμνουμένου,
584 1386 619 1413 τὰ
640 1385 729 1421 πλήθη
752 1383 789 1420 μὴ
802 1383 892 1419 χωρή-

101 1446 187 1465 σαντα
200 1437 230 1463 τδ
252 1435 365 1466 ἑνοειδὲς
385 1434 435 1469 τῆς
449 1433 583 1469 ἐρωτικῆς
604 1430 766 1466 θεωνυμίας,
784 1428 892 1460 οἰκείως

102 1484 208 1515 ἑαυτοῖς
221 1483 267 1509 ἐπὶ
278 1482 323 1508 τὸν
336 1479 463 1517 μεριστὸν
472 1479 517 1506 καὶ
530 1476 732 1514 σωματοπρεπῆ
743 1476 789 1502 καὶ
801 1475 892 1510 διῃρη-

103 1510 183 1566 ιιένον
199 1510 407 1564 ,ἐξωλίσθηΙσαν,
422 1527 461 1558 ὡς
482 1525 503 1541 ’⁸⁷
525 1510 577 1551 οὐκ
596 1510 670 1549 ἔστιν
689 1510 791 1556 ἀληθὴς
810 1520 890 1556 ἔρως,
906 1510 927 1538 (ἶ

101 1573 160 1601 ἀλλ’
175 1572 293 1604 εἴδωλον,
306 1571 323 1607 ἢ
340 1571 438 1606 μᾶλλον
452 1569 589 1600 ἔκπτωσις
601 1567 648 1594 τοῦ
670 1567 753 1598 ὅντως
774 1566 874 1602 ἔρωτος
883 1573 890 1580 ·

101 1619 244 1655 ἀχώρητον
259 1618 281 1634 ⁸⁵
293 1618 347 1654 γάρ
359 1618 418 1644 ἐστι
440 1615 479 1651 τῷ
492 1610 588 1651 πλήθει
600 1615 631 1641 τὸ
644 1614 744 1640 ὲνιαῖον
758 1612 804 1639 τοῦ
820 1611 892 1639 Θείου

101 1665 151 1691 καὶ
164 1664 222 1696 ἐνὸς
236 1663 337 1699 ἔρωτος
346 1662 400 1689 ·διδ
414 1662 461 1689 καὶ
472 1662 510 1693 ὡς
522 1660 732 1696 δυσχερέστερον
740 1659 824 1695 ὄνομα
837 1659 893 1690 τοῖς

102 1710 211 1745 πολλοῖς
225 1708 339 1743 δοκοῦν.
362 1708 408 1734 ἐπὶ.
431 1707 480 1742 τῆς
504 1705 579 1738 θείας
604 1705 700 1740 σοφίας
721 1705 847 1732 τάττεται
859 1703 893 1733 ⁸³.

102 1756 172 1791 πρὸς
184 1754 328 1790 ἀναγωγὴν
340 1753 430 1780 αὐτῶν
444 1753 491 1779 καὶ
505 1752 651 1779 ἀνάστασιν
664 1751 704 1782 εἰς
725 1749 774 1786 τὴν
787 1749 835 1776 τοῦ
848 1748 892 1776 δν-

100 1810 158 1833 τως
183 1801 282 1836 ἔρωτος
294 1799 405 1834 γνῶσιν,
430 1799 476 1825 καὶ
501 1798 571 1825 ὥστε
595 1796 760 1832 ἀπολυθῆναι
779 1795 829 1831 τῆς
850 1794 893 1821 ἐπ’

102 1846 178 1882 αὐτῷ
188 1845 346 1882 δυσχερείας
356 1853 363 1860 ·
377 1845 418 1879 ἐφ’
432 1843 510 1880 ἡμῶν
521 1844 549 1870 δὲ
562 1841 649 1874 αὖθις,
663 1842 727 1869 ἔνθα
738 1841 784 1868 καὶ
795 1841 894 1869 ἄτοπόν

102 1902 131 1919 τι
153 1891 281 1923 πολλάκις
293 1889 327 1927 ἦν
340 1891 463 1926 οἰηθῆναι
485 1890 548 1921 τοὺς
561 1887 747 1924 χαμαιζήλους
770 1886 842 1913 κατὰ
864 1887 895 1913 τὸ

103 1937 199 1965 δοκοῦν
211 1937 407 1972 εὐφημότερον.
425 1935 578 1966 Ὲπέπεσε,
589 1935 631 1966 τίς
646 1942 738 1969 φησιν,
750 1933 769 1967 ή
781 1932 896 1968 ἀγάπη-

104 1983 157 2016 σις
167 1990 225 2009 σου
238 1982 283 2009 ἐπ’
291 1981 345 2016 ἐμὲ
358 1982 397 2014 ὡς
409 1981 428 2015 ἡ
437 1980 588 2016 ἀγάπησις
599 1979 654 2006 τῶν
665 1978 824 2013 γυναικῶν,
835 1977 895 2004 Ἐπὶ

104 2030 161 2059 τοῖς
182 2027 269 2063 ὀρθῶς
291 2027 347 2054 τῶν
370 2026 449 2053 θείων
471 2025 655 2061 ἀκροωμένοις
679 2024 724 2051 ἐπὶ
747 2024 796 2060 τῆς
810 2023 895 2057 αὐτῆς

104 2073 247 2108 δυνάμεως
258 2074 383 2100 τάττεται
397 2073 466 2108 πρὸς
481 2071 535 2098 τῶν
546 2070 626 2107 ἱερῶν
639 2071 771 2105 θεολόγων
795 2071 825 2097 τὸ
845 2069 896 2105 τῆς

106 2120 217 2155 ἀγάπης
230 2119 278 2145 καὶ
290 2119 320 2145 τδ
333 2119 355 2135 ⁵⁰
369 2119 416 2145 τοῦ
432 2118 531 2155 ἔρωτος
555 2117 641 2153 ὄνομα
654 2117 724 2144 κατὰ
749 2116 799 2148 τὰς
820 2116 895 2148 θείας

105 2165 295 2200 ἑκφαντορίας.
311 2164 366 2191 Καὶ
379 2164 436 2191 ἐστι
450 2164 528 2191 τοῦτο
549 2164 690 2199 δυνάμεως
703 2162 826 2190 ἑνοποιοῦ
849 2162 896 2188 καὶ

107 2212 276 2247 συνδετικῆς,
308 2212 356 2238 καὶ
381 2211 566 2247 διαφερόντως
592 2210 776 2246 συγκρατικῆς
806 2210 835 2236 ὲν
858 2208 897 2245 τῷ

105 2257 183 2293 καλῷ
196 2258 242 2284 καὶ
255 2257 358 2292 ἀγαθῷ,
372 2257 417 2283 διὰ
440 2257 471 2283 τὸ
491 2257 572 2283 καλὸν
595 2256 642 2283 καὶ
660 2256 761 2290 ἀγαθὸν
781 2257 899 2291 προῦφε-

108 2303 226 2339 στώσης,
238 2304 285 2331 καὶ
294 2305 327 2331 ἐκ
335 2303 383 2330 τοῦ
394 2302 478 2330 καλοῦ
489 2303 536 2330 καὶ
546 2302 649 2337 ἀγαθοῦ
661 2302 704 2329 διὰ
716 2302 747 2329 τὸ
759 2302 841 2329 καλὸν
852 2302 899 2329 καὶ

107 2349 211 2383 ἀγαθὸν
232 2348 416 2384 ἐκδιδομένης,
437 2349 484 2375 καὶ⁹
494 2348 658 2383 συνεχούσης
670 2347 718 2382 μὲν
730 2347 764 2374 τὰ
776 2347 898 2383 ὁμοταγῆ

108 2393 180 2420 κατὰ
193 2393 243 2429 τὴν
255 2393 417 2428 κοινωνικὴν
430 2394 451 2409 ⁸¹
466 2392 656 2428 ἀλληλουχίαν,
672 2392 799 2428 κινούσης
812 2392 841 2419 δὲ
864 2392 898 2419 τὰ

109 2439 206 2475 πρῶτα
215 2439 282 2475 πρὸς
287 2438 336 2474 τὴν
344 2439 399 2466 τῶν
407 2439 560 2474 ὑφειμένων
567 2438 704 2474 πρόνοιαν,
712 2438 758 2465 καὶ
765 2437 900 2473 ὲνιδρυού--

110 2494 162 2522 σης
183 2485 218 2512 τὰ
241 2485 441 2520 καταδεέστερα
465 2486 498 2520 τῇ
524 2485 674 2520 ἐπιστροφῇ
696 2485 753 2516 τοῖς
785 2484 900 2520 ὑπερτέ-

111 2538 178 2566 ροις.

157 2682 169 2696 τ
187 2677 266 2705 Prov.
281 2684 317 2709 tv,
335 2676 363 2707 6,
381 2675 408 2704 8.
449 2681 459 2694 ε
478 2675 541 2712 Sap.
554 2683 614 2708 vui,
630 2675 657 2702 2.
699 2675 740 2702 ‘ll
758 2675 823 2711 Reg.
839 2683 861 2707 ι,
873 2676 918 2702 26.

942 880 1004 901 esse
1017 881 1099 908 quam
1116 882 1216 903 nomen
1233 875 1399 904 dilectionis.
1415 877 1518 904 Scribit
1532 878 1604 905 enim
1622 878 1732 906 divinus

941 918 1062 955 lgnalius
1078 928 1086 948 :
1113 930 1122 946 ‹
1140 920 1215 949 Meus
1229 929 1308 950 amor
1323 922 1474 951 cruciﬁxus
1491 928 1544 950 est.
1562 933 1570 949 ι
1585 923 1620 951 Ει
1643 924 1670 951 in
1697 924 1732 951 iis

941 973 1003 1001 qua:
1026 967 1129 995 aditum
1156 968 1191 995 ad
1213 968 1384 1003 Scripturam
1400 974 1565 1004 prteparant,
1586 970 1731 1004 quemdam

942 1012 1066 1041 invenies
1074 1013 1106 1040 de
1118 1014 1209 1041 divina
1224 1013 1363 1049 Sapientia
1379 1015 1507 1047 aientem,
1521 1016 1632 1042 Amator
1644 1015 1732 1050 [actus

941 1067 1000 1086 sum
1020 1060 1114 1093 forma:
1139 1060 1211 1087 illius
1226 1066 1250 1087 ε.
1267 1061 1359 1093 Quare
1373 1068 1406 1088 ne
1422 1066 1533 1095 propter
1555 1062 1607 1089 hoc
1632 1069 1731 1088 nomen

943 1105 1047 1132 amoris
1063 1110 1237 1138 metuamus;
1253 1114 1304 1134 nec
1321 1106 1392 1134 ullus
1406 1106 1440 1134 de
1452 1107 1504 1133 hoc
1523 1107 1634 1134 nomine
1649 1107 1733 1142 360

942 1157 1033 1178 sermo
1052 1158 1104 1178 nos
1117 1157 1235 1183 moveat.
1250 1155 1296 1178 aut
1312 1156 1424 1180 terreat.
1439 1151 1504 1178 Mihi
1518 1152 1590 1178 enim
1603 1152 1732 1179 videntur

945 1196 1064 1232 theologi
1084 1197 1264 1233 existimasse
1277 1198 1386 1232 quidem
1401 1205 1546 1225 commune
1560 1206 1658 1225 nomen
1673 1205 1733 1225 esse

943 1243 1046 1270 amoris
1071 1247 1099 1270 et
1122 1243 1286 1276 dilectionis,
1302 1243 1349 1271 sed
1367 1243 1528 1271 attribuisse
1543 1244 1642 1271 divinis
1659 1243 1734 1271 Scri-

944 1289 1033 1324 pturis
1045 1296 1140 1316 verum
1159 1296 1280 1316 amorem
1296 1294 1407 1324 propter
1422 1289 1577 1323 hujusmodi
1591 1289 1732 1316 hominum

945 1338 1051 1370 turpem
1076 1335 1178 1362 mentis
1200 1335 1433 1370 anticipationem.
1465 1335 1533 1363 Cum
1557 1336 1630 1362 enim
1653 1343 1734 1362 verus

944 1389 1023 1408 amor
1035 1388 1089 1408 non
1110 1389 1125 1408 a
1149 1382 1228 1409 nobis
1239 1381 1340 1415 solum,
1352 1382 1399 1409 sed
1412 1382 1446 1408 ab
1463 1382 1529 1417 ipsis
1544 1382 1647 1409 sanctis
1659 1381 1735 1408 Seri-

944 1428 1043 1463 pluris,
1059 1433 1088 1455 ut
1105 1428 1188 1456 Deum
1205 1429 1295 1460 decet.
1311 1429 1446 1461 laudetur,
1469 1429 1565 1464 vulgus
1580 1429 1733 1462 hominum,

944 1482 1005 1502 curn
1021 1483 1073 1502 non
1086 1475 1255 1510 percepisset
1276 1475 1348 1502 illam
1365 1476 1581 1503 unil‘ormitatem
1595 1483 1677 1510 quant
1692 1477 1734 1502 di-

945 1520 1037 1547 vinum
1054 1528 1154 1548 nomen
1179 1522 1282 1548 amoris
1295 1521 1445 1556 signiﬁcat,
1467 1522 1661 1549 convenienter
1681 1522 1733 1549 sibi

944 1568 977 1596 ad
995 1575 1116 1595 antorem
1144 1568 1285 1603 patibilem
1308 1573 1335 1595 et
1350 1575 1512 1603 corporeum
1536 1573 1618 1603 atque
1633 1570 1733 1597 distra-

944 1619 1017 1641 ctum
1032 1614 1173 1648 delapsum
1189 1619 1242 1647 est,
1264 1614 1309 1649 qui
1335 1623 1388 1642 non
1404 1619 1447 1642 est
1463 1623 1543 1642 verus
1569 1622 1657 1648 amor,
1685 1619 1734 1642 sed

945 1659 1046 1693 imago,
1060 1659 1102 1687 vel
1129 1660 1219 1694 potius
1236 1653 1328 1695 lapsus
1342 1668 1357 1688 a
1372 1669 1437 1688 vero
1452 1669 1563 1694 amore;
1588 1662 1734 1688 multitudo

946 1704 1017 1731 enim
1035 1713 1086 1732 non
1113 1710 1202 1740 potest
1215 1706 1381 1740 cogitatione
1393 1713 1491 1741 capere
1508 1706 1572 1733 illud
1595 1706 1734 1741 singulare.

945 1750 1030 1779 divini
1046 1756 1074 1778 et
1090 1751 1171 1779 unius
1197 1752 1316 1786 amoris;
1340 1752 1518 1787 quamobrem
1536 1757 1666 1787 tanquam
1683 1760 1733 1778 ltu-

945 1805 1018 1830 men,
1034 1798 1106 1832 quod
1117 1798 1199 1832 vulgo
1216 1798 1322 1826 videtur
1345 1798 1450 1832 durius,
1468 1798 1579 1833 ponitur
1593 1799 1618 1825 iu
1644 1799 1735 1826 divina

946 1844 1099 1878 Sapientia,
1115 1849 1143 1871 ut
1159 1843 1254 1878 vulgus
1281 1845 1315 1871 ad
1344 1845 1525 1880 cognitionem
1551 1845 1607 1872 veri
1633 1845 1735 1872 amoris

946 1891 1067 1918 elevetur
1081 1895 1110 1918 et
1129 1891 1252 1925 erigatur
1267 1891 1341 1918 etab
1354 1898 1398 1923 ea,
1415 1898 1497 1925 quam
1513 1891 1551 1918 ilii
1568 1891 1659 1919 inesse
1670 1898 1736 1918 co“-

945 1937 1021 1971 cipit,
1034 1936 1188 1965 indecentia
1204 1936 1338 1964 liberetur
1352 1945 1359 1964 :
1372 1941 1399 1964 et
1421 1937 1449 1964 in
1467 1938 1546 1965 nobis
1564 1945 1670 1970 rursus,
1689 1938 1733 1964 ubi

946 1991 1135 2019 saepenumero
1151 1983 1254 2018 aliquid
1269 1982 1417 2010 absurdum
1431 1984 1557 2011 homines
1566 1989 1647 2011 terra}
1662 1984 1735 2012 aﬂixi

946 2031 1069 2065 cogitare
1083 2035 1208 2065 possent,
1232 2030 1344 2066 ponitur
1369 2037 1468 2057 nomen
1496 2031 1568 2064 quod
1593 2031 1737 2058 honestius

947 2075 1064 2102 videtur.
1084 2075 1197 2108 Cecidit,
1215 2075 1255 2102 ait
1277 2075 1400 2110 quidam,
1420 2075 1527 2102 dilectio
1557 2081 1603 2103 tua
1629 2077 1658 2103 in
1684 2085 1736 2108 me,

946 2122 1015 2148 sicut
1039 2121 1145 2148 dilectio
1168 2121 1307 2148 mulierum
1323 2121 1352 2147 ιι
1369 2121 1497 2155 quoniam
1521 2121 1592 2149 sacri
1619 2122 1737 2156 theologi

949 2174 1047 2195 nomen
1075 2166 1229 2194 dilectionis
1253 2170 1281 2194 et
1305 2167 1408 2195 amoris
1431 2167 1562 2194 adhibent
1587 2167 1736 2194 secundum

951 2213 1058 2241 divinas
1071 2213 1250 2245 elocutiones,
1266 2217 1296 2240 ut
1313 2214 1437 2241 eamdem
1451 2213 1505 2240 vim
1532 2212 1652 2241 habeant
1666 2214 1736 2248 apud

950 2266 999 2286 eos
1014 2259 1061 2294 qui
1086 2259 1177 2286 divina
1194 2263 1269 2287 recte
1288 2259 1411 2287 audiunt.
1437 2259 1539 2294 Estque
1563 2260 1614 2287 hoc
1628 2260 1738 2287 virtutis

952 2306 1094 2341 cujusdam
1107 2305 1215 2333 unilicze
1226 2313 1258 2333 ac
1276 2305 1428 2333 collectiva:
1443 2306 1662 2340 excellenterque
1673 2314 1739 2334 con-

953 2351 1143 2386 temperantis,
1158 2358 1219 2386 qua:
1232 2352 1260 2379 in
1274 2351 1389 2387 pulchro
1401 2356 1430 2380 et
1447 2351 1517 2379 bono
1532 2360 1581 2387 per
1594 2352 1737 2387 pulchrum

952 2402 980 2424 et
995 2398 1094 2425 bonum
1106 2397 1283 2431 prazexsistit,
1297 2401 1323 2424 et
1334 2404 1366 2424 ex
1381 2398 1496 2432 pulchro
1508 2403 1535 2425 et
1546 2398 1618 2426 bono
1631 2403 1739 2433 propter

952 2444 1096 2479 pulchrum
1120 2449 1148 2472 et
1169 2444 1269 2472 bonum
1295 2450 1415 2478 emanat,
1431 2445 1607 2480 continelque
1628 2445 1738 2480 quidem

950 2490 1064 2524 aequalia
1081 2497 1129 2525 per
1143 2495 1264 2517 mutuam
1287 2491 1497 2524 connexionem,
1517 2491 1657 2525 superiora
1675 2498 1740 2518 vero

952 2536 986 2564 ad
1001 2536 1162 2564 inferiorum
1178 2540 1270 2564 movet
1291 2537 1499 2572 providentiam,
1515 2536 1646 2564 inferiora
1657 2544 1740 2572 porro

952 2590 1001 2616 per
1029 2583 1237 2612 conversionem
1269 2583 1417 2619 quamdam
1445 2583 1633 2618 superioribus
1666 2583 1741 2610 iuse-

954 2628 998 2656 rit.

764 2734 879 2762 VARl/E
896 2733 1097 2762 LECTIONES.

150 2794 174 2810 δ’
190 2794 305 2826 πάντως,
322 2794 353 2821 Ρ.
366 2794 411 2821 Sc.
451 2794 473 2810 "
488 2794 590 2829 αὐτήν,
607 2793 639 2821 Μ.
661 2793 705 2820 Sc.
744 2792 943 2829 “9501071.sz
963 2793 1128 2829 ἐρωτήσεις,
1143 2792 1172 2820 S.
1206 2792 1233 2829 ξ’
1247 2792 1294 2819 καί
1311 2799 1363 2829 non
1382 2797 1424 2818 est
1447 2792 1473 2819 in
1551 2791 1581 2829 f‘
1594 2790 1631 2826 μὴ
1654 2789 1743 2824 φοσὼμ

138 2830 197 2862 εθα,
212 2830 240 2856 S.
261 2830 290 2856 1).
338 2830 361 2845 ⁸⁷
375 2829 413 2861 ὃς,
429 2829 458 2856 S.
478 2830 506 2855 ιι.
521 2829 551 2856 D.
567 2830 611 2856 Sc.

128 2865 189 2893 5.1’.
207 2866 238 2893 υ.
277 2865 298 2880 ⁵¹
313 2867 413 2901 κοινήν,
427 2864 454 2891 S.
473 2864 497 2891 Ρ.

660 2829 682 2844 ⁸⁸
697 2827 881 2864 ἀναχώρητον,
898 2828 930 2855 Μ.
971 2827 994 2844 ⁸⁵
1007 2828 1128 2860 τέταται,
1145 2829 1186 2861 0.,
1202 2827 1272 2856 forte
1283 2848 1289 2855 .
1310 2827 1449 2854 τέτακται.
1489 2828 1512 2843 ⁸ο
1527 2827 1557 2853 τό
1581 2834 1633 2854 non
1650 2831 1692 2853 est
1717 2834 1743 2852 ιη
