1938 3065
210 143 258 170 7H

800 139 828 167 S.
847 138 1001 168 lllONYSll
1019 138 1253 168 AREOPAGlT/E

1806 141 1864 170 71³2

962 212 976 249 §
995 211 1082 242 xui.

245 285 294 313 Est
315 289 449 320 praeterea
475 285 586 313 divinus
609 291 687 312 amor
698 284 861 317 mtaticus,
877 285 924 319 qui
949 292 1004 312 non
1020 292 1043 320 Α

211 333 276 360 sinit
291 339 353 360 esse
371 340 436 360 suos
453 339 501 360 eos
515 332 560 367 qui
585 336 649 359 sunt
671 337 822 364 amatores,
837 331 885 359 sed
907 338 1003 359 eorum

211 387 281 415 quos
292 384 397 407 amant.
409 379 499 414 Atque
512 379 563 406 hoc
577 378 719 406 declarant
730 378 841 413 quidem
851 378 1003 413 superiora,

212 435 273 462 qua:
286 425 449 454 inferiorum
463 426 543 458 ﬁunt,
554 433 603 460 per
615 425 773 453 earumdem
787 425 1004 460 providentiam;

211 476 238 499 et
254 479 317 507 quae
339 470 461 505 ejusdem
479 471 589 507 generis
605 477 680 504 sunt,
705 479 754 506 per
775 475 898 498 mutuam
915 470 1006 498 cohie—

214 517 348 549 rentiam;
367 521 393 544 et
410 517 552 549 inferiora,
572 523 623 550 per
635 515 798 543 divinioretn
811 516 845 543 ad
860 515 1004 550 superiora

189 556 430 589 conversionem.
457 561 535 589 Unde
561 561 671 589 divinus
699 561 798 589 Paulus
830 561 924 588 divino
951 561 1005 588 isto

212 615 306 635 amore
317 612 463 643 eaptns,et
473 607 584 635 virtutis
600 608 742 635 cxstaticze
753 608 893 643 particeps
905 608 1005 641 factus,

212 654 304 681 divino
320 661 369 680 ore
381 653 420 680 ait
437 662 444 680 :
466 653 530 680 Vivo
543 661 600 688 ego,
610 653 669 687 jam
686 662 738 680 non
750 662 808 689 ego,
824 654 885 681 vivit
902 663 962 682 vero
978 654 1006 681 in

212 709 252 727 me
270 700 392 727 Christus
412 705 446 731 II;
462 705 591 734 tanquam
609 707 689 728 verus
707 705 825 733 amator,
840 705 868 728 et
887 701 933 736 qui
959 709 1006 729 ex-

212 747 306 779 cessit,
331 751 361 774 ut
387 746 444 780 ipse
460 745 508 777 ait,
528 746 596 778 Deo,
613 750 641 773 et
659 754 714 774 non
738 746 794 781 jam
808 747 892 774 vitam
917 754 1006 779 suam,

211 792 259 818 sed
277 791 361 818 amnti
390 796 520 825 tanquam
549 791 727 818 vehementer
745 791 876 819 dilectam
899 792 1005 820 vivens.

212 837 374 865 Audendum
390 837 498 864 esthoc
514 837 599 864 etiam
618 845 668 872 pro
681 837 810 871 veritate,
828 838 920 865 dicere
933 838 1006 873 quod

216 885 333 919 ipsemet
358 884 481 911 omnium
507 888 612 916 auctor,
638 884 754 919 pulchro
775 883 855 920 361
885 889 913 912 et
934 885 1007 912 bono

211 930 332 956 omnium
361 936 464 962 amore,
499 933 614 964 propter
646 930 840 957 excellentiam
870 937 1006 957 summam

1095 285 1173 311 ’Ἐστι
1184 285 1213 312 δὲ
1226 286 1273 312 καὶ
1286 285 1446 318 ἐκοτατικὸς
1457 286 1472 312 ὁ
1483 285 1555 317 θεῖος
1568 284 1648 320 ἔρως,
1661 284 1713 311 οὐκ
1725 283 1778 312 ἐῶν
1791 285 1862 312 ἐαυ-

1058 331 1113 358 τῶν
1139 330 1285 364 εἶναιτοὺς
1304 331 1433 365 ἐραστὰς,
1451 330 1519 358 ἀλλὰ
1536 330 1590 358 τῶν
1619 331 1776 367 ἐρωμένων.
1803 332 1864 358 Καὶ

1057 378 1178 413 δηλοῦσι.
1197 377 1231 404 τὰ
1255 377 1305 413 μὲν
1329 377 1466 414 ὑπέρτερα
1484 377 1536 412 τῆς
1559 377 1689 411 προνοίας
1706 377 1862 413 γιγνόμενα

1056 425 1112 451 τῶν
1125 424 1346 460 καταδεεστέρων
1357 433 1364 439 ·
1380 425 1427 452 καὶ
1449 424 1484 451 τὰ
1503 424 1650 460 ὁμόποιχα
1661 423 1711 460 τῆς
1733 423 1862 460 ἀλλήλων

1059 470 1176 505 συνοχῆς
1185 478 1192 485 ·
1205 470 1253 496 καὶ
1264 470 1299 496 τὰ
1312 469 1446 505 ὑφειμένα
1458 469 1509 504 τῆς
1522 468 1591 504 πρὸς
1602 469 1637 495 τὰ
1650 468 1746 504 πρῶτα
1759 467 1862 495 θειοτέ-

1059 524 1110 551 ρας
1124 515 1305 551 ἐπιστροφῆς.
1320 516 1366 542 Διὸ
1378 516 1424 542 καὶ
1440 514 1547 546 Παῦλος
1568 515 1582 541 ὁ
1598 514 1695 550 μέγας,
1709 515 1739 541 ἐν
1751 514 1859 549 κατοχῇ

1057 563 1105 589 τοῦ
1117 562 1191 589 θείου
1204 562 1325 597 γεγονὼς
1339 562 1450 598 ἔρωτος,
1465 563 1512 589 καὶ
1530 562 1581 597 τῆς
1593 561 1760 597 ἐκστατικῆς
1772 560 1859 588 αὐτοῦ

1056 608 1199 643 δυνάμεως
1213 607 1394 643 μετειληφὼς,
1408 607 1493 643 ἐνθέῳ
1508 607 1633 643 στόματι·
1647 607 1693 633 Ζῶ
1709 606 1777 641 ἐγὼ,
1803 615 1860 642 φη-

1063 657 1106 683 σὶν
1119 677 1126 687 ,
1139 656 1195 682 οὐκ
1208 656 1262 687 ἑτι,
1281 653 1314 689 ζῇ
1326 654 1360 681 δὲ
1375 655 1409 681 ἐν
1422 655 1487 690 ἐμοὶ
1508 654 1636 688 Χριστός
1645 661 1651 668 ·
1665 653 1704 685 ὡς
1718 652 1823 690 ἀληθὴς
1835 653 1859 668 "

1057 701 1175 740 ἐραστὴς
1189 703 1236 729 καὶ
1247 701 1412 736 ἐξεστηκὼς,
1427 701 1465 733 ὡς
1479 700 1561 732 αὑτός
1583 708 1660 736 φησι,
1673 700 1713 735 τῷ
1726 699 1796 735 Θεῷ,
1811 699 1861 726 καὶ

1057 749 1088 775 οὐ
1108 748 1157 784 τὴν
1171 748 1267 775 ἑαυτοῦ
1292 747 1356 780 ζῶν,
1372 747 1440 774 ἀλλὰ
1453 747 1503 783 τὴν
1525 746 1572 773 τοῦ
1595 745 1711 782 ἐραστοῦ
1733 746 1808 782 ζωὴν
1821 745 1858 778 ⁵⁸,

1057 793 1095 826 ὡς
1109 793 1214 829 σφόδρα
1238 793 1393 828 ἀγαπητήν.
1412 791 1566 827 Τολμητέον
1580 791 1608 818 δὲ
1622 792 1670 818 καὶ
1693 791 1772 818 τοῦτο
1784 791 1859 826 ὑπὲρ

1058 839 1189 874 ἀληθείας
1211 840 1310 871 εἰπεῖν,
1335 839 1376 865 ὅτι
1391 839 1438 865 κα)⁵
1451 837 1532 870 αὐτὸς
1547 839 1561 864 ὁ
1575 838 1682 865 πάντων
1697 837 1792 869 αἴτιος,
1817 837 1860 872 τῷ

1059 885 1134 921 καλῷ
1147 886 1195 912 καὶ
1211 884 1306 920 ἀγαθῷ
1319 884 1374 911 τῶν
1388 884 1497 911 πάντων
1517 886 1541 901 ³⁵
1555 884 1636 921 ἔρωτι
1651 883 1686 910 δι’
1700 883 1857 919 ὑπερϐολὴν

1057 931 1109 966 τῆς
1132 931 1268 967 ἐρωτικῆς
1281 930 1459 965 ἀγαθότητος,
1474 928 1527 961 ἔξω
1548 929 1645 955 ἐαυτοῦ
1656 929 1771 964 γίνεται,
1793 930 1859 962 ταῖς

212 975 491 1003 amatorimbonitaiis
503 980 580 1002 extra
591 983 620 1003 se
631 983 678 1010 per
689 976 876 1011 providentius
884 977 1005 1003 omnium

1060 979 1098 1010 εἰς
1111 978 1146 1005 τὰ
1159 978 1224 1004 ὄντα
1238 977 1327 1004 πάντα
1341 977 1490 1012 προνοίαις,
1503 977 1550 1003 κα)⁵
1570 973 1625 1002 οἷον
1643 975 1792 1011 ὰγαθότητι
1809 975 1859 1003 καὶ

214 1029 305 1049 rerum
319 1021 429 1049 exsistit
439 1025 466 1048 ct
477 1021 601 1049 bonitate
616 1027 700 1056 atque
713 1021 860 1049 dilectione
874 1026 902 1049 et
914 1029 1008 1049 amore

212 1068 296 1096 veluti
320 1067 452 1095 delinitur
479 1074 507 1095 et
529 1068 706 1096 oblectatur:
721 1073 748 1095 et
763 1075 826 1095 cum
854 1069 892 1096 sit
922 1076 1007 1104 supra

212 1114 303 1141 omnia
319 1119 347 1141 ct
361 1121 395 1141 ex
407 1114 536 1142 omnibus
561 1119 714 1148 exemptus,
727 1113 760 1141 ad
779 1113 871 1141 omnia
886 1113 1009 1142 demitti-

213 1167 258 1187 tur
272 1161 422 1188 secundum
440 1164 605 1196 potestatem
631 1159 940 1195 suprasubstantialem,
954 1167 1007 1194 qua

213 1211 289 1234 extra
305 1213 334 1234 se
351 1214 404 1234 non
423 1206 592 1242 egrediendo
603 1206 670 1233 exit.
686 1206 761 1234 Hanc
771 1205 808 1233 ob
832 1213 944 1234 causam
959 1213 1007 1241 pe-

215 1252 258 1280 riti
286 1261 379 1280 rerum
409 1253 565 1281 divinarum
589 1253 705 1281 zelotem
730 1252 807 1280 illum
837 1256 1007 1287 nuncupant,

213 1300 285 1334 quod
306 1306 406 1334 magno
422 1304 450 1327 et
476 1300 597 1335 benigno
628 1307 720 1327 rerum
745 1306 840 1327 amore
871 1303 1006 1332 teneatur,

213 1353 317 1380 easque
329 1347 363 1373 ad
378 1346 464 1382 ipsius
481 1346 609 1374 ainatorii
624 1346 850 1373 desideriizelum
862 1351 1007 1381 provocet,

215 1398 299 1428 atque
317 1394 386 1421 adeo
405 1394 551 1428 semetipse
577 1393 779 1428 quodammodo
794 1393 912 1421 zelotem
939 1401 1009 1428 pra:-

215 1446 280 1475 stet,
299 1445 329 1468 ut
345 1441 388 1468 cui
401 1448 446 1468 res
461 1441 658 1469 desiderabiles
675 1441 728 1468 sint
744 1440 802 1467 zelo
822 1440 922 1476 dignis,
937 1445 965 1468 et
979 1446 1008 1467 ut

214 1489 262 1522 qui
281 1496 384 1521 rerum,
413 1488 513 1524 quibus
525 1488 662 1524 providet,
685 1487 745 1515 zelo
761 1487 908 1514 afﬁciatur.
925 1487 1008 1514 Deni-

215 1542 268 1570 que
281 1536 392 1565 omnino
407 1535 552 1571 pulchruin
567 1541 608 1563 est
620 1540 647 1562 et
659 1535 773 1568 bonum,
787 1535 919 1571 quidquid
934 1543 1009 1563 ama-

216 1582 269 1610 bile
284 1587 326 1610 est
345 1587 374 1610 et
386 1590 474 1616 amor,
497 1586 524 1610 et
550 1582 576 1609 in
593 1582 708 1618 pulchro
723 1582 851 1618 bonoque
869 1583 1007 1619 prmeollo-

215 1633 305 1663 catur,
322 1633 349 1657 et
361 1634 474 1664 propter
485 1628 631 1664 pulchrum
647 1633 675 1656 et
689 1629 792 1657 bonum
804 1634 856 1662 est,
871 1635 898 1657 et
910 1629 950 1658 ﬁt.

1059 1024 1197 1060 ἀγαπήσει
1211 1024 1259 1050 καὶ
1273 1023 1356 1058 ἔρωτι
1371 1023 1494 1057 θέλγεται
1506 1030 1512 1037 ’
1527 1021 1615 1048 καὶέκ
1625 1021 1673 1048 τοῦ
1682 1021 1753 1056 ὺπέρ
1766 1019 1858 1048 πάντα

1058 1070 1105 1097 καὶ
1120 1071 1229 1097 πάντων
1253 1069 1422 1106 ἐξῃρημένον
1436 1068 1506 1104 πρὸς
1518 1068 1549 1095 τὸ
1570 1069 1600 1095 ἐν
1622 1068 1690 1094 πᾶσι
1704 1067 1857 1102 κατάγεται

1058 1117 1120 1144 κατ’
1144 1115 1309 1151 ἐκστατικὴν
1335 1114 1497 1150 ύπερούσιον
1522 1114 1637 1150 δύναμιν
1659 1113 1857 1149 ἀνεκφοίτητον

1059 1162 1168 1189 ἐαυτοῦ.
1183 1161 1230 1189 Διὸ
1240 1162 1287 1189 καὶ
1300 1161 1423 1197 ζηλωτὴν
1437 1161 1518 1188 αὐτὸν
1529 1161 1553 1188 οἱ
1565 1160 1598 1187 τὰ
1608 1160 1668 1188 θεῖα
1677 1160 1758 1187 δεινοὶ
1768 1168 1855 1195 προσ-

1058 1207 1245 1243 αγορεύουσιν,
1257 1207 1296 1239 ὼς
1313 1207 1396 1234 πολὺν
1411 1207 1457 1234 τὸν
1469 1207 1509 1239 εἰς
1521 1206 1556 1234 τὰ
1568 1207 1632 1233 ὂντα
1639 1206 1740 1242 ἀγαθὸν
1752 1206 1855 1242 ἔρωτα,

1058 1254 1106 1281 καὶ
1118 1254 1156 1286 ὡς
1174 1253 1243 1289 πρὸς
1256 1253 1336 1289 ζῆλον
1356 1253 1496 1288 ἐγερτικὸν
1515 1253 1565 1288 τῆς
1578 1253 1698 1287 ἐφέσεως
1710 1251 1793 1279 αὑτοῦ
1804 1251 1855 1287 τῆς

1058 1299 1206 1336 ἐρωτικῆς,
1232 1300 1279 1327 καὶ
1304 1300 1341 1332 ὼς
1362 1299 1484 1334 ζηλωτὴν
1510 1298 1591 1325 αὑτὸν
1609 1299 1632 1315 ¹¹⁸
1645 1298 1854 1331 ἀποδεικνύντα,

1058 1343 1081 1380 ᾧ
1089 1346 1112 1362 ⁸⁵
1124 1347 1171 1373 καὶ
1178 1346 1212 1373 τὰ
1223 1346 1365 1382 ἐφιέμενα,
1381 1345 1499 1381 ζηλωτὰ,
1512 1345 1559 1372 καὶ
1572 1346 1610 1378 ὼς
1622 1345 1679 1372 τῶν
1691 1344 1856 1381 προνοουμέ-

1059 1400 1111 1419 νων
1126 1391 1227 1424 liv-tow,
1244 1391 1318 1427 αὐτῷ
1339 1391 1476 1427 ζηλωτῶν.
1492 1393 1546 1418 Καὶ
1560 1392 1627 1424 ὅλως
1647 1391 1696 1418 τοῦ
1710 1391 1793 1418 καλοῦ
1806 1391 1855 1418 καὶ

1059 1438 1165 1473 ἀγαθοῦ
1178 1440 1236 1465 ἐστι
1248 1438 1279 1465 τὺ
1295 1439 1421 1474 ἐραστὺν,
1433 1438 1479 1465 καὶ
1491 1440 1505 1465 ὁ
1518 1438 1598 1474 ἔρως,
1614 1438 1661 1465 καὶ
1673 1439 1701 1465 ἐν
1719 1437 1761 1473 τῷ
1775 1437 1851 1474 καλῷ

1058 1486 1106 1513 καὶ
1119 1484 1214 1521 ἀγαθῷ
1227 1485 1386 1522 προῖδρυται
1397 1506 1406 1520 ,
1429 1486 1477 1513 καὶ
1490 1485 1533 1512 διὰ
1546 1485 1576 1512 τὸ
1597 1485 1678 1512 καλὸν
1691 1485 1738 1512 καὶ
1750 1484 1855 1519 ἀγαθάν

1059 1531 1117 1557 ἐστι
1135 1532 1183 1558 καὶ
1195 1531 1310 1566 γίνεται.

963 1711 977 1747 §
995 1710 1081 1741 XIV.

253 1781 322 1814 Quid
336 1789 417 1817 porro
441 1782 549 1809 tandem
576 1781 733 1817 signiﬁcare
756 1781 851 1810 volunt
875 1781 1004 1817 theologi,

1093 1783 1125 1810 Τί
1137 1783 1166 1810 δὲ
1180 1783 1248 1815 ὅλως
1259 1784 1282 1810 οἱ
1295 1783 1413 1819 θεολόγοι
1438 1784 1605 1820 βουλόμενοι,
1621 1783 1687 1810 ποτὲ
1704 1783 1753 1819 μὲν
1763 1783 1853 1819 ἔρωτα

216 1836 279 1855 eum
292 1827 438 1862 aliquando
452 1829 562 1863 quidem
584 1828 667 1856 Deum
681 1834 779 1856 vocant
793 1836 915 1857 amorem
926 1835 953 1857 et
965 1830 1009 1858 di-

218 1874 373 1907 lectionem,
389 1875 555 1909 quandoque
577 1883 643 1902 vero
657 1875 802 1903 amabilem
815 1880 844 1902 et
856 1876 986 1904 dilectum
998 1876 1010 1903 ζ’

216 1920 290 1948 illius
301 1921 411 1955 quidem
433 1921 552 1956 (scilicet
571 1922 675 1949 amoris
687 1926 714 1949 et
726 1922 890 1958 dilectionis)
902 1927 1008 1956 auctor,

216 1974 243 1996 et
258 1974 387 2005 tanquam
401 1970 552 2004 productor
564 1977 597 1997 ac
619 1975 766 2005 generator
777 1975 819 1998 est
832 1979 840 2004 ;
856 1971 906 1998 hoc
917 1975 1008 1998 autem

217 2016 256 2051 (id
268 2020 310 2044 est
321 2017 447 2044 amabilis
460 2021 488 2044 et
501 2016 628 2052 dilectus)
653 2017 712 2052 ipse
725 2021 775 2045 est.
789 2017 836 2045 lllo
849 2017 958 2052 quidem
971 2017 1008 2052 (id

217 2067 258 2089 est
270 2069 365 2090 amore
377 2067 406 2090 et
417 2062 573 2098 dilectione)
589 2066 724 2096 movetur,
741 2063 792 2090 hoc
805 2068 896 2090 autem
915 2063 952 2099 (id
967 2068 1009 2091 est

218 2112 248 2134 ut
260 2108 387 2135 amabilis
399 2113 426 2135 et
450 2108 575 2144 dilectus)
601 2113 692 2135 movet
706 2116 714 2141 ;
728 2108 791 2143 quia
805 2116 835 2136 se
849 2109 907 2144 ipse
921 2109 1008 2136 addu-

221 2154 272 2186 cit,
294 2158 322 2181 et
344 2154 397 2182 sibi
420 2154 542 2187 adducit,
556 2159 583 2182 et
598 2153 699 2182 niovei.
715 2154 772 2182 Hac
796 2162 886 2182 autem
900 2154 1008 2182 ratione

217 2199 347 2226 dilectum
361 2205 389 2227 et
401 2201 547 2228 amabilem
571 2208 633 2228 eum
656 2206 766 2234 vocant,
791 2207 921 2236 tanquam
946 2202 1008 2236 pul-

218 2245 314 2273 chrum
329 2251 356 2273 et
369 2246 470 2273 bonum
484 2255 492 2276 ;
507 2254 628 2274 amorem
645 2254 712 2275 vero
736 2254 832 2275 rursus
843 2251 871 2274 et
884 2247 1008 2274 dilectio-

218 2298 292 2323 nem,
312 2295 440 2326 tanqnam
454 2291 507 2318 vim
533 2292 691 2325 motricem,
716 2297 744 2320 et
764 2299 873 2320 sursum
895 2292 1008 2320 trahen-

219 2341 273 2364 tem
287 2337 321 2364 ad
334 2344 374 2369 se,
388 2337 435 2371 qui
458 2337 533 2365 solus
555 2342 598 2365 est
619 2339 708 2373 ipsum
722 2345 770 2373 per
784 2346 814 2366 se
825 2338 967 2373 pulchrum
981 2342 1008 2364 et

218 2385 331 2416 bonum,
345 2388 374 2411 et
389 2388 520 2418 tanquam
544 2384 795 2413 manifestationem
808 2385 849 2412 sui
863 2385 947 2419 ipsius
959 2391 1008 2418 per

218 2430 348 2464 seipsuin,
361 2434 389 2456 et
403 2434 431 2456 ut
444 2429 591 2465 benignum
615 2439 776 2466 processum
801 2430 909 2458 eximias
934 2430 1007 2458 illius

1062 1828 1108 1855 καὶ
1123 1829 1234 1864 ἀγάπην
1256 1829 1336 1856 αὐτόν
1349 1838 1424 1864 φασι,
1440 1830 1504 1856 ποτέ
1513 1830 1542 1857 δὲ
1558 1829 1671 1866 ἐραστὸν
1683 1829 1730 1856 καὶ
1743 1829 1853 1864 ἀγαπη-

1061 1874 1107 1901 τόν
1126 1883 1133 1907 ;
1150 1875 1203 1901 Τοῦ
1220 1875 1269 1910 μὲν
1283 1876 1338 1912 γὰρ
1351 1876 1445 1908 αἴτιος,
1469 1876 1517 1904 καὶ
1531 1875 1625 1911 ὥσπερ
1636 1875 1795 1911 προϐολεὺς,
1807 1876 1854 1902 καὶ

1060 1921 1255 1958 ἀπογεννήτωρ
1266 1932 1272 1938 ·
1286 1923 1317 1950 τὸ
1332 1923 1361 1951 δέ
1374 1924 1455 1956 αὑτός
1479 1925 1546 1951 ἐστι.
1572 1924 1626 1950 Καὶ
1650 1922 1689 1958 τῷ
1707 1922 1757 1957 μὲν
1770 1923 1853 1949 κινεῖ-

1060 1976 1116 2000 ται,
1130 1968 1170 2003 τῷ
1183 1968 1212 1994 δὲ
1223 1969 1294 1995 κινεῖ
1303 1977 1310 1984 ⁸
1325 1969 1342 2004 ἢ
1356 1969 1397 1995 ὅτι
1417 1969 1499 2002 αὐτὸς
1519 1968 1616 1995 ἐαυτοῦ
1627 1969 1673 1995 καὶ
1687 1967 1777 2002 ἐαυτῷ
1795 1968 1853 1994 ἐστι

1060 2015 1250 2050 προαγωγικὸς
1268 2016 1315 2042 καὶ
1328 2016 1476 2052 κινητικός.
1495 2015 1587 2051 Ταύτῃ
1603 2015 1632 2042 δέ
1646 2015 1789 2050 ἀγαπητὸν
1804 2015 1853 2050 μὲν

1060 2060 1107 2086 καὶ
1120 2060 1235 2095 ἐραστὸν
1245 2060 1312 2087 αὐτὸ
1321 2061 1343 2076 ⁵⁷
1357 2061 1495 2093 καλοῦσιν,
1517 2061 1555 2092 ὼς
1571 2060 1653 2087 καλὸν
1667 2061 1714 2087 καὶ
1730 2060 1835 2094 ἀγαθόν
1844 2068 1850 2074 ·

1059 2105 1149 2141 ἔρωτα
1161 2107 1190 2134 δέ
1201 2105 1280 2139 αὖθις
1307 2108 1354 2134 καὶ
1376 2108 1497 2143 ἀγάπην,
1519 2108 1556 2139 ὼς
1570 2107 1712 2142 κινητικὴν
1724 2106 1784 2142 ἃμα
1806 2105 1853 2133 καὶ

1059 2153 1098 2185 ὡς
1109 2154 1252 2188 ἀναγωγὸν
1266 2153 1380 2189 δύναμιν
1400 2153 1465 2180 ὄντα
1482 2154 1525 2188 ἐφ’
1540 2153 1646 2184 ἐαυτὸν,
1658 2153 1689 2179 τὸ
1707 2152 1787 2188 μόνον
1801 2153 1853 2179 αὑ-

1058 2201 1089 2227 τὸ
1103 2201 1136 2227 δι’
1151 2200 1232 2227 ἑαυτὸ
1255 2199 1336 2227 καλὸν
1361 2200 1409 2227 καὶ¹
1432 2200 1544 2234 ἀγαθὸν,
1558 2200 1605 2226 καὶ
1616 2199 1710 2235 ὥσπερ
1722 2199 1853 2233 ἐκφανσιν

1059 2246 1124 2273 ὄντα
1137 2246 1234 2273 ἑαυτοῦ
1245 2246 1279 2272 δι’
1290 2245 1398 2278 ἑαυτοῦ,
1421 2246 1468 2272 καὶ
1479 2246 1529 2281 τῆς
1545 2245 1716 2281 ἐξῃρημένης
1729 2244 1853 2276 ἐνώσεως

1059 2292 1164 2328 ἀγαθὴν
1186 2291 1309 2328 πρόοδον,
1323 2292 1370 2318 καὶ
1382 2291 1516 2328 ἐρωτικὴν
1535 2291 1652 2327 κίνησιν,
1664 2291 1762 2326 ἁπλῆν,
1777 2291 1853 2317 αὺτο-

1060 2339 1182 2374 κίνητον,
1205 2339 1414 2375 αὐτενέργητον,
1436 2337 1573 2374 προοῦσαν
1585 2339 1614 2365 ἐν
1626 2337 1748 2373 τάγαθῷ,
1761 2338 1810 2364 καὶ
1820 2339 1852 2364 ἐκ

1058 2385 1178 2420 τάγαθοῦ
1188 2387 1243 2417 τοῖς
1254 2383 1330 2412 οὖσιν
1340 2385 1552 2421 ἐκϐλυζομένην,
1565 2385 1612 2411 καὶ
1625 2382 1702 2416 αὖθις
1716 2385 1756 2416 εἰς
1771 2384 1851 2418 τάγα-

1061 2431 1106 2458 θὸν
1118 2430 1367 2467 ἐπιστρεφομένην.
1394 2431 1437 2457 Ἐν
1448 2427 1470 2464 ᾧ
1481 2431 1527 2457 καὶ
1549 2430 1580 2457 τὸ
1597 2429 1775 2466 ἀτελεύτητον
1790 2430 1852 2456 ἐαυ-

218 2475 338 2506 unionis,
350 2480 377 2501 et
390 2475 553 2502 amatorium
580 2477 743 2510 motionem,
771 2476 935 2510 simplicem,
960 2483 1006 2511 per

1060 2476 1107 2503 τοῦ
1120 2476 1166 2503 καὶ
1179 2466 1295 2511 ἄναρχον
1308 2476 1322 2502 ὁ
1334 2475 1405 2507 θεῖος
1427 2474 1496 2511 ἔρως
1518 2474 1687 2502 ἐνδείκνυται
1709 2475 1852 2510 διαφερόν-

218 2528 249 2548 se
271 2520 409 2552 mobilem,
425 2528 474 2555 per
488 2528 518 2549 se
529 2528 688 2557 operantem
700 2544 708 2556 ,
732 2522 965 2557 praeexsistentem
979 2522 1006 2549 in

218 2568 300 2600 bono,
313 2572 340 2594 ct
353 2574 386 2593 cx
399 2567 472 2595 bono
486 2568 512 2595 in
526 2576 558 2596 ea
581 2576 642 2604 quae
665 2574 731 2597 sunt
754 2569 962 2601 redundantem,
976 2575 1009 2595 ac

220 2620 314 2640 rursus
327 2614 360 2641 ad
373 2613 474 2641 bonum
500 2620 692 2644 revertentem.
718 2615 776 2649 Qua
793 2615 818 2643 in
833 2622 862 2642 re
875 2619 902 2642 et
915 2614 968 2642 ﬁne
980 2619 1009 2642 et

255 2687 269 2701 υ
281 2681 370 2709 Gaiat.
386 2689 417 2714 ιι,
437 2680 483 2709 20,

1060 2530 1124 2553 τως,
1138 2521 1232 2556 ὥσπερ
1243 2529 1285 2552 τις
1300 2519 1384 2551 ἀΐδιος
1401 2519 1511 2551 κύκλος,
1522 2518 1566 2545 διὰ
1587 2518 1714 2553 τάγαθὸν,
1727 2519 1760 2545 ἐκ
1771 2519 1852 2552 τάγα-

1062 2568 1119 2600 θοῦ,
1136 2568 1182 2595 καὶ
1193 2569 1222 2594 ἐν
1233 2565 1354 2602 τάγαθῷ,
1366 2567 1413 2593 ml.
1425 2567 1465 2598 εἰς
1482 2565 1609 2600 τάγαθὸν,
1622 2567 1652 2593 ἐν
1664 2565 1778 2593 ἀπλανεῖ
1789 2573 1851 2592 atavo

1062 2615 1143 2649 ελίξει
1168 2613 1428 2650 περιπορευόμενος,
1450 2613 1497 2640 καὶ
1510 2614 1539 2640 ἐν
1555 2612 1656 2649 ταύτῷ,
1681 2612 1728 2640 καὶ
1742 2611 1850 2640 κατὰτὸ

857 2737 977 2765 VARle
1011 2737 1214 2767 LECTIONES.

252 2824 276 2860 ’ἡ
286 2823 404 2859 αληθῶς,
417 2822 515 2860 MiSc.
524 2859 531 2860 ί
561 2822 583 2860 ⁵-⁵
595 2819 894 2860 ζωὴνηάλλὺητὴνᾙτρᾷ
905 2819 1090 2860 ’ἐραστοῦῆζῇν
1100 2819 1164 2860 :_P._
1194 2819 1218 2860 ξι
1230 2819 1285 2860 τῷν
1302 2819 1394 2848 καλῶν
1412 2821 1460 2848 καὶ
1475 2818 1586 2855 ἀγαθῶν
1596 2838 1604 2852 ,
1619 2817 1659 2854 τῷ
1677 2817 1795 2851 πάντων,
1808 2815 1842 2847 Μ.

224 2858 257 2895 ςῷ
270 2855 336 2886 iteni
349 2860 428 2887 habet
447 2859 475 2887 S.
510 2859 532 2875 ”
547 2855 652 2893 sum;
663 2857 696 2884 Μ.
707 2856 736 2884 l’.
757 2856 802 2883 Sc.
820 2855 843 2871 ""
856 2855 888 2882 δι’
903 2855 969 2890 ὃίὸ,
986 2857 1010 2890 ὅ,
1027 2855 1073 2884 Ρ(
1099 2856 1121 2872 ⁵⁷
1135 2855 1230 2889 αὐτόν,
1245 2855 1276 2883 D.
1328 2884 1330 2886 τ
