1938 3065
247 162 299 191 7L5

246 219 393 252 (desiderat
406 218 478 253 enim
493 218 556 246 illud
567 218 654 245 etiam
667 218 694 245 id
706 217 778 251 quod
792 225 843 244 non
860 217 980 249 exsistit,
994 222 1022 244 ut
1036 222 1057 249 Α

246 265 347 295 dictum
359 268 412 296 est,
423 268 451 291 et
463 264 555 299 aliquo
570 263 649 292 modo
662 264 689 290 in
709 263 768 297 ipso
789 270 850 291 esse
864 264 1022 296 contendit;

244 308 371 342 quoniam
386 308 466 344 363
490 309 577 343 ipsum
599 312 642 336 est
655 308 726 342 quod
743 307 857 336 formam
873 308 953 335 rebus
969 308 1024 335 for-

245 361 289 381 ma
313 354 472 382 carentibus
500 354 607 386 tribuit,
632 359 662 381 et
678 353 705 381 in
734 353 793 388 ipso
810 353 893 380 etiam
912 353 938 380 id
952 351 1024 388 quod

245 405 299 426 non
316 402 367 429 est,
381 405 462 432 supra
486 398 634 425 essentiam
649 398 758 431 dicitur,
772 402 799 425 et
812 397 878 431 est).
891 397 1024 431 quomodo

245 447 324 471 turba
339 443 490 471 daemonum
508 451 561 470 non
584 443 686 477 expetit
710 443 761 471 hoc
782 442 923 477 pulcth
935 446 962 470 et
974 443 1023 470 bo-

245 498 320 521 num,
337 490 384 516 sed
400 489 479 516 aﬂixa
493 489 624 519 materiae,
643 494 725 522 atque
739 489 774 516 ab
791 488 836 516 illo
847 492 929 521 statu.
944 496 1024 523 qucm

245 534 334 570 angeli
350 535 376 561 in
388 534 450 561 boui
467 535 634 569 appetitione
647 534 779 566 obtinent,
793 534 928 569 prolapsa,
942 541 1023 562 causa

244 585 287 607 est
301 580 432 607 malorum
444 580 563 607 omnium
577 585 631 607 tam
642 579 692 607 sibi
706 587 785 614 quam
806 579 878 612 aliis.
892 587 952 614 quae
963 588 1026 615 per-

243 625 314 652 verti
338 625 535 660 depravarique
559 624 768 652 dicunturfaut
793 624 928 659 quomodo
940 632 1024 659 genus

245 672 409 704 damonum,
424 679 457 698 ex
469 671 578 698 omnino
603 670 676 698 bono
693 670 867 705 productum,
892 671 956 698 boni
970 670 1026 698 for-

246 725 289 745 ma
301 721 376 744 caret
388 717 400 744 2
412 717 453 744 vel
464 716 599 751 quomodo
612 715 712 744 bonum
724 723 757 743 ex
771 717 841 743 bono
851 716 954 744 factum
966 725 1025 744 mu-

245 767 332 790 tatum
349 763 414 790 est?
432 767 460 790 et
474 762 540 797 quid
564 766 606 790 est
622 761 694 797 quod
721 761 786 789 illud
804 762 984 796 depravavit?
997 767 1025 790 et

244 809 373 843 quidnam
397 808 479 836 etiam
506 807 607 835 malum
634 807 702 834 est?
722 811 750 834 et
760 814 793 834 cx
816 815 870 841 quo
894 808 1026 843 principio

245 853 389 881 constitit?
403 857 432 882 et
447 860 565 888 quanam
587 853 614 880 in
639 859 668 879 re
681 852 791 879 exsistit
804 852 817 879 ἵ
837 857 865 880 et
890 853 1025 887 quomodo

245 899 333 927 bonus
349 899 414 926 illud
434 886 586 934 producere
606 897 713 925 voluit?
733 898 869 933 quomodo
893 886 957 926 item
976 906 1024 926 νο·
1040 886 1061 913 Β

245 945 304 972 lens
321 945 408 980 potuit
421 946 433 972 ἲ
447 945 523 978 Quod
541 944 564 971 si
578 944 678 971 malum
689 943 805 970 exsistat
817 951 849 971 ex
863 943 916 971 alia
927 951 1021 978 causa,

247 997 371 1025 qiizenam
397 990 448 1016 alia
470 996 559 1016 rerum
580 995 664 1016 causa
690 993 743 1020 est,
769 993 868 1023 praeter
899 988 1022 1016 bonum?

245 1035 382 1071 quomodo
398 1042 464 1062 vero
482 1035 564 1062 etiam
579 1038 705 1062 exstante
725 1033 896 1062 Providentia
908 1039 950 1062 est
962 1034 1072 1068 malum.

824 161 852 189 8,
871 160 1020 189 DIONYSII
1037 161 1270 191 AREOPAGITE

1802 160 1850 187 Ἠῧ

1073 219 1153 245 αὐτιῦ
1167 219 1255 246 καὶτὸ
1272 219 1309 255 μὴ
1323 218 1363 251 ὃν,
1388 218 1426 250 ὡς
1450 218 1567 254 εἴρηται,
1581 217 1629 243 καὶ
1643 215 1785 251 φιλονεικεί
1798 225 1850 249 πως

1074 265 1104 290 ὲν
1118 264 1192 300 αὐτῷ
1206 265 1228 281 ⁸⁸
1248 263 1317 292 εἶναι
1327 273 1334 280 ·
1345 265 1392 292 καὶ
1405 265 1469 291 αὑτό
1484 266 1541 291 ὲστι
1552 265 1583 291 τὸ
1600 264 1730 291 εἰδοποιὸν
1746 265 1791 291 καὶ
1800 265 1851 292 τῶν

1074 309 1219 342 ἀνειδέων,
1237 309 1285 336 καὶ
1308 310 1352 336 ἐπ’
1377 309 1459 336 αὑτοῦ
1485 310 1532 336 καὶ
1547 309 1577 336 τὸ
1595 309 1632 345 μὴ
1647 309 1677 336 δν
1690 311 1851 346 ὑπερουσιως

1073 353 1180 388 λέγεται
1198 355 1245 381 καὶ
1257 354 1316 381 ἐστι.
1325 355 1344 390 ·)
1362 354 1421 387 πῶς
1435 355 1453 390 ἠ
1463 355 1588 390 δαιμονία
1601 355 1704 391 πληθὺς
1722 355 1772 382 οὐκ
1786 355 1853 389 ἐφίε-

1073 407 1117 426 ται
1129 399 1175 426 τοῦ
1192 400 1273 426 καλοῦ
1286 401 1333 427 καὶ
1349 400 1462 434 ἀγαθοῦ,
1478 401 1608 436 πρόσυλος
1620 400 1648 427 δὲ
1661 399 1738 433 οὖσα,
1753 401 1851 437 καὶτῆς

1073 444 1220 481 ἀηελικῆς
1230 446 1294 482 περὶ
1303 446 1352 482 τὴν
1375 446 1466 481 ἔφεσιν
1479 446 1597 481 τάγαθοῦ
1620 446 1780 481 ταύτότητος
1793 447 1852 473 ἀπο-

1074 493 1243 523 τιιεπτωκυία,
1264 491 1356 518 κακῶν
1370 492 1495 519 ἁπάντων
1507 492 1580 519 αιτια
1590 492 1637 518 καὶ
1650 492 1731 527 ἑαυτῇ
1743 492 1788 519 ul.
1799 494 1852 525 τοῖς

1074 536 1162 569 ἄλλοις
1185 537 1288 571 γίνεται
1299 538 1333 570 ⁸⁸,
1348 537 1399 564 ὅσα
1423 537 1589 563 κακύνεσθαι
1611 537 1718 571 λέγεται
1733 544 1741 569 ;
1757 537 1812 568 πῶς
1824 537 1852 564 δὲ

1074 582 1142 614 ὅλως
1150 583 1182 609 ὲκ
1192 582 1309 616 τάγαθοῦ
1330 582 1469 618 παραχθὲν
1484 582 1515 609 τὺ
1533 582 1669 618 δαιμόνιον
1693 581 1784 616 φῦλον.
1804 583 1852 609 οὐκ

1074 628 1147 655 ἐστιν
1170 629 1325 662 ἀγαθοειδές
1339 637 1347 661 ;
1361 628 1378 664 ἢ
1394 628 1462 661 πῶς,
1475 628 1575 663 ἀγαθὸν
1588 630 1620 656 ἐκ
1641 628 1758 663 τάγαθοῦ
1778 637 1853 663 γεγο-

1074 674 1128 705 νὸς,
1142 674 1273 710 ἠλλοιώθη
1286 683 1294 707 ;
1308 675 1356 701 καὶ
1366 674 1394 702 τι
1408 675 1440 701 τδ
1461 673 1583 701 κακῦναν
1602 674 1677 705 αὐτὸ,
1695 673 1741 700 καὶ
1754 673 1820 705 ὅλως
1830 674 1854 700 τε

1073 718 1104 744 τὸ
1123 719 1205 745 κακόν
1219 720 1277 745 ἐστι
1291 727 1298 751 ;
1314 719 1361 746 καὶ
1380 720 1413 746 ὲκ
1431 719 1503 752 τίνος
1519 719 1607 755 ἀρχῆς
1635 719 1749 754 ὑπέστη,
1763 719 1810 746 καὶ
1826 719 1855 745 ἐν

1076 765 1128 791 τινι
1140 764 1195 792 τῶν
1211 765 1296 792 ὄντων
1310 765 1367 792 ἐστι
1382 773 1390 799 ς
1416 766 1462 792 καὶ
1486 765 1545 797 πῶς
1561 767 1575 792 ὀ
1586 765 1686 799 ἀγαθὸς
1696 765 1760 792 αὐτὸ
1773 774 1855 801 παρα-

1074 811 1171 844 γαγεῖν
1186 810 1338 846 ἡδουλήθη;
1353 811 1412 842 πῶς
1435 810 1463 837 δὲ
1489 810 1628 846 βουληθεὶς
1646 809 1764 846 ¹ιξδυνήθη
1778 819 1785 843 ;
1801 808 1857 837 Καὶ

1075 857 1099 882 ει
1114 855 1143 888 ἐξ
1155 855 1237 891 ἄλλης
1254 855 1341 888 αἰτίας
1355 855 1386 882 τὸ
1404 855 1496 887 κακὸν,
1505 856 1546 888 τις
1556 856 1637 892 ἑτέρα
1644 857 1699 888 τοῖς
1711 853 1770 882 οὖσι
1783 855 1855 890 παρὰ

1074 900 1193 934 τάγαθὸν
1212 901 1287 927 αἰτία
1302 909 1309 934 ;
1327 901 1385 933 πῶς
1398 901 1436 934 δὲ,
1455 902 1503 928 καὶ
1514 901 1644 937 Προνοίας
1657 900 1749 936 οὔσης,
1760 901 1815 927 ἐστι
1827 901 1858 927 τὸ

1073 946 1169 976 κακὸν,
1182 945 1199 981 ἢ
1220 947 1361 981 γινόμενον
1386 946 1464 979 ὅλως,
1479 946 1496 982 ἦ
1523 946 1561 982 μὴ
1579 946 1773 982 ἀναιρούμενον
1789 954 1797 979 ;
1810 947 1856 973 καὶ

1073 991 1131 1023 πῶς
1148 991 1253 1026 ἐφίεται
1262 1001 1288 1018 τι
1301 992 1357 1019 τῶν
1365 992 1450 1019 ὄντων
1462 991 1546 1019 αὑτοῦ
1559 991 1634 1028 παρά
1649 991 1768 1026 τάγαθόν
1780 1000 1788 1024 ;

1086 1042 1132 1064 aut
1149 1037 1259 1066 omnino
1275 1037 1454 1071 factum,aut
1482 1045 1535 1065 non
1563 1037 1671 1072 penitus
1702 1036 1871 1064 sublatuml.

244 1082 379 1118 quomodo
391 1081 471 1109 etiam
489 1088 583 1108 eorum
596 1087 655 1115 qua
666 1084 728 1107 sunt
739 1079 878 1115 quidpiam
890 1087 946 1115 prae
959 1081 1031 1108 bono
1045 1081 1110 1109 illud
1127 1083 1230 1118 expetit
1245 1082 1257 1109 2

992 1147 1112 1184 §XIX.

280 1223 343 1252 nec
356 1221 472 1250 fortasse
497 1220 597 1248 dixerit
610 1219 657 1254 qui
671 1218 722 1246 ista
750 1218 897 1254 ignorabit.
913 1225 963 1246 nos
978 1225 1026 1246 au—

247 1275 301 1296 tem
318 1275 380 1296 eum
402 1265 572 1301 rogabimus,
595 1268 626 1291 ut
650 1262 773 1290 attendat
797 1262 917 1294 veritati,
945 1261 1027 1297 idque

247 1314 365 1349 primum
377 1311 468 1338 dicere
481 1317 534 1337 non
551 1309 725 1337 verebimur:
740 1307 839 1335 Malum
852 1315 905 1335 non
916 1314 977 1335 esse
994 1314 1029 1335 ex

247 1359 318 1385 bono
331 1365 340 1390 ;
355 1363 387 1383 ac
398 1355 419 1382 si
435 1362 469 1382 ex
482 1355 554 1382 bono
570 1358 622 1386 est,
646 1361 699 1381 non
723 1360 784 1380 esse
807 1353 906 1380 malum
920 1359 1029 1387 ;_neque

247 1403 319 1430 enim
331 1401 401 1436 ignis
417 1405 460 1428 est
477 1399 651 1434 refrigerare,
677 1405 764 1433 neque
788 1398 849 1425 boui
874 1397 963 1425 facere
975 1404 1028 1425 non

247 1448 327 1475 bona.
341 1446 369 1474 Si
388 1445 470 1473 etiam
487 1452 518 1472 ea
537 1452 597 1479 qua:
611 1448 687 1476 sunt.
713 1443 804 1470 omnia
826 1450 861 1470 ex
881 1442 953 1470 bono
966 1447 1030 1471 sunt

246 1495 356 1529 (natura
382 1491 455 1519 enim
480 1490 543 1518 boni
563 1494 616 1521 est.
643 1489 792 1523 producere
806 1492 833 1515 et
846 1491 1064 1521 conservaret“:

247 1537 312 1565 mali
324 1542 429 1569 autem,
453 1543 627 1570 corrumpere
642 1541 673 1561 ac
689 1534 828 1569 perdere),
851 1533 916 1561 nihil
933 1541 1027 1563 eorum

246 1591 308 1619 quas
320 1587 385 1611 sunt
393 1590 428 1610 ex
441 1582 513 1610 malo
528 1584 581 1613 est.
593 1588 626 1608 ac
638 1587 672 1608 ne
683 1580 772 1615 ipsum
790 1579 899 1614 quidem
926 1579 1028 1607 malum

246 1630 311 1662 crit,
326 1628 459 1663 siquidem
482 1627 564 1655 etiam
577 1626 627 1654 sibi
643 1625 742 1652 malum
765 1629 848 1653 esset.
874 1624 950 1658 Quod
975 1625 1028 1654 nisi

248 1674 285 1702 ita
301 1675 348 1706 sit,
370 1672 472 1701 malum
497 1672 607 1700 omnino
621 1671 722 1699 malum
743 1678 797 1698 non
810 1670 870 1702 erit,
885 1672 932 1699 sed
947 1671 1029 1699 habet

247 1719 394 1754 quamdam
406 1717 480 1751 boni,
507 1718 655 1745 secundum
671 1724 754 1752 quam
769 1718 882 1745 omnino
894 1721 947 1749 est.
963 1725 1028 1752 par-

248 1770 313 1794 tem.
325 1764 359 1792 Et
373 1764 397 1792 si
408 1771 440 1791 ea
453 1770 513 1798 quae
526 1767 590 1790 sunt
612 1762 753 1798 pulchrum
772 1763 928 1798 bonumque
947 1770 1029 1798 appe-

248 1815 319 1844 tunt,
329 1815 535 1846 etquaecunque
552 1812 645 1844 agunt,
661 1813 772 1845 propter
788 1809 814 1836 ld
835 1809 908 1844 quod
927 1809 1028 1837 bonum

247 1858 366 1890 videtur,
391 1857 506 1888 faciunt.
530 1855 675 1890 omnisque
705 1863 797 1883 rerum
826 1855 942 1884 intentio
966 1863 1028 1883 eum

248 1902 412 1938 principium
435 1906 490 1929 tum
514 1901 594 1928 linem
619 1901 719 1928 bonum
733 1904 838 1935 spectat
851 1900 930 1935 (nihil
943 1901 1028 1933 enim.

248 1946 313 1975 mali
335 1951 461 1973 naturam
486 1944 644 1979 spectando.
664 1944 730 1971 facit
741 1951 773 1971 ea
785 1951 845 1979 qua;
861 1944 948 1980 facit),
959 1951 1028 1979 quo-

249 2001 312 2020 nam
324 1996 404 2027 pacto
417 1992 470 2019 erit
487 1990 586 2018 malum
599 1991 625 2017 in
638 1997 729 2017 rerum
745 1995 852 2022 natura,
865 1991 906 2017 vel
918 1991 1029 2018 omnino

248 2037 361 2065 exsistat
371 2035 534 2071 ejuscemodi
545 2035 606 2062 boui
618 2034 737 2069 appetitu
749 2034 925 2062 destitutum?
939 2035 1030 2062 Enim-

249 2090 314 2110 vero
328 2081 409 2117 si_res
422 2088 517 2108 omnes
531 2088 564 2107 ex
577 2080 649 2107 bono
661 2081 726 2110 sint.
748 2080 902 2114 bonumque
926 2080 961 2108 sit
981 2088 1030 2108 su-

250 2136 297 2162 pra
312 2135 356 2155 res
371 2127 456 2162 ipsas,
472 2126 498 2154 id
521 2125 592 2160 quod
617 2132 671 2152 non
695 2129 748 2157 est.
774 2125 831 2159 jam
849 2125 876 2152 in
894 2125 964 2153 bono
975 2130 1028 2158 est,

250 2175 349 2202 malum
370 2182 437 2202 vero
449 2181 622 2209 nequaquam
636 2177 676 2201 est
690 2180 698 2206 ;
712 2173 835 2207 alioquin
852 2181 904 2201 non
917 2177 959 2200 est
972 2173 1029 2208 pla-

250 2226 285 2245 ue
301 2217 413 2250 malum,
437 2225 487 2245 nec
500 2218 526 2245 id
540 2218 612 2253 quod
625 2225 678 2245 non
700 2221 761 2250 est;
778 2217 844 2244 nihil
855 2217 927 2245 enim
938 2218 990 2245 erit
1001 2217 1027 2245 id

250 2263 321 2298 quod
345 2263 458 2290 omnino
484 2270 537 2291 non
565 2267 628 2295 est,
657 2262 709 2289 nisi
738 2262 885 2289 secundum
919 2263 1028 2290 modum

250 2308 395 2343 quemdam
417 2308 671 2342 supracssentialem
692 2307 719 2335 in
735 2308 807 2335 bono
830 2314 892 2335 esse
911 2307 1028 2335 dicatur.

251 2355 353 2382 Bonum
368 2355 449 2389 igitur
472 2356 532 2386 erit,
561 2359 588 2382 et
613 2362 646 2382 eo
666 2355 738 2390 quod
761 2355 871 2382 omnino
889 2359 941 2387 est.
956 2359 984 2382 et
998 2361 1031 2382 eo

251 2403 322 2437 quod
337 2401 419 2438 365.
431 2410 483 2430 non
501 2407 553 2435 est,
568 2402 653 2430 multo
665 2403 741 2438 prius
762 2408 791 2430 et
810 2403 934 2437 superius
957 2402 1031 2429 locs-

253 2447 426 2476 tum.Malum
438 2453 527 2475 autem
539 2455 588 2475 nec
598 2448 625 2475 in
638 2448 671 2475 iis
679 2453 721 2476 est
736 2455 796 2483 quae
808 2452 881 2481 sunt,
891 2455 940 2475 nec
955 2447 982 2474 in
999 2447 1031 2474 iis

252 2501 312 2529 qum
336 2500 389 2520 non
418 2497 491 2525 sunt,
507 2492 555 2520 sed
569 2499 601 2520 eo
611 2493 693 2520 etiam
719 2492 790 2527 quod
806 2499 859 2519 non
872 2496 925 2523 est.
941 2497 1031 2519 remo-

253 2540 307 2566 tius
320 2545 361 2566 cst
374 2546 389 2565 s
405 2539 485 2571 bono,
498 2543 626 2573 tanquam
656 2538 772 2566 alienum
809 2545 842 2565 ac
855 2538 946 2565 minus
969 2544 1029 2565 ens.

253 2582 331 2610 Unde
342 2583 421 2618 igitur
435 2588 477 2611 est
491 2583 589 2610 malum
605 2583 617 2610 ἳ
631 2583 701 2610 dicet
714 2582 822 2617 aliquis.
839 2581 868 2610 Si
884 2582 957 2609 enim
969 2588 1028 2608 ma-

1110 1217 1202 1244 Ταῦτα
1216 1217 1264 1253 μὲν
1277 1215 1323 1244 οὖν
1340 1217 1405 1249 ῐσως
1421 1217 1481 1252 ὲρεῖ
1495 1216 1631 1243 τοιόσδε’⁶⁷
1645 1216 1760 1252 ἀπορῶν
1770 1217 1855 1251 λόγος,

1074 1265 1154 1299 ἡμεῖς
1172 1263 1201 1289 δὲ
1215 1262 1365 1298 ἀξιώσομεν
1378 1262 1400 1278 ⁸⁸
1412 1262 1492 1289 αὑτὸν
1503 1263 1542 1293 εἰς
1549 1262 1600 1298 τὴν
1614 1263 1670 1289 τῶν
1690 1263 1858 1298 πραγμάτων

1076 1309 1203 1345 ἀλήθειαν
1222 1308 1395 1340 ἀποϐλέπειν,
1420 1309 1467 1334 καὶ
1495 1307 1603 1343 πρῶτόν
1622 1317 1653 1342 γε
1680 1308 1759 1335 τοῦτο
1775 1309 1858 1335 εἰπεῖν

1077 1353 1330 1390 παρῤησιασόμεθα·
1347 1353 1382 1379 Τὸ
1397 1353 1480 1379 κακὸν
1497 1353 1546 1379 οὐκ
1561 1352 1632 1379 ἔστιν
1646 1354 1679 1380 ἐκ
1694 1353 1812 1388 τάγαθοῦ
1826 1355 1857 1386 ⁸⁸,

1077 1397 1125 1423 καὶ
1140 1398 1164 1423 ει
1181 1398 1213 1423 ὲκ
1227 1396 1344 1430 τάγαθοῦ
1361 1397 1444 1428 ἐστιν,
1464 1397 1494 1423 οὐ
1510 1397 1608 1423 κακόνο
1623 1397 1684 1424 οὐδὲ
1704 1398 1764 1433 γὰρ
1778 1398 1858 1434 πυρὸς

1075 1441 1107 1467 τὸ
1120 1441 1225 1477 ψύχειν,
1242 1441 1304 1468 οὔτε
1323 1441 1424 1475 ἀγαθοῦ
1437 1441 1468 1468 τὸ
1480 1442 1516 1477 μὴ
1526 1441 1631 1476 τάγαθὰ
1644 1443 1792 1477 παράγειν.
1807 1444 1858 1470 Καὶ

1079 1487 1104 1513 ει
1117 1486 1152 1513 τὰ
1170 1486 1234 1514 ὄντα
1250 1487 1337 1514 πάντα
1349 1488 1383 1513 ἐκ
1393 1486 1510 1521 τάγαθοῦ
1523 1507 1530 1519 ,
1546 1487 1636 1522 (φύσις
1650 1488 1707 1524 γὰρ
1720 1489 1759 1523 τῷ
1770 1488 1859 1524 ἀγαθῷ

1076 1532 1108 1560 τδ
1119 1534 1252 1568 παράγειν
1271 1534 1318 1561 καὶ
1333 1533 1428 1567 σώζειν
1441 1542 1448 1550 ·
1463 1534 1502 1569 τῷ
1513 1534 1540 1561 δὲ
1549 1535 1625 1570 κακῷ
1636 1536 1667 1562 τὸ
1679 1537 1801 1573 φθείρειν
1815 1538 1858 1563 καὶ

1077 1579 1233 1614 dmidiath
1257 1579 1332 1606 οὐδέν
1353 1580 1411 1606 ἐστι
1436 1580 1491 1606 τῶν
1503 1580 1586 1607 ὅντων
1600 1581 1632 1607 ἐκ
1642 1582 1690 1608 τοῦ
1702 1583 1802 1610 κακοῦ·
1815 1583 1861 1609 καὶ

1077 1625 1138 1653 οὐδὲ
1155 1625 1220 1652 αὐτὸ
1235 1625 1310 1653 ἔσται
1322 1625 1346 1641 ⁷⁸
1361 1626 1391 1653 τὺ
1403 1626 1497 1658 κακὸν,
1518 1626 1596 1662 εῐπερ
1617 1628 1666 1654 καὶ
1676 1628 1765 1664 ἑαυτῷ
1781 1629 1860 1655 κακὸν

1077 1672 1131 1708 εἴη.
1148 1672 1203 1699 Καὶ
1227 1672 1252 1698 εἰ
1270 1672 1307 1708 μὴ
1333 1672 1421 1704 τοῦτο,
1447 1672 1477 1699 οὐ
1500 1672 1586 1707 πάντη
1612 1674 1700 1700 κακὸν
1717 1673 1750 1701 τὸ
1770 1674 1861 1707 κακὸν,

1078 1718 1135 1744 ἀλλ’
1152 1718 1210 1753 ἔχει
1223 1718 1284 1744 τι.νά
1295 1717 1424 1752 τάγαθοῦ,
1440 1717 1500 1744 καθ’
1516 1718 1548 1753 ἧν
1569 1718 1637 1750 ὅλως
1660 1719 1731 1751 εστὶ,
1757 1721 1860 1756 μοῖραν,

1078 1764 1133 1791 Καὶ
1147 1764 1216 1791 ειτά
1231 1763 1295 1790 ὅντα
1315 1763 1362 1790 τοῦ
1381 1762 1462 1790 καλοῦ
1485 1763 1531 1790 καὶ
1553 1763 1657 1798 ἀγαθοῦ
1682 1765 1799 1800 ἐφίεται,
1816 1765 1861 1792 καὶ

1078 1810 1166 1837 πάντα
1184 1809 1234 1836 ὅσα
1247 1811 1319 1836 ποιεῖ
1333 1809 1376 1836 διὰ
1388 1809 1419 1836 τὸ
1428 1809 1522 1836 δοκοῦν
1535 1809 1636 1844 ἀγαθον
1656 1812 1740 1842 ποιεῖ,
1753 1811 1799 1837 καὶ
1811 1811 1859 1841 πᾶς

1077 1858 1092 1884 ὸ
1105 1857 1160 1883 τῶν
1183 1856 1267 1883 ὅντων
1284 1856 1383 1888 σκοπὸς
1402 1856 1488 1891 ἀρχὴν
1503 1856 1559 1892 ἔχει
1579 1856 1626 1883 καὶ
1644 1856 1722 1889 τέλος
1736 1857 1860 1891 τάγαθὸν,

1079 1903 1165 1939 (οὐδὲν
1176 1903 1198 1919 ⁷¹
1210 1902 1275 1938 γάρ,
1300 1903 1339 1934 εἰς
1353 1902 1403 1937 τὴν
1420 1902 1467 1929 τοῦ
1490 1902 1575 1929 κακοῦ
1596 1902 1678 1937 φύσιν
1699 1903 1858 1933 ἀποϐλέπον,

1079 1949 1150 1975 ποιεῖ
1163 1947 1181 1975 ἃ
1195 1947 1291 1983 ποιεῖ’)
1304 1947 1362 1979 πῶς
1383 1947 1459 1974 ἔσται
1473 1948 1504 1974 τὸ
1524 1948 1607 1976 κακὸν
1626 1950 1656 1976 ὲν
1678 1950 1737 1981 τοῖς
1750 1947 1833 1980 οὖσιν,
1844 1949 1862 1984 ἦ

1078 1992 1145 2025 ὅλως
1157 1992 1187 2019 ὃν
1200 1993 1250 2028 τῆς
1263 1992 1389 2028 τοιαύτης
1412 1993 1516 2027 ἀγαθῆς
1538 1992 1654 2028 ὀρέξεως
1663 1994 1687 2009 "
1702 1993 1860 2029 παρῃρημέ-

1079 2047 1124 2065 νον
1137 2046 1144 2071 ς
1163 2038 1218 2064 Καὶ
1230 2039 1254 2064 ει
1269 2038 1303 2064 τὰ
1317 2038 1380 2064 ὄντα
1403 2037 1490 2064 πάντα
1509 2039 1541 2064 ὲκ
1553 2037 1685 2072 τάγαθοῦ,
1709 2038 1757 2064 καὶ
1779 2039 1860 2071 τάγα-

1079 2084 1124 2111 θὸν
1134 2084 1157 2100 ⁷³
1169 2083 1295 2110 ἐπέκεινα
1313 2083 1368 2109 τῶν
1390 2083 1483 2114 ὄντων,
1507 2082 1565 2110 ἐστι
1589 2083 1638 2118 μὲν
1653 2084 1683 2110 ὲν
1695 2083 1807 2119 τάγαθῷ
1820 2083 1863 2110 καὶ

1078 2130 1109 2156 τὸ
1124 2129 1161 2164 μὴ
1173 2128 1213 2160 ὃν,
1227 2128 1256 2155 ὃν
1267 2137 1274 2143 ·
1290 2128 1320 2155 τὸ
1331 2128 1359 2154 δὲ
1379 2128 1463 2155 κακὸν
1479 2127 1540 2154 οὔτε
1551 2127 1581 2154 ὅν
1591 2129 1675 2154 ἐστιν·
1695 2130 1719 2155 εἰ
1732 2129 1761 2155 δὲ
1773 2128 1819 2164 μὴ,
1833 2128 1860 2154 οὐ

1080 2175 1167 2210 πάντη
1179 2174 1262 2201 mbe
1281 2173 1342 2200 οὔτε
1368 2174 1405 2210 μὴ
1423 2173 1467 2200 ὅν·
1484 2174 1558 2203 οὐδὲν
1581 2174 1636 2210 γὰρ
1656 2174 1732 2201 ἔσται
1746 2175 1777 2202 τὸ
1791 2174 1863 2202 καθό-

1080 2220 1126 2246 λου
1144 2220 1180 2255 μὴ
1193 2219 1232 2251 ὃν,
1247 2220 1270 2246 ει
1291 2219 1327 2254 μὴ
1348 2219 1376 2245 ὲν
1394 2218 1503 2254 τάγαθῷ
1516 2219 1586 2246 κατὰ
1601 2219 1632 2245 τὸ
1647 2219 1810 2255 ὑπερούσιον
1827 2218 1863 2245 λέ-

1080 2271 1163 2297 γοιτο.
1179 2263 1202 2279 ⁷⁸
1212 2263 1249 2289 Τὸ
1264 2263 1313 2298 μὲν
1323 2260 1369 2289 οὖν
1381 2262 1480 2296 ἀγαθὸν
1494 2262 1570 2289 ἔσται
1583 2264 1630 2289 καὶ
1653 2263 1702 2290 τοῦ
1726 2264 1818 2295 ἀπλῶς
1826 2263 1863 2290 δν-

1079 2316 1125 2339 τος
1136 2308 1182 2334 καὶ
1195 2307 1241 2334 τοῦ
1259 2307 1295 2343 μὴ
1305 2307 1380 2339 ὄντος
1393 2306 1481 2342 πολλῷ
1494 2307 1624 2343 πρότερον
1640 2308 1772 2344 ὑπεριδρυ
1777 2309 1862 2344 μένον.

1082 2353 1119 2379 Τὸ
1138 2353 1166 2379 δὲ
1181 2353 1263 2379 κακὸν
1282 2353 1342 2379 οὕτε
1357 2354 1385 2379 ὲν
1403 2354 1459 2384 τοῖς
1483 2350 1566 2385 οὖσιν,
1582 2352 1645 2380 οὔτε
1659 2355 1690 2381 ὲν
1710 2356 1767 2386 τοῖς
1775 2355 1811 2390 μὴ
1824 2352 1863 2381 οὗ-

1083 2406 1134 2430 σιν,
1151 2398 1218 2425 ἀλλὰ
1235 2399 1282 2425 καὶ
1295 2397 1376 2425 αὑτοῦ
1392 2399 1414 2414 ⁷⁵
1428 2397 1475 2424 τοῦ
1491 2397 1528 2433 μὴ
1547 2397 1624 2430 ὄντος
1651 2399 1752 2434 μᾶλλον
1767 2399 1863 2434 ἀπέχον

1082 2443 1210 2477 τάγαθοῦ,
1226 2443 1363 2479 ἀλλότριον
1376 2443 1399 2459 ⁷⁸
1416 2442 1464 2470 καὶ
1486 2442 1694 2478 ἀνουσιώτερον.
1714 2444 1800 2470 Πόθεν
1819 2442 1862 2471 οὖν

1081 2488 1180 2515 ὲστιτδ
1193 2488 1276 2514 κακόν
1289 2495 1296 2519 ;
1311 2487 1382 2514 εἴποι
1394 2495 1445 2519 τις.
1458 2487 1491 2514 Εἰ
1502 2487 1556 2523 γὰρ
1574 2487 1612 2522 μὴ
1636 2487 1696 2515 ἐστι
1717 2489 1748 2515 τὸ
1772 2489 1860 2519 κακὸν,

1083 2533 1166 2569 ἀρετὴ
1182 2534 1229 2560 καὶ
1249 2533 1332 2560 κακία
1345 2532 1453 2563 ταύτὸν,
1479 2533 1526 2559 καὶ
1541 2533 1558 2568 ὴ
1575 2534 1651 2560 πᾶσα
1667 2535 1701 2569 τῇ
1715 2534 1773 2571 ὅλῃ,
1788 2534 1861 2568 καὶὴ

1082 2580 1111 2605 ὲν
1122 2579 1198 2614 μέρει
1209 2579 1241 2614 τῇ
1253 2578 1417 2613 ἀναλόγῳττ·
1436 2577 1453 2613 ἢ
1468 2578 1528 2605 οὑδὶ
1541 2578 1570 2604 τὸ
1585 2579 1620 2614 τῇ
1644 2579 1730 2615 ἀρετῇ
1751 2579 1863 2615 μαχόμε-

879 2668 996 2698 VARM']
1013 2666 1214 2696 LECTIONES.

289 2750 312 2786 ξ’
327 2751 356 2786 ἐν
368 2749 467 2786 ἑαύτῷ,
483 2749 512 2777 S.
531 2749 562 2786 l).
598 2750 622 2786 ff
636 2750 818 2786 yivsratlnon
831 2755 872 2777 est
888 2749 958 2786 inus.
974 2748 1003 2786 [ξ.
1029 2783 1035 2786 _
1051 2749 1072 2786 ξ’
1083 2748 1161 2786 adeo:
1171 2748 1213 2786 δε,-
1303 2746 1344 2786 sic
1355 2744 1519 2786 5:12pm...
1531 2752 1630 2786 σωμεν.
1643 2746 1712 2786 ξ”ὲκ
1733 2747 1779 2774 τοῦ
1793 2747 1858 2780 ἀγα-

254 2783 312 2818 θοῦ,
330 2785 360 2812 D.
409 2781 515 2817 ’δ’ἐστι,
531 2784 559 2812 S.
597 2781 698 2812 "obde.
746 2785 769 2800 "'
778 2784 869 2817 ἕξεως.
917 2784 941 2800 ⁷⁸
953 2783 998 2810 καὶ
1012 2783 1042 2810 τὸ
1053 2783 1153 2817 ἀγαθόν
1165 2802 1174 2816 ,
1192 2783 1226 2810 Μ.
1274 2782 1297 2818 ζ’
1313 2782 1356 2818 Ιιῇι
1382 2781 1408 2807 in
1420 2781 1455 2818 bl.
1472 2781 1621 2818 quaternio
1641 2783 1737 2809 deerat
1751 2802 1758 2815 ,
1781 2788 1856 2818 quem

254 2814 433 2862 pagiiimnbiuc
447 2814 647 2855 quat'uordecim
659 2814 884 2854 complectuntur.
922 2819 946 2835 "
959 2818 1063 2851 τούτου,
1077 2814 1108 2846 S.
1146 2814 1171 2835 τί
1184 2819 1212 2846 ιιι
1227 2816 1304 2862 δηι).
1332 2815 1380 2843 Sc.
1411 2814 1486 2842 deest
1500 2816 1550 2843 hoc
1565 2814 1689 2843 verbum.
1727 2818 1749 2834 τ’
1762 2814 1857 2853 τῆλινὰ

255 2853 342 2885 λόγον,
356 2854 384 2882 S.
399 2853 430 2882 P.
