1938 3065
95 197 151 226 717

621 197 665 225 οε
682 189 808 226 mva
824 197 1022 231 NOMINIBUS,
1049 197 1125 226 cur.
1143 194 1187 227 t'v.

1657 205 1707 232 718

91 265 140 284 νον
152 257 227 283 ἔσται
245 257 336 283 κακόν.
352 257 448 284 Καίτοι
466 242 574 283 ἐναντία
589 256 746 292 σωφροσύνη
757 257 803 283 καὶ
816 257 866 284 axe

927 258 981 286 lum
998 266 1052 286 non
1065 262 1119 291 est,
1130 259 1216 286 virtus
1234 263 1263 286 et
1281 259 1376 287 vitium
1405 260 1477 288 idem
1505 266 1570 289 sunt
1582 262 1706 298 (propor-

90 304 183 336 λασία.
196 305 242 331 καὶ
256 303 407 338 δικαιοσύνη
420 303 466 329 καὶ
483 302 582 330 ἀδικία,
598 302 651 329 Καὶ
665 302 695 328 οὺ
710 301 793 337 δήπου
804 302 874 328 κατὰ

90 351 139 378 τὸν
151 350 253 377 δίκαιον
275 350 321 376 καὶ
336 349 381 375 τὸν
399 348 490 375 ἄδικόν
514 356 595 383 φημι,
609 347 656 374 καὶ
673 347 720 374 τὸν
747 347 875 383 σώφρονα

89 395 140 422 καὶ
153 394 198 421 τὸν
211 394 368 421 ἀκόλαστον·
383 393 448 420 ἀλλά
460 393 505 420 καὶ
519 392 571 428 πρὸ
583 393 630 427 τῆς
645 391 696 424 ἔξω
710 392 874 428 φαινομένης

88 440 140 467 τοῦ
153 439 280 476 ἐναρέτου
305 439 372 474 πρὸς
394 439 440 466 τὸν
462 437 647 472 ἀντικείμενον
669 437 833 470 διαστάσεως
845 438 874 464 ὲν

92 487 161 522 αὐτῇ
188 485 276 520 πολλῷ
300 485 429 521 πρότερον
446 486 479 520 τῇ
501 484 572 519 ψυχῇ
593 483 704 510 καθόλου
716 483 875 519 διεστήκασι

93 531 146 559 τῶν
159 531 262 566 ἀρετῶν
276 531 304 558 αἱ
316 530 420 561 κακίαι.
440 531 487 557 καὶ
508 530 575 566 πρὸς
593 529 639 556 τὸν
659 529 735 564 λόγον
747 529 781 556 τά
799 529 872 564 πάθη

91 577 241 610 στασιάζει,
255 577 301 604 καὶ
311 578 344 603 ὲκ
356 576 457 603 τούτων
471 576 493 592 ⁷⁸
506 577 611 613 ἀνάγκη
625 576 714 603 δοῦναί
722 585 749 603 τι
759 576 797 612 τῷ
809 578 874 611 ἀγα-

89 623 132 658 θῷ
145 623 229 650 κακὸν
239 623 368 650 ἐναντίον.
384 623 420 649 Οὐ
434 622 489 658 γὰρ
501 622 588 657 ἑαυτῷ
604 622 720 656 τάγαθὸν
741 622 872 654 ἐναντίον,

90 669 149 699 ἀλλ’
164 669 203 700 ὡς
219 668 273 695 ἀπὸ
287 669 350 703 μιᾶς
370 668 466 703 ἀρχῆς.
481 667 528 695 καὶ
544 667 602 699 ἑνὸς
618 667 727 701 ἔκγονον
741 668 763 683 ⁷³
775 668 871 700 αἰτίου,

88 713 227 748 κοινωνίᾳ,
239 713 287 739 καὶ
299 712 414 748 ἑνότητι,
429 712 476 739 καὶ
492 711 567 747 φιλίᾳ
579 712 677 747 χαίρει.
697 711 752 738 Καὶ
770 711 830 738 οὐδὲ
842 711 873 738 τὸ

87 759 198 786 ἔλαττον
215 757 326 791 ἀγαθὸν,
343 758 381 793 τῷ
406 757 508 793 μείζονι
531 757 665 784 ἐναντίον⁵
685 756 746 783 οὔτε
769 757 823 793 γὰρ
841 757 872 784 τδ

87 802 170 840 ἧττον
186 804 286 841 θερμὸν
302 803 432 840 ἢψυχρδν
456 802 494 838 τῷ
519 802 620 829 πλείονι
636 803 764 829 ἐναντίον.
778 802 872 829 Ἔστιν

86 848 135 877 οὖν
151 851 179 877 ὲν
188 852 243 882 τοῖς
257 848 326 881 οὖσι,
344 849 391 876 καὶ
411 848 440 874 όν
466 849 533 879 ἐστι,
557 847 604 875 καὶ
626 848 802 874 ἀντιτέθειται
826 847 872 874 καὶ

87 894 251 930 ἠναντίωται
262 892 373 928 τάγαθῷ
385 891 416 918 τὸ
427 891 519 918 κακόν.
541 891 595 918 Καὶ
609 890 737 926 εί’φθορά
750 891 806 917 ἐστι
817 890 871 916 τῶν

926 304 998 332 tione
1008 304 1113 331 scilicet
1134 304 1216 331 totius
1228 304 1262 331 ad
1277 308 1375 337 totum,
1388 309 1416 332 et
1426 306 1511 340 partis
1522 307 1556 334 ad
1571 311 1704 343 partem).

925 353 972 376 aut
984 349 1080 376 saltem
1097 349 1123 376 id
1144 350 1218 384 quod
1247 350 1339 377 virtuti
1365 356 1497 385 repugnat
1514 359 1567 379 non
1581 353 1634 380 erit
1649 362 1706 381 ma-

925 394 990 421 lum.
1005 394 1086 429 Atqui
1113 394 1248 422 contraria
1275 399 1337 422 sunt
1368 398 1545 430 temperantia
1561 403 1590 426 et
1605 399 1704 427 intem-

923 440 1059 472 perantia,
1084 439 1190 474 justitia
1214 445 1243 467 et
1271 439 1413 473 iniustitia.
1442 440 1534 476 Neque
1562 451 1627 471 vero
1642 445 1704 472 dico

924 484 984 513 illas
998 492 1058 512 esse
1077 485 1238 517 contrarias,
1260 485 1286 513 in
1303 492 1432 520 quantum
1447 488 1581 522 prodeunt
1596 497 1610 516 a
1629 491 1705 524 Iusto

923 535 951 558 et
965 531 1074 564 injuste.
1087 536 1115 558 et
1134 538 1150 558 a
1174 536 1343 567 temperante
1366 537 1448 567 alque
1480 534 1701 570 intemperante;

923 583 1017 603 verum
1032 575 1113 602 etiam
1139 577 1214 610 prius
1238 584 1319 611 quam
1340 578 1391 604 viri
1416 578 1492 613 probi
1517 579 1552 606 ab
1579 580 1702 615 improbo

922 620 1102 655 discrepantia
1119 621 1186 650 foris
1209 628 1347 657 appareat,
1369 624 1426 658 jam
1442 625 1467 652 in
1494 625 1553 659 ipso
1578 627 1670 654 animo
1685 635 1701 654 ι

922 666 1068 694 virtutibus
1089 668 1154 695 vitia
1181 668 1348 703 discrepant.
1360 675 1388 697 et
1413 677 1427 697 a
1450 671 1555 699 ratione
1570 673 1704 701 dissident

922 711 1140 745 perturbationes
1158 721 1165 745 ;
1182 719 1346 748 quapropter
1371 716 1527 743 necessario
1546 718 1702 744 conceden—

922 756 986 783 dum
1004 761 1057 789 est,
1083 757 1183 784 malum
1210 758 1318 792 aliquod
1343 766 1403 786 esse
1431 760 1502 788 bono
1521 762 1700 788 contrarium.

921 802 1013 837 Neque
1023 803 1095 829 enim
1110 803 1161 830 sibi
1186 803 1283 830 bonum
1308 805 1475 832 contrarium
1490 810 1542 838 est,
1559 807 1607 834 sed
1625 812 1655 834 ut
1667 807 1702 834 ab

922 856 975 876 uno
999 848 1132 884 principio
1157 857 1264 883 unaque
1287 857 1368 877 causa
1396 851 1546 885 profectum
1577 860 1700 880 commu-

922 895 1012 926 nione,
1037 894 1238 929 conjunctione,
1265 895 1439 930 amicitiaque
1470 899 1578 932 gaudet.
1608 897 1700 933 Neque

85 941 184 973 όντων,
210 941 261 967 οὐκ
287 939 411 967 ἐκϐάλλει
444 938 522 965 τοῦτο
556 937 605 964 τοῦ
628 935 697 964 εἶναι
722 937 753 963 τδ
776 936 866 967 κακὸν,

920 939 1002 966 etiam
1013 940 1102 967 minus
1117 940 1218 967 bonum
1231 939 1323 974 majori
1337 942 1496 968 adversatur
1510 951 1517 975 ;
1533 943 1595 977 quia
1611 951 1701 978 neque

86 987 147 1014 ἀλλ’
171 987 246 1013 ἔσται
272 986 319 1013 καὶ
332 985 397 1012 non
407 984 448 1017 ὃν,
462 984 508 1011 καὶ¹
524 983 608 1010 όντων
623 982 820 1018 γενεσιουργόν.
835 982 871 1008 Ἦ

86 1036 149 1072 οὐχὶ
166 1036 291 1067 πολλάκις
303 1036 319 1071 ή
331 1034 407 1062 τοῦδε
426 1033 512 1069 φθορά
526 1032 602 1060 τοῦδε
614 1032 735 1066 γίγνεται
746 1031 868 1066 γένεσιςς

86 1081 144 1109 Καὶ
155 1081 228 1107 ἕσται
237 1080 267 1107 τὸ
284 1079 367 1106 κακὸν
379 1080 418 1111 εις
434 1078 483 1114 τὴν
499 1077 545 1104 τοῦ
566 1076 662 1108 παντὸς
676 1076 869 1111 συμπλήρωσιν

84 1126 241 1158 συντελοῦν,
260 1126 306 1153 καὶ
326 1124 364 1161 τῷ
383 1125 436 1160 ὅλῳ
447 1124 478 1151 τὸ
497 1123 534 1160 μὴ
557 1123 649 1154 ἀτελὲς
662 1119 731 1148 εἶναι
745 1121 777 1147 δι’
787 1121 868 1148 ἑαυτὸ

85 1171 284 1208 παρεχόμενον.

922 984 949 1011 id
966 985 1037 1019 quod
1053 985 1142 1012 minus
1153 985 1272 1012 calidum
1287 990 1333 1013 aut
1348 986 1477 1022 frigidum
1488 993 1540 1021 est,
1554 990 1638 1024 magis
1652 997 1700 1017 ca-

921 1028 975 1056 lido
986 1029 1116 1063 frigidove
1131 1031 1325 1058 contrariatur.
1352 1031 1400 1058 Est
1414 1032 1495 1067 igitur
1506 1033 1533 1061 in
1546 1041 1637 1061 rerum
1651 1042 1699 1061 ua~

919 1078 990 1106 tura,
1014 1078 1109 1109 estque
1137 1075 1250 1110 aliquid.
1265 1081 1292 1104 et
1306 1078 1451 1111 opponitur
1472 1083 1554 1113 atque
1567 1079 1698 1107 adversa-

918 1122 963 1146 tur
980 1118 1050 1146 bono
1069 1120 1180 1148 malum.
1195 1120 1228 1147 Et
1239 1125 1297 1148 esto
1321 1123 1460 1156 corruptio
1474 1124 1510 1150 sit
1523 1131 1626 1156 rerum,
1642 1131 1698 1151 non

917 1169 1005 1192 tamen
1021 1165 1073 1192 hoc
1084 1165 1191 1200 penitus
1214 1167 1379 1194 exterminat
1402 1167 1500 1194 malum
1512 1175 1528 1195 e
1542 1175 1632 1196 rerum
1645 1177 1695 1195 tta-

86 1205 223 1248 ωὲηζέέιι
233 1216 286 1243 erit
304 1215 368 1243 illud
380 1214 464 1242 etiam
477 1212 588 1247 aliauid,
603 1216 631 1240 et
648 1211 682 1238 ad
697 1217 786 1238 rerum
812 1209 933 1237 conferet
962 1210 1175 1243 generationem.
1205 1205 1304 1235 Annon
1344 1211 1500 1247 frequenter
1527 1213 1607 1240 unius
1640 1220 1698 1240 cor-

85 1263 179 1298 ruptio
202 1262 314 1289 alterius
341 1266 383 1288 est
404 1258 567 1295 generatio!
585 1257 665 1292 Atqui
692 1256 867 1284 malum'hoc
883 1254 963 1282 modo
976 1254 1137 1283 aduniversi
1152 1255 1345 1290 plenitudinem
1367 1258 1508 1291 condocet,
1537 1265 1570 1286 ae
1596 1266 1645 1293 per
1667 1266 1698 1286 se

85 1308 184 1342 faciet,
200 1312 229 1335 ut
243 1314 332 1335 rerum
346 1306 508 1348 univetgitas
521 1311 573 1332 non
589 1304 625 1332 sit
644 1301 813 1337 imperfecta.

834 1379 848 1416 ς
863 1378 936 1409 xx.

127 1469 201 1505 Ἐρεϊ
215 1468 243 1496 δὲ
257 1468 325 1504 πρὸς
338 1467 422 1494 ταῦτα
439 1467 453 1493 ὃ
466 1465 566 1502 ἀληθὴς
579 1464 667 1498 λόγος,
688 1463 729 1490 ὅτι
743 1461 774 1488 τδ
785 1459 869 1487 κακὸν

83 1513 103 1553 ᾖ
117 1516 202 1543 κακὸν
213 1514 236 1531 ⁸ο
247 1514 374 1550 οὐδεμίαν
396 1512 489 1539 οὐσίαν
500 1511 517 1546 ἢ
527 1511 631 1545 γένεσιν
648 1508 734 1540 ποιεῖ,
747 1507 826 1543 μόνον

84 1551 200 1590 κακύνει
213 1562 259 1588 καὶ
282 1560 385 1595 φθείρει
403 1559 433 1585 τὸ
447 1557 568 1593 ὲπάὺτῷ
577 1557 626 1592 τὴν
639 1555 693 1581 τῶν
707 1554 791 1580 όντων
806 1551 869 1579 ὑπό-

82 1616 191 1634 στασιν.
203 1607 235 1633 Et
243 1606 272 1633 δὲ
283 1604 470 1641 γενεσιουργόν
484 1612 525 1635 τις
535 1603 600 1629 αὐτὸ
608 1600 676 1629 εἶναι
689 1600 762 1634 λέγει
772 1600 805 1630 ¹¹,
821 1597 868 1625 καὶ

953 1459 993 1486 Ad
1011 1458 1068 1486 bac
1082 1463 1172 1486 autem
1200 1466 1263 1486 vera
1289 1459 1359 1487 ratio
1384 1460 1568 1494 respondebit,
1594 1463 1696 1492 malum

918 1512 971 1540 qua
990 1504 1090 1531 malum
1114 1504 1179 1532 nihil
1194 1504 1317 1533 conferre
1329 1505 1363 1532 ad
1378 1507 1525 1534 essentiam
1542 1513 1589 1535 aut
1604 1516 1695 1536 rerum

924 1551 1139 1585 generationem,
1165 1550 1224 1584 sed,
1249 1555 1380 1585 quantum
1395 1551 1422 1578 in
1444 1552 1502 1586 ipso
1527 1558 1580 1585 est,
1603 1561 1694 1581 rerum

917 1596 1096 1623 substantiam
1111 1600 1215 1623 tantum
1243 1596 1391 1630 depravare
1417 1601 1497 1631 atque
1520 1599 1639 1626 abolere.
1665 1601 1695 1627 Si

81 1654 119 1688 τῇ
136 1651 230 1678 τούτου
251 1651 338 1686 φθορᾷ.
347 1650 386 1692 τῷ
400 1649 485 1684 ἑτέρῳ
508 1648 604 1675 διδόναι
628 1646 742 1692 γένεσιν,

918 1642 977 1676 quis
999 1645 1088 1668 autem
1117 1641 1225 1674 dixerit,
1251 1642 1302 1668 hoc
1322 1642 1382 1676 ipso
1409 1649 1499 1669 rerum
1520 1644 1693 1677 generationl

82 1685 147 1722 τῖον
161 1693 277 1730 ἀληθῶς,
292 1685 340 1728 οὐχ
392 1692 478 1728 φθορὰ
491 1693 513 1708 ⁸⁸
529 1692 618 1718 δίδωσι
637 1690 753 1724 γένεσιν,
777 1687 832 1715 ἀλλ’

84 1737 138 1773 μὲν
151 1737 237 1772 φθορὰ
255 1736 302 1763 καὶ
326 1736 409 1763 κακὸν
437 1736 540 1772 φθείρει
555 1735 601 1762 καὶ
615 1735 638 1750 ’³
648 1733 760 1761 κακὺνει
775 1733 863 1768 μόνον,

81 1783 192 1817 γένεσις
209 1782 237 1809 δὲ
260 1783 308 1809 καὶ
329 1781 406 1808 οὐσία
426 1782 469 1808 διὰ
488 1781 519 1808 τδ
544 1780 645 1816 ἀγαθδν
671 1779 803 1814 γίγνεται,
817 1778 864 1806 καὶ

82 1827 201 1854 ἐσταιτδ
213 1827 295 1854 κακδν
312 1827 398 1862 φθορά
414 1827 462 1862 μὲν
474 1826 507 1853 δι’
532 1826 620 1858 ἑαυτὸ,
641 1824 865 1860 γενεσιουργδνδὲ

83 1874 131 1901 διὰ
146 1873 178 1899 τὸ
192 1872 292 1907 ἀγαθόν
304 1880 311 1887 ³
326 1873 374 1899 καὶ
415 1873 463 1908 μὲν
474 1871 557 1898 κακὸν
577 1870 638 1897 οὔτε
654 1870 684 1898 ὃν
695 1870 756 1896 οὔτε
781 1869 864 1895 ὅντων

82 1917 241 1954 ποιητικόν·
257 1916 335 1944 διὰδὲ
351 1917 382 1944 τὸ
393 1916 493 1951 ἀγαθὸν
508 1917 552 1944 καὶ
571 1915 612 1948 ὃν,
633 1916 680 1942 καὶ
704 1914 805 1949 ἀγαθὸν
822 1914 862 1946 ὂν,

82 1963 133 1990 καὶ
143 1963 253 1997 ἀγαθῶν
263 1962 411 1998 ποιητικόν.
425 1961 566 1988 Μᾶλλονδὲ
579 1961 637 1988 οὐδὲ
650 1961 703 1997 γὰρ
719 1960 794 1987 ἕσται
803 1959 864 1985 “ab

80 2008 152 2035 αὐτὸ
160 2007 264 2035 κατὰτὸ
270 2007 335 2034 αὐτὸ
344 2008 391 2034 καὶ
398 2006 498 2042 ἀγαθὸν
504 2007 550 2033 καὶ
559 2006 652 2036 κακὸν,
658 2005 717 2032 οὐδὲ
726 2004 772 2031 τοῦ
781 2003 862 2030 αὑτοῦ

81 2053 174 2089 φθορά
186 2053 232 2080 καὶ
244 2053 350 2087 γένεσις
363 2053 380 2088 ἡ
393 2052 460 2087 αὑτὴ
471 2051 540 2078 κατά
548 2051 578 2078 τὸ
590 2051 655 2078 αὐτὸ
666 2050 788 2085 δύναμις,
801 2049 863 2076 οὔτε

80 2097 275 2132 αὐτοδύναμις,
286 2096 302 2132 ἢ
312 2097 473 2132 αὐτοφθορά·
482 2096 513 2122 τδ
522 2096 570 2131 μὲν
581 2094 732 2122 αὑτοκακὺν
741 2093 803 2120 οὕτε
821 2094 861 2126 ὃν,

78 2143 147 2170 οὔτε
159 2143 269 2177 ἀγαθὸν,
285 2142 347 2169 οὔτε
359 2142 553 2177 γενεσιουργὺν,
567 2140 627 2167 οὔτε
640 2141 723 2167 όντων
736 2140 783 2169 καὶ
793 2140 862 2174 ἀγα-

79 2188 140 2215 θῶν
153 2188 290 2223 ποιητικόν
301 2197 308 2203 -
321 2188 353 2215 τὸ
374 2188 401 2214 δὲ
423 2188 534 2221 ἀγαθὸν,
548 2188 577 2214 ὲν
593 2184 633 2219 οἷς
647 2187 694 2222 μὲν
708 2186 742 2213 ἂν
765 2186 863 2218 τελέως

79 2234 240 2269 ἐγγένηται,
264 2233 353 2260 τέλεια
377 2235 456 2264 ποιεῖ,
482 2233 528 2260 καὶ
551 2233 647 2268 ἀμιγῆ,
661 2232 708 2259 καὶ
729 2232 862 2267 ὁλόκληρα

78 2278 176 2312 ἀγαθά
186 2287 194 2293 ·
206 2278 241 2305 τὰ
253 2279 280 2305 δὲ
291 2277 372 2314 ἦττον
384 2279 467 2306 αὑτοῦ
482 2278 626 2314 μετέχοντα
638 2279 685 2305 καὶ
697 2278 776 2313 ἀτελῆ
789 2279 862 2304 ἐστιν

915 1687 1081 1718 subservire,
1096 1687 1158 1714 dum
1173 1687 1285 1714 alterius
1306 1687 1480 1721 corruptione
1491 1693 1601 1722 praestat
1614 1689 1693 1716 alteri

913 1733 1065 1767 genituram
1082 1739 1090 1764 ;
1110 1731 1325 1766 respondendum
1350 1732 1452 1766 utique,
1483 1741 1536 1760 non
1561 1739 1694 1768 quatenus

913 1776 1062 1811 corrumpit
1079 1776 1210 1811 perlicere
1232 1777 1446 1812 generationem,
1471 1778 1534 1812 quia
1554 1783 1691 1813 quate-um

913 1823 1063 1857 corrumpit
1085 1821 1184 1849 malum
1200 1827 1251 1854 est,
1269 1830 1330 1849 nam
1354 1827 1384 1849 ut
1407 1823 1448 1850 sic
1462 1828 1565 1851 tantum
1577 1825 1693 1852 destruit

913 1875 945 1895 ac
962 1868 1102 1903 depravat,
1126 1874 1188 1895 cum
1202 1868 1344 1902 generatio
1357 1872 1385 1895 et
1396 1868 1514 1895 essentia
1531 1876 1580 1903 per
1591 1869 1693 1897 bonum

913 1913 1000 1941 lant:
1016 1918 1098 1947 atque
1122 1913 1189 1941 adeo
1216 1914 1317 1941 malum
1342 1921 1374 1941 ex
1397 1921 1428 1941 se
1440 1914 1549 1948 quidem
1562 1915 1614 1942 erit
1628 1923 1692 1942 cor-

913 1959 1014 1994 ruptio,
1028 1959 1164 1987 subservit
1177 1964 1266 1986 autem
1282 1959 1451 1994 generatioui
1466 1967 1514 1994 per
1526 1959 1552 1987 l-J
1566 1961 1640 1994 quod
1649 1960 1693 1988 bo-

913 2013 976 2032 num
989 2010 1041 2037 θῦῑ,
1057 2005 1178 2040 adeoque
1189 2012 1241 2040 qua
1265 2004 1365 2032 malutn
1381 2012 1527 2046 neque'res
1537 2010 1591 2038 est,
1604 2014 1692 2041 neque

912 2058 955 2078 res
970 2051 1106 2085 producit.
1130 2051 1176 2078 sed
1201 2057 1250 2085 per
1264 2050 1364 2078 bonum
1384 2055 1411 2078 et
1423 2058 1467 2078 res
1480 2056 1524 2078 est
1537 2056 1564 2079 et
1578 2052 1690 2086 bonum,

911 2096 1088 2133 producitque
1130 2097 1210 2124 bona.
1248 2096 1374 2130 Quinimo
1410 2105 1463 2124 non
1501 2097 1553 2125 erit
1581 2098 1690 2132 quidem

912 2144 981 2171 idem
996 2143 1091 2170 eadem
1105 2141 1185 2177 365
1202 2148 1235 2169 ex
1257 2148 1333 2177 parte
1356 2147 1383 2169 et
1406 2143 1505 2170 bonum
1526 2147 1554 2170 et
1577 2143 1690 2175 malum.

912 2196 1001 2223 neque
1039 2190 1132 2216 eadem
1155 2189 1273 2222 potentia
1301 2188 1352 2216 sub
1377 2189 1470 2216 eadem
1496 2189 1601 2216 ratione
1629 2197 1692 2217 cor-

911 2235 1000 2268 ruptio
1035 2238 1063 2261 et
1093 2234 1253 2267 generatio,
1283 2240 1369 2267 neque
1397 2235 1453 2268 ipsa
1478 2234 1537 2267 vis,
1563 2239 1607 2262 aut
1631 2235 1690 2269 ipsa

911 2279 1066 2314 corruptio;
1084 2279 1170 2313 ipsum
1187 2280 1258 2306 enim
1289 2280 1389 2306 Inalum
1417 2287 1505 2314 neque
1519 2284 1571 2312 est,
1601 2288 1690 2315 neque

78 2323 186 2358 ἀγαθὰ,
201 2324 247 2350 καὶ
261 2324 415 2359 μεμιγμένα
437 2324 482 2350 διὰ
493 2324 541 2359 τὴν
554 2323 670 2358 ἔλλειψιν
690 2323 737 2349 τοῦ
749 2323 860 2358 ἀγαθοῦ.

918 2326 1013 2352 bonum
1029 2328 1080 2355 est,
1100 2331 1187 2358 neque
1199 2323 1347 2358 generandi
1361 2324 1413 2350 vim
1427 2323 1518 2357 habet,
1531 2331 1619 2358 neque
1633 2331 1689 2354 res.

80 2368 141 2396 Καὶ
153 2368 202 2394 οὐκ
215 2368 271 2395 ἔστι
282 2369 395 2395 καθόλου
408 2369 438 2395 τὸ
448 2369 530 2395 κακὸν
542 2368 602 2395 οὔτε
615 2369 714 2403 ἀγαθὸν
725 2369 786 2395 οὔτε
798 2370 865 2403 ἀγα-

80 2413 212 2439 θοποιόνο
234 2413 301 2440 ἀλλὰ
315 2413 346 2440 τὸ
373 2414 470 2449 μᾶλλον
496 2414 513 2449 ἢ
526 2411 604 2449 ἦττον
625 2413 665 2449 τῷ
678 2413 771 2448 ἀγαθῷ
795 2414 863 2449 πλη-

80 2457 179 2490 σιάζον
201 2458 337 2492 ἀναλόγως
361 2459 436 2484 ἔσται
459 2458 558 2492 ἀγαθόν
580 2458 619 2474 ⁸⁸·
644 2458 757 2494 ἐπείπερ
783 2459 798 2493 ἡ
819 2458 864 2484 διὰ

81 2503 194 2529 πάντων
206 2503 325 2538 φοιτῶσα
338 2503 469 2538 παντελὴς
481 2503 614 2538 ἀγαθότης
627 2504 656 2530 οὐ
670 2504 748 2539 μέχρι
761 2503 863 2538 μόνον⁸⁶

79 2549 170 2584 χωρεῖ
192 2548 246 2575 τῶν
258 2550 321 2585 περὶ
344 2549 427 2585 αὐτὴν
447 2549 609 2583 παναγάθων
631 2549 738 2580 οὐσιῶν,
750 2548 866 2575 ἐκτείνε-

77 2604 130 2622 ται
141 2596 169 2622 δὲ
190 2596 253 2632 ἄχρι
266 2597 320 2623 τῶν
332 2597 463 2631 ἐσχάτων,
480 2598 540 2628 ταῖς
563 2597 611 2631 μὲν
623 2596 719 2628 ὑλικῶς
730 2596 863 2631 παροῦσα,

77 2642 145 2672 ταῖς
157 2641 186 2667 δι
198 2641 360 2677 ὑφειμένως,
373 2640 466 2673 ἄλλαις
490 2641 518 2668 δὲ
539 2642 668 2677 ἐσχάτως,
692 2641 730 2672 ὡς
752 2641 866 2667 ἕκαστον

915 2377 1002 2405 neque
1013 2371 1083 2397 bona
1098 2369 1178 2402 facit;
1193 2370 1292 2397 bonum
1308 2374 1398 2397 autem
1410 2370 1618 2404 quibuscunque
1629 2378 1691 2405 per-

913 2415 1077 2449 fecteinest,
1093 2416 1187 2444 eadem
1213 2420 1240 2443 et
1267 2415 1387 2451 perlecta
1407 2420 1436 2443 et
1458 2416 1593 2450 simplicia
1608 2420 1690 2450 atque

913 2463 1019 2497 integra
1033 2462 1102 2490 bona
1118 2462 1299 2497 reddit;-quaa
1316 2470 1380 2490 vero
1392 2462 1481 2490 minus
1497 2463 1586 2497 ipsum
1601 2463 1689 2497 parti-

914 2508 1015 2542 cipant,
1030 2507 1185 2542 imperfecta
1203 2507 1272 2534 bona
1289 2512 1352 2535 sunt
1370 2512 1398 2534 et
1422 2508 1563 2542 permista,
1579 2513 1690 2542 propter

913 2553 975 2580 boni
991 2552 1181 2587 privationem.
1195 2552 1248 2580 Sed
1278 2556 1377 2580 malmn
1390 2554 1496 2588 penitus
1508 2560 1562 2580 non
1575 2557 1626 2586 est,
1642 2560 1690 2580 ne-

913 2603 967 2631 que
980 2597 1080 2624 bonum
1097 2604 1184 2631 neque
1210 2598 1359 2625 beneﬁcum
1383 2603 1445 2630 est;
1462 2605 1554 2625 verum
1574 2597 1600 2625 id
1616 2598 1687 2632 quod

914 2641 1001 2676 magis
1016 2641 1058 2669 vel
1072 2642 1162 2670 minus
1183 2643 1381 2678 appropinquat
1406 2643 1484 2676 bono,
1504 2651 1553 2675 pro
1564 2650 1613 2670 sua
1626 2650 1688 2677 por-

713 2718 829 2746 VARIIE
846 2718 1045 2746 LECTIONES.

118 2789 141 2805 "
157 2789 210 2816 κάκ
226 2788 336 2820 τούτων,
356 2787 423 2815 5.Ρ,
461 2788 484 2805 ⁷⁹
498 2787 616 2849 έγῖονον,
631 2787 660 2815 S.
675 2786 705 2814 P.
719 2787 750 2813 D.
800 2787 822 2803 '°
839 2787 905 2814 καθὸ
921 2786 1054 2817 κακόν,Ρ.

118 2824 251 2849 .ωθείοει.
270 2824 299 2849 Ρ.
353 2823 376 2839 ⁸³
389 2823 492 2849 ωθείοει
510 2831 526 2849 γ
548 2831 572 2849 ο.
591 2822 620 2849 Ρ.
676 2823 700 2838 ⁸⁵
712 2823 766 2849 ἄρα
791 2821 880 2849 ἔσται.
899 2821 928 2847 Ρ.
962 2821 986 2837 ⁵⁵
995 2821 1054 2847 τὸά-

548 2831 572 2858 ρ,
591 2822 620 2849 Ρ.
653 2857 658 2861 _
676 2823 766 2861 'fﬁpa
778 2821 880 2861 ducat,
945 2856 951 2861 _
962 2821 986 2837 "
995 2821 1025 2861 τό
1033 2820 1144 2861 ἀγαθόν,
1161 2822 1286 2861 frequens
1300 2827 1389 2861 autem
1405 2822 1482 2861 hujus
1495 2820 1610 2861 nominis
1625 2820 1685 2846 cum

81 2824 120 2851 ί).
135 2824 251 2859 φθείρει,
270 2824 299 2851 Ρ.
353 2823 376 2839 ⁸³
389 2823 492 2858 φθείρει
510 2823 572 2858 γάρ,
591 2823 620 2849 Ρ.

1106 2786 1127 2829 ξι
1145 2784 1228 2829 λέγοι,
1243 2786 1272 2813 S.
1286 2786 1317 2813 Ρ.
1402 2786 1424 2829 ξ’
1439 2787 1476 2827 ᾡς
1492 2787 1542 2813 οὐκ
1556 2784 1572 2829 ᾖ
1589 2785 1685 2827 φθορά,

80 2855 351 2892 ατιὶἱειιιόδετὶριιιηε
373 2855 488 2884 varietas
512 2855 537 2884 in
548 2855 762 2891 'exemplaribus.
778 2857 804 2883 in
820 2858 878 2883 aliis
895 2857 924 2882 τὸ
940 2856 1050 2890 ἀγαθὸν,
1061 2855 1107 2881 τοῦ
1123 2855 1234 2889 ἀγαθοῦ,
1249 2861 1315 2888 etc.,
1326 2855 1428 2892 integre
1441 2864 1447 2881 :
1464 2856 1563 2892 in_uliis
1574 2862 1686 2892 cunelae

78 2893 212 2924 τάγαθὸν,
225 2891 352 2927 τάγαθοῦ,
364 2892 482 2928 ἀγαθῷ.
500 2892 587 2921 Semel
599 2892 769 2920 admonuisse
780 2892 903 2925 subiciat,
919 2898 980 2918 cum
991 2898 1085 2918 sensus
1100 2898 1153 2917 non
1170 2891 1296 2918 varietur.

1337 2890 1359 2906 ⁸⁸
1375 2890 1472 2925 μόνων,
1490 2890 1518 2918 S.
1533 2888 1604 2917 P.D.
