1938 3065
219 188 275 216 τη

809 187 838 216 S.
856 186 1007 214 DIONYSII
1024 186 1258 217 AREOPAGI'LE

1801 185 1858 213 7‘10

220 250 296 276 tione
311 249 410 275 bonum
426 248 496 280 erit;
511 255 573 275 nam
593 247 715 283 perfecta
746 247 868 278 bonitas,
881 254 941 281 quis
963 254 1011 281 per

1066 247 1147 282 αὐτῆς
1161 248 1283 283 μετέχειν
1295 247 1405 274 δύναται
1418 246 1472 273 τῶν
1484 245 1577 274 ὅντων.
1589 246 1644 273 Καὶ
1655 245 1690 272 τὰ
1705 246 1752 281 μὲν
1765 245 1858 280 πάντη

221 294 312 322 omnia
342 301 372 321 se
387 293 525 327 dilTundit,
549 302 601 322 non
629 293 716 320 solum
731 293 766 320 ad
789 293 850 320 illas
878 293 1008 327 optimas,

221 347 283 373 qua:
299 339 350 374 ipsi
365 338 462 366 vicinae
481 344 554 370 sunt.
585 339 723 366 essentias
751 338 885 372 dimanat,
913 337 961 365 sed
976 336 1010 364 ad

221 390 361 412 extremas
376 392 463 419 usque
478 385 663 420 protenditur,
688 385 749 412 aliis
775 384 884 418 quidem
910 391 940 412 se
955 388 1010 411 tota

222 439 356 467 praesens,
371 431 433 459 aliis
454 436 545 459 autem
574 431 697 459 inferiori
727 431 819 464 modo,
843 435 925 465 atque
949 429 1010 457 aliis

221 476 327 509 intimo,
345 484 394 511 pro
404 481 485 511 captu
511 476 617 504 scilicet
641 476 821 511 singulorum.
841 475 941 503 Eorum
960 484 1011 503 au-

220 528 277 551 tem
295 530 355 558 qua!
366 523 512 556 exsistunt,
527 522 579 549 alia
594 523 704 557 quidem
718 522 818 549 bonum
836 522 916 556 plane
928 523 1012 557 parti-

221 568 327 602 cipant.
344 567 397 594 alia
410 572 503 595 autem
515 575 548 594 eo
563 567 650 602 magis
664 567 789 595 minusve
805 567 910 601 privata
923 572 988 594 sunt
1002 576 1010 601 ;

222 613 275 640 alia
298 620 365 641 vero
392 612 545 640 tenuiorem
569 612 716 646 quamdam
747 612 811 640 boni
836 613 1011 648 praesentiam

223 658 386 691 sortiuntur,
399 658 461 686 aliis
484 658 603 692 denique
629 656 692 684 boni
713 657 838 684 ultimum
866 658 1011 693 vestigium

221 705 347 741 obtingit.
366 704 423 732 Nisi
437 705 510 732 enim
530 704 631 731 bonum
647 711 696 740 pro
713 704 843 738 cujusque
855 709 936 739 caput
955 705 1012 732 sin-

223 750 294 786 gulis
311 750 430 783 adesset,
446 749 540 784 utique
565 750 757 784 antiquissima
783 750 1012 785 divinissimaque

224 800 328 829 essent,
344 804 403 831 quae
432 796 644 823 novissimorum
668 796 748 823 modo
769 796 892 824 ordinem
908 800 1011 824 tenent.

223 841 348 875 Quonam
375 846 466 869 autem
491 846 571 876 pacto
585 841 644 869 ﬁeri
663 847 780 876 poterat,
795 847 824 870 ut
839 841 1013 870 uniformiter

223 888 315 915 omnia
331 888 432 916 bonum
453 888 663 923 participarcnt.
688 896 749 916 cum
765 889 892 923 qualibet
909 889 942 916 ad
957 897 1014 917 om-

1060 291 1107 318 τοῦ
1119 291 1222 326 ἀγαθοῦ
1238 292 1357 327 μετέχει,
1380 290 1415 318 τὰ
1432 290 1462 317 δὲ
1475 290 1575 326 μᾶλλον
1592 291 1640 317 καὶ
1651 288 1732 326 ἦττον
1743 291 1859 326 ἐστέρη-

1060 345 1117 369 ται,
1130 337 1166 364 τὰ
1177 337 1205 364 δὲ
1218 336 1405 373 ἀμυδροτέραν
1429 336 1485 371 ἐχει
1508 335 1556 362 τοῦ
1581 335 1685 370 ἀγαθοῦ
1698 337 1856 372 μετουσίαν,

1061 383 1109 409 καὶ
1119 382 1209 414 ἀλλοις
1222 381 1293 409 κατὰ
1313 381 1426 417 ἔσχατον
1438 381 1572 417 ἀπήχημα
1599 382 1713 417 πάρεστι
1726 381 1855 416 τάγαθόν.

1061 431 1093 457 Εἰ
1105 429 1160 465 γὰρ
1173 430 1210 465 μὴ
1222 429 1360 463 ἀναλόγως
1380 428 1487 464 ἑκάστῳ
1504 428 1622 463 τάγαθὸν
1646 428 1749 464 παρῆν,
1774 426 1809 464 ἦν
1823 428 1860 455 ἄν

1061 477 1096 505 τὰ
1123 478 1248 505 θειότατα
1281 478 1329 504 καὶ
1366 476 1542 513 πρεσϐύτατα
1569 476 1619 511 τὴν
1647 475 1702 501 τῶν
1734 474 1860 510 ἐσχάτων

1062 524 1158 561 ἔχοντα
1180 524 1266 557 τάξιν.
1292 523 1355 556 Πῶς
1378 524 1407 550 δέ
1431 523 1480 551 καὶ
1502 520 1539 559 ἦν
1559 521 1683 553 δυνατὸν,
1710 520 1858 557 μονοειδῶς

1062 571 1152 599 πάντα
1166 571 1292 606 μετέχειν
1313 569 1361 597 τοῦ
1378 568 1492 604 ἀγαθοῦ,
1508 569 1545 605 μὴ
1559 569 1648 596 πάντα
1672 568 1738 594 ὄντα
1749 566 1858 598 ταὺτῶς

1062 618 1102 650 εἰς
1117 617 1165 654 τὴν
1176 617 1268 653 ὀλικὴν
1278 616 1361 644 αὑτοῦ
1376 616 1483 652 μέθεξιν
1500 615 1641 651 ἐπιτήδεια
1652 614 1726 646 ;Νῦν
1737 614 1766 641 δὲ
1777 613 1860 640 τοῦτό

1062 663 1121 689 ἐστι
1133 663 1184 698 τῆς
1195 662 1243 689 τοῦ
1257 661 1360 696 ἀγαθοῦ
1381 661 1522 697 δυνάμεως
1531 660 1563 687 τδ
1579 660 1601 676 ⁸⁷
1625 658 1794 695 ὑπερϐάλλον
1809 658 1860 694 μέ-

1062 710 1151 744 γεοος,
1163 709 1204 736 ὅτι
1216 709 1262 735 καὶ
1272 708 1306 735 τὰ
1319 707 1489 743 ἐστερημένα
1501 707 1548 734 καὶ
1558 706 1609 742 τὴν
1622 705 1719 733 ἐαυτοῦ
1729 705 1752 721 ⁸³
1760 705 1859 740 στέρη-

1063 764 1105 782 σιν
1117 756 1239 791 δυναμοῐ,
1254 753 1325 782 κατὰ
1335 754 1365 781 τὸ
1378 754 1446 786 ὅλως
1458 752 1541 780 αὑτοῦ
1559 752 1692 788 μετέχειν.
1701 751 1756 778 Καὶ
1767 751 1791 777 εῐ
1804 750 1861 786 χρὴ

1063 801 1322 838 παρρησιασάμενον
1345 801 1433 826 εἰπεῖν
1448 798 1564 836 τάληθῆ,
1590 798 1638 825 καὶ
1657 796 1693 824 τὰ
1716 797 1862 832 μαχόμενα

1063 847 1138 883 αὐτῷ
1148 848 1182 883 τῇ
1196 846 1279 874 αὐτοῦ
1301 846 1414 882 δυνάμει
1426 846 1474 873 καὶ
1486 845 1542 872 ἐστι
1563 844 1611 872 καὶ
1636 844 1770 880 μάχεσθαι
1781 843 1861 870 δύναρ

1064 900 1125 918 ται⁶
1144 892 1292 928 μᾶλλονδὲ,
1307 892 1350 919 ἶνα
1372 891 1511 918 ωλλαὸὼν
1520 891 1600 923 εῐπω,
1613 890 1648 918 τὰ
1666 890 1731 917 ὅντα
1755 890 1862 919 πάντα,

224 934 362 962 nimodam
378 934 443 961 boui
457 934 695 970 participationem
712 935 824 962 minime
835 936 890 963 sint
905 943 1014 966 accom-

1066 938 1125 965 καθ’
1142 939 1204 965 ὅσον
1218 938 1287 970 ἐστι,
1301 938 1348 964 καὶ
1360 937 1450 972 ἀγαθά
1467 937 1536 970 ἐστι,
1548 937 1596 964 καὶ
1608 937 1640 963 ἐκ
1655 935 1786 971 τάγαθοῦ,
1810 944 1861 962 κα-

225 979 356 1008 mndata?
371 979 449 1008 Nunc
466 986 559 1008 autem
576 981 635 1008 haee
661 986 702 1008 est
723 982 853 1016 potentiae
864 982 928 1009 boni
943 989 1014 1017 prae-

224 1030 300 1054 stans
316 1026 486 1061 magnitudo,
499 1030 528 1053 ut
543 1034 574 1053 ea
590 1034 699 1062 quoque
713 1035 774 1062 qua:
799 1032 863 1055 sunt
879 1027 951 1055 illius
966 1035 1014 1054 ex-

224 1071 324 1106 pertia.
337 1072 403 1106 quin
421 1076 448 1098 et
463 1071 550 1106 ipsam
572 1066 614 1098 sui
641 1072 821 1106 priVutionem
841 1072 1013 1105 corroboret,

225 1120 259 1147 ad
271 1120 359 1154 ipsum
385 1120 498 1146 omnino
527 1119 756 1154 participandmn.
771 1118 847 1152 Quod
874 1119 896 1146 si
928 1118 1014 1146 conﬂ-

226 1165 336 1193 dentius
350 1171 445 1191 verum
463 1163 587 1199 proferre
618 1164 709 1196 liccat,
736 1164 780 1190 illa
806 1164 888 1191 etiam
901 1171 961 1198 quae
975 1163 1012 1191 illi

226 1212 365 1239 contraria
381 1215 456 1243 sunt,
481 1210 540 1246 ejus
564 1210 589 1237 vi
606 1215 634 1238 et
649 1216 713 1238 sunt
740 1216 768 1238 et
785 1217 934 1246 repugnare
952 1218 1015 1246 pos-

226 1263 305 1291 sunt;
321 1263 369 1285 aut
383 1258 484 1292 potius,
498 1262 527 1284 ut
540 1258 696 1284 summatim
707 1257 810 1289 dicam,
824 1264 856 1284 ea
872 1264 934 1291 qua:
950 1260 1015 1284 sunt

226 1305 328 1338 omnia,
343 1305 369 1332 in
379 1310 510 1340 quantum
528 1309 603 1337 sunt,
618 1309 645 1331 ct
660 1305 730 1331 bona
755 1309 783 1330 et
794 1311 828 1331 ex
845 1304 917 1332 bono
931 1308 1015 1337 sunt;

227 1351 256 1378 in
268 1355 400 1386 quantum
421 1355 513 1378 autem
531 1351 601 1378 bono
614 1352 718 1385 privata
745 1355 819 1382 sunt,
845 1357 931 1384 neque
944 1350 1014 1377 bons

229 1399 305 1429 sunt,
324 1402 412 1429 neque
428 1396 575 1424 exsistunt.
595 1396 622 1423 In
639 1396 745 1423 caeteris
759 1403 855 1431 nempe
877 1395 1014 1431 qualitati-

227 1442 289 1476 bus,
306 1441 381 1470 velut
394 1442 421 1469 in
433 1442 525 1470 calore
544 1441 586 1469 vel
606 1441 719 1478 frigore,
744 1441 790 1469 illa
813 1449 873 1477 quas
882 1440 1013 1469 calefacta

227 1488 340 1517 luerunt
350 1495 494 1524 superesse
508 1495 615 1523 quoque
639 1493 764 1523 possunt,
779 1493 923 1524 postquam
941 1487 1016 1515 calor

228 1542 261 1563 ea
276 1535 406 1568 deseruit,
422 1533 599 1570 plurimaeque
609 1541 654 1562 res
663 1535 798 1562 exsistunt
809 1541 870 1562 cum
884 1535 948 1562 vita:
958 1541 1014 1562 tum

228 1581 329 1610 mentis
341 1585 468 1616 expertes
479 1601 486 1613 ,
499 1581 564 1616 quin
578 1585 607 1608 et
640 1580 700 1616 lpse
718 1580 801 1613 Deus,
822 1588 837 1607 a
860 1581 1014 1609 substantia

230 1632 353 1655 secretus
362 1625 664 1662 suprasubstantialiter
674 1630 763 1654 tamen
774 1626 890 1654 exsistit.
903 1626 937 1654 Et
950 1627 1016 1654 sim-

230 1673 338 1709 pliciter
354 1673 380 1700 in
392 1673 518 1700 omnibus
536 1671 609 1705 aliis,
634 1673 692 1700 sive
708 1671 818 1699 habitus
842 1673 958 1700 amiSsus
970 1672 1017 1704 sit,

230 1719 289 1746 sive
304 1717 414 1753 penitus
436 1724 489 1746 non
519 1717 611 1750 fuerit,
639 1725 683 1745 res
705 1722 794 1746 tamen
820 1718 886 1753 ipsae
900 1724 975 1751 sunt,
990 1723 1019 1746 et

231 1769 358 1792 constare
373 1768 507 1798 possunt;
524 1763 598 1798 quod
608 1768 700 1791 autem
718 1764 789 1791 bono
804 1771 915 1798 prorsus
928 1765 1018 1799 priva-

233 1817 290 1839 tmn
302 1816 356 1844 est,
372 1811 398 1839 id
414 1819 549 1846 nusquam
567 1810 622 1837 ullo
638 1815 720 1845 pacto
730 1810 813 1846 366
829 1810 871 1838 vel
897 1811 959 1845 fuit,
975 1811 1018 1839 vel

231 1862 283 1889 est,
298 1857 341 1885 vel
356 1857 419 1890 erit,
432 1857 474 1884 vel
499 1864 560 1884 esse
586 1861 687 1891 potest.
715 1856 803 1884 Veluti
819 1856 1018 1891 intemperans,

231 1904 282 1932 etsi
297 1911 346 1938 per
368 1902 617 1936 concupiscentiam
641 1902 857 1930 irrationabilem
874 1903 947 1930 bono
964 1903 1019 1937 pri-

231 1955 313 1977 vatus
325 1949 373 1983 sit,
391 1954 507 1976 eatenus
520 1952 611 1976 tamen
633 1957 685 1975 nou
702 1953 756 1982 est.
771 1955 859 1984 neque
869 1949 1018 1984 quidquam

233 1995 413 2031 concupiscit,
429 1994 477 2022 sed
504 1994 586 2022 simul
610 1995 673 2022 boui
697 1996 835 2030 particeps
850 1995 961 2023 exsistit
975 2002 1020 2023 se-

232 2042 350 2070 cundum
368 2041 467 2069 exilem
483 2041 630 2075 quamdam
644 2046 748 2076 partem
765 2041 893 2068 amicitiae
909 2046 937 2069 et
950 2048 1019 2068 con-

230 2089 392 2124 jnnctionis.
411 2088 452 2116 Ira
467 2088 550 2115 etiam
565 2087 629 2115 boni
648 2088 784 2122 particeps
806 2088 858 2116 hoc
874 2088 933 2123 ipso
947 2088 1020 2123 quod

235 2140 371 2168 movetur,
394 2134 524 2169 cupitque
544 2141 576 2161 ea
604 2141 665 2169 quae
690 2134 760 2161 mala
786 2134 912 2162 videntur
937 2134 971 2162 ad
992 2134 1020 2162 id

234 2181 306 2216 quod
317 2180 382 2208 boni
396 2180 516 2215 speciem
529 2187 585 2215 pra:
612 2187 642 2207 se
663 2179 716 2206 fert
730 2180 850 2214 dirigere
865 2184 893 2207 et
904 2188 1020 2208 conver-

235 2231 303 2254 tere.
323 2225 394 2259 Quin
406 2230 434 2252 et
448 2225 472 2252 is
482 2231 592 2260 quoque
618 2225 664 2260 qui
682 2225 858 2252 deterrimam
875 2225 961 2253 vitam
973 2233 1021 2254 ex-

1064 983 1141 1011 θόσον
1154 984 1183 1010 δέ
1195 983 1339 1020 ἐπέρηται
1351 982 1400 1009 τοῦ
1408 983 1523 1018 ἀγαθοῦ,
1532 981 1593 1010 οὔτε
1606 982 1706 1017 ἀγαθὰ,
1717 980 1779 1008 οὔτε
1793 980 1863 1008 ὂντα

1063 1028 1148 1056 ἐστίν.
1166 1029 1227 1056 Ἐπὶ
1242 1029 1292 1064 μὲν
1303 1028 1358 1066 γὰρ
1368 1029 1424 1056 τῶν
1440 1028 1529 1056 ἄλλων
1541 1027 1636 1061 ἐξεων,
1648 1025 1705 1054 οἷον
1722 1025 1861 1062 θερμότη-

1063 1075 1142 1111 τοςῆ
1163 1074 1342 1110 ψυχρότητος,
1361 1074 1420 1101 ἐστι
1444 1074 1479 1101 τὰ
1502 1073 1706 1109 θερμανθέντα,
1719 1073 1767 1100 καὶ
1789 1073 1861 1099 ἀπο-

1064 1119 1211 1155 λειπούσης
1226 1120 1297 1147 αὐτὰ
1307 1120 1358 1156 τῆς
1379 1120 1556 1156 θερμότητος,
1572 1119 1620 1146 καὶ
1639 1119 1721 1154 ζωῆς,
1738 1119 1786 1145 καὶ
1799 1117 1865 1149 νοῦ,

1064 1166 1152 1194 πολλὰ
1160 1166 1215 1193 τῶν
1224 1166 1307 1193 ὄντων
1318 1166 1419 1202 ἄμοιρα
1428 1174 1436 1180 ·
1449 1166 1496 1193 καὶ
1508 1165 1601 1198 οὐσίας
1612 1166 1627 1191 ό
1638 1164 1705 1197 Θεὸς
1716 1164 1862 1200 ἐξῄρηται,

1064 1213 1112 1240 καὶ
1124 1212 1197 1240 ἐστιν
1210 1213 1380 1248 ὕπερουσίως
1393 1213 1425 1239 ⁸³.
1453 1213 1508 1239 Καὶ
1537 1212 1640 1245 ἁπλῶς,
1664 1212 1710 1238 ἐπὶ
1738 1212 1787 1246 μὲν
1804 1211 1866 1237 τῶν

1065 1258 1153 1286 ἀλλων
1166 1258 1274 1285 πάντων
1286 1259 1319 1290 ’⁸,
1334 1258 1382 1285 καὶ
1395 1257 1567 1293 ἀπελθούσης
1594 1258 1611 1293 ἢ
1627 1257 1694 1294 μηδὲ
1712 1257 1865 1292 ἐγγενομέ-

1065 1313 1115 1340 νης
1128 1305 1216 1340 πάντη
1231 1304 1282 1340 τῆς
1294 1304 1377 1338 ἕξεως
1398 1305 1437 1337 ⁹¹,
1458 1304 1516 1331 ἐστι
1527 1303 1564 1330 τά
1574 1303 1650 1335 ὂντα,
1671 1303 1720 1330 καὶ
1745 1303 1867 1337 ὑφίστα-

1066 1350 1129 1377 σθαι
1140 1350 1266 1377 δύναται·
1281 1351 1311 1377 τὸ
1325 1350 1353 1377 δέ
1367 1350 1438 1377 κατὰ
1461 1350 1550 1377 πάντα
1566 1349 1665 1386 τρόπον
1685 1349 1733 1375 τοῦ
1755 1347 1865 1383 ἀγαθοῦ

1065 1395 1257 1432 ἐστερημένον,
1271 1397 1377 1433 οὐδαμῆ
1405 1396 1532 1432 οὐδαμῶς
1548 1395 1611 1423 οὕτε
1625 1394 1670 1432 ἦν,
1693 1395 1756 1422 οὔτε
1774 1396 1865 1427 ἐστὶν,

1065 1440 1126 1468 οὔτε
1143 1441 1230 1474 ἔσται,
1243 1442 1305 1469 οὔτε
1318 1440 1391 1470 εἶναι
1413 1442 1534 1470 δύναται.
1548 1439 1611 1469 Οἷον
1623 1442 1648 1458 ³³
1663 1442 1678 1468 ό
1697 1441 1866 1473 ἀκόλαστος,

1066 1486 1091 1513 ει
1104 1486 1152 1513 παὶ
1168 1487 1313 1523 ἐστέρηται
1325 1487 1446 1522 τάγαθοῦ
1463 1486 1536 1514 κατὰ
1555 1488 1606 1524 τὴν
1623 1487 1646 1503 ⁸³
1658 1486 1754 1521 ἄλογον
1767 1486 1865 1514 ἐπιθυ·

1068 1532 1141 1567 μίαν,
1157 1532 1186 1559 ἐν
1197 1532 1284 1568 τούτῳ
1298 1533 1348 1568 μὲν
1356 1532 1418 1560 οὔτε
1431 1533 1514 1566 ἐστὶν,
1528 1533 1590 1560 οὔτε
1605 1532 1690 1560 ὄντων
1708 1532 1840 1568 ἐπιθυμεῖ
1851 1552 1864 1564 ,

1069 1578 1177 1614 μετέχει
1200 1577 1231 1605 δέ
1244 1578 1319 1614 ὅμως
1343 1578 1463 1613 τάγαθοῦ
1488 1579 1547 1605 κατ’
1558 1579 1624 1605 αὐτὸ
1644 1579 1669 1595 ³⁸
1681 1578 1711 1604 τὸ
1731 1578 1781 1613 τῆς
1797 1578 1864 1605 ἐνώ-

1028 1608 1052 1639 C
1069 1608 1192 1655 imm
1202 1608 1293 1659 φιλίας
1308 1608 1427 1660 ἀμυδρὸν
1441 1624 1588 1660 ἀπήχημα.
1601 1623 1678 1650 me
1691 1608 1777 1659 θυμδξ
1797 1623 1865 1650 δι”

1070 1668 1178 1704 μετέχει
1193 1669 1313 1704 τάγαθοῦ
1337 1670 1398 1697 κατ’
1417 1670 1483 1696 αὐτὸ
1498 1670 1529 1696 τὸ
1545 1669 1697 1700 κινεῖσθαι,
1724 1669 1772 1695 καὶ
1788 1669 1863 1704 ἐφιε-

1069 1714 1177 1741 σθαιτὰ
1186 1714 1318 1742 δοκοῦντα
1330 1715 1403 1742 κακὰ
1417 1715 1487 1751 πρὸς
1510 1715 1542 1742 τὸ
1565 1714 1661 1742 δοκοῦν
1687 1714 1768 1741 καλὸν
1779 1715 1866 1750 ἀνορ-

1068 1759 1132 1787 θοῦν
1143 1760 1192 1786 ml.
1212 1760 1398 1797 ἐπιστρέφειν.
1423 1761 1480 1788 Καὶ
1504 1760 1586 1792 αὐτὸς
1607 1762 1621 1787 ό
1639 1760 1690 1796 τῆς
1717 1761 1862 1796 χειριστης

1069 1805 1143 1841 ξωῆς
1155 1806 1307 1841 ἐφιέμενος,
1321 1806 1359 1838 ὡς
1383 1806 1451 1839 ὅλως
1475 1805 1548 1842 ζωῆς
1570 1807 1723 1842 ἐφιέμενος,
1749 1807 1798 1834 καὶ
1809 1807 1864 1842 τῆς

1069 1854 1182 1890 ἀρίστης
1195 1855 1270 1890 αὐτῷ
1290 1855 1431 1891 δοκούσης,
1445 1856 1505 1882 κατ’
1522 1856 1588 1882 αὐτὸ
1603 1856 1634 1882 τὸ
1654 1856 1789 1890 ἐφίεσθαι,
1813 1857 1866 1882 καὶ

1069 1899 1141 1936 ζωῆς
1151 1900 1285 1935 ἐφίεσθαι,
1303 1901 1351 1927 καὶ
1365 1900 1433 1936 πρὸς
1449 1900 1565 1936 ἀρίστην
1584 1900 1657 1936 ζωὴν
1679 1902 1864 1933 ἀποσκοπεῖν,

1071 1949 1178 1985 μετέχει
1190 1949 1320 1984 τάγαθοῦ.
1344 1950 1399 1977 Καὶ
1420 1951 1445 1977 εἰ
1461 1950 1549 1986 πάντη
1564 1951 1682 1985 τάγαθὸν
1709 1951 1810 1988 ἀνέλῃς
1825 1952 1864 1985 ⁸⁸,

1069 1994 1131 2022 οὔτε
1146 1995 1227 2022 οὐσία
1239 1995 1326 2027 ἔσται,
1340 1994 1402 2022 οὔτε
1415 1996 1484 2031 ζωὴ,
1502 1995 1564 2023 οὔτε
1575 1996 1678 2032 ἔφεσις,
1700 1997 1764 2024 οὔτε
1779 1998 1864 2034 κινη-

1070 2050 1122 2074 σις,
1136 2041 1197 2068 οὔτε
1210 2042 1273 2069 ἀλλο
1294 2042 1380 2070 οὐδέν.
1396 2043 1477 2069 Ὥστε
1489 2043 1537 2070 καὶ
1552 2043 1583 2070 τὸ
1604 2043 1726 2078 γίνεσθαι
1742 2044 1776 2071 ἐκ
1795 2045 1866 2080 φθο-

1072 2088 1120 2123 ρᾶς
1136 2087 1242 2122 γένεσιν
1265 2088 1319 2114 οὐκ
1339 2087 1397 2115 ἐστι
1423 2088 1509 2115 κακοῦ
1525 2088 1649 2124 δύναμις,
1679 2089 1737 2116 ἀλλ’
1747 2091 1863 2126 ἥττονος

1069 2133 1173 2169 ἀγαθοῦ
1185 2135 1332 2170 παρουσία,
1345 2135 1406 2162 καθ’
1422 2136 1485 2162 ὅσον
1501 2136 1549 2162 καὶ
1565 2136 1642 2168 νόσος
1656 2136 1775 2172 ἔλλειψίς
1799 2138 1864 2165 ἐστι

1068 2178 1182 2212 τάξεως,
1195 2179 1225 2206 οὐ
1245 2180 1352 2215 πάσης·
1381 2181 1405 2207 ει
1420 2180 1475 2216 γὰρ
1486 2181 1565 2208 τοῦτο
1577 2181 1699 2218 γένηται,
1710 2181 1772 2209 οὔτε
1786 2184 1804 2219 ἡ
1817 2184 1867 2210 νό-

1071 2232 1117 2256 σος
1128 2225 1197 2260 αὺτὴ
1210 2225 1403 2261 ὑποστήσεται,
1434 2226 1510 2261 μένει
1521 2226 1551 2253 δὲ
1573 2227 1620 2253 καὶ
1631 2226 1704 2254 ἐστιν
1726 2227 1743 2263 ἡ
1769 2227 1863 2261 νόσος,

234 2271 314 2307 petit,
328 2271 414 2305 utqui
431 2271 545 2299 omnino
555 2270 638 2298 vitam
659 2271 762 2305 cupiat,
776 2275 805 2298 et
827 2271 935 2304 quidem
947 2272 1015 2306 opti-

1069 2271 1162 2297 οὐσίαν
1178 2271 1276 2306 ἔχουσα
1286 2271 1336 2307 τὴν
1347 2272 1491 2308 ἐλαχίστην
1502 2273 1589 2306 τάξιν,
1600 2273 1648 2300 καὶ
1659 2274 1688 2300 ἐν
1699 2273 1769 2309 αὐτῇ
1786 2283 1867 2310 παρ.

236 2321 308 2346 latam
323 2316 374 2351 ipsi
388 2316 485 2350 visam,
496 2323 530 2343 eo
546 2316 604 2351 ipso
617 2316 749 2351 appetitu,
769 2321 799 2343 ut
811 2316 875 2343 vita:
885 2317 1018 2352 appetitu,

237 2362 283 2397 qui
299 2365 326 2389 et
334 2361 466 2397 optimam
481 2361 565 2389 vitam
583 2365 698 2396 spectat.
713 2360 775 2388 boni
790 2362 927 2397 particeps
941 2363 1018 2390 exsi-

235 2409 294 2437 stit.
311 2407 432 2443 Denique
445 2408 468 2435 si
485 2407 587 2435 bonum
616 2407 726 2442 penitus
751 2408 906 2442 sustuleris,
929 2415 1019 2443 neque

235 2454 358 2482 essentia
372 2453 436 2487 erit,
456 2460 545 2488 neque
572 2453 637 2486 vita,
664 2460 752 2487 neque
774 2453 919 2487 appetitus,
931 2461 1019 2489 neque

235 2503 336 2531 motus,
350 2505 440 2533 neque
453 2499 603 2533 quidquam
630 2498 715 2527 aliud.
735 2498 838 2533 Itaque,
852 2500 923 2534 quod
935 2500 1018 2528 etiam

235 2544 271 2571 e'x
283 2542 463 2577 corruptione
479 2542 526 2569 ﬁat
539 2543 690 2578 generatio,
705 2551 757 2570 non
775 2547 817 2571 est
830 2544 894 2571 mali
905 2544 959 2578 vis,
971 2546 1019 2573 sed

237 2590 351 2617 minoris
382 2589 446 2617 boni
470 2591 634 2625 praesentia;
657 2590 729 2618 sicut
760 2590 870 2619 morbus
898 2592 1021 2621 defectus

236 2635 345 2671 quidem
357 2639 400 2663 est
411 2635 626 2670 constitutionis,
643 2635 690 2663 sed
707 2643 759 2663 non
786 2636 938 2671 universae;
956 2646 1018 2665 nam

1072 2317 1252 2352 υφισταμένη.
1279 2317 1316 2344 To
1343 2317 1398 2354 γὰρ
1431 2318 1519 2354 πάντη
1547 2318 1660 2354 ἄμοιρον
1684 2318 1732 2346 τοῦ
1754 2320 1868 2354 ἀγαθοῦ

1072 2362 1134 2390 οὔτε
1148 2362 1188 2395 ὂν,
1200 2363 1263 2390 οὔτε
1279 2364 1308 2390 ἐν
1319 2365 1375 2396 τοῖς
1387 2362 1447 2391 οὖσι
1455 2373 1463 2380 ·
1491 2365 1522 2392 τὸ
1534 2365 1563 2392 δέ
1580 2365 1675 2401 μικτὸν
1685 2366 1729 2393 διὰ
1746 2366 1779 2393 τὸ
1790 2366 1866 2401 ἀγα-

1072 2408 1118 2436 θὸν
1129 2410 1158 2436 ἐν
1170 2409 1227 2442 τοῖς
1239 2408 1310 2442 οὖσι,
1322 2411 1369 2437 καὶ
1381 2410 1452 2437 κατὰ
1471 2410 1552 2438 τοῦτο
1573 2412 1602 2438 ἐν
1614 2413 1670 2444 τοῖς
1680 2409 1739 2439 οὖσι
1752 2413 1802 2439 καὶ
1811 2412 1843 2439 ὃν
1852 2433 1864 2445 ,

1072 2454 1133 2482 καθ’
1146 2455 1208 2482 ὅσον
1219 2455 1266 2482 τοῦ
1285 2455 1388 2490 ἀγαθοῦ
1403 2456 1520 2492 μετέχει.
1546 2457 1655 2484 Μᾶλλον
1680 2457 1709 2485 δὲ
1735 2458 1771 2485 τὰ
1793 2458 1867 2486 ὄντα.

1073 2501 1162 2528 πάντα
1172 2501 1245 2528 κατά
1259 2502 1385 2529 τοσοῦτον
1397 2503 1474 2529 ἐσται
1492 2503 1591 2539 μᾶλλον
1617 2504 1664 2531 καὶ
1679 2502 1772 2540 ἧττον,
1794 2505 1862 2532 καθ’

1072 2547 1134 2574 ὅσον
1145 2547 1192 2574 τοῦ
1208 2548 1311 2582 ἀγαθοῦ
1338 2548 1462 2584 μετέχει·
1485 2550 1534 2577 καὶ
1557 2549 1611 2586 γὰρ
1638 2550 1686 2578 καὶ
1713 2551 1760 2577 ἐπὶ
1772 2551 1794 2567 ⁸⁷
1811 2550 1864 2577 τοῦ

1072 2593 1138 2620 αὐτὸ
1154 2591 1223 2621 εἶναι
1236 2594 1266 2621 τὸ
1276 2594 1387 2631 μηδαμῆ
1400 2595 1532 2631 μηδαμῶς
1544 2595 1574 2623 δν
1595 2595 1657 2624 οὔτε
1670 2597 1756 2624 ἔσται.
1774 2596 1813 2623 Τὺ
1829 2596 1865 2622 δὲ

1073 2639 1112 2675 πὴ
1124 2639 1174 2675 μὲν
1188 2640 1228 2673 ὃν,
1241 2641 1280 2677 πὴ
1293 2642 1322 2668 δέ
1335 2642 1373 2679 μὴ
1394 2641 1435 2678 ὃν,
1458 2643 1521 2670 καθ’
1533 2643 1595 2671 ὂσον
1611 2643 1660 2679 μὲν
1672 2642 1864 2670 ἀποπὲτπωκε

872 2727 991 2755 VARIAE
1009 2727 1213 2758 LECTIONES.

272 2802 297 2841 ’ζ
308 2802 338 2841 τό
354 2809 406 2841 non
422 2807 464 2841 est
479 2803 504 2830 in
590 2803 613 2820 ⁸⁸
624 2804 717 2841 αὑτοῦ,
735 2803 765 2831 Ρ.
798 2805 821 2841 ξ’
832 2805 1003 2841 ὑπερούσιος,
1020 2805 1049 2833 S.
1067 2805 1097 2833 P.
1116 2806 1178 2834 Sar.
1207 2808 1230 2841 Ρο
1240 2808 1294 2835 τῶν

1309 2808 1370 2844 μέν,
1384 2807 1460 2836 D.P.
1475 2808 1534 2844 Sc,
1550 2808 1688 2841 ἁπάντων,
1706 2807 1734 2836 S.
1751 2843 1756 2844 γ
1774 2808 1796 2844 ’ξ
1809 2807 1863 2844 καὶ

236 2837 409 2888 ᾗπελθουσῶν
420 2838 464 2880 ,Ιῆ
486 2839 553 2901 μηδὲ
568 2839 753 2875 ἐγγενομένων
771 2840 859 2876 πάντη
871 2837 926 2882 τῶν
940 2837 1032 2873 ἐξεών,
1054 2841 1083 2868 S.
1120 2842 1143 2858 "
1155 2843 1169 2868 ό
1189 2840 1235 2882 οῦν
1245 2864 1252 2876 ,
1266 2843 1296 2871 Ρ.
1309 2837 1316 2844 ’
1334 2837 1414 2871 "se
1441 2845 1501 2880 τήν,
1518 2837 1548 2871 ί).
1588 2843 1610 2859 ’⁸
1624 2837 1695 2871 κατά
1712 2842 1810 2874 ταύτό,
1826 2842 1861 2869 S-

274 2873 303 2899 δέ
313 2881 366 2901 non
377 2878 419 2901 est
433 2882 460 2901 in
472 2874 500 2901 ὃ.
539 2895 546 2901 .
558 2874 602 2901 Sc.
642 2875 665 2890 ⁸⁸
672 2875 788 2901 ἀνέλοιε.
803 2880 924 2901 neunttur
942 2881 1041 2901 tamen.
1058 2878 1082 2901 et
1097 2876 1151 2901 γὰο
1169 2886 1248 2901 τουτο
1261 2878 1383 2901 vitum-11L
1401 2881 1427 2901 in
1446 2880 1574 2901 nnmilml
1589 2879 1739 2901 (ὯιΙίι-ἰιιιη.
1776 2878 1799 2894 ’⁷
1810 2878 1861 2901 κα).

238 2873 260 2888 ’⁸
274 2873 303 2899 δέ
313 2881 366 2901 non
377 2878 419 2901 est
433 2875 460 2901 in

243 2905 307 2942 γάρ,
318 2916 371 2936 non
384 2913 426 2937 est
442 2910 468 2937 in
479 2909 560 2943 P.,ut
577 2917 626 2938 nec
638 2905 774 2946 posterius
782 2905 876 2939 ⁷ιιοιίῖιι
891 2911 921 2939 S.

558 2874 602 2903 Sc.
642 2875 665 2890 ⁸⁸
672 2875 788 2914 ἀνέλοις,
803 2874 924 2914 sequitur
942 2881 1041 2910 tamen,
1058 2878 1082 2903 εἰ
1097 2876 1151 2912 γὰρ
1169 2874 1250 2905 τοῦτο
1261 2878 1387 2914 γένηται,
1401 2881 1427 2907 iu
1446 2874 1574 2908 omnibus
1589 2879 1739 2907 codicibus.
1776 2878 1799 2894 ’⁷
1810 2878 1863 2904 κα).
