1938 3065
99 173 147 203 731

623 175 668 204 DE
685 175 810 204 Di'VlNlS
834 173 1033 207 NOMINIBUS,
1051 174 1128 203 CAP.
1148 174 1193 203 iV.

1673 172 1728 200 731

97 232 146 260 τοῦ
169 233 211 259 ἀεὶ
224 232 308 265 δντος,
325 233 375 260 οὐκ
388 233 445 260 ἔστι
454 241 462 248 ·
478 233 538 260 καθ’
550 234 611 261 ὅσον
632 234 661 261 δὲ
679 233 726 261 τοῦ
738 234 808 261 εἶναι
822 242 887 269 μετ-

942 233 962 259 si
977 236 1031 259 tota
1049 232 1120 259 desit
1133 231 1305 265 constitutio,
1322 239 1410 267 neque
1426 231 1538 260 morbus
1565 232 1623 267 ipse
1636 233 1728 259 subsi-

98 280 205 316 είληφε,
222 280 293 306 κατὰ
314 279 440 307 τοσοῦτον
463 280 532 313 ἔστι,
554 281 600 307 καὶ
615 281 646 308 τὸ
661 281 729 314 ὅλως
746 279 825 314 εἶναι,
840 281 888 308 καὶ

99 327 132 354 τὸ
147 327 184 363 μὴ
197 326 227 353 ὃν
239 326 321 353 αὐτοῦ
333 326 529 362 διακρατεῖται,
543 327 591 354 καὶ
603 327 774 360 διασώζεται.
791 327 846 354 Καὶ
857 326 888 353 τὺ

98 373 196 405 κακὸν,
208 373 240 400 rb
255 373 304 408 μὲν
317 372 406 409 πάντη
423 373 471 400 τοῦ
484 373 588 408 ἀγαθοῦ
601 373 811 406 ἀποπεπτωκδς,
824 372 888 400 οὔτε

97 420 129 446 ἐν
145 421 202 451 τοῖς
216 419 327 455 μᾶλλον,
344 419 406 446 οὔτε
435 420 464 446 ὲν
485 421 542 452 τοῖς
566 416 655 455 ἧττον.
664 420 766 455 ἀγαθὸν
773 418 887 446 κέαται.

99 465 137 492 To
149 465 186 500 πῆ
201 465 251 500 μὲν
263 464 377 499 ἀγαθὸν..
391 462 432 499 πῆ
457 462 486 490 δὲ
510 463 562 490 οὐκ
584 464 696 500 ἀγαθδν,
711 465 826 500 μάχεται
839 464 889 500 μὶν

98 510 194 547 ἀγαθῷ
209 519 273 543 τινι,
287 511 336 547 οὐχ
347 510 401 547 ὅλῳ
423 511 452 538 δὲ
472 510 600 547 τάγαθῷ-
625 511 765 547 κρατεῖται
788 510 817 537 δὲ
842 512 889 538 καὶ

99 556 166 583 αὐτὸ
177 558 210 592 τῇ
225 556 273 584 τοῦ
294 556 398 592 ἀγαθοῦ
426 557 567 593 μετουσίᾳ,
590 557 636 584 καὶ
656 556 742 583 etiam?
766 556 814 583 καὶ
838 556 889 592 τὴν

97 601 197 629 ἑαυτοῦ
210 602 337 638 στέρησιν
352 601 384 629 τὸ
395 602 507 637 ἀγαθὸν,
520 603 554 638 τῇ
569 601 637 634 ὅλως
654 600 736 628 αὑτοῦ
762 600 886 636 μεθέξει·

99 648 187 684 πάντη
199 648 253 684 γὰρ
266 648 431 681 ἀπελθόντος
442 647 489 675 τοῦ
517 647 631 682 ἀγαθοῦ,
654 646 715 674 οὔτε
736 646 849 674 καθόλου
861 655 888 673 τι

99 694 175 721 ἔσται
187 694 299 729 ἀγαθὸν,
312 694 374 721 οὔτε
404 695 510 730 μικτὸν,
533 693 594 721 οὔτε
607 693 767 721 αὑτὸκακον.
789 693 821 720 El
833 692 888 728 γὰρ

98 740 130 767 τὸ
145 740 229 768 κακὸν
246 740 340 773 ἀτελές
352 742 426 767 ἐστιν
447 741 560 776 ἀγαθὸν,
570 742 688 778 ἀπουσίᾳ
703 741 831 769 παντελεῖ
840 741 888 768 τοῦ

96 787 202 822 ἀγαθοῦ
228 787 317 815 καὶτὸ
330 787 435 820 ἀτελὲς,
450 788 498 815 καὶ
520 788 551 815 τὸ
574 788 676 815 τέλειον
697 787 799 822 ἀγαθδν
820 787 889 814 ἀπέ-

99 841 162 860 σται
174 842 180 849 ·
195 834 242 861 καὶ
252 834 313 861 τότε
329 834 408 870 μόνον
420 833 497 861 ἔσται
516 834 564 861 καὶ
586 833 735 869 ὀφθήσεται
748 833 778 861 τὺ
793 834 888 866 κακὸν,

939 284 1010 311 stet;
1024 279 1134 307 morbus
1149 283 1240 306 autem
1260 284 1352 306 manet
1361 284 1389 307 et
1402 280 1524 313 exsistit,
1550 280 1578 307 in
1592 285 1726 315 quantum

939 330 967 352 et
986 329 1087 353 statum
1102 325 1203 358 habet,
1223 330 1252 353 et
1277 325 1417 353 minimam
1435 326 1670 357 constitutionem.
1699 326 1727 353 in

939 379 993 407 qua
1014 371 1217 407 quodammodo
1232 371 1364 400 cubaret.
1385 371 1461 405 Quod
1477 373 1551 399 enim
1565 373 1654 400 omnis
1663 372 1727 400 boni

939 425 1040 453 expers
1052 422 1105 450 est,
1119 418 1145 445 id
1163 425 1253 453 neque
1264 417 1366 453 aliquid
1383 423 1437 451 est,
1468 426 1557 453 neque
1576 417 1603 446 in
1618 419 1652 446 iis
1667 425 1728 454 qua:

939 470 1002 492 sinit
1016 465 1140 498 exsistit;
1155 464 1229 499 quod
1244 469 1334 492 autem
1360 465 1470 492 mistum
1494 469 1547 498 est.
1563 465 1590 493 id
1616 471 1728 501 propter

940 511 1039 538 bonum
1052 515 1095 538 est
1108 511 1135 538 in
1148 511 1240 542 rebus.
1253 515 1281 538 et
1295 510 1322 538 in
1336 515 1439 538 tantum
1453 511 1480 538 in
1506 512 1589 539 rebus
1604 512 1726 546 exsistit,

939 561 966 584 et
975 560 1027 588 est,
1042 547 1070 584 in
1088 561 1222 591 quantum
1237 556 1299 584 boni
1323 560 1369 584 est
1392 557 1540 594 particeps.
1554 556 1683 590 Quinimo
1695 565 1728 585 ea

939 609 999 635 qua
1012 605 1075 629 sunt
1088 601 1196 635 omnia,
1215 601 1242 629 in
1267 605 1373 628 tantum
1399 601 1486 636 magis
1500 601 1622 629 minusve
1635 607 1729 635 erunt.

940 647 966 674 in
980 652 1112 681 quantum
1135 648 1168 674 ad
1195 647 1266 675 Ι)οηί
1282 647 1453 675 consortium
1477 648 1632 681 accedunt;
1665 655 1728 675 nam

937 694 1014 728 quod
1025 694 1059 721 ad
1075 693 1164 728 ipsum
1193 698 1293 721 statum
1323 695 1434 727 attinet,
1458 694 1485 722 si
1512 694 1670 730 neutiquam
1684 703 1730 723 us-

939 747 1058 774 quamve
1068 741 1117 773 sit,
1139 747 1191 768 nec
1211 741 1265 768 erit
1286 740 1406 775 quidem.
1419 740 1497 774 Quod
1517 746 1608 768 autem
1628 742 1729 776 partim

939 785 1050 820 quidem
1062 790 1117 818 est,
1130 786 1233 821 partim
1247 790 1338 814 autem
1361 793 1416 814 non
1434 791 1489 819 est,
1511 787 1538 815 id
1549 791 1685 822 quatenus
1697 787 1731 815 ab

937 839 972 860 eo
987 832 1058 866 quod
1070 839 1179 867 semper
1198 836 1242 859 est
1259 833 1382 865 deﬂexit.
1395 832 1450 861 nOn
1471 838 1533 867 est;
1557 833 1584 861 in
1598 839 1730 869 quantum

99 879 180 914 ἡνίκα
191 880 247 910 τοῖς
260 879 310 915 μὲν
335 878 392 905 ἔστι
417 879 502 906 κακὸν
521 876 562 911 οἷς
583 879 757 914 ὴναντὸωται,
784 878 838 906 τῶν
858 878 888 905 δὲ

942 884 1006 904 vero
1016 882 1105 905 status
1115 882 1157 904 est
1169 877 1317 912 particeps,
1329 882 1445 905 eatenus
1468 882 1521 910 est,
1538 882 1620 913 atque
1642 883 1731 906 status

96 913 137 956 ὡς
155 913 267 959 ἀγαθῶν
291 924 430 960 ἐξῄρηται.
457 913 600 960 Μάχεσθαι
624 924 679 960 γὰρ
703 924 830 961 ἀλλήλοις
853 923 888 950 τὰ

942 925 998 959 ejus
1012 930 1156 960 statusque
1167 924 1286 959 privatio
1295 929 1323 952 et
1349 924 1489 952 obtinetur
1500 929 1529 952 et
1539 930 1729 953 conservatur.

96 971 169 999 αὐτὰ
182 972 254 999 κατὰ
273 971 308 999 τὰ
322 972 393 1000 αὐτὰ
417 972 446 1001 ἐν
460 973 542 999 πᾶσιν
565 971 704 999 ἀδύνατον.
723 972 781 998 Οὐκ
793 972 846 1008 ἀρα
858 970 888 998 ὃν

942 971 1039 999 Malum
1050 972 1135 999 etiam
1148 971 1221 1006 quod
1246 971 1320 998 omni
1344 978 1378 998 ex
1403 975 1481 1006 parte
1500 978 1516 998 a
1536 970 1606 999 bono
1616 971 1727 1004 defecit,

98 1017 129 1044 τὸ
145 1018 239 1045 κακόν.
937 1026 1027 1054 neque
1038 1018 1111 1046 inter
1121 1026 1153 1046 ea
1167 1026 1227 1054 quae
1241 1019 1326 1054 magis
1338 1027 1426 1053 neque
1438 1020 1510 1047 inter
1522 1027 1554 1047 ea
1566 1028 1626 1054 qute
1638 1020 1728 1047 miqu

97 1064 172 1092 bona
184 1069 259 1098 sunt,
271 1065 424 1099 eril.Quod
437 1070 526 1093 autem
537 1064 638 1099 partim
649 1064 758 1098 quidem
773 1063 886 1098 bonum,
904 1065 1003 1100 partim
1023 1072 1087 1094 vero
1106 1073 1160 1094 non
1178 1065 1280 1093 bonum
1303 1070 1362 1099 est,
1386 1066 1411 1093 id
1428 1065 1510 1093 alicui
1528 1066 1637 1101 quidem
1657 1065 1728 1093 bono

102 1111 274 1143 adversatur,
294 1119 348 1139 non
362 1116 453 1140 tamen
469 1111 519 1140 toti
540 1112 624 1145 bono,
637 1112 761 1147 adeoque
783 1116 895 1140 tenetur
909 1112 1001 1147 aliqua
1016 1112 1079 1140 boni
1091 1113 1304 1144 communione;
1329 1118 1412 1148 atque
1435 1112 1486 1140 hoc
1518 1113 1598 1141 modo
1627 1113 1727 1141 bonum

103 1157 146 1185 eui
182 1159 265 1186 etiam
289 1159 437 1193 privationi
460 1164 561 1187 statum
584 1157 699 1186 omnino
720 1159 768 1185 dat
787 1166 836 1194 per
866 1159 910 1187 sui
943 1160 1234 1190 communicationem:
1270 1167 1333 1187 nam
1361 1159 1433 1188 bono
1460 1160 1569 1195 penitus
1599 1159 1730 1187 exterrui-

100 1207 175 1235 nalo,
198 1211 285 1239 neque
296 1205 408 1233 omnino
429 1205 581 1241 quidquam
606 1205 708 1232 bonum
719 1205 782 1237 erit,
805 1212 892 1240 neque
911 1206 1137 1241 mistum.neque
1158 1206 1247 1241 ipsum
1272 1206 1387 1234 malum.
1412 1205 1441 1234 Si
1466 1206 1541 1234 enim
1574 1206 1674 1234 malum
1693 1206 1731 1234 sit

98 1250 236 1285 quoddam
270 1251 372 1279 bonum
401 1252 605 1287 iit-perfectum,
626 1257 738 1288 propter
763 1252 948 1280 omnimodam
972 1252 1055 1288 367
1080 1252 1144 1280 boni
1171 1253 1325 1281 absentiam
1350 1258 1405 1281 tam
1431 1252 1619 1288 imperfectum
1648 1261 1730 1288 quam

97 1295 252 1331 perfectum
275 1298 376 1325 bonum
399 1298 506 1332 aberit;
526 1305 640 1334 tumque
672 1298 760 1327 solum
789 1299 846 1327 erit
866 1303 894 1326 et
917 1298 1061 1334 apparebit
1078 1299 1189 1333 malum,
1205 1300 1318 1335 quando
1336 1299 1397 1327 aliis
1416 1299 1527 1334 quidem
1549 1299 1648 1326 malum
1678 1303 1731 1333 est.

99 1343 200 1377 quibus
218 1348 261 1371 est
275 1344 463 1377 contrarium.
486 1344 521 1373 ab
542 1345 605 1373 aliis
634 1351 727 1373 autem
755 1350 885 1380 tanquam
910 1345 994 1373 bonis
1017 1351 1191 1380 segregatum
1213 1350 1266 1374 est.
1302 1345 1448 1381 Nequeunt
1473 1345 1547 1373 enim
1563 1345 1662 1374 eadem
1686 1353 1732 1373 εο-

100 1391 223 1419 cuudum
248 1391 344 1419 eadem
370 1391 443 1420 inter
464 1399 495 1421 se
520 1392 548 1420 in
571 1392 701 1422 omnibus
724 1400 886 1429 repugnare.
903 1391 1002 1420 Malum
1015 1391 1108 1428 itaque
1121 1399 1175 1420 non
1186 1397 1228 1420 est
1239 1400 1284 1420 res
1295 1391 1400 1427 aliqua.

850 1473 864 1510 ᾗ
887 1472 978 1503 XXI.

142 1544 222 1571 Ἀλλὰ
234 1544 294 1571 οὐδὲ
310 1545 339 1571 ὲν
361 1546 417 1578 τοῖς
445 1544 520 1574 οὗσίν
536 1547 593 1574 ἐστι
612 1547 643 1575 rb
666 1549 760 1576 κακόν.
780 1549 810 1576 Εἰ
834 1548 889 1585 γὰρ

976 1547 1046 1582 Quin
1059 1554 1095 1575 ne
1111 1547 1195 1576 rebus
1217 1547 1328 1582 quidem
1338 1547 1410 1575 inest
1428 1547 1540 1574 malum.
1560 1546 1626 1574 Nam
1639 1546 1662 1574 si
1686 1552 1733 1573 res

96 1591 189 1618 πάντα
204 1589 240 1617 τὰ
255 1590 320 1617 ὂντα
343 1591 375 1617 ὲκ
388 1591 519 1625 τάγαθοῦ,
538 1593 585 1619 καὶ
608 1593 637 1620 ἐν
652 1594 719 1620 πᾶσι
741 1595 798 1625 τοῖς
817 1592 889 1626 οὖσι,

97 1639 148 1665 καὶ
163 1638 252 1665 πάντα
275 1638 398 1673 περιέχει
419 1639 548 1673 τάγαθὸν,
562 1639 579 1675 ἢ
607 1640 658 1666 οὐκ
673 1639 749 1667 ἔσται
763 1641 793 1668 τὸ
806 1640 890 1668 κακὸν

97 1692 128 1710 εν
139 1686 196 1716 τοῖς
205 1682 291 1717 οὖσιν,
305 1684 322 1719 ἢ
334 1685 363 1711 ὲν
375 1684 486 1720 τάγαθῷ
498 1684 575 1712 ἔσται
584 1693 591 1700 θ
605 1685 652 1712 καὶ
670 1685 724 1721 μὴν
736 1687 765 1713 ὲν
780 1686 891 1722 τάγαθῷ

97 1729 239 1756 οὐκέσται
254 1729 312 1765 (καὶ
328 1729 383 1766 γὰρ
398 1729 459 1758 οὐδὲ
485 1730 515 1757 ὲν
538 1731 605 1767 πυρὶ
626 1731 657 1758 τὸ
683 1732 814 1768 ψυχρόν·)
831 1733 891 1759 οὐδὲ

97 1777 130 1803 τὸ
142 1776 309 1804 κακύνεσθαι
332 1777 372 1813 τῷ
395 1777 442 1804 καὶ
469 1778 500 1804 rb
513 1779 600 1805 xu.be
627 1778 798 1813 ἀγαθύνοντι.
815 1779 846 1806 Et
863 1780 892 1807 δὲ

95 1823 188 1855 ἔσται,
204 1823 263 1855 πῶς
274 1823 350 1850 ἔσται
368 1824 397 1850 ὲν
418 1823 532 1859 τάγαθῷ
551 1824 583 1851 τὺ
609 1824 712 1857 κακὸνς
738 1825 769 1852 Et
797 1825 847 1860 μὲν
862 1825 892 1858 ἐξ

99 1869 195 1901 αὑτοῦ,
213 1869 314 1896 ἄτοπον
330 1870 378 1896 καὶ
394 1869 527 1897 ἀδύνατον
538 1879 544 1886 ·
566 1872 609 1900 Οὺ
638 1871 763 1898 δύναται
789 1872 813 1889 "
826 1873 892 1910 γὰρ,

95 1914 139 1945 ὡς
156 1915 174 1950 ἡ
196 1914 250 1941 τῶν
266 1914 371 1949 Λογιων
394 1914 509 1951 ἀλήθειά
533 1923 610 1951 φησι,
627 1915 755 1950 δένδρον
781 1916 893 1951 ἀγαθὸν

99 1959 237 1993 καρποὺς
248 1959 401 1994 πονηροὺς
414 1960 511 1987 ποιεῖν
521 1969 528 1975 ·
556 1961 617 1987 οὐδὲ
632 1961 684 1997 μὴν
697 1960 728 1988 rb
748 1960 890 1989 ἀνάπαλιν.

100 2004 134 2030 Et
146 2004 176 2030 δὲ
197 2004 248 2030 οὐκ
274 2004 304 2036 ἐξ
327 2004 421 2037 αὐτοῦ,
443 2004 474 2037 ἐξ
501 2005 584 2041 ἄλλης
605 2005 726 2041 δηλονότι
742 2006 829 2044 ἀρχῆς
845 2007 893 2034 καὶ

99 2049 208 2081 αἰτίας·
222 2050 270 2076 καὶ
281 2048 363 2085 γὰρῆ
380 2050 411 2076 rb
428 2050 513 2077 κακὸν
529 2051 561 2078 ὲκ
579 2051 626 2078 τοῦ
638 2051 744 2086 ἀγαθοῦ
762 2051 850 2084 ἔσται,
874 2052 891 2088 ἢ

99 2093 134 2120 τὸ
151 2094 254 2129 ἀγαθὸν
270 2095 302 2121 ὲκ
317 2095 366 2122 τοῦ
377 2095 464 2122 κακοῦ
477 2103 484 2111 ·
502 2095 519 2132 ἢ
537 2097 562 2123 εί
576 2096 613 2132 μὴ
628 2095 707 2123 τοῦτο
723 2096 844 2130 δυνατὸν,
863 2099 892 2132 EE

97 2140 187 2176 Δλλης
204 2141 290 2177 ἀρχῆς
307 2141 354 2167 καὶ
370 2141 459 2173 αἰτίας
483 2141 560 2169 ἔσται
578 2143 626 2170 καὶ
641 2143 672 2169 τὸ
682 2143 784 2178 ἀγαθον
798 2145 847 2172 καὶ
862 2145 894 2173 τὸ

101 2186 199 2213 κακόν.
214 2186 292 2213 Πᾶσα
304 2185 358 2222 γὰρ
379 2186 444 2218 δυὰς
456 2187 505 2213 οὐκ
514 2187 598 2223 ἀρχὴ,
613 2188 696 2224 μονὰς
711 2189 739 2216 δὲ
753 2190 829 2218 ἔσται
841 2191 893 2218 πά-

940 1600 1037 1621 omnes
1049 1593 1106 1620 sint
1117 1600 1150 1621 ex
1167 1593 1252 1624 bono,
1265 1592 1394 1620 omnibus
1418 1592 1484 1620 insit
1503 1592 1615 1624 bonum,
1627 1591 1733 1619 omnia-

940 1647 995 1675 que
1008 1640 1160 1672 contineat,
1181 1639 1283 1667 malum
1296 1640 1390 1674 utique
1413 1638 1455 1666 vel
1469 1646 1522 1666 non
1533 1639 1587 1667 erit
1598 1639 1625 1666 in
1639 1638 1732 1670 rebus,

942 1686 985 1713 vel
1002 1686 1029 1713 in
1053 1686 1127 1714 bono
1148 1685 1219 1719 erit;
1242 1685 1318 1720 atqui
1344 1685 1371 1712 in
1393 1685 1464 1713 bono
1483 1692 1536 1712 non
1557 1684 1612 1712 erit
1633 1684 1733 1719 (neque

941 1732 1013 1760 enim
1035 1731 1063 1759 in
1085 1732 1147 1767 igne
1167 1730 1254 1766 frigus
1266 1736 1308 1759 est
1317 1731 1337 1766 ),
1354 1738 1404 1758 nec
1425 1730 1567 1766 depravari
1588 1730 1690 1765 poterit
1700 1729 1728 1758 id

942 1778 1013 1812 quod
1026 1777 1109 1805 etiam
1135 1777 1237 1804 malum
1272 1776 1374 1804 bonum
1403 1776 1503 1804 reddit.
1520 1776 1597 1809 Quod
1618 1775 1641 1803 si
1658 1776 1732 1808 erit.

942 1823 1080 1858 quomodo
1091 1823 1146 1850 erit
1163 1823 1189 1850 in
1210 1822 1282 1850 bono
1312 1821 1434 1849 malum?
1459 1821 1488 1849 Si
1512 1820 1622 1856 quidem
1639 1828 1672 1849 ex
1698 1827 1731 1848 eo

942 1872 994 1900 est,
1008 1867 1156 1895 absurdum
1178 1867 1204 1895 id
1225 1871 1266 1894 est
1287 1874 1338 1894 nec
1360 1867 1418 1894 ﬁeri
1440 1871 1547 1901 potest:
1574 1866 1637 1894 Non
1656 1866 1730 1895 enim

942 1918 1025 1945 potest
1046 1914 1089 1948 (ut
1110 1912 1261 1948 Scriptura:
1286 1912 1388 1940 veritas
1410 1912 1537 1948 testatur)
1562 1912 1642 1939 arbor
1663 1913 1732 1939 bona

942 1959 1026 1986 malos
1038 1959 1140 1994 {ructus
1158 1959 1292 1995 facer“;
1318 1966 1367 1986 nec
1391 1963 1497 1986 contra.
1526 1958 1555 1985 Si
1582 1966 1615 1986 ex
1631 1966 1667 1985 eo
1677 1966 1731 1986 non

942 2010 994 2043 est,
1010 2006 1186 2041 perspicuum
1206 2009 1248 2033 est
1263 2005 1289 2032 id
1304 2004 1457 2040 profectum
1475 2010 1536 2032 esse
1544 2004 1579 2032 ab
1589 2004 1642 2032 alio
1654 2004 1732 2039 prin-

943 2053 1016 2088 cipio
1029 2057 1111 2087 atque
1122 2061 1220 2086 causa;
1251 2060 1314 2079 nam
1336 2057 1385 2079 aut
1410 2051 1512 2078 malum
1528 2058 1563 2079 ex
1583 2051 1653 2078 bono
1667 2051 1732 2082 erit,

944 2102 991 2126 aut
1004 2099 1104 2126 bonum
1117 2106 1153 2127 ex
1166 2098 1252 2131 malo;
1270 2098 1312 2125 vel
1330 2099 1353 2125 si
1377 2098 1402 2125 id
1430 2097 1489 2124 fieri
1511 2103 1564 2124 non
1579 2101 1679 2132 potest.
1697 2104 1732 2123 ex

944 2145 998 2173 alio
1017 2145 1151 2181 principio
1163 2150 1192 2172 et
1206 2152 1287 2172 causa
1305 2145 1420 2171 exsistet
1437 2148 1493 2170 tam
1520 2143 1622 2170 bonum
1644 2150 1730 2178 quant

945 2192 1056 2220 malum.
1070 2191 1149 2219 Nulla
1175 2192 1249 2219 enim
1273 2191 1393 2218 dualitas
1408 2190 1567 2225 principiat,
1580 2189 1628 2217 sed
1642 2189 1733 2217 unitas

100 2240 156 2267 σης
176 2231 271 2264 δυάδος
293 2232 375 2268 ἀρχή.
399 2233 495 2260 Καίτοι
511 2233 622 2265 ἄτοπον,
650 2235 680 2269 ὲξ
700 2236 759 2268 ὲνδς
777 2238 823 2264 καὶ
843 2237 890 2264 τοῦ

945 2238 998 2265 erit
1009 2237 1172 2273 principium
1187 2237 1278 2265 omnis
1301 2236 1451 2264 dualitatis.
1477 2236 1560 2272 Atqui
1581 2236 1731 2263 absurdum

100 2278 187 2304 αὑτοῦ
203 2277 251 2305 δύο
260 2279 400 2311 παντελῶς
415 2279 524 2307 ἐναντία
544 2281 668 2316 προϊέναι
683 2282 730 2308 καὶ
747 2280 828 2315 εἶναι,
845 2284 893 2311 καὶ

100 2323 188 2359 αὐτὴν
201 2324 346 2360 τὴνάρχὴν
368 2325 417 2360 οὐχ
440 2326 531 2362 ἁπλῆν
556 2327 604 2354 καὶ
630 2328 743 2361 ἑνιαίαν,
761 2329 828 2357 ἀλλὰ
844 2339 893 2366 με·

100 2369 200 2406 ριστὴν
227 2371 274 2397 καὶ
295 2371 409 2406 δυοειδῆ,
440 2373 487 2399 καὶ
508 2373 632 2401 ἐναντίαν
658 2374 752 2411 ἑαυτῇ,
781 2376 829 2402 καὶ
844 2376 892 2411 ὴλ-

99 2415 264 2452 λοιωμένην.
279 2417 334 2444 Καὶ
361 2418 414 2454 μὴν
439 2418 502 2445 οὔτε
524 2419 571 2446 δύο
596 2421 651 2447 τῶν
663 2420 747 2449 ὄντων
770 2422 893 2455 ἐναντίας

98 2462 192 2499 ἀρχὰς
204 2463 316 2490 δυνατὸν
327 2462 408 2496 εἶναι,
421 2465 468 2492 καὶ
479 2466 580 2499 ταύτας
596 2467 626 2494 ὲν
642 2467 781 2504 ἀλλήλαις,
799 2469 848 2496 καὶ
864 2470 893 2496 ὲν

99 2507 142 2543 τῷ
160 2508 252 2539 παντὶ,
284 2509 331 2535 καὶ
356 2510 530 2545 μαχομένας·
549 2512 574 2538 εί
607 2511 662 2548 γὰρ
682 2511 762 2539 τοῦτο
793 2512 893 2548 δοθείη,

99 2555 181 2582 ἔσται
194 2555 241 2582 καὶ
251 2556 266 2581 ό
278 2555 345 2588 Θεὸς
356 2556 406 2582 οὐκ
427 2557 545 2593 ἀπήμων
563 2559 624 2586 οὐδὲ
636 2560 714 2592 ἐκτὸς
724 2559 893 2596 δυσχερείας,

101 2601 186 2637 εἰπερ
197 2600 240 2637 εἴη
264 2609 291 2627 τι
318 2602 366 2628 καὶ
388 2602 462 2638 αὐτῷ
489 2603 520 2630 τὸ
535 2604 676 2640 ἐνοχλοῦν⁸
695 2605 790 2632 ἔπειτα
818 2605 895 2633 ἔσται

99 2645 196 2672 πάντα
211 2646 318 2673 ἄτακτα
334 2647 381 2673 καὶ
397 2647 441 2674 ἀεὶ
453 2648 594 2684 μαχόμενα
605 2657 611 2664 ·
624 2649 712 2677 καίτοι
729 2650 820 2685 φιλίας
828 2652 894 2678 πᾶσι

98 2693 163 2724 τοῖς
173 2689 233 2719 οὖσι
245 2692 276 2719 τὸ
288 2692 389 2728 ἀγαθὸν
402 2693 573 2729 μεταδίδωσι,
593 2695 640 2722 καὶ
662 2696 836 2733 αὺτοειρήνη,
848 2697 896 2724 καὶ

143 2775 159 2789 '
174 2769 267 2798 Matth.
286 2778 334 2802 vn,
351 2770 394 2798 i8.

946 2291 1054 2320 quoque
1067 2288 1121 2316 est,
1136 2291 1168 2311 ex
1181 2291 1235 2311 uno
1247 2288 1275 2310 et
1289 2283 1384 2311 eodem
1398 2283 1452 2310 duo
1465 2290 1577 2318 prorsus
1593 2282 1733 2309 contraria

947 2330 1084 2366 proﬁcisci
1098 2334 1126 2357 et
1137 2330 1282 2362 exsistere,
1295 2329 1421 2364 idemque
1430 2329 1594 2364 principium
1605 2336 1655 2356 nec
1668 2329 1735 2356 sim-

945 2378 1021 2414 plex,
1031 2386 1082 2406 nec
1092 2386 1176 2406 unum
1189 2385 1260 2411 esse,
1275 2377 1323 2405 sed
1339 2378 1454 2405 divisum
1470 2385 1503 2405 ac
1518 2376 1627 2412 duplex,
1638 2381 1668 2404 et
1681 2376 1735 2404 sibi

946 2424 1000 2460 ipsi
1011 2424 1179 2451 contrarium
1197 2431 1229 2450 ac
1242 2431 1405 2458 repugnans.
1431 2422 1524 2458 Neque
1539 2430 1605 2450 vero
1623 2422 1677 2450 duo
1692 2430 1735 2450 re-

948 2477 1008 2497 rum
1024 2470 1157 2505 principia
1171 2470 1323 2502 contraria,
1345 2477 1406 2504 quae
1435 2469 1487 2497 sibi
1512 2474 1608 2496 mutuo
1620 2473 1649 2495 et
1671 2467 1734 2495 uni-

947 2515 1135 2548 versoinsiut,
1149 2522 1270 2550 pugnare
1281 2522 1391 2550 quoque
1403 2515 1523 2549 possint;
1543 2515 1566 2542 si
1588 2514 1661 2541 enim
1682 2513 1735 2540 hoc

948 2561 1039 2594 detur,
1053 2569 1086 2589 ne
1100 2561 1173 2590 Deus
1199 2562 1310 2597 quidem
1325 2561 1384 2596 ipse
1396 2561 1539 2588 incolumis
1552 2561 1606 2588 erit
1619 2567 1736 2587 vacuus-

948 2613 1002 2641 que
1015 2606 1150 2639 molestia,
1169 2607 1307 2642 siquidem
1318 2607 1354 2634 sit
1366 2606 1468 2641 aliquid
1483 2607 1556 2641 quod
1569 2613 1631 2633 eum
1647 2604 1734 2632 oli'en-

949 2652 1010 2684 dat;
1024 2652 1122 2680 deinde
1133 2657 1231 2680 cuncta
1250 2658 1330 2680 erunt
1342 2653 1495 2680 inordinata
1510 2658 1672 2686 semperque
1684 2658 1734 2685 puv

949 2697 1081 2732 gnantia;
1097 2698 1172 2733 atqui
1191 2699 1292 2727 bonum
1314 2707 1376 2727 eum
1402 2699 1484 2727 rebus
1498 2697 1624 2726 onmibus
1637 2695 1736 2724 amici-

750 2829 866 2858 VARl/E
885 2831 1086 2861 LECTIONES.

160 2910 183 2926 "
200 2911 357 2946 ἀγαθοῖς-Τὸ
375 2911 413 2938 δὲ.
454 2911 476 2928 ²¹⁹
490 2911 614 2943 δυνατόν,
628 2910 658 2938 Ρ.
