1938 3065
221 170 274 198 7‘25

810 167 839 196 S.
858 165 1007 195 DIONYSII
1024 161 1256 192 AREOPAGITE

1794 158 1848 186 7‘24

223 228 290 254 tiam
302 225 404 262 jungit,
427 225 544 261 ideoque
563 229 592 252 ut
608 225 663 260 ipsa
681 231 745 260 pax,
770 224 900 258 pacisque
916 223 1003 251 concb

1057 221 1233 258 είρηνόδωρος
1250 219 1374 255 ὑμνεῖται
1387 217 1454 253 πρὸς
1477 217 1531 244 τῶν
1552 216 1634 253 ίερῶν
1646 215 1787 250 θεολόγων.
1801 215 1849 242 Διὸ

221 272 325 306 liatrix,
342 280 357 298 τι
375 272 508 307 theologis
535 272 638 299 sanctis
663 271 799 298 laudatur.
814 269 909 304 Itaque
935 268 1007 295 bona

220 316 312 343 omnia
339 316 390 343 sibi
419 315 535 342 invicem
560 314 649 341 amica
672 318 736 342 sunt
750 317 779 341 et
800 319 933 344 consona,
948 317 1009 339 tan—

221 367 303 394 quam
317 359 351 387 ab
365 366 418 386 una
431 358 484 386 vita
504 363 662 394 propagata,
684 362 713 386 et
737 358 772 386 ad
796 365 881 385 unum
905 356 1008 384 bomun

220 405 395 437 coordinata,
411 404 571 439 placidaque
585 424 593 437 ,
618 409 699 440 atque
714 403 825 438 similia,
838 408 867 431 et
885 403 958 430 inter
979 409 1009 430 te

219 449 337 477 aﬂ'abilia
350 457 359 477 :
373 457 427 478 non
441 449 524 486 igitur
537 449 563 476 in
585 449 640 478 Deo
662 449 762 476 malum
774 453 828 482 est,
850 456 937 484 neque
950 456 1009 476 ma-

219 495 277 522 lum
291 500 334 523 est
348 496 414 531 quid
430 496 562 523 divinum.
578 494 632 523 Sed
648 503 698 522 nec
709 503 742 523 ex
760 495 815 522 Dco
830 494 931 522 malum
948 498 1005 527 est;

220 547 268 569 aut
282 542 354 570 enim
369 542 458 569 bonus
476 549 529 570 non
543 547 597 575 est,
616 542 658 569 vel
683 543 755 569 bona
778 541 856 574 facit,
881 540 1008 575 bonaque

220 589 366 624 producit,
383 593 411 617 et
434 596 488 616 non
513 588 662 624 aliquando
675 588 784 624 quidem
800 592 828 615 et
840 587 944 622 aliqua,
955 586 1007 613 ali-

218 634 332 668 quando
341 642 407 663 vero
421 642 486 668 non,
499 640 526 662 et
554 642 607 662 non
632 634 742 666 omnia;
758 633 811 661 isto
835 633 907 661 enim
928 637 1008 666 pacto

221 681 339 709 mutatio
357 681 384 708 in
410 689 472 709 eum
491 682 570 709 cadet
594 686 677 716 atque
704 679 893 713 commutatio,
923 679 1006 707 etiarn

219 726 294 753 circa
308 726 335 754 id
346 727 417 761 quod
428 727 550 755 omnium
567 727 767 755 divinissimum
776 731 828 759 est,
843 726 868 754 id
882 730 925 754 est
939 733 1007 754 cau—

218 779 288 799 sam.
300 772 380 806 Quod
394 773 418 801 si
434 780 499 801 vero
510 773 537 800 in
552 774 607 801 Deo
630 774 732 802 bonum
744 774 781 801 sit
803 773 862 808 ipsa
876 772 1005 801 substan-

220 818 270 851 tia,
282 818 305 846 si
316 824 488 854 permutetur
499 819 583 856 368
601 828 634 848 ex
661 821 733 847 bono
758 819 844 852 Deus,
860 818 1006 854 aliquando

217 864 328 898 quidem
344 865 409 898 erit,
438 865 584 900 aliquando
599 874 665 894 vero
689 874 743 894 non
771 866 834 894 erit.
863 866 892 894 Si
913 871 1004 893 autem

1059 268 1107 294 καὶ
1130 266 1194 302 φίλα
1214 265 1330 301 τάγαθὰ,
1353 264 1401 291 καὶ
1428 264 1575 299 ὲναρμόνια
1596 262 1695 294 πάντα,
1719 262 1767 289 καὶ
1782 262 1850 297 μιᾶς

1059 313 1132 349 ζωῆς
1145 313 1254 347 ἔκγονα,
1271 313 1319 339 καὶ
1332 311 1400 347 πρὸς
1413 311 1442 338 ἓν
1459 310 1561 345 ἀγαθὸν
1573 308 1786 345 συντεταγμένα,
1800 309 1850 335 καὶ

1059 359 1193 396 προσηνῆ,
1205 359 1252 386 καὶ
1268 359 1359 394 ὃμοια,
1375 359 1421 385 καὶ
1438 358 1596 394 προσήγορα
1606 355 1748 392 ἀλλήλοις·
1775 350 1850 381 ὥστε

1057 407 1108 433 οὐκ
1121 407 1149 432 ὲν
1160 405 1220 441 Θεῴ
1238 405 1270 432 τὸ
1282 406 1376 437 κακὸν,
1387 406 1436 432 καὶ
1445 404 1476 431 τὸ
1495 403 1581 431 κακὸν
1593 403 1644 430 οὐκ
1656 402 1756 429 ἔνθεον.
1776 401 1850 427 Ἀλλ’

1058 452 1119 479 οὐδὲ
1131 452 1164 479 ὲκ
1176 451 1245 478 Θεοῦ
1257 451 1288 478 τὸ
1299 451 1383 478 κακόν
1393 459 1399 466 ·
1426 450 1443 486 ἢ
1456 449 1511 485 γὰρ
1527 450 1579 476 οὐκ
1589 449 1702 483 ἀγαθὸς,
1716 448 1733 483 ἢ
1747 446 1852 482 ἀγαθο-

1059 498 1146 529 ποιεῖ,
1169 497 1216 524 καὶ
1239 496 1330 532 ἁγαθά
1353 496 1490 532 παράγει·
1522 495 1571 522 καὶ
1593 495 1622 521 οὺ
1642 494 1708 521 ποτὲ
1724 494 1784 529 μὲν,
1801 492 1851 520 καί

1057 551 1128 575 τινα,
1154 541 1219 570 ποτὲ
1233 541 1315 575 ἃοῦ,
1338 542 1385 569 καὶ
1407 542 1436 568 οὐ
1455 542 1558 569 πάντα·
1583 539 1732 577 μεταϐολὴν
1753 538 1808 574 γὰρ
1818 538 1851 564 ἐν

1057 589 1145 625 τούτῳ
1158 589 1281 616 πείσεται
1297 588 1344 616 καὶ
1355 588 1507 621 ἀλλοίωσιν,
1522 588 1569 614 καὶ
1581 588 1644 623 περὶ
1656 587 1723 613 αὐτὸ
1733 585 1765 612 τὸ
1776 585 1849 612 πάν-

1057 643 1111 662 των
1132 635 1279 668 θειότατον,
1306 636 1355 672 τὴν
1380 635 1479 663 αἰτίαν.
1505 636 1535 662 El
1551 635 1580 661 δὲ
1602 636 1631 662 ὲν
1649 633 1710 669 Θεῷ
1729 632 1850 668 τάγαθὸν

1059 681 1175 718 ὓπαρξίς
1188 682 1271 713 ἐστιν,
1285 681 1362 708 ἔσται
1375 682 1390 708 ὁ
1402 681 1577 717 μεταόάλλων
1589 682 1621 708 ὲκ
1647 680 1766 715 τάγαθοῦ
1780 679 1850 711 Θεδς

1058 728 1123 755 ποτὲ
1138 727 1188 764 μὲν
1201 727 1250 760 ὣν,
1263 728 1328 754 me
1337 727 1365 754 δὲ
1377 728 1427 754 οὐκ
1438 727 1486 754 ὢν.
1499 728 1530 754 Εἰ
1546 727 1574 754 δὲ
1587 727 1693 763 μεθέξει
1704 726 1736 754 τὸ
1746 725 1851 760 ἀγαθδν

1057 773 1125 809 ἔχει,
1140 774 1189 801 καὶ
1199 772 1229 806 ἐξ
1244 773 1338 809 ἐτέρου
1353 774 1419 807 ἕξει,
1434 774 1482 801 καὶ
1497 774 1562 801 ποτὲ
1589 774 1638 810 μὲν
1650 772 1717 807 ἔξει,
1729 773 1796 800 ποτὲ
1818 773 1850 800 δὲ

1057 820 1108 856 οὐχ
1128 819 1193 853 ἔξει.
1210 819 1267 847 Οὐκ
1287 820 1341 856 ἄρα
1356 821 1388 847 ὲκ
1403 820 1471 847 Θεοῦ
1487 820 1518 847 τὸ
1536 820 1632 854 κακὸν,
1649 820 1712 848 οὗτε
1725 821 1754 848 ὲν
1767 819 1828 855 Θεῷ
1840 839 1850 853 ,

1057 866 1118 894 οὗτε
1133 866 1236 899 ἁπλῶς,
1252 867 1312 894 οὔτε
1325 867 1395 894 κατὰ
1408 868 1513 903 χρόνον.

215 911 427 948 participatione
464 912 565 943 bonum
591 912 709 946 habeat,
734 911 845 939 habebit
881 911 977 947 utique
1000 921 1034 940 ex
1061 913 1126 945 alio,
1147 918 1230 948 atque
1256 913 1324 941 alias
1346 914 1372 942 id
1399 915 1520 947 habebit,
1545 914 1613 943 alias
1642 922 1696 943 non
1724 913 1850 942 habebit.

217 958 319 987 lalum
331 959 413 995 igitur
426 966 478 987 nec
491 966 526 987 ex
539 959 604 991 Deo,
627 965 678 987 nec
701 958 729 986 in
755 957 822 991 Deo,
845 965 933 994 neque
944 959 1069 992 omnino,
1078 967 1167 995 neque
1177 963 1254 988 certo
1267 965 1398 996 tempore.
1613 973 1617 976 -

957 1039 971 1077 §
989 1038 1096 1070 XXII.

250 1115 321 1149 Quin
339 1122 372 1142 ne
390 1115 417 1142 in
432 1115 537 1151 angelis
551 1115 661 1150 quidem
676 1115 747 1144 inest
762 1115 876 1143 malum.
891 1115 920 1143 Si
932 1118 1004 1143 enim

1101 1115 1245 1143 ’Δλλ“οῡτε
1268 1117 1299 1145 ἐν
1320 1116 1448 1151 ἀγγέλοις
1469 1116 1529 1144 ἐστὶ
1553 1115 1587 1143 τδ
1613 1116 1708 1144 κακόν.
1734 1117 1766 1144 El
1792 1117 1852 1153 γὰρ

215 1162 304 1190 bonus
317 1160 431 1197 angelus
440 1161 559 1188 divinam
572 1161 694 1189 enuntiat
708 1162 869 1194 bonitatem,
879 1162 905 1189 id
918 1162 1006 1197 ipsum

214 1207 354 1235 exsistens
370 1207 521 1235 secundum
541 1207 781 1243 participationem
793 1208 914 1236 secundo
927 1208 1006 1235 ordi—

215 1261 263 1287 ne,
278 1254 351 1288 quod
375 1254 523 1281 secundum
542 1260 655 1281 causam
667 1258 709 1282 est
720 1254 747 1281 id
759 1254 831 1289 quod
846 1254 1007 1281 enuntiatur

215 1300 317 1335 primo,
331 1304 407 1327 certe
423 1299 536 1334 angelus
557 1304 600 1328 est
613 1300 704 1336 imago
719 1300 779 1332 Dei,
792 1304 821 1328 et
845 1301 940 1328 arcani
964 1300 1006 1327 lu-

215 1345 299 1373 minis
322 1345 484 1377 declaratio,
512 1345 651 1381 speculum
678 1354 787 1381 purutn,
809 1346 1005 1378 clarissimatu,

215 1392 366 1426 integrum,
380 1391 594 1425 immaculatum,
620 1391 825 1425 iutamiuatum,
840 1396 924 1420 totam
938 1391 966 1419 in
977 1399 1006 1419 se

215 1437 353 1472 recipiens
365 1437 399 1468 (si
421 1437 495 1465 dictu
522 1437 563 1466 fas
588 1439 640 1474 est)
669 1438 905 1473 pulchritudinem
923 1438 1005 1466 boni-

214 1484 312 1512 formis
332 1483 538 1517 deiformitatis,
562 1484 721 1521 liquidoque
750 1486 851 1522 (quoad
879 1486 938 1514 ﬁeri
957 1493 1006 1521 po-

214 1531 282 1566 test)
303 1531 330 1558 in
346 1531 495 1566 semetipso
510 1531 687 1566 resplendere
703 1532 807 1560 faciens
826 1531 1003 1560 secretissimi

214 1577 289 1606 illius
303 1578 406 1606 silentii
434 1578 599 1612 bonitatem,
614 1584 697 1614 atque
714 1580 782 1608 adeo
798 1587 887 1615 neque
901 1580 1005 1616 angelis

214 1625 287 1652 inest
299 1625 410 1657 malum;
421 1630 449 1652 at
464 1624 535 1658 quod
547 1630 706 1660 peccatores
719 1626 843 1661 puniant,
855 1626 917 1653 mali
930 1631 1004 1656 sunt.

214 1672 318 1700 Eadem
329 1671 453 1707 profecto
475 1671 583 1701 ratione
598 1677 773 1700 correctores
788 1672 1004 1707 delinquentium

215 1718 278 1745 mali
292 1723 384 1750 erunt,
395 1717 465 1745 sicut
475 1723 502 1746 et
514 1718 681 1750 sacerdotes,
693 1719 740 1754 qui
753 1717 898 1753 prolanum
911 1726 927 1745 a
943 1726 1002 1754 my-

214 1763 307 1792 steriis
318 1764 420 1792 divinis
440 1769 544 1791 arcent.
558 1764 641 1799 Atqui
657 1771 712 1792 non
729 1764 830 1791 malum
847 1769 890 1792 est
900 1765 1002 1799 puniri,

214 1809 263 1837 sed
275 1809 400 1844 supplicii
415 1817 490 1836 reum
503 1809 579 1842 fieri;
603 1810 642 1836 uti
657 1809 741 1837 etiam
751 1809 869 1845 aliquent
886 1818 901 1837 a
915 1811 1003 1839 sacris

213 1860 329 1891 propter
342 1855 477 1883 dcmcrita
493 1855 602 1883 excludi
630 1855 744 1883 minime
759 1856 859 1884 malum
883 1861 936 1888 est,
955 1857 1002 1884 sed

215 1901 365 1929 sceleribus
379 1900 567 1936 coinquinari,
590 1905 618 1928 et
641 1901 837 1929 sacratissimis
863 1903 1003 1937 mysteriis

214 1948 356 1984 indignum
370 1948 458 1981 reddi,
471 1948 631 1983 pessimum.

1057 1163 1215 1198 ἐξαγγέλλει
1236 1162 1287 1199 τὴν
1310 1163 1466 1199 ἀγαθότητα
1483 1163 1532 1199 τὴν
1549 1163 1625 1191 θείαν
1647 1164 1661 1191 ό
1684 1163 1850 1199 ἀγαθοειδὴς

1057 1209 1183 1244 ἄγγελος,
1215 1210 1303 1237 ἐκεῖνο
1325 1210 1365 1236 ὢν
1389 1209 1460 1236 κατά
1481 1208 1589 1245 μέθεξιν
1611 1209 1757 1245 δευτέρως,
1777 1210 1851 1245 ὅπερ

1057 1256 1118 1283 κατ’
1127 1256 1218 1283 αἰτίαν
1228 1255 1260 1282 τὸ
1273 1255 1470 1291 ἀγγελλόμενον
1488 1254 1614 1291 πρώτως,
1629 1255 1712 1282 εἰκών
1724 1256 1782 1282 ἔστι
1799 1255 1851 1282 τοῦ

1056 1301 1125 1329 Θεοῦ
1142 1303 1175 1318 ¹⁰⁶
1190 1302 1204 1328 ὸ
1215 1301 1341 1336 ἄγγελος,
1358 1302 1514 1337 φανέρωσις
1531 1301 1578 1328 τοῦ
1603 1300 1724 1336 ἀφανοῦς
1739 1301 1829 1336 φωτὸς
1840 1321 1849 1334 ,

1056 1348 1189 1384 ἔσοπτρον
1203 1348 1363 1384 ἀκραιφνὲς,
1378 1347 1565 1379 διειδέστατον,
1579 1347 1728 1382 ἁλώδητον,
1746 1347 1851 1382 ἄχραν-

1055 1401 1112 1426 τον,
1125 1392 1302 1429 ἀκηλίδωτον,
1318 1392 1504 1428 είσδεχόμενον
1524 1392 1589 1427 ὅλην
1600 1392 1635 1428 (εί
1650 1392 1728 1428 θέμις
1736 1391 1849 1428 εἰπεῖν),

1055 1440 1105 1476 τὴν
1116 1439 1273 1474 ὡραιὼητα
1286 1440 1336 1475 τῆς
1348 1439 1520 1474 ἀγαθοτύπου
1536 1440 1693 1472 θεοειδείας,
1717 1440 1764 1466 καὶ
1781 1439 1850 1475 ἀμι-

1056 1485 1113 1520 γῶς
1125 1485 1285 1522 ἀναλάμπον
1298 1487 1326 1512 ὲν
1337 1485 1425 1522 ἑαυτῷ
1438 1486 1576 1521 (καθάπερ
1589 1484 1645 1513 οἷόν
1654 1486 1684 1512 τέ
1698 1486 1780 1521 Em.)
1795 1486 1849 1522 τὴν

1055 1532 1212 1569 ἀγαθάτητα
1235 1533 1285 1568 τῆς
1300 1533 1328 1559 ὲν
1344 1532 1451 1564 ἀδύτοις
1477 1531 1558 1567 σιγῆς
1569 1539 1576 1547 ·
1600 1531 1652 1558 οὐκ
1673 1531 1728 1568 ἄρα
1741 1531 1803 1558 οὐδὲ
1817 1532 1849 1558 ὲν

1055 1579 1180 1614 ἀγγέλοις
1193 1580 1251 1606 ἐστὶ
1261 1579 1293 1606 τὸ
1306 1579 1399 1611 κακὸν,
1410 1578 1478 1606 ἀλλὰ
1490 1578 1530 1614 τῷ
1543 1578 1667 1611 κολάζειν
1679 1578 1742 1610 τοὺς
1756 1579 1848 1614 ἀμαρ-

1054 1625 1185 1658 τάνσντάις
1200 1626 1255 1652 εισι
1277 1625 1367 1652 κακοί.
1386 1625 1480 1661 Τούτῳ
1505 1624 1572 1660 γοῦν
1593 1625 1632 1660 τῷ
1651 1625 1724 1660 λόγῳ
1749 1626 1797 1652 καὶ
1821 1625 1848 1651 οἱ

1055 1673 1239 1710 σωφρονισταὶ
1266 1673 1321 1699 τῶν
1348 1671 1580 1708 πλημμελούντων
1603 1671 1698 1702 κακοὶ,
1729 1671 1849 1699 καὶτῶν

1056 1719 1151 1755 ἱερέων
1164 1719 1188 1745 οἱ
1200 1718 1246 1745 τὸν
1262 1717 1375 1753 βέϐηλον
1398 1717 1453 1744 τῶν
1463 1717 1544 1744 θείων
1569 1717 1725 1753 μυστηρίων
1749 1717 1849 1753 ἀπείρ-

1055 1773 1160 1799 γοντες.
1174 1764 1271 1791 Καίτοι
1283 1763 1344 1790 οὐδὲ
1354 1763 1385 1790 τὸ
1401 1763 1563 1795 κολάζεσθαι
1580 1764 1588 1778 ¹
1611 1763 1706 1795 κακὸν,
1722 1762 1792 1789 ἀλλὰ
1815 1762 1850 1790 τὸ

1055 1809 1129 1843 ἀξιον
1143 1809 1269 1844 γενέσθαι
1281 1809 1428 1842 κολάσεως,
1453 1808 1513 1835 οὐδὲ
1529 1809 1561 1835 τὸ
1575 1809 1635 1836 κατ’
1646 1808 1724 1840 ἀξίαν
1746 1808 1847 1843 ἀπείρ-

1055 1855 1151 1890 γεσθαι
1161 1855 1216 1882 τῶν
1243 1855 1332 1891 ιερῶν,
1343 1855 1412 1882 ἀλλά
1434 1855 1466 1882 τὸ
1478 1855 1562 1891 ἐναγῆ
1585 1855 1633 1882 καὶ
1651 1855 1758 1891 ἀνιερον
1771 1854 1849 1889 γενέ-

1056 1902 1128 1935 σθαι,
1145 1903 1194 1930 καὶ
1205 1902 1261 1929 τῶν
1273 1903 1415 1938 ἀχράντων
1429 1902 1626 1938 ἀνεπιτήδειον.

952 2004 1099 2043 sxqu

251 2089 306 2117 Sed
318 2095 406 2124 neque
417 2088 556 2116 daemones
576 2091 674 2115 natura
690 2094 739 2115 sua
762 2087 826 2116 mali
839 2092 919 2121 sunt;
937 2095 1002 2115 nam

215 2135 238 2162 si
251 2139 348 2162 natura
363 2135 426 2162 mali
447 2134 550 2167 forent,
565 2141 653 2169 neque
663 2141 697 2162 ex
709 2134 781 2162 bono
795 2139 900 2166 essent,
914 2142 1004 2169 neque

215 2182 243 2209 in
255 2186 353 2209 natura
366 2189 457 2209 rerum
469 2181 646 2213 exsisterent,
661 2188 750 2215 neque
770 2181 852 2208 etiam
869 2189 903 2209 ex
925 2181 1004 2209 bonis

216 2227 327 2260 mutati,
341 2228 364 2256 si
381 2232 479 2255 natura
507 2234 672 2262 semperque
692 2227 755 2254 mali
776 2231 867 2254 erant.
888 2226 1002 2259 Deinde,

216 2281 281 2300 num
294 2273 345 2301 sibi
365 2273 428 2301 mali
442 2278 517 2306 sunt,
528 2281 562 2300 an
577 2273 658 2301 aliis?
681 2273 710 2300 Si
726 2274 789 2308 sibi,
810 2274 892 2301 etiam
920 2274 1003 2308 seipsi

215 2320 352 2354 perimunt
363 2320 422 2352 ;sin
437 2319 508 2351 aliis,
525 2319 664 2353 quomodo
690 2319 862 2352 interimunt,
876 2324 924 2346 aut
936 2319 1002 2354 quid

215 2364 603 2395 iuterimunt?essentiamne.
618 2371 652 2391 an
676 2365 837 2399 potentiam,
858 2372 892 2392 an
912 2366 1001 2392 actio-

214 2410 338 2438 nem?Si
354 2411 513 2442 essentiam,
542 2410 661 2445 primum
689 2410 800 2445 quidem
821 2417 874 2437 non
903 2415 1000 2438 contra

1097 2087 1166 2114 Ἀλλ’
1181 2087 1243 2115 οὔτε
1260 2088 1284 2114 oi
1311 2087 1438 2124 δαίμονες
1459 2086 1539 2123 φύσει
1557 2085 1654 2113 κακοί·
1679 2086 1727 2112 καὶ
1748 2085 1806 2121 γάρ
1821 2087 1849 2114 ει

1056 2133 1137 2169 φύσει
1150 2135 1240 2166 κακοὶ,
1255 2133 1318 2161 οὔτε
1342 2135 1375 2160 ἐκ
1397 2131 1528 2168 τάγαθοῦ,
1553 2131 1616 2158 οὔτε
1637 2132 1667 2158 ὲν
1681 2132 1738 2163 τοῖς
1753 2129 1849 2164 οὖσιν,

1056 2180 1118 2207 οὕτε
1133 2179 1186 2216 μὴν
1198 2180 1228 2212 ἐξ
1250 2180 1361 2214 ἀγαθῶν
1390 2179 1547 2216 μετέϐαλον,
1573 2177 1654 2213 φύσει
1669 2178 1716 2205 καὶ
1734 2178 1778 2204 ἀεὶ
1796 2186 1848 2205 κα-

1056 2227 1100 2254 κοὶ
1111 2226 1196 2259 ὄντες.
1212 2228 1327 2254 Ἔπειτα
1337 2227 1443 2258 ἑαυτοῖς
1462 2227 1515 2252 εἰσι
1529 2225 1620 2256 κακοὶ,
1632 2224 1649 2259 ἢ
1671 2224 1777 2259 ἑτέροις
1789 2232 1796 2256 ;
1816 2224 1852 2251 Et

1059 2272 1108 2307 μὲν
1122 2271 1239 2304 ἑαυτοῖς,
1253 2272 1301 2298 καὶ
1315 2271 1471 2307 φθείρουσιν
1494 2270 1607 2302 ἑαυτούς
1617 2278 1624 2285 ’
1649 2270 1674 2296 εί
1695 2269 1724 2296 δὲ
1742 2269 1850 2302 ἀλλοις,

1057 2318 1115 2350 πῶς
1129 2317 1295 2354 φθείροντες,
1308 2318 1325 2354 ἢ
1339 2318 1365 2345 τί
1385 2318 1540 2354 φθείροντες
1552 2325 1559 2350 ;
1570 2316 1676 2348 οὐσίαν,
1690 2315 1707 2351 ἢ
1719 2315 1850 2351 δύναμιν,

1056 2364 1073 2400 ἢ
1091 2364 1248 2399 ἐνέργειαν;
1264 2365 1296 2391 Et
1321 2364 1371 2400 μὲν
1385 2363 1490 2396 οὐσίαν,
1515 2363 1622 2399 πρῶτον
1648 2362 1698 2398 μὲν
1724 2363 1755 2389 οὐ
1769 2363 1852 2398 παρά

1056 2409 1155 2444 φύσιν·
1199 2409 1235 2437 τὰ
1267 2409 1321 2445 γὰρ
1347 2409 1427 2444 φύσει
1459 2408 1585 2445 ἄφθαρτα
1615 2409 1646 2435 οὐ
1676 2408 1849 2444 φθείρουσιν,

214 2462 343 2484 naturam
355 2455 379 2483 id
392 2455 512 2489 iaciunt;
539 2463 599 2490 qua:
621 2455 694 2483 enim
717 2460 814 2483 natura
826 2463 875 2483 sua
890 2456 1003 2485 interire

1057 2455 1123 2482 ἀλλὰ
1132 2455 1168 2482 τὰ
1179 2455 1292 2482 δεκτικὰ
1306 2455 1418 2491 φθορᾶς.
1449 2456 1565 2482 Ἔπειτα
1580 2454 1641 2481 οὐδὲ
1663 2454 1744 2481 τοῦτο
1762 2455 1850 2482 παντὶ

214 2510 268 2529 non
285 2506 408 2537 possunt.
422 2509 454 2529 ea
475 2510 527 2530 non
541 2503 718 2535 interimunt,
741 2503 789 2531 sed
810 2510 842 2530 ea
855 2511 918 2538 qua:
940 2511 1002 2531 cor-

215 2548 335 2583 ruptioni
357 2547 561 2576 suntobnoxia.
572 2548 674 2575 Deinde
686 2556 718 2575 ne
731 2548 757 2575 id
780 2548 891 2583 quidem
911 2556 1000 2576 omm-

213 2591 265 2618 hus
275 2596 302 2618 et
316 2591 429 2620 omnino
440 2592 541 2619 malum
559 2597 618 2625 est;
642 2599 693 2619 nec
714 2599 778 2620 vero
789 2592 938 2627 quidquam
953 2601 1001 2621 eo-

213 2645 274 2664 rum
287 2645 349 2672 quae
360 2642 425 2666 sunt
438 2638 545 2669 interit.
555 2644 691 2673 quatenus
705 2639 826 2666 essentia
847 2644 928 2668 estet
950 2648 1000 2668 na-

214 2689 286 2717 tura,
302 2685 350 2713 sed
362 2685 468 2712 defectu
485 2686 620 2713 naturalis
642 2686 759 2718 ordinis,
775 2687 961 2722 congruentia:
972 2692 999 2714 et

212 2731 418 2766 compositionis
435 2732 505 2759 ratio
516 2731 685 2765 debilitatur,
697 2740 758 2760 cum
771 2732 798 2760 in
811 2733 908 2761 eodem
926 2737 1000 2761 statu

1055 2503 1102 2530 καὶ
1115 2503 1203 2538 πάντη
1216 2503 1316 2530 κακόν⁷
1337 2502 1394 2530 ἀλλ’
1405 2502 1466 2529 οὐδὲ
1478 2501 1617 2537 φθείρεται
1632 2510 1660 2528 τι
1676 2501 1731 2528 τῶν
1747 2500 1848 2534 ὄντων,

1055 2549 1117 2575 καθ’
1131 2548 1145 2575 ὃ
1156 2549 1234 2575 οὐσία
1259 2549 1305 2576 καὶ
1329 2548 1421 2583 φύσις,
1440 2549 1509 2576 ἀλλὰ
1522 2549 1556 2584 τῇ
1581 2547 1698 2582 ἐλλείψει
1709 2547 1759 2582 τῆς
1773 2546 1850 2573 κατά

1054 2595 1136 2629 φύσιν
1148 2595 1262 2627 τάξεως,
1284 2596 1298 2621 ὁ
1316 2595 1367 2630 τῆς
1381 2595 1513 2631 ἁρμονίας
1532 2594 1580 2621 καὶ
1603 2594 1652 2630 τῆς
1674 2593 1848 2629 συμμετρίας

1054 2638 1132 2673 λόγος
1157 2639 1266 2666 ἀσθενεῖ
1279 2639 1368 2675 μένειν
1385 2639 1517 2672 ὡσαύτως
1530 2639 1608 2674 ἔχων.
1630 2639 1663 2665 'ﬂ
1675 2639 1703 2666 δὲ
1718 2638 1848 2665 ἀσθένεια

1053 2685 1084 2711 οὐ
1097 2686 1231 2721 παντελής
1240 2694 1247 2700 ·
1272 2687 1297 2713 εί
1311 2685 1365 2722 γὰρ
1378 2686 1524 2722 παντελὴς,
1544 2686 1591 2712 καὶ
1606 2684 1656 2720 τὴν
1671 2683 1785 2720 φθορὰν,
1798 2684 1848 2711 καὶ

1052 2732 1274 2767 τδὺποκείμενον
1290 2733 1388 2766 ἀνεῖλε,
1414 2734 1460 2760 καὶ
1487 2732 1563 2759 ἔσται
1581 2732 1597 2768 ἡ
1624 2730 1737 2767 τοιαύτη
1756 2731 1848 2768 φθορὰ

856 2812 973 2840 VARIE
992 2812 1194 2842 LECTIONI‘IS.

267 2883 299 2898 ³³³
314 2882 359 2908 τοῦ
371 2882 484 2917 ἀγαθοῦ,
500 2882 531 2910 Ι).
580 2884 586 2900 ¹
605 2882 740 2916 κολάζειν.
