1938 3065
129 164 137 185 ¹.
142 159 198 188 735

673 157 716 187 DE
731 157 857 187 DIVINIS
873 156 1071 190 NOIINIBUS,
1088 156 1163 185 CAP.
1181 156 1236 192 IV.I

1708 154 1760 181 πο

143 218 192 245 καὶ
205 217 302 252 ἑαυτῆς
315 217 402 252 φθορά
410 225 419 232 ⁸
447 214 518 246 Fers
538 216 569 244 τδ
580 216 699 244 τοιοῦτον
710 217 740 244 οὐ
761 217 856 250 κακὸν,
870 217 923 243 ἀλλ’

979 222 1090 242 manere
1101 215 1221 242 deberet.
1250 213 1424 241 lmbecillitas
1446 218 1536 244 autem
1557 219 1612 241 non
1633 217 1676 240 at
1699 220 1761 247 per-

143 263 266 295 ὲλλειπὲς
280 262 398 297 ἀγαθόν’
420 261 452 289 τὺ
474 263 529 298 γὰρ
557 263 644 298 πάντη
666 263 779 299 ἄμοιρον
795 261 842 289 τοῦ
860 262 929 295 ἀγα-

140 308 203 339 θοῦ,
215 308 278 335 οὔτε
294 309 322 335 ὲν
339 309 396 340 τοῖς
413 305 488 335 οὖσιν
499 307 575 334 ἐσται
584 316 591 322 ·
603 307 652 334 καὶ
665 307 728 343 περὶ
740 307 790 342 τῆς
801 308 841 338 εις
849 305 929 333 δύνα-

144 362 192 389 μιν
216 353 264 380 καὶ
294 353 433 389 ἐνέργειαν
460 352 562 388 φθορᾶς
589 352 604 378 ό
630 352 710 383 αὐτὸς
731 351 819 386 λόγος.
845 349 928 383 Εἶτα,

142 399 239 431 nixo!
249 399 282 426 ἐκ
294 397 362 425 Θεοῦ
380 399 519 434 γενόμενοι
537 397 661 433 δαίμονές
685 397 738 424 εἰσι
763 396 842 423 κακοί
858 404 866 429 ;
893 396 930 422 Τδ

116 464 121 468 ι
141 444 198 480 γὰρ
214 444 312 479 ἀγαθὸν
344 443 434 478 ἀγαθὰ
446 443 564 478 παράγει
583 442 630 469 καὶ
654 442 791 478 ὑφίστησι.
822 440 929 472 Καίτοι,

141 489 265 524 λέγονται
282 490 370 521 κακοὶ,
384 489 449 525 φαίη
463 498 505 522 τις
517 488 549 516 ἂν
563 489 607 521 ⁸-³,
621 488 677 515 ἀλλ’
692 489 722 516 οὒ
737 488 804 523 καθἸ
816 488 830 514 ὃ
850 489 929 519 εἰσιν,

137 534 189 569 ’(ὲκ
211 534 330 568 τάγαθοῦ
342 534 396 570 γάρ
416 535 478 566 εἰσι,
499 533 546 560 καὶ
556 533 661 569 ἀγαθὴν
686 533 782 568 ἔλαχον
806 532 899 560 οὐσίαν
909 532 928 568 ·)

139 579 210 607 ἀλλὰ
228 580 288 606 καθ’
300 580 314 606 ὂ
327 580 378 607 οὐκ
390 579 470 611 εἰσὶν,
483 578 710 612 ἀσθενήσαντες
723 578 770 614 (ὡς
794 577 830 605 τὰ
843 577 930 612 Λόγιά

142 625 221 661 φησι)
245 625 373 659 τηρῆσαι
387 624 444 658 τὴν
458 623 573 652 ἑαυτῶν
584 624 682 658 ἀρχήν
693 647 699 654 ,
717 624 760 650 Ἐν
786 623 840 649 τίνι
864 622 928 658 γὰρ,

141 668 204 696 εἰπέ
228 677 287 704 μοι,
301 668 465 696 κακύνεσθαί
487 678 576 704 φαμεν
597 669 661 701 τοὺς
684 668 825 703 δαίμονας,
842 669 867 694 ει
892 667 929 703 μὴ

138 714 171 740 ἐν
184 716 218 750 τῇ
233 715 331 740 παύσει
341 714 391 749 τῆς
401 714 455 741 τῶν
470 713 549 741 θείων
567 713 677 748 ἀγαθῶν
689 713 771 746 ἕξεως
796 713 842 739 καὶ
855 714 930 748 ἐνερ-

140 760 234 794 γείας;
249 760 336 792 ἄλλως
349 768 390 791 τε,
405 761 429 786 εί
442 760 521 795 φύσει
542 760 622 786 κακοὶ
632 760 656 786 οι
670 759 805 795 δαίμονες,
824 759 867 785 ἀεὶ
881 767 930 786 κα-

139 802 200 829 κοί·
221 802 310 829 καίτοι
324 803 354 829 τὸ
374 803 459 830 κακὸν
472 803 587 830 ἄστατόν
601 803 684 830 ἐστιν.
703 803 821 836 οὐκοῦν,
843 804 867 831 εῑ
885 804 930 831 ἀεὶ

139 847 271 881 ὡσαύτως
287 848 404 884 ἔχουσιν,
421 849 451 876 οὺ
469 849 566 876 κακοίο
582 849 613 875 τὸ
627 849 681 884 γὰρ
696 849 740 876 ἀεὶ
763 849 861 876 ταύτὸν
881 849 928 875 τοῦ

980 261 1066 294 lecta;
1080 268 1141 287 nam
1154 260 1178 288 si
1190 260 1303 288 omnino
1324 260 1443 294 perfecta
1459 259 1542 292 foret,
1556 263 1584 287 et
1608 259 1762 293 corruptio-

980 314 1041 335 nem
1060 307 1148 341 ipsam
1175 310 1204 333 et
1233 305 1386 340 subjectum
1406 304 1465 338 ejus
1491 312 1507 332 e
1527 304 1616 332 medio
1642 303 1760 336 tolleret,

979 358 1104 389 essetque
1133 352 1196 381 talis
1226 351 1366 387 corruptio
1392 351 1433 379 sui
1457 358 1566 386 quoque
1581 350 1761 386 ipsiusinter-

981 396 1037 425 itus
1054 416 1063 430 ,
1111 398 1228 434 ideoque
1255 398 1337 426 etiam
1365 403 1396 425 ut
1417 397 1478 424 talis
1511 404 1563 425 non
1598 402 1670 425 esset
1701 403 1759 423 ma-

979 444 1047 484 lum,
1057 445 1105 472 sed
1115 444 1246 472 deﬁciens
1257 443 1358 471 bonum
1370 450 1379 477 ;
1390 451 1454 470 nam
1469 443 1539 477 quod
1552 443 1664 471 omnino
1677 442 1761 478 369

979 496 1078 525 expers
1091 490 1154 519 boni
1165 495 1219 523 est,
1234 498 1268 518 ne
1284 489 1392 525 quidem
1411 497 1455 517 res
1466 489 1529 521 erit,
1543 489 1691 524 eademque
1711 496 1759 516 ra-

981 537 1019 564 tio
1031 537 1066 574 de
1079 535 1234 571 corruptela
1252 535 1379 570 potentiae
1404 538 1432 561 et
1449 533 1578 561 actionis.
1611 532 1759 566 Praterea,

979 582 1115 616 quomodo
1141 581 1288 614 daemones,
1312 580 1359 615 qui
1385 579 1474 608 effecti
1491 584 1557 606 sunt
1574 586 1590 605 a
1616 577 1681 611 Deo,
1696 577 1759 606 mali

979 632 1042 654 sunt
1055 627 1067 654 ‘I
1078 627 1180 654 Bonum
1191 626 1262 654 enim
1280 626 1350 654 bona
1359 624 1461 660 profert
1476 629 1504 652 et
1517 624 1632 652 stabilit.
1659 624 1759 652 Verum

979 671 1050 699 dicet
1072 671 1181 707 aliquis,
1209 678 1258 699 eos
1281 671 1367 698 malos
1384 670 1516 705 appellari
1543 677 1595 697 non
1610 669 1760 698 secundum

979 717 1049 752 quod
1062 721 1124 745 sunt
1137 716 1182 752 (ex
1193 717 1263 745 bono
1277 716 1349 744 enim
1359 721 1433 750 sunt,
1446 715 1599 751 bonamque
1613 715 1704 743 sortiti
1716 722 1761 745 es-

979 763 1124 806 sentiam),
1141 762 1188 790 sed
1199 769 1233 790 ex
1243 769 1275 790 eo
1285 762 1357 797 quod
1373 769 1425 789 non
1441 767 1513 794 sunt,
1529 762 1592 796 quia
1604 769 1656 788 non
1672 765 1760 787 curto-

979 808 1084 834 dierunt
1097 812 1139 843 (ut
1156 807 1267 842 Eloquia
1283 807 1427 842 testantur)
1443 806 1623 841 principatum
1638 813 1715 832 suum
1731 811 1757 831 ι.

979 851 1007 879 In
1025 860 1080 888 quo
1092 852 1176 884 enim.
1190 852 1234 879 dic
1248 852 1358 884 amabo,
1375 851 1512 879 daemones
1536 851 1700 886 depravatos
1714 849 1759 877 di-

138 894 242 929 ἆγαθοῦ
252 894 326 921 ἴδιον.
350 895 381 921 El
391 895 419 922 δὲ
429 895 478 922 οὐκ
489 895 532 922 ἀεὶ
541 895 630 927 κακοὶ,
637 895 668 922 οὐ
680 894 758 930 φῦσει
772 895 862 928 κακοὶ,
871 895 923 922 ἀλλ’

980 898 1077 930 cimus.
1104 897 1157 924 nisi
1182 896 1256 932 quod
1276 896 1370 924 divina
1399 896 1472 923 bona
1490 895 1560 923 velle
1577 900 1605 922 et
1627 894 1760 930 perﬁcere

138 941 227 977 ἐνδείᾳ
245 940 299 967 τῶν
310 941 461 976 ἀγγελικιῖΝ
474 941 593 976 ἀγαθῶν.
605 941 659 968 Καὶ
673 942 704 968 οὗ
718 942 805 977 πάντη
817 942 925 978 ἄμοιροι

138 985 187 1012 τοῦ
202 986 314 1021 ἀγαθοῦ,
329 986 389 1014 καθ’
400 987 469 1014 dmi.
481 987 546 1020 εῐσὶ,
555 987 602 1014 καὶ
615 987 693 1020 ζῶσι,
709 987 757 1014 καὶ
770 987 869 1019 νοοῦσι,
878 987 925 1014 καὶ

138 1032 207 1064 ὅλως
219 1033 277 1059 ἐστι
300 1041 342 1065 τις
359 1034 388 1060 ὲν
402 1033 493 1065 αὐτοῖς
517 1033 637 1068 ἐφέσεως
654 1034 762 1069 κίνησις
773 1041 780 1048 '
801 1033 882 1060 κακοὶ
895 1033 925 1061 δὲ

138 1075 209 1105 ιῖναι
217 1078 340 1113 λέγονται
352 1078 397 1106 διὰ
408 1079 439 1106 τδ
453 1079 574 1106 ἀσθενεῖν
585 1080 648 1115 περὶ
657 1080 707 1115 τὴν
717 1080 787 1106 κατὰ
795 1079 875 1114 φύσιν
886 1079 926 1107 ὲν-

137 1123 257 1159 ἄργειαν.
273 1124 440 1160 Παρατροπὴ
452 1122 498 1151 οὖν
519 1125 592 1151 ἐστιν
603 1124 693 1156 αὐτοῖς
707 1125 737 1151 τὸ
759 1125 853 1158 κακὸν,
877 1126 925 1152 καὶ

136 1170 192 1196 τῶν
204 1170 395 1206 προσηκόντων
409 1171 500 1202 αὐτοῖς
514 1171 635 1203 ἔκϐασις,
659 1172 706 1198 καὶ
729 1171 850 1204 ἀτευξία,
876 1173 924 1200 καὶ

137 1214 257 1247 ἀτέλεια,
275 1216 321 1242 καὶ
331 1216 477 1252 ἀδυναμία,
493 1217 540 1243 καὶ
553 1217 603 1252 τῆς
616 1216 755 1253 σωζούσης
766 1218 816 1253 τὴν
829 1218 859 1244 ὲν
873 1219 923 1245 αὐ-

136 1263 194 1293 τοῖς
208 1262 363 1298 τελειότητα
382 1263 523 1299 δυνάμεως
544 1264 667 1291 ἀσθένεια
680 1265 727 1292 καὶ
736 1265 862 1301 ἀποφυγὴ
877 1266 923 1292 καὶ

136 1307 305 1340 ἁπόπτωσις.
321 1308 423 1340 Ἄλλως
434 1317 474 1340 τε,
489 1309 516 1335 τί
525 1309 555 1336 τὸ
563 1310 592 1336 ἐν
599 1310 708 1346 δαίμοσι
718 1311 802 1338 κακόν
813 1318 821 1344 ;
833 1311 923 1346 Θυμὺς

135 1353 242 1388 ﬁam,
257 1353 336 1385 ἄνους
357 1354 498 1390 ἐπιθυμία,
513 1356 647 1389 φαντασία
659 1356 809 1392 προπετὴς.
843 1355 923 1383 Ἀλλὰ

134 1399 232 1431 ταῦτα,
251 1400 276 1426 εί
288 1400 334 1426 καὶ
352 1400 381 1426 ὲν
398 1400 522 1436 δαίμοσιν
541 1402 620 1433 εἰσὶν,
636 1402 665 1428 οὐ
681 1403 782 1438 πάντη,
796 1402 859 1430 οὐδὲ
873 1403 920 1430 ἐπὶ

133 1445 254 1477 πάντων,
266 1445 326 1472 οὐδὲ
334 1445 404 1473 αὐτὰ
417 1446 477 1473 καθ’
487 1446 560 1474 αὑτά
571 1448 653 1475 κακά.
668 1449 723 1475 Καὶ
733 1447 787 1484 γὰρ
808 1448 851 1483 ἐφ’
862 1448 922 1474 ἑτέ-

132 1498 191 1525 ρων
208 1489 284 1523 ζώων
296 1491 345 1526 οὐχ
356 1492 373 1527 ἠ
388 1491 480 1527 σχέσις
490 1492 602 1525 τούτων,
616 1493 673 1520 ἀλλ’
685 1494 700 1529 ἡ
711 1493 850 1529 ἀναίρεσίς
863 1493 922 1520 ἐστι

133 1535 182 1562 καὶ
195 1535 282 1572 φθορὰ
293 1537 333 1572 τῷ
340 1537 402 1573 ζώῳ
413 1538 433 1570 δ,
442 1539 489 1565 καὶ
497 1539 580 1566 κακόν
591 1548 598 1555 ·
613 1540 629 1575 ἡ
639 1539 668 1566 δὲ
677 1539 769 1575 σχέσις
782 1539 862 1572 σώζει
873 1539 922 1566 καὶ

975 943 1155 971 destitenmt?
1166 943 1298 978 alioquin,
1316 942 1339 970 si
1355 946 1453 969 natura
1468 941 1532 968 mali
1546 944 1640 968 essent
1657 939 1760 967 daemo-

975 997 1033 1024 nes,
1048 997 1156 1025 semper
1173 989 1290 1017 fuissent
1315 988 1398 1021 mali;
1420 987 1495 1022 atqui
1509 987 1610 1014 malum
1628 985 1760 1014 instabile

973 1042 1026 1065 est.
1051 1036 1183 1072 Siitaque
1201 1042 1308 1069 semper
1325 1034 1420 1063 codem
1438 1033 1518 1062 modo
1535 1040 1565 1061 se
1577 1032 1689 1065 liabent,
1706 1039 1758 1060 non

973 1087 1038 1111 sunt
1050 1082 1202 1116 mali;nam
1230 1081 1324 1109 eodem
1351 1079 1432 1108 modo
1450 1086 1558 1115 semper
1587 1086 1618 1107 se
1645 1077 1758 1110 habere.

973 1128 1113 1164 proprium
1125 1132 1167 1156 est
1181 1127 1255 1155 boni.
1282 1126 1311 1154 Si
1327 1130 1418 1153 autem
1431 1133 1484 1153 non
1494 1132 1602 1160 semper
1617 1124 1692 1158 mali,
1709 1131 1758 1151 ne-

973 1180 1025 1208 que
1040 1178 1136 1201 natura
1152 1172 1216 1199 mali
1236 1176 1310 1203 sunt,
1327 1171 1376 1200 sed
1388 1169 1495 1198 defectu
1509 1170 1695 1205 angelicorum
1709 1168 1758 1196 bo-

973 1226 1082 1247 norum.
1106 1218 1199 1253 Neque
1221 1225 1286 1244 vero
1299 1217 1408 1252 penitus
1436 1220 1564 1251 expertes
1593 1215 1657 1243 boni
1680 1219 1757 1246 sunt.

972 1269 1106 1300 quatenus
1120 1268 1193 1296 sunt.
1209 1263 1319 1295 vivunt,
1337 1262 1501 1298 intelligunt.
1515 1261 1626 1296 illisque
1644 1261 1759 1288 omnino

972 1311 1044 1339 inest
1068 1310 1180 1345 quidam
1196 1315 1287 1336 motus
1299 1308 1428 1336 desiderii
1441 1316 1449 1340 ;
1464 1308 1541 1342 pravi
1552 1312 1645 1335 autem
1657 1306 1755 1333 dicun-

974 1362 1028 1388 tur,
1043 1361 1180 1391 quatenus
1207 1356 1234 1383 in
1261 1355 1379 1382 naturali
1395 1354 1502 1382 actione
1516 1358 1580 1382 sunt
1595 1352 1756 1380 imbecilles.

972 1402 1134 1438 Depravatio
1155 1402 1238 1437 igitur
1263 1401 1304 1428 eis
1330 1400 1430 1428 malum
1455 1404 1508 1433 est,
1537 1405 1685 1433 rerumque
1702 1397 1757 1424 illis

972 1448 1194 1476 convenientium
1210 1447 1331 1475 desertio
1341 1447 1548 1482 lrustratioque,
1562 1450 1644 1479 atque
1656 1445 1756 1479 imper-

971 1494 1054 1522 fectio
1069 1499 1097 1522 et
1128 1494 1310 1529 impotentia;
1329 1492 1522 1527 facultatisque
1548 1491 1574 1519 in
1596 1491 1638 1519 eis
1663 1491 1755 1527 perle-

971 1540 1090 1568 ctionem
1103 1539 1290 1568 conservantis
1305 1539 1463 1570 inlirmitas,
1479 1543 1507 1565 et
1518 1537 1628 1565 abactio
1638 1557 1647 1571 ,
1663 1541 1691 1564 et
1714 1536 1755 1563 di-

132 1579 203 1608 εἷναι
219 1584 292 1609 ποιεῖ
302 1583 351 1618 τὴν
360 1583 445 1610 ταῦτα
456 1584 570 1620 ἔχουσαν
589 1585 636 1611 τοῦ
653 1585 722 1617 ζώου
750 1585 840 1620 φύσιν.
863 1586 921 1613 οὐκ

973 1584 1067 1620 lapsio.
1093 1584 1162 1619 Quid
1176 1592 1242 1613 vero
1255 1589 1387 1619 praeterea
1405 1584 1505 1611 malum
1520 1583 1548 1610 in
1564 1581 1756 1609 dazmonibus?

129 1626 188 1663 ἄρα
197 1627 282 1654 κακὸν
295 1628 324 1655 τὸ
331 1628 469 1665 δαιμόνιον
479 1630 570 1665 φῦλον,
584 1628 668 1668 ᾖὲστι
678 1631 749 1658 κατὰ
760 1631 850 1666 φύσιν,
862 1631 922 1658 ἀλλ’

132 1670 151 1709 ᾖ
177 1673 227 1700 οὐκ
241 1674 310 1701 ἔστι.
332 1675 387 1702 Καὶ
402 1676 453 1702 οὐκ
468 1676 600 1713 ἠλλοιώθη
611 1677 640 1704 τὸ
653 1677 729 1704 δοθὲν
753 1679 844 1711 αὐτοῖς
860 1679 921 1706 ὅλον

132 1718 242 1754 ἒγαθὸν,
256 1720 314 1747 ἀλλ’
326 1721 402 1748 αὐτοὶ
413 1721 460 1748 τοῦ
481 1723 604 1754 δοθέντος
616 1723 845 1751 ἀποπεπτώκασιν
859 1725 920 1752 ὅλου

130 1763 245 1798 ἀγαθοῦ.
258 1765 313 1792 Καὶ
321 1765 371 1798 τὰς
383 1765 508 1798 δοθείσας
528 1766 620 1799 αὐτοῖς
636 1767 784 1801 ἀγγελικὰς
804 1767 918 1803 δωρεὰς,

130 1809 162 1836 οὐ
178 1810 281 1845 μήποτε
291 1810 377 1843 αὑτὰς
390 1811 551 1847 ἠλλοιῶσθαι
579 1820 668 1847 φαμεν
681 1812 691 1828 ⁸
704 1821 711 1828 ’
724 1812 781 1839 ἀλλ’
796 1813 850 1839 eici.
873 1814 919 1840 καὶ

129 1854 281 1891 ὁλόκληροι,
295 1856 342 1883 καὶ
355 1858 497 1892 παμφαεῖς
507 1858 570 1890 εισι,
591 1858 642 1884 κᾶν
654 1858 730 1884 αὐτοὶ
744 1857 782 1894 μὴ
806 1858 917 1893 ὁρῶσιν,

129 1900 321 1936 ἁπμὺσαντες
330 1902 420 1929 αὐτῶν
431 1903 441 1918 ⁸
450 1902 499 1934 τὰς
507 1902 694 1937 ἀγαθοπτικὰς
701 1903 840 1939 δυνάμεις.
860 1904 921 1933 Ὥσ-

129 1954 160 1974 τε
171 1947 186 1974 δ
199 1947 262 1979 εισι,
278 1947 326 1974 καὶ
334 1948 366 1974 ὲκ
374 1948 492 1982 τάγαθοῦ
503 1950 567 1980 εισι,
580 1949 627 1977 καὶ
638 1949 745 1984 ἀγαθοὶ,
758 1949 861 1976 καὶτοῦ
869 1959 918 1977 κα-

130 1991 178 2019 λοῦ
195 1993 242 2019 χαὶ
253 1993 357 2027 ἀγαθοῦ
367 1994 498 2028 ἐφίενται,
506 1994 553 2021 τοῦ
563 1992 643 2027 εἶναι,
657 1996 703 2022 καὶ
713 1994 772 2031 ζῇν,
782 1996 830 2022 καὶ
837 1997 916 2029 νοεῖν,

127 2038 183 2065 τῶν
192 2038 276 2066 ὄντων
286 2039 434 2076 ἐφιέμενοι·
452 2041 499 2067 καὶ
507 2042 540 2077 τῇ
552 2041 688 2077 στερήσει,
702 2042 748 2068 καὶ
755 2042 883 2078 ἀποφυγῇ
894 2042 916 2074 ⁷,

128 2084 178 2110 καὶ
200 2084 355 2112 ἀποπτώσει
372 2085 427 2112 τῶν
451 2086 643 2122 προσηκόντων
671 2087 762 2119 αὐτοῖς
789 2087 915 2122 ἀγαθῶν,

128 2128 251 2164 λέγονται
277 2130 374 2157 κακοί-
393 2131 439 2158 καί
463 2131 517 2158 εισι
535 2131 625 2164 κακοὶ,
650 2131 710 2158 καθ’
736 2131 751 2158 ὃ
768 2132 818 2159 οὐκ
840 2132 914 2159 εισι·

128 2175 177 2202 καὶ
198 2175 245 2203 τοῦ
274 2176 311 2212 μὴ
331 2176 407 2209 ὄντος
427 2177 564 2212 ἐφιέμενοι
579 2196 587 2209 ,
610 2176 658 2204 τοῦ
684 2177 769 2204 κακοῦ
783 2178 914 2213 ἐφίενται.

971 1630 1059 1658 Furor
1071 1630 1246 1663 irrationalis,
1271 1630 1490 1666 concupiscentia
1505 1629 1616 1657 demens
1627 1648 1635 1661 ,
1657 1627 1755 1661 imagi-

971 1677 1045 1704 natio
1060 1683 1190 1711 przeceps.
1215 1677 1317 1704 Verum
1331 1676 1382 1703 ista
1397 1674 1507 1702 tametsi
1521 1673 1690 1701 daemonibus
1708 1673 1752 1699 In-

970 1723 1034 1755 sint.
1048 1730 1100 1751 non
1111 1728 1203 1751 tamen
1219 1723 1357 1755 omnibus,
1379 1729 1468 1757 neque
1480 1721 1591 1749 omnino
1599 1719 1683 1747 etiam
1694 1718 1754 1753 ipsa

969 1776 1019 1804 per
1034 1776 1065 1797 se
1078 1769 1150 1797 mala
1166 1773 1240 1797 sunt.
1254 1769 1359 1796 Etenim
1379 1768 1407 1795 in
1430 1767 1491 1795 aliis
1511 1765 1674 1793 animalibus
1699 1772 1753 1791 non

969 1814 1122 1842 istiusmodi
1149 1814 1267 1848 all'ectio,
1286 1814 1334 1841 sed
1359 1813 1482 1848 ejusdem
1511 1811 1628 1847 privatio
1662 1812 1754 1846 potius

969 1861 1096 1889 interitus
1108 1861 1220 1888 exsistit
1234 1859 1404 1892 animalium,
1427 1863 1455 1886 et
1478 1857 1599 1891 malum;
1614 1857 1673 1891 ipsa
1689 1863 1753 1883 vero

967 1906 1075 1934 aﬂ'ectio
1086 1913 1133 1941 per
1157 1913 1234 1933 suam
1248 1905 1433 1933 habitudinem
1454 1902 1600 1935 servat,a'c
1612 1901 1754 1929 constituit

967 1957 1094 1980 naturam
1108 1951 1234 1979 animalis
1246 1951 1309 1979 dum
1325 1950 1378 1978 ista
1392 1950 1484 1977 habet.
1509 1947 1568 1976 Non
1594 1947 1687 1983 itaque
1706 1955 1753 1982 ge-

967 2005 1020 2025 nus
1040 1998 1193 2025 daemonum
1214 1996 1324 2025 exsistit
1350 1995 1463 2029 malum,
1493 1999 1627 2030 quatenus
1647 1998 1752 2021 natura

967 2051 1023 2071 sua:
1041 2042 1196 2078 respondet,
1216 2043 1264 2070 sed
1288 2047 1425 2077 quatenus
1447 2045 1589 2077 repugnat.
1604 2039 1752 2075 Nequeto-

966 2093 1023 2116 tum
1048 2088 1160 2121 bonum.
1187 2088 1259 2123 quod
1289 2087 1344 2116 illis
1368 2094 1528 2115 concessum
1563 2090 1617 2118 est,
1642 2085 1751 2121 penitus

965 2140 1090 2161 eversum
1109 2132 1231 2166 est;sed
1254 2131 1364 2167 ipsimet
1387 2140 1402 2159 a
1427 2136 1484 2159 toto
1509 2132 1590 2163 bono,
1615 2129 1688 2166 quod
1717 2130 1751 2157 iis

967 2178 1096 2206 traditum
1110 2182 1183 2211 erat,
1206 2178 1378 2207 exciderunt.
1393 2176 1486 2213 Neque
1506 2177 1623 2205 dicimus
1646 2175 1751 2212 angeli-

964 2230 1012 2251 cas
1025 2223 1115 2257 dotes,
1139 2231 1207 2259 quas
1220 2228 1394 2259 acceperant,
1407 2224 1517 2258 penitus
1529 2230 1648 2258 unquam
1663 2222 1749 2250 fuisse

126 2267 295 2301 immntatas.
309 2269 358 2296 sed
381 2270 529 2297 etiamnum
551 2269 670 2305 integras
692 2276 754 2297 esse
773 2269 905 2305 planeque
916 2269 1090 2305 conspicuas,
1110 2270 1237 2304 quamvis
1252 2277 1299 2297 eas
1309 2269 1363 2305 ipsi
1386 2269 1499 2296 tninime
1524 2273 1650 2303 cernant,
1676 2269 1749 2304 quod

124 2313 233 2341 videndi
246 2314 317 2342 vires
328 2314 525 2348 abstruserint,
539 2315 639 2350 quibus
652 2315 722 2342 bona
732 2323 781 2343 sua
794 2320 906 2350 possent
921 2315 1034 2345 intueri.
1056 2315 1147 2349 Quare
1161 2317 1236 2351 quod
1250 2317 1315 2348 sint,
1330 2321 1358 2343 et
1373 2323 1406 2342 es
1419 2315 1492 2343 bono
1515 2320 1589 2347 sunt,
1618 2319 1647 2343 et
1673 2315 1747 2356 boni.

123 2363 154 2387 et
168 2358 310 2393 pulchrum
326 2359 637 2395 bonumqueappetunt,
665 2360 729 2388 dum
751 2364 783 2388 et
807 2367 877 2393 esse,
892 2365 920 2389 et
943 2361 1045 2393 vivere,
1068 2365 1096 2388 et
1123 2361 1278 2396 intelligere
1305 2368 1366 2395 qua:
1387 2365 1451 2389 sunt
1471 2360 1647 2394 desiderant;
1668 2365 1748 2395 atque

123 2402 259 2430 bonorum
283 2404 352 2438 ipsis
373 2406 579 2440 congruentium
606 2405 773 2441 privatione,
802 2411 831 2434 et
850 2407 1031 2435 declinatione
1051 2406 1135 2442 37o
1157 2411 1241 2442 atque
1261 2407 1436 2442 prolapsione
1459 2406 1522 2433 mali
1550 2406 1747 2438 nominantur;

122 2453 244 2485 suntque
267 2451 331 2479 mali
350 2453 501 2482 secundum
527 2453 554 2482 id
575 2453 648 2489 quod
671 2462 724 2482 non
750 2459 837 2488 sunt.
861 2454 980 2489 dumque
1008 2454 1035 2482 id
1057 2453 1130 2489 quod
1155 2461 1208 2481 non
1234 2457 1276 2481 est
1298 2459 1448 2489 appetunt,
1473 2453 1572 2481 malum
1599 2456 1740 2489 appetunt.

856 2546 871 2582 ᾗ
892 2544 1011 2576 XXIV.

162 2599 246 2626 Ἀλλὰ
258 2599 346 2636 ψυχάς
361 2608 403 2634 τις
421 2599 489 2630 εἶναι
507 2604 580 2639 λέγει
592 2605 603 2621 ⁸
619 2606 724 2639 κακὰς;
738 2606 770 2632 Ei
785 2606 844 2641 μὲν,
866 2606 908 2633 ὄτι

995 2605 1095 2633 Verum
1138 2605 1245 2633 animas
1276 2605 1338 2639 quis
1378 2604 1464 2632 malas
1503 2583 1624 2633 dixertt!
1649 2605 1744 2642 Siqtti-

120 2646 294 2681 συγγίνονται
313 2648 324 2664 ⁸
349 2649 444 2681 κακοῖς
471 2651 654 2686 προνοητικῶς
678 2661 708 2679 τε
732 2652 779 2680 καὶ
807 2660 906 2679 σωστι-

973 2652 1022 2679 Iem
1046 2652 1159 2686 idcirco,
1186 2652 1258 2687 quod
1286 2652 1366 2680 malis
1390 2651 1505 2688 provide
1538 2652 1740 2687 salubriterque

160 2730 174 2744 ι
184 2723 246 2752 Jud.
262 2724 290 2753 6.

756 2773 876 2805 VARUE
893 2773 1097 2803 LECTIONES.

157 2828 237 2868 "‘_&v
253 2837 309 2868 non‘
320 2829 400 2856 estin
460 2829 497 2868 PL
509 2830 519 2845 ⁵
533 2829 585 2856 τῶν
602 2829 687 2862 ζώων,
705 2829 734 2858 Ρ.
773 2831 783 2847 ⁵
797 2831 901 2868 φῶμεν,
916 2831 946 2859 D.
987 2832 997 2848 θ
1010 2832 1128 2867 ἑαυτῶν,
1145 2832 1176 2861 D.
1194 2833 1222 2862 S.
1238 2833 1268 2862 P.
1288 2833 1334 2862 Sc.

158 2834 194 2844 "'
204 2834 237 2856 αν
253 2837 305 2856 non
320 2834 362 2856 est
374 2834 400 2856 in
414 2834 442 2856 5.
460 2834 497 2871 1³.⁷
509 2834 519 2845 ⁸
533 2834 585 2856 των
602 2834 687 2862 ζώων,
705 2834 734 2858 Ρ.
773 2834 783 2847 ⁵
797 2834 901 2868 φῶμεν,
916 2834 946 2859 D.
987 2834 997 2848 °
1010 2834 1128 2867 ἑαυτῶν,
1145 2834 1176 2861 D.
1194 2834 1222 2862 S.
1238 2834 1268 2862 P.
1288 2834 1334 2862 Sc.
1390 2835 1400 2851 '
1411 2835 1594 2871 ἀποφοιτήσει.
1633 2834 1643 2850 ⁸
1659 2834 1741 2870 λέγοι,

121 2861 144 2892 1
193 2865 204 2880 τ
221 2864 411 2898 συντείνονται,
429 2863 462 2892 Μ.
480 2864 525 2892 bc.
