1938 3065
206 168 258 195 ἊΠ

794 164 824 193 S.
843 163 991 192 DIONYSII
1014 161 1249 194 AREOPAGITIE

1782 161 1840 190 72⁸

203 224 314 258 adsint,
336 222 393 258 jam
418 223 470 250 hoc
486 215 540 250 non
555 220 655 249 malum
679 226 720 249 est
730 241 740 257 ,
759 221 805 249 sed
828 227 928 249 nonum
941 242 950 253 .
965 225 986 249 el

1044 222 1118 253 κῶς,
1146 220 1226 247 τοῦτο
1244 220 1275 246 οὐ
1294 220 1378 247 κακὸν
1390 239 1397 252 ,
1417 220 1476 246 ἀλλ’
1496 219 1599 254 ἀγαθὸν
1611 239 1620 252 ,
1639 219 1687 247 καὶ
1701 220 1733 248 ὲκ
1747 221 1836 256 τὰγασ-

202 278 235 298 ex
259 270 350 302 bono,
369 265 527 302 'malumque
550 267 651 295 bonmn
675 266 803 295 faciente.
829 266 878 294 Sin
908 267 987 294 dixe-

204 316 290 344 rimus
305 315 411 342 animas
439 313 597 349 depravari,
620 321 674 349 quo
703 313 914 348 depraventnr?
936 312 988 340 nisi

202 362 333 389 bonarum
349 359 522 388 aﬂectionum
547 360 744 395 action-umque
763 358 884 393 defectu,
901 359 992 394 quod-

201 415 255 442 que
278 406 465 435 imbecillitate
479 413 528 433 sua
543 405 653 433 devlent
673 410 701 432 et
715 405 844 433 aberrent
871 412 887 432 a
924 405 988 433 fine.

201 454 273 488 Quin
299 458 328 481 et
352 460 442 481 aerem
470 452 555 485 hunc,
571 452 618 487 qui
647 451 727 480 nobis
747 451 984 485 circumfunditur,

200 499 310 527 luminis
334 498 487 526 defectione
502 502 585 534 atque
611 497 734 526 absentia
753 497 868 525 dicimus
888 498 986 525 obscu-

201 546 268 578 rari,
296 553 357 573 curn
385 545 431 573 lux
465 546 524 581 ipsa
547 551 654 579 semper
672 544 717 571 lux
748 544 796 576 sit.
817 551 877 578 quae
900 544 984 572 etiam

200 589 331 616 tenebras
354 588 483 616 illustrat.
509 589 601 622 Quare
623 596 675 616 nec
690 589 718 616 in
740 588 919 620 dannonibus,
935 597 986 617 nec

200 635 228 662 in
242 632 319 662 nobis
331 634 369 662 ita
381 635 480 662 malum
495 640 549 667 est,
562 634 640 669 quasi
657 634 760 661 malum
770 634 805 662 sit
819 642 864 662 res
878 634 981 669 aliqua,

199 681 248 707 sed
282 685 312 708 ut
327 680 450 709 defectos
464 685 492 709 et
516 681 639 708 carentia
654 680 833 716 perfectionis
854 682 985 709 bonorum

199 727 382 762 propriorum.

1042 266 1090 294 θοῦ
1102 287 1110 298 ,
1133 266 1181 293 τοῦ
1200 266 1247 293 καὶ
1260 265 1292 293 τὸ
1307 266 1392 293 κακὸν
1407 265 1597 301 ἀγαθύνοντος.
1611 266 1643 293 Et
1657 266 1686 293 δὲ
1704 266 1735 293 τὸ
1748 266 1823 293 κακύ

1044 312 1141 340 νεσθαι
1152 312 1241 348 ψυχάς
1255 321 1345 348 φαμεν
1360 312 1393 345 ⁸⁸,
1405 312 1435 340 ἐν
1447 311 1500 339 τίνι
1514 313 1689 346 κακύνσνται,
1702 314 1728 340 τί
1746 313 1784 349 μὴ
1804 314 1838 340 ἐν

1040 360 1077 396 ’τῇ
1087 359 1143 386 τῶν
1158 359 1268 394 ἀγαθῶν
1284 359 1368 394 ῑξεων
1379 361 1427 388 καὶ
1438 360 1584 396 ἐνεργειῶν
1596 360 1724 397 ἐλλείψει,
1739 361 1786 388 καὶ
1796 361 1834 388 δι’

1040 406 1145 433 οἰκείαν
1157 406 1298 433 ἀσθένειαν
1309 406 1422 443 ἅτευξίᾳ
1435 407 1482 434 καὶ
1509 406 1704 443 ἁπολισθήσει;
1719 407 1767 434 καὶ
1777 406 1837 443 γὰρ

1041 453 1089 480 καὶ
1105 453 1151 480 τὸν
1162 453 1233 489 ἀέρα
1244 452 1290 480 τδν
1302 454 1323 470 ¹¹
1339 453 1404 489 περὶ
1416 454 1490 489 ἡμᾶς
1501 453 1668 480 ἐσκοτῶσθαι
1692 461 1781 489 φαμεν
1790 453 1836 480 ll-

1037 499 1124 535 λείψει
1139 500 1187 526 καὶ
1193 499 1311 535 ἀπουσίᾳ
1319 499 1416 534 φωνώς·
1428 499 1492 527 αὐτὸ
1502 499 1531 526 δὲ
1540 499 1571 526 τὸ
1581 499 1640 534 φῶς
1650 499 1696 527 ἀεὶ
1705 499 1763 534 φῶς
1772 499 1835 527 ἔστι

1038 547 1069 573 τὸ
1081 547 1128 574 καὶ
1143 546 1174 573 τὸ
1190 547 1284 578 σκότος
1298 547 1424 582 φωτίζον.
1444 547 1501 574 οὐκ
1510 546 1564 582 ἄρα
1576 546 1637 573 οὒτε
1651 547 1681 573 ὲν
1696 546 1835 582 δαίμοσιν,

1038 592 1101 620 αὖτε
1135 594 1166 620 ὲν
1180 594 1247 629 ἡμῖν
1274 593 1306 620 τὸ
1334 594 1436 626 κακὸν,
1462 593 1501 625 ὡς
1528 593 1558 620 ὃν
1584 592 1685 625 κακὸν,
1718 592 1775 619 ἀλλ’
1794 592 1835 624 ὡς

1039 638 1155 673 ἔλλειψις
1170 639 1219 666 καὶ
1233 638 1338 675 ἐρημία
1348 638 1400 674 τῆς
1420 639 1475 666 τῶν
1488 639 1597 666 οἰκείων
1613 638 1724 673 ἀγαθῶν
1736 637 1836 664 uisui-

1039 694 1133 722 τητος.

951 806 966 843 ς
985 806 1086 836 XXV.

235 875 339 904 Verum
374 884 425 904 nec
447 877 475 905 in
510 877 672 905 animalibus
687 878 785 910 ,brutis
810 878 910 906 malmn
934 884 986 906 est.

1081 879 1149 908 Ἀλλ’
1159 880 1219 908 οὐδὲ
1238 882 1269 907 ὲν
1282 880 1361 914 ζώοις
1371 880 1480 916 ἀλόγοις
1489 881 1548 908 ἐστὶ
1564 881 1595 908 τὸ
1608 881 1703 909 κακόν.
1723 881 1756 908 EI
1777 881 1837 916 γὰρ

199 921 266 948 Nam
289 921 313 949 si
334 921 468 954 furorem,
489 925 517 949 et
545 922 804 957 concupiscentiam,
834 928 987 958 caeteraque

198 974 259 1002 qum
285 966 430 999 dicuntur,
455 966 503 994 sed
533 974 587 994 non
612 972 678 995 sunt
705 967 867 1002 simpliciter
891 973 987 1003 suapte

198 1018 295 1039 natura
324 1012 406 1045 mala,
426 1012 586 1046 sustuleris,
617 1013 660 1041 leo
681 1015 807 1049 quidem,
826 1014 987 1042 fortitudine

197 1059 380 1094 superbiaque
408 1060 571 1094 deperdita,
592 1060 635 1088 leo
660 1068 722 1089 esse
756 1062 883 1095 desinet;
911 1061 988 1089 canis

197 1113 320 1140 quoque,
338 1105 361 1134 si
382 1106 498 1134 blandus
522 1107 571 1134 fiat
595 1108 733 1142 omnibus,
755 1115 809 1136 non
823 1108 876 1136 erit
899 1108 987 1142 canis,

197 1158 259 1177 cum
288 1150 403 1186 vigilare
414 1151 491 1179 canis
516 1153 658 1187 proprium
683 1153 740 1187 sit,
761 1158 789 1180 et
821 1154 988 1182 domesticos

197 1196 361 1229 admittere,
387 1203 571 1233 externosque
588 1198 731 1233 repellere.
762 1199 857 1235 Itaque
882 1205 987 1228 natura:

197 1243 369 1277 incorruptio
381 1251 554 1279 nequaquam
568 1245 670 1272 malum
682 1250 734 1278 est,
757 1246 805 1273 sed
818 1246 879 1281 ejus
892 1254 986 1274 corru-

197 1288 256 1323 ptio
270 1293 298 1315 et
312 1288 495 1321 imbecillitas.
525 1295 553 1318 et
576 1290 695 1319 defectio
719 1299 781 1319 cum
812 1293 983 1320 naturalium

197 1332 387 1367 aﬂectionunt,
400 1340 455 1363 tum
465 1337 602 1363 actionum
616 1341 696 1372 atque
712 1338 854 1365 virtutum.
871 1338 949 1372 Quod
962 1339 985 1366 si

199 1388 244 1407 res
254 1387 351 1408 Omnes
366 1381 393 1409 in
417 1386 538 1417 tempore
550 1390 600 1418 per
617 1383 823 1418 generationem
835 1392 912 1412 suam
938 1385 987 1412 lia-

197 1427 280 1454 beant
297 1427 510 1462 perfectionem,
530 1429 702 1464 imperfectio
713 1429 773 1465 jam
797 1437 851 1458 non
880 1430 934 1458 erit
958 1430 986 1458 in

198 1477 295 1500 natura
311 1473 450 1504 universa.

1039 928 1136 965 ἀνέλῃς
1150 929 1171 944 ¹¹
1182 927 1277 963 θυμὸν,
1289 927 1337 954 καὶ
1354 927 1511 963 ἐπιθυμίαν,
1526 928 1572 955 καὶ
1586 928 1681 960 τᾶλλα,
1691 928 1742 955 ὅσα
1755 928 1836 963 λέγε-

1038 983 1095 1006 ται,
1106 974 1154 1000 καὶ
1162 974 1211 1000 οὐκ
1219 973 1291 1000 ἐστιν
1301 973 1394 1005 ἁπλῶς
1401 975 1434 1009 τῇ
1445 974 1548 1000 ἑαυτῶν
1558 974 1636 1009 φύσει
1646 974 1730 1001 κακά·
1738 974 1769 1000 τὸ
1782 975 1836 1009 μὲν

1040 1019 1121 1055 ἁδρὸν
1131 1020 1152 1035 ¹³
1162 1020 1210 1046 καὶ
1218 1018 1319 1054 γαῦρον
1329 1020 1343 1046 ὁ
1354 1019 1422 1046 λέων
1429 1019 1574 1053 ἀπολέσας,
1592 1021 1653 1047 οὐδὲ
1665 1020 1734 1047 λέων
1744 1020 1832 1047 ἔσται’

1041 1067 1179 1103 προσηνὴς
1191 1066 1220 1093 δὲ
1229 1067 1297 1093 πᾶσι
1309 1067 1452 1102 γενόμενος
1462 1067 1476 1094 ὁ
1485 1067 1572 1100 κύων,
1586 1067 1636 1094 οὐκ
1653 1067 1728 1094 ἔσται
1741 1067 1815 1094 κύων
1824 1086 1834 1098 ,

1039 1113 1120 1149 εἴπερ
1135 1113 1215 1144 κυνὸς
1227 1113 1258 1139 τὸ
1268 1112 1433 1148 φυλακτικὸν
1448 1112 1480 1145 ⁸⁸,
1499 1113 1546 1139 καὶ
1557 1112 1588 1139 τὺ
1599 1112 1758 1149 προσίεσθαι
1782 1112 1834 1148 μὲν

1039 1159 1070 1185 τὸ
1083 1159 1196 1191 οἰκεῖον,
1222 1158 1384 1185 ἀπελαύνειν
1408 1158 1437 1184 δὲ
1446 1158 1478 1185 τὸ
1492 1158 1641 1195 ἀλλότριον.
1654 1159 1736 1185 Ὥστε
1745 1158 1777 1185 τὸ
1793 1159 1834 1195 μὴ

1039 1206 1199 1243 φθείρεσθαι
1215 1205 1265 1242 τὴν
1276 1205 1397 1241 φύσινού
1412 1206 1507 1239 κακὸν,
1523 1205 1611 1241 φθορὰ
1627 1206 1656 1233 δὲ
1680 1205 1788 1241 φύσεως
1803 1206 1835 1233 ὰ-

1040 1253 1147 1280 σθένεια
1159 1254 1208 1281 καὶ
1217 1253 1334 1288 ἔλλειψις
1351 1254 1404 1282 τῶν
1427 1253 1550 1289 φυσικῶν
1578 1253 1670 1286 ἕξεων,
1687 1254 1735 1280 καὶ
1754 1254 1834 1289 ἐνερ-

1039 1299 1121 1334 γειῶν
1129 1300 1176 1326 καὶ
1186 1300 1336 1335 δυνάμεων.
1346 1301 1399 1327 Καὶ
1410 1301 1434 1326 εἰ
1448 1299 1537 1326 πάντα
1549 1299 1583 1326 τὰ
1595 1298 1640 1327 διὰ
1656 1299 1789 1334 γενέσεως
1802 1300 1835 1325 ἐν

1038 1345 1126 1381 χρόνῳ
1136 1345 1194 1380 ἔχει
1205 1345 1235 1371 τὺ
1253 1345 1365 1378 τέλειον,
1376 1345 1438 1373 οὐδὲ
1445 1345 1475 1371 τὸ
1487 1345 1581 1378 ἀτελὲς
1593 1345 1680 1381 πάντη
1691 1345 1767 1381 παρὰ
1777 1346 1833 1372 πᾶ-

1040 1399 1090 1418 σαν
1107 1391 1156 1427 τὴν
1170 1390 1250 1426 φύσιν
1261 1392 1296 1420 ⁸³.
1839 1387 1843 1390 ’

935 1534 949 1564 ὅ
965 1532 1084 1564 XXVI.

232 1604 287 1633 Sed
311 1612 401 1640 neque
418 1605 450 1633 in
471 1610 528 1633 tota
545 1609 642 1655 natura
660 1605 761 1633 malum
783 1610 837 1634 est.
855 1605 884 1634 Si
909 1607 983 1634 enim
998 1625 1020 1655 ο

196 1659 293 1679 omnes
322 1653 443 1680 rationes
478 1652 616 1680 naturales
654 1657 719 1680 sunt
745 1660 761 1679 a
794 1657 892 1680 natura
924 1653 985 1680 uni-

196 1697 307 1729 versali,
332 1698 400 1725 nihil
410 1698 466 1732 jam
495 1704 538 1726 est
575 1698 614 1725 illi
639 1699 827 1732 contrarium;
852 1699 985 1734 singulari

196 1751 263 1772 vero
287 1749 389 1772 naturae
402 1745 474 1772 aliud
490 1745 597 1780 quidem
615 1745 763 1773 secundum
783 1749 909 1773 naturam
922 1746 986 1780 erit,

196 1791 272 1818 aliud
297 1799 364 1818 vero
378 1799 432 1819 non
447 1791 500 1819 erit
515 1791 664 1819 secundant
677 1797 813 1819 naturam.
843 1792 897 1819 Alii
913 1793 986 1820 enim

196 1836 270 1863 aliud
298 1841 340 1864 est
353 1842 448 1864 contra
467 1841 606 1870 naturam,
629 1837 755 1872 quodque
771 1838 835 1865 huic
849 1842 890 1866 est
906 1843 987 1865 natu-

197 1882 267 1914 rale,
280 1882 318 1909 illi
346 1888 441 1911 contra
458 1888 582 1911 naturam
593 1888 646 1911 est.
670 1883 787 1915 Natura}.
803 1892 869 1912 vero
885 1884 980 1912 vitium

197 1933 250 1960 est,
266 1927 293 1956 Id
315 1929 387 1963 quod
403 1934 507 1956 naturae
520 1929 686 1957 contrarium
701 1933 754 1962 est,
768 1937 884 1965 eamque
895 1930 985 1964 privat

197 1975 256 2004 suis
289 1975 468 2004 naturalibus.
499 1975 557 2003 Non
578 1980 621 2003 est
644 1975 737 2010 itaque
765 1981 864 2004 natura
898 1977 982 2009 mala;

1074 1605 1145 1633 Ἀλλ’
1165 1606 1227 1633 οὐδὲ
1250 1607 1281 1634 ὲν
1304 1608 1340 1643 τῇ
1363 1607 1415 1644 an
1437 1606 1517 1642 φύσει
1539 1606 1570 1634 τὸ
1599 1607 1693 1634 κακόν.
1717 1606 1750 1634 Εἰ
1775 1606 1833 1642 γὰρ

1037 1653 1062 1680 oi
1072 1653 1172 1686 πάντες
1183 1653 1294 1688 φυσικοὶ
1303 1651 1376 1688 λόγοι
1388 1653 1465 1689 παρὰ
1474 1654 1524 1688 τῆς
1535 1653 1648 1680 καθόλου
1659 1653 1777 1688 φύσεως,
1786 1654 1832 1680 οὺ-

1037 1700 1083 1727 δέν
1096 1701 1170 1727 ἐστιν
1187 1700 1255 1736 αὐτῇ
1276 1700 1308 1727 τὸ
1331 1700 1449 1727 ἐναντίον
1459 1709 1466 1715 ·
1485 1701 1519 1736 τῇ
1533 1700 1594 1727 καθ’
1616 1700 1733 1727 ἕκαστον
1746 1699 1786 1732 δὲ.
1800 1699 1833 1727 τὸ

1040 1745 1090 1780 μὲν
1106 1744 1176 1772 κατὰ
1189 1744 1270 1780 φύσιν
1282 1745 1368 1778 ἔσται,
1387 1746 1419 1772 τὸ
1434 1746 1464 1772 δὲ
1480 1746 1510 1772 οὺ
1535 1745 1606 1772 κατὰ
1623 1746 1713 1780 φύσιν.
1745 1745 1832 1782 ’Δλλῃ

1039 1790 1094 1827 γὰρ
1104 1790 1168 1817 ἄλλο
1180 1791 1257 1827 παρὰ
1269 1790 1350 1826 φύσιν
1360 1800 1366 1806 ·
1387 1792 1433 1819 καὶ
1445 1791 1476 1818 ’τὸ
1489 1792 1554 1828 τῇδε
1567 1791 1640 1819 κατὰ
1652 1791 1743 1827 φύσιν,
1756 1793 1790 1827 τῇ
1801 1791 1832 1818 δὲ

1042 1838 1064 1853 ¹⁶
1076 1837 1153 1873 παρὰ
1162 1837 1252 1872 φύσιν.
1263 1837 1372 1870 Φύσεως
1381 1838 1409 1864 δὲ
1421 1839 1505 1866 κακία
1515 1839 1546 1865 τὸ
1555 1838 1633 1874 παρὰ
1639 1838 1732 1874 φύσιν,
1745 1839 1763 1874 ἡ
1774 1837 1838 1865 στέ-

1037 1892 1115 1920 ρησις
1122 1884 1176 1911 τῶν
1185 1884 1233 1920 τῆς
1244 1885 1446 1920 φύσεωςῦοστε
1453 1886 1504 1912 οὐκ
1514 1885 1571 1912 ἐστι
1580 1885 1651 1921 κακὴ
1663 1885 1754 1920 φύσις,
1762 1883 1831 1911 ἀλλὰ

1037 1931 1116 1958 τοῦτο
1131 1932 1166 1967 τῇ
1191 1931 1271 1966 φύσει
1288 1931 1384 1964 κακὸν,
1400 1932 1431 1958 τὸ
1449 1932 1590 1959 ἀδυνατεῖν
1610 1931 1645 1958 ’τὰ
1662 1931 1712 1967 τῆς
1726 1930 1831 1962 οἰκείας

1041 1976 1150 2011 φύσεως
1160 1977 1290 2005 ἐκτελεῖν.

196 2023 245 2050 sed
277 2023 330 2050 hoc
366 2028 471 2050 natura:
506 2022 607 2050 malum
640 2027 682 2049 est
718 2022 790 2056 quod
828 2030 889 2050 eam
919 2023 1047 2057 impotem
1088 2023 1177 2050 reddit
1209 2024 1335 2059 explendi
1366 2032 1399 2052 ea
1433 2031 1494 2059 qua:
1525 2029 1589 2052 sunt
1625 2028 1730 2051 natura:
1767 2031 1832 2058 prn-

197 2070 268 2104 pria.

921 2128 936 2165 ς
957 2126 1093 2157 XXVII.

234 2221 335 2249 Verum
365 2228 415 2248 nec
445 2221 472 2247 in
497 2220 656 2254 corporibus
679 2220 780 2247 malum
809 2223 862 2248 est.
892 2218 983 2247 Foedi-

1078 2219 1147 2246 Ἀλλ’
1158 2219 1219 2245 οὐδὲ
1242 2219 1273 2246 ὲν
1296 2218 1404 2255 σῶμα-αι
1427 2219 1459 2246 τὸ
1484 2219 1577 2246 κακόν.
1596 2216 1694 2254 Δῑσχος
1707 2217 1762 2254 γὰρ
1782 2220 1832 2247 καὶ

198 2272 240 2295 tas
264 2267 338 2295 enim
358 2271 387 2294 et
411 2267 523 2294 morbus
550 2266 672 2294 defectos
694 2266 806 2301 quidam
821 2266 914 2293 formae
928 2271 982 2297 est,

1040 2267 1114 2298 νόσος
1139 2266 1255 2302 ἔλλειψις
1272 2264 1362 2299 εἴδους
1379 2267 1428 2294 καὶ
1452 2267 1579 2303 στέρησις
1596 2265 1701 2300 τάξεως
1723 2275 1731 2281 ·
1749 2267 1833 2294 τοῦτο

197 2313 359 2348 ordinisque
385 2313 521 2348 privatio;
550 2312 616 2340 illud
641 2317 732 2340 autem
754 2320 807 2340 non
829 2319 985 2347 usquequa-

198 2367 251 2395 que
264 2359 365 2387 malum
381 2363 434 2392 est,
446 2359 493 2386 sed
507 2359 597 2386 minus
610 2359 772 2394 pulchrum;
785 2366 847 2386 nam
863 2359 886 2386 si
900 2359 985 2386 omni-

199 2408 278 2434 tnoda
296 2405 507 2440 pulchritudinis
521 2409 549 2432 et
571 2405 666 2433 formae
678 2405 837 2440 ordinisque
853 2404 983 2433 resolutio

198 2455 255 2485 liat,
284 2453 372 2488 ipsum
403 2460 512 2487 quoque
535 2459 633 2486 corpus
645 2451 726 2487 371
741 2451 877 2479 interibit.
905 2450 983 2484 Quod

197 2505 287 2527 autem
300 2506 401 2531 corpus
427 2498 526 2525 animae
557 2506 610 2525 non
633 2499 670 2526 sit
696 2506 778 2526 causa
803 2497 924 2528 malitia}.
939 2497 981 2524 vel

196 2554 230 2573 ex
244 2553 278 2573 eo
288 2549 407 2578 constat,
422 2545 552 2579 quoniam
567 2544 652 2571 etiam
667 2544 726 2571 sine
745 2550 860 2577 corpore
878 2542 980 2569 malitia

196 2593 284 2628 possit
304 2592 386 2620 alicui
415 2591 565 2622 adlnurcre,
600 2590 671 2618 utin
702 2590 872 2618 daeumuibus
893 2593 984 2625 patet;

195 2638 330 2673 siquidem
347 2638 373 2664 id
393 2645 470 2672 atque
487 2636 630 2672 spiritibus
644 2641 727 2671 atque
743 2636 888 2664 animabus
903 2643 985 2671 quam

1037 2313 1066 2340 δὲ
1080 2313 1110 2339 οὺ
1135 2313 1226 2348 πάντη
1249 2312 1344 2345 κακὸν,
1358 2312 1415 2340 ἀλλ’
1428 2309 1509 2348 ἦττον
1527 2312 1609 2339 καλὸν
1620 2319 1627 2327 °
1651 2313 1677 2338 εί
1692 2311 1747 2348 γὰρ
1759 2321 1831 2339 παν-

1036 2358 1117 2395 τιλὴς
1141 2359 1247 2394 γένοιτο
1269 2359 1346 2391 λύσις
1376 2359 1491 2391 κάλλους
1513 2359 1550 2391 ¹⁷,
1573 2359 1622 2386 καὶ
1647 2355 1754 2392 εἴδους,
1782 2359 1833 2386 καὶ

1035 2405 1149 2438 τάξεως,
1162 2405 1302 2441 οἰχήσεται
1317 2405 1365 2432 καὶ
1388 2404 1454 2431 αὐτὸ
1475 2404 1508 2432 τὺ
1527 2405 1616 2440 σῶμα.
1634 2405 1694 2432 Ὅτι
1715 2404 1744 2431 δὲ
1766 2404 1830 2431 οὐδὲ

1036 2451 1134 2483 κακίας
1144 2451 1187 2478 αττ
1191 2459 1229 2477 ιον
1236 2452 1269 2487 τῇ
1285 2451 1357 2487 ψυχῇ
1369 2451 1390 2467 ⁸⁸
1396 2451 1428 2478 τὸ
1435 2451 1525 2486 σῶμα,
1532 2451 1612 2486 δῆλον
1622 2451 1655 2478 ὲκ
1660 2450 1708 2477 τοῦ
1717 2450 1832 2478 δυνατὸν

1035 2495 1105 2524 εἶναι
1116 2497 1164 2524 καὶ
1175 2497 1239 2524 ἄνευ
1248 2496 1371 2532 σώματος
1382 2497 1602 2533 παρυφίστασθαι
1615 2497 1724 2529 κακίαν,
1733 2497 1830 2532 ὥσπερ

1037 2543 1067 2569 ὲν
1079 2543 1204 2578 δαίμοσι·
1215 2542 1294 2569 τοῦτο
1302 2543 1356 2578 γάρ
1366 2543 1423 2569 ἐστι
1437 2543 1457 2558 ¹⁹
1470 2541 1518 2569 καὶ
1530 2543 1595 2575 νοῖς,
1603 2543 1651 2570 καὶ
1660 2542 1770 2578 ψυχαῖς,
1780 2543 1831 2569 καὶ

1040 2588 1148 2624 σώμασι
1159 2588 1253 2621 κακὸν,
1264 2588 1284 2624 ἠ
1294 2588 1344 2624 τῆς
1356 2588 1438 2622 ἕξεως
1447 2588 1502 2616 τῶν
1513 2588 1621 2616 οἰκείων
1627 2588 1736 2623 ἀγαθῶν
1746 2588 1829 2615 ἀσθέ-

1039 2643 1099 2662 νεια
1115 2634 1164 2662 καὶ
1174 2634 1344 2667 ἀπόπτωσις.

195 2683 357 2719 corporibus
371 2683 471 2710 malum
500 2686 552 2715 est,
568 2682 591 2710 si
609 2681 793 2714 inlirmentur,
809 2686 836 2710 et
852 2682 886 2709 de
900 2681 1036 2709 banorum
1048 2689 1161 2708 suorum
1175 2685 1247 2708 statu
1264 2681 1453 2709 deturbentur.

834 2758 954 2786 VARIE
971 2757 1177 2786 LECTIONES.

199 2854 225 2881 in
241 2854 319 2884 DJS.‘
378 2856 399 2872 “
413 2856 460 2883 καὶ
474 2855 504 2883 τὸ
516 2865 531 2883 τ

230 2821 256 2837 ³⁸
268 2821 372 2857 φῶμεν.
408 2821 428 2836 ¹¹
440 2820 487 2847 τὸν
501 2820 533 2847 ἁέ
552 2829 581 2853 α,
598 2821 645 2848 καὶ
658 2821 715 2853 τόν,
728 2821 762 2848 Μ.
802 2821 823 2836 ¹¹
837 2820 952 2851 ἀνέλοις,
966 2819 998 2847 D.

241 2856 272 2884 Ι).
289 2856 319 2884 S.
378 2856 399 2872 "
413 2856 460 2893 καὶ
474 2855 504 2893 τᾲ
516 2829 551 2893 ἐξ
565 2857 626 2893 μέν,
640 2856 668 2886 S.
684 2857 731 2885 καὶ
747 2856 778 2884 τὸ
797 2856 857 2884 τόδε
888 2855 959 2883 κατὰ
975 2863 998 2890 φ

198 2891 222 2907 ³³
235 2892 294 2919 ἐστι.
309 2899 362 2920 non
377 2896 418 2921 est
433 2891 460 2920 in
474 2891 510 2920 Μ.

565 2857 626 2894 μέν,
640 2856 668 2886 S.
684 2857 731 2885 καὶ
747 2856 778 2884 τὸ
797 2856 857 2884 τόδε
888 2855 959 2883 κατὰ
975 2854 1068 2890 φύσιν,
1086 2854 1158 2889 τόδε,
1173 2855 1203 2884 Ρ.

1054 2819 1075 2836 ¹²
1091 2820 1221 2856 ἀνδρεῖον,
1237 2820 1268 2848 D.
1281 2820 1312 2848 P.
1367 2821 1388 2838 ιδ
1399 2821 1552 2849 ὑλακτικόν,
1605 2820 1627 2836 ¹⁹
1643 2820 1692 2856 τήν
1715 2826 1769 2856 non
1784 2822 1825 2856 cat

1262 2857 1282 2872 "
1296 2856 1389 2891 καλοῦ,
1404 2856 1438 2885 ﬂ.
1480 2857 1501 2873 "
1514 2855 1644 2885 articulus
1655 2854 1730 2884 deest
1745 2854 1771 2881 in
1788 2854 1823 2882 Μ.
