1938 3065
111 136 166 165 ’129

650 134 694 162 DE
711 133 837 163 DIVINIS
852 133 1052 168 NOIINIBUS,
1069 133 1145 164 CAP.
1165 133 1210 162 IV.

1689 140 1744 171 730

830 205 844 241 ς
867 203 1014 234 xxvut.

152 290 223 318 Ἀλλ’
235 289 298 317 οὐδὲ
318 288 350 316 τὸ
374 287 606 325 πολυθρύλλητοψ
625 297 635 314 ι
655 287 699 315 Ἐν
722 287 772 324 ὕλῃ
795 287 826 315 τὺ
848 295 889 314 κα-

986 286 1040 314 Sed
1066 293 1156 322 neque
1181 287 1274 314 tritutn
1301 286 1389 315 illud:
1407 296 1417 314 α
1435 279 1467 315 lu
1493 288 1607 316 materia
1634 290 1746 319 malum.

108 337 168 369 κον,
187 336 225 368 ὥς
245 344 322 371 φασι,
337 335 397 362 καθ’
410 335 426 362 ὃ
440 335 491 371 ὕλη
501 343 508 349 ”
524 345 534 361 ι
552 335 599 362 καὶ
614 334 670 370 γὰρ
695 335 742 362 καὶ
762 334 832 370 αὐτὴ
851 332 900 360 τοῦ

107 383 212 419 κόσμου
239 382 288 409 καὶ
316 381 430 414 κάλλους
459 382 507 408 καὶ
534 381 622 413 εἴδους
657 380 714 416 εχει
745 379 900 416 μετουσίαν.

106 429 141 456 El
165 429 194 455 δὲ
208 428 313 455 τούτων
328 427 407 460 ὲκτδς
420 425 488 454 οὖσα
501 428 520 464 ἡ
531 427 593 463 ὕλη,
608 426 670 454 καθ’
690 426 788 462 ἑαυτὴν
805 425 900 458 ἀποιός

106 475 166 501 ἐστι
181 474 228 501 καὶ
240 473 368 505 ἀνείδεος,
383 473 442 504 πῶς
457 475 530 500 ποιεῖ
541 482 568 500 τι
585 473 602 508 ἡ
618 472 680 509 ὕλη,
696 473 714 508 ὴ
728 472 795 508 μηδὲ
803 471 834 499 τὸ
847 472 900 499 πά-

107 529 183 556 σχειν
194 519 323 547 δύνασθαι
338 519 400 546 καθ’
414 520 514 556 ἑαυτὴν
524 519 642 556 ἓχουσα;
655 519 759 552 Ἀλλως
773 527 813 552 τε,
839 520 899 553 πῶς

104 568 122 602 ἡ
132 566 182 603 ὕλη
196 566 280 594 κακόν
291 574 299 599 ;
313 566 345 592 Εἰ
360 565 409 601 μὲν
421 565 476 602 γὰρ
486 565 592 601 οὐδαμῆ
602 565 728 601 οὐδαμῶς
739 566 824 597 ἐστιν,
835 565 898 593 οὔτε

104 612 208 647 ἀγαθὸν
222 611 284 638 οὔτε
295 611 380 638 κακόν
389 619 396 627 ·
415 612 440 638 εἰ
452 611 482 638 δέ
494 620 553 644 πως
571 611 611 644 δν,
625 611 662 638 τὰ
677 611 707 638 δὲ
727 611 793 638 ὄντα
808 612 898 639 πάντα

104 659 137 686 ἐκ
151 657 282 691 τάγαθοῦ,
296 657 343 684 καὶ
356 656 425 693 αὑτὴ
437 657 469 684 ὲκ
491 656 538 683 τοῦ
556 656 660 691 ἀγαθοῦ
675 655 709 683 ἂν
721 656 776 692 εἴη,
790 657 839 684 καὶ
854 658 896 694 ﬂ"

102 704 135 731 τὺ
153 703 254 738 ἀγαθὸν
263 703 311 730 τοῦ
322 702 408 730 κακοῦ
417 702 566 738 ποιητικὸν,
580 701 597 738 ἢ
609 702 639 728 τὸ
648 701 744 734 κακὸν,
754 702 793 734 ὡς
804 703 837 730 ὲκ
848 702 897 730 τοῦ

102 750 207 786 ἀγαθοῦ
224 750 254 777 ὃν
269 771 276 783 ,
294 749 395 785 ἀγαθόν
407 758 414 764 ·
431 749 449 785 ἢ
463 749 494 775 τὸ
507 748 593 776 κακὸν
607 748 655 775 τοῦ
674 748 778 784 ἀγαθοῦ
790 757 898 786 ποιητιο

103 798 162 830 κον,
175 797 192 832 ἢ
207 797 255 824 καὶ
266 797 297 824 τὸ
313 796 426 831 ἀγαθὸν,
443 795 482 828 ὡς
501 796 534 822 ὲκ
558 794 606 822 τοῦ
624 795 722 828 κακοῦ,
748 795 843 823 κακόν.
860 797 897 823 Ἦ

100 843 149 870 δύο
162 841 239 875 αὖθις
249 843 343 879 ἀρχαὶ,
357 843 404 869 καὶ
416 839 495 869 αὗται
506 841 589 877 ἄλλης
601 841 666 877 μιᾶς
679 841 835 878 ὲξημμέναι
849 851 897 869 κο-

101 889 201 925 ρυφῆς.
217 889 248 915 El
261 889 290 916 δὲ
305 887 458 923 ἀναγκαίαν
472 888 539 922 φασὶ
548 888 597 922 τὴν
617 886 683 923 ὕλην
694 886 761 924 πρὸς
771 887 896 924 συμπλή-

101 944 186 971 ρωσιν
200 934 247 962 τοῦ
266 934 365 966 παντὸς
377 934 492 970 κόσμου,
509 933 568 966 πῶς
589 934 605 969 ἡ
629 932 680 970 ὕλη
701 933 805 967 κακόν;
829 934 894 962 ἀλλο

99 981 156 1017 γὰρ
170 981 201 1008 τὸ
213 981 309 1012 κακὸν,
323 981 373 1008 καὶ
390 980 455 1007 ἀλλο
479 979 509 1006 τὸ
532 979 681 1014 ἀναγκαῖον
693 980 726 1006 ¹¹.
752 979 816 1012 Πῶς
834 980 863 1007 δὲ
879 980 894 1006 ὁ

97 1026 202 1060 ἀγαθὸς
216 1027 249 1053 ὲκ
262 1025 309 1053 τοῦ
334 1025 421 1052 κακοῦ
443 1025 563 1061 παράγει
587 1025 649 1052 τινὰ
673 1025 741 1061 πρὸς
766 1026 892 1060 γένεσιν;

97 1071 115 1108 ἢ
145 1072 205 1104 πῶς
230 1072 315 1099 κακὸν
346 1072 377 1099 τὸ
406 1071 454 1098 τοῦ
477 1070 580 1106 ἀγαθοῦ
601 1071 750 1107 δεόμενον;
796 1071 893 1107 φεύγει

96 1118 154 1153 γὰρ
165 1117 214 1153 τὴν
229 1117 276 1144 τοῦ
305 1117 408 1152 ἀγαθοῦ
431 1116 512 1151 φύσιν
526 1116 557 1143 τὸ
575 1116 670 1144 κακόν.
694 1116 757 1149 Πῶς
768 1117 800 1144 δὲ
810 1118 893 1153 γεννᾷ

95 1165 145 1191 καὶ
159 1164 254 1200 τρέφει
277 1163 327 1200 τὴν
349 1163 430 1199 φύσιν
458 1165 475 1200 ἠ
496 1163 547 1199 ὕλη
571 1162 643 1199 κακὴ
667 1161 736 1190 οὖσα
751 1164 809 1197 ;.τδ
836 1164 893 1201 γὰρ

92 1210 194 1242 κακὸν,
215 1207 232 1247 ᾖ
251 1209 274 1226 ¹¹
288 1211 383 1242 κακὸν,
395 1209 502 1241 οὐδενός
520 1210 580 1236 ἐστι
604 1209 772 1245 γεννητικὸν,
794 1209 810 1245 ἢ
829 1209 893 1246 θρε-

94 1256 203 1288 πτικὸν,
220 1256 236 1292 ἢ
250 1255 319 1288 ὅλως
340 1255 493 1291 ποιητικὸν,
509 1255 525 1290 ἢ
547 1255 690 1281 σωστικόν.
714 1255 746 1282 Ei
762 1255 790 1282 δὲ
800 1256 890 1290 φατεν,

93 1301 180 1337 αὐτὴν
197 1301 246 1337 μὲν
259 1302 289 1328 οὐ
310 1303 397 1328 ποιεῖν
410 1302 508 1328 κακίαν
523 1303 552 1328 ἐν
567 1302 676 1338 ψυχαῖς,
684 1301 847 1336 ἐφέλκεσθαι
862 1301 891 1328 δὲ

92 1348 190 1380 αὑτὰς,
213 1347 272 1380 πῶς
286 1348 364 1374 ἔσται
379 1347 459 1374 τοῦτο
471 1348 570 1384 ἀληθές
587 1357 595 1382 ;
611 1348 708 1375 πολλαὶ
722 1348 778 1384 γὰρ
799 1347 892 1374 αὐτῶν

91 1395 134 1426 εἰς
144 1394 174 1420 τὸ
189 1394 291 1428 ἀγαθὸν
305 1393 435 1429 βλέπουσι
445 1394 478 1421 ¹³.
496 1395 593 1421 Καίτοι
613 1394 673 1426 πῶς
691 1394 797 1428 ἐγίνετο
811 1393 892 1421 τοῦτο

89 1440 144 1476 τῆς
156 1440 223 1476 ὕλης
232 1441 342 1473 πάντως
355 1439 441 1472 αὑτὰς
453 1441 493 1472 εἰς
510 1440 540 1467 τὸ
566 1440 652 1468 κακὸν
679 1439 866 1476 ἑφελκομένης
880 1447 889 1472 ;

92 1487 178 1514 Ὥστε
188 1487 239 1514 οὐκ
251 1486 282 1519 ἐξ
289 1487 355 1523 ὕλης
368 1488 399 1514 ὲν
408 1486 508 1523 ψυχαῖς
518 1487 548 1514 τὸ
558 1487 652 1519 κακὸν,
661 1487 719 1514 ἀλλ’
730 1486 759 1520 ἐξ
770 1487 889 1514 ἀτάκτου

90 1533 140 1560 καὶ
153 1533 333 1569 πλημμελοῦς
360 1534 495 1570 κινήσεως
513 1533 546 1560 ’⁸.
562 1534 594 1562 El
609 1534 638 1562 δὲ
650 1534 699 1560 καὶ
716 1533 797 1560 τοῦτό
811 1542 889 1568 φασι.

88 1580 123 1614 τῇ
140 1578 191 1616 ὕλῃ
203 1580 311 1612 πάντως
318 1579 444 1612 ἕπεσθαι,
459 1579 509 1607 καὶ
533 1579 670 1615 ἀναγκαία
682 1580 699 1616 ἡ
709 1579 824 1612 ἀστατος
839 1580 888 1616 ὓλη

87 1626 145 1657 τοῖς
152 1625 311 1660 ἐφ’ίὲαυτῶν
325 1625 450 1661 ἱδρῦσθαι
466 1626 503 1662 μὴ
513 1626 681 1661 δυναμένοις,
693 1625 752 1658 πῶς
762 1626 793 1653 τὸ
800 1626 886 1653 κακὸν

87 1671 247 1705 ἀναγκαῖον,
263 1671 280 1707 ἢ
293 1671 324 1698 τὸ
337 1672 485 1707 ἀναγκαῖον
495 1663 579 1699 κακόν
591 1680 599 1705 ;

952 338 981 361 ut
1005 333 1091 366 aiunt,
1108 338 1245 368 quatenus
1270 333 1384 361 materia
1415 340 1473 367 est;
1497 343 1508 360 ι
1538 342 1600 362 nam
1632 339 1659 363 et
1687 336 1745 370 ipsa

950 380 1161 416 pulchritudinis
1174 383 1201 406 et
1223 384 1337 407 ornatus
1367 379 1513 415 formaeque
1544 381 1574 408 ιιι
1597 381 1743 416 particeps.

951 424 980 451 Si
1008 428 1099 452 autem
1125 431 1249 452 seorsum
1279 424 1313 452 ab
1336 424 1379 452 Itis
1404 429 1501 460 suapte
1525 429 1623 453 natura
1657 431 1739 454 mute

951 471 990 498 ria
1017 470 1175 504 qualitatem
1205 469 1305 498 nullam
1329 471 1506 506 speciemque
1529 471 1646 505 obtinet.
1677 480 1745 508 quo-

951 525 1012 544 nam
1026 521 1105 552 pacto
1117 518 1230 546 materia
1242 518 1389 553 quidquam
1404 523 1480 554 agat,
1491 525 1552 553 quae
1560 526 1610 546 nec
1619 519 1646 546 id
1657 519 1744 555 ipsum

949 571 964 590 a
980 571 1010 590 se
1022 563 1114 595 habet.
1126 569 1156 590 ut
1168 564 1222 598 pati
1237 563 1346 599 possit?
1359 563 1505 598 Praeterea,
1518 571 1640 600 quanam
1654 566 1738 594 modo

949 610 1062 637 materia
1078 610 1178 637 malum
1200 610 1296 638 sit?Si
1312 610 1386 638 enim
1411 610 1571 646 neutiquam
1595 619 1745 646 nusquam-

947 664 1001 691 qne
1023 660 1075 690 est,
1106 664 1196 691 neque
1221 657 1322 685 bonum
1361 665 1451 692 neque
1491 656 1594 685 malum
1620 663 1683 691 est;
1700 659 1744 687 sin

948 710 1013 730 vero
1026 703 1274 738 quomodocunqne
1288 703 1490 738 est,omniaque
1503 711 1565 739 qua
1579 708 1688 736 sunuex
1700 704 1745 732 bo-

947 756 983 776 no
997 754 1076 782 sunt;
1100 749 1194 783 utique
1220 749 1303 777 etiam
1319 750 1376 785 ipsa
1389 758 1424 778 ex
1436 750 1510 779 bono
1529 751 1594 784 erit,
1608 756 1692 787 atque
1705 751 1744 780 ita

947 794 989 822 vel
1007 795 1107 822 bonum
1129 795 1230 823 malum
1243 794 1334 829 efficit,
1350 796 1392 823 vel
1408 802 1484 824 certo
1511 797 1623 830 malum.
1644 801 1741 833 quate-

948 847 999 867 nus
1013 847 1045 867 ex
1059 840 1131 867 bono
1145 846 1198 874 est,
1219 841 1320 868 houutn
1335 841 1401 874 erit,
1415 842 1466 869 nisi
1484 842 1553 870 forte
1566 843 1668 870 malum
1693 844 1743 872 bo-

947 895 1010 914 tmm
1027 886 1119 920 faciat,
1133 888 1256 922 adeoque
1270 888 1370 915 bomun
1383 908 1391 920 ,
1406 893 1541 924 quaternis
1553 897 1585 917 ex
1601 890 1674 918 malo
1688 895 1744 923 est.

947 933 1046 960 malum
1069 933 1114 962 sit.
1133 932 1180 961 Vel
1207 933 1318 966 iterum.
1342 934 1398 962 duo
1421 940 1485 962 sunt
1519 936 1652 971 principia
1679 944 1742 971 qua:

945 978 1061 1013 ipsamet
1082 978 1117 1006 ab
1132 986 1186 1005 llllo
1196 979 1291 1014 aliquo
1303 979 1360 1006 alio
1369 981 1463 1014 capite
1479 981 1647 1016 dependent.
1678 980 1741 1010 1am

943 1032 1009 1052 vero
1033 1024 1055 1052 sl
1086 1024 1227 1052 materiam
1266 1025 1300 1052 ad
1327 1026 1448 1053 universi
1477 1027 1743 1056 consummationem

945 1069 1127 1097 necessariam
1137 1069 1220 1098 fuisse
1231 1070 1334 1104 dicant,
1355 1073 1494 1106 quomodo
1510 1074 1625 1101 materia
1640 1074 1742 1102 ntalqu

943 1114 997 1142 sit?
1008 1115 1081 1142 aliud
1094 1117 1166 1143 enim
1176 1120 1220 1143 est
1233 1117 1335 1144 malum
1362 1125 1435 1150 esse,
1453 1119 1527 1146 aliud
1545 1121 1741 1148 necessarium.

943 1162 1088 1194 Quomodo
1101 1168 1192 1189 autem
1206 1163 1294 1191 bonus
1304 1163 1396 1198 aliqua
1411 1173 1444 1192 ex
1470 1164 1540 1192 malo
1554 1166 1648 1202 gignat
1659 1167 1672 1194 i
1692 1171 1741 1194 aut

942 1208 1080 1242 quomodo
1093 1207 1194 1235 malum
1209 1208 1244 1236 sit
1257 1208 1283 1236 id
1298 1209 1370 1243 quod
1385 1209 1456 1237 bono
1469 1211 1656 1239 necessarium
1671 1218 1713 1240 est
1728 1212 1741 1240 ἲ

943 1261 1040 1288 nempe
1052 1254 1155 1281 malum
1175 1255 1238 1282 boni
1262 1259 1389 1282 naturam
1411 1256 1489 1291 fugit.
1506 1255 1648 1289 Quomodo
1674 1266 1738 1286 vero

942 1300 1057 1328 materia
1077 1305 1206 1327 naturam
1229 1301 1317 1336 gignit
1354 1308 1386 1328 ac
1421 1301 1519 1335 nutrit,
1535 1301 1559 1329 si
1586 1302 1655 1330 mala
1671 1308 1712 1330 est
1727 1302 1743 1330 ?

942 1347 1042 1374 malum
1067 1347 1151 1380 enim,
1163 1355 1216 1382 qua
1229 1352 1306 1382 parte
1319 1348 1419 1374 malum
1434 1352 1486 1380 est,
1504 1347 1571 1375 nihil
1589 1348 1677 1383 gignit
1689 1354 1740 1376 aut

942 1394 1039 1426 nutrit,
1055 1393 1172 1421 eﬂicitve
1199 1398 1248 1421 aut
1265 1393 1364 1421 salvat.
1390 1393 1467 1427 Quod
1494 1395 1518 1422 si
1539 1395 1643 1427 dicant,
1672 1402 1734 1423 eam

940 1441 1050 1477 quidem
1079 1441 1107 1468 in
1141 1441 1286 1468 animabus
1314 1441 1446 1468 malitiam
1476 1449 1529 1470 non
1556 1442 1740 1478 pmgiguere,

940 1487 987 1515 sed
1007 1487 1040 1514 ad
1070 1486 1203 1514 malitiam
1226 1494 1273 1514 eas
1296 1486 1438 1520 instigare.
1456 1494 1574 1522 quonam
1604 1487 1685 1515 modo
1711 1489 1740 1516 id

940 1540 1035 1561 verum
1050 1533 1197 1561 erit?cum
1223 1540 1257 1560 es
1273 1532 1306 1560 iis
1334 1533 1459 1568 plurima:
1482 1535 1583 1562 bonum
1597 1540 1737 1570 spectent.

940 1579 1037 1614 Atqui,
1049 1587 1168 1614 quonam
1182 1584 1262 1615 pacto
1277 1579 1302 1606 id
1313 1579 1371 1606 “t'l'l
1389 1580 1531 1614 potuisset,
1548 1581 1570 1607 si
1587 1582 1621 1607 ad
1636 1581 1739 1609 malum

942 1633 989 1654 eas
1008 1626 1122 1654 materia
1148 1634 1261 1661 prorsus
1281 1626 1450 1653 inclinaret?
1475 1627 1657 1660 Qunuobreln
1677 1636 1735 1655 uta-

936 1671 991 1698 lum
1017 1671 1044 1699 in
1071 1672 1213 1699 animabus
1227 1679 1278 1698 non
1293 1671 1401 1699 exsistit
1423 1679 1456 1699 ex
1476 1674 1588 1700 matcria
1601 1694 1609 1706 ,
1627 1674 1676 1701 sed
1702 1682 1736 1702 et

89 1718 245 1745 inordinato
265 1717 383 1752 quodam
413 1722 441 1745 et
476 1722 609 1753 peccante
640 1722 727 1746 motu.
749 1717 828 1751 Quod
856 1717 880 1745 si
909 1717 1017 1750 dicant,
1033 1724 1081 1745 eas
1105 1716 1218 1744 omnino
1250 1717 1327 1752 sequi
1349 1718 1504 1749 materiam,
1534 1723 1617 1752 atque
1650 1723 1739 1746 mate-

88 1764 160 1790 riam
175 1764 249 1792 illam
272 1765 426 1793 instabilem
442 1765 477 1793 iis
491 1772 552 1793 esse
572 1765 755 1793 necessariam
769 1785 777 1797 .
793 1765 839 1800 qui
854 1764 881 1792 in
898 1765 1052 1799 semetipsis
1067 1763 1220 1791 consistere
1238 1771 1292 1790 non
1321 1768 1455 1798 possunt;
1470 1771 1587 1799 quanam
1630 1764 1738 1795 ration:

88 1813 192 1840 malum
218 1813 255 1841 ait
266 1814 476 1842 necessarium?
496 1813 539 1842 vel
550 1813 687 1849 quomodo
705 1813 732 1841 id
746 1813 817 1849 quod
830 1813 1013 1841 necessarium
1029 1817 1073 1841 est
1089 1812 1126 1840 sit
1144 1811 1245 1840 malum
1260 1811 1273 1839 ?

827 1894 841 1931 ς
860 1893 980 1924 xx1x.

131 1976 201 2005 Ἀλλ’
226 1976 287 2005 οὐδὲ
308 1977 399 2010 τοῦτο,
412 1977 427 2005 ὃ
448 1986 550 2014 φαμεν,
576 1978 593 2014 ἡ
614 1977 743 2014 στέρησις
757 1977 828 2005 κατὰ
843 1977 889 2004 δύ-

978 1976 1032 2004 Sed
1056 1983 1145 2010 neque
1171 1975 1300 2006 dicimus,
1324 1974 1506 2010 privationem
1532 1974 1558 2002 vi
1584 1981 1633 2002 sua
1662 1974 1735 2001 bono

87 2031 171 2058 ναμιν
196 2022 299 2050 οἰκείαν
324 2024 439 2060 μάχεται
463 2023 503 2059 τῷ
527 2023 642 2059 ἀγαθῷ-
666 2024 684 2060 ὴ
707 2024 763 2060 γὰρ
787 2032 887 2051 παντε-

87 2068 137 2105 λὴς
161 2069 301 2106 στέρησις,
322 2069 437 2097 καθόλου
461 2070 615 2106 ἀδύναμος’
637 2071 654 2106 ἡ
674 2070 704 2097 δὲ
725 2069 835 2106 μερικὴ,
853 2070 884 2097 οὐ

86 2115 149 2142 καθ’
160 2116 174 2143 ὃ
187 2116 326 2152 στέρησις,
341 2116 400 2152 ἔχει
420 2116 471 2152 τὴν
487 2116 610 2153 δύναμιν,
635 2116 704 2144 ἀλλά
728 2117 790 2144 καθ’
805 2117 820 2144 ὃ
851 2117 884 2144 οὺ

86 2161 223 2198 παντελής
240 2163 298 2188 ἐστι
310 2162 448 2198 στέρησις.
471 2162 631 2199 Σαερήσεως
643 2163 699 2199 γὰρ
715 2163 764 2190 τοῦ
779 2162 883 2198 ἀγαθοῦ

87 2208 202 2243 μερικῆς
210 2206 303 2243 οὔσης,
313 2207 390 2234 οὔπω
400 2208 484 2235 κακόν
494 2216 501 2224 ο
515 2209 564 2235 καὶ
573 2208 734 2244 γενομένης,
746 2209 794 2236 καὶ
802 2209 819 2244 ἡ
830 2208 879 2235 τοῦ

86 2255 173 2282 κακοῦ
187 2254 268 2290 φύσις
279 2255 441 2291 ἀπελήλυθε.

939 2030 1092 2058 repugnare
1102 2043 1110 2054 ,
1131 2030 1195 2050 nam
1210 2021 1368 2049 omuimoda
1397 2021 1508 2056 quidem
1524 2019 1642 2055 privatio
1654 2027 1734 2054 pror-

935 2077 983 2096 Slls
1010 2070 1144 2104 itnpoteus
1171 2073 1226 2101 est;
1256 2068 1382 2103 partialls
1411 2075 1477 2095 vero
1501 2075 1555 2094 non
1583 2066 1732 2093 secundum

933 2115 1016 2151 372
1029 2115 1101 2151 quod
1117 2115 1237 2150 privatio
1256 2119 1299 2141 est
1313 2114 1367 2140 vim
1392 2114 1487 2144 habet.
1506 2112 1554 2140 sed
1579 2112 1732 2140 secundum

935 2162 1008 2196 quod
1024 2168 1078 2188 non
1093 2166 1136 2188 est
1151 2161 1306 2188 omnimoda
1324 2161 1451 2194 privatio.
1484 2159 1513 2187 Si
1530 2159 1605 2187 enim
1626 2158 1662 2186 sit
1673 2159 1733 2193 pri-

934 2209 1008 2236 vatio
1024 2208 1086 2236 honi
1099 2207 1236 2243 partialis,
1251 2209 1372 2235 nondum
1386 2207 1488 2234 malum
1505 2212 1564 2240 est;
1575 2211 1604 2234 et
1618 2206 1643 2236 si
1652 2206 1729 2234 facta

932 2255 980 2288 sit,
990 2254 1046 2290 iam
1059 2255 1143 2283 etiam
1157 2254 1221 2282 ntali
1243 2259 1342 2282 natura
1358 2253 1499 2284 discessit.

824 2335 838 2372 ᾗ
857 2333 962 2365 XXX.

119 2414 258 2442 Συνελόντι
271 2415 300 2442 δὲ
314 2416 407 2450 φάναι,
421 2417 452 2444 τὸ
471 2417 572 2452 ἀγαθὸν
592 2418 626 2444 ὲκ
642 2417 693 2452 τῆς
710 2417 775 2453 μιᾶς
789 2417 812 2434 ³⁸
826 2417 873 2445 καὶ

80 2460 131 2496 τῆς
146 2459 210 2495 ὅλης
225 2460 313 2493 αἰτίας
322 2470 329 2476 ·
346 2461 377 2488 τὺ
387 2463 416 2489 δὲ
431 2464 454 2479 ¹⁶
465 2463 549 2490 κακὸν
564 2465 598 2491 ὲκ
612 2463 718 2490 πολλῶν
736 2463 784 2491 καὶ
795 2472 871 2500 μερι-

82 2506 138 2533 κῶν
155 2506 309 2542 ἐλλείψεων.
326 2506 402 2536 Οἶδεν
414 2510 429 2536 ὀ
441 2509 506 2542 Θεὸς
524 2510 555 2537 τὸ
576 2510 662 2537 κακὸν
683 2510 699 2547 ἢ
724 2511 825 2545 ἀγαθὸν
836 2510 870 2542 ³⁷,

82 2553 130 2580 καὶ
152 2554 217 2589 παρ’
227 2553 302 2589 αὐτῷ
323 2554 351 2580 αἱ
366 2553 450 2581 αἰτίαι
468 2555 522 2582 τῶν
547 2556 650 2588 κακῶν,
661 2555 791 2592 δυνάμεις
803 2556 872 2583 εἰσὶν

80 2597 250 2632 ἀγαθοποιοί.
267 2599 298 2626 El
312 2599 340 2626 δὲ
355 2599 377 2615 ’⁸
391 2599 421 2626 τὺ
434 2599 517 2627 κακὸν
533 2600 629 2634 ἀΐδιον,
645 2601 692 2628 καὶ
704 2601 874 2638 δημιουργεῖ,

81 2642 129 2671 καὶ
141 2642 263 2677 δύναται,
275 2644 323 2671 καὶ
334 2644 402 2677 ἔστι,
420 2645 467 2672 καὶ
476 2644 536 2681 δρᾷ,
550 2646 631 2673 πόθεν
651 2647 725 2683 αὺτῷ
739 2647 826 2674 ταῦτα
837 2656 845 2682 ;
857 2647 874 2684 ἢ

963 2417 1017 2445 Sed
1032 2421 1061 2445 ut
1090 2417 1248 2446 summatim
1269 2415 1370 2449 dicam,
1386 2416 1488 2445 bonum
1506 2425 1541 2445 ex
1571 2426 1624 2446 una
1652 2419 1727 2447 inlc-

925 2472 1027 2500 graque
1055 2472 1137 2493 causa
1175 2464 1294 2498 exsistit,
1323 2464 1425 2492 malum
1458 2470 1549 2493 autem
1576 2473 1609 2493 ex
1635 2465 1728 2494 multis

925 2511 1145 2546 partialibusque
1158 2510 1322 2539 defectibus.
1355 2510 1491 2546 Cognovit
1523 2511 1595 2539 Deus
1622 2511 1724 2539 malum

928 2561 958 2583 ut
970 2557 1081 2589 bonum.
1093 2561 1121 2584 et
1138 2565 1223 2592 penes
1248 2557 1335 2592 ipsum
1354 2558 1489 2585 malorum
1501 2565 1592 2586 causa;
1604 2558 1722 2586 virtutes

929 2608 994 2631 sunt
1021 2602 1162 2632 benefica.
1189 2603 1266 2638 Quod
1289 2603 1312 2631 si
1342 2604 1444 2631 malum
1470 2610 1602 2632 aeternum
1629 2609 1683 2637 est,
1700 2606 1727 2626 cl

929 2654 1014 2682 creat,
1027 2654 1055 2677 et
1065 2654 1165 2686 potest,
1179 2654 1208 2677 et
1221 2654 1275 2683 est,
1284 2653 1311 2676 et
1325 2649 1393 2685 agit,
1412 2650 1483 2677 unde
1494 2650 1519 2678 ei
1536 2650 1595 2678 hate
1609 2649 1700 2677 omnia
1712 2648 1726 2676 2

734 2727 853 2759 VARIAE
870 2713 1075 2758 LECTIONES.

115 2789 198 2806 ’θυι-1
215 2800 226 2806 .-

115 2790 139 2805 ¹⁹
154 2790 201 2817 καὶ
214 2792 249 2823 εἰ,
266 2790 302 2819 Μ.
358 2792 380 2808 ¹¹
392 2791 457 2820 ἀλλο
468 2801 520 2821 non
534 2799 577 2823 est
592 2795 617 2823 in
631 2796 664 2824 M.
714 2797 738 2813 "
749 2798 826 2830 καθά,
842 2798 864 2825 Μ

81 2824 308 2888 ἒηξῗμδξήσεωςν
321 2826 355 2854 Μ·
393 2828 458 2855 ²⁵ὲκ
479 2831 544 2866 μιᾶς
556 2839 608 2860 non
627 2833 725 2861 habent
739 2833 767 2861 S.
786 2833 815 2862 P.
833 2833 864 2862 1).

358 2792 380 2808 "
392 2791 457 2820 ἀλλο
468 2801 520 2821 non
534 2799 577 2823 est
592 2795 617 2823 in
631 2796 664 2824 M.
714 2797 738 2813 "
749 2798 826 2830 καθά.
842 2798 877 2826 Μ.
896 2799 941 2833 Sc.
1005 2800 1027 2816 “
1040 2800 1224 2827 ἀποϐλέπουσι
1291 2801 1315 2816 ’⁵
1326 2800 1383 2827 ἀλλ’
1399 2799 1428 2833 ἐξ
1441 2798 1524 2828 αὐτοῦ
1544 2801 1662 2829 ἀτάκτου
1676 2800 1720 2829 καὶ

393 2828 416 2845 ³⁵
426 2829 458 2855 ἐκ
479 2831 544 2866 μιᾶς
556 2839 608 2860 nou
627 2833 725 2861 habent
739 2833 767 2861 S.
786 2833 815 2862 P.
833 2833 864 2862 1).
915 2835 937 2851 ³⁸
950 2835 979 2862 δέ
997 2844 1049 2864 non
1066 2841 1108 2865 est
1124 2836 1150 2864 iu
1167 2836 1203 2864 Μ.
1243 2836 1263 2852 ¹⁷
1309 2836 1420 2870 ἀγαθόν,
1435 2835 1463 2864 S.
1479 2837 1509 2864 ιι.
1523 2836 1552 2863 υ.
1589 2838 1610 2853 ²¹¹
1624 2837 1652 2864 δέ
1667 2846 1720 2866 non

1005 2800 1027 2816 ’³
1040 2800 1224 2827 ἀποϐλέπουσι
1291 2801 1315 2816 ’⁵
1326 2800 1383 2827 ἀλλ’
1399 2799 1428 2833 ἐξ
1441 2798 1524 2828 αὺτοῦ
1544 2801 1662 2829 ἀτάκτου
1676 2800 1722 2829 καὶ
