1938 3065
193 149 245 177 πί

750 167 753 170 -
784 149 815 178 S.
834 148 984 178 DIONYSII
1000 148 1233 178 AREOPAGITE

1775 147 1834 176 7J2

198 217 262 236 num
277 217 310 236 ex
322 208 395 236 bono
406 208 420 236 τ
440 215 474 236 an
494 209 566 237 bono
588 217 620 237 ex
637 209 730 238 malo?
751 217 785 237 an
801 217 868 238 vero
878 210 984 244 utrique

1037 211 1070 236 ὲκ
1083 209 1132 237 τοῦ
1148 209 1250 245 ἀγαθοῦ
1263 208 1299 245 ,ἢ
1313 208 1352 244 τῷ
1364 207 1458 244 ἀγαθῷ
1469 208 1502 235 ὲκ
1519 206 1567 235 τοῦ
1580 206 1683 240 κακοῦ;
1697 206 1714 242 ἢ
1728 206 1833 242 ἀμφοῖν

189 262 223 282 «ιι
241 262 322 282 causa
337 253 390 282 alia
401 254 414 281 τ
436 254 524 283 Omne
537 255 609 291 quod
626 256 776 284 secundum
791 260 917 283 naturam
929 261 982 289 est,

189 309 226 329 ex
249 300 361 328 deﬁnita
375 308 460 328 causa
482 302 628 335 nascitur;
654 301 756 329 malum
776 306 868 329 autem
882 301 905 328 si
917 308 984 328 eau—

190 355 230 374 ste
245 346 281 374 sil.
308 353 342 374 ac
372 347 541 374 delinitionis
563 355 681 383 expers,
700 355 755 374 non
778 352 819 374 est
834 346 984 374 secundum

189 399 337 428 naturam;
358 403 447 431 neque
472 395 545 423 enim
561 400 604 423 est
619 396 646 423 in
672 403 765 423 rerum
786 399 897 428 natura,
910 394 983 430 quod

189 447 286 469 contra
306 447 433 469 naturam
449 446 508 473 est.
532 449 620 476 neque
632 442 658 469 in
676 446 737 470 arte
764 441 835 468 ratio
850 446 893 469 est
905 440 984 468 insci-

191 487 246 515 tire.
275 486 345 515 Num
360 494 427 522 ergo
453 486 545 514 anima
572 487 708 515 malorum
733 494 819 515 causa
835 486 882 519 sit.
909 486 984 514 sicut

192 532 262 568 ignis
276 540 303 561 ν.
318 540 346 568 g.
372 532 482 565 caloris,
499 537 581 568 atque
597 532 701 565 omnia.
718 532 817 567 quibus
835 532 983 568 appropin-

190 583 268 614 quat,
295 578 399 607 malitia
421 579 508 614 replet
520 580 532 607 τ
546 587 580 606 an
598 586 663 607 vero
674 580 746 607 bona
759 579 871 615 quidem
885 579 984 606 animm

190 629 300 658 natura,
317 625 365 653 sed
378 625 405 652 in
433 625 588 653 actionibus
616 625 674 652 suis
695 624 763 652 alias
778 623 891 660 quidem
919 623 960 651 sic
974 643 982 655 .

191 671 260 699 alias
285 678 350 697 vero
367 670 448 698 aliter
468 678 497 698 se
514 670 619 698 habet?
647 670 674 698 Si
699 675 797 698 natura
826 677 874 697 sua
892 673 984 697 status

189 717 272 744 etiam
288 716 347 750 ejus
367 716 454 743 malus
468 719 521 748 est,
537 715 611 743 unde
626 721 730 743 statum
748 715 869 743 habuit?
892 722 927 742 an
949 722 984 743 ex

192 770 275 790 causa
288 763 358 790 bona
373 770 433 797 quae
446 761 568 790 el‘ectrix
584 766 627 789 est
649 769 740 789 rerum
757 761 881 788 omniutn
894 760 906 788 ἲ
928 760 983 788 Sed

191 810 214 836 si
230 817 264 836 ex
277 816 321 841 ea,
334 808 472 844 quomodo
487 807 591 836 malum
602 812 644 835 est
656 807 807 836 secundum
815 807 984 835 essentiam?

188 854 293 882 Omnes
309 853 383 881 enim
392 853 453 888 ejus
462 853 578 881 eiectus
595 853 660 880 boni
673 857 750 881 sunt.
764 852 813 880 Sin
828 859 878 888 per
896 852 984 880 actio-

1034 255 1065 288 ἐξ
1079 255 1163 291 ἀλλης
1172 255 1263 287 αἰτίας
1273 263 1281 287 ;
1292 255 1350 282 Ιιᾶν
1359 254 1390 281 τὸ
1401 253 1472 280 κατά
1483 252 1565 288 φύσιν
1573 252 1603 286 ἐξ
1611 252 1701 285 αἰτίας
1711 251 1834 288 ὡρισμέ-

1034 309 1084 337 νης
1097 302 1227 336 γεννᾶται
1236 310 1244 317 ·
1262 302 1287 328 sl
1303 301 1333 328 δὲ
1344 300 1376 328 τὸ
1397 300 1483 328 κακὸν
1495 299 1616 327 ἀναίτιον
1632 298 1680 326 καὶ
1692 297 1832 334 ἀόριστον,

1033 348 1064 375 οὐ
1079 347 1150 375 κατά
1161 348 1258 383 φύσιν·
1274 346 1335 374 οὐδὲ
1348 346 1402 382 γὰρ
1416 347 1446 373 ἐν
1459 347 1493 382 τῇ
1510 345 1590 380 φύσει
1602 345 1633 372 τὺ
1645 344 1722 381 παρά
1737 344 1832 379 φύσιν,

1034 393 1096 421 οὐδὲ
1106 393 1231 429 ἀτεχνίας
1244 393 1266 410 ³⁵
1277 393 1306 419 ὲν
1318 393 1351 428 τῇ
1363 391 1444 428 τέχνῃ
1457 390 1546 425 λόγος.
1562 388 1637 426 τΔρα
1654 390 1671 425 ὴ
1690 389 1764 425 ψυχὴ
1775 388 1833 416 τῶν

1035 440 1127 468 κακῶν
1140 440 1226 471 αἰτία,
1235 438 1397 475 καθάπερτδ
1409 436 1689 474 πῦρτοῠθερμαίνειν,
1707 436 1753 462 καὶ
1761 435 1818 462 πάν

1033 494 1068 514 τα
1084 484 1125 518 οἷς
1138 485 1172 512 ἂν
1189 484 1341 520 γειτνιάσῃ,
1355 483 1454 515 κακίας
1466 480 1690 517 ἀναπίμπλησιν;
1711 477 1832 515 ἢάγαθὴ

1035 532 1085 568 μὲν
1099 532 1116 567 ἡ
1139 531 1191 566 τῆς
1201 530 1289 566 ψυχῆς
1302 529 1392 565 φύσις,
1405 530 1465 561 ταῖς
1481 528 1510 554 δὲ
1528 526 1687 563 ἐνεργείαις,
1702 525 1767 552 ποτὲ
1780 524 1832 560 μὲν

1033 567 1119 609 οὕτως
1127 576 1193 612 ἔχει,
1215 575 1279 602 ποτὲ
1288 575 1317 602 δὲ
1330 574 1434 607 οὖτως;
1448 573 1480 600 Εἰ
1493 573 1542 610 μὲν
1557 572 1638 607 φύσει
1651 571 1698 598 καλ⁵
1712 570 1742 597 τὸ
1759 567 1832 596 εἶναι

1034 622 1119 658 αὐτῆς
1132 622 1228 653 κακὸν,
1245 621 1291 648 καὶ
1305 619 1386 646 πόθεν
1404 620 1473 656 αὐτῇ
1493 619 1524 645 τὸ
1539 616 1626 650 sint;
1646 616 1663 653 ἢ
1675 617 1708 643 ὲκ
1718 615 1768 651 τῆς
1783 614 1834 650 δη-

1035 667 1198 704 μιουργικῆς
1212 666 1266 694 τῶν
1279 666 1347 694 ὅλων
1364 666 1449 694 δντων
1463 664 1569 699 ἀγαθῆς
1585 663 1694 695 αίτίας;
1713 660 1785 688 Ἀλλ’
1800 661 1827 688 εἰ

1035 715 1069 740 ἐκ
1084 713 1198 749 ταύτης,
1208 712 1267 745 πῶς
1278 713 1341 739 κατ’
1353 712 1446 739 οὐσίαν
1455 710 1557 743 κακὸν;
1573 708 1665 745 ἀγαθά
1674 708 1729 743 γὰρ
1740 707 1832 734 πάντα

1033 758 1136 794 ταύτης
1152 757 1261 792 ἔκγονα.
1282 757 1314 785 EE
1339 756 1368 784 δὲ
1390 757 1450 788 ταῖς
1472 754 1624 791 ἐνεργείαις
1637 774 1644 787 ,
1666 753 1728 780 οὺδι
1750 751 1833 779 τοῦτο

1033 805 1229 842 ἀμετάϐλητον·
1242 806 1267 832 εί
1276 804 1305 831 δὲ
1315 803 1363 840 μὴ,
1371 803 1453 830 πόθεν
1466 804 1494 830 αἱ
1504 802 1611 839 ἀρεταὶ,
1622 801 1660 837 μὴ
1670 801 1717 828 καὶ
1730 799 1834 834 ἀγαθο-

1034 851 1124 884 ειδοῦς
1145 851 1232 887 αὐτῆς
1260 850 1425 886 γινομένηςς
1447 849 1579 877 Λείπεται
1596 847 1651 883 ἄρα
1664 866 1672 878 ,
1696 845 1727 872 τὸ
1745 843 1833 872 κακον

191 907 252 933 nes,
268 907 356 934 neque
370 900 422 927 hoc
434 904 477 927 est
490 899 662 927 immutabile
675 908 682 931 ;
697 899 819 934 alioquin
835 899 908 926 unde
924 898 981 926 vir-

1037 898 1158 925 icOévzta
1174 899 1222 925 καὶ
1239 896 1359 932 ἔλλειψις
1373 895 1420 923 τοῦ
1435 893 1537 930 ἀγαθοῦ
1555 891 1633 921 εἶναι.

191 949 264 973 totes
277 945 329 977 illi.
341 945 393 973 nisi
407 945 570 974 bornil'ormis
586 945 726 974 faetasitl
740 945 884 981 Reliquum
907 950 952 975 est
967 946 1063 981 igitur,
1082 945 1184 974 malum
1205 951 1268 973 esse
1287 943 1452 971 debilitatem
1474 939 1621 977 quamdam
1637 937 1836 967 defectionem-

190 999 247 1027 que
261 999 276 1018 a
288 991 371 1020 bono.

931 1047 946 1085 ς
970 1044 1093 1076 xxxr.

228 1141 366 1170 Bonorum
404 1149 488 1170 causa
521 1149 574 1170 una
603 1145 656 1170 est.
693 1141 723 1171 Si
767 1141 839 1170 bono
878 1140 981 1169 malum

188 1194 234 1217 est
257 1189 448 1222 contrarium,
475 1189 610 1217 malorum
638 1196 730 1217 causa
760 1189 854 1217 multa:
892 1192 980 1222 sunt;

190 1242 247 1263 non
271 1239 362 1264 tamen
377 1235 526 1264 ellicientes
558 1240 623 1264 sunt
641 1236 775 1264 malorum
802 1235 923 1263 rationes
949 1241 983 1262 ac

192 1281 348 1312 facultates.
370 1281 418 1309 sed
431 1281 603 1316 impotentia,
617 1286 644 1309 et
659 1281 815 1316 inﬁrmitas,
839 1287 868 1310 et
883 1281 982 1310 incon-

191 1334 259 1362 grua
270 1327 393 1362 qumdam
403 1327 544 1362 permistio
555 1335 646 1355 rerum
655 1328 840 1356 dissimilium.
853 1327 922 1356 Ilala
932 1336 984 1357 nec

193 1372 343 1401 lmmobilia
380 1378 462 1406 sunt,
485 1381 575 1409 neque
600 1383 710 1412 semper
724 1375 820 1402 eodem
851 1375 932 1403 modo
953 1383 984 1404 se

193 1419 305 1452 habent,
315 1420 362 1448 sed
380 1421 484 1449 inilnita
500 1427 528 1449 et
547 1422 769 1456 indcterminata,
783 1423 810 1451 in
826 1423 887 1452 aliis
901 1428 985 1459 atque

193 1465 265 1500 aliis,
280 1466 369 1501 iisque
382 1467 511 1500 infinitis.
523 1469 707 1498 diversimode
722 1476 867 1505 vagantur.
898 1470 985 1498 Malo-

194 1520 254 1539 rum
270 1513 351 1540 etiam
371 1514 492 1541 omnium
517 1516 682 1552 principium
708 1521 792 1552 atque
808 1517 870 1545 llnis
884 1517 985 1545 bonum

193 1564 236 1587 est
247 1568 256 1594 ;
269 1559 332 1588 boni
341 1560 414 1587 enint
427 1568 510 1588 causa
523 1565 588 1588 sunt
602 1562 705 1595 omnia,
717 1566 746 1589 et
762 1570 824 1597 qua:
836 1562 906 1589 bona
922 1566 985 1590 sunt

1069 1135 1131 1163 Τῶν
1149 1134 1260 1170 ἀγαθῶν
1279 1134 1310 1162 τὸ
1329 1133 1416 1162 αῐτιον
1430 1134 1470 1161 ἓν.
1484 1134 1517 1161 El.
1538 1133 1578 1169 τῷ
1590 1133 1685 1169 ἀγαθῷ
1702 1133 1733 1160 τὸ
1747 1134 1834 1161 κακὸν

1032 1183 1172 1214 ἐναντίον,
1199 1181 1246 1208 τοῦ
1267 1180 1353 1208 κακοῦ
1373 1180 1407 1207 τὰ
1428 1181 1503 1208 αἴτια
1529 1179 1636 1207 πολλά”
1660 1180 1691 1206 οὐ
1717 1180 1772 1216 μὴν
1798 1181 1834 1208 τὰ

1032 1229 1162 1265 ποιητικά
1172 1228 1226 1255 τῶν
1242 1227 1346 1260 κακῶν,
1366 1227 1442 1262 λόγοι
1462 1227 1509 1254 καὶ
1527 1227 1669 1262 δυνάμεις,
1693 1226 1751 1254 ἀλλ’
1767 1227 1832 1254 ἀδυ-

1033 1275 1129 1312 ναμία,
1153 1275 1199 1302 καὶ
1212 1274 1348 1307 ἀσθένεια,
1363 1275 1411 1301 καὶ
1432 1274 1505 1310 μίξις
1521 1273 1576 1300 τῶν
1590 1273 1725 1309 ἀνομοίων
1743 1273 1834 1309 ἀσύμ-

1037 1330 1145 1358 μετρος.
1161 1320 1230 1348 Οὔτε
1243 1321 1359 1356 ἀκίνητα
1372 1320 1419 1348 καὶ
1431 1320 1474 1347 ἀεὶ
1487 1319 1616 1351 ὡσαύτως
1624 1319 1720 1355 ἔχοντα
1731 1319 1766 1346 τὰ
1783 1328 1834 1346 κα-

1037 1369 1086 1399 κά,
1099 1368 1157 1396 ἀλλ’
1167 1368 1279 1404 ἄπειρα,
1288 1368 1336 1395 καὶ
1347 1367 1471 1403 ἀόριστα,
1481 1367 1529 1394 καὶ
1540 1367 1570 1393 ὲν
1578 1366 1667 1397 ἀλλοις
1680 1365 1832 1402 φερόμενα,

1038 1415 1086 1442 καὶ
1099 1414 1204 1446 τούτοις
1216 1414 1350 1450 ἀπείροις.
1374 1413 1486 1440 Πάντων
1505 1413 1553 1439 καὶ
1571 1411 1626 1439 τῶν
1645 1411 1738 1438 κακῶν
1760 1412 1834 1447 ἀρχὴ

1038 1461 1087 1488 καὶ
1100 1460 1176 1492 τέλος
1193 1460 1269 1487 ἔσται
1286 1460 1317 1486 τὸ
1336 1459 1456 1494 ἀγαθόν’
1475 1458 1523 1486 τοῦ
1546 1458 1602 1495 γὰρ
1625 1457 1729 1492 ἀγαθοῦ
1750 1457 1835 1484 ἕνεκα

1041 1507 1130 1534 πάντα
1141 1507 1189 1533 καὶ
1198 1507 1249 1534 ὅσα
1259 1505 1361 1540 ἀγαθὰ,
1378 1506 1425 1532 καὶ
1442 1505 1493 1531 ὅσα
1507 1504 1615 1531 ἐναντία
1625 1512 1632 1520 ·
1648 1504 1695 1530 καὶ
1712 1503 1767 1539 γάρ
1786 1502 1834 1529 καὶ

1035 1548 1121 1580 ταῦτα
1136 1553 1291 1589 πράττομεν
1310 1552 1341 1578 τὸ
1362 1550 1464 1586 ἀγαθὸν
1480 1550 1638 1583 ποθοῦντες
1661 1549 1760 1585 (οὐδεὶς
1778 1549 1834 1584 γὰρ

191 1611 222 1633 et
229 1614 290 1641 qua:
307 1606 376 1633 mala
390 1614 398 1639 ;
419 1606 520 1642 quippe
531 1614 593 1634 cum
609 1607 666 1634 [nec
677 1594 786 1642 quoque
801 1608 865 1635 boni
878 1607 984 1636 deside-

1038 1599 1078 1630 εἱς
1088 1599 1110 1614 ³⁸
1120 1598 1151 1625 τὸ
1176 1598 1260 1625 κακὸν
1286 1597 1448 1625 ἀποϐλέπων
1472 1598 1545 1623 ποιεῖ
1559 1596 1578 1624 ἃ
1598 1595 1750 1630 ποιεῖ’)διὸ
1771 1594 1834 1621 οὗτε

195 1651 237 1678 rio
247 1659 361 1687 agamus
376 1653 468 1688 (nemo
498 1653 572 1680 enim
587 1654 728 1688 proposito
743 1654 796 1681 sibi
821 1654 894 1682 malo
919 1655 986 1682 l'acit

193 1705 255 1733 qua!
270 1698 352 1734 facit)
362 1704 543 1734 :qnapropter
554 1707 643 1734 neque
658 1700 810 1728 substantia
826 1702 928 1729 malum
944 1702 987 1729 ni-

194 1745 272 1777 titur,
290 1744 337 1773 sed
355 1745 514 1773 substantiae
528 1745 678 1775 simulacro
689 1767 697 1779 ,
718 1748 782 1775 dum
797 1748 862 1776 boni
890 1754 986 1777 etnon

193 1789 238 1819 sui
250 1789 336 1826 ipsius
355 1791 443 1826 gratia
459 1792 576 1827 geritur.

1040 1645 1190 1672 ὑπόστασιν
1200 1644 1256 1679 ἔχει
1269 1644 1300 1670 τὸ
1315 1643 1400 1670 κακὸν
1410 1662 1418 1675 ,
1432 1642 1500 1669 ἀλλά
1513 1642 1719 1678 τςαρυπόστασιν
1737 1642 1773 1674 ³¹,
1785 1640 1834 1668 τοῦ

1040 1689 1144 1725 ἀγαθοῦ
1159 1689 1241 1717 ἕνεκα
1255 1690 1301 1717 καὶ
1315 1689 1366 1725 οὐχ
1382 1687 1479 1716 ἑαυτοῦ
1502 1688 1655 1724 γινόμενον.

932 1855 946 1891 §
966 1854 1103 1886 XXXII.

231 1941 302 1969 Italo
325 1945 414 1969 status
438 1941 600 1970 tribuendus
632 1947 675 1971 est
704 1950 752 1979 per
781 1944 929 1978 accidens,
961 1951 990 1973 et

1076 1947 1121 1984 Τῷ
1138 1947 1215 1985 κακῷ
1222 1948 1253 1975 τὸ
1269 1946 1338 1976 εἶναι
1353 1948 1444 1976 θετέον
1459 1947 1530 1975 κατά
1546 1946 1728 1984 συμϐεϐηκὸς,
1740 1947 1787 1974 καὶ
1800 1947 1834 1974 δι’

195 1993 306 2024 propter
335 1988 420 2020 aliud.
444 1994 473 2016 et
497 1998 550 2017 non
580 1997 614 2017 ex
644 1990 756 2026 proprio
785 1991 939 2026 principio;
959 1997 984 2020 ul

1038 1994 1113 2026 ἄλλο,
1127 1995 1174 2021 καὶ
1189 1995 1239 2021 οὑκ
1253 1994 1283 2028 ἐξ
1295 1995 1382 2030 ἀρχῆς
1393 1994 1498 2026 οἰκείας
1508 2002 1515 2009 °
1529 1994 1599 2021 ὥστε
1615 1993 1646 2020 τὸ
1660 1993 1834 2029 γιγνόμενον,

194 2036 268 2069 quod
301 2034 367 2061 dum
401 2035 450 2068 iit,
477 2040 582 2064 rectum
617 2037 729 2072 quidem
763 2044 825 2065 esse
850 2038 986 2073 videatur,

195 2081 259 2114 quia
271 2080 353 2116 373
367 2081 430 2108 boni
459 2082 548 2116 gratia
573 2082 618 2113 ilt.
635 2089 731 2110 revera
756 2088 847 2111 autem
879 2089 986 2112 rectum

198 2134 250 2153 non
262 2126 315 2160 sit,
343 2126 566 2162 quandoquidem
585 2128 610 2155 id
626 2128 726 2155 bonum
742 2129 897 2164 opinentur,
914 2130 985 2164 quod

196 2173 296 2201 bonum
308 2181 361 2201 non
374 2179 426 2201 est.
440 2174 587 2202 Ostensmn
598 2179 641 2203 est
652 2175 726 2202 aliud
737 2183 798 2203 esse
810 2179 883 2210 quod
897 2183 984 2210 expe-

1038 2041 1118 2078 ὀρθδν
1128 2041 1177 2077 μὲν
1185 2039 1254 2068 εἷναι
1264 2041 1362 2072 δοκεῖν,
1373 2042 1414 2068 ὅτι
1423 2041 1470 2068 τοῦ
1482 2040 1585 2076 ἀγαθοῦ
1593 2040 1835 2076 ἓνεκαγίνεται,τῷ

1037 2087 1092 2114 ὄντι
1107 2087 1135 2114 δὲ
1148 2087 1198 2114 οὐκ
1213 2087 1292 2123 ὀρθὸν
1302 2085 1382 2120 εἶναι,
1393 2087 1497 2114 διότιτὸ
1508 2087 1545 2123 μὴ
1551 2086 1651 2120 ἀγαθὸν
1661 2086 1764 2121 ἀγαθὸν
1778 2085 1835 2113 οίό-

1040 2131 1120 2167 μεθα.
1138 2131 1276 2158 Δέδεικται
1287 2131 1351 2158 ἀλλο
1358 2131 1388 2158 τὸ
1397 2132 1503 2166 ἐφετὸν,
1513 2132 1559 2158 καὶ
1566 2131 1630 2158 ἀλλο
1640 2132 1670 2159 τὸ
1679 2131 1833 2166 γινόμενον.

1040 2177 1144 2204 Οὐκοῦν
1157 2177 1187 2204 τὸ
1197 2178 1282 2204 κακὸν
1293 2177 1367 2214 παρὰ
1381 2178 1431 2214 τὴν
1440 2178 1508 2210 ὁδὸν,
1522 2178 1569 2204 καὶ
1578 2177 1654 2213 παρά
1663 2178 1709 2204 τὸν
1720 2177 1832 2210 σκοπὸν,

198 2221 274 2252 titur.
284 2224 313 2247 et
324 2219 398 2248 aliud
410 2221 482 2256 quod
496 2222 598 2256 agitur.
629 2221 731 2249 Malum
751 2221 846 2257 itaque
862 2222 984 2250 deﬂectit

1037 2225 1085 2251 καὶ
1094 2224 1170 2260 παρά
1177 2224 1225 2260 τὴν
1233 2224 1324 2259 φύσιν,
1335 2225 1381 2251 καὶ
1391 2225 1466 2260 παρά
1476 2224 1524 2260 τὴν
1534 2224 1633 2257 αἰτίαν,
1643 2225 1689 2251 καὶ
1699 2224 1774 2259 παρὰ
1784 2224 1834 2259 τὴν

196 2273 213 2293 a
229 2265 273 2293 via
288 2270 385 2301 praeter
401 2266 591 2299 intentionem.
603 2272 705 2302 printer
716 2272 854 2300 naturam,
884 2272 985 2302 prauer

196 2320 318 2344 causam.
342 2316 442 2348 praeter
465 2314 640 2349 principium,
661 2319 761 2349 praeter
787 2315 883 2347 ﬁnem,
906 2319 985 2342 extra

197 2360 357 2393 terminum.
375 2364 453 2387 extra
480 2361 662 2393 voluntatem.
691 2366 771 2389 extra
792 2361 984 2389 substantiam.

198 2405 296 2434 Malum
312 2413 378 2442 ergo
389 2406 506 2440 privatio
518 2411 571 2439 est,
584 2412 612 2434 et
628 2407 763 2440 deiectus,
787 2411 814 2435 et
828 2406 984 2439 inﬁrmitas,

196 2451 447 2485 etinconcinnitas.
464 2458 491 2480 et
516 2461 606 2486 error,
618 2459 647 2482 et
660 2453 803 2481 frustratio
817 2452 905 2488 scopi,
922 2452 985 2489 pul-

196 2497 370 2531 chritudinis,
384 2499 458 2532 vita,
472 2499 638 2533 intellectus,
653 2501 781 2534 rationis,
795 2500 985 2539 perfectionis,

197 2543 378 2578 l'iiiulamenti,
407 2553 518 2578 causze;
543 2551 588 2574 est
615 2546 843 2580 interminatum,
870 2546 987 2579 sterile.

198 2589 282 2622 iners,
299 2589 476 2624 imbecillum,
505 2591 663 2624 confusum,
674 2591 821 2625 dissimile,
837 2592 986 2625 infinitum.

198 2636 386 2670 tenebrosum,
405 2641 478 2665 statu
489 2642 576 2672 caret,
591 2638 736 2674 ipsumque
751 2639 826 2668 nullo
842 2643 936 2675 pacto,
953 2647 986 2667 ac

198 2689 348 2717 nusquam,
364 2688 392 2712 et
411 2685 479 2712 nihil
502 2686 620 2714 exsistit.
637 2687 778 2720 Quomodo
796 2694 864 2724 ergo
878 2686 979 2715 malum

1038 2270 1135 2307 ἀρχὴν,
1144 2270 1192 2297 καὶ
1204 2270 1278 2306 παρά
1284 2270 1315 2296 τὸ
1323 2270 1409 2302 τέλος,
1419 2271 1466 2297 καὶ
1477 2270 1551 2306 παρά
1563 2270 1608 2297 τὸν
1619 2271 1692 2306 ὅρον,
1700 2272 1747 2298 καὶ
1756 2270 1833 2306 παρὰ

1036 2316 1086 2353 τὴν
1097 2316 1234 2352 βούλησιν,
1248 2317 1294 2344 καὶ
1313 2316 1388 2353 παρά
1398 2316 1448 2352 τὴν
1465 2316 1623 2344 ὑπόστασιν.
1634 2317 1764 2352 Στέρησις
1779 2316 1834 2351 ἄρα

1039 2363 1098 2389 ἐστὶ
1108 2363 1139 2389 τὸ
1152 2362 1300 2395 κακὸν,καὶ
1311 2362 1438 2397 ἔλλειψις,
1450 2362 1497 2389 καὶ
1504 2361 1640 2394 ἀσθένεια,
1649 2363 1697 2389 καὶ
1709 2362 1835 2397 ἀσυμμε-

1036 2408 1112 2445 τρία,
1118 2410 1165 2436 καὶ
1172 2409 1305 2445 ἁμαρτία,
1317 2409 1364 2435 καὶ
1371 2408 1501 2440 ἄσκοπον,
1509 2409 1557 2436 καὶ
1566 2408 1692 2440 ἀκαλλὲς,
1704 2409 1754 2436 καὶ
1761 2407 1834 2440 ἄζω-

1038 2464 1068 2482 ον
1083 2456 1118 2489 ³⁸,
1131 2456 1178 2482 καὶ
1185 2455 1278 2487 ἄνουν,
1286 2455 1334 2482 καὶ
1346 2454 1452 2489 ἄλογον,
1459 2454 1505 2481 καὶ
1514 2455 1618 2486 ἀτελὲς,
1627 2455 1674 2482 καὶ
1681 2453 1833 2489 ἀνίδρυτον,

1038 2502 1086 2529 καὶ
1095 2502 1224 2533 ἀναίτιον,
1235 2502 1282 2529 καὶ
1295 2501 1431 2538 ἀόριστον,
1447 2501 1494 2527 καὶ
1504 2500 1609 2534 ἄγονον,
1623 2500 1672 2527 καὶ
1681 2499 1765 2535 ἀργὸν
1781 2499 1831 2526 καὶ

1038 2547 1162 2583 ἀδρανὲς,
1178 2547 1225 2574 καὶ
1236 2547 1362 2579 ἄτακτον,
1377 2547 1425 2573 καὶ
1437 2546 1571 2582 ἀνόμοιον,
1586 2546 1634 2573 καὶ
1653 2545 1776 2581 ἄπειρον,
1787 2545 1834 2572 καὶ

1039 2592 1242 2624 σκοτεινὸν,καὶ
1256 2591 1396 2623 ἀνούσιον,
1412 2592 1459 2618 καὶ
1476 2591 1542 2618 αὐτὸ
1560 2591 1691 2628 μηδαμῶς
1720 2590 1833 2627 μηδαμῆ

1041 2639 1124 2675 μηδὲν
1137 2639 1177 2665 δν.
1200 2638 1262 2670 Πῶς
1273 2639 1341 2671 ὅλως
1356 2638 1466 2666 δύναταί
1485 2647 1511 2665 τι
1524 2638 1554 2664 τὸ
1573 2638 1658 2665 κακὸν
1675 2639 1708 2673 τῇ
1721 2637 1790 2672 πρὸς
1802 2637 1834 2664 τὸ

1034 2685 1136 2720 ἀγαθὸν
1155 2684 1227 2721 μίξει
1238 2684 1260 2700 ³³
1273 2692 1279 2718 ;
1293 2685 1325 2711 τὸ
1339 2684 1394 2719 γὰρ
1407 2685 1493 2719 πάντη
1516 2683 1562 2710 τοῦ
1589 2683 1691 2718 ἀγαθοῦ
1716 2682 1833 2719 ἄμοιρον

848 2774 968 2802 VARle
992 2773 1194 2802 LECTIONES.

235 2833 256 2871 ξ’
271 2833 329 2860 οὐδὲ
343 2834 464 2871 ἄτεχνος,
482 2834 516 2863 Μ.
553 2834 575 2851 ⁸ο
584 2835 623 2867 εἰς
637 2841 690 2862 ιιοη
706 2838 747 2862 est
763 2834 789 2862 itt
804 2833 837 2862 Μ,
872 2834 891 2850 ⁸¹
909 2834 1013 2861 duobus
1035 2833 1124 2861 verbis
1139 2832 1198 2868 lege
1213 2832 1276 2867 παρ’
1291 2831 1448 2865 ὑπόστασιν,
1466 2831 1502 2859 Μ.
1541 2832 1562 2848 ¹²
1574 2830 1656 2865 ἀζών,
1673 2830 1702 2858 Ρ.
1743 2830 1765 2846 ³³
1780 2837 1830 2866 tib

201 2866 281 2897 οέξει.
