1938 3065
176 142 229 171 733

717 136 762 163 DE
778 134 903 163 DIVlNlS
918 132 1115 164 NOMlNlBUS,
1132 131 1208 161 CAP.
1227 131 1272 159 ιν.

1743 129 1798 156 73η

174 200 237 228 οὕτε
247 198 306 226 ὲστί
317 207 355 230 τι,
376 197 437 224 οὔτε
451 196 573 223 δύναται.
588 195 642 221 Καὶ
653 193 707 229 γὰρ
721 194 745 220 εἰ
756 193 786 219 τὺ
799 192 900 226 ἀγαθὸν
911 192 949 218 κα¹

1008 190 1119 217 omnino
1134 188 1220 223 possit
1232 187 1332 222 aliquid
1347 186 1523 222 permistione
1535 185 1598 214 boni
1609 185 1619 212 2
1632 185 1705 221 quod
1720 187 1794 214 enim

175 246 206 273 ὗν
219 247 286 277 ἐστι,
298 244 344 270 καὶ
359 242 494 278 βουλητὸν,
511 241 557 267 καὶ
577 239 724 274 ὲνδύναμον
737 239 771 270 ³⁸,
783 239 828 265 καὶ
842 237 959 272 δραστή-

177 301 246 329 ριον,
260 291 318 322 πῶς
333 288 474 325 δυνήσεταί
493 296 520 314 τι
534 287 565 313 τὺ
584 285 704 312 ἐναντίον
724 284 845 320 τάγαθῷ,
866 284 898 310 τὸ
913 284 958 310 οὺ-

177 337 237 367 σίας
249 337 271 352 ⁸⁵
281 336 327 362 καὶ
341 334 502 369 βουλήσεως,
520 333 569 359 καὶ
581 332 732 366 δυνάμεως,
745 331 793 357 καὶ
818 330 957 366 ἐνεργείας

175 381 371 418 ὲστερημένονς
385 380 422 407 Οὐ
439 380 526 407 πάντα
543 379 610 405 πᾶσι
626 378 648 393 ³⁵
663 378 710 404 καὶ
727 377 814 412 πάντη
833 377 867 403 τὰ
887 375 957 403 αὐτὰ

175 428 246 454 κατά
259 427 290 453 τὸ
300 427 365 453 αὐτὸ
372 427 394 442 ³⁷
409 426 492 452 κακά.
510 425 622 460 Δαίμονι
636 424 720 450 κακὸν
730 424 762 455 ³³,
774 423 805 449 τὸ
819 422 894 458 παρὰ
910 422 957 448 τὸν

174 473 318 508 ἀγαθοειδῆ
333 471 394 499 νοῦν
407 470 476 498 εἶναι
485 480 492 486 ·
503 471 588 507 ψυχῇ,
605 471 638 497 τὸ
647 470 723 506 παρά
737 468 826 504 λόγον’
840 467 955 504 σώματι,

173 519 204 546 τὸ
221 519 295 555 παρὰ
321 518 412 553 φύσιν.

1013 236 1076 264 boni
1090 243 1202 271 prorsus
1219 241 1317 269 expers
1332 237 1387 265 est,
1402 240 1490 267 neque
1501 237 1546 260 est
1559 233 1720 268 quidquam,
1745 241 1795 260 ne-

1011 288 1064 316 que
1077 281 1224 315 quidquam
1240 283 1339 314 potest.
1353 278 1459 306 Etenim
1471 280 1494 306 si
1509 279 1608 306 bonum
1624 283 1666 307 est
1680 279 1705 306 id
1722 279 1794 314 quod

1009 331 1063 358 est,
1083 331 1110 354 et
1125 325 1315 360 appetendum,
1327 329 1354 351 et
1377 324 1511 358 validum,
1524 329 1552 352 et
1562 324 1669 358 eilicax,
1681 332 1794 360 quomo-

1010 373 1045 400 do
1056 371 1205 407 quidquam
1231 371 1318 405 possit
1332 370 1359 397 id
1374 370 1445 405 quod
1458 370 1530 398 bono
1549 371 1716 398 contrarium
1738 377 1793 405 est,

1008 425 1070 446 cum
1085 421 1113 445 et
1137 416 1256 444 essentia
1269 421 1373 448 careat,
1393 421 1421 444 et
1442 417 1591 449 voluntate,
1617 421 1646 444 et
1658 417 1791 452 potentia,

1009 469 1036 490 et
1059 462 1189 490 actione?
1206 461 1263 489 Non
1279 460 1406 489 omnibus
1420 461 1512 489 omnia
1528 467 1556 488 et
1570 461 1684 490 omnino
1696 461 1792 489 eadem

1008 508 1157 537 secundum
1171 508 1242 535 idem
1262 507 1332 535 mala
1360 512 1434 536 sunt.
1461 507 1582 535 Daemoni
1612 500 1712 534 malum
1739 512 1792 541 est,

1009 555 1082 590 quod
1096 562 1112 581 a
1128 554 1197 582 bona
1209 558 1300 582 meme
1320 553 1463 581 deﬂexerit
1476 562 1484 587 ;
1504 553 1608 587 animo,
1632 552 1704 589 quod
1719 561 1735 581 ι
1748 561 1793 581 ra-

1010 598 1105 631 tione;
1132 597 1254 632 corpori,
1268 597 1339 632 quod
1352 605 1367 625 a
1388 603 1495 625 natura.

884 676 898 713 §
912 675 1066 706 XXXIII.

207 763 271 795 Πῶς
286 762 354 794 ὅλως
371 761 406 788 τὰ
418 760 492 788 κακά
511 759 643 796 Προνοίας
662 758 762 794 οῠσης;
784 757 840 786 οὐκ
853 756 912 783 ἔστι
926 756 956 783 τὸ

172 809 266 839 κακον,
310 806 403 838 κακὸν,
415 805 476 833 οῦτε
489 805 528 837 ὃν,
542 804 604 831 οὔτε
617 805 645 831 ὲν
657 805 713 836 τοῖς
728 801 796 830 οὖσι.
814 803 868 830 Καὶ
880 801 956 829 οὐδὲν

1043 755 1185 789 Quomodo
1194 759 1322 783 exstante
1333 754 1504 783 Providentia
1515 756 1584 783 mala
1595 761 1659 784 sunt
1665 758 1794 786 omnino!

1008 801 1119 834 Malum,
1136 808 1190 836 qua
1204 801 1317 835 malum,
1329 808 1417 836 neque
1430 809 1485 833 res.
1497 809 1584 836 neque
1599 803 1627 830 in
1645 803 1725 831 rebus
1738 809 1791 833 est.

171 853 227 880 τῶν
239 853 322 879 ὅντων
338 852 411 878 ἐστὶν
425 850 591 886 ἀπρονόητον
601 858 607 864 ·
623 849 681 875 οὐδὲ
694 849 748 884 γάρ
761 849 818 874 ἐστι
829 847 859 873 τὸ
872 846 949 873 κακὺκ

1007 846 1086 874 Nulla
1097 847 1181 874 etiam
1194 854 1240 874 res
1253 846 1458 875 Providentiam
1477 846 1590 883 eli'ugit;
1612 856 1699 883 neque
1718 850 1791 876 enim

171 898 212 932 ὃν,
222 899 319 934 ἀμιγὲς
329 897 449 933 ὑπάρχον
461 896 507 922 τοῦ
520 895 632 930 ἀγαθοῦ.
645 895 699 921 Καὶ
710 896 734 921 εἰ
751 893 831 929 μηδὲν
842 892 897 919 τῶν
908 892 954 918 δν-

170 952 226 971 των
239 943 369 979 ἀμέτοχον
391 941 438 968 τοῦ
460 941 563 976 ἀγαθοῦ
573 961 580 973 ,
596 940 680 967 κακὸν
690 940 718 966 δὲ
737 941 754 975 ὴ
773 938 889 973 ἔλλειψις
903 937 952 964 τοῦ

170 989 274 1024 ἀγαθοῦ
285 1009 293 1021 ,
309 988 384 1015 οὐδὲν
397 988 426 1014 δὲ
444 987 499 1014 τῶν
516 987 599 1014 ὄντων
614 985 756 1021 ἔστέρηται
777 984 890 1012 καθόλου
905 983 953 1010 τοῦ

170 1034 283 1070 ἀγαθοῦ,
296 1034 325 1060 ὲν
338 1034 403 1061 πᾶσι
414 1034 469 1064 τοϊς
482 1030 557 1059 οὖσιν
570 1032 588 1067 ἡ
600 1031 660 1058 θεία
670 1030 786 1066 Πρόνοια
794 1049 801 1062 ,
817 1029 866 1056 καί
878 1029 953 1057 οὐδδν

169 1089 225 1107 των
236 1080 319 1106 ὅντων
331 1078 499 1115 ἀπρονόητον
507 1087 514 1094 υ
535 1077 603 1104 ἀλλά
613 1077 661 1103 καὶ
670 1077 726 1108 τοῖς
738 1076 890 1111 γινομένοις
908 1084 955 1102 κα-

170 1127 229 1158 κότς
241 1123 438 1160 ἁγαθοπρεπῶς
450 1125 466 1159 ή
478 1123 594 1159 Πρόνοια
606 1122 736 1158 κέχρηται
745 1141 752 1153 ,
764 1122 832 1158 πρὸς
845 1121 894 1156 τὴν
905 1121 953 1148 αὺ-

169 1171 225 1197 τῶνν
236 1190 243 1203 ,
256 1170 273 1206 ἢ
287 1170 388 1202 ἄλλων,
400 1169 417 1204 ἢ
433 1168 545 1206 ιδικὴνῆ
561 1169 583 1186 ι’
594 1169 686 1204 κοινὴν
695 1167 838 1202 ὠφέλειαν,
850 1168 897 1194 καὶ
909 1168 951 1194 0i-

169 1216 251 1247 κείως
276 1216 391 1242 ἑκάστου
416 1215 471 1241 τῶν
498 1214 583 1241 ὅντων
613 1215 731 1249 προνοεῖ.
755 1213 802 1240 Διδ
831 1214 877 1240 καὶ
905 1214 951 1240 τὸν

168 1262 301 1288 σίκαῐονδθ
312 1261 366 1288 τῶν
379 1261 482 1288 πολλῶν
495 1261 544 1287 οὐκ
555 1260 740 1295 ἀποδεξόμεθα
751 1260 838 1294 λόγον,
849 1260 874 1286 οἳ
885 1260 952 1295 χρῆ-

168 1306 213 1333 ναί
222 1314 287 1340 φασι
298 1306 348 1341 τὴν
356 1306 485 1341 Πρόνοιαν
496 1305 542 1331 καὶ
554 1305 668 1336 ἄκοντας
681 1305 754 1339 ἡμᾶς
768 1304 815 1330 ἐπὶ
825 1303 874 1340 τὴν
884 1305 950 1339 ἀρε-

167 1351 218 1386 τὴν
230 1350 320 1385 ἄγειν·
334 1350 365 1377 τὸ
377 1350 431 1386 γὰρ
450 1351 558 1386 φθεῖραι
574 1349 654 1384 φύσιν
668 1351 718 1376 οὐκ
733 1349 790 1376 ἔστι
807 1349 948 1385 Προνοίας.

169 1396 250 1423 Ὅθεν
264 1397 301 1428 ὡς
314 1397 432 1432 Πρόνοια
442 1397 492 1431 τῆς
505 1396 620 1423 ἑκάστου
634 1395 741 1430 φύσεως
755 1395 884 1430 σωστικὴ,
895 1395 950 1422 τῶν

167 1442 350 1476 αὑτοκινήτων
366 1442 403 1473 ὡς
415 1442 598 1477 αὐτοκινήτων
611 1441 737 1476 προνοεῖ.
755 1441 869 1468 καὶτῶν
881 1441 949 1469 ὅλων

167 1486 216 1512 καὶ
225 1485 278 1512 τῶν
289 1486 349 1512 καθ’
364 1486 477 1512 ἑκαστον
489 1486 596 1518 οἰκείως
603 1486 625 1503 ⁸¹
635 1485 688 1523 ὅλῳ
698 1486 745 1512 καί
754 1486 871 1521 ἑκάστῳ.
886 1486 947 1513 καθ’

166 1531 229 1574 ὅσον
245 1532 262 1566 ή
276 1531 331 1557 τῶν
346 1530 550 1567 προνοουμένων
567 1531 647 1566 φύσις
669 1531 820 1567 ἐπιδέχεται
838 1531 887 1564 τὰς
899 1532 949 1567 τῆς
962 1545 984 1574 c

165 1573 231 1609 ὅλης
246 1575 293 1601 καὶ
305 1575 476 1610 παντοδαπῆς
488 1576 615 1611 προνοίας
628 1576 800 1612 ὲκδιδομένας
812 1577 948 1612 ἀναλόγως

165 1619 275 1655 ἑκάστῳ
290 1621 469 1657 προνοητικὰς
480 1621 658 1657 ἀγαθότητας.

1005 897 1047 921 est
1066 892 1165 920 malum
1181 892 1252 927 quod
1274 900 1328 920 non
1353 893 1389 920 sit
1409 894 1555 921 admistnm
1575 895 1657 922 bono.
1670 894 1747 928 Quod
1766 895 1791 923 si

1006 938 1079 965 nulla
1094 945 1138 965 res
1152 938 1190 965 sit
1205 945 1306 972 expers
1318 938 1394 976 boni,
1406 938 1506 966 malum
1515 943 1606 966 autem
1618 939 1654 967 sit
1667 939 1791 968 defectus

1004 983 1080 1017 beni,
1097 990 1160 1011 cum
1180 984 1253 1011 nulla
1274 992 1318 1012 res
1333 985 1446 1012 omnino
1468 985 1573 1019 privata
1595 986 1632 1012 sit
1653 985 1744 1018 bono,
1761 986 1789 1012 in

1005 1030 1086 1057 rebus
1101 1029 1228 1058 omnibus
1247 1030 1339 1057 divina
1353 1038 1462 1066 quoque
1473 1030 1646 1059 Providentia
1660 1035 1720 1065 est,
1739 1039 1789 1058 nec

1005 1081 1049 1102 res
1071 1074 1125 1102 ulla
1139 1074 1342 1103 Providentiam
1360 1076 1482 1103 divinam
1497 1075 1609 1111 eliugit;
1626 1076 1691 1111 quin
1705 1076 1788 1104 etiam

1004 1119 1040 1148 iis
1057 1120 1105 1154 qui
1125 1120 1188 1148 mali
1211 1125 1377 1154 evaserunt,
1404 1121 1438 1148 ad
1459 1121 1580 1155 ipsorutn
1603 1126 1650 1149 aut
1672 1122 1788 1149 aliorutn

1003 1166 1138 1200 privatam
1158 1166 1202 1194 vel
1227 1174 1401 1194 communem
1428 1167 1593 1200 utilitatem,
1614 1167 1787 1195 Providentia

1002 1211 1117 1245 benigne
1135 1212 1222 1240 utitur
1232 1232 1241 1245 ,
1258 1213 1422 1248 proprieque
1436 1213 1551 1248 singulis
1564 1213 1646 1241 rebus
1658 1214 1788 1247 consulit.

1001 1257 1187 1290 Quamobrem
1203 1266 1303 1286 vanum
1321 1266 1474 1286 sermonem
1490 1258 1669 1293 pluritnorum
1682 1266 1787 1293 nequa-

1001 1310 1082 1339 quam
1103 1304 1297 1339 approbamus,
1321 1304 1367 1339 qni
1383 1304 1480 1338 aiunt,
1493 1304 1613 1332 divinam
1636 1303 1787 1332 Provideno

1001 1349 1066 1375 tiam
1080 1357 1130 1377 nos
1147 1349 1189 1377 vel
1206 1350 1309 1377 invitos
1322 1349 1356 1376 ad
1372 1349 1502 1377 virtutem
1515 1349 1616 1378 debere
1629 1349 1785 1383 impellere;

1000 1401 1063 1422 nam
1088 1402 1141 1422 non
1165 1401 1208 1423 cst
1232 1395 1413 1423 Providentiae
1441 1400 1566 1422 naturam
1582 1394 1694 1422 violare.
1714 1394 1784 1428 Qua-

1000 1444 1113 1475 propter
1127 1444 1257 1475 tanquam
1285 1440 1459 1468 Providentia
1470 1461 1478 1473 ,
1496 1449 1557 1476 qua;
1573 1445 1677 1468 natura:
1691 1440 1784 1475 cujus-

1000 1493 1054 1520 que
1082 1486 1271 1513 conservatrix
1289 1485 1340 1518 sit,
1362 1485 1448 1514 libero
1465 1491 1538 1514 motu
1553 1487 1688 1520 pmditis,
1705 1490 1734 1513 ut
1753 1485 1786 1513 li-

1000 1531 1065 1558 bere
1080 1538 1110 1559 se
1125 1531 1307 1564 moventibus,
1321 1536 1349 1559 et
1362 1532 1498 1559 universis
1513 1539 1545 1559 ac
1561 1532 1687 1567 singulis,
1702 1532 1784 1559 modo

1001 1576 1117 1611 quodam
1131 1576 1260 1603 universo
1278 1583 1311 1604 ac
1337 1576 1449 1604 cuilibet
1465 1577 1575 1611 proprio
1590 1577 1735 1612 prospicit,
1757 1575 1783 1611 in

1001 1626 1132 1655 quantum
1149 1629 1256 1654 eorum,
1273 1621 1373 1656 quibus
1392 1622 1566 1657 providetur,
1592 1627 1689 1650 natura
1709 1622 1783 1656 capit

1001 1666 1134 1694 universa:
1155 1671 1237 1701 atque
1252 1666 1403 1701 omnigente
1434 1668 1610 1703 providentia:
1636 1667 1781 1699 beneﬁcia,

1001 1719 1061 1746 qua:
1078 1712 1176 1747 cuique
1188 1719 1236 1747 pro
1251 1716 1334 1747 captu
1346 1719 1396 1740 suo
1411 1712 1521 1741 dantur.

871 1788 886 1824 ξ
905 1788 1057 1820 XXXIV.

199 1860 256 1887 Οὐκ
272 1860 326 1897 ἄρα
338 1861 367 1888 ὃν
386 1862 416 1889 τὺ
433 1862 531 1895 κακὸν,
548 1863 609 1890 οὐδὲ
626 1863 655 1890 ἐν
666 1865 722 1896 τοῖς
735 1862 794 1891 οὖσι
807 1865 837 1892 τὺ
850 1866 943 1893 κακόν.

164 1906 290 1942 οὐδαμοῦ
302 1907 356 1943 γὰρ
368 1908 399 1934 τὸ
411 1909 508 1942 κακὸν,
555 1909 652 1936 κακόν·
669 1911 716 1937 καὶ
734 1911 765 1937 τὸ
782 1911 904 1945 γίνεσθαι
916 1912 947 1938 τὸ

164 1952 249 1978 κακὸν
262 1953 292 1979 οὐ
305 1953 374 1980 κατά
386 1953 498 1989 δύναμιν
508 1974 515 1987 ,
528 1954 596 1981 ἀλλά
607 1954 640 1981 δι’
653 1956 803 1983 ἀσθένειαν.
818 1957 872 1983 Καὶ
888 1959 945 1989 τοῖς

163 1997 299 2032 δαίμοσιν,
311 1998 325 2025 ὃ
338 1999 387 2033 μέν
401 2000 465 2031 εἰσι,
480 2001 526 2026 καὶ
539 2001 571 2027 ἐκ
580 2001 710 2036 τάγαθοῦ,
722 2002 769 2028 καὶ
781 2002 880 2036 ἀγαθόν
890 2011 897 2017 ·
913 2003 944 2029 τὸ

162 2041 192 2068 δὲ
205 2043 286 2069 κακον
299 2044 388 2076 αὐτοῖς
403 2045 435 2071 ὲκ
448 2045 496 2080 τῆς
509 2045 563 2072 τῶν
576 2046 682 2073 οίκείων
697 2046 807 2081 ἀγαθῶν
820 2047 944 2074 ἀποπτὼ-

163 2096 246 2120 σεως,
266 2089 312 2115 καὶ
325 2090 465 2122 ἀλλοίωσις
484 2092 500 2126 ἡ
524 2092 587 2126 περὶ
600 2092 649 2127 τὴν
662 2092 813 2128 ταύτότητα
830 2093 877 2119 καὶ
892 2093 941 2128 τὴν

162 2131 219 2164 ἕξιν
241 2133 365 2159 ἀσθένεια
385 2134 434 2169 τῆς
456 2135 646 2171 προσηκούσης
664 2137 755 2168 αὐτοῖς
777 2137 943 2172 ἀγγελοπρε-

162 2176 230 2209 ποῦς
240 2178 474 2214 τελειότητος.Καὶ
487 2181 605 2215 ἐφίενται
618 2182 665 2208 τοῦ
676 2182 789 2216 ἀγαθοῦ,
799 2182 859 2209 καθ’
871 2182 885 2209 ὃ
895 2182 942 2209 τοῦ

161 2219 244 2255 εῖναι,
267 2224 313 2250 καὶ
335 2224 398 2259 ζῇν,
423 2226 469 2252 καὶ
489 2228 559 2253 νοεῖν
581 2227 715 2261 ἐφίενται·
737 2228 784 2254 καὶ
803 2227 870 2254 καθὸ
891 2227 942 2254 οὐκ

160 2268 280 2302 ἐφίενται
290 2269 312 2285 ’⁸³
326 2270 373 2296 τοῦ
391 2271 492 2305 ἀγαθοῦ
502 2291 509 2303 ,
522 2272 569 2298 τοῦ
594 2273 631 2309 μὴ
643 2273 719 2305 ὄντος
737 2274 871 2308 ἐφίενται·
893 2273 941 2299 καὶ

159 2313 210 2340 οὐκ
238 2314 294 2341 ἐστι
320 2316 398 2343 τοῦτο
421 2316 529 2351 ἐψεσις,
550 2318 618 2346 ἀλλά
638 2319 688 2355 τῆς
715 2319 800 2351 ὅπως
822 2319 941 2354 ἐφέσεως

159 2358 292 2394 ἁμαρτία.

1033 1867 1115 1904 ³74
1128 1867 1186 1895 Non
1205 1867 1288 1903 igitur
1304 1868 1403 1897 malum
1417 1873 1460 1897 est
1476 1876 1520 1897 res
1531 1869 1633 1905 aliqua,
1649 1877 1737 1905 neque
1752 1872 1778 1899 in

995 1914 1075 1941 rebus
1091 1914 1190 1941 malum
1205 1914 1323 1942 exsistit.
1339 1913 1480 1950 Nusquam
1505 1916 1577 1942 enim
1605 1917 1705 1943 malum
1724 1921 1777 1950 est,

997 1967 1050 1994 qua
1067 1960 1186 1994 malum;
1202 1968 1252 1988 nec
1270 1961 1342 1996 quod
1360 1961 1460 1987 malum
1480 1961 1520 1992 lit,
1539 1961 1590 1988 ltoc
1602 1969 1617 1988 a
1644 1966 1778 1996 potestate

997 2005 1189 2038 proﬁciscitur,
1220 2006 1268 2033 sed
1282 2006 1317 2033 ab
1338 2005 1534 2033 imbecillitate.
1548 2005 1588 2033 Ac
1599 2007 1778 2040 dzemouibus,

996 2051 1022 2078 id
1038 2052 1145 2085 quidem
1162 2051 1232 2086 quod
1248 2056 1330 2085 sunt,
1351 2056 1378 2078 et
1402 2059 1435 2078 ex
1451 2051 1520 2078 b0no
1536 2056 1578 2078 est
1589 2071 1597 2084 ,
1616 2056 1643 2078 et
1657 2052 1776 2085 bonum;

995 2097 1107 2129 malum,
1119 2098 1191 2131 quod
1206 2098 1258 2125 illis
1271 2105 1303 2124 ex
1317 2098 1394 2132 lapsu
1409 2105 1424 2124 a
1437 2097 1553 2132 propriis
1570 2098 1650 2125 bonis
1664 2098 1776 2131 accidit,

995 2148 1037 2171 est
1050 2142 1170 2176 ejusdem
1184 2147 1272 2170 status
1299 2143 1464 2178 habitusque
1477 2144 1609 2176 mutatio,
1625 2148 1653 2170 et
1667 2151 1776 2171 accom-

958 2198 980 2225 ο
997 2190 1112 2217 tnodats:
1127 2190 1167 2217 eis
1183 2189 1286 2224 angelis
1301 2190 1389 2224 dignae
1401 2189 1577 2224 perfectionis
1594 2189 1773 2217 imbecillitas.

993 2235 1129 2270 Expetunt
1151 2235 1233 2262 etiam
1261 2237 1379 2268 bonutn,
1403 2235 1429 2262 in
1458 2240 1587 2270 quantum
1603 2239 1630 2262 et
1648 2242 1725 2268 esse,
1747 2240 1776 2263 et

993 2282 1095 2314 vivere,
1113 2286 1140 2308 et
1164 2281 1316 2315 intelligere
1340 2282 1512 2314 desiderant;
1538 2285 1565 2309 et
1591 2282 1617 2308 in
1641 2286 1773 2316 quantum

993 2334 1046 2354 non
1059 2331 1189 2361 expetunt
1205 2327 1306 2354 bonum
1318 2348 1325 2359 ,
1352 2327 1378 2354 id
1394 2327 1466 2361 quod
1486 2335 1540 2354 non
1564 2331 1607 2354 est
1625 2332 1773 2362 expetunt;

992 2372 1066 2407 atqui
1079 2380 1131 2399 non
1144 2378 1186 2400 est
1203 2372 1256 2400 hoc
1270 2373 1416 2407 appetitus,
1432 2372 1480 2400 sed
1500 2380 1571 2401 vene
1594 2373 1772 2408 appetitionis

992 2419 1117 2447 deiectio.

871 2498 885 2535 §
901 2498 1034 2529 XXXV.

199 2575 243 2603 Ἑν
259 2576 357 2611 γνώσει
369 2579 398 2606 δὲ
414 2580 617 2616 ἁμαρτάνοντας
634 2582 712 2608 καλεῖ
723 2581 758 2608 τὰ
772 2581 857 2614 Λόγια
876 2581 939 2622 τοὺς

156 2622 221 2657 περὶ
242 2623 292 2659 τὴν
312 2624 426 2661 ἄληστον
437 2626 485 2652 τοῦ
500 2627 602 2661 ἀγαθοῦ
617 2628 717 2662 γνῶσιν
729 2627 746 2663 ἢ
759 2628 808 2663 τὴν
829 2627 940 2662 ποίησιν

1027 2579 1055 2607 In
1071 2579 1185 2607 scientia
1199 2587 1265 2607 vero
1289 2584 1433 2614 peccantes
1465 2580 1607 2614 Scriptura
1626 2585 1705 2607 vocat
1723 2588 1771 2609 eos

991 2629 1037 2661 qui
1052 2628 1124 2654 circa
1139 2634 1211 2659 eam,
1224 2634 1284 2661 qua:
1298 2627 1382 2654 latore
1396 2634 1449 2654 non
1465 2631 1572 2660 potest,
1592 2626 1654 2653 boni
1677 2626 1770 2661 mgni-

801 2719 917 2747 VARIIE
934 2719 1133 2748 LECTIONES.

185 2807 213 2848 ’ξ
220 2808 380 2848 ενέιδ-ῥναμονἶ
423 2806 450 2848 ⁸⁵.
463 2807 509 2834 καὶ
524 2808 626 2848 οὐσίας.
715 2810 736 2848 δέ
750 2811 914 2848 παντάπασι.
953 2811 972 2848 ³7
989 2809 1118 2848 χαὶ-κατὰ
1132 2812 1161 2838 τὸ
1171 2811 1246 2848 αὑτόἵ
1264 2811 1293 2848 P:
1329 2813 1354 2848 7”
1368 2813 1398 2839 τὸ
1414 2813 1507 2847 κακόν,
1521 2812 1549 2840 Ρ.
1588 2813 1609 2828 ⁸⁸
1624 2812 1641 2848 ἡ
1656 2821 1707 2840 nott
1725 2817 1766 2839 est

155 2842 183 2870 itt
194 2842 225 2871 P.
263 2844 285 2860 '°
299 2842 402 2871 καὶτὸν
416 2845 539 2878 μάταιον,
553 2846 585 2872 ll.
638 2845 657 2860 "
672 2845 782 2881 ὁμοίως,
800 2846 832 2872 Μ.

887 2847 909 2862 ”²
926 2846 972 2874 καὶ
982 2847 1006 2873 ει
1019 2846 1067 2873 οὐκ
1082 2847 1213 2882 ἐφίενται,
1231 2847 1260 2874 δ.
1277 2846 1307 2873 Ρ.
1326 2847 1357 2874 υ.
