1938 3065
229 194 280 222 747
807 194 838 222 S.
859 195 1008 223 DlONYSll

1075 194 1260 223 EOPAGlT/E
1804 199 1865 228 748

230 254 446 290 ιυιιιΙιιιῄΔειιιιιιι
471 257 672 290 ηιιιιιηιιιιληοιι
692 257 780 290 potest
803 254 914 290 tendere
934 254 961 281 in
984 253 1094 290 aliquod
1117 253 1229 282 malum.
1249 253 1421 281 Manifestum
1441 260 1482 282 est
1501 259 1612 287 autent.
1635 255 1707 290 quod
1725 256 1865 290 quaslibet

231 296 327 315 natura
352 287 547 325 intelleetualis
565 288 670 325 habeat
690 288 816 325 ordinem
841 289 867 315 in
892 289 993 325 bonum
1018 288 1188 325 universale,
1211 290 1282 325 quod
1308 293 1398 325 potest
1419 290 1624 324 apprehendere
1635 287 1652 322 ,⁷
1665 294 1693 317 et
1717 287 1758 318 est
1780 291 1866 325 obje-

230 327 302 360 ctum
319 323 492 360 voluntatis;
515 323 587 360 unde
608 323 831 360 cum_dwmones
853 325 909 360 sint
931 323 1091 360 substantia).
1114 323 1328 360 intellectuales,
1350 323 1530 352 nullo’modo
1550 329 1665 360 possunt
1686 325 1790 353 habere
1816 323 1866 354 in-

229 358 407 385 clinationem
432 358 585 385 naturalem
611 358 638 393 in
662 357 770 393 aliquod
792 358 975 393 quodcunque
1001 357 1124 393 malum,
1147 363 1175 385 et
1199 359 1260 386 ideo
1285 367 1338 386 non
1364 365 1479 393 possunt
1503 357 1564 387 esse
1588 359 1753 387 naturaliter
1779 362 1863 389 mali.

231 393 571 456 Χὲιξοὲίῗῧείρέθηξὲοείἓε
591 400 607 420 a
628 392 660 421 D.
684 392 788 421 Thoma
801 391 948 427 disputata
971 393 999 420 in
1024 391 1221 425 Quwslianibut
1239 391 1403 429 disputatis,
1425 395 1575 431 quastione
1592 395 1700 423 decima
1720 400 1799 424 sexta
1826 397 1867 424 de

230 433 398 456 damionibus
437 433 517 456 artic.
538 433 566 454 2.

681 562 762 599 333
778 560 1021 590 PABAPHRASlS
1039 561 1265 590 mentitam
1282 564 1348 600 (59).

262 642 314 679 §l.
329 646 368 673 Ad
390 645 454 673 illud
478 652 539 680 ergo
555 645 673 680 perlecta
702 643 842 672 distinctio
864 647 906 670 est
929 649 1014 677 appo-

1103 641 1117 678 §
1129 642 1148 669 Ι.
1162 643 1288 670 Στικτέον
1301 645 1340 676 είς
1351 644 1381 671 τὺ
1392 643 1449 671 οὖν
1458 644 1578 671 τελείαν·
1594 645 1625 672 τὸ
1637 645 1692 681 γὰρ
1702 646 1774 680 εἷεν,
1787 647 1868 675 κατὰ

231 693 339 726 nenda;
356 691 490 726 siquidem
507 691 573 718 illud
588 698 647 725 age,
668 689 746 724 juxta
763 697 842 717 usum
859 689 1016 723 antiquum,

1075 689 1190 716 παλαιὰν
1202 690 1308 726 χρῆσιν,
1332 690 1461 724 ἀπόθεσις
1480 693 1539 718 ἐστι
1555 691 1610 718 τῶν
1631 692 1790 728 λεχθέντων,
1814 695 1869 720 καὶ

230 739 348 767 remotio
361 738 485 773 quaedam
497 741 540 764 est
554 743 648 764 eorum
671 743 731 770 quas
745 735 817 763 dicta
837 739 911 766 sunt.
928 739 956 762 et
970 741 1018 762 ex-

1075 734 1178 770 ἑναρξις
1188 735 1243 762 τῶν
1260 736 1407 772 ἐσομένων,
1421 737 1482 764 ἀντὶ
1494 737 1698 769 τοῦ,Ἔστωσαν
1711 739 1742 774 δὴ
1761 737 1810 766 οὖν
1829 739 1867 766 τὰ

230 785 337 813 ordium
349 784 539 816 dicendorum,
555 790 587 810 ac
603 782 624 810 si
637 781 801 815 dicatzouae
817 781 944 816 praedicta
955 785 1020 808 sunt

1075 781 1270 817 προειρημένα’
1288 782 1336 809 νῦν
1351 782 1380 809 δὲ
1391 782 1523 819 χωρῶμεν
1537 784 1566 810 ὲν
1581 783 1621 819 τῷ
1639 784 1710 820 λόγῳ
1721 785 1764 811 ἐπ’
1775 785 1868 822 αὐτὴν

230 831 268 857 ita
285 836 315 856 se
333 828 468 862 habeant;
495 827 575 855 modo
593 832 684 854 autem
701 827 857 854 orationem
872 831 1020 854 converta-

1075 826 1119 862 τὴν
1133 826 1180 853 τοῦ
1196 827 1298 861 ἀγαθοῦ
1311 828 1469 863 ὀνομασίαν,
1484 829 1518 864 ἢν
1535 829 1717 866 διαφερόντως
1728 832 1753 858 οἱ
1768 831 1867 859 θεολό-

230 883 291 903 mus
304 875 338 902 ad
365 875 452 910 ipsum
474 881 573 902 nomen
591 873 669 906 boni,
691 872 763 908 quod
777 872 895 908 theologi
909 879 957 907 per
971 879 1020 899 ex-

1075 881 1112 906 γοι
1127 872 1283 900 ἀνατιθέασι
1296 875 1330 909 τῇ
1351 873 1468 909 θεότητι,
1478 874 1586 902 πάντων
1598 875 1652 903 τῶν
1665 877 1868 912 παραχθέντων

230 921 386 949 cellentiam
412 920 564 948 altribuunt
592 919 741 952 divinitati,
770 923 899 953 tanquam
925 925 939 945 a
964 924 1018 952 qua

1075 919 1178 956 Βηλαδὴ,
1194 921 1235 947 ὄτι
1249 920 1283 948 τὰ
1303 921 1440 954 πάντα¹ὲε
1456 921 1541 957 αὐτῆς
1562 923 1698 958 παρῆκται
1713 923 1746 950 δι’
1757 923 1867 958 ἀγαθός

231 972 329 995 cuncta
342 967 501 1001 procedunt,
514 966 641 1001 quoniam
657 965 748 991 omnia
761 971 795 991 ex
816 965 874 998 ipsa
887 964 1018 999 producta

1075 975 1147 1002 τητα.
1173 966 1298 1001 λέγοντες
1322 967 1406 1002 αὐτὴν
1428 967 1478 1003 τὴν
1506 967 1553 994 τοῦ
1578 968 1645 995 Θεοῦ
1670 969 1867 1004 ὑπερόπαρξιν

230 1019 293 1042 sunt
305 1017 416 1049 propter
430 1013 594 1045 bonitatem,
609 1012 693 1046 ipsam
706 1010 752 1037 Dei
765 1010 1019 1046 superexistentiam

1075 1013 1227 1049 ἀγαθότητα
1247 1015 1294 1041 καὶ
1317 1014 1549 1050 αὑτοαγαθότητα.
1573 1015 1609 1042 Ού
1632 1015 1686 1050 μὴν
1705 1015 1734 1042 δὲ
1750 1015 1810 1042 ἀλλ’
1823 1017 1866 1043 ὅτι

230 1059 400 1095 appellantes
419 1059 581 1091 bonitatem,
607 1062 633 1084 et
660 1064 709 1092 per
730 1063 761 1084 se
783 1057 944 1084 bonitatem.
961 1055 1020 1083 Non

1075 1058 1120 1085 sine
1131 1059 1276 1095 ἐπίκτητον
1291 1061 1338 1087 καὶ
1351 1060 1521 1096 συμϐεϐηκὸς
1532 1060 1588 1096 ἔχει
1601 1061 1630 1087 τὸ
1644 1062 1744 1096 ἀγαθὸν
1755 1063 1770 1088 ὁ
1783 1061 1865 1094 Θεὸς,

231 1107 303 1134 enim
318 1106 389 1133 Deus
400 1105 548 1133 ascltitium
561 1105 642 1131 habet
651 1104 752 1131 bonum
765 1107 810 1130 aut
824 1110 872 1138 per
879 1103 1019 1136 accidens,

1075 1104 1152 1136 ὥστε,
1168 1105 1232 1132 ἄλλο
1243 1114 1270 1132 τι
1291 1106 1330 1138 ὃν,
1344 1106 1523 1142 ὲπισύμΰαμα
1543 1107 1616 1142 ἔχειν
1631 1107 1662 1134 τὺ
1674 1108 1787 1142 ἀγαθὸν,
1805 1108 1866 1134 ἀλλ’

232 1153 310 1188 quasi
325 1151 444 1180 essentia
460 1150 518 1185 eius
533 1150 568 1178 sit
579 1149 643 1185 quid
659 1150 744 1182 aliud,
760 1153 788 1176 et
805 1149 1020 1176 accidentariam

1075 1150 1152 1185 οὐσίᾳ
1165 1150 1212 1177 τοῦ
1228 1151 1330 1186 ἀγαθοῦ
1345 1151 1425 1184 αὐτὸς
1435 1152 1574 1188 ὑπάρχων,
1589 1153 1704 1180 ἐκτείνει
1716 1154 1781 1189 περὶ
1794 1154 1868 1181 πάν-

232 1200 333 1227 habeat
346 1198 514 1230 bonitatem;
529 1196 576 1224 sed
591 1196 660 1232 ipse,
675 1204 736 1224 cum
747 1196 851 1224 existat
860 1195 946 1230 ipsius
956 1193 1020 1222 boni

1075 1204 1120 1228 τας
1136 1197 1186 1232 τὴν
1204 1197 1253 1232 τῆς
1269 1197 1436 1234 ἀγαθότητος
1449 1197 1545 1234 αἴγλην
1560 1198 1680 1232 φυσικῶς
1696 1200 1726 1226 ὲν
1742 1199 1782 1234 τῷ
1794 1197 1867 1226 εἷναι

233 1245 386 1274 substantia
403 1244 574 1277 naturaliter,
590 1245 622 1270 ad
637 1251 732 1271 omnes
754 1243 878 1271 extendit
890 1241 1021 1269 bonitatis

1075 1243 1185 1278 ἀγαθόν.
1201 1244 1306 1279 Ὠσπερ
1320 1244 1375 1280 γὰρ
1386 1245 1400 1270 ὁ
1417 1244 1493 1279 ἥλιος
1511 1245 1561 1271 οὐκ
1573 1244 1637 1272 ἄλλο
1653 1254 1680 1272 τι
1693 1246 1730 1273 ὢν
1743 1247 1822 1283 παρὰ
1835 1248 1867 1274 τὸ

232 1299 289 1320 sua:
301 1291 446 1327 fulgorem,
458 1290 511 1318 hoc
526 1290 584 1325 ipso
598 1297 652 1324 quo
667 1290 754 1317 bonus
768 1293 821 1317 est.
836 1287 1020 1321 Quemadmo-

1075 1289 1142 1325 φῶς,
1150 1290 1210 1316 οὐδὲ
1223 1290 1355 1325 ἑτέρωθεν
1364 1290 1394 1317 τὸ
1409 1290 1466 1325 φῶς
1480 1290 1625 1325 λαμϐάνων
1635 1290 1746 1326 φωτίζει
1758 1300 1766 1306 ·
1782 1292 1876 1325 αὐτὸς,

233 1339 297 1365 dum
314 1337 387 1364 enim
406 1335 447 1363 sol
472 1342 524 1362 non
546 1339 589 1362 est
604 1343 618 1362 a
639 1334 743 1361 lumine
760 1333 916 1364 distinctus,
932 1340 1020 1367 neque

1075 1335 1127 1371 γάρ
1148 1336 1205 1361 ἐστι
1218 1335 1286 1370 φῶς,
1299 1336 1345 1362 καὶ
1357 1335 1468 1370 φωτίζει
1488 1335 1608 1370 φυσικῶς
1627 1337 1656 1363 ἐν
1667 1337 1706 1372 τῷ
1719 1335 1791 1364 εἶναι
1807 1338 1866 1372 φῶς

234 1384 344 1411 aliunde
359 1383 451 1409 lumen
465 1381 616 1408 mutuando
639 1379 775 1407 illuminat
800 1378 948 1414 (siquidem
964 1378 1021 1412 ipse

1075 1381 1161 1407 πάντα
1173 1380 1207 1406 τὰ
1218 1380 1354 1416 δυνάμενα
1366 1381 1489 1416 μετέχειν
1502 1380 1595 1412 αὑτοῦ,
1609 1381 1669 1408 οὔτε
1678 1381 1866 1418 λογιζόμενος,

235 1430 282 1457 lux
294 1434 347 1462 est,
363 1433 392 1456 et
404 1429 455 1455 hoc
469 1427 528 1462 ipso
545 1433 598 1462 quo
613 1426 659 1453 lux
671 1431 723 1459 est,
738 1425 902 1453 naturaliter
916 1424 1021 1452 illumi-

1075 1425 1134 1452 οὔτε
1148 1425 1362 1461 προαιρούμενος
1372 1435 1378 1441 ·
1395 1425 1432 1461 μὴ
1446 1427 1570 1460 φωτίζων
1586 1427 1640 1461 γὰρ
1659 1427 1721 1453 οὐδέ
1735 1436 1768 1462 γε
1788 1428 1866 1463 ἥλιος

233 1480 281 1503 nat
291 1475 385 1503 omnia
403 1480 570 1508 quascunque
585 1472 676 1499 lumen
692 1471 752 1506 ejus
767 1469 860 1498 valent
882 1470 1019 1505 excipere.

1075 1469 1106 1496 ἂν
1121 1470 1164 1506 εἴη
1174 1480 1181 1486 ·
1194 1472 1241 1498 καὶ
1252 1473 1279 1498 τί
1293 1473 1326 1499 ἂν
1342 1472 1384 1508 εἴη
1397 1473 1460 1499 ἄλλο
1478 1473 1583 1507 λογίσαι
1606 1474 1636 1501 τὸ
1651 1475 1779 1509 φωτίσαι,
1794 1477 1809 1502 ὁ
1827 1475 1864 1511 μὴ

235 1529 325 1557 neque
341 1521 520 1552 ratiocinans,
539 1526 628 1554 neque
639 1518 819 1553 praeligens;
844 1524 908 1545 nam
927 1517 950 1544 si
966 1524 1021 1543 non

1075 1516 1110 1543 ὣν
1135 1518 1210 1552 φῶς;
1231 1518 1310 1545 τοῦτο
1333 1519 1388 1555 γάρ
1407 1521 1532 1555 ἐμφαίνει
1553 1521 1567 1547 ὁ
1587 1521 1673 1555 ἅγιος,
1696 1522 1744 1548 καὶ
1761 1522 1813 1558 οὐχ
1824 1523 1863 1549 ὃτι

235 1568 410 1598 illuminaret,
441 1572 529 1601 neque
553 1565 637 1593 etiam
660 1564 701 1592 sol
725 1567 815 1596 esset;
841 1563 937 1598 ecquid
950 1561 1022 1589 aliud

1075 1565 1166 1596 ἀπλῶς
1187 1566 1284 1600 ἄλογός
1302 1567 1360 1593 ἐστι
1380 1567 1427 1593 καὶ
1441 1567 1621 1603 ἀπροαίρετος
1640 1569 1654 1594 ὁ
1672 1569 1759 1604 ἣλιος,
1786 1569 1864 1596 τοῦτο

235 1614 340 1648 concipi
365 1612 449 1648 possit
475 1611 641 1644 illuminare,
657 1610 710 1638 nisi
738 1609 785 1637 lux
802 1609 855 1636 sit?
878 1609 929 1637 hoc
948 1608 1022 1636 enim

1075 1610 1128 1646 γάρ
1142 1609 1230 1645 δῆλον,
1247 1611 1294 1637 καὶ
1310 1610 1387 1637 οὐδὲν
1401 1611 1469 1647 πρὸς
1486 1612 1516 1638 τὸ
1535 1614 1715 1648 προκείμενον
1728 1623 1734 1629 ·
1747 1614 1821 1641 οὓτω
1831 1614 1862 1649 δὴ

233 1661 292 1688 vult
303 1660 346 1687 hic
364 1663 485 1691 sanctus,
499 1663 527 1685 et
541 1665 594 1684 non
610 1656 770 1691 simpliciter
784 1655 869 1684 solem
878 1662 939 1683 esse
952 1655 1023 1682 irra-

1075 1656 1121 1682 καὶ
1140 1656 1171 1682 τὸ
1191 1656 1262 1692 ὑπὲρ
1285 1656 1361 1691 ἥλιον
1385 1657 1487 1691 ἀγαθὸν
1508 1659 1522 1684 ὁ
1536 1658 1613 1691 Θεὸς,
1634 1659 1665 1685 τὸ
1686 1659 1862 1696 ὲξῃρημένως

235 1705 364 1733 tionalem
379 1709 407 1732 et
422 1709 561 1731 exsortem
585 1702 731 1735 libertatis,
745 1702 799 1729 hoc
813 1702 886 1729 enim
905 1700 1022 1729 manife-

1075 1702 1228 1738 ἀρχέτυπον
1242 1703 1308 1739 πρὸς
1318 1703 1446 1739 τοιαύτην
1460 1705 1599 1740 σκοτεινὴν
1613 1706 1660 1732 καὶ
1672 1708 1757 1741 μηδὲν
1777 1715 1862 1742 παρο-

235 1758 308 1780 stum
321 1757 374 1784 est,
386 1756 413 1779 et
424 1751 491 1778 nihil
505 1752 538 1778 ad
552 1749 742 1786 propositum);
757 1750 797 1777 sic
809 1748 890 1777 etiam
906 1748 968 1776 illud
977 1755 1023 1776 su-

1076 1748 1240 1784 μοιάξουσαν
1259 1749 1360 1781 είκόνα,
1386 1750 1455 1785 αὐτῇ
1478 1751 1511 1785 τῇ
1529 1750 1654 1786 ὑπάρξει,
1674 1752 1721 1778 καὶ
1739 1750 1781 1786 τῷ
1795 1750 1862 1778 εἶναι

235 1806 284 1834 pra
298 1797 382 1825 solem
398 1797 498 1825 bonum
513 1795 594 1828 Deus,
603 1795 649 1830 qui
658 1795 818 1830 primevum
831 1799 873 1822 est
885 1795 1024 1829 exemplar

1075 1793 1184 1828 ἀγαθὸς,
1206 1794 1256 1834 τὰς
1274 1794 1386 1826 ἀκτῖνας
1404 1794 1452 1830 τῆς
1465 1795 1630 1831 ἀγαθότητος
1649 1796 1788 1832 ἀναλόγως
1808 1798 1862 1828 τοῖς

236 1848 365 1880 respectu
380 1843 536 1871 istiusmodi
551 1842 674 1870 obscurae
687 1846 715 1870 et
729 1842 865 1870 absimilis
881 1841 1021 1877 imaginis,

1075 1837 1148 1865 οὖσιν
1161 1838 1264 1873 ὲφίησι.
1283 1838 1332 1865 Διά
1346 1838 1449 1875 ταύτης
1459 1841 1488 1866 αι
1505 1840 1628 1876 οὐράνιαι
1642 1841 1731 1868 οὐσίαι
1745 1842 1863 1878 ὑπέστη-

235 1893 295 1928 ipsa
311 1897 360 1918 sua
374 1889 526 1917 substantia
539 1896 592 1923 qua
607 1888 694 1916 bonus
719 1892 772 1922 est,
797 1888 880 1915 rebus
895 1888 962 1923 ipsis
973 1895 1023 1922 pro

1075 1893 1135 1916 σαν,
1152 1886 1179 1911 αἱ
1194 1884 1287 1919 νοηταί
1299 1892 1329 1910 τε
1341 1884 1388 1910 καὶ
1399 1886 1500 1921 νοεραί.
1516 1886 1596 1913 Ἄλλο
1607 1887 1636 1914 δέ
1648 1889 1706 1914 ἐστι
1720 1888 1752 1914 τὸ
1759 1888 1860 1924 νοητὸν,

237 1938 370 1973 cujusque
395 1939 476 1970 captu
491 1934 622 1962 bonitatis
643 1941 699 1961 suae
713 1934 807 1962 radios
825 1933 949 1961 all‘undit.
966 1932 1023 1960 Hac

1075 1932 1122 1958 καὶ
1137 1931 1200 1958 ἄλλο
1213 1931 1243 1957 τὸ
1254 1931 1356 1966 νοερόν.
1376 1930 1412 1957 Τδ
1425 1931 1478 1966 γὰρ
1493 1932 1587 1968 νοητὸν
1599 1930 1644 1960 οἷά
1658 1942 1700 1965 τις
1714 1934 1804 1970 τροφὴ
1817 1933 1861 1960 τοῦ

235 1990 332 2012 omnes
343 1980 527 2015 intelligibiles
542 1987 574 2006 ac
588 1979 771 2015 intelligentes
783 1979 942 2008 substantia:
951 1987 1022 2007 con-

1075 1976 1168 2012 νοεροῦ
1182 1977 1265 2008 ἔστιν,
1278 1975 1394 2011 εἴπερτδ
1402 1976 1555 2012 νοούμενον,
1567 1978 1580 2005 ὃ
1590 1979 1649 2005 ἐστι
1657 1979 1762 2014 νοητὸν,
1774 1979 1861 2015 μεῖζόν

236 2031 349 2058 sistunt.
366 2028 446 2056 Aliud
465 2031 556 2054 autem
568 2031 610 2054 est
622 2026 792 2061 intelligibile
815 2031 843 2054 et
856 2026 928 2054 aliud
941 2025 1023 2054 intel-

235 2077 334 2112 ligens,
354 2082 417 2102 nam
432 2074 460 2102 id
472 2074 544 2109 quod
559 2072 730 2107 intelligibile
750 2077 802 2106 est,
832 2077 873 2100 est
885 2073 959 2100 velut
973 2072 1024 2100 ali-

238 2127 358 2150 mentum
384 2120 442 2155 ejus
464 2121 536 2154 quod
561 2119 711 2153 intelligit;
741 2118 870 2153 quoniam
897 2119 924 2146 id
951 2118 1024 2153 quod

238 2167 411 2202 intelligitur,
429 2173 477 2194 seu
491 2165 672 2200 inlelligibile,
698 2164 818 2193 nobilius
835 2169 886 2198 est,
899 2169 927 2193 et
942 2170 1024 2192 antea

239 2213 407 2248 intelligitur,
420 2219 502 2246 quam
522 2211 550 2238 id
573 2211 644 2245 quod
668 2209 807 2246 intelligit,
820 2209 847 2237 id
864 2214 907 2237 est
922 2209 1024 2238 intelli-

238 2267 315 2296 gens.
331 2259 494 2294 Superiores
510 2257 593 2293 igitur
607 2261 635 2285 et
654 2256 710 2284 Deo
727 2256 807 2284 vicini
828 2255 940 2284 ordines
960 2263 1024 2290 pro-

238 2306 298 2341 prie
313 2304 421 2332 dicendi
444 2307 508 2332 sunt
523 2302 715 2334 intellectiles;
733 2302 880 2329 inferiores
891 2308 957 2329 vero
980 2301 1020 2328 in-

240 2351 403 2386 telligenles,
418 2353 448 2377 ut
467 2349 511 2384 qui
527 2348 679 2383 intelligant
694 2347 870 2382 superiores;
884 2353 938 2373 non
963 2346 1025 2374 ideo

240 2402 332 2424 tamen
348 2397 421 2431 quod
445 2392 619 2422 intellectiles
638 2392 775 2423 dicantur.
792 2392 838 2427 qui
864 2392 1024 2426 intelligun-

240 2449 297 2477 tur,
313 2441 478 2470 censendum
494 2443 537 2467 est
551 2439 625 2474 ipsos
637 2446 690 2465 non
708 2438 878 2473 intelligere;
893 2437 944 2473 ipsi
953 2438 1025 2465 enim

241 2490 408 2524 intelligunt,
422 2477 667 2524 quoniam‘mentes
679 2490 742 2513 sunt
754 2484 1026 2513 etsubstantiaeJdeo

242 2535 432 2570 intelliguntur
446 2534 568 2569 quidem,
589 2537 619 2560 ut
633 2532 754 2560 materia:
765 2535 908 2566 expertes;
923 2529 1024 2558 intelli-

243 2585 309 2616 gunt
322 2588 387 2608 vero
399 2586 456 2611 res.
469 2583 498 2607 ut
510 2579 665 2613 incorporei
678 2582 707 2606 et
721 2576 966 2612 supermundiales,
982 2583 1026 2604 ra-

242 2626 363 2653 tionibus
376 2633 466 2652 rerum
482 2631 600 2660 superne
615 2623 753 2656 illustrati,
769 2623 897 2659 ipsasque
910 2623 1025 2658 mystice

1075 2024 1133 2048 ἐστι
1143 2022 1190 2048 καὶ
1198 2022 1443 2058 προεπινοούμενον
1455 2023 1502 2050 τοῦ
1516 2023 1651 2056 νοοῦντος,
1664 2025 1678 2050 ὅ
1692 2024 1859 2060 ὲστινοερόν.

1075 2067 1115 2094 Τὰ
1127 2067 1176 2103 μὲν
1185 2065 1232 2094 οὖν
1241 2067 1429 2102 ὑπερκείμενα
1437 2069 1483 2095 καὶ
1491 2070 1611 2105 προσεχῆ
1623 2070 1662 2106 τῷ
1670 2070 1730 2106 Θεῷ
1736 2071 1860 2107 τάγματα

1075 2114 1158 2150 νοητά
1186 2114 1288 2150 κυρίως
1306 2114 1425 2147 λεκτέον,
1448 2115 1482 2142 τὰ
1505 2115 1534 2142 δὲ
1559 2116 1747 2152 ὑποὸεᾶηκότα
1773 2117 1859 2153 νοερὰ,

1075 2160 1123 2187 ἅτε
1142 2160 1253 2187 νοοῦντα
1265 2160 1300 2187 τὰ
1314 2160 1515 2197 ὑπερκείμενα·
1531 2161 1580 2197 οὺχ
1598 2161 1638 2189 ὅτι
1652 2162 1680 2188 δὲ
1700 2163 1786 2199 νοητά
1806 2164 1860 2189 ἐστι

1075 2207 1108 2234 τὰ
1130 2207 1270 2242 νοούμενα,
1286 2207 1427 2242 νομιστέον
1440 2207 1509 2234 αὺτά
1524 2208 1561 2244 μὴ
1582 2209 1652 2235 νοεῖν
1663 2218 1669 2223 ·
1684 2209 1740 2235 νοεῖ
1752 2209 1807 2245 γάρ
1818 2209 1860 2236 καὶ

1075 2254 1156 2288 αὐτὰ,
1171 2255 1264 2290 ἐπειδὴ
1277 2254 1336 2286 νόες
1349 2254 1402 2281 εἰσὶ
1415 2254 1462 2281 καὶ
1483 2254 1582 2281 οὐσίαι.
1598 2254 1646 2280 Διὸ
1663 2254 1788 2282 νοοῦνται
1803 2254 1859 2290 μὲν,

1074 2301 1113 2333 ὡς
1128 2301 1214 2334 ἀῦλοι,
1228 2301 1317 2328 νοοῦσι
1332 2300 1360 2327 δὲ
1380 2300 1413 2327 τὰ
1426 2300 1501 2333 ὄντα,
1515 2301 1553 2332 ὡς
1574 2300 1631 2332 νὸες
1652 2300 1793 2336 ἀσώματοι
1817 2300 1859 2328 καὶ

1075 2347 1266 2384 ὑπερκόσμιοι,
1291 2347 1394 2374 ἄνωθεν
1421 2346 1621 2382 ἐλλαμπόμενοι
1634 2347 1699 2379 τοὺς
1725 2347 1792 2382 περὶ
1809 2346 1860 2372 τῶν

1075 2392 1159 2420 όντων
1171 2393 1277 2427 λόγους,
1285 2392 1332 2418 καὶ
1347 2391 1548 2424 διαδιδάζοντες
1564 2392 1663 2424 αὐτοὺς
1674 2392 1812 2427 μυστικῶς
1822 2391 1859 2420 εις

1074 2440 1137 2471 τοὺς
1148 2438 1352 2474 ὑποϐεϐηκότας
1369 2436 1511 2472 ἀγγέλους.
1527 2438 1660 2473 Δυνάμεις
1672 2438 1701 2464 δὲ
1722 2437 1770 2464 καὶ
1788 2438 1857 2472 ἐνερ-

1075 2485 1151 2519 γείας
1162 2485 1235 2519 λέγει
1249 2484 1351 2516 ταύτας
1361 2484 1411 2510 οὐκ
1421 2484 1631 2515 ἀνυποστάτους,
1640 2483 1698 2510 ἀλλ’
1714 2482 1856 2510 ὲνυποστά-

1074 2540 1136 2562 τους
1151 2531 1197 2557 καὶ
1209 2530 1308 2562 ζώσας,
1320 2529 1434 2562 δυνατάς
1448 2539 1478 2557 τε
1487 2530 1535 2557 καὶ
1547 2531 1668 2565 ὲνεργεῖς
1680 2529 1735 2556 τῶν
1756 2527 1855 2556 οἰκείων

1075 2579 1217 2613 κινήσεων,
1225 2577 1330 2604 δυνατοὶ
1337 2577 1391 2612 γὰρ
1401 2578 1472 2613 ἰσχύϊ
1479 2577 1553 2613 παρὰ
1561 2576 1599 2612 τῷ
1605 2573 1685 2604 Δαυῖδ
1690 2576 1818 2611 λέγονται.
1823 2573 1855 2599 Ἦ

1076 2626 1124 2651 καὶ
1138 2623 1224 2655 ἄλλως
1234 2623 1361 2658 δυνάμεις
1374 2623 1433 2659 μὲν,
1454 2623 1546 2658 ἐπειδὴ
1565 2624 1612 2650 καὶ
1627 2623 1709 2658 μήπω
1719 2623 1772 2648 τῶν
1783 2622 1810 2647 ὲν
1824 2619 1853 2653 τῇ

241 2671 325 2708 384
341 2672 374 2698 ad
387 2658 530 2698 inferiores
543 2672 653 2706 angelos
667 2658 846 2704 trajicienles.
861 2669 916 2697 Hos
933 2673 1023 2696 autem

1079 2672 1166 2698 κτίσει
1178 2670 1325 2705 φανέντων,
1336 2670 1450 2705 δυνάμει
1464 2670 1552 2696 πάντα
1562 2668 1601 2704 τῷ
1608 2667 1667 2703 θεῷ
1679 2664 1849 2703 προῦφειστήσ

242 2722 322 2744 vocat
336 2716 452 2744 virtutes
465 2719 493 2743 et
519 2716 701 2751 operationes.
718 2723 770 2743 non
785 2716 855 2750 quod
871 2722 924 2742 non
935 2714 1026 2742 subsi-

243 2767 326 2794 stant,
342 2763 389 2789 sed
400 2762 582 2791 subsistentes
592 2764 648 2791 sint
663 2770 695 2790 ac
702 2762 838 2796 viventes,
850 2767 877 2789 et
888 2756 1035 2796 potentes,'

242 2813 270 2836 et
282 2807 404 2837 etIicaces
416 2813 537 2836 motuum
549 2810 736 2845 propriorum;
750 2817 766 2836 a
783 2809 884 2837 Davide
897 2808 969 2837 enim
979 2808 1023 2836 di-

1079 2726 1132 2748 κει,
1157 2716 1287 2752 μέλλοντα
1311 2716 1483 2751 παράγεσθαι
1503 2715 1536 2742 δι’
1557 2714 1639 2741 αὑτοῦ
1667 2715 1707 2745 εἰς
1728 2713 1759 2740 τὸ
1778 2709 1850 2738 εἶναι’

1078 2763 1210 2797 ἐνέργειαι
1224 2761 1262 2794 δὲ,
1280 2761 1320 2788 ὅτι
1336 2761 1383 2787 καὶ
1403 2760 1471 2796 πρὸς
1489 2760 1568 2795 ἔργον
1580 2759 1596 2794 ἠ
1610 2758 1770 2794 δημιουργία
1786 2760 1849 2797 παρῇ

1077 2796 1157 2843 ήχθη.
1177 2806 1226 2834 Διά
1241 2805 1341 2838 ταύτας
1356 2806 1405 2838 τὰς
1423 2806 1535 2837 ἀκτῖνας
1552 2804 1603 2840 τῆς
1618 2803 1790 2839 ἀγαθότητος,
1809 2796 1850 2826 καί

279 2898 335 2934 (39)
356 2897 421 2927 Vide
438 2898 546 2929 Scholia
561 2898 590 2928 S.
605 2899 802 2934 Maximi,tom.
819 2898 850 2931 ll,
866 2905 926 2934 cap.
942 2897 959 2925 4
983 2897 1022 2925 οι
1034 2895 1129 2924 divini:
1147 2896 1246 2924 nomin.
