1938 3065
131 200 188 229 Ἶῆθ

422 201 467 229 DE
486 201 613 231 mutus
626 201 824 235 NOMINIBUS,
842 201 920 230 CAP.
939 202 982 230 Ν,
1001 217 1035 222 -
1051 201 1225 230 PARAPHB.
1243 201 1481 232 PACHYMERJE.

1712 204 1765 234 750

134 259 206 285 datv
215 258 295 285 αὐταὶ
304 258 352 285 καὶ
360 257 438 291 ζῶσι,
445 259 494 285 καὶ
504 259 680 287 ἀνέκλειπτον
687 259 780 295 ἔχουσι
786 259 838 295 τὴν
845 260 922 296 ζωὴν,

980 264 1078 287 cuntur
1086 265 1202 294 potenter
1212 260 1320 287 virtutei
1327 260 1385 288 ,νει
1392 261 1474 288 etiam
1485 262 1539 289 alio
1546 263 1626 290 modo
1634 261 1767 292 :Virtutes

135 303 337 340 καθαρεύουσαι
348 305 395 331 καὶ
409 304 512 340 φθορᾶς
527 305 574 332 καὶ
589 305 715 338 θανάτου,
728 306 775 332 καὶ
793 305 868 341 ὒλης,
881 306 931 333 καὶ

135 351 284 385 γενέσεως.
298 350 388 387 Φθορὰ
402 351 431 378 δέ
446 352 504 378 ἐστι
519 352 566 379 τοῦ
587 352 702 380 θανάτου
724 352 929 389 καθολικωτέρα

133 396 153 432 ἢ
162 397 237 429 εἰςτὺ
246 397 283 433 μὴ
297 397 326 424 ὃν
335 397 452 434 κίνησις,
461 398 522 433 ἥτις
532 399 590 425 ἐστὶ
597 399 645 426 καὶ
657 399 712 426 τῶν
720 399 842 434 ἀψύχων.
853 400 929 426 Γενέι

135 454 206 477 ceto;
213 446 242 472 δὲ
251 445 386 482 ἀνώτεραι
397 447 424 473 αἱ
436 446 573 482 δυνάμεις,
585 447 634 482 οὐχ
647 447 688 474 ὅτι
697 448 748 474 οὐκ
759 447 928 483 ἐγενήθησαν

133 491 196 528 (καὶ
208 491 263 528 γὰρ
277 492 387 528 ὲδημιου
393 492 552 529 ργήθησαν),
570 493 629 520 ἀλλ’
641 494 681 520 ὅτι
694 493 724 527 ἐξ
735 493 800 529 ὕλης
813 494 843 520 οὐ
855 494 927 521 συνέ-

135 545 238 573 στησαν
247 545 254 551 ·
267 537 381 564 τοιαῦτα
397 537 452 573 γὰρ
463 537 498 564 τὰ
517 539 547 564 έν
560 537 665 572 γενέσει
679 539 725 564 καὶ
739 538 836 574 φθορᾷ,
847 535 889 570 οἷς
909 539 925 574 ἡ

134 582 186 619 ὕλη
200 583 377 619 ὑποκειμένη,
398 585 423 610 ει
445 584 493 619 μὲν
512 581 582 616 εἶδος
599 584 715 618 δέξεται,
737 585 925 619 εἰδοποιεὴαι,

135 630 184 656 καὶ
196 629 250 656 ἰδοὺ
259 629 288 655 ὖν
297 638 323 656 τι
331 630 448 664 ἐγένετο·
459 631 483 657 εἰ
492 630 521 657 δὲ
530 631 674 668 στερηθείη
684 631 729 659 τοῦ
736 632 834 664 εἴδους,
843 634 928 669 χωρεί

109 709 111 711 ι
133 675 204 711 πρὸς
215 675 246 702 τδ
257 675 384 708 ἀνείδεον,
399 677 447 703 καὶ
465 677 518 703 ἰδοὺ
530 676 619 713 φθορά
629 685 703 709 τινος
716 677 804 709 δντος,
825 678 872 704 καὶ
887 679 926 710 είς

132 721 166 748 τὸ
181 721 218 757 μὴ
236 721 266 748 ὂν
281 721 397 757 κίνησις.
420 723 453 749 At
471 723 499 749 δὲ
520 723 591 750 θεῖαι
608 723 737 759 δυνάμεις
756 725 803 751 καὶ
824 723 926 750 τούτων

132 767 268 804 ἀνώτεραι
286 767 340 794 τῶν
362 768 469 804 φθορῶν
488 777 518 795 τε
539 769 653 796 καὶτῶν
665 769 810 803 γενέσεων,
824 770 865 796 ὅτι
878 769 926 796 καὶ

132 812 220 845 ἄῡλοι,
229 814 330 850 καὶτῆς
339 815 454 850 ῥευστῆς
462 814 629 847 ἀλλοιώσεως
636 815 831 851 ἀνῳκισμέναι.
840 815 926 842 Τοῦτο

132 858 162 885 δὲ
174 859 259 893 λέγει,
272 859 368 896 ἐπειδὴ
385 860 497 896 τρεπτοὶ
510 861 558 887 καὶ
573 861 597 887 oi
614 860 723 895 ἄγγελοι
743 861 925 897 ὲδημιουργή-

132 905 230 941 θησαν,
254 905 322 933 ἀλλά
336 906 407 934 κατὰ
422 905 580 943 γνώμην,οὑ
595 908 655 934 κατ’
666 908 760 934 οὐσίαν
769 916 777 922 ·
790 907 852 934 ὃθεν
861 908 923 935 κατ’

131 951 228 978 οὐσίαν
240 952 300 978 ἐστὶ
311 952 418 984 τούτοις
434 952 482 979 καὶ
495 953 526 979 τὸ
542 953 730 980 ἀναλλοίωτον.
745 953 844 989 Νοητοὶ
857 953 922 988 γοῦν

130 996 202 1022 εἰσιν
213 996 251 1028 ὡς
261 996 413 1032 ἀσώματοι,
429 997 477 1024 καὶ
487 998 553 1033 παρ’
566 997 688 1034 ἀλλήλων
703 999 750 1025 καὶ
764 999 829 1035 παρ’
844 999 923 1035 ἡμῶν

130 1042 257 1070 ὁπωσοῦν
270 1043 420 1078 νοούμενοι,
444 1044 491 1070 καὶ
501 1045 588 1080 νοεροὶ
603 1044 640 1076 ὡς
649 1044 717 1078 νόες,
731 1045 777 1072 καὶ
787 1046 827 1072 ὅτι
839 1046 924 1082 ὑπερ-

131 1089 255 1124 κοσμίως
266 1088 381 1121 νοοῦσιν,
392 1089 583 1122 ἐπιϐάλλοντες
596 1090 629 1117 δι’
637 1090 797 1126 emptam;
810 1093 866 1124 τοῖς
879 1091 924 1118 λό-

130 1142 192 1169 γοις
201 1135 256 1162 τῶν
266 1135 350 1162 ὅντων
367 1136 415 1162 καὶ
428 1136 478 1162 οὐκ
489 1136 624 1172 αἰσθητῶς
634 1137 680 1172 τὼς
690 1138 770 1173 ἡμεῖς
784 1137 838 1165 τῶν
854 1147 924 1174 πρα-

130 1180 245 1216 γμάτων
255 1180 527 1216 ἀντιλαμϐανόμενοι.
542 1182 574 1208 Εί
588 1181 618 1208 δὲ
638 1182 686 1209 καὶ
697 1183 778 1218 ἡμεῖς
793 1182 922 1215 πολλάκις

129 1227 188 1257 τοῖς
201 1225 291 1260 λόγοις
302 1226 495 1262 ὲπιὸάλλομεν,
508 1226 565 1253 ἀλλ’
578 1227 798 1264 ὲπιστημονικῶς
814 1228 860 1255 καὶ
873 1228 923 1261 τὰς

129 1271 220 1307 ἀρχὰς
233 1271 339 1307 ἔχοντες
353 1271 384 1304 ἐξ
395 1272 558 1308 αἰσθήσεως,
578 1273 627 1300 καὶ
641 1273 685 1300 διὰ
705 1274 784 1300 τοῦτο
802 1274 922 1310 δεόμενοι

129 1317 250 1353 ταύτης·
280 1318 356 1345 οὐδὲν
381 1318 436 1354 γὰρ
457 1317 509 1352 ἔξω
528 1319 579 1354 τῆς
605 1319 757 1355 αἰσθήσεως
781 1320 922 1356 γινόμενον

131 1363 222 1399 ἴσμεν,
235 1363 287 1390 κᾶν
299 1364 448 1400 ᾐσθημένοι
461 1361 536 1401 ὦμεν
549 1365 642 1392 αὐτοῦ.
663 1365 731 1392 Ἀλλ’
743 1367 768 1392 οἱ
786 1366 851 1394 θεῖοι
863 1367 922 1400 νόες

128 1410 325 1445 ὑπερκοσμίως
337 1411 399 1442 τοὺς
409 1410 503 1446 λόγους
516 1411 709 1447 ἐλλάμπονται,
725 1413 773 1439 καὶ
784 1415 840 1445 τοῖς
855 1422 921 1448 συγ-

129 1455 222 1489 γενέσι
243 1456 484 1492 διαπορθμεύουσι,
507 1457 554 1483 καὶ
573 1457 651 1493 μονὴ,
671 1459 719 1484 καὶ
740 1458 855 1494 ἵδρυσις,
875 1459 921 1485 καὶ

130 1502 327 1538 συγκράτησις,
348 1504 394 1530 καὶ
416 1505 580 1540 συντήρησις
602 1505 698 1537 αὑταῖς
720 1505 794 1532 ὲστιν
815 1506 848 1531 ὲκ
871 1504 922 1540 τῆς

129 1549 297 1584 ἀγαθὸτητος
303 1549 350 1576 τοῦ
362 1549 430 1576 Θεοῦ
439 1559 446 1565 ·
461 1551 508 1577 καὶ
521 1551 551 1577 τδ
562 1549 631 1578 εἶναι
643 1551 743 1583 ταύτας
756 1550 850 1586 ὥσπερ
860 1549 921 1577 τινὰ

129 1595 223 1621 ἑστίαν
235 1596 282 1622 καὶ
295 1596 365 1622 θεῖον
379 1595 470 1632 βωμδν
483 1596 538 1624 τῶν
550 1597 582 1623 ὲκ
593 1597 662 1624 Θεοῦ
673 1597 792 1631 ἀγαθῶν.
802 1598 924 1625 Ἐστία·

980 305 1101 340 quidem,
1117 305 1189 339 quod
1215 314 1278 332 cum
1307 306 1421 333 necdum
1437 313 1572 335 creaturae
1586 314 1766 344 apparerent,

980 351 1073 379 (turnia
1081 351 1181 378 virtute
1190 351 1216 378 in
1230 352 1283 379 Deo
1289 357 1368 379 antea
1376 352 1558 385 substiterint,
1566 361 1626 389 qua:
1638 355 1671 382 ab
1682 363 1726 387 eo,
1737 359 1768 382 ut

979 401 1082 428 essent,
1096 397 1271 431 producenda
1289 402 1365 425 erant
1384 398 1581 433 :Operationcs
1599 407 1677 434 vero,
1694 401 1767 436 quod

979 449 1106 470 creatura
1133 443 1214 470 etiam
1243 443 1277 471 ad
1304 444 1492 479 operationem
1516 446 1644 480 perducta
1672 447 1765 475 fuerit.

980 487 1094 522 Propter
1105 489 1186 515 hosce
1197 489 1326 516 bonitatis
1340 490 1430 517 radios
1439 494 1467 517 et
1477 496 1539 518 sunt
1551 491 1600 526 ipsi
1615 497 1643 519 et
1659 493 1765 527 vivunt,

977 538 1006 559 et
1021 533 1104 559 vitam
1121 533 1223 560 habent
1236 534 1449 569 indeﬁcientcm,
1463 540 1490 563 et
1509 544 1524 563 a
1537 537 1724 572 corruptione.
1738 544 1767 566 et

979 585 1077 612 morte,
1092 584 1120 606 et
1134 581 1262 612 materia,
1274 585 1301 608 et
1314 582 1491 615 generatione
1512 588 1578 610 sunt
1594 583 1684 610 liberi.
1699 584 1767 611 Cor-

979 626 1067 660 ruptio
1078 630 1181 659 autem,
1193 634 1254 662 qua:
1267 628 1353 663 magis
1368 627 1421 655 late
1431 633 1505 662 patet
1519 634 1615 663 morte,
1630 634 1672 657 est
1683 631 1766 657 motio

977 673 1010 698 ad
1024 672 1049 699 id
1064 672 1136 706 quod
1152 680 1205 700 non
1219 678 1273 706 est,
1284 681 1343 709 quae
1354 675 1437 701 etiam
1448 676 1580 710 competit
1596 676 1764 704 inanimatis.

977 718 1098 745 Virtutes
1111 721 1203 746 autem
1216 720 1393 754 generatione
1418 725 1484 749 sunt
1507 721 1694 756 sublimiores,
1711 730 1765 750 non

976 765 1047 800 quod
1059 773 1112 793 non
1135 765 1213 793 facta}
1231 765 1287 792 sint
1310 766 1455 801 (siquidem
1490 772 1590 794 creat-.9
1615 768 1701 803 sunt),
1717 769 1766 796 sed

976 812 1047 844 quod
1065 818 1118 837 non
1134 815 1264 838 constent
1281 812 1416 845 materia;
1432 812 1584 840 istiusmodi
1600 814 1673 841 enim
1689 819 1765 847 sunt,

977 862 1036 890 quae
1052 856 1078 883 in
1100 856 1278 891 generatione
1293 865 1325 884 ac
1339 857 1516 892 corruptione
1531 863 1687 892 versantur,
1704 861 1766 895 qui-

975 901 1028 930 bus
1040 902 1158 930 materia
1171 903 1304 938 subjecta,
1318 903 1341 930 si
1359 904 1473 938 quidem
1489 904 1606 932 formam
1621 906 1764 941 suscipiat,

939 937 960 965 Β
975 946 1147 980 eﬂormatur,
1164 953 1189 975 et
1202 937 1267 975 ecce
1282 937 1384 983 aliquid
1401 949 1472 976 facta
1482 954 1541 982 est;
1554 949 1578 977 si
1599 957 1663 978 vero
1674 949 1764 979 forma

976 993 1110 1027 privetur,
1135 993 1165 1020 ﬁt
1190 993 1292 1028 aliquid
1308 993 1435 1026 informe,
1452 998 1479 1022 et
1494 1002 1558 1022 ecce
1572 995 1699 1023 interitus
1713 1004 1763 1023 cu-

972 1038 1080 1074 jusdam
1095 1040 1178 1073 emis,
1199 1044 1226 1067 et
1241 1040 1275 1067 ad
1290 1041 1315 1067 id
1329 1040 1401 1075 quod
1422 1048 1475 1068 non
1492 1045 1534 1068 est
1550 1041 1645 1069 motio.
1661 1041 1764 1069 Divina}

974 1091 1065 1113 autem
1086 1085 1213 1119 virtutes,
1235 1087 1319 1114 etiam
1338 1087 1413 1114 hisce
1433 1086 1609 1115 eublimiores
1627 1092 1682 1115 tam
1700 1095 1764 1116 cor-

975 1131 1149 1166 ruptionibus
1171 1139 1252 1166 quam
1268 1131 1502 1167 generationibus,
1514 1132 1645 1167 quoniam
1662 1137 1691 1160 et
1712 1133 1763 1160 im-

974 1176 1129 1205 materiales
1140 1182 1215 1211 sunt,
1229 1182 1257 1205 et
1271 1177 1306 1206 ab
1325 1177 1399 1205 omni
1412 1177 1486 1205 ﬂuxa
1508 1178 1697 1207 immutatione
1712 1187 1762 1207 ex-

974 1225 1082 1257 emptae.
1104 1221 1162 1249 Hoc
1176 1222 1252 1256 dicit,
1265 1222 1395 1257 quoniam
1411 1223 1499 1257 angeli
1513 1224 1596 1251 etiam
1613 1223 1763 1252 mutabiles

973 1267 1058 1295 creati
1083 1267 1205 1300 fuerunt,
1220 1268 1269 1295 sed
1283 1268 1433 1296 secundum
1451 1269 1626 1302 sententiam,
1645 1277 1698 1297 non
1717 1277 1764 1298 se-

973 1313 1092 1340 cundum
1118 1313 1324 1346 substantiam;
1357 1313 1430 1341 unde
1459 1315 1549 1349 quoad
1581 1314 1762 1343 substantiam

973 1357 1055 1385 etiam
1068 1363 1132 1386 sunt
1150 1359 1346 1387 immutabiles.
1359 1359 1534 1388 lntellectiles
1545 1359 1639 1396 itaque
1649 1365 1722 1393 sunt,
1733 1361 1764 1389 in

973 1407 1105 1438 quantum
1128 1403 1293 1439 incorporei,
1317 1409 1346 1432 et
1365 1406 1418 1432 tam
1442 1407 1478 1433 ab
1506 1406 1626 1433 invicem
1647 1414 1730 1441 quam
1746 1413 1763 1433 a

973 1449 1051 1477 nobis
1060 1449 1153 1484 aliquo
1163 1450 1242 1478 modo
1256 1451 1374 1486 cogniti;
1391 1455 1419 1478 et
1431 1451 1626 1487 intelligentes,
1638 1452 1666 1479 itt
1675 1460 1763 1487 quan-

974 1499 1029 1522 tum
1052 1500 1169 1528 utentes,
1185 1500 1213 1523 et
1229 1496 1359 1530 quoniam
1385 1497 1642 1531 supermundialiter
1660 1498 1761 1526 intelli-

972 1546 1050 1578 gunt,
1064 1550 1115 1577 per
1130 1542 1340 1571 illustrationem
1355 1551 1445 1571 rerum
1463 1545 1582 1572 rationes
1596 1552 1763 1580 cognoscen-

974 1593 1026 1622 tes,
1041 1593 1069 1616 et
1082 1596 1136 1617 non
1151 1589 1301 1622 sensiliter,
1316 1589 1355 1616 uti
1372 1596 1432 1622 nos,
1450 1597 1493 1617 res
1513 1590 1761 1625 apprehendentes.

129 1642 185 1678 γὰρ
202 1643 226 1668 ot
243 1643 353 1670 παλαιοὶ
370 1643 416 1670 τὸν
434 1643 525 1679 βωμὸν
540 1643 708 1676 ὲκάλουν,ὲν
761 1643 811 1675 τὰς
824 1643 920 1675 θυσίας

973 1634 1050 1669 Quod
1066 1635 1090 1663 si
1103 1642 1153 1663 nos
1169 1643 1278 1670 quoqtte
1294 1643 1346 1663 non
1363 1643 1424 1663 raro
1441 1643 1532 1663 rerum
1548 1637 1669 1664 rationes
1681 1636 1762 1664 intel-

128 1688 283 1715 ἐπετέλουν.
302 1689 413 1723 Ἔλεγον
432 1689 459 1716 δὲ
471 1689 518 1716 κα)⁵
530 1689 627 1725 ἑτέραν
638 1689 736 1725 νοητὴν
750 1689 853 1723 ἑστίαν,
868 1690 918 1725 τὴν

129 1735 195 1770 περὶ
213 1735 243 1762 τὺ
260 1735 325 1762 αὐτὸ
336 1735 390 1762 τῶν
410 1735 491 1762 θείων
506 1736 622 1771 ἵδρυσιν,
636 1736 670 1771 ἣν
683 1736 730 1762 καὶ
745 1735 821 1771 ἱερὰ-ν
835 1734 917 1771 εἶχον,

129 1780 178 1807 καὶ
188 1780 269 1816 ὅρκον
282 1780 411 1813 ἐτίθεντο,
426 1780 485 1807 θεῖα
497 1781 525 1807 δὲ
538 1780 572 1807 τὰ
584 1780 698 1816 οὐράνια
713 1781 816 1815 ελεγον.
837 1781 918 1816 Λέγει

128 1825 185 1861 γὰρ
196 1826 243 1852 καὶ
255 1826 270 1852 ὁ
287 1826 412 1858 Ἰουδαῖος
423 1826 509 1852 Φίλων
523 1827 552 1853 ὲν
565 1826 604 1861 τῷ
616 1827 683 1861 περὶ
699 1826 754 1861 τῆς
771 1828 919 1862 φλογίνης

126 1872 277 1906 ῥομφαίας
289 1872 338 1899 καὶ
349 1871 409 1899 τῶν
420 1872 562 1906 χερουϐὶμ
583 1871 654 1908 λόγῳ
664 1881 672 1888 ο
690 1873 722 1899 Ἦ
739 1873 768 1900 δὲ
781 1873 849 1909 μονὴ
861 1873 916 1900 τῶν

127 1917 178 1944 τοῦ
196 1918 299 1953 κόσμου
321 1918 421 1954 μερῶν,
436 1917 542 1945 ἑστῶσα
554 1919 673 1953 παγίως,
688 1919 766 1946 ἑστία
785 1919 852 1956 πρὸς
864 1920 918 1947 τῶν

128 1964 253 1991 παλαιῶν
267 1964 418 1997 εὐθυὸόλως
437 1964 608 1999 ὠνόμασται·
623 1965 725 2001 κόσμου
741 1966 812 2002 μέρη
833 1966 918 2001 λέγων

127 2009 179 2046 τὴν
191 2010 290 2045 φαῦσιν
299 2010 347 2038 τοῦ
360 2011 446 2047 ἡλίου,
469 2011 517 2037 καὶ
530 2010 578 2046 τὴν
591 2011 638 2038 ἐπὶ
651 2011 683 2038 τὸ
694 2011 759 2038 αὐτὸ
779 2012 918 2039 ἀποκατά-

130 2065 227 2084 στασιν
238 2057 288 2092 τῆς
299 2057 425 2093 σελήνης,
441 2056 553 2093 αῠξησίν
565 2065 595 2084 τε
607 2057 653 2084 καὶ
666 2057 788 2093 μείωσιν,
802 2057 851 2094 τὴν
863 2058 918 2085 τῶν

129 2105 216 2132 ὑετῶν
231 2104 319 2140 χύσιν,
334 2104 383 2140 τὴν
396 2104 451 2131 τῶν
469 2103 587 2140 βροντῶν
601 2113 632 2130 τε
653 2104 700 2131 καὶ
712 2105 860 2140 ἀστραπῶν
876 2105 919 2132 σύ-

130 2159 224 2178 στασιν
237 2151 283 2177 xa‘t
294 2150 460 2185 οἰκονομίαν,
469 2150 516 2176 καὶ
529 2149 612 2176 τᾶλλα
627 2149 645 2176 ἆ
654 2149 685 2185 δὴ
693 2150 763 2177 κατά
771 2151 822 2183 τὰς
833 2151 919 2184 αὐτὰς

128 2197 219 2229 αἰτίας
237 2196 322 2223 εἰσαεί
337 2205 404 2222 ποτε
418 2196 535 2230 γίνονται
545 2205 552 2210 ·
565 2195 651 2222 ταῦτα
661 2195 715 2232 γὰρ
726 2198 773 2224 καὶ
782 2198 806 2224 οἱ
824 2198 919 2234 ’Ἐλλη-

970 1681 1087 1715 ligimus,
1105 1686 1195 1708 tamen
1210 1681 1362 1709 scientiﬁce
1376 1682 1400 1708 id
1423 1681 1555 1709 habemus
1566 1688 1595 1709 et
1608 1683 1762 1716 dependen-

971 1731 1010 1754 ter
1035 1735 1050 1754 a
1065 1734 1157 1760 sensu,
1173 1735 1228 1762 quo
1246 1727 1348 1754 idcirco
1364 1735 1490 1762 egemus;
1508 1728 1575 1755 nihil
1601 1729 1673 1756 enim
1689 1729 1762 1764 quod

970 1780 1081 1800 sensum
1097 1772 1182 1808 fugiat
1197 1774 1400 1807 cognoscimus,
1419 1773 1470 1801 etsi
1483 1773 1565 1801 etiam
1579 1774 1638 1808 ejus
1651 1782 1761 1803 sensum

970 1819 1130 1853 accipimus.
1144 1817 1180 1845 At
1194 1823 1299 1846 mentes
1315 1819 1414 1846 divina:
1428 1819 1685 1854 supermundialiter
1696 1820 1760 1848 illu-

969 1868 1092 1892 strantur
1104 1864 1266 1898 rationibus,
1279 1869 1307 1891 et
1323 1865 1349 1891 in
1362 1869 1467 1892 mentes
1476 1871 1607 1906 cognatas
1620 1866 1759 1895 transfun-

970 1912 1054 1944 dunt;
1070 1917 1098 1939 et
1113 1912 1229 1945 mansio,
1243 1917 1271 1939 et
1287 1911 1412 1945 ﬁrmitas,
1430 1917 1458 1939 et
1484 1914 1713 1948 contemperatio,
1730 1919 1760 1943 et

970 1959 1146 1986 conservatio
1163 1959 1230 1993 ipsis
1250 1963 1293 1987 est
1306 1965 1338 1985 ex
1356 1959 1478 1986 bonitate
1491 1959 1550 1992 Dei,
1562 1960 1689 1996 quodque
1704 1962 1760 1990 sint

969 2006 1056 2033 instar
1079 2005 1208 2033 domicilii
1223 2005 1376 2039 cujusdam,
1392 2012 1424 2032 ac
1440 2005 1537 2032 divittre
1554 2013 1609 2034 arae
1625 2007 1759 2036 bonorum

970 2059 1029 2086 qua:
1043 2059 1075 2078 ex
1093 2051 1148 2078 Deo
1164 2055 1240 2078 sunt.
1265 2049 1374 2077 Ἑστίαν
1391 2051 1463 2077 enim
1484 2056 1593 2079 veteres
1608 2059 1683 2079 aram
1708 2059 1758 2088 ap-

969 2098 1120 2132 pellabant,
1138 2097 1164 2124 in
1181 2103 1233 2130 qua
1250 2097 1385 2124 sacriﬁcia
1400 2098 1611 2126 consecrabant.
1626 2098 1759 2127 Dicebant

969 2143 1051 2170 etiam
1066 2143 1118 2170 alio
1129 2141 1210 2178 385
1227 2150 1307 2170 settsu
1320 2142 1424 2173 ἑστίαν,
1446 2143 1532 2176 ipsam
1545 2150 1634 2170 rerum
1649 2143 1758 2172 divina-

970 2197 1030 2216 runt
1046 2188 1216 2221 ﬁrmitatem,
1238 2195 1318 2222 quam
1335 2193 1538 2214 sacrosanctam
1562 2188 1709 2221 habebant,
1729 2194 1758 2217 et

129 2251 175 2274 νες
192 2243 251 2269 θεῖα
267 2242 359 2277 ελεγον
374 2242 442 2278 πρὸς
464 2241 668 2277 ἀντιδιαστολὴν
689 2242 743 2269 τῶν
762 2243 823 2269 καθ’
846 2233 919 2280 ἡμᾶς

973 2234 1157 2271 iusjurandum
1170 2233 1353 2268 appellabant,
1368 2240 1410 2260 res
1429 2238 1518 2260 autem
1534 2234 1661 2262 cmlestes
1677 2243 1760 2263 voca-

127 2289 163 2316 δι’
176 2289 257 2321 ἄλλας
269 2289 315 2315 καὶ
325 2289 406 2320 ἀλλας
417 2289 506 2321 αἰτίας
521 2288 640 2324 ῥευστῶν
650 2297 680 2315 τε
695 2290 742 2316 καὶ.
754 2290 916 2318 ἀλλοιωτῶν.

973 2283 1037 2310 bant
1052 2281 1170 2309 divinas.
1191 2279 1269 2307 Philo
1289 2280 1371 2307 etiam
1392 2279 1511 2312 Iudaeus,
1530 2280 1556 2307 in
1576 2289 1702 2309 sermone
1724 2282 1758 2309 de

128 2336 186 2363 Καὶ
197 2336 228 2362 τὸ
238 2335 362 2370 ἐφίεσθαι
375 2335 454 2362 πάλιν
466 2336 515 2371 τῆς
529 2335 603 2366 θείας
624 2333 720 2370 αἴγλης
731 2335 825 2368 αὑτὰς,
849 2336 917 2363 ἀλλὰ

973 2330 1092 2364 ﬂammea
1107 2327 1259 2361 rhomphwa
1272 2331 1296 2353 et
1313 2326 1458 2360 cherubim,
1471 2326 1509 2354 ait
1524 2335 1530 2353 :
1549 2327 1654 2355 Mansio
1664 2332 1757 2356 autem

128 2382 178 2409 sttit
198 2382 229 2407 τὸ
241 2380 320 2413 εἶναι,
336 2381 382 2407 καὶ
395 2380 424 2406 τὸ
437 2378 466 2407 εὖ
484 2378 564 2412 εἶναι,
582 2380 616 2406 ὲκ
632 2379 735 2415 ταύτης
748 2379 798 2414 τῆς
815 2380 916 2414 ἀγαθό-

973 2375 1090 2410 partium
1113 2372 1219 2405 mundi,
1244 2379 1305 2399 cum
1327 2377 1380 2400 stet
1402 2373 1528 2406 ﬁrmiter,
1543 2373 1621 2400 ἑστία
1634 2374 1669 2401 ab
1685 2375 1757 2402 anti-

127 2436 212 2464 τητος
227 2427 328 2462 ἔχουσι.
354 2427 400 2453 καὶ
421 2425 488 2461 πρὸς
505 2425 614 2460 ἐκείνην
635 2424 800 2459 ἀγαθοειδῶς
818 2426 919 2452 ἀποτυ-

973 2422 1031 2456 quis
1043 2425 1118 2448 recta
1126 2419 1284 2454 coniectura
1295 2419 1432 2447 nominata
1445 2424 1496 2452 est;
1507 2425 1598 2454 partes
1607 2421 1701 2448 mundi
1710 2429 1757 2449 vo-

129 2470 257 2503 ποΰνται,
270 2472 317 2498 καὶ
327 2473 387 2503 ταῖς
404 2471 461 2506 μετ’
477 2470 562 2503 αὐτὰς
572 2469 730 2497 κοινωνοῦσι
745 2470 799 2496 τῶν
813 2469 918 2506 δώρων,

973 2475 1038 2495 cans
1056 2466 1190 2501 fulgorem
1222 2464 1288 2492 solis
1311 2470 1339 2492 et
1363 2465 1434 2493 lunte
1457 2466 1484 2492 in
1505 2467 1631 2494 eumdem
1654 2471 1756 2495 statum

129 2519 170 2551 ὥς
185 2519 200 2545 ὁ
214 2518 278 2553 crept
291 2517 375 2548 αὑτὰς
395 2516 466 2548 θεῖος
482 2516 532 2551 τῆς
550 2516 694 2548 διαδόσεως
708 2516 789 2551 νόμος
804 2517 917 2552 ὑφηγεῖ-

973 2513 1186 2544 restitutionem,
1202 2511 1455 2546 incrementumque
1470 2519 1502 2540 ac
1522 2512 1755 2547 imminutionem,

128 2573 187 2592 ται,
969 2560 1123 2596 pluviarum
1143 2557 1314 2590 eﬂ'usionem,
1343 2557 1527 2585 tonitruorutn
1556 2566 1588 2586 ac
1617 2558 1755 2595 fulgurum

130 2612 352 2640 constitutionem
378 2619 410 2639 ac
439 2611 678 2647 dispensationem,
705 2615 859 2645 ceteraque
878 2617 938 2645 quae
958 2607 1106 2637 secundum
1123 2605 1232 2633 easdem
1248 2609 1379 2639 perpetuo
1407 2605 1489 2637 ﬁunt;
1505 2612 1567 2632 nam
1592 2606 1649 2634 haec
1672 2607 1756 2634 etiam

129 2658 246 2694 gentiles
255 2658 346 2686 divina
361 2658 552 2690 nominabant,
563 2658 596 2685 ad
605 2656 811 2684 distinctionem
825 2663 917 2683 rerum
942 2653 1116 2685 nostratium,
1138 2658 1199 2687 qua:
1223 2650 1283 2678 aliis
1306 2654 1387 2685 atque
1407 2651 1468 2678 aliis
1490 2651 1524 2679 de
1559 2653 1649 2680 causis
1677 2652 1756 2680 ﬂuxae

129 2712 198 2734 sunt
219 2715 251 2734 ac
274 2706 431 2734 mutabiles.
466 2707 589 2740 Dumque
628 2712 723 2733 rursus
747 2705 802 2732 illa;
826 2705 949 2732 divinum
966 2702 1140 2737 splendorem
1159 2703 1300 2734 appetunt,
1327 2702 1382 2725 tam
1410 2703 1440 2726 ut
1466 2698 1522 2726 sint
1542 2707 1622 2733 quam
1638 2704 1667 2726 ut
1686 2700 1756 2726 bene
1791 2709 1800 2719 -

130 2755 199 2786 sint,
213 2761 247 2781 ex
262 2753 356 2781 eadem
367 2752 489 2780 bonitate
498 2751 634 2784 obtinent,
649 2759 700 2779 nec
714 2758 768 2779 non
780 2751 831 2786 ipsi
846 2749 1038 2779 bonil'ormiter
1050 2745 1272 2777 conl’ortnantur,
1288 2748 1316 2771 et
1341 2744 1418 2779 juxta
1446 2744 1545 2772 divina:
1572 2745 1640 2780 legis
1669 2745 1756 2772 dicta-

130 2807 206 2832 men,
229 2799 374 2828 inferiores
396 2807 461 2827 suos
481 2800 614 2827 donorum
639 2798 752 2825 istorum
775 2798 921 2832 participes
936 2795 1068 2824 eﬁiciunt.

168 2847 182 2883 §
196 2847 225 2874 ll.
246 2847 311 2874 Ἀπὸ
320 2847 421 2882 ταύτης
439 2847 489 2882 τῆς
505 2846 579 2878 θείας
595 2845 763 2881 ἀγαθότητος
780 2843 870 2871 αὐτῶν
893 2844 918 2870 οἱ

1009 2842 1022 2878 §
1036 2842 1067 2868 ll.
1081 2840 1122 2868 Ab
1131 2840 1185 2868 hac
1197 2837 1288 2866 divina
1303 2837 1424 2868 bonitate
1440 2837 1506 2871 ipsis
1517 2841 1545 2864 et
1555 2837 1656 2871 gradus
1677 2841 1752 2868 sunt,

130 2882 233 2928 βαθμοὶ
245 2892 292 2918 καὶ
304 2894 330 2918 αἱ
343 2891 434 2924 τάξεις
446 2893 525 2925 εἰσιν,
540 2892 566 2919 αἱ
588 2891 656 2927 πρὸς
669 2889 786 2926 ἀλλήλας
798 2888 919 2920 ὲνώσεις,

973 2892 1001 2916 et
1014 2886 1137 2915 ordines.
1152 2889 1179 2913 et
1197 2884 1232 2912 ad
1248 2882 1365 2911 invicem
1388 2882 1513 2916 uniones,
1540 2883 1567 2910 id
1587 2886 1629 2910 est
1646 2882 1754 2910 divinus

190 2946 283 2976 iPsal.
300 2955 349 2982 cn,
364 2947 411 2977 20.
