1938 3065
179 207 228 236 751

723 200 760 228 'S.
780 197 932 227 DlON’YSll
949 193 1185 224 AREOPAGITAZ

1761 187 1819 215 752

178 274 256 295 amor
268 265 302 295 ad
315 265 443 293 invicem.
462 263 514 297 Qui
530 261 640 290 divinus
652 267 740 293 amor,
753 267 816 287 cum
832 258 869 286 sit
882 257 965 285 etiam
980 280 983 285 .

1036 253 1137 290 ηλονότι
1147 253 1161 279 ὁ
1173 251 1242 288 πρὸς
1254 249 1370 297 ἀλλήλας
1379 248 1535 285 θεοπρεπὴς
1544 248 1623 283 ἔρως.
1639 248 1687 280 Ὃς
1695 247 1727 279 δὴ
1743 245 1820 279 θεῖος

177 313 306 345 unificus,
327 311 469 346 coniungit
489 308 564 344 ipsas
587 315 640 336 non
665 305 814 334 acervatim
843 309 970 338 compor-

179 365 253 391 tans,
269 359 316 386 sed
328 357 486 385 amabiliter
501 355 703 389 constringens.
717 352 784 380 Nam
800 358 861 378 cum
876 357 920 377 res
928 348 971 376 in-

181 404 346 440 telligibiles,
359 406 425 430 utet
436 401 590 431 sensibiles.
606 399 745 434 aequivoce
767 397 903 427 dicantur,
917 393 970 420 alia

179 439 290 486 quidem
305 453 369 476 sunt
387 449 474 481 unita,
486 453 514 474 et
532 455 547 473 a
560 453 589 473 se
604 450 698 473 mutuo
717 441 908 478 dependentia,
917 439 970 467 alia

180 504 247 524 vero
256 497 341 523 divisa
354 501 382 522 et
396 497 570 521 coacervata.
583 493 623 519 Ac
636 489 848 525 intelligibilium
861 487 970 522 quidem

181 544 260 571 unita
274 546 347 574 sunt,
363 541 448 569 veluti
462 540 563 573 lumen,
579 538 646 571 vita,
662 542 689 564 et
704 535 822 564 mundus
842 531 973 568 intelligi-

180 589 258 621 bilis,
279 593 307 615 et
333 587 437 615 similia
451 595 458 620 ;
475 585 624 613 secundum
644 590 726 618 quam
742 581 870 609 unionem
887 579 971 607 etiam

182 635 292 664 ordines
304 633 464 669 angelorum
481 636 546 660 sunt
563 630 643 661 uniti.
657 633 685 657 et
699 637 713 656 a
724 635 756 656 se
771 632 865 654 mutuo
880 625 973 653 divino

181 688 277 709 amore
303 679 474 715 dependent;
495 677 582 705 divisa
604 683 672 703 vero
691 679 722 703 et
739 673 867 709 apposita
891 676 971 705 sunt,

181 727 257 754 Velut
269 727 418 758 exercitus,
433 729 460 752 et
475 724 543 752 ordo
564 721 741 758 particularis
762 720 932 759 angelorum.
947 724 975 747 et
998 740 1004 744 .

183 772 290 800 familia
304 776 332 800 et
346 772 458 800 chorus.
472 770 502 797 ln
515 768 664 796 sensilibus
675 771 765 794 autem
782 767 846 794 unio
861 766 973 794 estani-

184 818 251 851 Ital,
265 819 360 849 arbor,
379 817 496 844 mundus
506 815 549 842 hic
561 811 716 843 sensibilis;
733 811 881 839 divisiones
896 817 973 843 vero,

183 873 262 901 grex,
278 863 403 900 populus,
418 863 529 893 chorus,
546 866 672 887 acervus.
690 858 791 886 Verum
809 857 850 885 hae
864 857 974 891 quidem

184 916 247 940 sunt
274 910 391 938 uniones
418 907 603 943 angelicarum
629 905 762 932 virtutum
782 903 816 930 ad
846 902 973 934 invicem,

185 958 287 985 habent
309 961 400 982 autem
421 954 504 981 etiam
532 956 641 979 mutuas
658 949 876 986 penetrationes,
892 952 976 983 atque

185 1005 286 1032 iterum
305 1001 498 1029 distinctiones
529 997 699 1026 inconfusus.
730 995 838 1023 Mutuas
865 994 976 1030 quidem

184 1049 401 1085 penetrationes,
419 1054 454 1074 ne
475 1046 591 1073 uniones
610 1043 765 1078 intelligens
782 1041 815 1069 ad
839 1041 976 1075 invicem,

185 1094 340 1124 naturalem
368 1092 487 1127 aliquam
516 1091 621 1118 dixeris
648 1089 801 1122 unionem,
826 1088 976 1116 secundum

185 1149 268 1177 quam
279 1144 370 1176 partes
379 1138 413 1166 ad
421 1137 504 1165 totius
516 1137 631 1171 alicujus
639 1134 868 1170 complementum
877 1132 978 1160 uniun-

186 1193 243 1220 tur,
257 1187 306 1214 sed
320 1185 406 1212 libera
418 1187 461 1211 est
473 1182 641 1218 penetratio,
655 1188 709 1216 qua
722 1181 774 1208 ista
789 1179 854 1207 unio
868 1179 916 1206 Dei
931 1179 980 1206 bo-

187 1235 274 1262 nitate
296 1232 324 1260 in
348 1231 416 1266 ipsis
431 1231 480 1258 lit:
498 1236 560 1257 nam
575 1236 619 1256 res
639 1227 761 1256 materiae
771 1231 898 1262 expertes
911 1230 938 1253 et
949 1233 980 1253 se

187 1285 282 1308 mutuo
295 1277 440 1306 inconfuse
453 1279 614 1311 penetrant,
629 1279 658 1302 et
670 1281 779 1301 rursum
791 1272 934 1305 recedunt,
948 1279 980 1300 ac

188 1325 395 1355 discernuntur,
408 1329 492 1357 atque
505 1321 539 1348 ad
552 1321 603 1347 hoc
619 1324 684 1347 sunt
707 1318 808 1355 gradus
821 1322 849 1346 et
870 1317 981 1345 ordines

189 1372 309 1407 ipsorum
323 1369 402 1405 primi
417 1373 445 1396 et
459 1367 581 1395 secundi.
597 1366 638 1394 Tu
653 1372 718 1393 vero
732 1364 886 1397 considera,
897 1362 982 1399 336

189 1417 326 1452 quomodo
343 1415 560 1443 inconfusionem
586 1416 670 1448 ponat
693 1412 720 1438 in
743 1410 979 1439 distinctionibus.

189 1462 341 1499 Oportebat
361 1462 434 1492 enim
456 1460 549 1496 potius
573 1460 599 1487 id
619 1458 724 1486 dictum
739 1458 765 1485 in
783 1457 884 1484 mutuis
900 1463 982 1492 pene,

191 1510 368 1542 trationibus,
384 1507 428 1536 ubi
440 1507 522 1535 etiam
537 1505 707 1534 confusionis
718 1503 838 1539 suspicio
845 1503 980 1536 oboritur;

190 1557 239 1585 sed
256 1556 320 1584 huic
335 1554 470 1587 occurrit,
485 1552 652 1588 assignando
668 1551 761 1579 statim
776 1550 859 1577 etiam
882 1549 978 1576 distin-

192 1604 309 1632 ctionem
326 1601 537 1637 proprietatum,
561 1606 596 1626 ne
620 1597 747 1625 confusio
760 1596 797 1624 sit
820 1595 866 1623 illa
889 1600 982 1622 mutua
997 1607 1018 1637 ο

192 1650 359 1688 penetratio,
385 1647 516 1683 quoniam
532 1645 604 1673 illico
628 1644 754 1679 sequitur
779 1641 930 1670 distinctio.
955 1640 985 1668 ln

194 1686 419 1724 distinctionibus
433 1695 525 1719 autem
539 1689 706 1717 intellectam
720 1688 804 1716 fuisse
817 1686 986 1715 inconfusio-

195 1750 270 1775 nem,
286 1740 408 1768 declarat
423 1736 530 1766 ordinis
554 1744 649 1764 eorum
665 1733 886 1766 immutabilitas;
902 1732 987 1767 siqui-

195 1790 257 1818 dem
270 1786 420 1816 secundum
435 1783 593 1812 istiusmodi
607 1781 811 1809 distinctionem
833 1779 988 1808 consistunt

195 1835 300 1872 gradus
312 1839 340 1862 et
352 1832 464 1860 ordines
487 1837 594 1862 earum,
608 1828 760 1856 secundum
778 1833 847 1862 quos
869 1825 987 1861 primum

193 1887 237 1912 est
251 1886 280 1910 et
300 1880 461 1909 secundum.
482 1877 587 1905 idcirco
599 1873 800 1910 quodammodo
819 1872 906 1904 dicit,
934 1877 988 1898 nun

197 1928 273 1964 quod
288 1935 319 1955 se
334 1930 430 1954 mutuo
443 1925 601 1960 penetrant,
626 1924 654 1948 et
671 1920 769 1948 iterum
784 1918 987 1949 discentuntur,

197 1974 336 2004 immutari
349 1973 462 2001 ordines
475 1977 583 2003 earum,
609 1976 643 1996 ne
666 1967 856 1994 confusionem
871 1963 989 1998 aliquam

197 2021 346 2057 intelligas,
361 2019 409 2047 sed
428 2017 528 2046 iterum
556 2015 623 2050 ipsis
647 2012 774 2041 eumdem
790 2011 914 2039 ordinem
930 2016 990 2036 ma-

199 2075 276 2101 nere,
293 2065 402 2095 tametsi
417 2071 447 2092 se
461 2068 556 2091 mutuo
571 2063 729 2096 penetrent.
745 2057 802 2085 Hoc
824 2057 924 2084 iterum
948 2059 991 2083 est

198 2112 332 2141 bonitatis
348 2110 408 2143 Dei,
421 2109 496 2144 quod
514 2106 662 2135 inferiores
685 2104 799 2131 virttttes
821 2101 855 2129 ad
868 2100 991 2136 superio-

198 2167 244 2187 res
257 2159 441 2189 adducantur,
457 2159 486 2184 et
509 2160 607 2182 rursus
633 2150 791 2186 superiores
815 2146 992 2175 inferioribus

199 2205 376 2241 provideant,
390 2207 420 2231 ut
433 2208 525 2236 neque
541 2201 607 2235 ipsa:
619 2197 754 2233 principia
769 2195 826 2223 sint
847 2193 991 2221 adductio-

200 2253 254 2286 nis,
266 2258 357 2286 neque
370 2250 412 2277 hze
427 2249 594 2276 inconversaa
602 2245 658 2273 sint
668 2244 701 2271 ad
711 2241 927 2279 providentiam;
937 2246 992 2266 uno

1019 300 1089 337 ἔρως
1108 298 1146 326 ὢν
1162 298 1210 325 ml.
1229 295 1361 328 ἑνοποιδς,
1382 295 1514 322 συνάπτει
1533 293 1618 325 αὐτὰς
1637 293 1668 320 οὐ
1691 291 1821 328 σωρηδὸν

1021 335 1206 380 συγκομίζων,
1228 341 1296 370 ἀλλά
1312 339 1463 376 ἀγαπητῶς
1483 337 1649 373 συνδεσμῶν.
1676 337 1739 363 Τῶν
1760 335 1821 372 γὰρ

1021 390 1136 426 νοητῶν,
1150 389 1189 421 ὡς
1203 388 1252 415 καὶ
1264 386 1319 413 τῶν
1331 385 1479 422 αἰσθητῶν,
1499 384 1584 411 ὄντων
1604 382 1759 419 ὁμωνύμως
1773 381 1819 408 Ie-

1021 436 1155 472 γομένων,
1167 433 1202 461 τὰ
1215 433 1264 469 μὲν
1278 432 1352 460 ἔστιν
1364 430 1493 468 ἡνωμένα
1509 431 1556 457 m‘t
1567 427 1820 464 ἀλληλουχούμενα,

1021 483 1059 510 τὰ
1068 482 1098 509 δὲ
1111 479 1265 518 διῃρημένα
1278 478 1327 506 καὶ
1339 477 1471 514 σωρηδὸν.
1485 477 1541 504 Καὶ
1552 475 1656 511 νοητῶν
1671 474 1721 510 μὲν
1744 475 1821 509 ἠνω-

1024 528 1104 565 μένα,
1126 524 1183 554 οἷον
1202 525 1271 560 φῶς,
1290 524 1359 560 ζωὴ,
1380 524 1428 551 καὶ
1445 523 1540 559 νοητὸς
1561 521 1674 557 κόσμος,
1695 520 1744 547 καὶ
1767 520 1822 547 ὅσα

1022 574 1145 605 τοιαῦτα,
1158 572 1219 599 καθ’
1230 573 1263 608 ἢν
1279 571 1376 598 ἕνωσιν
1395 570 1442 597 καὶ
1462 570 1490 597 αἰ
1508 568 1562 595 τῶν
1582 567 1706 602 ἀγγέλων
1724 566 1823 600 τάξεις

1023 620 1093 646 εἰσὶν
1111 617 1329 653 ὲνοποιούμεναι,
1355 616 1403 644 ml.
1423 613 1668 650 ἀλληλουχούμεναι
1690 612 1729 648 τῷ
1753 611 1823 648 θείῳ

1024 664 1106 700 ἔρωτι
1115 672 1122 679 ·
1136 662 1288 700 διῃρημένα
1301 661 1330 689 δὲ
1342 661 1390 688 ml.
1402 661 1431 687 ὲν
1443 659 1605 696 παραθέσει,
1618 658 1676 687 οἷον
1690 657 1822 694 στρατιὰ,

1024 710 1072 737 καὶ
1087 709 1164 741 τάξις
1180 707 1233 735 ἰδία
1250 707 1383 742 ἀγγέλων,
1397 706 1444 734 καὶ
1455 704 1568 741 πατριὰ,
1587 705 1635 731 καὶ
1648 703 1737 739 χορός.
1757 702 1824 730 Ἐπὶ

1024 757 1054 784 δὲ
1072 755 1221 791 αἰσθητῶν⁷
1241 753 1352 785 ὲνώσεις
1366 753 1416 788 μὲν
1429 752 1510 785 ζῶον,
1529 751 1648 786 δένδρον,
1661 751 1675 776 ὁ
1689 748 1824 784 αἰσθητὸς

1024 799 1102 834 οὗτος
1122 801 1242 836 κόσμοςο
1265 799 1412 834 διαιρέσεις
1436 797 1463 824 δὲ
1487 797 1600 834 ποίμνη,
1615 795 1711 831 δῆμος,
1725 794 1824 830 χορὸς,

1026 849 1124 885 σωρός.
1143 847 1213 874 Ἀλλ’
1227 843 1306 874 αὗται
1316 845 1365 881 μέν
1378 846 1446 871 εἰσιν
1459 844 1486 871 αι
1498 843 1566 879 πρὸς
1579 841 1695 878 ἀλλήλας
1707 840 1827 872 ἑνώσεις

1025 897 1080 924 τῶν
1091 893 1245 930 ἀγγελικῶν
1257 893 1408 928 δυνάμεων,
1426 891 1518 926 ἔχουσι
1531 889 1559 916 δὲ
1573 889 1619 916 καὶ
1632 889 1661 915 ὲν
1678 888 1828 923 ἀλλήλαις,

1027 942 1075 970 καὶ
1091 939 1168 973 αὖθις
1185 939 1336 976 διακρίσεις
1356 937 1536 972 ἀσυγχύτους.
1558 935 1700 970 Χωρήσεις
1727 933 1778 969 μὲν
1795 933 1829 959 ὲν

1027 986 1166 1022 ἀλλήλαις,
1178 985 1219 1012 ὅτι
1235 984 1272 1020 μὴ
1286 982 1406 1014 ἀκούσας
1417 981 1528 1012 ἑνώσεις
1547 979 1615 1015 πρὸς
1633 977 1764 1014 ἀλλήλας,
1778 986 1830 1012 φυ-

1028 1032 1107 1067 σικήν
1118 1038 1179 1057 τινα
1190 1029 1269 1064 εἴπῃς
1285 1027 1392 1058 ἕνωσιν,
1404 1025 1464 1053 καθ’
1475 1025 1508 1061 ἦν
1521 1024 1641 1051 ὲνοῠνται
1649 1023 1684 1049 τά
1699 1022 1773 1058 μέρη
1786 1022 1832 1054 εἰς

1028 1078 1087 1110 ἐνὸς
1103 1077 1163 1104 ὅλου
1179 1074 1388 1111 συμπλήρωσιν,
1403 1071 1471 1099 ἀλλὰ
1487 1069 1638 1107 προαιρετή
1658 1069 1718 1094 ἐστι
1729 1067 1832 1103 χώρη-

1030 1133 1082 1156 σις,
1097 1122 1235 1159 ἡτοιαύτη
1249 1121 1346 1152 ἓνωσις
1368 1118 1398 1152 ἐξ
1416 1117 1583 1152 ἀγαθότητος
1602 1114 1670 1141 Θεοῦ
1689 1113 1834 1149 γενομένη

1029 1169 1070 1200 εἰς
1081 1167 1166 1199 αὑτάς
1176 1175 1183 1182 ·
1195 1165 1229 1193 τὰ
1239 1164 1294 1200 γὰρ
1304 1163 1373 1192 ἂῦλα
1385 1162 1432 1189 ml
1442 1163 1471 1188 ὲν
1479 1160 1603 1197 ἀλλήλοις
1613 1160 1697 1196 χωρεῖ
1706 1159 1834 1194 ἀσυγχύ-

1029 1223 1094 1246 ςως,
1109 1213 1156 1240 καὶ
1169 1212 1251 1240 πάλιν
1264 1210 1402 1246 ἀποχωρεῖ
1418 1207 1466 1235 ml.
1483 1207 1658 1243 διακρίνεται,
1681 1204 1730 1232 ml.
1744 1203 1834 1231 τοῦτό

1030 1262 1104 1288 ὲστιν
1119 1261 1144 1287 οἰ
1162 1259 1260 1295 βαθμοὶ
1272 1257 1320 1285 καὶ
1332 1257 1360 1283 αἰ
1370 1255 1460 1288 τάξεις
1473 1253 1562 1281 αὐτῶν
1576 1253 1683 1288 πρῶται
1695 1252 1744 1278 καὶ
1767 1251 1834 1278 δεύ-

1030 1317 1118 1344 τεραι.
1131 1307 1167 1333 Σὺ
1186 1306 1215 1333 δὲ
1233 1305 1340 1335 σκόπει,
1359 1302 1418 1334 πῶς
1430 1301 1460 1328 τὸ
1475 1300 1626 1335 ἀσύγχυτον
1639 1298 1753 1325 ἐπὶτῶν
1772 1297 1837 1325 διαι-

1031 1343 1150 1390 κρίσεων
1161 1352 1279 1387 τίθησιν.
1291 1349 1365 1377 Ἔδει
1374 1348 1429 1384 γὰρ
1441 1347 1540 1383 μᾶλλον
1546 1345 1613 1381 περὶ
1625 1344 1681 1371 τῶν
1692 1345 1734 1375 εἰς
1745 1343 1837 1379 ἀλλή-

1031 1389 1081 1432 λας
1091 1400 1239 1435 χωρήσεων
1266 1397 1345 1423 τοῦτο
1370 1395 1467 1425 εἰπεῖν,
1491 1393 1557 1419 ὅπου
1584 1391 1633 1418 καὶ
1655 1390 1673 1426 ἡ
1696 1389 1836 1425 σύγχυσις

1033 1445 1228 1474 ὑποπτεύεται.
1244 1442 1314 1470 Ἀλλ’
1323 1442 1413 1468 ὲκεῖνο
1426 1439 1475 1475 μὲν
1488 1437 1679 1473 θεραπεύεται,
1688 1436 1728 1472 τῷ
1739 1437 1835 1463 εἰπεῖν

1033 1493 1113 1524 εὐθὺς
1124 1492 1172 1518 καὶ
1182 1491 1316 1526 διάκρισιν
1323 1487 1377 1514 τῶν
1387 1487 1525 1522 ἰδιοτήτων
1536 1485 1585 1520 τὴν
1599 1483 1744 1519 σύγχυσιν,
1759 1483 1777 1518 ἠ
1790 1482 1836 1513 εἰς

1033 1538 1135 1574 ἄλληλα
1154 1536 1286 1573 χώρησις,
1310 1534 1371 1561 ἐπεὶ
1395 1532 1477 1574 εὐθὺς
1489 1530 1630 1557 ἀκολουθεῖ
1649 1530 1666 1564 ἡ
1680 1528 1834 1564 διάκρισις.

1041 1572 1103 1611 Ἑπί
1117 1583 1146 1610 δὲ
1160 1582 1216 1609 τῶν
1237 1580 1399 1616 διακρίσεων
1411 1578 1436 1605 τί
1451 1572 1544 1606 εἴπενς
1558 1575 1721 1610 ἀσύγχυτον,
1741 1573 1837 1608 δηλῶν

1035 1629 1066 1656 τὸ
1082 1629 1133 1664 τῆς
1151 1627 1255 1660 τάξεως
1274 1625 1364 1653 αὐτῶν
1381 1622 1603 1659 ἀπαράλλακτον·
1617 1621 1679 1647 ἐπεὶ
1692 1619 1748 1655 γὰρ
1760 1617 1836 1645 κατὰ

1036 1676 1086 1712 τὴν
1100 1673 1230 1708 τοιαύτην
1245 1672 1382 1707 διάκρισιν
1398 1669 1570 1696 συνίστανται
1585 1667 1609 1694 οἰ
1625 1666 1726 1702 βαθμοὶ
1740 1665 1791 1692 καὶ
1805 1665 1837 1691 αἱ

1036 1710 1129 1754 τάξεις
1143 1719 1244 1750 αὐτῶν,
1256 1717 1317 1745 καθ’
1330 1717 1363 1749 ἀς
1377 1717 1408 1743 τὸ
1423 1715 1530 1751 πρῶτόν
1547 1715 1604 1741 ἐστι
1620 1712 1668 1739 καὶ
1685 1711 1717 1738 τὺ
1735 1710 1835 1737 δεύτε-

1039 1777 1096 1806 ρον.
1119 1766 1169 1795 Διά
1191 1765 1269 1793 τοῦτο
1288 1763 1388 1791 ὡσανεὶ
1411 1762 1496 1797 λέγει,
1523 1760 1560 1797 μὴ
1585 1760 1626 1787 ὅτι
1649 1759 1680 1785 ἐν
1701 1757 1837 1794 ἀλλήλαις

1038 1803 1168 1852 ἀωροῦσι,
1185 1812 1234 1840 καὶ
1250 1811 1330 1839 πάλιν
1350 1809 1542 1845 διακρίνονται,
1565 1803 1744 1840 παραλλαγὴν
1762 1803 1836 1838 λαμ-

1039 1847 1187 1891 ἓάνειντὰς
1207 1857 1300 1890 τάξεις
1316 1854 1417 1886 αὐτῶν,
1434 1854 1481 1880 καὶ
1498 1849 1629 1886 σύγχυσίν
1647 1857 1710 1875 τινα
1733 1847 1772 1884 μὴ
1789 1849 1837 1874 sv-

1039 1909 1157 1944 νοήσῃς·
1178 1905 1235 1932 ἀλλ’
1256 1905 1273 1939 ἡ
1294 1902 1363 1937 αὑτὴ
1377 1900 1458 1928 πάλιν
1473 1898 1547 1934 μένει
1564 1896 1642 1928 τάξις
1656 1895 1765 1926 αὑταῖς,
1781 1894 1837 1921 κᾶν

1041 1940 1088 1982 καί
1149 1951 1277 1987 ἀλλήλαις
1288 1947 1407 1985 χωρῶσι.
1424 1944 1508 1972 Πάλιν
1525 1943 1584 1970 ἐστὶ
1598 1942 1648 1976 τῆς
1664 1940 1838 1975 ἀγαθότητος

1040 1999 1089 2026 τοῦ
1102 1996 1170 2025 Θεοῦ
1185 1985 1216 2023 eo
1225 1995 1275 2026 τὰς
1290 1992 1439 2029 ὑφειμένας
1453 1989 1580 2024 δυνάμεις
1595 1986 1664 2023 πρὸς
1675 1986 1726 2018 τὰς
1742 1985 1839 2021 κρείτ-

1041 2053 1105 2076 τους
1117 2041 1276 2076 ἀνάγεσθαι,
1291 2039 1338 2066 καὶ
1351 2036 1431 2064 πάλιν
1445 2035 1495 2066 τὰς
1510 2033 1649 2069 κρείττους
1668 2030 1724 2058 τῶν
1739 2029 1838 2056 δευτέ-

1045 2075 1101 2127 ρων
1114 2075 1239 2124 προνοεῖν
1252 2085 1288 2116 ὡς
1311 2083 1372 2120 μήτ’
1388 2081 1495 2112 ὲκείνας
1510 2078 1597 2114 ἀρχὰς
1612 2075 1682 2104 εἶναι
1698 2075 1765 2112 περὶ
1784 2075 1840 2110 τὴν

1043 2121 1197 2170 ἀναγωγὴν,
1214 2133 1281 2169 μήτε
1295 2130 1394 2161 ταύτας
1404 2126 1616 2162 ἀνθπιστρὸφους
1629 2123 1694 2159 περὶ
1700 2122 1751 2158 τὴν
1766 2121 1840 2157 πρό-

1044 2167 1119 2211 νοιαν
1130 2167 1147 2198 ’ν
1155 2167 1219 2211 ένὸς-
1227 2167 1282 2214 γάρ
1294 2177 1367 2203 δυοῖν
1380 2174 1529 2204 λείποντος,
1543 2171 1593 2198 οὐκ
1605 2168 1640 2205 ἦν
1652 2178 1679 2195 τι
1696 2167 1840 2203 γενέσθαι,

1051 2227 1120 2255 Ἀλλ’
1140 2227 1157 2263 ἡ
1175 2212 1312 2260 ἀγαθότης
1325 2223 1343 2257 ἡ
1359 2220 1430 2251 θεία,
1444 2218 1529 2249 οὕτως
1545 2216 1608 2252 περί¹
1629 2214 1721 2242 αὐτῶν
1736 2212 1843 2249 ᾠκονό-

201 2260 254 2286 ms,
266 2260 357 2286 neque
370 2260 412 2277 mn
427 2260 594 2276 lllcutnclaa:
602 2260 658 2273 mm
668 2260 701 2271 au
711 2260 927 2279 γιυηυν.........,
938 2260 983 2266 ...η

201 2297 274 2324 enim
288 2303 304 2323 e
318 2294 424 2322 duobus
438 2292 585 2320 deﬁciente
599 2289 667 2317 nihil
682 2289 769 2315 lieret.
786 2286 887 2314 Verum
902 2283 983 2310 divin:

1048 2282 1118 2310 μησε
1128 2281 1135 2288 ο
1152 2260 1216 2307 παρ’
1228 2268 1268 2301 οἷς
1280 2269 1327 2296 ml.
1342 2266 1435 2294 αἰτῶν
1447 2263 1552 2292 οἰκείων
1563 2261 1681 2296 ἑκάστης
1695 2260 1844 2295 δυνάμεως

1153 2318 1159 2324 -
1223 2316 1229 2324 ι
1268 2316 1274 2324 η
1306 2314 1352 2324 Ἧι
1371 2310 1453 2324 ..ι-ι.-
1469 2308 1655 2324 ι..,-ι...ρ,.νη,,
1677 2304 1840 2324 mugirent

203 2343 313 2371 bonitas
340 2341 378 2368 ita
401 2340 434 2368 de
459 2338 525 2374 ipsis
549 2335 695 2370 disposuit.
723 2332 794 2360 Hinc
821 2331 904 2357 etiam
930 2331 994 2356 sunt

203 2387 322 2422 propriae
335 2385 468 2420 cujusque
481 2382 591 2410 virtutis
613 2379 755 2411 custodiae,
769 2382 797 2405 et
810 2373 994 2404 immutabiles

205 2436 309 2463 circum
327 2431 492 2465 semetipsas
504 2427 722 2456 convolutiones.
737 2424 777 2452 Ne
790 2422 932 2451 existimes
946 2427 994 2446 au-

205 2486 260 2508 tem
272 2480 357 2514 ipsas,
366 2478 438 2512 quod
451 2475 559 2510 potiora
569 2472 735 2502 desiderent,
750 2474 925 2497 contemnere
933 2474 996 2502 prn-

205 2524 431 2561 pria.Vo|vuntur
442 2525 533 2548 autem
544 2518 643 2546 divina:
658 2521 764 2544 mentes
776 2515 880 2542 circum
895 2517 996 2540 semet-

207 2560 279 2606 ipsas
296 2577 351 2598 non
363 2567 532 2596 volutatione
546 2566 663 2601 quadam
689 2569 832 2597 corporea,
844 2560 891 2588 sed
904 2567 997 2594 Super-

208 2615 341 2645 mundiali
365 2620 392 2642 et
416 2612 595 2648 intelligente,
610 2615 638 2637 et
649 2609 724 2644 quali
738 2614 815 2635 mens
829 2606 899 2634 volvi
914 2606 994 2636 solet,

209 2664 274 2690 dum
288 2669 321 2690 ex
336 2661 425 2696 seipsa
437 2660 470 2687 ad
486 2656 722 2686 considerationes
734 2654 950 2690 progreditur,et
963 2652 997 2679 ad

211 2709 330 2744 seipsam
347 2705 506 2737 revertitur,
521 2711 573 2731 non
588 2709 655 2729 vero
665 2706 744 2729 extra
757 2699 931 2734 semetipsam
958 2696 998 2723 di—

211 2743 289 2782 vulsa
305 2753 373 2780 abit.
390 2752 445 2779 Hoc
461 2752 543 2778 etiam
560 2749 776 2776 insinuantrotae
789 2745 858 2780 apud
876 2743 997 2771 divinum

189 2838 191 2841 ι
213 2802 395 2833 Ezechielem.
412 2807 472 2835 quae
495 2798 594 2826 multos
616 2797 718 2823 habent
735 2793 840 2822 oculos.
855 2793 894 2820 Ex
907 2791 998 2819 divina

184 2838 192 2869 ί
213 2856 321 2884 quoque
332 2848 453 2876 bonitate
466 2845 602 2874 exsistunt
614 2844 672 2870 istae
686 2842 757 2870 circa
764 2840 828 2868 boni
837 2837 999 2866 desiderium

216 2882 373 2923 identitates
387 2898 416 2922 et
427 2892 626 2921 extremitates.
639 2888 773 2916 ldentitas
795 2885 905 2921 quidem
920 2882 1000 2910 intel-

216 2941 334 2976 ligenda,
347 2940 458 2968 minime
470 2937 600 2967 deficiens
615 2943 630 2963 a
644 2935 700 2963 Deo
713 2930 887 2968 coniunctio;
906 2933 999 2956 extre-

1048 2304 1175 2356 ἐρρουραὶ,
1187 2304 1235 2343 καὶ
1249 2316 1276 2342 αί
1291 2314 1355 2350 περὶ
1369 2310 1453 2342 αὑτὰς
1468 2308 1658 2345 ἀμετάπτωτοι
1677 2304 1842 2338 συνελίξεις.

1046 2355 1092 2406 Μὴ
1106 2370 1172 2406 γὰρ,
1186 2369 1228 2396 δτι
1242 2366 1362 2402 ἐφίενται
1377 2363 1424 2391 ml.
1433 2360 1574 2398 μειζόνων,
1588 2357 1774 2393 καταφρονεῖν
1789 2355 1843 2383 αὺ-

1045 2402 1095 2449 τάξ
1181 2413 1290 2441 οἰκείων
1308 2409 1456 2445 ὑπολάϐῃς.
1479 2405 1644 2433 Ἑλίσσονται
1665 2403 1694 2430 δὲ
1725 2403 1752 2429 οἰ
1772 2402 1844 2430 θεῖοι

1046 2446 1104 2493 νόείς
1115 2461 1179 2496 περ).
1197 2458 1281 2489 αὐτὰς
1294 2454 1376 2488 ἕλιξιν
1390 2462 1451 2480 τινα
1465 2452 1494 2478 οὐ
1506 2448 1675 2485 σωματικὴν,
1687 2446 1747 2473 ἀλλ’
1759 2446 1847 2482 ὑπερ-

1046 2490 1160 2542 κόσμιον
1175 2505 1222 2531 καὶ
1236 2501 1342 2537 νοεράν,
1360 2499 1407 2526 καὶ
1421 2498 1478 2524 οἵαν
1493 2496 1598 2529 πέφυκε
1614 2492 1676 2524 νοῦς
1688 2490 1845 2517 ὲλίττεσθαι

1047 2553 1077 2585 ἐξ
1085 2550 1180 2579 ἑαυτοῦ
1194 2548 1297 2585 προῖὼν
1310 2547 1356 2574 ἐπὶ
1365 2545 1481 2580 νοήσεις,
1492 2543 1539 2569 καὶ
1552 2541 1590 2571 εἰς
1600 2538 1696 2565 ἑαυτὸν
1707 2538 1796 2564 ἀναστ
1801 2537 1846 2572 ρέ-

1047 2582 1116 2634 φων,
1136 2597 1167 2624 οὺ
1193 2582 1244 2632 μην
1264 2594 1316 2627 ἔξω
1334 2589 1430 2619 ἑαυτοῦ
1451 2587 1546 2624 χωρῶν
1567 2582 1734 2614 σκεδαστῶς.
1755 2582 1847 2608 Τοῦτο

1047 2627 1210 2672 αἰνίττονται
1224 2627 1280 2668 ⁷καί
1302 2639 1327 2666 οἱ
1348 2636 1423 2672 παρά
1443 2634 1482 2670 τῷ
1506 2633 1571 2668 θείῳ
1595 2628 1727 2665 Ίεζεκιὴλ
1748 2627 1848 2664 τροχοὶ

1049 2693 1245 2728 πολυόμματοι.
1269 2690 1316 2717 Ἐκ
1330 2688 1380 2723 τῆς
1391 2686 1465 2717 θείας
1486 2683 1553 2711 εἰσὶν
1567 2680 1735 2716 ἀγαθότητος
1750 2678 1801 2705 καὶ
1816 2679 1846 2704 αἱ

1049 2741 1113 2776 περί
1192 2738 1284 2772 ἔφεσιν
1299 2732 1418 2769 τάγαθοῦ
1430 2730 1592 2764 ταὺτότητες
1613 2726 1661 2753 ml.
1676 2724 1843 2761 ἀκρότητες.

1050 2770 1219 2818 Τανὸτότῖητα
1228 2782 1276 2818 μὲν
1288 2779 1396 2815 νοητέον
1408 2777 1457 2813 τὴν
1472 2777 1521 2803 οὐκ
1535 2773 1686 2801 ἀπόστατον
1695 2770 1766 2805 πρὸς
1776 2770 1846 2796 θεὸν

1050 2817 1186 2868 προσοχὴν
1199 2838 1204 2844 ·
1221 2817 1359 2863 ἀκρότητα
1377 2824 1416 2856 δὲ,
1439 2823 1488 2858 τὴν
1499 2821 1548 2856 τῆς
1563 2819 1682 2854 νοήσεως
1692 2817 1786 2844 αὐτῶν
1805 2817 1846 2847 εἰς

1050 2875 1253 2912 ἀναγωγὴν,καὶ
1261 2872 1331 2900 κατά
1340 2872 1417 2907 χάριν
1426 2864 1708 2901 θέωσιν,πρόοδον,καὶ
1716 2864 1768 2890 ὅσα
1776 2862 1846 2889 ἄλλα

1051 2908 1230 2961 εἴρηταιημῖν
1238 2923 1266 2948 ἐν
1284 2919 1341 2955 ἰδίῳ
1353 2916 1446 2953 βιϐλίῳ
1467 2913 1506 2949 τῷ
1521 2911 1589 2946 Περὶ
1603 2911 1660 2937 τῶν
1674 2908 1847 2944 (irrelime
