1938 3065
124 158 178 186 735

413 156 457 183 DE
475 155 603 184 DlVlNlS
618 155 818 188 NOMINIBUS,
836 155 911 184 CAP.

971 177 976 184 .
995 171 1031 177 —
1047 154 1222 183 PARAPHR.
1241 155 1352 183 DACI“
1360 156 1478 184 MERIE.

1709 163 1761 191 75-5

121 215 278 250 ἱδιοτήτων
288 215 338 242 καὶ
350 214 473 248 τάξεων.
484 215 521 242 Οὐ
540 213 593 250 μὴν
601 214 629 240 δὲ
643 214 711 241 ἀλλὰ
725 215 773 242 καὶ
780 215 830 241 ὅσα
844 215 917 242 εἵπο-

971 213 1053 242 mitas
1065 220 1132 241 vero
1146 213 1334 248 intelligentia:
1346 221 1441 242 earum
1457 214 1598 248 adductio,
1612 220 1640 243 et
1658 222 1758 242 secun-

117 270 172 298 μεν
182 263 212 288 ὲν
226 261 265 297 τῷ
278 260 351 295 Περὶ
361 259 418 294 τῆς
428 260 573 295 οὐρανίου
585 261 737 295 ιεραρχιας
752 260 857 296 βιϐλίῳ,
872 260 913 286 δτι

117 310 180 340 ταῖς
194 307 281 339 θείαις
298 307 430 342 δυνάμεσι
446 307 583 341 πρόσεισι,
598 307 646 333 καὶ
659 306 746 333 ταῦτα
765 306 795 340 ἐξ
812 306 913 341 ἀγαθό-

117 353 200 388 τητός
213 354 266 380 εισι
277 352 324 379 τοῦ
345 351 424 379 Θεοῦ.
443 352 512 379 Τίνα
527 352 634 383 ταῦτα;
649 352 683 378 Ai.
697 352 915 387 ἀγγελοπρεπεῖς

116 399 219 436 δηλαδὴ
230 399 391 435 καθάρσεις,
399 399 426 425 αἱ
440 399 629 433 φωταγωγίαι,
640 400 668 426 al.
676 398 854 434 τελειότητεςν
862 406 914 424 κα-

118 445 261 481 θαίρονται
269 444 324 480 γὰρ
335 445 382 471 καὶ
390 441 481 475 αὗται,
493 444 540 470 καὶ
548 444 721 479 φωτίζονται,
731 445 780 471 καὶ
786 443 917 471 τελειοῦν-

117 499 175 523 ut,
194 490 270 526 παρὰ
281 490 332 526 τῆς
343 491 435 526 πηγῆς
448 490 499 526 τῆς
509 490 676 526 ἀγαθάτητος
694 491 914 527 ιεραρχούμεναι,

117 537 149 570 ἐξ
162 534 196 573 ἧς
213 537 338 573 ἐδωρήθη
348 536 462 568 ταύταις
476 536 524 563 καὶ
536 536 567 563 τὸ
581 537 748 571 ἀγαθοειδὲς,
761 538 808 564 καὶ
823 537 853 564 τὸ
867 539 915 564 ὲκ-

118 582 226 617 φαίνειν
243 583 272 608 ὲν
295 583 406 614 ἑαυταῖς
423 581 473 618 τὴν
489 582 608 618 κρυφίαν
626 583 792 618 ἀγαθότητα.
814 582 917 609 Καθαί-

119 635 197 662 ρουσι
216 626 270 662 γὰρ
285 627 333 653 καὶ
353 624 442 658 αὗται,
464 627 512 654 καὶ
527 626 685 661 φωτίζουσι,
702 628 750 654 καὶ
766 627 917 654 τελειοῦσιν

115 673 136 701 ἃ
162 673 308 708 πάσχουσι,
330 673 417 700 ταῦτα
437 673 573 706 ποιοῦσαι,
598 674 645 700 καὶ
664 674 794 710 δηλοῦσαι
815 674 846 701 τὸ
866 674 917 710 τῆς

117 719 286 754 ἀγαθότητος
300 719 415 755 κρύφιον
430 720 478 747 τοῦ
500 720 578 748 Θεοῦ.
598 721 630 748 El
648 720 703 757 γὰρ
721 720 751 754 ἐξ
764 720 831 756 ἐμοῦ
851 720 917 749 θαυ-
930 740 937 749 ι

119 766 273 802 μαστοῦται
293 767 310 802 ἠ
331 766 378 793 τοῦ
399 766 468 794 Θεοῦ
490 767 602 802 γνῶσις,
617 767 693 803 πόσῳ
706 767 805 803 μᾶλλον
820 768 851 794 ὲκ
863 767 919 794 τῶν

118 812 273 847 ἀΠελικῶν
283 813 329 840 καὶ
340 813 420 840 θείων
429 813 581 849 δυνάμεων;
590 813 798 848 Ἐξαγγέλλουσι
804 813 860 849 γὰρ
869 814 920 840 οὐκ

118 860 148 886 ὲν
160 858 200 893 τῷ
216 858 317 893 λέγειν,
331 859 391 886 ἀλλ’
404 861 434 886 έν
452 859 563 892 ἑαυταῖς
574 860 605 887 ἐν
619 859 659 895 τῷ
671 859 773 892 ταύτας
788 859 919 891 νοεῖσθαι,

966 261 1029 288 dum
1054 260 1168 296 gratiam
1189 259 1339 292 deiﬁcatio,
1364 267 1525 295 progressus
1537 264 1566 288 et
1589 267 1760 296 quacunque

965 306 1017 334 alia
1034 306 1062 334 in
1075 305 1208 341 peculiari
1228 305 1300 333 libro
1315 305 1353 333 De
1365 306 1572 341 proprietatibus
1586 313 1610 334 at
1623 307 1760 334 ordinibus

965 352 1121 387 angelorum
1134 359 1149 379 a
1164 352 1244 380 nobis
1256 357 1470 379 commemorata
1486 357 1562 380 sunt.
1583 352 1655 386 Ouin
1670 357 1700 379 et
1714 352 1760 380 illa

964 405 1027 434 qnte
1034 398 1154 425 diximus
1162 398 1188 425 in
1198 397 1267 425 libro
1279 397 1422 425 Decaaleati
1433 398 1584 426 hierarchia
1596 399 1696 426 divinis
1709 398 1767 424 vir<

965 444 1071 472 tutibus
1081 444 1189 477 adesse,
1200 444 1285 472 etiam
1296 443 1354 471 haec
1366 448 1431 471 sunt
1442 451 1477 471 ex
1490 444 1612 472 bonitate
1626 444 1683 472 Dei.
1695 444 1761 478 Quae

965 499 1030 520 vero
1041 498 1072 520 ea
1083 491 1166 519 sunt?
1175 491 1311 527 Angelicae
1319 489 1449 518 nimirum
1460 489 1648 523 lustrationes,
1659 491 1761 519 illumi-

967 539 1102 571 nationes,
1114 538 1312 573 perfectiones:
1328 537 1462 572 siquidem
1474 541 1502 564 et
1517 536 1583 571 ipsa:
1595 537 1756 571 expiamur,

967 585 1205 617 etilluminantur,
1216 589 1245 613 et
1257 585 1448 620 perﬁciuntur,
1459 591 1474 611 a
1483 584 1557 612 fonte
1567 584 1696 612 bonitatis
1708 584 1759 612 ini-

967 632 1051 664 tiatae,
1058 638 1091 659 ex
1103 639 1157 666 quo
1168 632 1232 666 ipsis
1242 638 1352 666 quoque
1362 629 1555 658 bonil‘ormitas
1565 630 1665 658 donata
1672 634 1725 664 est,
1733 634 1761 658 et

968 678 995 705 in
1009 676 1356 712 semetipsis;manil‘estant
1367 684 1496 704 arcanam
1511 676 1587 704 illam
1597 676 1759 704 bonitatem.

968 722 1112 758 Siquidem
1124 729 1151 751 et
1170 723 1235 758 ipsae
1257 723 1380 758 expiant,
1397 723 1479 759 337
1503 727 1531 751 et
1554 723 1718 757 illuminant,
1734 728 1762 751 et

969 770 1115 805 perﬁciunt
1127 777 1159 797 ea
1170 777 1231 804 qua
1243 770 1393 804 patiuntur,
1404 770 1467 797 dum
1482 769 1540 796 haec
1555 775 1651 804 agunt,
1660 772 1687 797 et
1700 776 1761 796 ma-

971 815 1103 844 nifestam
1126 823 1259 844 arcanum
1277 815 1410 843 bonitatis
1433 815 1490 842 Dei.
1513 814 1542 842 Si
1571 815 1643 842 enim
1668 822 1702 842 ex
1718 820 1762 841 me

972 861 1088 889 scientia
1104 861 1151 888 Dei
1166 860 1340 892 miriﬁcatur,
1354 864 1458 895 quanto
1473 859 1562 894 magis
1580 866 1615 886 ex
1630 859 1761 894 angelicis

117 905 170 939 τὴν
190 904 265 931 θείαν
284 904 392 940 ἐκείνην
408 906 488 942 σιγὴν
505 905 555 942 τὴν
569 894 807 941 ὑπὲρνκατάληψιν
828 913 917 939 φωτο-

971 915 1004 936 ac
1018 907 1117 936 divinis
1128 907 1297 935 virtutibus?
1311 894 1463 934 Enuntiant
1486 907 1559 934 enim
1573 913 1626 933 non
1639 913 1701 933 eum
1718 906 1761 934 di-

118 950 232 985 φάνειαν
248 950 296 977 τοῦ
317 952 346 978 ὲν
365 951 472 984 ἀδύτοις
482 952 529 979 καὶ
541 953 570 979 ὲν
585 951 737 988 ἀποκρύφῳ
747 951 834 984 ὄντος,
848 951 917 979 κατὰ

971 958 1047 987 cunt,
1073 954 1120 981 sed
1143 961 1205 981 cum
1228 953 1255 980 in
1281 952 1438 987 semetipsis
1459 952 1616 986 intelligunt
1635 951 1761 980 divinum

117 994 160 1024 τὸ,
171 996 270 1023 Ἔθετο
280 997 390 1030 σκότος
401 997 582 1034 ἀποκρυφὴν
591 998 697 1030 αὑτοῦ,
706 998 744 1030 ὡς
755 998 834 1033 φῶτα
845 997 917 1032 φανὰ

971 999 1038 1027 illud
1051 998 1205 1031 silentium,
1217 1005 1250 1025 ac
1272 996 1578 1031 incompreliensibilem
1599 995 1761 1023 illustratio-

117 1042 235 1078 δεύτερα
255 1043 464 1079 προϐεϐλημένα
486 1045 526 1076 εἰς
544 1045 708 1081 έρμήνευσιν
725 1043 850 1071 ὁπωσοῦν
869 1043 917 1079 τῆς

971 1053 1032 1073 nem
1043 1045 1102 1081 ejus
1114 1045 1160 1080 qui
1169 1045 1194 1072 in
1204 1044 1327 1081 adytiset
1338 1043 1445 1072 occulto
1457 1043 1576 1077 exsistit,
1586 1043 1665 1078 juxta
1676 1042 1743 1070 illud
1751 1051 1758 1058 ·

119 1087 233 1124 πρώτης
248 1088 450 1125 λαμπρὰτητος.
467 1090 546 1117 Ἀλλὰ
561 1091 609 1118 καὶ
624 1090 693 1126 μετὰ
707 1090 770 1123 τοὺς
787 1090 917 1125 ἀγγέλους

971 1091 1066 1120 Posuit
1084 1092 1206 1120 tenebras
1216 1090 1359 1118 latibulum
1371 1097 1448 1117 suum
1462 1090 1488 1122 ιι,
1501 1095 1631 1124 tanquam
1656 1089 1760 1116 lumina

119 1135 148 1161 ai
167 1133 262 1170 ψυχαὶ,
282 1136 330 1162 καὶ
349 1136 401 1163 ὅσα
421 1137 490 1163 εἰσὶν
507 1136 598 1172 ἀγαθὰ
619 1136 675 1164 τῶν
692 1136 799 1172 ψυχῶν,
823 1137 856 1164 ὲκ
868 1137 917 1172 τῆς

971 1139 1092 1174 quaedam
1104 1137 1281 1170 secundaria,
1295 1145 1355 1172 qua;
1366 1136 1506 1172 proposita
1523 1140 1586 1163 sunt
1599 1136 1632 1163 ad
1642 1136 1760 1171 primum

119 1181 288 1217 ἀγαθότητός
298 1183 350 1209 εἰσι
365 1182 413 1209 τοῦ
428 1183 508 1216 Θεοῦ,
525 1183 557 1210 τδ
576 1183 674 1219 νοερὰς
690 1183 776 1216 αὐτὰς
785 1181 866 1216 εἶναι,
880 1184 917 1216 ὼς

971 1185 1045 1212 illum
1067 1184 1242 1220 splendorem
1266 1190 1377 1219 quoquo
1402 1184 1483 1210 modo
1509 1182 1759 1217 interpretandum.

119 1227 245 1259 νουύσας,
258 1228 290 1254 τὸ
301 1228 463 1261 ἀθανάτους,
480 1229 546 1256 αὐτὸ
561 1229 594 1266 δὴ
604 1229 635 1256 τὸ
651 1227 731 1262 εἶναι,
745 1230 793 1256 καὶ
804 1229 835 1256 τὸ
847 1229 917 1265 ἔχειν

971 1232 1115 1264 Praeterea,
1129 1236 1190 1267 post
1205 1230 1326 1266 angelos,
1343 1230 1440 1257 animat
1455 1236 1573 1264 quoque,
1588 1233 1617 1256 et
1631 1235 1761 1263 quincun-

119 1274 246 1310 δύναμιν,
258 1275 470 1310 ἀνατεινομένας
484 1276 553 1311 πρὸς
564 1275 614 1307 τὰς
627 1275 776 1310 ἁγγελικὰς
791 1274 875 1308 ζωὰς,
884 1275 917 1302 δι’

971 1284 1022 1312 que
1033 1277 1186 1305 animarum
1200 1277 1270 1304 bona
1284 1281 1359 1307 sunt.
1369 1283 1403 1303 ex
1419 1275 1540 1303 bonitate
1548 1274 1595 1302 Dei
1605 1274 1759 1307 exsistunt;

120 1320 234 1347 ἐκείνων
247 1320 285 1352 ὡς
298 1321 494 1357 καθηγεμόνων
515 1321 562 1348 ἐπὶ
581 1322 630 1357 τὴν
653 1321 728 1349 θείαν
747 1321 917 1358 ἀγαθαρχίαν

971 1330 999 1353 ut
1014 1325 1087 1361 quod
1104 1324 1289 1359 intelligentes
1301 1324 1368 1356 sint,
1382 1328 1509 1358 tanquam
1526 1329 1586 1357 qua:
1596 1321 1760 1355 intelligant,

120 1365 280 1400 ἀνάγεσθαι,
292 1368 340 1394 καὶ
351 1367 407 1394 τῶν
420 1369 452 1394 ἐκ
462 1367 508 1394 τοῦ
528 1367 596 1394 Θεοῦ
617 1369 742 1404 μετέχειν
758 1367 917 1403 ὲλλάμψεων

972 1373 1045 1408 quod
1063 1372 1119 1399 sint
1133 1371 1313 1403 immortales,
1326 1370 1398 1405 quod
1411 1370 1478 1402 sint,
1495 1373 1522 1396 et
1536 1369 1653 1397 habeant
1670 1368 1756 1394 virtu-

121 1413 194 1440 κατὰ
204 1413 254 1449 τὴν
268 1413 415 1448 ἀναλογίαν
434 1413 536 1446 αὐτῶν,
549 1415 596 1441 καὶ
609 1414 661 1450 τῆς
678 1414 853 1449 ἀγαθοειδοῦς
867 1415 917 1442 δω-

971 1420 1035 1450 tem,
1048 1420 1077 1444 et
1087 1417 1121 1443 ad
1142 1416 1281 1451 angelicas
1296 1415 1368 1442 vitas
1383 1415 1527 1448 accedant,
1539 1418 1567 1441 et
1582 1421 1629 1448 per
1641 1413 1702 1440 illos
1710 1420 1761 1440 ceu

121 1460 187 1496 ρεᾶς
203 1461 232 1486 ὲν
245 1460 376 1496 μετουσίᾳ
385 1460 519 1494 γίνεσθαι,
533 1459 623 1492 καθὼς
631 1461 678 1487 ἐπὶ
688 1461 736 1487 τοῦ
751 1461 863 1488 Ἡσαΐου
871 1461 917 1488 καὶ

971 1467 1152 1499 praeceptores
1171 1461 1205 1489 ad
1215 1461 1335 1489 divinam
1352 1462 1438 1496 ipsam
1454 1461 1605 1488 bonitatem
1622 1459 1761 1487 adducan-

121 1506 168 1532 τοῦ
189 1505 319 1542 Ἰεζεκιὴλ
327 1506 433 1541 γέγονε,
442 1506 489 1533 τοῦ
504 1506 553 1542 μὲν
565 1506 714 1543 δεξαμένου
728 1507 774 1534 τὸν
782 1507 916 1543 ἄνθρακα,

971 1514 1024 1542 tur,
1035 1514 1062 1536 et
1072 1515 1122 1544 pro
1130 1513 1211 1543 captu
1225 1515 1274 1535 suo
1286 1507 1385 1534 divinis
1395 1506 1624 1534 illustrationibus
1638 1513 1762 1534 commu-

119 1552 168 1579 τοῦ
194 1553 222 1579 δὲ
239 1552 446 1588 ψωμιασθέντος
462 1553 513 1589 τὴν
524 1553 666 1588 κεφαλίδα,
684 1553 733 1580 καὶ
746 1554 797 1580 ὅσα
808 1553 876 1582 ἄλλα
888 1555 917 1580 ὲν

972 1556 1074 1587 nicent,
1090 1559 1119 1582 et
1135 1554 1258 1581 muneris
1288 1553 1451 1581 bonilormis
1468 1553 1617 1589 participes
1629 1553 1760 1585 existant,

122 1601 176 1636 ἰδίᾳ
189 1600 403 1636 πραγματείᾳτῇ
410 1600 479 1635 Περὶ
490 1599 592 1635 ψυχῆς
601 1600 718 1636 εἴρηται.
728 1600 808 1628 Ἀλλὰ
815 1602 862 1628 καὶ
870 1601 919 1627 αὑ-

118 1646 166 1672 ταὶ
174 1646 201 1672 αἱ
208 1646 300 1680 ἄλογοι
309 1646 403 1682 ψυχαὶ,
414 1647 463 1674 καὶ
471 1647 559 1674 πάντα
566 1646 600 1673 τὰ
608 1646 693 1681 ἄλογα
703 1646 771 1680 ζῶα,
783 1647 820 1675 τὰ
827 1647 918 1684 ἀέρια,

123 1692 160 1718 τὰ
174 1694 299 1728 χερσαῖα,
310 1693 344 1719 τὰ
357 1693 471 1729 ἑρπετὰ,
489 1693 523 1719 τὰ
542 1695 571 1720 έν
585 1693 672 1726 ὕδατι,
689 1693 723 1720 τὰ
735 1695 863 1730 ἀμφίϐια,
884 1695 919 1722 τὰ

122 1738 176 1764 ὑπὸ
187 1739 237 1773 γῆν
249 1739 455 1774 ὲγκεχωσμένα,
470 1739 559 1766 πάντα
570 1739 656 1766 ταῦτα
667 1739 711 1766 διὰ
723 1740 774 1776 τὴν
791 1741 839 1768 τοῦ
850 1741 918 1768 Θεοῦ

121 1784 278 1820 ἀγαοότητα
294 1785 445 1820 ὲψύχωνται
467 1786 513 1812 καὶ
533 1785 680 1817 ὲζώωνται·
697 1787 798 1822 ὁμοίως
819 1788 866 1814 καὶ
885 1788 919 1815 τὰ

123 1831 205 1865 φυτὰ,
226 1832 273 1858 καὶ
296 1832 345 1868 ὅση
361 1832 461 1866 ἄψυχος
473 1832 518 1858 καὶ
529 1832 616 1863 ἅζωος
626 1832 715 1865 οὐσία,
730 1832 774 1859 διὰ
788 1823 920 1868 τάγαθὸν,

121 1875 157 1902 τὰ
176 1877 224 1912 μὲν
243 1877 292 1913 τὴν
308 1877 457 1913 Θρεπτικὴν
471 1878 518 1904 καὶ
532 1877 681 1913 αὐξητικὴν
696 1878 778 1914 ζωὴν,
793 1880 809 1914 ὴ
828 1879 855 1906 δὲ
871 1880 919 1916 τῆς

121 1922 268 1955 οὑσιώδους
279 1924 362 1956 ἕξεως
379 1923 498 1959 εἴληχεν.

971 1602 1042 1630 sicut
1055 1601 1082 1628 in
1097 1601 1166 1628 Isaia
1181 1605 1209 1627 et
1229 1599 1374 1628 Ezechiele
1388 1599 1499 1630 accidit,
1515 1599 1578 1626 dum
1594 1598 1639 1625 ille
1650 1598 1761 1632 quidem

972 1657 1086 1685 prunam
1104 1649 1224 1683 accepit,
1250 1648 1294 1676 hic
1305 1654 1370 1675 vero
1386 1647 1448 1674 libri
1462 1646 1553 1680 capite
1567 1645 1686 1673 refectus
1706 1650 1764 1680 est,

971 1701 998 1724 et
1009 1703 1179 1732 quaecunque
1194 1695 1248 1722 alia
1262 1695 1288 1721 in
1304 1693 1437 1729 peculiari
1456 1696 1576 1720 tractatu
1590 1691 1630 1719 De
1642 1693 1732 1719 anima
1745 1698 1761 1718 a

973 1743 1052 1770 nobis
1062 1742 1133 1770 dicta
1145 1745 1220 1769 sunt.
1235 1740 1306 1774 Quin
1325 1743 1352 1768 et
1363 1740 1461 1767 anima:
1473 1739 1648 1767 irrationalel
1661 1743 1689 1766 et
1703 1746 1762 1766 olu-

974 1789 1018 1816 nia
1034 1789 1113 1816 bruta
1127 1788 1290 1818 animantia.
1310 1791 1337 1814 el.
1349 1787 1434 1820 aeria,
1447 1790 1475 1813 et
1488 1786 1641 1817 terrestria,
1657 1790 1684 1813 et
1699 1792 1761 1813 ser-

972 1834 1079 1871 pentia,
1095 1839 1124 1861 et
1141 1833 1283 1869 aquatilia,
1297 1837 1326 1861 et
1341 1832 1494 1867 atuphibia,
1508 1836 1535 1860 et
1548 1840 1609 1866 qua:
1623 1831 1650 1859 in
1670 1839 1762 1859 caver-

972 1882 1014 1910 nis
1030 1886 1111 1909 terrae
1123 1881 1235 1916 degunt,
1252 1879 1345 1907 omnia
1363 1879 1420 1907 haec
1436 1886 1487 1914 per
1509 1879 1557 1907 Dei
1572 1878 1721 1906 bonitatem
1733 1882 1762 1906 et

971 1927 1091 1954 animata
1114 1929 1179 1954 sunt
1196 1929 1226 1952 et
1247 1924 1404 1958 viviﬁcata;
1421 1924 1548 1951 similiter
1566 1929 1594 1952 et
1606 1924 1713 1958 plantae,
1733 1927 1762 1950 et

123 1969 251 2002 quaelibet
277 1970 398 1997 inanima
426 1971 541 2005 vitaque
560 1979 657 2007 expers
672 1973 836 2006 substantia,
859 1982 909 2009 per
924 1974 1050 2001 eamdem
1080 1972 1245 2006 bonitatem,
1272 1971 1316 1998 illa
1340 1970 1450 2006 quidem
1473 1970 1630 2000 nutritivaui
1659 1976 1686 1998 et
1713 1979 1761 1998 au-

122 2016 235 2044 elricem
259 2016 351 2049 vitam,
379 2017 437 2044 haec
463 2025 526 2045 vero
551 2019 674 2047 habitum
700 2021 908 2048 substantialem
926 2024 1103 2056 acceperunt.
1479 2023 1482 2026 ’

160 2063 175 2099 §
197 2063 239 2090 lll.
259 2064 291 2090 Εἰ
304 2064 332 2091 δὲ
346 2065 392 2091 καὶ
403 2065 474 2101 ὑπὲρ
490 2066 578 2093 πάντα
590 2066 624 2093 τὰ
639 2066 703 2094 ὄντα
719 2068 777 2094 ἐστὶ
788 2067 819 2094 τὸ
830 2067 919 2100 Θεῖον,

123 2110 219 2146 ὥσπερ
234 2111 281 2137 καὶ
296 2111 361 2138 αὐτὸ
374 2112 404 2138 τὺ
418 2112 530 2146 ἀγαθὸν,
542 2112 600 2139 ἀλλ’
613 2111 660 2140 οῦν
671 2114 699 2140 αἱ
716 2115 858 2150 στερήσεις
873 2115 919 2142 ἐπὶ

123 2155 192 2183 Θεοῦ
201 2156 406 2192 ὺπερϐολαὶεὶσι
415 2157 622 2194 Θέσεωνδραπή
628 2167 690 2195 ριοι,
698 2159 774 2195 ὠςιτὸ
788 2160 917 2193 ἁνείδεος,

123 2203 257 2235 ἀνούσιος,
268 2203 364 2236 ἄζωος,
379 2204 458 2236 ἄνους
468 2213 476 2220 ·
489 2204 574 2231 ταῦτα
590 2206 653 2242 γὰρ,
663 2205 766 2234 ἔννοιαν
775 2207 869 2242 ἔχοντα
882 2207 919 2243 μὴ

1010 2068 1024 2105 §
1046 2067 1089 2096 ΙΙΙ.
1109 2067 1184 2101 Quod
1200 2067 1328 2095 siautem
1349 2066 1421 2094 Deus
1436 2065 1471 2094 sit
1491 2072 1572 2101 supra
1596 2064 1699 2098 omnia,
1721 2064 1760 2092 uti

958 2116 998 2143 ‘et
1013 2116 1113 2143 bonum
1126 2116 1225 2150 ipsum,
1242 2121 1307 2150 ergo
1324 2113 1494 2149 privationes
1508 2112 1536 2140 in
1561 2112 1616 2139 Deo
1633 2116 1698 2139 sunt
1711 2118 1762 2139 ex-

971 2161 1102 2189 cellentiae
1120 2158 1289 2197 positionum
1314 2158 1477 2192 effectrices,
1491 2163 1521 2186 ut
1533 2165 1632 2194 expers
1653 2158 1759 2190 forma,

970 2215 1068 2242 expers
1080 2207 1249 2239 substantiae,
1262 2213 1362 2240 expers
1375 2206 1450 2238 vitae,
1462 2211 1560 2240 expers
1572 2204 1686 2236 mentis;
1700 2210 1760 2238 quae

123 2249 210 2282 ὕντος,
233 2251 307 2285 ὅμως
329 2252 358 2277 ὲν
378 2251 418 2287 τῷ
444 2251 504 2287 Θεῷ
525 2252 695 2288 ὑπερουσίως
709 2253 766 2280 ὄντι
778 2254 848 2280 κατὰ
868 2254 917 2290 τὴν

972 2253 1080 2288 quidem
1092 2253 1220 2282 videntur
1226 2252 1380 2288 signiﬁcare
1389 2251 1489 2286 aliquid
1497 2251 1569 2287 quod
1579 2259 1632 2278 non
1640 2250 1758 2283 exsistit,

124 2296 270 2332 ἀφαίρεσιν
296 2297 423 2324 ἁπάντων
447 2297 534 2333 (οὐδὲν
559 2299 612 2334 γάρ
639 2300 698 2326 ἐστι
721 2299 776 2327 τῶν
800 2299 916 2336 ὄντων’)

125 2341 296 2378 ὑπεροχικῶς
308 2343 441 2370 νοοῦνται.
457 2344 511 2371 Καὶ
524 2345 548 2371 εἰ
564 2344 674 2379 θεμιτὸν
690 2345 837 2379 φάναι,καὶ
851 2346 917 2372 αὐτὸ

123 2387 155 2414 τὸ
171 2388 208 2424 μὴ
221 2389 250 2415 ὃν
261 2389 308 2416 τοῦ
322 2390 392 2426 ὑπὲρ
408 2391 496 2418 πάντα
508 2391 610 2426 ἀγαθοῦ
628 2392 745 2427 ἐφίεται,
763 2392 798 2427 (εί
813 2392 866 2429 γὰρ
879 2392 918 2429 μὴ

124 2434 200 2462 ἔστιν
211 2435 286 2467 αὐτὸ,
302 2436 361 2468 πῶς
374 2436 478 2471 ἐφίεται
486 2437 504 2473 ;)
556 2438 646 2474 δῆλον,
660 2439 701 2466 ὄτι
716 2439 747 2466 τὸ
768 2439 804 2475 μὴ
819 2439 848 2466 δν
865 2448 917 2467 κα-

124 2480 174 2507 κὸν
188 2480 298 2515 ἐνόησεν
312 2479 392 2513 εἶναι,
408 2482 446 2519 μὴ
464 2483 493 2510 ὂν
506 2484 606 2511 ὡσανεὶ
618 2484 729 2519 ἀγαθὸν,
744 2485 782 2517 ὡς
797 2494 917 2521 παρακα·

123 2524 191 2552 τιὼν
213 2525 395 2558 ἀποδεικνύει,
407 2527 447 2554 ὃτι
466 2531 513 2555 καὶ
529 2529 593 2556 αὐτὸ
615 2530 645 2556 τὸ
666 2529 813 2566 λεγόμενον
832 2531 917 2558 κακὸν

123 2569 173 2597 τοῦ
193 2570 296 2605 ἀγαθοῦ
315 2571 395 2598 ἕνεκα
409 2573 540 2606 πολλάκις
554 2575 668 2609 γίνεται.

973 2304 1063 2327 tamen
1076 2300 1103 2327 in
1116 2299 1181 2333 Deo,
1195 2300 1242 2335 qui
1257 2298 1523 2334 superessentialiter
1534 2298 1655 2325 omnium
1668 2303 1760 2324 rerum

971 2347 1116 2381 negatione
1131 2346 1226 2375 existit
1242 2346 1322 2383 (nihil
1345 2346 1418 2374 enim
1433 2350 1475 2373 est
1492 2352 1587 2372 eorum
1608 2351 1668 2380 quae
1683 2345 1760 2378 sunt)

970 2393 1122 2421 eminenter
1140 2389 1342 2428 intelliguntur.
1361 2391 1405 2425 Et,
1420 2391 1442 2418 si
1470 2391 1544 2418 dictu
1560 2389 1602 2418 fas
1625 2389 1672 2422 sit,
1692 2388 1760 2416 illud

971 2439 1060 2474 ipsum
1075 2441 1147 2474 quod
1161 2447 1215 2467 non
1233 2443 1286 2472 est,
1302 2439 1387 2472 illius,
1403 2439 1475 2474 quod
1498 2444 1580 2472 supra
1597 2444 1641 2464 res
1663 2442 1760 2464 omnes

971 2491 1024 2520 est,
1039 2487 1105 2514 boni
1120 2485 1256 2514 desiderio
1280 2490 1388 2513 tenetur
1411 2485 1454 2520 (si
1475 2484 1549 2512 enim
1574 2483 1601 2511 id
1627 2490 1681 2510 non
1705 2487 1759 2515 est,

971 2532 1107 2568 quomodo
1126 2531 1322 2566 desiderati);
1344 2531 1415 2559 unde
1439 2529 1634 2562 manifestum,
1661 2536 1711 2564 per
1732 2528 1759 2556 id

971 2579 1041 2613 quod
1066 2587 1120 2606 non
1145 2584 1199 2612 est,
1225 2579 1326 2606 malum
1352 2577 1527 2611 intellexisse,
1553 2583 1615 2604 cuin
1638 2582 1693 2603 non
1721 2575 1758 2602 sit

126 2617 220 2652 aliquo
249 2620 329 2646 modo
357 2621 466 2652 bonum.
495 2623 534 2649 uti
562 2623 590 2650 in
617 2631 762 2658 progressu
786 2624 922 2654 orationis
936 2627 1070 2660 ostendit;
1101 2627 1166 2661 quia
1188 2626 1253 2653 illud
1281 2625 1364 2662 388
1380 2625 1462 2653 etiam
1479 2624 1550 2659 quod
1573 2623 1673 2650 malum
1689 2622 1759 2649 dici-

129 2669 184 2698 tur,
197 2670 306 2700 propter
320 2665 418 2694 bonum
435 2667 474 2695 lit.

162 2709 176 2746 §
195 2709 238 2737 IV.
266 2710 335 2738 Ἀλλ’
357 2712 426 2748 ὅπερ
444 2714 519 2749 ἡμᾶς
537 2714 735 2750 διαπέφευγεν,
755 2716 842 2743 αἴτιον
865 2716 919 2743 τῶν

124 2755 260 2791 οὐρανίων
275 2758 322 2784 καὶ
333 2759 473 2794 κοσμικῶν
487 2759 609 2797 (οὐρανὸν
624 2761 678 2797 γὰρ
691 2762 736 2789 τὸν
752 2762 854 2798 κόσμον
867 2771 920 2798 φα-

128 2802 170 2828 σίν
184 2802 193 2837 )
215 2802 308 2838 ἀρχῶν
323 2805 370 2831 καὶ
381 2805 615 2842 ἅποπερατώσεων
628 2809 644 2844 ἠ
662 2807 709 2836 τοῦ
729 2809 797 2836 Θεοῦ
819 2809 920 2845 ἁγαθό-

184 2881 198 2901 ι
209 2881 278 2910 Psal.
295 2890 358 2916 xm,
374 2884 417 2912 12.

1006 2717 1020 2754 §
1038 2716 1083 2745 ιν.
1105 2717 1179 2751 Sed,
1207 2717 1279 2752 quod
1306 2724 1357 2745 nos
1379 2716 1530 2751 eﬂ‘ugerat,
1554 2714 1704 2743 ccelestium
1730 2719 1760 2742 et

971 2764 1169 2792 mundanorum
1185 2763 1295 2799 (uelum
1317 2762 1390 2790 enim
1413 2761 1542 2789 mundum
1558 2761 1666 2796 vocant)
1681 2760 1758 2795 prin-

969 2810 1102 2847 cipiorum
1116 2817 1149 2838 ac
1164 2809 1385 2838 terminationum
1398 2815 1483 2837 causa
1506 2812 1548 2835 est
1566 2806 1615 2834 Dei
1630 2806 1754 2842 bonitas,
