1938 3065
197 161 251 189 75$

748 158 776 186 S.
795 158 947 187 DIONYSI.
963 158 1197 188 AItEOPAGII'A‘Z

1764 160 1823 188 756

195 226 257 246 nam
271 218 341 246 Deus
353 218 411 246 haec
425 217 516 245 omnia
530 216 662 245 bonitatis
676 215 841 244 abundantia
859 217 970 244 creavit.

1026 225 1075 252 της
1095 217 1168 243 ὲστί·
1191 216 1338 243 καὶταῦτα
1361 217 1415 252 γάρ
1427 216 1461 243 δι’
1481 216 1647 252 ἀγαθότητος
1666 216 1822 252 ὁπερὸολὴν

194 263 329 299 Principia
343 271 408 291 vero
420 263 542 291 celestis
554 267 582 291 et
591 263 796 290 terminationes
808 262 979 297 intelligenda

193 314 322 344 tanquam
331 317 365 337 ex
372 316 472 345 puncto
484 317 530 338 seu
544 314 638 337 centro
651 309 795 336 voluntatis
808 308 853 336 Dei
865 308 980 336 rotunda

193 354 323 382 caelorum
335 355 476 383 fabricatio
489 356 640 383 subsistens
648 363 656 382 :
664 354 803 382 circularis
811 355 883 382 enim
893 355 977 389 figura

193 407 226 428 ex
242 401 330 436 seipsa
343 401 486 435 incipiens,
505 402 531 428 in
551 401 638 436 seipsa
657 401 827 428 terminatur.
835 400 976 428 Ccelestem

192 453 259 474 vero
275 447 454 474 substantiam
470 454 557 481 neque
572 446 662 481 augeri
678 453 767 480 neque
782 445 865 472 minui
880 445 932 478 ait,
947 450 977 472 ut

191 491 312 526 perfecte
321 497 349 519 et
362 491 524 519 suiﬁcienter
537 492 616 520 ﬁnem
632 499 709 519 suum
721 495 889 524 assecutam;
903 490 977 518 ideo-

191 545 244 572 que
260 537 452 564 immutabilem
464 538 549 572 ipsam
561 537 639 571 dixit,
660 545 692 564 ex
703 544 758 572 quo
775 536 844 564 laeta
855 542 907 570 est,
919 543 975 564 non

191 588 367 616 perversam;
385 582 532 616 perlectum
548 587 638 609 autem
662 586 716 615 est,
737 580 809 616 quod
824 588 913 615 neque
926 589 975 608 au-

191 633 272 663 getur
287 635 375 662 neque
390 628 530 655 minuitur.
546 628 614 656 Nota
628 635 704 661 vero,
719 635 780 654 eum
802 628 904 660 dicere,
920 635 975 656 ca)-

189 672 232 700 los
245 674 304 701 sine
317 674 430 708 strepitu
446 679 472 700 et
491 677 591 708 absque
611 681 693 701 sensu
709 673 823 701 moveri.
841 673 907 701 lllud
923 681 972 701 au-

190 723 264 750 tem,
291 719 469 754 quarumdam
488 719 625 746 stellarum
646 719 799 753 multiplicis
815 724 901 746 motus
922 727 973 754 quo

191 764 403 799 transferuntur,
428 765 462 793 de
484 765 600 800 planetis
620 765 700 797 dicit;
717 769 809 792 censet
825 765 896 792 enim
913 765 972 793 illos

189 810 262 837 solos
279 810 390 837 moveri.
402 810 470 843 Quid
482 818 564 845 porro
579 811 653 838 dicat
668 811 729 845 quis
743 811 775 837 de
789 810 870 838 solari
885 812 969 843 radio,

189 856 236 890 qui
250 863 375 883 seorsum
396 856 430 883 ab
446 855 507 883 aliis
521 863 569 890 per
584 863 615 883 se
637 856 781 884 movetur?
795 859 922 891 quoniam
943 862 971 884 et

189 901 252 930 huic
269 909 347 928 suum
370 901 460 929 lumen
473 906 514 929 est
527 909 560 929 ex
570 902 621 929 hac
633 901 679 929 Dei
698 901 829 936 bonitate,
836 901 912 936 cujus
926 903 972 929 lux

188 948 247 975 haec
261 947 350 982 imago
363 947 485 982 quaedam
499 952 559 980 est;
575 947 751 981 quamobrem
766 954 873 981 quoque
889 948 973 974 nomi-

189 1001 222 1020 ne
239 993 308 1020 lucis
325 992 447 1020 divinum
469 992 535 1020 illud
551 994 668 1027 primum
685 993 824 1028 exemplar
836 993 970 1027 laudatur,

188 1043 218 1065 ut
231 1038 265 1066 ad
279 1038 357 1073 cujus
371 1038 514 1073 imaginem
530 1039 575 1065 lux
593 1039 650 1066 hazc
663 1039 772 1066 existat.
789 1039 972 1072 Quemadmo-

187 1085 250 1111 dum
266 1084 338 1111 enim
358 1084 414 1111 hinc
438 1084 485 1111 Dei
506 1084 613 1111 bonitas
639 1091 654 1111 a
675 1085 811 1118 supremis
833 1091 920 1118 usque
937 1084 971 1111 ad

186 1135 307 1156 extrema
329 1129 465 1164 pervadit,
495 1133 522 1156 et
543 1136 626 1164 super
650 1130 740 1156 omnia
766 1129 859 1157 existit
887 1130 971 1165 (Deus

185 1172 258 1199 enim
282 1173 309 1200 in
324 1173 450 1200 omnibus
471 1177 524 1207 est,
545 1178 572 1200 et
595 1173 662 1200 nihil
678 1175 808 1207 omnium,
831 1180 860 1202 ut
883 1183 972 1211 neque

187 1224 314 1252 suprema
330 1219 363 1245 ad
381 1218 466 1252 ipsius
484 1219 674 1246 excellentiam
696 1220 858 1256 pertingant,
873 1229 972 1256 expers

186 1263 258 1290 enim
274 1263 401 1298 principii
424 1269 479 1296 est,
503 1269 530 1291 et
556 1265 620 1291 nihil
647 1273 676 1292 se
701 1266 785 1293 habet
809 1267 970 1301 sublimius;

184 1316 274 1342 neque
285 1309 412 1336 inferiora
435 1310 519 1343 ipsius
538 1311 666 1338 ambitum
680 1317 877 1345 pertranseant,
889 1313 915 1340 id
928 1318 972 1340 est

185 1359 262 1381 extra
278 1354 336 1390 ejus
351 1355 519 1390 complexum
536 1356 599 1389 sint,
609 1357 743 1392 siquidem
754 1357 875 1385 inﬁnitus
883 1363 935 1391 est,
945 1363 972 1386 et

184 1404 261 1427 extra
272 1401 358 1435 ipsum
368 1402 435 1428 nihil
446 1407 488 1429 est
497 1402 620 1436 interius;
633 1403 697 1437 quin
708 1404 788 1430 etiam
802 1403 845 1431 illa
859 1412 919 1439 qua
931 1405 974 1433 itt-

184 1446 226 1474 cis
246 1451 309 1474 sunt
329 1448 442 1482 capacia
464 1449 611 1475 secundum
639 1456 793 1476 mensuram
813 1451 972 1485 capacitatis

183 1491 329 1524 illuminat,
338 1492 409 1519 unde
419 1493 500 1520 etiam
516 1493 587 1521 Deus
600 1493 699 1521 dicitur
713 1502 774 1522 esse
786 1503 913 1523 mensura
930 1505 973 1524 re-

184 1538 334 1572 rum,quod
350 1538 521 1566 contineatet
534 1539 603 1566 sciat
614 1540 774 1575 principium
785 1546 812 1568 et
823 1541 902 1569 linem
909 1549 969 1569 om-
984 1553 1004 1581 ο

181 1583 303 1617 niom,et
312 1588 444 1617 aevum,et
455 1592 594 1618 numerus,
605 1591 632 1613 et
643 1586 722 1620 ordo,
734 1591 764 1614 ut
773 1587 821 1622 qui
831 1594 874 1615 res
882 1588 969 1616 conti-

183 1633 315 1664 netatque
322 1629 450 1665 disponit,
459 1631 548 1659 omnia
561 1632 632 1659 enim
641 1639 700 1659 cum
711 1634 782 1660 bono
792 1633 887 1662 ordine
893 1641 970 1663 crea-

183 1676 389 1711 vit);sicutique
399 1676 482 1704 etiam
495 1678 535 1704 sol
546 1677 592 1705 ille
603 1678 745 1706 manifesta
758 1679 855 1708 divina:
866 1680 970 1708 bonita-

183 1722 219 1749 tis
231 1722 320 1756 imago
334 1723 438 1751 existit.
453 1723 570 1751 Pulchre
581 1728 671 1751 autem
687 1727 779 1752 statim
789 1727 970 1762 corrigitquaz

183 1767 274 1795 minus
290 1774 473 1796 consentanea
490 1769 524 1796 de
540 1769 598 1797 sole
619 1770 691 1798 dicta
712 1770 885 1806 videbantur,
905 1774 968 1801 dum

184 1820 246 1839 eum
271 1813 457 1841 tenuissimum
471 1815 617 1848 quemdam
638 1820 666 1843 et
680 1816 803 1844 ultimum
819 1818 881 1845 boni
896 1818 969 1846 illius

183 1864 279 1885 sonum
293 1859 427 1886 nominat.
443 1858 676 1892 Quemadmodum
691 1861 763 1888 enim
779 1862 802 1889 si
818 1862 880 1897 quis
893 1864 968 1890 voci-

183 1902 278 1931 ferans
297 1908 325 1931 et
350 1904 471 1932 clamans
495 1905 596 1940 aliquid
619 1906 727 1939 dixerit,
744 1912 890 1941 praesentes
906 1909 968 1944 qui-

186 1949 249 1976 dem
266 1949 422 1978 valeutibus
442 1950 554 1978 auribus
572 1951 679 1985 przediti
699 1959 794 1980 vocem
817 1957 845 1980 et
866 1961 969 1981 sermo-

182 2001 246 2022 nem
269 1996 397 2030 audiunt;
413 1997 457 2031 qui
483 2001 574 2024 autem
600 1998 712 2032 distant,
733 2003 836 2034 quanto
857 1999 968 2032 absunt,

183 2043 262 2068 tanto
282 2040 399 2068 debilius
415 2049 511 2070 vocem
532 2042 664 2077 audiunt;
685 2045 731 2079 qui
754 2052 836 2079 porro
854 2045 968 2080 longiori

183 2087 272 2121 spatio
283 2088 380 2115 remoti
396 2092 470 2120 sunt,
482 2087 566 2123 389
579 2089 803 2117 obscurissimum
823 2090 967 2125 quemdam

183 2139 280 2159 sonutn
302 2134 421 2168 capiunt,
445 2139 474 2161 ut
496 2141 588 2162 vocem
602 2135 711 2169 quidem
736 2135 855 2169 aliquam
869 2136 969 2164 obscu-

184 2185 244 2205 ram
262 2178 387 2212 audianl,
409 2180 457 2207 sed
474 2181 545 2214 quod
561 2180 765 2215 pronuntiatum
782 2186 824 2209 est
848 2189 900 2209 non
926 2182 968 2209 in-

1032 262 1191 297 παρήγαγεν
1206 263 1220 288 ὁ
1230 263 1306 294 Θεός.
1332 262 1431 298 Ἀρχὰς
1445 263 1474 289 δὲ
1484 263 1612 298 οὐρανίας
1625 262 1671 289 καὶ
1682 262 1823 298 ἀποπεραδ-

1028 307 1126 339 τώσεις
1138 308 1246 343 νοητέον
1260 308 1309 343 τὴν
1327 308 1366 340 ὡς
1389 309 1422 335 ὲκ
1435 308 1548 344 σημείου
1563 309 1622 344 ῆτοι
1636 309 1748 344 κέντρου
1770 307 1823 334 τοῦ

1029 352 1180 388 θελήματος
1191 353 1238 379 τοῦ
1256 353 1335 386 Θεοῦ,
1351 354 1487 386 κυκλικῶς
1502 354 1658 381 ὁποστᾶσαν
1668 354 1722 380 τῶν
1734 355 1822 390 οὐρα-

1027 396 1082 422 νῶν
1097 397 1251 433 σφαιροειδῆ
1264 398 1443 434 δημιουργίαν
1453 407 1461 414 ⁸
1482 398 1513 425 τὸ
1528 399 1582 434 γὰρ
1601 398 1730 426 κυκλικὸν
1751 399 1820 434 σχῆ-

1028 443 1232 478 μα,ἀρχόμενον
1241 443 1270 476 ἐξ
1281 444 1386 475 ἑαυτοῦ,
1395 445 1435 476 είς
1448 445 1528 471 ἑαυτὸ
1536 445 1710 480 περατοῦται.
1723 445 1779 481 Τὴν
1787 446 1820 472 δὲ

1026 487 1153 523 οὐρανίαν
1160 488 1254 515 οὐσίαν
1261 489 1361 525 ἀναυξῆ
1369 490 1415 517 καὶ
1421 490 1555 525 ἀμείωτόν
1563 499 1654 526 φησιν,
1660 491 1698 522 ὡς
1705 491 1818 523 τελείως

1025 535 1148 570 ἔχουσαν,
1169 536 1215 562 κα).
1225 536 1368 571 αὐτάρκως
1387 536 1454 572 πρὸς
1469 536 1484 563 ὅ
1498 537 1592 571 γέγονε
1602 545 1609 552 ’
1624 537 1664 564 διὸ
1674 537 1722 563 καὶ
1734 537 1819 563 ἀναλ-

1024 579 1132 606 λοίωτον
1144 580 1227 616 αὐτὴν
1242 580 1364 614 λέγει,ὲξ
1374 578 1404 608 οὗ
1416 581 1526 615 γέγονεν
1533 581 1563 608 οὐ
1570 583 1796 617 παρατραπεῖσαν
1805 601 1815 614 ,

1023 625 1124 652 τέλειον
1146 625 1175 652 δέ
1195 627 1284 658 ἐστιν,
1301 625 1316 653 ὅ
1339 627 1410 662 μήτε
1429 626 1505 658 αὓξει
1523 628 1591 662 μήτε
1601 627 1741 662 ξμιοῦται.
1761 627 1817 662 Ση-

1025 671 1138 706 μείωσαι
1151 671 1190 703 δὲ,
1203 671 1244 698 δτι
1257 672 1304 698 καὶ
1317 672 1448 699 κινεῖσθαι
1459 673 1570 707 ἀψόφως
1589 673 1655 708 φησὶ
1668 673 1715 700 καὶ
1729 673 1818 700 ἀνεπ-

997 732 1009 742 .
1021 715 1157 751 αισθήτως
1176 716 1223 743 τὸν
1235 717 1358 753 οὐρανόν.
1372 717 1409 744 Τὸ
1425 717 1453 744 δὲ
1465 718 1554 744 ἐνίων
1573 717 1709 752 ἀστέρων
1721 725 1815 752 μετα-

1022 762 1143 796 ϐατικῆς
1157 763 1378 797 πολυκινησιας
1399 764 1462 799 περὶ
1476 763 1530 790 τῶν
1542 763 1685 800 πλανητῶν
1709 772 1792 799 φησιν
1805 772 1815 779 ο

1021 809 1120 841 αὐτοὺς
1132 809 1186 844 γὰρ
1200 809 1295 844 μόνους
1306 809 1414 842 ἐδέξατο
1430 809 1571 836 κινεῖσθαι.
1585 809 1618 836 Τί
1636 809 1669 836 ἀν
1686 818 1729 841 τις
1740 809 1815 836 εἴποι

1022 855 1086 890 περὶ
1098 855 1146 890 τῆς
1159 855 1273 890 ἡλιακῆς
1286 855 1395 885 ἀκτῖνος
1407 855 1459 890 ἰδίᾳ
1468 855 1523 882 τῶν
1534 855 1621 882 ἄλλων
1633 856 1694 882 καθ’
1706 856 1814 891 αὑτήν;

1022 901 1063 927 ὅτι
1074 901 1121 927 καὶ
1132 901 1218 937 ταύτῃ
1230 901 1261 927 τὸ
1275 901 1332 936 φῶς
1344 902 1377 927 ὲκ
1389 902 1438 936 τῆς
1448 901 1495 928 τοῦ
1510 901 1577 928 Θεοῦ
1588 901 1764 937 ἀγαθὰτητος,
1778 898 1815 937 ἧς

1022 946 1069 973 καὶ
1081 946 1162 972 εἰκὼν
1179 946 1258 973 τοῦτο
1276 947 1309 982 δὴ
1332 947 1364 974 τὸ
1381 947 1450 982 φῶς,
1478 947 1518 974 διδ
1536 949 1583 974 καὶ
1605 948 1816 983 φωτωνυμικῶς

1022 992 1146 1027 ὑμνεῖται
1157 992 1187 1019 τὸ
1201 992 1272 1019 θεῖον
1285 993 1449 1029 ἀρχέτυπον,
1470 992 1525 1020 οἷον
1543 993 1573 1020 ὃν
1591 993 1659 1029 πρὸς
1676 994 1768 1020 εἰκόνα
1782 993 1815 1021 τὸ

1021 1038 1090 1073 φῶς.
1109 1039 1151 1070 Ὧς
1163 1038 1242 1074 γὰρὴ
1254 1039 1301 1065 τοῦ
1315 1038 1376 1066 θεοῦ
1387 1039 1524 1074 ἀγαθότης
1535 1039 1589 1066 ἀπὸ
1601 1039 1655 1066 τῶν
1666 1040 1815 1067 ἀνωτάτων

1021 1084 1086 1119 ἄχρι
1096 1083 1151 1109 τῶν
1166 1083 1288 1118 ἐσχάτων
1302 1084 1401 1119 διήκει,
1414 1084 1461 1110 καὶ
1473 1084 1543 1119 ὑπὲρ
1563 1085 1651 1111 πάντα
1663 1084 1751 1110 ἐστίν·
1770 1083 1813 1119 (ὲν

1021 1130 1077 1161 τοῖς
1090 1129 1156 1156 πᾶσι
1167 1129 1231 1164 γὰρ,
1245 1129 1292 1156 καὶ
1304 1130 1380 1156 οὐδὲν
1392 1129 1447 1156 τῶν
1459 1130 1586 1156 ἁπάντων
1599 1129 1630 1157 τὸ
1648 1129 1724 1156 Θεῖόν
1740 1131 1811 1162 ἔστι,

1023 1174 1092 1209 μήτε
1114 1173 1169 1200 τῶν
1191 1173 1247 1200 ἀνω
1269 1173 1318 1209 τὴν
1341 1173 1476 1210 ὑπεροχὴν
1506 1173 1673 1208 φθανουσῶν,
1692 1173 1814 1209 ἄναρχος

1021 1219 1076 1255 γὰρ
1093 1219 1140 1246 καὶ
1154 1219 1205 1246 οὐκ
1219 1219 1276 1255 ἔχει
1287 1228 1314 1246 τι
1329 1220 1507 1256 ὑψηλότερον-
1523 1220 1592 1256 μήτε
1605 1219 1660 1246 τῶν
1674 1220 1750 1247 κάτω
1760 1219 1816 1256 τὴν

1022 1264 1150 1300 περιοχὴν
1164 1264 1366 1296 διαϐαινουσῶν,
1380 1265 1463 1300 ἡγουν
1481 1265 1533 1299 ἔξω
1547 1265 1635 1292 οὐσῶν
1651 1265 1700 1301 τῆς
1717 1274 1812 1301 περιο-

1022 1309 1082 1345 χῆς,
1096 1309 1273 1345 ἀτελεύτητος
1285 1310 1350 1345 γὰρ,
1367 1310 1414 1336 καὶ
1424 1310 1473 1336 οὐκ
1486 1310 1541 1345 ἔχει
1553 1309 1605 1342 ἔξω
1612 1309 1713 1345 ταύτης
1720 1309 1813 1336 κατώ-

1021 1363 1113 1390 τερονο
1130 1354 1197 1381 ἀλλά
1207 1356 1254 1381 καὶ
1268 1356 1379 1389 φωτίζει
1390 1355 1424 1382 τὰ
1432 1355 1572 1391 χωροῦντα
1584 1355 1653 1390 πρὸς
1663 1355 1693 1381 τὸ
1709 1355 1810 1390 μέτρον

1021 1401 1036 1427 ὃ
1050 1401 1183 1436 χωροῦσι·
1196 1400 1236 1427 διὸ
1248 1401 1295 1427 καὶ
1309 1401 1407 1436 μέτρον
1418 1399 1488 1427 εἶναι
1499 1401 1607 1434 λέγεται
1618 1399 1674 1427 τῶν
1684 1400 1768 1427 ὄντων
1778 1399 1813 1426 τὸ

1022 1447 1108 1479 Θεῖον,
1123 1447 1140 1482 ἢ
1151 1447 1188 1479 ὡς
1201 1447 1367 1483 περιοχικδν,
1379 1447 1425 1474 καὶ
1443 1447 1493 1482 τὴν
1512 1447 1599 1483 ἀρχὴν
1614 1447 1661 1473 καὶ
1674 1446 1705 1473 τὸ
1722 1446 1810 1482 πέρας

1022 1493 1076 1520 τῶν
1097 1493 1223 1520 ἀπάντων
1245 1493 1435 1528 ἐπιστάμενον,
1457 1494 1504 1519 καὶ
1522 1492 1600 1524 αἰὼν,
1618 1493 1665 1519 καὶ
1681 1492 1811 1528 ἀριθμὸς,

1022 1540 1070 1566 καὶ
1085 1539 1176 1572 τάξις,
1193 1539 1232 1571 ὡς
1249 1539 1404 1574 περιοχικὸν
1422 1538 1477 1565 τῶν
1495 1539 1580 1565 ὕντων
1603 1539 1649 1565 καὶ
1669 1538 1809 1570 τακτικὸν,

1022 1585 1109 1612 πάντα
1130 1585 1185 1621 γὰρ
1203 1584 1261 1620 μετ’
1280 1583 1404 1616 εὐταξίας
1423 1583 1662 1619 ἐδημιούργησεν
1685 1582 1756 1609 οὕτω
1775 1582 1811 1618 δὴ

1021 1631 1068 1656 καὶ
1080 1631 1096 1665 ἡ
1107 1630 1157 1666 τῆς
1174 1630 1248 1662 θείας
1270 1629 1435 1664 ἀγαθότητος
1455 1629 1578 1664 ἐμφανὴς
1590 1627 1671 1654 εἰκὼν
1688 1629 1703 1654 ὸ
1720 1627 1806 1662 ἣλιος.

1020 1676 1117 1709 Καλῶς
1127 1677 1156 1703 δὲ
1171 1677 1202 1703 τὸ
1215 1677 1385 1712 ἀπεμφαῖνον
1399 1675 1452 1702 τῶν
1463 1675 1510 1702 ἐπὶ
1522 1674 1560 1710 τῷ
1572 1675 1638 1711 ἡλίῳ
1655 1673 1809 1710 λεγομένων

1021 1723 1101 1756 εὐθὺς
1123 1723 1300 1759 ἐθεράπευσε,
1323 1722 1466 1750 πολλοστὸν
1489 1722 1536 1748 καὶ
1556 1722 1710 1748 τελευταῖον
1736 1721 1808 1755 ἀπῆ-

1020 1778 1096 1805 χημα
1107 1769 1201 1796 τοῦτον
1211 1768 1296 1796 εἰπὼν
1312 1767 1442 1803 τάγαθοῦ.
1457 1768 1561 1802 Ὠσπερ
1574 1768 1628 1803 γὰρ
1643 1768 1671 1794 ετ
1687 1776 1729 1799 τις
1744 1767 1809 1802 βοή-

1020 1825 1070 1849 σας
1082 1816 1130 1843 καὶ
1142 1815 1299 1850 ἀποκράξας
1316 1814 1388 1841 εἴποι
1404 1823 1441 1847 τι,
1461 1814 1508 1840 καὶ
1524 1815 1548 1840 οί
1566 1813 1615 1848 μὲν
1631 1813 1807 1848 παρεστῶτες

1019 1861 1053 1888 ἂν
1065 1861 1216 1897 ἐρρωμένοι
1230 1860 1280 1892 τὰς
1293 1860 1377 1891 ἀκοὰς
1387 1857 1448 1892 ὦσι,
1459 1860 1508 1895 τῆς
1526 1859 1619 1894 φωνῆς
1634 1860 1680 1886 καὶ
1699 1859 1747 1886 τοῦ
1763 1860 1809 1886 λε-

1020 1907 1129 1942 χθέντος
1141 1906 1299 1933 ἀκούουσιν·
1313 1907 1337 1933 οί
1353 1906 1382 1933 δὲ
1401 1905 1565 1941 ἀφεστῶτες,
1579 1906 1640 1932 ὅσον
1662 1905 1809 1941 ἀπέχουσι,

1019 1952 1146 1979 τοσοῦτον
1157 1951 1351 1988 ἀδρανέστερον
1372 1951 1419 1978 τοῦ
1432 1951 1586 1987 φθέγματος
1599 1951 1752 1987 ἀκροῶνται
1760 1960 1767 1966 ·
1781 1953 1808 1978 oi

1019 1998 1050 2024 δὲ
1061 1998 1108 2024 ἐπὶ
1131 1997 1222 2032 μεῖζον
1246 1997 1383 2032 διάστημα
1405 1997 1599 2032 κεχωρισμένοι
1621 1997 1808 2032 ἀμυδρότατον

1019 2043 1067 2070 τοῦ
1082 2044 1260 2079 ἀπηχήματος
1278 2042 1468 2077 λαμὸἀνουσιν,
1482 2042 1519 2074 ὼς
1530 2043 1619 2078 φωνῆς
1636 2043 1686 2078 μὲν
1698 2043 1807 2078 ἀσήμου

1019 2090 1091 2121 τινὸς
1111 2089 1230 2120 ἀκούειν,
1255 2087 1293 2124 μὴ
1312 2090 1382 2114 νοεῖν
1400 2087 1473 2115 δὲτὸ
1488 2088 1654 2123 ὲκφωνηθέν.
1673 2088 1810 2115 Τοσοῦτον

1020 2136 1093 2162 ἐστιν
1107 2134 1250 2161 ὑπολαϐεῖν
1260 2134 1291 2161 τὸ
1302 2134 1413 2170 ἡλιακὸν
1425 2133 1481 2169 φῶς
1488 2134 1554 2170 πρὸς
1565 2134 1596 2160 τὸ
1607 2133 1705 2170 ἀληθὲς
1717 2135 1808 2161 ἐκεῖνο

1020 2182 1067 2208 καὶ
1074 2181 1154 2213 θεῖον,
1161 2181 1231 2208 ὥστε
1237 2181 1283 2208 καὶ
1289 2180 1400 2216 ἀπειρον
1411 2179 1457 2207 καὶ⁷
1465 2179 1633 2215 ἀξύμωητον
1641 2177 1748 2207 εἶναιτὸ
1757 2180 1808 2215 μέ-

184 2225 321 2259 teiligattt.
349 2226 425 2254 Unde
445 2226 573 2261 colligere
598 2227 661 2254 licet
685 2231 788 2254 tantum
810 2234 869 2256 esse
880 2229 968 2256 solare

1022 2236 1078 2254 σον.
1093 2227 1205 2263 Ἑφεξῆς
1219 2227 1292 2261 λέγει
1306 2227 1364 2258 πῶς
1378 2225 1504 2258 εἰκονίζει
1515 2225 1545 2252 τὸ
1556 2225 1750 2260 Θεῖονὸῆλιος·
1764 2226 1808 2253 ὅτι

182 2270 285 2302 lumen,
300 2272 321 2298 si
344 2280 405 2300 cum
420 2280 484 2300 vero
500 2273 545 2301 illo
559 2281 590 2301 ac
613 2273 705 2300 diiino
730 2279 912 2309 comparetur,
938 2279 969 2302 ut

184 2316 357 2351 intercapedo
373 2323 400 2345 et
427 2318 529 2346 inﬁnita
545 2319 581 2346 sit
594 2324 623 2347 et
635 2320 870 2354 incomparabilis.
885 2320 969 2348 Dein-

184 2362 218 2387 de
241 2361 318 2394 dicit,
344 2364 479 2396 quomodo
504 2365 545 2390 sol
570 2365 652 2392 Deum
675 2365 793 2398 referat;
810 2367 872 2400 quia
898 2367 968 2393 Deus

183 2408 274 2434 omnia
298 2415 468 2443 quaecunque
493 2411 575 2444 ipsius
607 2411 825 2445 participatimiis
856 2412 967 2445 capacia

183 2457 259 2485 sunt,
274 2460 323 2488 per
335 2454 419 2481 bonas
434 2455 619 2482 institutiones
631 2460 713 2490 atque
725 2456 848 2483 actiones
864 2456 968 2484 aliusve

185 2497 290 2531 aliquas
311 2499 502 2533 dispositiones
528 2500 671 2533 illuminat,
691 2506 718 2527 ct
741 2501 831 2528 lumen
855 2502 969 2536 desuper

184 2551 335 2578 expansum
352 2545 464 2578 habens,
478 2547 551 2573 omni
577 2547 677 2573 mundo
693 2547 791 2574 visibili
806 2555 836 2574 se
850 2555 968 2582 suosque

184 2589 277 2617 radios
293 2590 421 2624 explicat,
437 2599 497 2619 cum
516 2596 627 2626 propter
641 2599 673 2618 ea
689 2600 749 2626 qua:
769 2593 858 2619 anima
874 2600 968 2620 sensu-

184 2643 238 2668 que
251 2641 357 2668 carent,
375 2641 430 2664 tum
453 2642 563 2672 propter
577 2645 608 2664 ea
629 2645 688 2671 quae
711 2638 817 2666 ratione
836 2643 864 2665 et
889 2639 968 2665 intel-

185 2683 255 2709 lectu
284 2684 394 2716 praedita
429 2688 501 2710 sunt.
536 2683 768 2716 Quemadmodum
805 2685 900 2719 igitur.
928 2685 968 2712 sol

185 2729 322 2756 sensibilis
349 2729 438 2755 omnia
472 2737 532 2764 qum
569 2734 729 2763 cernuntur,
758 2729 910 2764 illuminat,
941 2735 968 2757 et

185 2780 352 2808 qua-cunque
388 2775 474 2801 lucem
504 2775 560 2808 ejus
590 2783 642 2802 nou
680 2775 866 2810 participant,
904 2783 968 2810 pro-

184 2824 244 2853 pter
257 2820 392 2853 proliriam
408 2829 484 2847 suam
500 2821 660 2855 opticitatcm
676 2822 735 2856 cjus
755 2823 875 2856 expertia
892 2822 967 2849 exsi—

184 2869 272 2898 stunt;
290 2867 328 2893 sic
350 2867 430 2894 ctiam
457 2867 483 2894 iu
512 2868 575 2902 Deo,
593 2875 652 2896 cum
678 2875 736 2902 eius
761 2867 921 2896 illuminalio
942 2873 968 2896 et

1019 2273 1050 2299 τὸ
1062 2273 1148 2304 Θεῖον,
1164 2273 1251 2300 πάντα
1265 2273 1314 2299 ὅσα
1330 2272 1452 2308 μετέχειν
1459 2272 1568 2298 δύναται
1579 2271 1726 2303 τούτου,δι⁹
1739 2273 1808 2306 ἀγα-

1020 2320 1068 2355 θῆς
1083 2320 1218 2352 πολιτείας
1228 2320 1274 2346 καὶ
1286 2319 1409 2355 πράξεως
1424 2321 1471 2347 καὶ
1480 2319 1562 2355 ἀλλης
1573 2319 1809 2355 τινὸςὲπιτηδειὸ-

1019 2374 1099 2400 τητος
1119 2366 1245 2400 φωτίζει,
1262 2366 1330 2401 ἔχων
1337 2366 1366 2392 τὸ
1379 2366 1436 2400 φῶς
1448 2365 1677 2401 ὑπερηπλωμένον
1695 2364 1809 2397 ὲξαπλοῖ

1020 2412 1086 2447 πρὸς
1092 2412 1180 2438 πάντα
1191 2412 1236 2439 τὸν
1247 2412 1342 2447 ὁρατὸν
1350 2412 1450 2447 κόσμον
1461 2412 1508 2438 καὶ
1520 2411 1568 2443 τὰς
1579 2411 1724 2445 αὑγὰςτῶν
1733 2412 1809 2438 ἀκτί-

1019 2467 1072 2484 νων
1089 2459 1183 2490 αὐτοῦ,
1197 2459 1283 2484 ἐκεῖνο
1297 2458 1340 2484 διὰ
1351 2458 1384 2484 τὰ
1400 2458 1488 2493 ἀψυχα
1498 2458 1544 2484 καὶ
1556 2457 1714 2492 ἀναίσθητα,
1728 2457 1811 2484 τοῦτο

1018 2503 1100 2530 διὰτὰ
1109 2504 1204 2538 λογικά
1215 2512 1244 2530 τε
1256 2504 1302 2530 καὶ
1319 2503 1409 2539 νοερὰ.
1430 2503 1472 2535 Ὡς
1484 2502 1549 2537 γοῦν
1566 2504 1580 2530 ὁ
1593 2502 1720 2537 αἰσθητὸς
1730 2503 1807 2538 ἥλιος

1020 2548 1108 2575 πάντα
1120 2548 1154 2574 τὰ
1169 2548 1252 2583 ὁρατὰ
1273 2547 1393 2582 φωτίζει,
1414 2549 1461 2575 καὶ
1474 2548 1508 2574 τὰ
1525 2548 1569 2584 ’μὴ
1590 2548 1737 2583 μετέχοντα
1758 2549 1807 2574 τοῦ

1019 2595 1105 2628 φωτὸς
1120 2595 1212 2625 αὐτοῦ,
1227 2595 1261 2625 δι’
1276 2595 1377 2621 οἰκείαν
1393 2594 1534 2630 ἀδράνειαν
1548 2595 1577 2621 οὺ
1593 2594 1710 2629 μετέχει.
1727 2594 1808 2620 οὓτω

1019 2641 1065 2666 καὶ
1079 2641 1125 2666 ἐπὶ
1137 2640 1183 2666 τοῦ
1197 2640 1265 2666 Θεοῦ
1279 2640 1508 2675 ὑπερηπλωμένου
1528 2639 1575 2666 τοῦ
1598 2639 1738 2674 φωτισμοῦ
1758 2640 1808 2665 καὶ

1019 2686 1153 2720 ἀγιασμοῠ
1167 2686 1251 2717 ὄντος,
1261 2687 1359 2717 πάντες
1373 2686 1398 2712 οἱ
1411 2685 1564 2720 βουλόμενοι
1582 2685 1742 2720 φωτίζονται
1759 2686 1808 2711 καὶ

1019 2731 1184 2766 ἁγιάζονται.
1212 2732 1290 2758 Ἀλλὰ
1305 2732 1351 2758 καὶ
1365 2731 1455 2762 πάλιν,
1467 2731 1561 2767 ὥσπερ
1571 2733 1585 2758 ὁ
1596 2731 1661 2763 Θεὸς
1675 2731 1808 2767 δημιουρ-

1018 2779 1071 2811 γεῖ,
1095 2777 1165 2804 οὕτω
1182 2778 1227 2803 καὶ
1238 2778 1252 2803 ὁ
1271 2777 1345 2812 ἣλιος
1369 2777 1436 2812 πρὸς
1453 2777 1579 2812 γέννησιν
1590 2776 1643 2802 τῶν
1666 2776 1806 2812 αἰσθητῶν

1019 2824 1151 2858 σωμάτων
1175 2823 1369 2858 συμϐάλλεται,
1396 2824 1441 2850 καὶ
1463 2823 1529 2859 πρὸς
1554 2822 1625 2857 ζωὴν
1652 2823 1732 2854 κινεῖ,
1759 2824 1806 2849 καὶ

1017 2868 1100 2895 τᾶλλα
1118 2870 1196 2900 ποιεῖ,
1219 2868 1287 2903 πλὴν
1304 2869 1351 2905 οὐχ
1363 2868 1399 2901 ὡς
1422 2868 1506 2899 αἴτιος
1529 2868 1629 2895 τούτων
1653 2868 1722 2894 κατά
1744 2877 1805 2894 τινα
