1938 3065
181 86 235 113 757

465 88 510 116 DE
527 88 655 117 DIVINlS
671 88 872 121 NOMINIBUS,
891 87 966 115 CAP.
985 87 1031 116 Ν.
1048 103 1082 107 -
1100 87 1272 114 PARAPIIR.
1291 85 1526 114 PACHYMERIE.

1757 87 1807 114 758

178 144 355 180 προαίρεσιν·
377 144 435 171 ἀλλ’
453 145 530 177 εἰδὼς
557 145 572 171 ὁ
598 145 664 178 Θεὸς
686 146 727 172 ὅτι
746 146 778 173 τὸ
801 146 850 182 μὲν
867 145 959 180 ψυχρὺν

1020 145 1201 172 sanctiﬁcatio
1215 145 1331 179 desuper
1347 152 1465 179 expansa
1481 144 1528 178 sit,
1544 151 1638 172 omnes
1651 144 1806 179 quicunque

177 189 249 224 ἄγαν
261 189 367 224 ἄγονον,
379 190 409 217 τὸ
419 190 448 217 δὲ
468 191 632 227 συμμέτρως
653 191 753 228 θερμὸν
772 193 967 227 γενεσιουργεῖ,

178 236 227 262 καὶ
237 236 279 262 δτι
291 235 324 262 τὰ
338 236 408 271 φυτὰ
421 236 468 262 καὶ
481 236 515 263 τὰ
534 237 678 273 σπέρματα
694 238 859 274 θερμότητος
872 238 967 269 δεῖται,

175 281 216 313 ὡς
235 281 282 308 καὶ
298 281 333 308 τὰ
358 281 470 317 σώματα
486 282 593 309 ἅπαντα
610 284 645 310 τὰ
660 282 732 319 ζωὴν
753 283 858 319 ἔχοντα,
874 283 968 309 τούτου

177 327 258 362 χάριν
278 327 323 354 τὸν
335 328 410 363 ἥλιον
428 327 513 360 o'uztnc
531 328 603 364 ἔχειν
618 329 725 364 φύσεως
744 330 865 366 εποίησε.
884 330 969 356 Τοῦτο

176 373 208 399 τὸ
219 373 330 409 ἡλιακὸν
342 373 400 408 φῶς
406 375 466 400 κατ’
475 374 565 401 εἰκόνα
577 375 624 402 τοῦ
632 375 710 402 Θείου
721 375 768 402 τοῦ
781 375 857 407 ὄντος
871 375 968 408 αἰῶνος

177 418 226 445 καὶ
240 418 356 454 ἀριθμοῦ
369 418 417 445 τοῦ
438 420 547 452 παντὸς,
561 420 599 452 ὠς
621 419 787 456 δημιουργοῦ
806 420 854 447 καὶ
873 428 967 456 περιε-

176 462 277 495 κτικοῦ,
285 463 402 496 πάντων,
412 464 457 490 καὶ
467 464 565 500 μέτρον
581 465 639 491 ἐστὶ
647 465 694 491 καὶ
702 464 816 500 ἀριθμὸς
824 465 912 501 ὡρῶν,
921 465 967 492 καὶ

176 507 298 543 ἡμερῶν,
306 509 352 535 καὶ
365 509 464 541 παντὸς
475 509 523 536 τοῦ
535 509 596 537 καθ’
605 510 678 546 ἡμᾶς
685 511 781 546 χρόνου
790 519 796 525 ·
808 510 823 537 ὃ
836 511 882 537 καὶ
897 510 966 537 κατὰ

174 554 225 590 τὴν
235 555 332 589 τριάδα
343 556 397 582 τῶν
412 555 527 592 πρώτων
537 557 657 592 ἡμερῶν,
666 557 868 593 ἀσχημάτιστον
880 557 967 590 δν,οὖι

174 609 229 633 τως
238 601 343 634 ἐκείνας
350 602 398 634 τὰς
405 602 509 638 ἡμέρας
515 602 622 639 διώριζε
629 605 662 639 τῇ
677 604 791 640 συστολῇ
801 611 830 631 τι
840 604 887 630 καὶ
897 612 965 639 παρ-

174 648 302 680 εκτάσει,
325 648 416 680 καθὼς
443 648 520 684 δηλοῖ
546 649 592 676 καὶ
613 649 627 675 ὁ
640 649 711 682 θεῖος
719 649 849 685 Μωῡσῆς·
862 650 965 680 ἐκεῖνος

175 694 230 729 γάρ
242 695 316 720 ἐστιν
331 695 345 721 ό
359 694 456 729 λέγων,
469 695 510 721 ὅτι
525 696 572 722 καὶ
589 696 698 730 ἐγένετο
720 696 812 732 ἡμέρα
828 697 878 732 μία
889 705 895 712 ·
918 698 965 725 καὶ

175 739 266 772 πάλιν,
281 739 402 776 δευτέρα,
418 741 465 767 καὶ
485 740 585 776 ἑφεξῆς
602 741 692 778 τρίτη.
714 742 769 768 Καὶ
787 742 880 779 ὥσπερ
896 744 965 780 πρὸς

175 785 298 821 ἑαυτὴνὴ
312 786 448 822 ἀγαθότης
455 786 613 822 ἐπιστρέφει
621 788 709 814 πάντα
717 787 752 814 τὰ
763 788 961 825 ὲσκεδασμένα,

1022 190 1114 217 volunt
1130 190 1316 218 illuminatttur
1331 197 1359 217 et
1374 190 1592 218 sattctit‘tcantur.
1608 191 1724 222 Rursus.
1738 192 1809 219 sicut

1022 235 1093 263 Deus
1111 240 1196 267 creat,
1213 237 1253 263 sic
1268 237 1349 263 etiam
1368 236 1408 263 sol
1424 237 1457 263 ad
1480 237 1649 264 sensibilium
1662 244 1807 272 corporqu

1020 281 1223 316 generationem
1249 282 1390 315 conducit,
1406 288 1432 310 et
1454 283 1537 309 vitam
1564 287 1673 315 movet,
1699 282 1808 316 aliaque

1020 327 1094 361 facit,
1113 335 1166 354 tton
1183 332 1272 356 tamen
1290 333 1417 362 tanquam
1436 336 1529 356 eorum
1544 336 1626 356 causa
1642 329 1742 361 libera;
1758 336 1806 355 ve-

1020 382 1079 401 rum
1096 373 1169 401 Deus
1183 374 1274 402 sciens
1290 373 1374 409 frigus
1390 382 1451 402 esse
1465 375 1544 402 valde
1558 375 1663 409 sterile,
1680 376 1806 402 modera-

1019 425 1076 448 tum
1090 425 1179 448 autem
1194 420 1314 448 calorem
1327 421 1360 448 ad
1375 421 1579 456 generationem
1605 421 1706 455 facere,
1723 426 1805 454 atque

1018 467 1119 500 stirpes
1132 470 1161 494 et
1176 466 1280 493 semina
1297 466 1396 494 caloris
1415 466 1545 501 indigere,
1564 466 1635 493 sicut
1648 467 1729 493 etiam
1743 474 1804 494 cor-

1019 520 1084 548 pora
1099 513 1191 541 omnia
1207 520 1268 548 quae
1283 513 1337 540 vita
1361 513 1497 545 fruuntur,
1513 513 1571 548 ejus
1595 512 1632 540 rei
1655 513 1741 547 gratia
1758 520 1804 539 so-

1017 559 1070 586 letn
1087 566 1117 586 se
1131 560 1168 586 ita
1185 560 1285 587 habere
1298 560 1375 588 fecit.
1391 560 1448 587 Hoc
1462 559 1551 587 lumen
1568 559 1644 591 solis,
1658 559 1804 586 secundum

1018 605 1164 640 imaginem
1179 605 1239 638 Dei,
1256 606 1300 641 qui
1318 611 1447 641 tauquam
1465 610 1574 633 creator
1587 609 1615 633 et
1629 609 1807 632 conservator

1017 651 1135 678 universi
1144 657 1230 677 aevum
1239 657 1271 678 ac
1283 658 1411 678 numerus
1419 650 1609 683 existit,etiam
1619 657 1745 677 mensura
1753 655 1805 683 est,

994 719 999 721 _
1016 701 1044 724 et
1058 704 1187 725 numerus
1202 701 1393 732 tempestatum
1409 705 1441 724 ac
1452 697 1555 724 dierum
1571 701 1598 724 et
1611 697 1699 724 omnis
1717 696 1805 724 nostri

1017 742 1158 777 temporis;
1165 742 1237 777 quod
1246 743 1327 770 etiam
1337 743 1484 778 primorutn
1493 742 1597 768 dierum
1609 742 1808 772 triduum.tam-

1015 788 1066 815 etsi
1083 794 1146 816 tunc
1161 796 1212 816 non
1226 793 1286 816 erat
1302 789 1459 824 ﬁguratum,
1479 789 1665 816 contractione
1679 793 1706 816 et
1723 789 1806 816 inter-

171 833 210 864 ὼς
224 833 294 869 ἀρχὴ
311 834 359 861 καὶ
371 835 455 867 αἰτία,
471 835 518 861 καὶ
544 835 632 862 πάντα
657 835 758 871 ταύτης
784 836 898 870 ἐφίεται,
914 837 959 864 καὶ

1011 833 1128 869 jectione
1139 833 1270 866 deﬁnivit,
1278 834 1315 860 uti
1323 834 1429 861 divinus
1440 841 1548 868 quoque
1560 833 1665 868 Moyses
1676 833 1805 866 declarat,

171 878 210 911 ὡς
225 880 320 915 ἀρχῆς,
336 879 366 913 ὲξ
382 877 413 908 οὗ
434 881 488 915 γὰρ
500 880 534 907 τὰ
547 882 645 913 πάντα,
658 882 766 917 φησὶνὴ
785 882 880 918 Γραφή
893 891 899 898 .
916 883 963 909 καὶ

171 923 209 956 ὼς
224 926 366 961 συνοχέως,
377 927 406 954 ὲν
417 923 439 961 ᾧ
450 926 504 962 γὰρ
517 926 551 953 τὰ
565 927 792 963 πάντα,δηλονότι
810 936 963 963 παντοκρα-

169 970 272 1006 τορικῷ
293 971 409 1007 πυθμένι
430 973 477 999 καὶ
490 972 606 1008 θεμελίῳ
628 973 900 1010 περιφρουρούμενα·
915 975 963 1001 καὶ

169 1015 208 1048 ὡς
223 1016 326 1050 τέλους,
337 1018 376 1049 εἰς
394 1017 408 1044 ὃ
422 1018 476 1054 γὰρ
494 1019 528 1045 τὰ
540 1019 638 1052 πάντα,
650 1020 731 1046 οἱονεὶ
744 1020 839 1056 πέρας,
853 1021 960 1054 οἰκεῖον,

170 1062 200 1088 οὐ
213 1063 336 1097 φυσικὸν,
349 1064 415 1090 ἀλλὰ
427 1064 620 1100 δημιουργικόν
629 1075 635 1081 ·
648 1067 695 1093 καὶ
702 1064 731 1094 οὗ
743 1067 847 1102 ἐφίεται
863 1067 960 1100 πάντα,

169 1105 284 1134 ἕκαστον
296 1108 324 1134 δὲ
337 1108 407 1135 κατὰ
420 1109 469 1145 τὴν
488 1109 554 1136 ἰδίαν
566 1110 616 1145 τῆς
631 1111 738 1145 φύσεως
757 1112 844 1145 τάξιν,
859 1113 897 1144 ὡς
910 1113 962 1148 ἆγ-

170 1152 244 1186 γελοι
259 1154 305 1180 καὶ
318 1154 456 1190 ἄνθρωποι
474 1156 642 1190 γνωπικῶς,
658 1158 742 1193 ἄλογα
761 1157 818 1191 ζῶα
838 1159 962 1195 αἰσθητι-

170 1198 226 1230 κῶς
236 1207 242 1213 ³
257 1199 327 1233 φυτὰ
346 1201 377 1236 τῇ
392 1200 505 1236 ὲμφύτῳ
527 1203 632 1238 κινήσει
646 1204 694 1239 τῆς
708 1204 818 1231 ἑαυτῶν
828 1205 911 1240 ζωῆς,
928 1205 962 1232 τὰ

169 1243 198 1270 δὲ
211 1244 286 1276 ἆζωα
301 1245 348 1272 καὶ
361 1245 425 1272 ὄντα
441 1247 511 1274 κατὰ
523 1247 554 1274 τὸ
569 1246 648 1282 εἶναι,
662 1250 712 1285 οὐχ
722 1250 765 1277 ἵνα
779 1251 889 1286 γνῶσιν,
904 1251 961 1278 ἀλλ’

170 1290 214 1316 ἵνα
231 1290 331 1326 μένωσι
351 1293 383 1327 τῇ
405 1294 506 1329 φυσικῇ
522 1294 568 1320 καὶ
591 1295 658 1330 μόνῃ
681 1296 848 1332 συνεχόμενα
871 1297 960 1332 φύσει.

169 1335 248 1363 Οὕτω
274 1338 321 1364 καὶ
340 1338 354 1364 ὁ
376 1338 451 1373 ἥλιος
471 1339 505 1365 τὰ
527 1340 579 1366 ὑπὸ
595 1340 644 1376 τῆς
669 1341 751 1368 αὐτοῦ
778 1344 962 1379 μαρμαρυγῆς

170 1383 336 1419 συνεχόμενα
355 1385 513 1420 ἐπιστρέφει
536 1387 603 1422 πρὸς
624 1388 735 1414 ἑαυτόν⁸
759 1388 798 1415 διὺ
820 1390 867 1416 καὶ
887 1389 962 1425 ἥλιος

168 1427 288 1463 λέγεται,
304 1430 346 1456 ὅτι
366 1431 454 1458 πάντα
475 1432 556 1468 ἀολλῆ
576 1433 624 1460 καὶ
645 1434 863 1470 συνηθροισμένα
881 1436 960 1469 ποιεῖ,

169 1476 218 1502 καὶ
241 1476 352 1511 συνάγει
372 1476 407 1504 τὰ
429 1478 659 1514 διεσκεδασμένα,
684 1481 732 1507 καὶ
755 1481 842 1508 πάντα
866 1482 961 1509 τούτου

168 1520 300 1555 ἐφίενται,
322 1522 357 1549 τὰ
373 1523 422 1558 μὲν
437 1523 494 1556 ζῶα
506 1524 544 1556 ὡς
561 1525 608 1551 τοῦ
635 1526 719 1562 ὁρᾷν,
738 1526 772 1553 τὰ
787 1527 816 1554 δὲ
838 1528 908 1563 φυτὰ
923 1529 961 1561 ὡς

166 1566 215 1593 τοῦ
237 1568 381 1602 κινεῖσθαι,
393 1569 427 1596 τὰ
438 1569 505 1597 ἄλλα
521 1570 559 1602 ὡς
577 1570 624 1597 τοῦ
638 1571 705 1604 ὃλως
721 1573 881 1609 συνέχεσθαι
894 1575 960 1610 παρ’

167 1612 250 1639 αὐτοῦ
263 1613 351 1648 φωτὸς
364 1614 510 1650 ἐφιέμενα..
519 1616 574 1642 Καὶ
590 1617 620 1643 οὐ
635 1616 722 1652 δήπου
736 1618 808 1654 φημὶ
832 1619 901 1646 κατὰ
914 1619 959 1646 τὸν

167 1659 283 1688 παλαιὸν
307 1662 354 1688 καὶ
376 1661 500 1699 λαμπρὸν
523 1663 638 1690 ὀδωδότα
660 1663 737 1699 λόγον
753 1665 797 1691 τὸν
820 1666 960 1701 ἑλληνικὸν

168 1705 246 1733 ὕθλον
259 1704 339 1742 (ἦσαν
350 1707 403 1744 γάρ
416 1717 481 1735 ποτε
495 1709 542 1736 καὶ
556 1710 705 1745 ἀμφότεροι
721 1710 861 1747 Ἕλληνες,
875 1711 913 1743 ὼς
929 1713 958 1738 ὲν

166 1752 229 1783 ταῖς
244 1751 365 1788 Πράξεσι
380 1753 435 1780 τῶν
447 1754 531 1788 ἁγίων
550 1754 706 1781 ἀποστόλων
717 1754 860 1791 δηλοῦται)
874 1755 890 1791 ἢ
906 1757 959 1792 μὴν

166 1797 212 1824 τὸν
225 1799 332 1834 μωρόν
347 1799 378 1826 τὸ
395 1799 450 1835 γὰρ
469 1800 561 1836 μωρὸν
584 1801 696 1836 ἀρχαῖον
715 1802 739 1828 οἱ
754 1801 882 1837 ’Έλληνες
902 1802 960 1829 ἐλε-

166 1852 230 1878 γον·
243 1845 340 1872 οὐκοῦν
358 1846 428 1873 κατὰ
447 1846 541 1873 τοῦτον
556 1847 601 1874 τὸν
621 1848 712 1884 μωρὸν
726 1847 805 1874 ὕθλον
823 1849 904 1883 φημὶ,
917 1849 958 1875 ὅτι

167 1890 181 1916 δ
195 1890 269 1926 ἥλιος
279 1911 286 1923 ,
302 1891 363 1924 θεὸς
386 1891 434 1925 ὢν,
450 1893 622 1928 ἐπιτροπεύει
635 1894 681 1921 τὸν
701 1893 803 1930 κόσμον
814 1903 821 1909 ·
838 1894 906 1922 ἀλλὰ
921 1895 959 1922 τὰ

165 1936 342 1972 ἀόρατα-τοῦ
351 1939 436 1972 Θεοῦ,
447 1939 518 1966 κατὰ
526 1939 572 1966 τὸν
586 1939 755 1972 Ἀπόστολον,
763 1939 822 1966 ἀπὸ
833 1940 959 1974 κτίσεως

165 1984 281 2018 κόσμου
301 1984 363 2018 τοῖς
378 1984 524 2020 ποιήμασι
545 1985 693 2020 νοούμενα
715 1984 874 2019 καθορᾶται
886 2005 893 2017 ,
912 1987 959 2013 καὶ

164 2031 182 2066 ἡ
206 2029 301 2066 θεότης
314 2030 396 2057 αὐτοῦ
409 2051 417 2064 ,
443 2031 491 2058 καὶ
516 2031 600 2063 ἀΐδιος
619 2031 733 2067 δύναμις
751 2031 804 2058 ἀπὸ
819 2030 867 2058 τοῦ
881 2031 957 2067 ἡλίου

165 2075 336 2110 ἐμφαίνεται.

1013 879 1058 907 ille
1071 880 1143 908 enim
1160 880 1216 907 ait:
1230 879 1263 907 Et
1279 879 1350 908 facta
1363 883 1404 907 est
1414 880 1471 907 dies
1482 887 1545 911 una,
1556 884 1582 906 et
1593 880 1806 913 iterum,secun-

1012 926 1057 958 da,
1067 934 1099 954 ac
1109 926 1205 954 deinde
1218 926 1298 954 tertia
1310 925 1332 953 ἶ.
1343 926 1376 953 Ει
1387 927 1457 953 sicut
1467 926 1584 959 bonitas,
1597 930 1723 960 tanquam
1732 926 1806 960 prin-

1013 972 1112 1007 cipiunt
1119 977 1146 999 et
1153 976 1351 1006 causa,cuncta
1359 979 1418 1006 qua
1433 972 1554 1006 dispersa
1565 976 1627 999 sunt
1636 971 1670 998 ad
1686 979 1715 998 se
1728 971 1806 998 colli—

1013 1019 1062 1054 git,
1076 1019 1221 1054 omniaque
1232 1019 1318 1053 ipsam
1335 1023 1480 1053 appetunt;
1497 1022 1524 1046 et
1542 1021 1571 1045 ut
1581 1017 1754 1053 principium,
1771 1026 1804 1043 ex

1013 1071 1045 1091 ea
1062 1064 1135 1091 enim
1149 1063 1252 1095 omnia,
1263 1066 1294 1089 ut
1305 1062 1342 1089 ait
1356 1062 1514 1097 Scriptura;
1529 1066 1555 1089 et
1567 1067 1596 1089 ut
1607 1062 1804 1092 continentem,

1014 1109 1040 1136 in
1054 1117 1108 1143 quo
1120 1109 1248 1136 nimirum
1263 1108 1355 1135 omnia
1371 1107 1454 1135 veluti
1478 1107 1505 1134 in
1518 1107 1696 1134 omnitenenti
1719 1106 1804 1133 fundo

1015 1163 1046 1182 ac
1060 1154 1235 1182 fundamento
1250 1153 1450 1186 custodiuntur,
1468 1157 1496 1180 et
1514 1157 1543 1180 ut
1567 1153 1659 1185 linem,
1674 1152 1707 1179 ad
1723 1160 1803 1187 quem

1013 1201 1115 1233 omnia,
1129 1201 1207 1235 quasi
1232 1200 1266 1227 ad
1289 1200 1435 1227 terminum
1456 1206 1534 1226 suutn
1556 1206 1612 1230 non
1639 1199 1803 1230 naturalem,

1013 1247 1060 1274 sed
1076 1245 1228 1274 etl‘ectivum
1252 1250 1391 1280 spectant;
1416 1249 1444 1272 et
1464 1244 1541 1279 cujus
1557 1244 1692 1272 desiderio
1712 1244 1801 1271 omnia

1015 1297 1154 1325 tenentur,
1171 1292 1311 1327 quodlibet
1341 1292 1468 1319 nimirum
1493 1291 1640 1319 secundum
1664 1290 1803 1325 proprimn

1015 1343 1118 1366 natura:
1138 1338 1262 1366 ordinem
1274 1359 1282 1372 ,
1303 1342 1331 1364 ut
1350 1337 1438 1373 angeli
1452 1345 1457 1365 ;
1471 1341 1500 1365 et
1527 1337 1651 1364 homines
1675 1336 1804 1367 scientvr,

1013 1387 1093 1414 bruta
1108 1386 1258 1413 animantia
1272 1385 1422 1417 sensiliter,
1436 1385 1534 1419 stirpes
1548 1384 1629 1410 insito
1641 1383 1724 1418 390
1740 1383 1804 1416 ipsis

1013 1436 1117 1460 naturae
1135 1436 1221 1464 motu,
1236 1431 1299 1459 vita:
1315 1438 1380 1458 vero
1399 1437 1550 1464 sensusque
1563 1430 1686 1464 expertia
1702 1437 1802 1457 secun-

1014 1478 1077 1506 dum
1090 1485 1163 1511 esse,
1178 1485 1232 1506 non
1247 1482 1278 1505 ut
1291 1482 1471 1513 cognoscant,
1484 1478 1530 1505 sed
1546 1481 1575 1505 ut
1592 1476 1741 1511 persistant
1754 1484 1803 1503 na-

1015 1524 1093 1552 turali
1108 1524 1297 1559 permansione
1310 1529 1455 1557 contenta;
1472 1524 1512 1552 sic
1536 1524 1619 1551 etiam
1642 1523 1683 1551 sol
1696 1530 1728 1550 ea
1743 1530 1803 1558 quas

1013 1570 1062 1598 sub
1077 1570 1269 1605 splendoribus
1281 1570 1339 1605 ejus
1352 1571 1536 1602 coutiuentur,
1555 1569 1588 1596 ad
1610 1576 1639 1596 se
1655 1569 1802 1596 convertit.

1013 1620 1124 1651 propter
1136 1616 1209 1651 quod
1234 1617 1317 1643 etiam
1343 1615 1418 1650 ἥλιος
1435 1614 1597 1650 appellatur,
1613 1614 1685 1650 quod
1710 1614 1802 1641 omnia

1011 1661 1094 1696 ἀολλῆ
1109 1669 1156 1689 seu
1171 1669 1338 1697 congregare
1353 1661 1446 1694 faciat,
1460 1664 1487 1688 et
1502 1660 1624 1695 dispersa
1640 1665 1799 1695 congreget,

1013 1708 1161 1742 omniaque
1172 1708 1260 1742 ipsum
1274 1711 1413 1742 appetant,
1438 1706 1557 1734 viventia
1579 1706 1687 1741 quidem
1714 1710 1742 1733 ut
1761 1706 1800 1732 vi-

1011 1754 1105 1788 deant,
1117 1753 1216 1789 stirpes
1228 1759 1258 1781 ut
1272 1758 1443 1785 moveantur.
1457 1757 1555 1780 caetera
1568 1757 1598 1779 ut
1610 1753 1644 1780 ab
1661 1753 1719 1787 ipso
1734 1760 1800 1779 con-

1011 1805 1155 1828 serventur
1169 1801 1233 1828 dum
1255 1800 1346 1828 lumen
1363 1799 1424 1834 ejus
1441 1804 1581 1836 appetunt.
1598 1798 1655 1826 Non
1671 1799 1722 1826 hoc
1738 1799 1800 1826 dico

1011 1844 1158 1871 secundum
1176 1844 1316 1879 antiquam
1338 1849 1364 1872 et
1382 1845 1550 1880 splendidam
1567 1843 1685 1872 fabulam
1701 1851 1733 1871 ac
1746 1852 1798 1871 nu.

1010 1898 1103 1927 gacem
1115 1890 1256 1925 gentilium
1272 1898 1424 1918 sermonem
1442 1890 1533 1925 (erant
1556 1890 1628 1918 enim
1651 1890 1799 1925 aliquando

1009 1937 1091 1964 etiam
1105 1937 1213 1971 utrique
1224 1935 1350 1972 gentiles,
1362 1941 1391 1963 ut
1404 1936 1429 1963 in
1443 1941 1598 1964 sanctorum
1614 1936 1797 1972 apostolorum

1007 1983 1083 2011 Actis
1108 1982 1273 2018 declaratur)
1295 1982 1337 2009 vel
1358 1987 1432 2010 certe
1459 1982 1579 2017 fatuum;
1605 1991 1669 2012 natn
1691 1983 1796 2010 fatuum

1006 2029 1121 2065 gentiles
1134 2030 1205 2057 idem
1220 2030 1292 2064 quod
1306 2028 1448 2064 antiquum
1470 2029 1606 2058 dicebant.
1631 2029 1726 2065 Itaque
1740 2036 1796 2057 non

1006 2076 1156 2104 secundum
1176 2075 1246 2103 hanc
1257 2075 1358 2103 fatuam
1379 2075 1511 2108 tabulam,
1527 2076 1651 2111 inquam,
1665 2075 1795 2110 quoniam

165 2120 206 2148 sol
220 2121 290 2149 Deus
304 2127 355 2154 est,
374 2121 502 2149 mundum
518 2123 667 2156 convertit;
686 2130 778 2150 verum
790 2122 931 2150 invisibilia
949 2122 1006 2155 Dei,
1028 2122 1176 2149 secundum
1202 2121 1359 2156 Apostolutn
1370 2140 1378 2154 ,
1404 2129 1420 2148 a
1442 2125 1566 2148 creatura
1582 2121 1687 2154 mundi,
1702 2129 1748 2155 per
1762 2128 1795 2147 ea

163 2176 223 2202 qua:
237 2168 308 2202 facta
320 2173 393 2202 sunt,
419 2168 563 2202 intellecta,
589 2170 787 2204 conspiciuntur
810 2175 841 2202 ιι,
857 2175 884 2197 et
906 2169 1035 2197 divinitas
1047 2168 1132 2203 ipsius
1149 2169 1290 2203 virtusque
1311 2168 1475 2203 sempiterna
1487 2175 1502 2195 a
1519 2167 1576 2195 sole
1590 2166 1791 2196 manifestatur.

200 2213 214 2249 ᾗ
237 2213 267 2241 ν.
295 2214 373 2242 Ἀλλὰ
392 2214 479 2242 ταῦτα
495 2216 587 2251 μὲν-ὲν
603 2216 655 2252 ἰδίᾳ
670 2216 844 2253 πραγματείᾳ
866 2216 954 2243 τεθεο-

1042 2215 1058 2252 §
1080 2215 1111 2243 V.
1134 2215 1235 2243 Verum
1252 2217 1311 2243 hac
1328 2215 1355 2242 in
1376 2215 1486 2250 proprio
1501 2219 1617 2242 tractatu
1642 2214 1792 2250 theologice

163 2259 285 2296 λόγηται,
299 2261 346 2288 νῦν
361 2261 390 2288 δὲ
404 2262 501 2298 ῥητέον
513 2263 576 2297 περὶ
590 2262 637 2289 τοῦ
651 2262 746 2298 νοητοῦ
765 2263 950 2297 φωτός.Λέγε-

161 2314 207 2332 ται
217 2306 307 2333 τοίνυν
322 2308 336 2334 ὁ
347 2307 413 2340 Θεὸς
426 2308 493 2342 φῶς,
503 2308 570 2335 ἀλλὰ
584 2309 688 2344 νοητὸν,
702 2308 745 2336 διὰ
758 2310 789 2336 τὸ
799 2309 888 2337 πάντα
902 2311 952 2345 ἀγ-

161 2351 269 2386 ¹γιελικὸν
281 2353 344 2380 νοῦν
361 2355 497 2389 φωτίζειν,
517 2357 606 2383 πᾶσαν
623 2355 651 2382 δὲ
665 2355 775 2391 ἄγνοιαν
790 2356 953 2384 ἀπελαύνειν

162 2399 196 2425 ὲκ
207 2398 261 2424 τῶν
271 2397 374 2433 ψυχῶν,
388 2398 432 2431 αῖς
445 2400 477 2426 ἂν
490 2401 643 2437 ἐγγένηται.
659 2402 729 2437 Ὅρα
739 2401 777 2434 δὲ,
789 2402 829 2429 ὅτι
843 2403 889 2429 ἐπὶ
902 2403 950 2438 μὲν

161 2443 216 2470 τῶν
230 2443 353 2478 άγγέλων
364 2445 513 2478 εὐθυὸόλως
524 2443 584 2472 εἷπε
598 2446 724 2482 φωτίζειν
736 2447 767 2474 τὸ
782 2447 849 2482 φῶς,
864 2448 909 2474 ἐπὶ
922 2448 950 2474 δὲ

161 2489 216 2516 τῶν
229 2489 322 2525 ψυχῶν
337 2490 467 2526 πρότερον
479 2492 638 2519 ἀπελαύνειν
653 2493 683 2519 τὸ
702 2492 752 2528 τῆς
769 2493 871 2528 πλάνης
886 2494 949 2520 σκό-

161 2544 207 2567 τος
230 2535 276 2562 καὶ
296 2535 366 2561 οὕτω
387 2536 527 2570 φωτίζειν·
546 2539 570 2564 οἱ
594 2538 648 2574 γὰρ
668 2538 776 2573 ἄγγελοι
800 2538 880 2565 ἁπλοῖ
903 2539 950 2565 καὶ

165 2580 319 2616 μονοειδεῖς,
335 2582 381 2608 καὶ
400 2581 430 2614 ἐξ
448 2582 534 2617 ἀρχῆς
548 2584 579 2610 τὸ
593 2584 650 2618 φῶς
663 2585 817 2620 ἐσχηκότες,
829 2586 862 2620 τῇ
874 2585 951 2612 ἀκλι-

162 2629 204 2654 νεϊ
219 2627 347 2655 ἀνατάσει
361 2628 522 2662 φωτίζονται
540 2630 649 2662 πάντες,
660 2632 684 2657 οἱ
704 2631 727 2657 δ’
747 2631 895 2667 ἄνθρωποι,
911 2632 950 2658 δι-

163 2673 225 2700 πλοῖ
243 2674 335 2707 ὄντες,
357 2676 403 2702 καὶ
428 2676 517 2711 σάρκα
540 2678 741 2713 περιφέροντες,
752 2679 949 2715 συνειθισμένοι

164 2721 218 2748 εἰσὶ
231 2723 293 2754 ταῖς
314 2724 459 2758 κοσμικαῖς
479 2723 600 2757 ἀγνοίαις
619 2725 666 2753 καὶ
685 2726 814 2758 πλάναις’
833 2726 880 2754 καὶ
899 2726 951 2753 οὐκ

208 2810 217 2830 ι
232 2811 299 2840 Gcn.
314 2820 333 2840 I.
372 2817 391 2828 "
402 2813 478 2841 Rom.
491 2821 510 2848 ι,
522 2813 566 2841 ‘20.

1005 2262 1212 2296 descripsimus,
1230 2262 1311 2289 modo
1328 2261 1471 2290 dicendum
1491 2262 1525 2288 de
1546 2261 1606 2289 luce
1630 2261 1792 2290 intellectili.

1004 2309 1109 2337 Dicitur
1129 2308 1222 2343 itaque
1247 2309 1318 2336 Deus
1346 2308 1413 2340 lux,
1432 2308 1481 2336 sed
1510 2307 1694 2341 intellectilis,
1719 2309 1791 2342 quod

1004 2362 1112 2382 omnem
1136 2354 1288 2390 angelicum
1312 2354 1480 2382 intellectum
1506 2353 1657 2386 illuminet,
1680 2361 1789 2381 omnem

1006 2405 1095 2428 autem
1110 2401 1291 2436 ignorantiam
1313 2408 1348 2428 ex
1367 2401 1476 2433 animis,
1493 2400 1591 2434 quibus
1615 2400 1685 2427 inest
1699 2404 1790 2427 exter-

1004 2448 1098 2476 minet.
1115 2448 1234 2476 Observa
1248 2454 1322 2481 vero,
1340 2447 1412 2481 quod
1426 2447 1453 2474 in
1469 2446 1573 2481 angelis
1592 2446 1700 2480 quidem
1715 2450 1789 2473 recta

1002 2495 1159 2528 conjectura
1184 2493 1282 2521 dixerit
1308 2493 1394 2520 lucem
1413 2492 1577 2524 illuminare,
1594 2492 1620 2519 in
1644 2491 1789 2519 animabus

1004 2547 1068 2567 νει-ο
1086 2540 1164 2574 prius
1178 2540 1281 2567 erroris
1297 2539 1421 2567 tenebras
1435 2539 1543 2572 ejicere,
1559 2542 1586 2565 et
1609 2543 1665 2565 tum
1687 2537 1789 2565 illumi-

1003 2592 1083 2618 nare;
1100 2593 1162 2613 nam
1181 2585 1269 2620 angeli
1282 2593 1344 2613 cutn
1361 2586 1498 2620 simplices
1512 2593 1545 2612 ac
1559 2584 1708 2612 uniformes
1721 2585 1787 2616 sint,

1002 2635 1029 2660 et
1043 2632 1076 2660 ab
1092 2633 1168 2660 initio
1184 2632 1251 2660 lucis
1265 2632 1412 2668 participes
1425 2632 1589 2664 exstiterint,
1603 2631 1731 2659 continua
1746 2632 1787 2657 in-

1004 2680 1124 2708 tentione
1140 2687 1234 2708 omnes
1255 2679 1458 2712 illuminanlur;
1484 2679 1607 2706 homines
1626 2686 1707 2710 vero,
1722 2686 1784 2705 eum

1002 2725 1125 2762 duplices
1140 2727 1203 2760 sint,
1221 2731 1250 2754 et
1264 2733 1373 2755 carnem
1391 2724 1593 2757 circumferant,
1611 2723 1786 2752 szecularibus
