1938 3065
194 118 246 144 759

743 117 770 144 S.
790 116 940 144 DIONYSII
959 115 1190 144 AREOPAGITIE

1775 117 1832 144 760

192 174 354 210 ignorantiis
369 174 570 208 ‘erroribusque
585 177 647 200 sunt
668 174 780 204 assueti,
797 181 849 200 non
866 181 966 207 possun

1031 173 1064 200 ἂν
1077 173 1236 208 φοηισοεῖεν
1247 172 1334 204 ἄλλως
1348 173 1372 199 εἰ
1386 171 1424 208 μὴ
1434 171 1465 198 τὸ
1476 171 1571 205 σκότος
1582 173 1733 210 ἀπελασθῇ.
1745 175 1831 202 Ὅθεν

191 221 270 249 aliter
294 221 440 248 illuminari
453 241 460 253 ,
478 221 528 248 nisi
546 220 664 247 tenebra?
679 220 795 254 depulsa:
819 221 882 247 sint.
901 220 977 248 Unde

191 276 253 295 cum
269 267 314 294 lux
340 273 434 294 natura
460 276 506 295 sua
531 267 610 294 simul
633 275 694 294 cum
715 267 833 294 tenebris
851 275 912 294 esse
927 275 975 295 ne-

190 318 281 348 queat,
297 315 398 342 ideirco
418 315 476 341 luce
494 314 676 346 subintrattte,
693 315 812 341 tenebrm
833 314 976 348 fugantur;

189 366 217 388 et
242 365 372 396 quantum
395 361 439 387 lux
465 360 625 393 ingreditur,
651 364 754 386 tantum
777 361 873 386 aniime
891 359 976 394 ipsam

190 407 368 442 degustantes
383 407 468 441 magis
483 410 627 440 appetunt;
645 410 672 432 et
685 410 788 439 quanto
809 404 860 430 illa:
881 403 977 436 majori

189 453 326 480 desiderio
350 459 477 487 aguntur,
494 457 570 479 tanto
595 451 680 486 magis
706 451 751 477 lux
773 449 892 485 aﬂ‘ulget,
910 457 978 484 quo.

189 500 263 526 niam
280 499 432 526 dilexerunt
447 498 573 529 mullum,
587 497 665 530 juxta
681 501 776 523 sancta
796 495 939 530 Evangelia
950 499 976 522 υ.

189 544 248 572 Non
263 545 335 572 enim
351 549 462 578 repente
476 543 522 570 lux
547 542 665 576 effulget,
683 550 716 568 ne
739 541 846 576 quando
860 541 978 575 caligine

189 590 376 622 oil'undantur,
392 591 463 617 sicut
478 589 611 624 contingit
625 589 659 616 iis
673 589 719 623 qui
737 596 752 615 e
775 587 915 622 profundis
937 594 977 614 te-

188 635 282 664 nebris
294 636 378 663 solem
391 636 502 663 directis
517 635 603 662 oculis
619 634 717 661 intueri
733 635 838 665 volunt;
857 634 904 660 sed
915 639 977 660 sen-

190 681 253 714 sim,
265 680 342 715 juxta
355 681 491 708 modulum
506 688 600 707 eorum
616 679 660 714 qtti
674 679 763 706 lttrnen
781 678 928 712 excipiunt,
947 683 978 705 ut

188 735 276 762 neque
290 728 349 754 luce
363 727 446 754 nimia
460 726 622 753 infirmiores
634 725 740 754 obruat,
758 731 846 758 neque
858 731 975 755 rursum,

187 778 300 808 propter
323 773 431 800 luminis
457 772 586 806 inopiam,
604 771 707 798 meritis
731 777 782 796 nou
802 769 976 803 respondeat,

188 823 236 846 sed
258 819 337 854 juxta
363 819 568 853 suscipientium
585 817 665 852 391
693 823 804 843 sursmn
830 815 975 842 contuendi

1029 221 1076 246 xui
1093 219 1154 246 ἐπεὶ
1165 219 1215 245 οὐκ
1230 219 1286 254 ἔχει
1303 217 1383 253 φύσιν
1390 219 1420 245 τὸ
1427 219 1485 254 φῶς
1495 219 1534 254 τῷ
1544 219 1634 246 σκότει
1645 222 1776 252 συνεῖναι,
1783 221 1830 249 διὰ

1028 265 1107 292 τοῦτο
1118 265 1165 292 τοῦ
1181 265 1269 300 φωτὸς
1281 265 1520 300 ὑπεισερχομένου,
1534 266 1565 292 τὸ
1575 266 1669 298 σκότος
1678 266 1828 295 διώκεταιι·

1029 313 1076 339 xui
1085 313 1147 339 ὅσον
1161 312 1192 338 τὸ
1205 313 1263 346 φῶς
1281 313 1479 348 ἐπεισέρχεται,
1494 313 1589 339 τούτου
1609 314 1637 339 αἱ
1656 313 1741 348 ψυχαὶ
1757 314 1830 341 ἀπο-

1029 358 1183 394 γευόμεναι,
1193 358 1291 394 μᾶλλον
1308 359 1428 393 ἐφίενται
1440 367 1447 374 ·
1463 359 1510 385 xui
1524 358 1633 394 μᾶλλον,
1643 359 1734 386 αὐτῶν
1751 360 1829 394 ἐφιε-

1031 405 1128 440 μένων,
1142 405 1241 440 μᾶλλον
1253 405 1402 441 ἐπιλάμπει
1410 405 1440 432 τὸ
1452 405 1520 440 φῶς,
1528 406 1570 432 ὅτι
1581 405 1727 441 ἠγάπησαν
1741 405 1826 437 πολὺ,

1029 451 1098 477 κατὰ
1111 451 1146 477 τὰ
1159 451 1220 487 ιερὰ
1231 452 1393 486 Εὑαγγέλια.
1410 452 1447 478 Οὐ
1462 451 1518 488 γὰρ
1530 451 1659 487 ἐξαίφνης
1671 451 1826 487 ἐπιλάμπει

1028 497 1058 523 τδ
1074 497 1141 531 φῶς,
1157 497 1201 524 ἵνα
1225 498 1262 533 μή
1283 506 1341 529 πως
1362 497 1548 529 σκατισθῶσιν,
1562 497 1656 533 ὥσπερ
1678 497 1827 532 συμϐαίνει

1027 543 1085 574 τοῖς
1098 542 1228 578 ἐξαίφνης
1241 543 1295 569 ἀπὸ
1311 543 1407 578 βαθέος
1423 543 1535 574 σκάτους
1552 542 1591 578 τῷ
1605 542 1672 578 ἡλίῳ
1687 544 1825 578 ἐπεντρα-

1028 587 1112 619 νίζειν
1127 587 1264 614 ἐθέλουσιν
1277 597 1284 604 ·
1300 588 1368 615 ἀλλὰ
1390 590 1450 616 κατ’
1463 588 1553 623 ὀλίγον
1572 589 1620 616 xui
1639 589 1706 624 πρὸς
1726 589 1757 615 τὸ
1772 588 1824 624 μέ-

1027 642 1091 669 τρον
1103 633 1158 660 τῶν
1172 634 1386 670 ὑποδεχομένων,
1398 635 1443 661 ὅτε
1453 634 1492 670 τῷ
1506 634 1656 671 πληθυσμῷ
1667 635 1730 666 τοὺς
1741 634 1826 661 ἀσθε-

1028 679 1170 715 νεστέρους
1187 681 1406 713 καταδαπτίζων,
1419 680 1574 708 οὕτεπάλιν
1591 681 1634 708 ἐπ’
1647 680 1757 707 ἔλαττον
1769 689 1825 707 παι-

1029 726 1063 761 ρὰ
1075 726 1130 752 τῶν
1142 726 1226 759 ἀξίων
1238 727 1421 762 χωρούμενον,
1435 726 1501 753 ἀλλὰ
1515 727 1586 754 κατὰ
1600 727 1649 763 τὴν
1658 726 1712 753 τῶν
1728 726 1825 753 ὑποδει-

1028 770 1149 805 χομένων
1164 772 1204 802 είς
1223 771 1367 799 ἀνάνευσιν
1381 771 1527 806 ἀναλογίαν
1539 781 1546 788 ·
1560 772 1640 799 τοῦτο
1658 772 1712 807 γάρ
1733 773 1822 804 ἐστιν,

1027 816 1042 842 ὃ
1055 817 1101 843 xui
1115 817 1244 852 ἀνωτέρω
1259 816 1344 852 λέγει,
1357 818 1398 845 ὅτι
1410 817 1486 852 τάξις
1501 819 1548 845 xu‘t
1563 818 1662 854 μέτρον
1680 817 1758 854 ἡμῶν
1772 819 1821 845 ἐσ-

187 866 367 901 capacitatem
383 869 564 900 temperetur;
580 865 630 891 hoc
649 863 720 890 enim
737 869 779 890 est
801 862 874 897 quod
892 862 975 889 etiam
1016 863 1084 889 τινὸ
1097 863 1173 894 Θεὸς.

187 914 312 948 superius
337 912 415 944 dixit,
440 911 523 938 Deum
546 917 606 937 esse
625 909 748 937 ordinem
777 914 806 936 et
830 915 986 935 mensuram
1003 913 1136 936 nostram.

217 958 232 994 ς
247 958 294 986 Vl.
308 958 375 985 lllud
390 957 461 992 quod
481 965 562 991 supra
585 964 660 983 omne
677 956 764 982 lumen
777 976 785 989 ,
810 955 911 982 bonum
936 955 970 981 lu-

1062 954 1076 990 §
1094 955 1135 982 Vl.
1153 955 1238 982 Τοῦτο
1250 956 1281 983 τὸ
1293 956 1368 991 ὑπὲρ
1378 956 1439 984 πᾶν
1452 956 1525 990 φῶς,
1547 956 1648 991 ἀγαθὸν
1664 956 1722 991 φῶς
1739 956 1820 991 λέγε-

186 1012 249 1031 tuen
267 1004 382 1036 dicitur;
407 1003 470 1037 quia
497 1002 581 1029 etiam
608 1009 716 1029 onmem
744 1007 862 1028 utentem
878 1007 975 1034 supra-

186 1051 364 1081 mundanam.
378 1049 490 1088 seiliceg
503 1048 635 1074 virtutum
653 1047 837 1082 superiorum,
855 1047 975 1074 circum-

186 1097 353 1124 mundanam
381 1096 454 1123 illam
479 1095 642 1129 angelicam,
666 1094 693 1120 id
725 1099 767 1120 est
791 1101 886 1120 eorum
913 1092 972 1127 qui,

181 1143 259 1178 juxta
284 1141 445 1176 Apostolum
458 1145 482 1174 ο,
498 1141 525 1168 in
551 1140 736 1167 ministerium
762 1139 849 1171 missi,
885 1143 913 1166 et
940 1138 974 1165 ad

184 1188 395 1215 :edilicatiouem
416 1191 444 1213 et
457 1185 619 1220 obsequium
634 1185 753 1213 ordinati
773 1190 837 1212 sunt
849 1185 888 1219 (id
899 1185 973 1212 enim

185 1237 267 1261 etiam
282 1234 307 1260 in
325 1233 394 1259 libro
413 1232 449 1258 De
465 1231 562 1258 cmlesli
577 1231 730 1258 Itierarcltia
743 1231 836 1265 tradit)
849 1235 879 1258 et
892 1238 973 1257 mun-

185 1280 299 1311 dialcm,
312 1279 419 1306 scilicet
441 1279 588 1305 humanam
606 1285 637 1304 ex
654 1284 703 1304 sua
720 1276 891 1310 plenitudine
911 1276 973 1303 illu-

188 1326 286 1356 minat,
309 1324 388 1359 juxta
411 1323 532 1350 divinum
564 1321 717 1356 apostolum
735 1326 761 1348 et
777 1321 972 1356 evangelistam

184 1371 317 1397 Joannem
330 1376 353 1401 P,
367 1370 503 1396 dit-cutem
520 1378 526 1395 :
546 1367 579 1394 Ει
592 1377 624 1394 ea:
635 1368 798 1401 plenitudine
810 1368 867 1401 ejus
883 1375 972 1394 omnes

185 1417 344 1451 accepimus.
381 1415 426 1442 Vel
454 1414 704 1449 suptamundanam
735 1413 773 1439 ait
802 1413 971 1447 spiritalem;

184 1463 469 1494 eireummundmtam,
491 1460 655 1492 animalem;
674 1465 700 1487 ct
715 1459 894 1492 mundialem,
909 1467 970 1486 car-

183 1509 285 1537 nalem.
297 1507 346 1536 Vel
356 1508 439 1535 etiam
454 1507 543 1539 aliter,
557 1505 821 1539 suprantundialem,
835 1512 895 1532 eum
911 1511 972 1538 qua:

183 1556 349 1590 theologiam
364 1555 457 1586 docet;
477 1550 763 1583 circummundialem,
778 1558 839 1585 qua:
854 1555 968 1578 natura-

183 1603 237 1628 lem
253 1600 528 1634 contemplationem;
546 1597 710 1624 mundialem
734 1604 794 1631 quae
820 1597 969 1632 practicam

183 1648 313 1674 virtutem
332 1646 424 1673 tradit.
456 1645 528 1672 Deus
549 1645 646 1671 iterum
664 1642 710 1669 lux
726 1647 779 1674 est,
794 1642 858 1676 quia
874 1648 970 1668 omnes

183 1694 321 1721 intellectu
338 1692 467 1727 praeditas
481 1691 607 1723 virtutes,
623 1697 683 1716 cum
709 1688 834 1716 ecelestes
850 1692 906 1714 tum
922 1695 970 1714 no-

184 1744 257 1767 stras
284 1740 417 1772 renovati
429 1737 569 1771 Quomodo
596 1741 686 1762 autem
717 1739 830 1762 renovat
858 1733 970 1760 lumen?

184 1786 316 1818 Quoniam
335 1784 463 1811 videlicet
489 1791 520 1810 ex
549 1781 725 1816 proportione
753 1787 843 1807 rerum
871 1786 969 1813 corpo-

184 1839 293 1859 rearum
307 1831 497 1865 intelliguntur
509 1838 539 1855 ea
553 1836 613 1863 qua:
632 1827 665 1853 ad
684 1826 804 1853 animum
830 1831 857 1852 et
884 1825 968 1852 intel-

184 1878 281 1904 lectum
307 1880 443 1911 spectant.
471 1873 705 1908 Quemadmodum
733 1872 815 1906 igitur
838 1871 969 1906 juventus

183 1927 237 1955 est,
259 1923 285 1950 in
307 1931 360 1957 qua
379 1929 479 1956 corpus
499 1920 602 1955 optime
622 1918 780 1946 functiones
799 1925 864 1945 suas
890 1918 970 1944 obire

183 1969 266 2001 valet,
283 1969 386 1996 senium
411 1975 486 2000 vero,
502 1967 528 1993 in
542 1973 597 2000 quo
616 1974 668 1992 non
683 1965 766 1997 valet,
785 1964 824 1991 sic
840 1964 922 1991 etiam
942 1968 970 1990 et

183 2016 280 2041 auitna:
301 2019 328 2041 et
346 2013 446 2040 mentis
467 2011 572 2038 senium
595 2011 703 2045 quidem
727 2014 779 2042 est,
800 2010 828 2036 in
845 2015 968 2043 quonon

183 2064 271 2095 potest
285 2059 398 2092 exsequi
415 2064 513 2084 munus
526 2063 617 2087 suum,
631 2054 760 2088 juventus
781 2061 856 2084 vero,
873 2053 899 2080 in
913 2060 966 2084 qua

182 2110 280 2140 potest.
296 2106 362 2132 Dum
388 2105 479 2139 itaque
499 2109 576 2130 tuens
599 2102 625 2127 in
645 2101 748 2128 erroris
768 2106 794 2126 et
808 2099 968 2134 ignorantia:

184 2152 304 2179 tenebris
332 2157 467 2180 versatur,
494 2148 696 2184 quodammodo
726 2147 907 2177 consenescit.
941 2150 968 2172 et

183 2200 256 2225 vires
271 2198 330 2231 ejus
349 2198 564 2230 obtorpescunt;
583 2202 677 2220 verum
694 2193 737 2220 ubi
756 2193 801 2219 lux
814 2192 968 2226 intelligibi-

183 2246 215 2272 iis
230 2244 351 2279 all‘ulget.
367 2246 523 2274 renovatur,
548 2245 576 2267 et
598 2248 659 2275 qua:
687 2240 727 2266 sui
757 2246 880 2266 muneris
904 2241 968 2264 sunt

182 2291 296 2325 exsequi
315 2291 396 2317 valet.
412 2290 497 2316 l‘orro
514 2289 607 2315 radius
634 2286 680 2314 ille
698 2285 767 2313 lueis
787 2284 967 2318 iutelligibilis

1025 1009 1080 1033 ται,
1097 1002 1144 1028 καὶ
1162 1003 1204 1028 ὅτι
1225 1003 1315 1029 πάντα
1336 1003 1400 1030 νοῦν
1421 1003 1615 1039 ὑπερκόσμιον,
1633 1002 1754 1038 δηλονότι
1768 1003 1818 1029 τὸν

1024 1047 1078 1075 τῶν
1090 1049 1217 1084 ἀνωτέρω
1230 1049 1370 1084 δυνάμεων
1379 1069 1386 1081 ,
1404 1050 1581 1086 περικόσμιον
1595 1050 1642 1077 τὸν
1656 1049 1816 1084 ἀγγελικὺν,

1024 1094 1146 1120 τουτέστι
1159 1094 1215 1121 τῶν
1227 1095 1275 1121 ἐπὶ
1285 1095 1439 1132 λειτουργίᾳ
1455 1095 1703 1132 ἀποστελλομένων,
1714 1096 1762 1122 καὶ
1773 1097 1816 1127 εἰς

1024 1139 1164 1176 διοίκησιν,
1179 1141 1225 1168 καὶ
1243 1141 1377 1168 διακονίαν
1395 1142 1566 1178 τεταγμένων
1581 1142 1652 1169 κατὰ
1667 1143 1712 1169 τὸν
1734 1143 1817 1169 Ἀπό-

1025 1185 1116 1211 στολον
1136 1185 1217 1220 (οὕτω
1246 1186 1301 1222 γὰρ
1319 1187 1367 1213 καὶ
1391 1188 1421 1213 ἐν
1439 1187 1478 1223 τῷ
1500 1187 1573 1222 Περὶ
1595 1187 1651 1222 τῆς
1669 1188 1814 1221 οὐρανίου

1024 1232 1174 1266 ιεραρχίας
1190 1233 1286 1268 φησί’)
1310 1234 1356 1260 xui
1377 1234 1533 1268 ἐγκόσμιον,
1555 1234 1601 1260 τὸν
1629 1233 1814 1269 ἀνθρώπινον,

1023 1277 1055 1302 ἐκ
1070 1276 1117 1303 τοῦ
1139 1277 1240 1304 οἰκείου
1260 1278 1441 1314 πληρώματος
1464 1279 1646 1314 καταλάμπει,
1669 1279 1741 1306 κατὰ
1764 1280 1814 1306 τὸν

1024 1323 1094 1350 Οεῖον
1108 1324 1257 1351 ἀπόστολον
1269 1325 1315 1351 xui
1327 1325 1522 1361 εὐαγγελιστὴν
1541 1325 1666 1360 Ἰωάννην
1680 1325 1811 1360 λέγοντω

1023 1369 1077 1396 Καὶ
1089 1369 1122 1396 ἐκ
1134 1370 1187 1396 τοῦ
1198 1370 1394 1405 πληρώματος
1412 1371 1504 1398 αὑτοῦ
1522 1370 1632 1404 πάντες
1652 1370 1811 1405 ἐλάϐομν.

1024 1416 1059 1442 Ἦ
1074 1415 1261 1451 ὑπερκόσμιόν
1275 1424 1342 1452 φησι
1355 1416 1401 1442 τὸν
1417 1416 1616 1452 πνευματικόν”
1632 1416 1812 1451 περικὸσμιον

1021 1463 1067 1489 τὸν
1080 1462 1194 1498 ψυχικόν
1204 1472 1210 1477 ·
1226 1463 1381 1498 ἐγκὸσμιον,
1390 1463 1434 1489 τὸν
1448 1463 1577 1499 σαρκικόν
1588 1483 1595 1490 .
1611 1463 1645 1489 Ἦ
1657 1464 1703 1489 xui
1711 1462 1811 1494 ἄλλως,

1022 1509 1204 1544 ὑπερκόσμιον
1226 1509 1271 1535 τὸν
1286 1508 1335 1544 τὴν
1353 1508 1492 1542 Θεολογίαν
1518 1508 1715 1543 κατορθοῦντα·
1732 1517 1812 1543 περι-

1021 1554 1134 1589 κοσμιον
1152 1554 1198 1580 τὸν
1211 1554 1261 1590 τὴν
1274 1554 1389 1590 φυσικὴν
1401 1554 1516 1590 θεωρίαν
1525 1547 1691 1590 δέγκόσμιον
1703 1553 1748 1580 τὸν
1759 1553 1811 1589 τὴν

1023 1599 1176 1636 πρακτικὴν
1190 1600 1300 1636 ἀρετήν.
1312 1600 1371 1632 Φῶς
1385 1599 1466 1626 πάλιν
1478 1600 1493 1626 ὁ
1511 1600 1586 1632 Θεὸς,
1599 1600 1665 1627 διότι
1676 1599 1726 1631 τὰς
1745 1599 1811 1632 ὅλας

1023 1647 1117 1682 νοερὰς
1129 1647 1268 1682 δυνάμεις,
1282 1647 1332 1678 τάς
1349 1655 1379 1673 τε
1392 1648 1421 1673 ἐν
1432 1646 1536 1682 οὐρανῷ
1549 1647 1597 1673 καὶ
1609 1646 1658 1678 τὰς
1672 1647 1810 1682 ἡμετέρας

1022 1692 1172 1725 ἀνανεάζει.
1188 1693 1251 1725 Πῶς
1269 1693 1298 1720 δὲ
1321 1693 1462 1725 ἀνανεάζει
1476 1693 1506 1719 τὺ
1523 1693 1597 1727 φῶς;
1614 1692 1630 1727 ἢ
1645 1692 1764 1727 δηλονότι
1779 1692 1810 1725 ἐξ

1022 1739 1166 1773 ἀναλογίας
1188 1739 1243 1766 τῶν
1267 1739 1439 1774 σωματικῶν,
1462 1739 1509 1765 xui
1530 1739 1566 1765 τὰ
1587 1738 1690 1773 ψυχικά
1715 1747 1747 1764 τε
1761 1740 1810 1765 xui

1022 1783 1101 1818 νοερὰ
1120 1783 1347 1818 ἐκλαμϐάνονται.
1370 1783 1412 1815 Ὧς
1427 1783 1492 1817 γοῦν
1508 1783 1602 1818 νεότης
1613 1784 1682 1816 ἐστὶ,
1701 1783 1762 1809 καθ’
1774 1783 1809 1819 ῆν

1020 1829 1050 1854 τὸ
1064 1828 1143 1864 σῶμα
1159 1828 1193 1855 τὰ
1207 1830 1294 1856 οίκεῖα
1308 1829 1417 1856 δύναται
1439 1830 1570 1864 ἐνεργεῖν,
1584 1829 1671 1863 γῆρας
1687 1828 1726 1860 δὲ,
1745 1828 1807 1854 καθ’

1020 1876 1033 1902 ὃ
1049 1876 1078 1901 οὺ
1093 1875 1204 1902 δύναται
1213 1885 1219 1890 ·
1232 1875 1304 1902 οὕτω
1322 1875 1354 1911 δὴ
1367 1877 1413 1901 xui
1428 1875 1518 1911 ψυχῆς
1529 1875 1575 1901 καὶ
1588 1874 1633 1901 νοῦ
1643 1874 1731 1909 γῆρας
1745 1874 1806 1909 μὲν,

1020 1921 1082 1947 καο⁴
1092 1921 1106 1947 ὃ
1119 1921 1149 1947 οὑ
1164 1921 1274 1948 δύναται
1288 1921 1409 1956 ἐνεργεῖν
1423 1919 1458 1946 τὰ
1470 1921 1566 1951 οἰκεῖα,
1589 1919 1683 1954 νεότης
1703 1919 1731 1945 δὲ
1744 1919 1806 1945 καθ’

1019 1968 1052 2002 ἥν
1065 1967 1184 1994 δύναται.
1205 1968 1249 1994 Ἑν
1262 1966 1327 2002 γοῦν
1340 1966 1378 2001 τῷ
1391 1967 1439 2002 τῆς
1455 1965 1557 2001 πλάνης
1573 1966 1617 1992 καὶ
1632 1965 1682 1999 τῆς
1694 1965 1806 1999 ἀγνοίας

1020 2013 1110 2039 σκότει
1129 2014 1143 2039 ό
1161 2012 1222 2044 νοῦς
1241 2012 1288 2044 ὢν,
1303 2013 1376 2047 γηρᾷ
1394 2009 1448 2037 οἷον
1462 2011 1507 2038 xui
1527 2011 1661 2046 ἀπρακτεῖ
1674 2009 1743 2036 κατὰ
1755 2010 1805 2041 τὰς

1019 2059 1121 2090 οίκείας
1135 2059 1277 2093 δυνάμεις·
1293 2057 1340 2084 τοῦ
1361 2056 1455 2093 νοητοῦ
1480 2056 1509 2083 δὲ
1531 2056 1620 2091 φωτὸς
1639 2055 1806 2090 ἐπιλάμψαν-

1018 2114 1073 2136 τος,
1096 2103 1265 2134 ἀνανεοῦνται,
1291 2104 1338 2130 καὶ
1359 2102 1394 2129 τὰ
1419 2103 1508 2129 οἰκεῖα
1527 2101 1656 2138 πράττειν
1677 2101 1801 2128 δύναται.

1019 2148 1091 2182 Αὕτη
1109 2147 1157 2174 τοῦ
1179 2147 1274 2183 νοητοῦ
1299 2147 1386 2182 φωτὸς
1402 2147 1418 2182 ἡ
1432 2146 1510 2178 ἀκτὶς
1520 2146 1624 2178 πάντας
1639 2145 1761 2181 περιέχει
1774 2146 1805 2172 ὲν

1017 2193 1056 2228 τῷ
1078 2193 1215 2228 ὑπερεῖναι
1235 2193 1341 2218 πάντων
1358 2192 1404 2218 xui
1421 2191 1458 2227 μὴ
1479 2190 1542 2225 παρ’
1555 2190 1660 2222 οὐδενὸς
1679 2189 1805 2225 περιέχε-

1018 2237 1089 2270 σθαι,
1106 2238 1152 2264 xui
1168 2237 1261 2268 ἁπλῶς
1284 2237 1374 2263 πᾶσαν
1402 2236 1452 2271 τῆς
1474 2235 1641 2270 φωτιστικῆς
1660 2235 1804 2269 δυνάμεως

1017 2283 1164 2318 κυριότητα
1184 2283 1231 2309 καὶ
1251 2282 1375 2314 ἐξουσίαν
1395 2280 1573 2311 συλλαϐοῦσα,
1589 2281 1635 2306 καὶ
1660 2280 1803 2315 ὑπερέχει,

182 2342 287 2364 tuentes
302 2343 397 2362 omnes
413 2336 547 2365 continet,
560 2341 622 2360 eum
644 2339 726 2367 supra
738 2338 834 2358 omnes
845 2335 897 2361 est,
910 2335 937 2356 et
951 2337 967 2356 a

1022 2329 1058 2354 ὅτι
1072 2328 1142 2362 ὑπὲρ
1154 2328 1242 2354 πάντα
1255 2327 1290 2354 τὰ
1305 2327 1383 2362 φῶτά
1401 2328 1458 2354 ἐστι
1480 2327 1526 2353 xui
1547 2325 1684 2362 προσέχει,
1700 2326 1743 2352 ὃτι
1756 2326 1804 2361 δη-

182 2382 256 2410 nullo
277 2382 440 2413 continetur,
455 2386 538 2414 atque
559 2386 668 2406 omnem
692 2376 854 2411 simpliciter
870 2375 967 2402 illumi-

182 2429 265 2455 nandi
290 2427 429 2454 facultatis
457 2426 625 2453 dominatqu
651 2431 684 2450 ac
714 2427 877 2458 potestatem
892 2428 967 2447 COIII-

182 2474 334 2508 prehendit,
356 2477 384 2499 et
408 2471 584 2507 superllabet,
611 2470 740 2504 quoniam
767 2475 848 2502 supra
873 2467 966 2494 omnia

182 2521 284 2547 lumina
304 2519 398 2546 existit
410 2527 417 2551 ;
429 2524 455 2545 et
470 2517 620 2552 praehabet,
633 2516 764 2550 quoniam
778 2515 874 2541 harum
887 2521 965 2540 erea-

182 2571 225 2592 tor
239 2571 290 2597 est,
310 2571 337 2592 et
358 2566 448 2592 omnia
470 2568 628 2598 congregat,
654 2568 682 2589 et
702 2563 728 2588 in
743 2569 825 2588 unum
841 2560 961 2594 copulat.

181 2613 320 2645 Quomodo
335 2617 424 2638 autem
442 2611 484 2637 lux
502 2610 594 2636 omnia
609 2613 755 2643 congreget
779 2612 806 2634 et
832 2606 858 2633 in
879 2614 961 2632 uuutn

181 2659 298 2692 eopulet,
316 2658 412 2692 probat
428 2665 441 2683 a
454 2656 605 2683 contrario.
621 2655 698 2681 Sicut
716 2653 787 2681 enim
808 2651 962 2687 ignorantia

180 2710 304 2732 errantes
319 2703 416 2730 dividit
434 2703 490 2738 (qui
501 2702 573 2728 enim
588 2702 704 2734 ignorat,
722 2699 749 2725 in
766 2699 850 2726 multa
865 2698 963 2725 distra-

181 2751 280 2785 hitur),
293 2751 332 2778 sic
348 2749 458 2776 luminis
470 2747 690 2782 cognitionisque
705 2745 849 2780 praisentia
861 2743 965 2778 colligit

219 2841 306 2869 'Luc.
323 2848 369 2875 nt,
385 2839 428 2866 47.
469 2842 481 2855 υ
498 2838 596 2873 l'lpites.
614 2843 650 2868 tv,
668 2834 708 2861 i2.
748 2839 764 2859 ι’
778 2832 856 2861 Joau.
873 2840 892 2864 ι,
911 2831 953 2860 l6.

1022 2375 1150 2409 μιουργὺς
1169 2374 1270 2401 τούτων
1290 2374 1359 2405 ἐστὶ,
1373 2374 1420 2401 xui
1438 2374 1527 2400 πάντα
1539 2373 1648 2407 συνάγει
1660 2372 1706 2398 xui
1718 2371 1803 2407 ἀολλῆ

1020 2422 1099 2447 ποιεῖ.
1113 2421 1174 2452 Πῶς
1187 2421 1214 2447 δέ
1226 2420 1307 2455 ἀολλῆ
1318 2420 1364 2446 καὶ
1379 2419 1593 2454 συνηθροισμένα
1607 2418 1678 2444 ποιεῖ
1690 2417 1721 2444 τὸ
1731 2417 1802 2452 φῶς,

1019 2467 1172 2503 συνίστησιν
1195 2468 1227 2493 ἐκ
1245 2466 1293 2493 τοῦ
1311 2466 1431 2492 ἐναντίου
1442 2473 1449 2480 “
1461 2465 1499 2497 ὡς
1518 2464 1572 2500 γὰρ
1586 2466 1603 2500 ἡ
1623 2464 1720 2498 ἄγνοια
1731 2464 1802 2489 διαι-

1019 2514 1112 2549 ρετικὴ
1126 2514 1183 2540 ἐστι
1205 2513 1259 2539 τῶν
1284 2511 1537 2546 πεπλανημένων;(ὀ
1558 2510 1617 2545 γὰρ’
1630 2509 1734 2544 ἀγνοῶν
1761 2510 1803 2542 είς

1018 2558 1102 2585 πολλὰ
1117 2558 1276 2594 μερίζεται),
1296 2557 1381 2588 οὕτως
1395 2558 1411 2591 ἡ
1430 2555 1564 2591 παρουσία
1581 2555 1627 2581 τοῦ
1647 2554 1734 2589 φωτὸς
1754 2555 1804 2581 xui

1014 2605 1063 2639 τῆς
1085 2604 1209 2638 γνώσεως
1229 2603 1382 2637 συναγωγός
1396 2603 1454 2628 ἐστι
1468 2602 1521 2627 τῶν
1540 2601 1728 2636 φωτιζομένων
1738 2609 1744 2615 ’
1760 2600 1803 2626 ἐτι

1014 2651 1043 2677 δέ
1057 2651 1103 2677 xui
1127 2648 1335 2684 ἐπιστρεπτικὴ,
1357 2647 1558 2682 ἐπιστρέφουσα
1576 2646 1630 2672 ἀπὸ
1652 2645 1700 2679 τῆς
1718 2645 1803 2672 πολυο

1015 2697 1090 2728 θεῖας
1108 2696 1174 2731 πρὸς
1187 2695 1218 2722 τὸ
1231 2695 1313 2726 ὅντως
1327 2694 1357 2720 ὃν
1370 2693 1474 2729 (ὥσπερ
1491 2692 1566 2728 ἡλίου
1584 2691 1801 2726 ἐπιλάμψαντος,

1016 2742 1121 2779 πρῶτος
1138 2743 1151 2768 ὁ
1164 2741 1269 2776 βλέπων
1281 2741 1320 2771 εἰς
1339 2739 1419 2766 αὑτὸν
1431 2738 1631 2774 ἐπιστρέφεται,
1645 2737 1689 2764 xui
1703 2736 1802 2764 τούτου
