1938 3065
106 143 157 172 761

390 144 435 172 DE
451 145 581 174 DIVINIS
597 144 795 176 NOMINIBUS,
813 145 890 174 CAP.
911 145 954 173 IV.
971 162 1004 166 —
1018 145 1193 174 PARAPIIR.
1213 145 1451 176 PACIIYMERAC.

1686 151 1739 178 762

103 201 359 238 ἀντιλαμϐάνεται
373 203 421 229 καὶ
433 203 473 234 εις
487 202 551 238 μίαν
565 201 686 238 καθαρὰν
700 202 801 236 γνῶσιν
817 203 883 229 συνά

947 211 979 230 ea
1001 211 1062 237 quae
1089 203 1293 236 illuminantur;
1310 204 1421 240 insuper
1437 213 1504 233 vero
1519 207 1603 234 etiam
1618 215 1738 236 conver-

103 257 202 283 7ouoa,
223 249 274 284 τὴν
293 249 458 283 θεογνωσίαν
476 248 587 284 δηλαδὴ,
606 249 656 281 τὰς
677 249 800 281 ποικίλας
821 249 897 284 ὄψεις

101 296 155 328 τὰς
175 297 215 328 εἰς
234 295 318 322 πολλὰ
340 295 544 331 μεμερισμένας
564 295 694 332 δηλονότι.
714 294 791 327 Εἶτα,
805 295 894 331 ὲπεὶὴ

102 341 166 376 ὄψις
178 341 369 377 αὺθυπάρκτου
384 341 545 376 πράγματος
560 340 802 375 ἀντιλαμϐάνεται,
815 339 850 366 τὰ
867 339 896 365 δὲ

102 388 201 420 εἴδωλα
222 389 272 415 οὐκ
296 389 365 415 εἰσὶν
387 388 490 420 εἰκόνες
515 388 613 420 τινῶν,
643 387 711 414 ἀλλὰ
734 387 895 414 πλάττονται

102 434 159 470 (διὰ
168 434 247 461 τοῦτο
257 434 312 469 γὰρ
328 435 375 461 καὶ
394 434 492 462 εἴδωλα
508 433 734 470 ὠνομάσθησαν),
748 433 829 469 φησὶν
842 433 894 463 ὅτι,

101 480 269 517 κυριώτερον
280 481 308 507 δὲ
320 482 418 513 εἰπεῖν,
428 481 576 516 φαντασίας
584 480 666 507 οἱονεὶ
677 478 895 515 πλασματώδεις,

101 527 205 559 ἐννοίας
220 527 284 563 περὶ
301 526 336 553 τὰ
358 527 489 564 αἰσθητά·
505 526 584 554 εἴωθε
604 527 658 561 γὰρ
670 528 687 562 ἡ
700 525 834 560 φαντασία
848 526 894 552 καὶ

100 573 137 600 τὰ
150 573 187 609 μὴ
204 573 268 600 ὄντα
284 574 332 601 καὶ
350 570 387 600 ὧν
410 575 450 606 εἰς
469 573 570 608 γνῶσιν
590 573 607 608 ἢ
628 573 693 599 θέαν
711 573 763 599 οὐκ
774 572 892 607 ἤλθομεν

100 619 293 647 ἀναπλάττειν.

99 666 189 700 magis
202 666 311 701 proprie
326 666 485 702 phantasias
515 675 562 694 seu
593 667 802 702 imoginationes
817 665 909 692 vocari
929 672 1011 700 posse
1049 665 1126 698 dicit,

949 249 1024 276 tendi
1039 249 1092 276 vim
1121 250 1214 281 habet,
1228 248 1292 276 dum
1309 257 1324 276 a
1349 251 1432 277 multa
1450 252 1557 280 visione
1575 254 1609 280 ad
1626 253 1652 281 id
1666 256 1738 289 quod

949 302 1014 322 vere
1026 298 1068 321 est
1081 295 1219 322 convertit
1242 294 1482 330 (quemadmodum
1508 298 1616 327 lucente
1635 301 1693 328 sole
1715 300 1738 329 is

948 340 994 374 qui
1020 339 1104 371 videt,
1128 340 1162 366 ad
1190 340 1278 374 ipsum
1309 340 1428 374 primum
1449 344 1630 376 convertitur,
1655 345 1737 382 392

947 385 1091 420 ipsumque
1106 386 1229 420 excipit),
1244 390 1272 413 et
1286 386 1320 413 ad
1337 394 1417 413 unam
1433 395 1528 421 puram
1542 391 1736 426 cognitionem,

948 432 1077 459 videlicet
1092 432 1125 458 ad
1147 432 1194 459 Dei
1211 432 1349 464 notitiam,
1377 433 1492 461 adducit
1514 435 1589 463 varia
1611 437 1654 463 illa
1669 437 1735 470 visa,

949 486 1010 512 qua:
1031 479 1160 505 nimirum
1181 479 1216 505 ad
1238 478 1322 505 multa
1347 485 1410 507 sunt
1437 481 1579 509 distracta.
1602 483 1736 511 Caeterum

948 531 1009 552 cum
1027 524 1102 552 visus
1128 531 1184 552 rem
1210 531 1260 559 per
1277 532 1306 552 se
1332 526 1528 554 subsistentem
1544 529 1672 562 postulet,
1687 529 1737 565 ﬁg-

946 574 1036 598 menta
1052 575 1144 598 autem
1166 578 1221 598 non
1244 570 1300 598 sint
1312 570 1447 607 imagines
1462 581 1554 600 rerum
1570 573 1735 610 aliquarum,

943 617 991 644 sed
1014 617 1151 652 ﬁngantur
1172 616 1246 652 (nam
1266 617 1369 645 idcirco
1388 618 1516 653 figmenta
1536 620 1736 656 nominantur),

1165 670 1262 699 utpote
1287 665 1427 694 fabulosus
1452 667 1634 703 cogitationes
1662 668 1735 696 circa

98 711 226 744 sensilia;
242 712 311 740 solet
329 713 400 740 enim
425 713 584 748 ini-aginatio
599 713 680 740 etiam
702 720 734 740 ea
756 720 816 747 qnae
831 720 884 738 non
901 716 977 745 sunt,
989 715 1018 739 et
1036 710 1066 738 in
1087 718 1202 746 quorum
1223 711 1408 746 cognitionem
1438 713 1480 740 vel
1509 719 1649 749 aspectum
1682 722 1735 742 non

99 758 236 790 venimus,
250 757 388 794 efﬁngere.

135 805 148 841 §
163 804 218 832 VII.
232 804 318 832 Τοῦτο
336 806 367 833 τὸ
384 806 485 840 ἀγαθὸν
497 807 622 842 ὑμνεῖται
636 807 683 834 καὶ
695 807 733 839 ὡς
748 805 830 833 καλὸν
843 804 891 832 καὶ

980 799 994 836 §
1010 799 1065 829 VII.
1080 799 1138 828 Hoc
1152 801 1216 828 item
1238 801 1338 828 bonum
1365 801 1492 831 laudatur
1511 804 1595 832 etiam
1622 811 1652 832 ut
1671 807 1734 841 pul-

96 849 136 881 ὡς
156 849 263 881 κάλλος,
278 850 326 877 καὶ
346 851 384 883 ὡς
402 852 508 888 ἀγάπη,
530 852 633 885 x1151);
649 852 801 888 ἀγαπητόν.
813 849 885 877 Εἶτα.

945 847 1053 878 chrum.
1066 851 1094 874 et
1118 851 1148 874 ut
1170 847 1356 882 pulchritudo,
1377 855 1405 876 ct
1423 854 1450 876 ut
1467 850 1587 884 dilectio,
1600 857 1627 879 et
1642 857 1671 880 ut
1685 854 1730 881 di-

96 896 160 923 ἐπεὶ
174 895 255 922 καλὸν
274 897 323 931 μὲν
338 896 396 923 ἔστι
409 898 440 924 τὸ
452 897 499 924 τοῦ
515 898 629 930 κάλλους
654 898 778 933 μετέχον,
792 897 890 928 κάλλος

95 941 126 967 δὲ
144 941 209 968 αὐτὸ
229 942 259 968 τὸ
278 942 469 978 μετεχόμενον,
490 943 537 970 καὶ¹
561 943 703 979 ἀγαπητὸν
724 943 774 978 μὲν
788 943 820 969 τὺ
841 943 890 978 τῆς

95 986 208 1022 ἀγάπης
222 988 344 1022 μετέχον,
359 988 453 1024 ἀγάπη
467 989 494 1015 δὲ
509 989 574 1015 αὐτὸ
594 989 624 1016 τὺ
639 988 830 1024 μετεχόμενον,
843 988 890 1014 καὶ

95 1033 139 1068 ιφ*
153 1035 219 1069 ἡμῖν
239 1034 309 1060 κατὰ
325 1034 456 1071 διαίρεσιν
475 1035 562 1062 ταῦτα
575 1035 725 1070 φαίνονται,
739 1035 779 1062 ὅτι
792 1034 825 1062 τὰ
841 1034 890 1070 μέν

94 1081 166 1106 εἰσιν
179 1079 260 1113 ἔξεις,
272 1080 307 1107 τὰ
326 1080 354 1107 δὲ
366 1080 443 1112 ἑκτὰ,
456 1082 548 1117 φησὶν,
562 1083 603 1108 ὅτι
616 1082 665 1117 οὐχ
678 1081 763 1113 οὓτως
775 1081 830 1116 ἔχει
842 1080 890 1107 καὶ

95 1126 143 1153 ὲπὶ
163 1127 214 1162 τῆς
233 1129 263 1153 ὲν
283 1127 323 1154 ἐνὶ
342 1127 377 1154 τὰ
394 1128 443 1154 ὅλα
464 1129 654 1163 συνειληφυίας
667 1128 765 1159 αἰτίας.
792 1128 836 1154 Ἐν
850 1128 890 1154 ἑνὶ

95 1172 152 1208 γὰρ
164 1173 210 1200 καὶ
221 1173 260 1208 τῷ
273 1173 348 1209 αὐτῷ
364 1175 411 1200 καὶ
425 1174 474 1206 τὰς
495 1174 567 1207 ἕξεις
580 1175 628 1201 καὶ
640 1174 674 1201 τὰ
687 1174 754 1201 ἑκτὰ
770 1173 890 1209 συλλαμ-

94 1215 214 1244 ϐάνουσα
225 1217 286 1244 οὔτε
298 1219 335 1251 ὡς
349 1220 437 1252 ἑκτὸν,
452 1219 514 1246 οὔτε
526 1220 564 1252 ὡς
574 1219 640 1253 ἕξις,
650 1219 707 1246 ἀλλ’
718 1219 789 1254 ὑπὲρ
803 1218 889 1245 ταῦτα.

93 1260 173 1294 οὖσα,
186 1263 260 1290 αἰτία
282 1266 338 1297 τοῖς
352 1265 442 1298 ἄλλοις
462 1266 518 1292 τῶν
536 1266 665 1293 τοιούτων
684 1265 794 1300 ἀγαθῶν
813 1265 888 1299 γίνε-

93 1317 150 1336 ται.
168 1310 248 1337 Ὅθεν
269 1311 315 1338 καὶ
337 1311 434 1344 κάλλος
457 1313 506 1347 μὲν
521 1310 630 1346 λέγεται
644 1312 689 1339 διὰ
700 1312 749 1348 τὴν
763 1311 793 1344 ὲξ
805 1310 887 1338 αὑτοῦ

92 1353 280 1392 διαδιδομένην
299 1357 365 1383 πᾶσι
388 1357 529 1393 καλλονὴν,
553 1359 600 1384 καὶ
620 1358 665 1384 διὰ
678 1359 708 1385 τὺ
721 1356 790 1385 εἶναι
802 1358 888 1390 αἴτιος

93 1401 186 1437 πάσης
207 1402 389 1438 εὐαρμοστίας
411 1405 458 1430 καὶ
478 1404 609 1438 ἀγλαΐας·
625 1404 733 1439 (κάλλος
754 1405 808 1441 γάρ
829 1406 887 1431 ἐστι

93 1448 252 1484 συμμετρία
273 1449 361 1484 μελῶν
382 1450 430 1476 καὶ
450 1450 542 1485 μερῶν
564 1449 632 1485 μετὰ
649 1450 699 1484 τῆς
718 1449 887 1485 ἐπανθούσης

92 1494 220 1529 εὐχροίας
261 1495 277 1528 ἣ
292 1495 337 1521 καὶ
349 1495 393 1522 διὰ
405 1495 436 1522 τὸ
450 1497 538 1523 πάντα
551 1496 618 1532 πρὸς
632 1495 712 1522 ἑαυτὸ
725 1495 828 1527 καλεῖν,
842 1495 888 1522 καὶ

90 1539 130 1572 ὡς
140 1541 183 1567 ἀεὶ
194 1540 224 1567 ὃν
238 1542 284 1568 καὶ
299 1542 366 1576 μηδέ
381 1551 445 1569 ποτε
461 1542 620 1578 μειούμενον
632 1543 649 1578 ἢ
659 1541 740 1576 αὔξον
749 1552 756 1558 ·
768 1542 818 1574 τὰς
832 1543 886 1578 γὰρ
899 1563 922 1593 C

91 1587 247 1622 ὑπερϐολὰς
261 1589 308 1614 καὶ
316 1588 447 1623 ἐλλείψεις
461 1589 561 1621 κακίας
575 1589 688 1624 οἴδαμεν
701 1589 803 1623 λέγειν,
818 1589 885 1616 Οὐδὲ

90 1633 164 1661 κατά
177 1643 204 1660 τι
218 1635 264 1660 καὶ
277 1634 329 1661 ἀνὰ
349 1635 430 1670 μέρος
450 1635 542 1668 καλὸν,
556 1635 617 1661 οὐδὲ
631 1636 701 1662 κατά
714 1644 775 1662 τινα
792 1637 886 1672 χρόνον

90 1679 186 1711 καλὸν,
211 1681 280 1707 κατά
302 1689 362 1707 τινα
388 1681 415 1707 δὲ
440 1680 488 1707 οὕ·
503 1681 564 1708 οὐδὲ
591 1682 660 1718 πρός
679 1691 706 1708 τι
720 1682 810 1713 καλὸν,
824 1681 885 1708 οὐδέ

91 1734 155 1757 που,
168 1725 229 1751 οὐδὲ
241 1733 311 1751 τισιν
321 1734 327 1740 ·
343 1725 371 1761 (ἃ.
384 1726 416 1762 δὴ
436 1726 524 1753 πάντα
544 1727 575 1753 τὸ
587 1727 685 1759 κάλλος
699 1727 885 1763 περιπέφευγε

90 1771 212 1803 πάντως,
230 1771 277 1798 τοῦ
304 1771 364 1798 καθ’
377 1773 450 1807 ἡμᾶς
463 1772 545 1799 καλοῦ
561 1773 742 1808 ὑποκειμένου
755 1773 784 1805 ἐξ
800 1773 885 1807 ἀνάγ-

90 1827 144 1853 κης
163 1819 219 1849 τοῖς
243 1816 374 1848 τοιούτοις
395 1817 646 1853 προσδιορισμοῖς·)
668 1817 725 1844 ἀλλ’
737 1819 810 1850 ὡςτδ
824 1819 884 1845 καθ’

89 1864 172 1890 ἑαυτὸ
187 1862 320 1898 μονοειδὲς
333 1863 376 1889 ἀεὶ
389 1862 417 1890 ὃν
438 1863 529 1895 καλὸν,
554 1864 616 1890 ἐπεὶ
630 1863 692 1889 οὕτε
707 1865 884 1891 σκεδάννυται

89 1911 131 1941 εις
144 1909 216 1941 ἕξεις
228 1918 259 1935 τε
277 1910 324 1936 καὶ
343 1909 474 1945 διαφορὰς
487 1909 674 1942 καλλοποιούς.
688 1911 724 1937 Τὸ
738 1911 798 1937 καθ’
811 1912 883 1947 ἡμᾶς

89 1955 146 1991 γὰρ
167 1955 264 1987 κάλλος
283 1955 470 1987 σκεδάννυται,
483 1955 547 1982 ἄλλο
566 1955 621 1992 γὰρ
633 1956 730 1988 κάλλος
743 1956 883 1992 ὀφθαλμοῦ

88 2002 181 2036 τυχὸν,
203 2002 250 2028 καὶ¹
275 2002 339 2029 ἄλλο
363 2001 461 2034 κάλλος
485 2001 568 2037 ῥινὸς,
583 2003 630 2029 καὶ
649 2002 714 2029 ἄλλο
737 2002 882 2039 προσώπου

89 2048 201 2079 παντὸς,
216 2048 263 2074 καὶ
275 2047 339 2074 ἄλλο
353 2048 460 2084 χειρῶν.
476 2047 544 2074 Οὔτε
557 2048 625 2084 πρὸς
644 2049 732 2081 ἐνίους
749 2049 780 2075 τὸ
800 2048 882 2076 καλόν

87 2094 158 2125 ἐστι,
173 2094 240 2128 πρὸς
258 2094 346 2126 ἐνίους
365 2094 395 2120 δὲ
416 2095 459 2126 03,
472 2093 540 2120 ἀλλὰ
553 2094 690 2130 πανταχοῦ
703 2096 808 2130 πέφυκε
820 2096 882 2130 φαί-

87 2137 182 2165 νεσθαι
193 2139 240 2166 καὶ
249 2141 278 2165 ὲν
289 2140 382 2171 πᾶσιν,
396 2140 465 2175 ὅπερ
479 2140 528 2166 οὐκ
542 2140 598 2176 ἔχει
609 2140 640 2166 τὸ
654 2141 714 2168 καθ’
730 2142 803 2176 ἡμᾶς
817 2141 882 2168 κάλ-

87 2185 149 2216 λος·
172 2186 196 2211 ει
213 2185 268 2221 γὰρ
285 2186 342 2218 τοῖς
362 2186 429 2212 πᾶσι
450 2186 572 2221 πέφυκεν
586 2184 666 2220 εῖναι,
681 2187 721 2214 ὅτι
734 2187 780 2214 καὶ
792 2188 880 2214 πάντα

87 2231 159 2258 καλὰ
174 2232 244 2264 λιαν,
267 2232 324 2259 ἀλλ’
344 2233 374 2259 οὐ
399 2233 551 2268 μονοειδῶς.
569 2232 649 2260 Ἀλλο
668 2233 722 2269 γὰρ
735 2234 835 2266 κάλλος
848 2235 879 2269 ή-
894 2246 916 2273 Ι)

86 2277 156 2309 λίου,
171 2278 219 2304 καὶ
240 2278 304 2305 ἄλλο
328 2278 426 2310 κάλλος
438 2279 499 2314 γῆς,
513 2279 560 2306 καὶ
572 2279 637 2306 ἄλλο
650 2279 755 2312 ὕδατος,
769 2279 880 2307 ποικίλα

85 2323 148 2349 τινὰ
162 2323 258 2359 κάλλη,
274 2325 321 2350 καὶ
340 2325 390 2352 οὐκ
407 2325 448 2357 εἰς
463 2324 493 2351 ἓν
512 2325 682 2361 συναγόμενα
692 2334 698 2341 ·
711 2326 742 2352 τὸ
754 2326 783 2353 δὲ
794 2326 879 2358 ὅντως

85 2369 195 2401 κάλλος,
213 2370 346 2405 μονοειδὲς
357 2370 397 2403 ὃν,
411 2371 579 2398 ποικίλλεται
602 2371 671 2407 πρὸς
689 2371 724 2398 τὰ
736 2372 879 2407 ὑποκείμε-

83 2423 130 2446 να,
145 2416 192 2441 καὶ
205 2415 249 2441 διὰ
261 2415 341 2441 τοῦτο
354 2416 480 2452 προέχειν
494 2418 523 2444 ὲν
535 2417 624 2452 ἑαυτῷ
637 2417 801 2452 λέγεταικαὶ
815 2418 879 2445 καλ-

83 2462 176 2497 λονὴν,
185 2462 223 2492 ὡς
234 2462 281 2488 καὶ
293 2462 361 2497 πρὸς
368 2462 422 2489 τῶν
429 2463 580 2500 δημιουργη
585 2464 677 2499 μάτων
687 2464 727 2497 ὃν,
737 2465 785 2491 καὶ
792 2465 878 2500 ὑπερ-

83 2508 186 2544 οχικῶς
199 2507 271 2543 ἔχειν
292 2507 323 2534 τὸ
342 2508 433 2540 καλὸν,
455 2510 492 2541 ὡς
512 2511 586 2546 πηγὴ
599 2512 646 2538 καὶ
659 2511 730 2548 ἀρχὴ
748 2511 802 2539 τῶν
830 2521 879 2538 κα-

83 2555 139 2582 λῶν
164 2554 302 2581 ἀπάντων.
321 2555 381 2582 Κᾶν
393 2555 448 2591 γὰρ
462 2556 545 2583 πολλὰ
565 2557 647 2589 καλὰ,
667 2558 725 2584 ἀλλ’
745 2558 775 2590 ἐξ
795 2558 877 2585 αὑτοῦ

83 2602 137 2628 εἰσι
151 2600 237 2627 καλά·
253 2601 321 2636 αὐτῇ
343 2600 398 2637 γὰρ
410 2603 443 2636 τῇ
458 2602 591 2637 ὑπερφυεί
610 2603 724 2639 καλλονῇ
740 2604 786 2630 καὶ
801 2603 878 2630 ἀναι-

83 2648 134 2682 τίῳ
148 2648 223 2674 πᾶσα
247 2647 363 2682 καλλονὴ
375 2647 422 2673 καὶ
436 2648 490 2674 πᾶν
510 2647 592 2674 καλὸν
613 2649 745 2681 αἱτιατῶς
758 2649 878 2685 προῦφέ-

83 2702 194 2729 στηκεν.
220 2694 348 2725 Ἐνοειδὲς
360 2693 388 2720 δὲ
402 2694 484 2720 καλὸν
495 2695 509 2721 ὁ
522 2694 599 2726 Θεὸς,
613 2695 674 2722 ἐπεὶ
693 2696 723 2722 οὺ
745 2695 816 2722 κατὰ
830 2703 878 2730 με-

81 2740 164 2776 τοχὴν
183 2740 231 2767 τοῦ
251 2740 376 2773 κάλλους,
390 2740 472 2772 καλός
493 2741 578 2772 ἐστιν,
602 2741 640 2772 ὠς
663 2741 826 2777 διαιρεῖσθαι
836 2742 876 2774 εἰς

83 2786 263 2821 ὑποκείμενόν
277 2795 304 2813 τι
317 2787 364 2814 καὶ
378 2786 518 2823 ποιότητα,
532 2786 589 2813 ἀλλ’
601 2786 683 2819 αὑτός
694 2789 752 2814 ἐστι
764 2787 811 2814 καὶ
828 2796 877 2814 κα-

82 2832 129 2859 λὸν
149 2833 196 2859 καὶ
215 2833 321 2866 κάλλος,
345 2834 390 2860 καὶ
411 2834 481 2870 ὑπὲρ
499 2833 599 2860 ταῦτα·
618 2834 652 2861 τὰ
666 2834 694 2861 δὲ
714 2835 767 2862 ἀπὸ
779 2834 876 2861 τούτου

83 2878 154 2905 κατὰ
173 2880 287 2916 μετοχὴν
303 2880 372 2908 καλὰ
391 2881 419 2907 ὲν
433 2882 556 2916 ποιότητι
572 2881 603 2908 τὸ
617 2881 696 2910 καλὸν
718 2882 874 2918 κέκτηνται.

942 892 1054 921 lectum.
1067 892 1202 920 Cancrum
1216 901 1278 920 cum
1293 896 1436 929 pulchrum
1449 897 1557 930 quidem
1572 898 1608 925 sit
1621 898 1646 926 id
1660 899 1734 934 quod

941 940 1081 973 particeps
1097 943 1141 966 est
1158 939 1384 974 pulchritudinis,
1400 942 1575 976 pulchritudo
1599 949 1691 972 autem
1706 946 1734 973 id

941 984 1031 1019 ipsum
1048 985 1121 1020 quod
1134 986 1330 1021 participatur;
1343 992 1370 1014 et
1386 988 1514 1015 dilectum
1528 989 1639 1024 quidem
1655 991 1691 1018 sit
1706 991 1734 1022 id

942 1031 1014 1065 qttod
1029 1031 1168 1066 particeps
1191 1037 1234 1060 est
1252 1034 1418 1067 dilectionis,
1434 1034 1546 1062 dilectio
1561 1043 1627 1063 vero
1643 1037 1670 1064 id
1691 1037 1734 1072 ip-

940 1084 1000 1104 sum
1018 1078 1091 1111 quod
1110 1079 1337 1111 communicatur,
1356 1085 1383 1107 et
1402 1081 1429 1107 in
1447 1081 1526 1108 nobis
1547 1082 1604 1109 haec
1630 1089 1732 1110 secun-

940 1123 1005 1150 dutn
1029 1124 1235 1152 distinctionem
1262 1132 1406 1160 apparent,
1433 1126 1564 1160 quoniam
1588 1127 1645 1154 lucc
1669 1132 1733 1155 sunt

941 1171 1061 1205 habittts,
1088 1171 1133 1198 illa
1158 1179 1224 1200 vero
1247 1172 1400 1205 habiluata,
1424 1173 1501 1207 dicit,
1527 1174 1657 1208 quoniam
1677 1183 1732 1203 non

939 1217 1035 1244 eodem
1056 1217 1137 1245 modo
1159 1225 1188 1245 se
1211 1218 1324 1250 habent,
1351 1219 1433 1246 etiam
1456 1219 1483 1246 in
1507 1227 1603 1254 causa,
1625 1229 1685 1255 qua:
1703 1222 1732 1250 in

940 1271 994 1290 uno
1010 1264 1204 1298 complectitur
1227 1265 1366 1292 universa.
1387 1264 1454 1291 Nam
1477 1265 1505 1293 in
1526 1273 1580 1293 uno
1596 1267 1731 1295 eleodem

939 1314 966 1336 et
984 1310 1095 1337 habitus
1109 1315 1136 1337 et
1149 1318 1209 1346 qua:
1231 1311 1371 1338 habituata
1386 1317 1449 1339 sunt
1462 1313 1664 1347 complectitur.
1679 1321 1729 1342 ne-

939 1362 992 1390 que
1011 1359 1040 1382 ut
1062 1356 1231 1383 habituatum
1253 1357 1328 1390 quid,
1351 1365 1403 1384 nec
1437 1362 1466 1384 ut
1488 1358 1608 1391 habitus,
1630 1359 1679 1386 sed
1701 1364 1732 1387 ut

938 1407 1020 1434 supra
1037 1400 1094 1428 litec
1108 1401 1242 1434 existens,
1259 1401 1320 1429 aliis
1333 1402 1415 1429 etiam
1434 1410 1518 1430 causa
1532 1408 1574 1430 est
1593 1404 1732 1432 istiusmo-

939 1447 964 1474 di
988 1447 1133 1473 bonorum.
1151 1446 1229 1474 Unde
1245 1447 1328 1475 eliant
1352 1449 1527 1483 pulchritudo
1547 1451 1657 1483 dicitur,
1671 1458 1731 1485 pro-

938 1497 1000 1527 pter
1015 1500 1076 1520 eam
1091 1493 1326 1528 pulchritudinem
1339 1503 1422 1530 quam
1438 1496 1565 1523 onmibus
1582 1496 1728 1531 clargitur,
1748 1493 1766 1540 l]

937 1542 965 1564 et
978 1538 1051 1572 quod
1066 1543 1163 1565 auctor
1183 1539 1218 1566 sit
1239 1539 1328 1566 omnis
1341 1540 1539 1567 concinnitatis
1555 1549 1586 1568 ac
1601 1541 1730 1576 splendo-
1812 1564 1842 1587 ἦ
1867 1580 1871 1581 ν

938 1583 977 1610 ris
1000 1582 1186 1618 (pulchritudo
1211 1584 1283 1611 enim
1312 1589 1353 1612 est
1377 1585 1520 1618 proportio
1542 1585 1761 1618 membrorqu
1812 1609 1813 1614 η
1856 1588 1871 1595 “

938 1583 977 1610 ris
1000 1582 1186 1618 (pulchritudo
1211 1584 1283 1611 enim
1312 1589 1353 1612 est
1377 1585 1520 1620 proportio
1542 1580 1762 1619 membrorum]!
1812 1580 1838 1614 7"
1856 1580 1878 1599 ί

1738 1621 1748 1641 Α

936 1637 968 1656 ac
982 1629 1100 1664 partium
1114 1637 1176 1656 cum
1191 1629 1282 1657 colore
1297 1629 1471 1666 ﬂorido),vel
1484 1631 1566 1658 etiam
1581 1632 1652 1666 quod
1668 1629 1759 1666 oni-ﬁl
1803 1662 1806 1664 ,
1832 1629 1838 1633 ’
1855 1639 1858 1650 δ

938 1654 944 1656 ε
958 1654 966 1656 ἡ
982 1654 994 1664 π
1194 1654 1282 1657 πη.-
1297 1654 1419 1666 --ν---ην
1436 1654 1471 1658 -ν-
1485 1654 1566 1658 -------
1582 1654 1652 1666 Ί-να
1669 1654 1713 1660 ν..-

937 1677 980 1702 nia
1002 1675 1037 1704 ad
1058 1683 1087 1703 se
1108 1682 1198 1709 vocet,
1217 1681 1246 1703 ct
1263 1677 1335 1711 quod
1357 1684 1466 1712 semper
1487 1677 1522 1705 sit
1540 1682 1566 1704 et;
1580 1686 1722 1712 nunquam
1739 1654 1755 1720 ξῖ
1782 1688 1791 1691 π

936 1723 1075 1751 minuatur
1096 1724 1138 1751 vel
1161 1728 1314 1757 augeatur;
1335 1730 1397 1750 nam
1418 1730 1549 1750 excessus
1562 1728 1588 1751 et
1606 1724 1746 1752 defectus‘

936 1770 1057 1798 malitias
1093 1770 1147 1798 dici
1178 1776 1232 1796 non
1259 1769 1427 1804 ignoramus.
1454 1769 1546 1804 Neque
1575 1771 1726 1797 secundum

934 1814 998 1848 qttid
1013 1819 1040 1841 et
1055 1821 1086 1841 ex
1102 1819 1180 1848 parte
1211 1814 1367 1847 pulchrum,
1390 1822 1478 1848 neque
1499 1815 1644 1849 aliquando
1664 1816 1726 1850 pul~

934 1860 1042 1893 chrum,
1055 1860 1204 1895 aliquando
1217 1868 1283 1891 non,
1300 1867 1389 1895 neque
1402 1862 1435 1887 ad
1450 1861 1554 1895 aliquid
1568 1862 1726 1897 pulchrum,

934 1911 980 1933 aut
991 1906 1067 1939 alibi,
1082 1911 1130 1933 aut
1144 1907 1307 1941 quibusdam
1322 1908 1394 1941 (qua:
1408 1908 1500 1942 utique
1515 1909 1608 1935 omnia
1625 1910 1658 1936 ab
1671 1909 1727 1936 ista

933 1952 1142 1986 pulchritudine
1160 1953 1274 1979 omnino
1298 1952 1385 1980 aliena
1400 1958 1473 1985 sunt,
1489 1954 1534 1981 tibi
1559 1959 1649 1981 nostra
1664 1955 1727 1990 pul-

933 1998 1061 2025 chritudo
1084 2005 1118 2024 ex
1143 1998 1309 2025 necessitate
1334 1997 1490 2026 istiusmodi
1520 2001 1726 2028 dclinilionibus

933 2043 1055 2078 subjecta
1074 2044 1121 2077 sit)
1139 2044 1187 2071 sed
1208 2049 1236 2070 ut
1257 2044 1344 2078 ipsum
1362 2045 1513 2072 secundum
1537 2054 1567 2073 se
1589 2047 1726 2075 uniforme

933 2097 1042 2125 semper
1057 2090 1180 2117 existens
1198 2089 1354 2125 pulchrum,
1370 2092 1498 2126 quoniam
1515 2100 1604 2126 neque
1624 2094 1725 2121 dividi-

934 2141 979 2163 tur
1000 2137 1025 2163 in
1047 2136 1159 2163 habitus
1179 2144 1212 2163 ac
1231 2137 1407 2171 pulchrificas
1430 2138 1609 2166 differentias.
1624 2139 1724 2167 Nostra

932 2183 1005 2210 cnim
1021 2183 1198 2217 pulchritudo
1211 2184 1406 2219 distinguitur;
1418 2193 1479 2211 nam
1494 2186 1557 2218 alia,
1571 2187 1646 2214 verbi
1660 2195 1724 2222 gra-

934 2229 983 2261 tia,
996 2234 1039 2256 est
1053 2229 1228 2264 pulchritudo
1241 2230 1326 2262 oculi,
1341 2235 1368 2256 et
1388 2230 1440 2256 alia
1465 2231 1639 2265 pulchritudo
1654 2233 1724 2264 nasi,

931 2280 959 2302 ct
979 2275 1031 2302 alia
1051 2276 1134 2302 totius
1154 2275 1246 2308 faciei,
1264 2281 1293 2303 et
1308 2276 1359 2303 alia
1387 2284 1529 2304 manuum.
1553 2277 1609 2305 Nec
1623 2283 1653 2305 ut
1665 2279 1727 2306 aliis

931 2321 1096 2356 formosum,
1110 2321 1172 2349 aliis
1185 2329 1248 2350 vero
1270 2330 1336 2357 non,
1352 2323 1399 2351 sed
1416 2323 1517 2358 ubique
1533 2330 1648 2359 apparet
1661 2325 1724 2360 pul-

931 2368 1037 2402 chrum,
1058 2375 1086 2396 et
1104 2369 1131 2396 in
1156 2369 1296 2402 omnibus,
1321 2370 1394 2405 quod
1425 2379 1479 2398 non
1510 2373 1595 2399 habet
1626 2378 1724 2400 nostra

931 2415 1124 2450 pulchritudo;
1137 2416 1188 2444 etsi
1201 2418 1273 2444 enim
1292 2417 1319 2444 in
1336 2417 1464 2445 omnibus
1479 2425 1541 2446 esse
1553 2423 1636 2452 amet,
1653 2428 1723 2455 quo-

930 2461 1004 2487 niam
1029 2462 1113 2488 ctiam
1139 2463 1229 2490 omnia
1252 2463 1334 2499 393
1357 2464 1470 2499 pulchra
1495 2465 1586 2498 valde,
1603 2467 1651 2494 sed
1667 2474 1720 2494 non

931 2507 1116 2535 unitormiter.
1138 2508 1198 2536 Alia
1223 2515 1266 2536 est
1294 2510 1367 2537 enim
1393 2511 1572 2545 pulchritudo
1594 2513 1674 2546 solis,
1695 2517 1725 2540 et.

930 2551 983 2578 alia
1005 2553 1179 2586 pulchritudo
1199 2559 1291 2588 terrae,
1314 2561 1341 2582 et
1372 2556 1424 2583 alia
1447 2563 1537 2591 aqua),
1563 2565 1623 2591 qua:
1639 2559 1723 2586 varia:

929 2603 994 2625 sunt
1013 2600 1244 2634 pulchritudines,
1267 2609 1317 2629 nec
1342 2603 1375 2629 ad
1401 2610 1485 2629 unum
1506 2605 1672 2631 conducunt.
1692 2605 1720 2632 Id

929 2646 1000 2678 quod
1020 2651 1111 2672 autem
1127 2653 1191 2674 vcre
1205 2647 1381 2682 pulchritudo
1396 2650 1540 2677 uniformis
1557 2651 1676 2682 exsistit,
1693 2652 1722 2678 in

930 2692 1063 2726 subjectis
1083 2694 1253 2729 variegatur,
1271 2695 1374 2723 idcirco
1395 2697 1421 2724 in
1440 2705 1471 2725 se
1487 2697 1720 2733 pulchritudinem

928 2740 1088 2774 prmhabcrc
1117 2742 1230 2777 dicitur,
1254 2744 1354 2780 quippe
1383 2745 1456 2780 quod
1483 2751 1547 2773 ante
1575 2750 1723 2774 creaturas

928 2788 1042 2821 cxistat,
1056 2794 1084 2816 et
1100 2791 1233 2825 quidquid
1250 2791 1394 2826 pulchrum
1414 2798 1456 2820 est
1478 2793 1578 2820 haheat
1592 2793 1718 2820 eminen-

928 2839 982 2868 ter,
1010 2841 1140 2872 tanquam
1158 2838 1221 2866 fons
1238 2845 1267 2866 et
1281 2841 1444 2875 principium
1462 2841 1637 2875 pulchrorum
1661 2849 1720 2867 om-

905 2903 907 2905 .
928 2881 1015 2911 nium.
1030 2882 1087 2912 Etsi
1103 2883 1175 2912 enim
1197 2885 1279 2914 multa
1296 2885 1409 2921 pulchra
1423 2886 1486 2920 sint,
1507 2891 1595 2912 tamen
1612 2893 1644 2912 ex
1660 2885 1720 2920 ipso
