1938 3065
218 159 270 186 763

809 149 838 177 S.
858 147 1007 176 DlONYSll
1024 145 1258 174 AREOPAGITE

1799 137 1848 165 763

218 215 329 247 pulchra
354 217 432 245 sunt;
459 211 486 238 in
507 211 565 246 ipsa
579 209 652 237 enim
678 208 880 243 supernaturati
894 212 923 234 et
949 214 1009 240 quae

1060 206 1110 231 Δια
1137 204 1216 230 τοῦτο
1236 204 1268 230 τὸ
1292 202 1375 229 καλὸν
1400 201 1429 228 αἱ
1457 200 1512 227 τῶν
1541 198 1682 234 στοιχείων
1703 197 1849 231 γεγόνασιν

217 267 301 288 causa
320 263 397 286 caret
415 256 631 292 pulchritudine,
646 254 737 281 omnis
760 253 936 288 pulchritudo
950 259 1008 278 om-

219 312 309 340 neque
336 303 481 340 pulchrum
508 303 658 330 secundum
694 307 805 327 causam
836 298 1006 334 praeexstitit.

216 350 364 378 Pulchrum
378 354 469 376 autem
488 347 627 375 uniforme
641 346 713 373 Deus
725 351 788 378 est;
808 345 939 380 quoniam
954 352 1007 370 non

216 404 267 431 per
279 395 517 431 participationem
533 391 744 428 pulchritudinis
755 391 870 424 pulcher
887 389 1006 421 exsistit,

217 447 248 470 ut
268 442 296 469 in
317 441 471 476 subjectum
496 439 609 474 aliquod
626 443 654 464 et
671 437 833 472 qualitatem
858 435 1007 465 dividatur,

216 489 265 516 sed
280 489 396 523 ipsemet
408 493 435 514 et
449 486 593 522 pulchrum
613 489 655 511 est
677 489 705 510 et
717 483 904 518 pulchritudo,
921 482 1010 516 iisque

218 534 362 568 superior;
384 541 446 568 qua
467 537 559 559 autem
582 531 616 557 ab
631 530 682 557 hoc
702 537 750 564 per
770 528 1008 563 participationem

218 579 330 615 pulchra
345 579 493 609 exsistunt,
511 576 683 615 in‘qualitate
697 574 788 609 aliqua
811 580 887 600 suam
907 572 1009 599 habent

221 625 465 660 pulchritudinem.
480 623 566 658 Hujus
580 622 686 658 pulchri
700 628 795 652 causa,
808 621 1007 648 elementorum

219 673 417 705 conuexiones,
438 679 507 706 quas
528 671 714 706 coaptationes
734 673 844 700 vocant,
862 667 942 700 ﬁunt,
963 675 1008 695 re-

219 724 335 752 rumque
349 717 420 744 bene
435 717 567 744 ordinatz
581 715 769 749 colligationes
779 714 938 749 perdurant,
947 720 1009 748 qua

218 762 347 789 dicuntur
360 763 490 790 amicitiae
502 768 531 790 et
545 761 768 792 communiones;
782 761 888 787 ratione
899 760 1007 794 quidem

219 809 395 844 pra:ditorum
409 810 443 836 ad
458 808 544 835 Deum
560 807 757 842 aspirationes,
777 805 1007 841 quemadmodum

219 854 342 881 Leclesia
361 854 605 889 primogenitorum
626 853 653 880 in
677 853 760 885 cmlo,
783 857 866 887 atque
883 853 965 879 etiam
981 852 1007 878 in

219 905 309 932 terra;
326 901 354 927 in
370 900 458 928 brutis
471 906 562 928 autem
585 899 710 935 gregales
736 899 892 931 societates,
909 899 935 925 in
949 898 1009 925 ina-

218 946 299 973 nimis
313 953 379 973 vero
395 951 496 972 mutua:
507 946 631 980 quadam
645 945 745 980 quibus
758 944 926 979 colligantur
935 951 1009 978 sym-

218 989 333 1026 pathize;
347 991 404 1018 haec
418 991 502 1024 igitur
518 998 580 1018 cum
593 990 708 1025 pulchro
721 990 866 1023 uniuntur,
880 997 929 1024 per
943 996 1009 1023 par-

218 1036 406 1071 ticipationem
430 1037 464 1064 ad
492 1043 632 1065 auctorem
662 1044 807 1064 conversa.
832 1036 923 1065 Hocce
947 1035 1009 1071 pul-

217 1082 314 1110 chrum
327 1088 370 1110 est
384 1084 505 1111 omnium
517 1084 681 1118 principium
700 1088 728 1110 ut
742 1089 825 1114 causa
834 1081 964 1115 elﬁciens,
982 1085 1010 1108 et

218 1132 247 1155 ut
266 1136 348 1157 causa
374 1129 463 1156 ﬁnalis
479 1129 512 1156 ad
528 1137 610 1163 quam
632 1130 720 1156 tendit
738 1136 819 1156 oinne
841 1128 963 1155 studium
981 1132 1009 1154 et

218 1177 367 1211 appetitus.
388 1176 466 1204 Finis
481 1177 619 1208 omnium,
645 1175 716 1202 Deus
733 1175 806 1202 enim
827 1174 890 1201 ﬁnis
902 1174 1010 1209 {dicitur

218 1227 348 1256 tanquam
369 1222 461 1249 omnia
481 1222 637 1254 continens,
660 1225 688 1248 et
708 1221 792 1248 veluti
807 1224 906 1248 cuncta
922 1219 949 1246 in
964 1226 1009 1245 se-

217 1269 338 1295 curitate
361 1267 559 1302 complectens,
590 1272 619 1294 et
638 1267 664 1294 in
693 1272 825 1302 quantum
847 1265 905 1300 ejus
927 1272 1008 1292 causa

219 1316 353 1351 producta
366 1319 430 1342 sunt
445 1315 585 1347 universa.
596 1319 625 1341 et
642 1314 744 1341 nullius
755 1314 870 1341 alterius
883 1313 1009 1348 indigue-

218 1365 284 1389 runt
304 1366 334 1388 ut
356 1361 569 1396 perﬁcerentur.
590 1360 636 1388 Sic
655 1361 738 1389 etiam
761 1359 880 1388 medium
897 1358 1010 1389 dicitur,

218 1407 302 1435 veluti
316 1408 539 1442 perdurationem
555 1407 583 1434 in
596 1408 774 1435 consistendo
789 1407 963 1439 concedens;
981 1411 1010 1433 et

219 1451 292 1484 ﬁnis,
305 1457 444 1487 quatenus
457 1452 551 1480 omnia
572 1452 599 1479 in
622 1453 682 1487 ejus
702 1452 844 1480 voluntate
857 1454 1010 1481 terminau—

219 1503 276 1530 t'ur,
301 1499 334 1525 ad
356 1505 436 1533 quem
465 1498 550 1525 etiatn
579 1503 790 1527 convertuntur.
819 1498 897 1527 Hunc
926 1501 1010 1527 etiam

219 1550 299 1572 vocat
313 1553 424 1572 causam
439 1545 635 1580 exemplarem,
649 1553 703 1580 qua
712 1545 835 1573 omnium
854 1546 1009 1574 futurorum

218 1590 452 1625 praedetiniliones
479 1591 507 1618 in
539 1591 630 1626 seipso
649 1592 851 1627 prteconcepit,
873 1596 902 1620 et
924 1593 1007 1620 etiam

218 1641 282 1663 ante
297 1637 515 1671 productionem,
528 1642 558 1664 ut
572 1638 663 1672 inquit
685 1638 832 1673 Apostolus
845 1648 853 1666 :
871 1639 944 1672 Quos
958 1648 1008 1666 au-

218 1688 270 1709 ιειιι
290 1683 522 1716 μνωᾱεειίηαυὶιιι,
543 1687 572 1711 et
591 1691 653 1718 qua
675 1689 841 1719 sequuntur.
868 1685 916 1712 Sic
935 1686 1007 1714 enim

218 1728 261 1755 vir
273 1734 386 1756 sanctus
404 1727 495 1756 futura
514 1729 541 1756 in
567 1730 625 1765 ipso
642 1731 820 1765 prmscienter
839 1732 1008 1765 prmdeﬁnita

218 1773 287 1800 dixit
301 1781 350 1808 per
372 1775 483 1802 unicam
508 1775 582 1802 illam
603 1776 814 1811 pramotionem,
833 1784 888 1812 qua
909 1766 1008 1805 cuncta

218 1819 426 1854 complectitur.
447 1819 680 1854 Quemadmodum
697 1822 781 1856 igitur
797 1822 910 1855 bonum,
930 1824 970 1851 sic
981 1828 1009 1852 et

219 1866 363 1901 pulchrum
379 1867 473 1895 omnia
487 1873 635 1903 appetunt;
653 1873 682 1896 et
693 1868 762 1896 nihil
775 1874 818 1898 est
831 1869 915 1906 395
927 1870 954 1898 in
966 1877 1010 1898 re-

219 1912 271 1940 bus
288 1913 360 1948 quod
380 1921 434 1941 non
454 1913 564 1949 pulchri
579 1915 615 1942 sit
627 1914 767 1951 particeps
779 1916 807 1943 in
825 1918 883 1944 veri
897 1917 1006 1952 pulchri

218 1959 437 1996 participatione.
453 1960 573 1988 Audebit
590 1961 674 1989 etiam
695 1968 749 1988 non
765 1969 846 1990 nemo
863 1963 968 1996 dicere,
983 1963 1010 1991 id

218 2006 291 2040 quod
303 2014 356 2033 non
374 2011 416 2034 est
426 2006 509 2034 etiam
519 2007 664 2041 pulchrum
677 2008 853 2043 participare.
866 2009 1010 2043 Quomodo

218 2055 309 2078 autem
327 2051 393 2079 dicit
406 2052 574 2087 participare
587 2053 614 2080 id
624 2053 696 2087 quod
708 2061 760 2084 non
774 2054 835 2081 est?
845 2053 914 2087 Quia
925 2056 1009 2083 etiam

219 2095 247 2124 in
270 2096 326 2124 Deo
345 2098 371 2124 id
391 2098 463 2132 quod
493 2106 547 2125 non
566 2102 608 2126 est
626 2106 674 2133 per
692 2099 814 2126 omnium
842 2100 1009 2129 ablationem

220 2143 398 2176 praedicatur;
411 2148 441 2171 ut
451 2145 562 2178 quando
572 2145 636 2179 quis
648 2145 725 2177 dicit.
735 2145 812 2173 verbi
826 2147 926 2181 gratia,
939 2147 1010 2175 Deus

219 2196 274 2216 non
293 2194 336 2217 est
354 2190 407 2217 hoc
418 2189 459 2218 vel
471 2191 548 2224 illud,
559 2193 606 2218 sed
618 2199 700 2226 supra
718 2191 781 2219 ista.
793 2191 821 2219 ld
835 2192 926 2228 itaque
937 2193 1010 2228 quod

219 2242 274 2261 non
295 2240 348 2269 est,
368 2236 435 2278 sive
447 2237 569 2264 omnium
581 2237 694 2270 ablatio,
706 2239 844 2274 particeps
861 2226 904 2266 est
924 2226 1009 2267 divini
1025 2226 1049 2254 θ

219 2279 326 2314 pulchri
337 2288 370 2308 ac
381 2281 444 2309 boni
455 2282 481 2309 in
493 2287 623 2316 quantum
634 2283 759 2310 divinum
777 2291 879 2311 numen
896 2288 1011 2312 vocatur

221 2334 274 2354 non
292 2328 430 2362 esseut».
443 2328 535 2356 Possis
547 2329 638 2363 etiam
656 2330 802 2357 materiam
823 2337 876 2358 non
896 2337 946 2358 ens
965 2338 1012 2365 ap-

221 2373 334 2407 pellare.
347 2379 482 2408 quatenus
491 2383 589 2410 expers
598 2381 641 2404 est
651 2377 772 2412 pulchra:
792 2377 897 2404 forma.
920 2376 1012 2404 Possis

221 2419 305 2446 etiam
325 2420 426 2447 malum
446 2421 538 2449 dicere
559 2430 614 2449 non
634 2430 695 2450 esse
713 2423 825 2456 bonum,
839 2423 866 2450 in
877 2429 1010 2457 quantum

221 2466 303 2492 etiam
335 2465 415 2499 hujus
441 2467 547 2500 pulchri
575 2468 715 2502 particeps
735 2468 857 2502 ersistit;
877 2469 943 2504 quia
961 2477 1012 2504 per

222 2511 330 2545 aliquod
353 2519 487 2546 apparens
507 2513 650 2547 pulchrum
678 2514 721 2541 vel
749 2515 850 2542 bonum
880 2514 1008 2549 ﬁngitur;

222 2563 352 2590 expressa
374 2564 439 2584 vero
458 2558 609 2587 similitudo
628 2560 674 2587 dat
694 2559 773 2587 nobis
791 2560 968 2595 cogitandum
981 2561 1007 2588 id

223 2603 295 2636 quod
312 2604 389 2637 prius
409 2610 460 2631 est.
472 2605 539 2632 Cum
555 2608 764 2635 commiscuerit
779 2608 852 2637 bono
870 2608 1012 2643 pulchrum

223 2648 307 2682 (sicut
325 2649 398 2676 enim
420 2650 493 2682 illud,
506 2652 546 2679 sic
556 2657 584 2679 et
595 2653 644 2680 hoc
655 2658 755 2680 cuncta
773 2654 930 2689 appetunt),
945 2654 1011 2685 hoc.

224 2695 325 2729 inquit.
338 2695 431 2722 talium
452 2698 573 2725 omnium
591 2703 634 2726 est
652 2707 746 2732 causa,
768 2701 897 2728 nimirum
921 2701 1012 2734 unice.

225 2740 332 2767 tametsi
353 2740 380 2767 in
403 2741 518 2776 singulis
529 2744 661 2778 varietur,
673 2751 765 2774 tamen
779 2755 832 2775 una
844 2748 1014 2783 simplexque

1023 1554 1046 1583 (Ξ

294 2814 308 2834 q
319 2808 398 2837 Rom.
410 2817 471 2843 vm,
488 2810 532 2838 50.

264 2886 322 2922 (40)
337 2887 448 2918 Scilicet
464 2889 515 2917 hoc
529 2889 571 2918 vel
590 2889 666 2917 illud.

1060 251 1245 286 ἁλληλουχίαι,
1265 250 1299 281 ἃς
1323 247 1484 284 ἑταρμηγάς
1501 255 1578 282 φησι,
1593 246 1639 272 καὶ
1651 245 1677 271 αἱ
1693 243 1748 270 τῶν
1764 242 1850 269 ὄντων

1059 297 1187 324 εὔτακτοι
1214 296 1361 327 συνδέσεις,
1376 296 1403 321 αἱ
1423 294 1569 328 λεγόμεναι
1583 291 1669 326 φιλίαι
1685 291 1732 316 καὶ
1754 296 1850 315 κοινω-

1059 342 1127 368 νὶαι·
1142 341 1258 376 λογικῶν
1271 341 1330 376 μὲν,
1346 341 1373 366 αἱ
1389 339 1457 374 πρὸς
1471 338 1537 364 Θεὸν
1551 337 1704 367 ἀνατάσεις,
1716 335 1780 369 ὠςή
1795 333 1853 360 τῶν

1060 389 1238 423 πρωτοτόκων
1257 386 1404 421 Ἐκκλησία
1418 387 1446 411 ὲν
1462 384 1579 420 οὐρανῷ,
1604 383 1651 410 καὶ
1675 382 1755 408 πάλιν
1778 380 1849 414 αὕτη

1059 435 1076 469 ἠ
1090 434 1137 460 ἐπὶ
1149 434 1201 468 γῆς
1211 442 1217 448 ·
1234 434 1280 459 ἐπὶ
1293 433 1322 459 δὲ
1336 431 1389 458 τῶν
1404 431 1508 464 ἀλόγων
1522 431 1548 457 αἱ
1562 430 1685 464 ἀγελαῖαι
1700 427 1852 460 συνδιαγω-

1059 482 1121 516 γαί·
1137 482 1184 508 ἐπὶ
1198 481 1227 508 δὲ
1240 480 1294 506 τῶν
1315 479 1426 514 iptisz
1441 478 1468 504 αἱ
1489 478 1556 512 πρδς
1576 476 1677 511 ἄλληλα
1694 472 1852 501 συνδετικαὶ

1060 527 1242 563 συμπάθειαν
1263 526 1349 553 ταῦτα
1363 523 1409 551 ὧν
1429 525 1546 559 ῆνωνται
1561 523 1600 557 τῷ
1615 521 1700 556 καλῷ,
1719 520 1754 546 τὰ
1774 519 1854 554 μεθέ-

1060 573 1099 607 ξει
1115 573 1312 610 πρδςτὸαῖτιον
1327 570 1553 606 ἐπεστραμμένα.
1567 569 1653 595 τοῦτο
1665 568 1695 593 τὸ
1707 566 1791 593 καλὸν
1803 564 1854 592 καὶ

1058 618 1096 650 ὡς
1110 618 1250 653 ποιητικὸν
1267 617 1339 652 ἀρχὴ
1362 617 1481 646 πάπων,
1505 616 1551 641 καὶ
1569 615 1607 646 ὡς
1627 613 1734 639 τελικὸν
1752 611 1854 642 αἴτιον,

1058 664 1100 698 ἐφ’
1115 664 1130 690 δ
1144 664 1226 690 τείνει
1243 664 1317 689 πᾶσα
1332 661 1433 697 σπουδὴ
1443 662 1490 688 καὶ
1501 661 1603 694 ἐφεσκ.
1620 659 1711 694 Πέρας
1724 657 1854 684 πάντων

1059 710 1146 746 πέρας
1161 710 1216 745 γὰρ
1234 710 1249 736 ὸ
1268 709 1335 741 Θεὸς
1349 709 1454 743 λέγοιτο
1471 707 1515 739 ἂν,
1531 707 1569 738 ὡς
1588 705 1706 740 συνέχων
1731 703 1767 730 τὰ
1782 703 1856 729 πάν-

1058 765 1093 783 τα
1122 756 1171 783 καὶ
1202 756 1311 783 πάντων
1340 757 1380 787 εἰς
1412 753 1562 788 ἀσφάλειαν
1590 749 1857 787 περιδεδραγμένος,

1059 803 1107 829 καὶ
1122 802 1160 834 ὡς
1174 801 1257 828 αὑτοῦ
1270 810 1302 836 γε
1313 801 1397 828 ἕνεκα
1409 800 1517 826 πάντων
1527 799 1567 830 εἱς
1579 798 1610 824 τὺ
1618 796 1688 824 εἶναι
1696 795 1858 832 παραχθέν-

1058 857 1122 881 των,
1136 849 1184 875 καὶ
1193 848 1286 884 ἐτέρου
1298 848 1370 880 τινος
1384 849 1424 879 εἰς
1435 847 1466 873 τδ
1478 844 1653 879 τελειωθῆναι
1665 843 1694 869 οὗ
1703 841 1856 877 δεομένων.

1060 895 1138 922 οὕτω
1151 895 1199 921 καὶ
1218 894 1310 930 μέσον,
1323 893 1361 925 ὡς
1376 892 1425 928 τὴν
1451 893 1490 923 εἱς
1502 892 1533 918 τὸ
1559 889 1718 917 συνεστάναι
1732 887 1858 923 rapina.-

1062 949 1103 968 σιν
1115 940 1220 972 διδούς·
1235 940 1282 966 καὶ
1299 939 1424 974 τελευτὴ,
1447 938 1485 970 ὡς
1501 938 1531 964 ὲν
1552 936 1591 971 τῷ
1609 935 1741 970 θελήματι
1767 931 1863 959 αι)τοῦ

1060 985 1270 1020 περατουμένων
1291 983 1346 1010 τῶν
1363 983 1459 1015 ὄντων,
1477 983 1520 1017 ἐφ’
1532 982 1562 1008 ὃν
1581 981 1628 1007 καὶ
1652 980 1859 1014 ὲπέστραπται.

1060 1030 1160 1058 Τοῦτον
1170 1030 1245 1065 λέγει
1255 1031 1304 1057 καὶ
1319 1028 1569 1066 παραδειγματικδν
1579 1027 1675 1059 αἴτιον,
1690 1025 1729 1056 ὡς
1741 1025 1862 1051 πάντων

1060 1076 1114 1103 τῶν
1128 1076 1268 1112 ἐσομένων
1275 1077 1339 1108 τοὺς
1355 1074 1541 1112 προορισμοὺς
1553 1074 1600 1100 καὶ
1612 1074 1641 1099 ὲν
1653 1071 1742 1106 ἑαυτῷ
1760 1077 1860 1105 προει-

1060 1124 1175 1160 ληφότα,
1187 1123 1235 1150 καὶ
1246 1123 1311 1158 πρὶν
1323 1123 1340 1157 ἦ
1352 1122 1533 1157 παραγαγεῖν,
1549 1119 1587 1151 ὥς
1599 1119 1704 1154 φησινὸ
1723 1117 1861 1143 Ἀπόστρ-

1060 1171 1115 1202 λος’
1131 1170 1190 1203 οὓς
1203 1169 1237 1196 δὲ
1248 1167 1405 1203 προώρισε,
1420 1167 1467 1194 καὶ
1482 1166 1517 1192 τὰ
1530 1166 1603 1200 ἑξῆς.
1617 1164 1694 1191 Οὒτω
1706 1162 1762 1198 γὰρ
1777 1160 1859 1188 εἶπεν

1060 1219 1074 1244 ὁ
1088 1218 1174 1251 ἅγιος,
1194 1218 1223 1242 ἐν
1241 1215 1280 1251 τῷ
1304 1214 1472 1250 προωρίσθαι
1493 1214 1522 1240 ἐν
1541 1211 1615 1246 αὐτῷ
1640 1208 1859 1246 προγνωστικῶς

1060 1264 1094 1290 τὰ
1114 1264 1233 1299 ἐσόμενα
1255 1262 1299 1289 διὰ
1317 1261 1366 1296 τῆς
1391 1259 1570 1296 περιεχούσης
1589 1258 1623 1284 τὰ
1641 1257 1729 1283 πάντα
1749 1255 1860 1286 ἑνιαίας

1061 1308 1253 1346 προγνώσεως.
1271 1308 1315 1339 Ὧς
1329 1306 1394 1340 γοῦν
1407 1305 1455 1332 τοῦ
1469 1304 1583 1339 ἀγαθοῦ,
1599 1303 1669 1329 οὕτω
1682 1302 1731 1328 καί
1741 1300 1788 1327 τοῦ
1805 1309 1859 1327 κα-

1061 1357 1107 1383 λοῦ
1128 1357 1216 1383 πάντα
1234 1355 1350 1390 ἐφίεται,
1368 1354 1416 1380 καὶ
1428 1353 1479 1379 οὐκ
1492 1352 1550 1378 ἐστι
1562 1360 1588 1378 τι
1604 1351 1658 1377 τῶν
1676 1350 1771 1380 ὀντων,
1784 1349 1857 1383 ὅπερ

1061 1404 1091 1430 οὺ
1109 1402 1217 1438 μετέχει
1227 1401 1276 1428 τοῦ
1285 1400 1380 1431 καλοῦ,
1395 1401 1424 1426 ὲν
1438 1401 1471 1434 τῇ
1489 1397 1594 1434 μεθέξει
1608 1396 1655 1423 τοῦ
1670 1396 1745 1427 ὄντος
1756 1394 1855 1422 καλοῦ.

1061 1450 1199 1485 Τολμήσει
1221 1448 1250 1475 δέ
1267 1456 1310 1479 τις
1330 1447 1427 1478 εἰπεῖν,
1444 1445 1486 1472 ὃτι
1501 1445 1549 1471 καὶ
1561 1444 1591 1470 τὺ
1604 1443 1642 1479 μὴ
1656 1442 1687 1468 ὃν
1706 1441 1753 1468 τοῦ
1768 1441 1857 1467 καλοῦ

1064 1495 1182 1531 μετέχει.
1198 1493 1260 1525 Πῶς
1273 1493 1302 1520 δὲ
1312 1493 1344 1519 τὺ
1356 1492 1394 1528 μὴ
1405 1491 1435 1517 ὂν
1449 1491 1573 1526 μετέχειν
1587 1488 1685 1524 φησίν;
1709 1488 1750 1514 ὅτι
1765 1488 1794 1513 ὲν
1815 1486 1859 1521 τῷ

1062 1542 1122 1578 ego
1139 1542 1186 1569 καὶ
1206 1541 1237 1568 τὺ
1257 1540 1294 1576 μὴ
1312 1539 1342 1566 ὃν
1360 1539 1427 1566 αὐτὸ
1443 1537 1514 1565 κατὰ
1527 1537 1576 1572 τὴν
1590 1535 1698 1562 πάντων
1708 1533 1858 1569 ἀφαίρεσιν

1060 1590 1196 1625 ὑμνεῖται,
1209 1588 1255 1614 ὅτε
1268 1587 1343 1622 λέγει
1355 1583 1454 1618 τιςοοὺ
1470 1583 1565 1612 τοῦτὸ.
1579 1583 1630 1609 οὐκ
1642 1583 1732 1608 ἐκεῖνο
1745 1582 1807 1607 ἐστι
1824 1580 1858 1607 τὸ

1059 1640 1147 1672 Θεῖον,
1168 1638 1225 1666 ἀλλ’
1238 1638 1308 1674 ὑπὲρ
1317 1636 1413 1665 ταῦτα.
1427 1635 1513 1662 Τοῦτο
1526 1634 1591 1669 γοῦν
1604 1634 1635 1660 τὺ
1650 1633 1687 1668 μὴ
1699 1633 1740 1664 ὃν,
1752 1633 1770 1667 ὴ
1786 1631 1860 1658 πάν-

1059 1694 1113 1713 των
1127 1685 1285 1721 ἀφαίρεσις,
1303 1683 1411 1719 μετέχει
1428 1681 1476 1708 τοῦ
1490 1681 1563 1708 θείω
1577 1679 1660 1706 χαλοῦ
1674 1678 1722 1705 καὶ
1733 1677 1853 1712 ἀγαθοῦ,

1060 1731 1129 1758 καθὸ
1151 1731 1189 1766 μὴ
1204 1730 1234 1757 δν
1247 1730 1278 1756 τὸ
1295 1729 1373 1756 Θεῖον
1393 1728 1568 1763 ὀνομάζεται.
1590 1726 1683 1761 Ἔχεις
1695 1725 1783 1751 εἰπεῖν
1805 1722 1857 1750 καὶ

1059 1777 1109 1813 τὴν
1123 1776 1190 1813 ὓλην
1206 1775 1244 1812 μὴ
1254 1775 1295 1808 δν,
1305 1775 1344 1807 ὡς
1359 1774 1396 1810 μὴ
1409 1773 1578 1810 μετέχουσαν
1594 1771 1642 1798 τοῦ
1656 1770 1740 1798 καλοῦ
1752 1770 1855 1801 εἴδους.

1055 1824 1156 1859 ’Ἔχεις
1180 1822 1268 1849 εἰπεῖν
1286 1821 1334 1848 καὶ
1345 1820 1377 1846 τδ
1395 1819 1490 1851 κακὸν,
1504 1817 1541 1854 μὴ
1558 1817 1589 1844 δν
1599 1816 1710 1851 ἀγαθὸν,
1720 1815 1758 1847 ὡς
1774 1815 1858 1859 μετέ-

1060 1858 1103 1904 χει
1116 1868 1164 1895 καὶ
1176 1866 1262 1894 τοῦτο
1277 1865 1325 1892 τοῦ
1336 1864 1431 1896 καλοῦ,
1444 1864 1486 1890 ὅτι
1502 1863 1547 1889 διά
1559 1871 1587 1888 τι
1597 1860 1758 1896 φαινόμενον
1770 1858 1861 1885 καλὸν

1060 1913 1077 1949 ἢ
1093 1912 1196 1947 ἀγαθὸν
1213 1911 1378 1948 πράττεταιι
1392 1909 1450 1936 ἀλλ’
1467 1910 1484 1944 ή
1503 1906 1689 1943 ἐπιφερομένη
1703 1905 1858 1941 ἐπεξεργα-

1061 1960 1108 1987 σια
1122 1959 1153 1986 τὸ
1179 1958 1313 1995 πρότερον
1328 1957 1436 1984 δίδωσιν
1451 1955 1526 1992 ἡμᾶς
1551 1954 1662 1982 ἐννοεῖν.
1680 1952 1757 1979 Ἐπεὶ
1775 1951 1857 1978 συνέ-

1062 2004 1124 2041 μιξε
1134 2003 1174 2039 τῷ
1187 2002 1283 2039 ἀγαθῷ
1293 2002 1325 2029 τὺ
1341 2001 1437 2028 καλάνι
1458 2000 1507 2036 (ὡς
1520 1999 1576 2036 γὰρ
1593 1998 1709 2030 ἐκείνου,
1721 1997 1794 2024 οὕτω
1807 1998 1858 2024 καὶ

1060 2051 1154 2078 τούτου
1180 2050 1270 2076 πάντα
1292 2047 1424 2084 ἐφίεταιο)
1448 2045 1528 2073 τοῦτό
1557 2053 1642 2080 φησι,
1669 2044 1779 2070 πάντων
1798 2043 1861 2069 τῶν

1059 2095 1188 2123 τοιούτων
1202 2094 1277 2121 ἐστὶν
1288 2093 1384 2124 αἴτιον,
1398 2090 1494 2122 ἑνικῶς
1509 2089 1641 2126 δηλονότι,
1657 2089 1681 2114 ει
1692 2087 1739 2114 καὶ
1747 2086 1856 2113 ποικίλ-

1060 2142 1136 2168 λεται
1148 2140 1219 2168 κατὰ
1237 2139 1272 2166 τὰ
1294 2138 1355 2166 καθ’
1366 2138 1493 2170 ἕκαστον,
1511 2136 1568 2163 ἀλλ’
1580 2132 1627 2162 οὖν
1639 2133 1668 2160 ἓν
1686 2134 1734 2161 καὶ
1750 2132 1857 2160 ἁπλοῦν

1063 2189 1147 2224 μένει.
1166 2187 1236 2219 Ὧςὸ
1253 2185 1335 2217 me;
1353 2184 1429 2220 ἥλιος
1440 2176 1597 2219 ’θερμαίνων
1612 2181 1660 2208 καὶ
1674 2180 1788 2216 πέτραν,
1808 2179 1858 2206 καὶ

1063 2233 1182 2269 ἱμάτιον,
1194 2233 1243 2260 καὶ
1258 2232 1312 2267 γῆν
1333 2229 1532 2266 βεϐρεγμένην,
1547 2228 1596 2254 καὶ
1612 2227 1693 2263 ὓδωρ,
1708 2226 1778 2262 πλὴν
1794 2234 1857 2253 ποι-

1064 2280 1147 2312 κίλως
1159 2279 1227 2315 πρὸς
1247 2278 1282 2305 τὰ
1302 2277 1434 2313 δεχόμενα
1444 2285 1451 2291 υ
1466 2277 1499 2302 ὲκ
1514 2274 1610 2301 τούτου
1625 2274 1710 2300 πᾶσαι
1725 2272 1781 2299 τῶν
1798 2280 1858 2299 κτι-

1065 2326 1135 2353 στῶν
1146 2327 1173 2352 αἱ
1187 2324 1327 2355 οὐσιῶδεις
1335 2321 1478 2358 ὑπάρξεις.
1488 2319 1586 2352 Καλῶς
1600 2319 1629 2346 δὲ
1642 2318 1673 2345 τὺ
1683 2317 1855 2350 οὐσιώδεις·

1064 2373 1092 2399 αἱ
1110 2371 1165 2407 γὰρ
1185 2370 1316 2405 ὑπάρξεις
1336 2368 1397 2395 καθ’
1408 2367 1507 2399 ἑαυτὰς
1531 2365 1665 2400 ἀνάπεραι
1687 2364 1741 2390 τῶν
1755 2363 1856 2390 οὐσιῶν

1063 2420 1146 2446 εἰσινι
1165 2417 1284 2453 ὓπαρξις
1299 2416 1354 2451 γάρ
1368 2416 1442 2441 ἐστιν
1461 2413 1528 2440 αὐτὸ
1544 2412 1576 2439 τὸ
1592 2409 1663 2438 εἶναι
1676 2419 1718 2436 τι·
1733 2409 1814 2436 οὐσία
1825 2409 1856 2436 δέ

1065 2466 1123 2492 ἐστι
1136 2464 1167 2490 τὸ
1181 2464 1207 2490 τί
1220 2464 1279 2489 ἐστι
1296 2461 1345 2488 τοῦ
1361 2461 1447 2491 ὄντος.
1468 2458 1577 2494 Ἐπειδὴ
1588 2455 1635 2484 οὖν
1646 2456 1711 2490 περὶ
1721 2455 1777 2482 τῶν
1797 2464 1857 2482 κτι-

1065 2509 1134 2536 στῶν
1149 2517 1240 2544 φησιν,
1253 2505 1561 2540 εὶκάτωςτῷὼπάρξεις
1575 2502 1727 2539 προσέθηκε
1759 2502 1790 2528 τὸ
1801 2502 1855 2528 οὐ-

1066 2558 1194 2590 σιώδεις.
1216 2555 1342 2587 Ἑνώσεις
1357 2554 1385 2581 δὲ
1397 2553 1529 2588 λέγονται,
1545 2552 1594 2587 οὐχ
1610 2551 1650 2578 ὅτι
1671 2549 1792 2585 σωρηδὸν
1806 2549 1856 2575 σὺν

1064 2604 1161 2639 ἐκείνῳ
1177 2603 1207 2629 ἓν
1223 2611 1250 2629 τι
1266 2600 1470 2631 ἀποτελοῦνται,
1483 2599 1540 2626 ἀλλ’
1553 2599 1594 2625 ὅτι
1615 2597 1691 2633 πηγὴ
1703 2596 1795 2623 αὐτῶν
1808 2595 1856 2622 καὶ

1065 2651 1136 2687 ἀρχὴ
1149 2652 1164 2677 ὁ
1179 2650 1256 2682 Θεὸς,
1279 2649 1327 2676 καὶ
1346 2648 1377 2680 ἐξ
1395 2647 1478 2675 αὑτοῦ
1501 2645 1680 2682 παρήχθησαν
1698 2644 1855 2671 ὑποστάντα

1064 2702 1124 2729 καθ’
1138 2701 1332 2732 ὑπόστασιν,ὼς
1345 2700 1392 2727 καὶ
1403 2700 1442 2731 εἰς
1453 2698 1602 2734 διακρίσεις
1612 2696 1790 2723 ὑποστάσεων
1803 2703 1858 2730 φα-

1065 2748 1152 2784 νῆναι.
1165 2746 1337 2782 Ταὺτάιητες
1351 2745 1380 2772 δὲ
1396 2745 1423 2772 αἱ
1433 2743 1573 2778 ἀναγωγαὶ
1585 2741 1631 2769 καὶ
1643 2739 1774 2767 evomat
1786 2738 1860 2774 πρὸς
