1938 3065
44 116 47 118 ’
69 128 141 157 ’165

380 126 425 155 DE
442 126 569 156 DIVINIS
585 126 785 159 NOMINIBUS,
804 126 878 155 CAP.

930 126 982 154 ’.-
996 125 1169 154 PARAPIIR.
1187 124 1425 154 PACHYMERIE.

1668 125 1722 153 766

69 185 159 226 Θεὸν
180 184 313 221 δυνάμεις
324 183 378 211 τῶν
389 184 501 220 νοητῶν,
513 184 551 216 ὡς
567 185 614 211 καὶ
632 184 800 219 ὁμοιότητες,
813 184 878 210 ἐπει-

937 187 1089 218 permanet.
1109 183 1186 210 Sicut
1206 183 1276 210 idem
1296 182 1336 210 sol
1356 182 1519 215 caleiaciens
1546 187 1576 210 et
1600 183 1719 218 lapidem

70 231 114 267 δὴ
133 232 192 258 καὶ
206 232 238 264 ea
251 230 334 258 αὑτοῦ
347 232 401 258 είσι
418 231 465 258 καὶ
478 232 623 266 προσεχεῖς
637 230 720 266 αὐτῷ.
744 230 886 265 Ἐτερότη-

71 285 131 309 τες
143 278 179 303 δὲ
192 277 275 304 οἱονεὶ
289 278 304 303 ό
325 277 480 312 μεριστικδς
497 276 656 312 πληθυσμὸς
671 277 699 302 ὲν
713 277 773 307 ταῖς
788 275 886 302 ὑποϐε-

73 322 224 359 6ηκυίαις
238 322 360 358 προόδοις
380 322 427 349 τοῦ
444 321 516 348 θείου
534 322 694 357 θελήματος.
715 322 884 357 Ἀνομοιότη-

73 375 132 400 τες
147 368 193 400 δὲ,
206 368 300 403 ἐπειδὴ
312 367 341 394 τὸ
352 368 492 403 γινόμενον
506 367 599 402 ἓτερον
609 367 655 393 τοῦ
667 367 885 402 δημιουργήσαν-

74 423 144 446 τος.
166 414 315 441 Κοινωνίαι
334 414 388 440 τῶν
401 413 530 440 ἐναντίων
544 413 571 439 αἰ
591 413 647 439 τῶν
663 412 800 447 στοιχείων
818 412 884 447 κρά-

77 469 146 492 σεις
158 469 166 475 -
186 459 360 495 ἀλληλουχίαι
375 460 391 495 ἡ
403 459 449 485 τοῦ
466 459 569 494 κόσμου
584 458 683 490 παντὸς
695 459 825 493 συνάφεια
837 458 884 484 καὶ

77 505 264 542 συμπάθεια.
284 505 458 540 Ἀσυμμιξίαι
473 504 528 531 τῶν
548 503 706 540 ήνωμένων,
719 503 757 535 ὡς
770 503 817 530 ἐπὶ
833 502 884 538 τῆς

76 552 134 578 τοῦ
148 551 201 578 ἀνθ
208 551 323 586 ρωπείου
336 550 430 584 γένους
443 550 607 585 κοινότητος,
620 550 666 576 καὶ
674 549 724 583 τῆς
731 548 793 575 καθ’
816 545 885 573 ἕκα-

72 602 149 620 στον
158 595 304 631 ἄνθρωπον
319 595 449 630 ἰδιότητος
459 603 465 608 ·
481 594 520 629 τῷ
540 594 589 629 μὲν
608 593 664 629 γὰρ
682 592 764 628 κοινῷ
775 593 826 628 τῆς
837 595 883 619 ους

79 642 152 673 σίας
166 641 241 676 λόγῳ
254 641 352 672 πάντες
364 639 504 675 ὴνώμεοα·
519 641 552 674 τῇ
569 639 598 665 δὲ
612 638 672 665 καθ’
688 638 802 665 ἕκαστον
820 639 883 665 ἰδιό-

78 695 152 722 τητι
173 686 206 713 τὸ
216 685 387 721 ἁσὺμμικτον
400 686 506 720 ἔχομεν.
520 685 552 710 At
571 684 678 711 πάντων
691 683 884 719 ἀμετακίνητοι

82 733 191 767 μοναί·
208 732 322 759 ἕκαστον
340 731 395 767 γὰρ
405 731 465 758 καθ’
476 731 556 758 ἑαυτὸ
573 731 731 757 συνίσταται
748 729 795 756 καὶ
814 729 881 756 ἔστι.

79 778 144 804 Καὶ
169 775 260 809 αὖθις,
286 779 314 804 αἱ
340 778 448 805 πάντων
476 778 506 803 ἐν
530 777 639 812 ἑκάστῳ
659 776 805 803 κοινωνίαι.
823 776 882 802 Ἐν-

80 823 186 851 τεῦθεν
214 824 365 860 διορθοῦται
394 825 440 851 καὶ
476 825 554 856 δόξας
584 825 656 851 δυοῖν
682 823 806 850 παλαιῶν
836 832 881 858 φι-

934 233 962 256 et
979 233 1092 259 vestem,
1112 233 1139 255 et
1158 233 1258 255 terram
1278 228 1456 262 complutam,
1476 232 1504 255 et
1524 236 1634 263 aquam,
1656 229 1720 256 licet

934 274 1115 301 diversimode
1134 282 1183 309 pro
1201 274 1314 301 materia
1335 274 1467 309 subjecta,
1487 282 1520 301 ex
1541 275 1592 302 hoc
1610 281 1721 302 creatu-

934 327 1025 346 rartltn
1049 319 1169 346 omnium
1202 319 1395 346 substantiales
1413 319 1577 346 existentiae.
1600 319 1720 347 Pulchre

934 370 1023 391 autem
1051 364 1233 391 substantiales
1255 373 1265 391 :
1296 371 1358 391 nam
1386 365 1540 392 cxistentiae
1567 365 1716 392 secundum

935 411 1038 446 seipsas
1050 410 1204 445 superiores
1219 415 1281 437 sunt
1292 410 1467 441 substantiis;
1479 411 1625 437 existentia
1644 411 1718 438 enim

936 461 987 489 est,
1000 456 1145 490 ipsummet
1163 463 1224 482 esse
1243 456 1356 490 aliquid,
1372 455 1525 482 substantia
1546 463 1611 482 vero
1631 460 1672 482 est
1691 455 1718 482 id

935 501 1006 536 quod
1025 501 1089 536 quid
1109 506 1162 528 est.
1176 501 1310 534 Quoniam
1330 501 1422 534 itaque
1435 501 1467 527 de
1478 501 1612 528 creaturis
1631 501 1721 535 loqui-

935 551 988 578 tur,
1007 547 1105 574 merito
1116 546 1227 574 dictioni
1242 546 1382 581 ὑπάρξεις,
1393 554 1440 573 seu
1463 545 1623 579 επιειειιιὶω,
1635 553 1720 581 appo-

934 593 989 618 suit
1006 591 1155 624 οὐσιώδεις,
1180 599 1226 619 seu
1254 591 1453 620 substantiales.
1480 591 1600 619 Uniones
1627 595 1719 619 autem

933 638 1137 668 dicuntur,nOn
1155 638 1226 672 quod
1246 637 1327 664 simul
1354 644 1414 663 cum
1435 636 1481 663 illo
1501 637 1648 663 acervatim
1667 636 1720 663 alin

934 684 998 718 quid
1017 692 1100 710 llllllm
1111 683 1236 715 emciant,
1250 684 1297 711 sed
1318 684 1390 718 quod
1414 684 1486 711 Deus
1504 688 1562 710 erat
1581 683 1641 710 fons
1660 683 1722 710 illo-

933 737 992 757 rum
1011 735 1039 757 et
1056 730 1231 765 principium,
1244 736 1314 757 etex
1328 731 1386 765 ipso
1397 731 1527 765 producta
1539 731 1596 757 sint
1613 738 1644 757 ca
1660 738 1721 765 qua:

934 775 1086 802 subsistunt
1107 775 1257 802 secundant
1277 775 1497 808 subsistentiam,
1524 775 1560 802 ita
1582 780 1610 802 ut
1636 775 1720 802 etiam

934 821 968 848 ad
989 820 1182 847 distinctiones
1201 820 1404 854 suppositarum
1417 825 1575 855 appareant.
1589 821 1720 848 ldentita—

82 868 226 903 λοσόφων,
253 859 466 905 Ἐμπεδοκλέους
492 871 539 897 καὶ
566 869 755 904 Ἀναξαγόρου.
783 869 812 895 '0
833 868 878 903 μὲν

936 869 976 892 tes
995 870 1087 891 autem
1108 870 1171 891 sunt
1190 865 1306 891 virtutes
1331 864 1505 892 adductrices
1533 871 1561 892 et
1589 866 1720 893 unitrices

82 915 144 951 γὰρ
170 915 356 951 Ἐμπεδοκλῆς
375 918 492 951 σφαῖραν
511 915 563 943 ἀπὺ
579 916 630 951 τῆς
648 915 775 941 ἁπάντων
792 914 882 950 φιλίας

83 962 137 988 καὶ
172 962 342 997 συγκρίσεως
373 962 475 997 ἔλεγεν,
496 962 566 988 ὥστε
594 961 630 997 μὴ
655 959 724 988 εἶναι
752 961 883 996 διακρίνε-

85 1007 153 1034 σθαι
172 1007 235 1034 καθ’
245 1008 325 1033 ἑαυτὸ
350 1007 464 1033 ἕκαστον
483 1008 536 1033 ἀπὸ
554 1007 645 1038 ἄλλου,
666 1008 730 1043 πρὶν
749 1007 779 1033 τδ
794 1009 881 1039 νεῖκος

84 1053 219 1088 γενέσθαι
239 1053 285 1080 καὶ
306 1054 355 1088 τὴν
382 1053 515 1088 διάκρισιν
542 1053 603 1079 καθ’
622 1053 655 1088 ἣν
682 1053 784 1088 ὑπέστη
804 1054 818 1079 ὁ
836 1053 882 1080 κό-

87 1108 170 1134 σμος.
180 1098 208 1125 '0
218 1099 246 1124 δὲ
263 1098 454 1134 Ἀναξαγόρας,
472 1097 531 1126 Ἦν
541 1099 614 1133 ὁμοῦ
625 1098 760 1133 χρήματα
772 1099 879 1131 πάντα,

87 1145 179 1179 ἔλεγε.
198 1145 279 1180 Λέγει
303 1145 378 1179 γοῦν,
399 1146 439 1171 ὅτι
466 1145 514 1171 καὶ
540 1145 600 1171 κατ’
611 1145 680 1171 αὐτὰ
698 1145 728 1171 τὸ
746 1145 799 1172 πᾶν
815 1153 880 1171 συν-

89 1190 225 1222 ίστανται,
254 1190 301 1217 καὶ
326 1192 392 1216 πᾶσι
419 1190 508 1217 πάντα
532 1190 722 1222 κοινωνοῦντα,
748 1191 809 1217 οὔτε
831 1192 880 1226 τῆς

88 1235 194 1267 οἰκείας
216 1236 297 1271 μονῆς
316 1234 469 1267 ἐξίστανται
486 1236 524 1268 ὡς
544 1238 661 1271 σφαῖραν
671 1235 806 1270 γίνεσθαι·
819 1235 880 1262 οὔτε

91 1281 148 1316 μὴν
166 1281 360 1317 πραγματικὴν
378 1281 427 1317 τὴν
452 1282 593 1308 κοινωνίαν
612 1282 728 1317 ἔχουσιν,
748 1282 785 1314 ὡς
811 1279 880 1308 εἶναι

89 1327 121 1352 ἐν
139 1326 178 1361 τῷ
195 1326 269 1362 ἄρτῳ
286 1327 365 1362 τυχὸν
383 1328 430 1354 καὶ
449 1327 557 1363 χρυσὸν,
577 1328 624 1354 καὶ
644 1327 730 1360 ξύλον,
742 1328 789 1354 καὶ
807 1328 882 1363 σίδη-

91 1381 150 1407 ρον,
160 1372 249 1408 ἄτομά
267 1381 327 1399 τινα
346 1374 393 1400 καὶ
412 1373 457 1400 διὰ
476 1374 645 1409 σμικρότητα
664 1374 693 1400 οὺ
714 1373 877 1410 βλεπόμενα,

90 1417 130 1448 ὡς
146 1418 160 1442 ό
176 1417 359 1454 Ἀναξαγόρας
376 1419 510 1451 ἐδόξασεν,
522 1419 551 1450 ὃς
571 1420 617 1446 καὶ
635 1419 683 1454 τὴν
698 1419 803 1454 γένεσιν
821 1419 878 1446 διά-

91 1470 181 1497 κρισιν
200 1462 306 1497 ἔλεγεν·
326 1463 445 1489 ἁλλέίσὶ
474 1464 523 1498 μὲν
549 1464 577 1490 ὲν
597 1465 735 1500 κοινωνία,
766 1464 879 1499 δυνάμει

90 1506 121 1533 δὲ
138 1509 170 1543 τῇ
189 1508 260 1535 κατὰ
276 1509 414 1545 ποιότητα,
425 1509 463 1541 ὠς
481 1509 620 1543 δύνασθαι,
638 1510 704 1546 φέρε
723 1512 818 1543 εἰπεῖν,
831 1512 877 1539 καὶ
891 1523 911 1551 c

91 1553 157 1580 αὐτὸ
167 1554 260 1586 ὓδατος
278 1555 403 1589 γενέσθαι
422 1555 490 1591 ἀέρα
509 1556 556 1582 καὶ¹
575 1556 640 1591 πῦρ,
651 1557 698 1583 καὶ
715 1557 769 1583 ἀπὸ
787 1557 878 1592 γῆςῦ-

91 1597 157 1633 δωρ,
168 1600 215 1626 καὶ
232 1599 286 1626 ἀπὸ
303 1601 357 1626 τῶν
375 1601 482 1635 τροφῶν
502 1601 615 1636 σάρκας,
633 1602 679 1628 καὶ
695 1602 779 1630 τᾶλλα
789 1611 795 1617 ·
807 1603 877 1630 ὥστε

91 1645 140 1671 καὶ
156 1645 205 1680 τὴν
223 1646 315 1679 φιλίαν
333 1646 484 1681 ἀσύγχυτον
513 1645 592 1679 εἶναι,
613 1648 660 1674 καὶ
686 1648 736 1684 τὴν
764 1650 878 1685 συνοχὴν

91 1689 239 1716 ἀδιάλυτον.
256 1690 459 1723 ’Δνεκλείπτους
476 1692 505 1718 δὲ
523 1691 571 1723 τὰς
590 1692 713 1727 διαδοχὰς
731 1693 785 1720 τῶν
803 1703 876 1728 γινο-

95 1734 181 1770 μένων
199 1735 294 1769 φησίν·
307 1735 384 1767 "Em;
402 1735 456 1770 γὰρ
474 1735 538 1769 ἄρτι
563 1736 722 1771 ἐργάζεται.
744 1738 775 1764 Εί
794 1739 842 1765 καὶ
862 1740 877 1764 ό

100 1779 282 1815 Ἀριστοτέλης
299 1779 445 1814 έπαπορῶν
455 1780 555 1815 ἑτέρως
565 1780 633 1813 λύει,
651 1781 727 1814 διότι,
739 1781 835 1816 λέγων,
846 1783 890 1815 ὲξ-

93 1824 212 1860 ἀλλήλων
231 1825 361 1859 γίνονται,
372 1825 419 1851 καὶ
437 1825 454 1860 ὴ
472 1824 559 1860 φθορὰ
577 1826 683 1858 τούτου,
702 1827 784 1854 ἄλλου
801 1828 877 1862 γένε-

95 1869 137 1901 σίς
154 1870 209 1896 ἐστι
228 1870 276 1896 καὶ
294 1869 374 1896 ἄλλου
394 1870 493 1906 φθορὰ,
504 1871 600 1898 τούτου
619 1872 736 1907 γένεσις,
748 1874 795 1900 καὶ
813 1875 876 1908 ἔφε-

95 1916 142 1951 ξῆς
158 1916 252 1948 οὕτως,
272 1915 342 1943 ὥστε
364 1916 401 1952 μὴ
419 1916 569 1944 ἐπιλείπειν
583 1918 632 1953 τὴν
649 1919 767 1952 γένεσιν.
786 1919 876 1946 Ἐπει-

94 1961 126 1997 δὴ
150 1961 186 1988 δὲ⁷
203 1961 297 1993 στάσις
324 1962 383 1988 ἐστὶ
408 1962 457 1988 καὶ
483 1962 589 1998 κίνησις
608 1964 734 1991 ἁπάντων
751 1964 781 1990 τὸ
799 1964 875 1991 Θεῖον

95 2007 162 2043 ὑπὲρ
179 2008 272 2035 στάσιν
290 2008 336 2034 καὶ
353 2007 471 2042 κίνησιν,
489 2008 527 2040 ὡς
549 2008 663 2036 ἕκαστον
691 2010 772 2037 ίστῶν
789 2011 819 2037 ὲν
836 2010 875 2046 τῷ

95 2054 181 2089 οίκείῳ
197 2054 277 2089 λόγῳ,
288 2053 335 2080 καὶ
352 2053 443 2080 κινοῦν
461 2054 507 2081 ἐπὶ
524 2054 573 2090 τὴν
583 2055 687 2083 οἰκείαν
703 2056 819 2093 κίνησιν,
830 2057 875 2084 διὰ

94 2099 168 2126 τοῦτο
183 2100 265 2134 λέγει,
286 2101 314 2126 αἱ
333 2099 442 2131 στάσεις
461 2101 546 2127 πᾶσαι
565 2102 612 2128 καὶ
630 2103 657 2128 αἱ
676 2103 807 2138 κινήσεις,
818 2103 874 2129 εἴτε

95 2145 209 2179 ἀγγέλων
227 2145 326 2178 εἴποις,
337 2147 393 2173 εἴτε
411 2146 515 2182 ψυχῶν,
526 2147 581 2174 εἴτε
600 2149 745 2183 σωμάτων,
761 2150 794 2176 ὲκ
811 2150 873 2175 τού-

935 917 1025 937 rerum
1050 909 1261 944 intelligibilinm
1285 910 1317 936 ad
1338 910 1436 942 Deum,
1458 910 1496 936 uti
1515 915 1542 937 et
1561 910 1720 938 similitudi-

934 964 997 989 nes;
1019 956 1238 991 quandoquidem
1259 961 1286 983 et
1306 964 1339 983 ex
1361 957 1419 990 ipso
1448 957 1512 989 sitit,
1535 957 1614 990 eique
1633 957 1721 985 inhae-

934 1006 1022 1029 reant.
1036 1002 1213 1029 Diversitates
1232 1006 1324 1028 autem
1344 1006 1408 1028 sunt
1426 1003 1504 1036 quasi
1527 1002 1627 1036 partita
1646 1010 1721 1036 qua}-

933 1047 994 1074 dam
1021 1047 1210 1081 multiplicatio
1240 1047 1339 1074 divina:
1358 1047 1507 1073 voluntariis
1527 1047 1561 1074 ad
1587 1047 1717 1074 inferiora

932 1092 1115 1126 procedentis.
1147 1091 1389 1118 Dissimilitmlines
1419 1099 1502 1125 vero,
1534 1093 1663 1125 quoniam
1691 1093 1719 1121 id

932 1139 1005 1172 quod
1021 1143 1131 1165 creatur
1142 1138 1279 1165 diversum
1292 1143 1335 1164 est
1356 1145 1371 1164 a
1384 1143 1518 1165 creatore.
1529 1138 1643 1165 Fmdcra
1654 1143 1720 1166 sunt

932 1184 1132 1212 contrariorum
1161 1184 1358 1212 elementorum
1390 1184 1601 1218 temperationes
1613 1193 1619 1211 :
1631 1185 1720 1212 colue-

932 1231 1028 1258 rentiaa
1049 1235 1111 1257 sunt
1131 1231 1214 1257 totius
1234 1229 1327 1256 mutuli
1350 1230 1486 1256 connexio
1505 1235 1533 1256 et
1556 1237 1717 1257 consensus.

932 1276 1034 1303 Rerum
1066 1276 1205 1302 unitarum
1245 1275 1481 1310 impermistiones
1510 1281 1576 1303 sunt
1594 1276 1666 1303 sicut
1690 1277 1717 1303 in

931 1322 1042 1349 humani
1055 1322 1165 1356 generis
1184 1322 1395 1354 communitate,
1407 1326 1435 1349 et
1446 1321 1580 1357 cujusque
1599 1322 1718 1350 hominis

931 1369 1115 1402 proprietate;
1127 1368 1264 1395 communi
1277 1369 1351 1395 enim
1363 1368 1491 1395 essentia:
1507 1368 1610 1395 ratione
1620 1375 1718 1396 omnes

930 1411 1010 1448 395
1025 1413 1093 1440 uniti
1114 1421 1218 1445 sumus,
1243 1414 1458 1448 uniuscujusque
1473 1421 1538 1441 vero
1551 1414 1718 1448 proprietate

930 1459 1041 1486 minime
1065 1459 1288 1486 commiscemur.
1319 1458 1474 1486 lmmobiles
1495 1459 1617 1486 omniurn
1641 1467 1717 1486 man-

930 1504 1031 1537 siones,
1046 1504 1178 1539 quidlibet
1200 1505 1273 1531 enim
1297 1511 1345 1538 per
1366 1512 1396 1531 se
1417 1504 1544 1532 subsistit
1560 1510 1588 1531 et
1610 1508 1662 1531 est.
1683 1504 1717 1532 Et

930 1558 1037 1582 rursus.
1063 1551 1185 1578 omnium
1221 1551 1249 1578 in
1270 1550 1391 1585 quolibet
1410 1551 1628 1577 communiones.
1645 1549 1716 1578 Hinc

929 1596 1110 1630 corriguntur
1120 1596 1202 1623 etiam
1213 1596 1358 1630 opiniones
1378 1596 1495 1622 duorum
1512 1599 1636 1622 veterum
1658 1595 1721 1630 phi-

927 1641 1112 1677 losophorum,
1136 1641 1307 1676 Empedoclis
1325 1647 1353 1668 et
1372 1642 1553 1676 Anaxagorae.
1575 1641 1714 1676 Siquidem

927 1687 1105 1722 Empedocles
1119 1688 1257 1721 splueram
1280 1687 1315 1714 ab
1325 1687 1449 1714 omnium
1464 1687 1587 1713 amicitia
1598 1691 1626 1713 et
1636 1693 1714 1713 com-

928 1734 1057 1760 mistione
1071 1733 1236 1765 nominavit,
1250 1735 1287 1759 ita
1306 1738 1335 1759 ut
1347 1733 1481 1767 quidlibet
1500 1740 1548 1766 per
1568 1740 1597 1759 se
1617 1732 1650 1759 ab
1661 1731 1715 1759 alio

927 1779 1045 1807 discerni
1060 1784 1189 1814 nequeat,
1208 1784 1354 1814 antequam
1375 1786 1463 1814 pugna
1488 1778 1535 1805 ﬁat
1555 1782 1583 1805 et
1602 1777 1712 1810 divisio,

925 1825 1075 1852 secundum
1083 1832 1164 1859 quam
1175 1826 1290 1851 mundus
1296 1823 1421 1851 subsistit
1431 1832 1438 1856 ;
1448 1824 1625 1858 Anaxagoras
1636 1830 1714 1856 vero,

927 1871 1024 1899 Omnia
1044 1870 1124 1898 simul
1137 1875 1229 1904 erant,
1241 1871 1343 1898 aiebat.
1353 1871 1398 1897 Ait
1414 1870 1516 1905 itaque,
1532 1877 1579 1904 per
1592 1877 1621 1896 se
1632 1869 1712 1904 quid-

925 1916 991 1944 libet
1009 1917 1172 1951 subsistere,
1186 1921 1214 1944 et
1234 1916 1327 1944 omnia
1343 1916 1471 1943 omnibus
1498 1916 1712 1946 communicare,

925 1971 1014 1998 neque
1026 1971 1041 1991 a
1058 1963 1168 1998 propria
1188 1964 1329 1991 mansione
1353 1963 1515 1993 desciscere,
1528 1966 1555 1988 et
1567 1961 1607 1988 sic
1620 1961 1710 1995 sphae-

925 2018 983 2038 ram
1001 2011 1123 2038 existere
1138 2019 1144 2037 :
1157 2017 1210 2037 non
1231 2014 1323 2036 tamen
1345 2008 1446 2036 realem
1465 2008 1535 2034 inter
1546 2014 1575 2034 se
1593 2014 1713 2034 commu-

926 2057 1035 2084 nionem
1056 2056 1169 2089 habent,
1187 2057 1224 2083 ita
1239 2060 1269 2083 ut
1285 2054 1362 2083 verbi
1377 2054 1466 2089 gratia
1485 2053 1568 2080 etiam
1588 2053 1614 2079 in
1627 2060 1709 2086 pane,

926 2110 1034 2135 aurum,
1051 2106 1078 2129 et
1098 2102 1210 2137 lignum,
1234 2106 1262 2129 et
1281 2100 1385 2128 l‘errum
1410 2100 1466 2127 sint
1481 2099 1565 2126 atomi
1588 2099 1713 2133 quidam,

924 2150 969 2184 qui
980 2154 1092 2184 propter
1105 2148 1270 2183 parvitatem
1287 2146 1401 2174 minime
1411 2147 1568 2177 videantur,
1584 2145 1622 2172 uti
1635 2145 1711 2171 Ana-

95 2199 139 2217 του
157 2191 216 2218 είσί.
228 2192 306 2218 Νοῶν
321 2191 386 2226 γοῦν
406 2193 500 2224 στάσις
520 2193 579 2220 ἐστὶ
589 2193 619 2220 τὸ
630 2193 753 2229 ίδρῦσθαι
762 2197 794 2230 τῇ
805 2196 874 2231 πρὸς

930 2203 1034 2230 xagoraa
1045 2194 1157 2230 placuit,
1172 2195 1218 2229 qui
1241 2194 1444 2228 generationem
1467 2191 1628 2218 divisionem
1641 2198 1711 2217 nun-

95 2237 155 2263 Θεὸν
172 2238 307 2269 ἀνατάσει,
319 2239 370 2265 κᾶν
389 2240 594 2266 ὰποστέλλοιντο
610 2241 658 2266 καὶ
683 2242 871 2270 καταϐαίνοιεν

930 2242 1051 2276 cupavit;
1062 2245 1253 2269 verumtamen
1269 2240 1476 2268 communicant
1494 2240 1595 2265 virtute
1610 2245 1711 2265 secun-

95 2283 138 2309 ἐπὶ
146 2283 176 2310 τὰ
185 2283 373 2320 ὑποὸεὸηκότα
391 2286 518 2321 προνοίας
530 2287 608 2322 χάριν
624 2286 679 2313 τῶν
696 2286 871 2324 ὼφεληθησο-

930 2288 989 2314 ιΙυιιι
1014 2287 1186 2322 qualitatem,
1207 2291 1237 2313 ut
1251 2286 1454 2321 quodammodo
1477 2285 1530 2312 dici
1556 2283 1654 2319 possit,
1681 2282 1708 2309 id

96 2327 184 2363 μένων.
923 2333 1011 2367 ipsum
1031 2333 1105 2368 quod
1117 2337 1159 2360 est
1168 2340 1246 2367 aqua:
1255 2333 1314 2360 ﬁeri
1328 2339 1417 2359 aerem
1432 2336 1460 2358 et
1471 2332 1570 2364 ignem,
1590 2334 1617 2356 et
1629 2334 1708 2356 aler—

97 2382 124 2401 ra
140 2382 242 2409 aquam,
256 2380 282 2403 et
303 2385 317 2403 a
338 2377 407 2405 cibis
420 2385 529 2410 carm-s,
557 2383 585 2406 et
609 2383 724 2412 cetera;
753 2380 789 2407 ita
802 2385 832 2408 ut
851 2380 971 2408 amicitia
990 2380 1025 2408 sit
1054 2379 1216 2412 inconfusa,
1245 2384 1273 2407 et
1314 2377 1470 2412 complexus
1498 2374 1705 2402 indissolubilis.

94 2422 270 2449 lndelicientes
296 2428 386 2450 autem
410 2425 448 2451 ait
473 2432 533 2453 esse
562 2427 750 2454 successiones
772 2434 865 2454 eorum
896 2434 957 2462 qua:
982 2427 1069 2454 liunt:
1100 2425 1188 2461 Usque
1201 2426 1273 2453 enim
1291 2425 1368 2452 modo
1382 2427 1538 2459 operatur'.
1554 2421 1708 2449 EtAristo-

97 2467 157 2495 teles
170 2467 232 2494 illud
252 2469 362 2495 dubium
377 2470 457 2497 aliter
470 2471 567 2504 solvit,
585 2473 646 2500 dum
661 2473 709 2505 ait,
741 2474 833 2500 omnia
859 2473 893 2501 ab
926 2474 1043 2501 invicem
1055 2474 1135 2505 oriri,
1150 2477 1177 2500 et
1194 2473 1274 2508 hujus
1286 2471 1489 2505 corruptionem
1509 2467 1623 2495 alterius
1646 2472 1707 2493 eSSe

96 2515 299 2548 generationem,
310 2520 337 2542 et
354 2517 466 2545 alterius
477 2521 680 2554 corruptionem
702 2522 781 2556 hujus
800 2530 861 2550 esse
878 2522 1093 2557 generationem,
1119 2526 1147 2548 et
1161 2521 1201 2548 sic
1214 2519 1355 2553 subjungit
1381 2517 1526 2548 rationem,
1545 2523 1579 2542 ne
1602 2513 1706 2540 scilicet

97 2559 192 2587 deﬁciat
205 2562 356 2595 generatio.
365 2563 432 2590 Cum
454 2569 545 2592 autem
560 2571 647 2594 status
660 2568 696 2595 sit
717 2573 745 2596 et
768 2574 857 2596 motus
872 2569 993 2596 omnium
1006 2568 1088 2600 Deus,
1103 2574 1185 2601 supra
1196 2567 1341 2593 stationem
1367 2568 1395 2590 et
1419 2562 1568 2590 motionem
1586 2558 1705 2592 exsistit,

97 2611 212 2640 tanquam
227 2614 284 2635 rem
300 2608 450 2643 quamlibet
463 2610 490 2636 in
501 2612 609 2646 propria
621 2613 727 2640 ratione
749 2613 870 2645 ﬁrmans,
889 2619 916 2641 et
934 2620 1046 2640 movens
1065 2613 1100 2640 ad
1135 2613 1274 2647 prapriam
1295 2610 1461 2640 motionem;
1499 2606 1603 2634 idcirco
1622 2604 1701 2636 dicit,

96 2660 179 2679 omnes
197 2654 329 2682 stationes
348 2663 380 2682 ac
393 2656 539 2690 motiones,
559 2658 618 2685 sive
639 2659 799 2693 angelorum
828 2659 916 2692 dicas,
943 2661 1002 2687 sive
1017 2661 1181 2690 animarum,
1211 2658 1269 2685 sive
1303 2662 1459 2690 corporum,
1491 2661 1525 2682 ex
1547 2653 1604 2687 ipso
1626 2654 1700 2678 sunt.

97 2699 212 2727 Mentium
237 2701 320 2736 igitur
344 2701 428 2729 statio
449 2707 508 2736 est,
538 2704 640 2732 lirmari
668 2706 696 2734 in
716 2706 892 2734 contentione
908 2706 943 2733 ad
972 2706 1067 2738 Deum,
1087 2706 1138 2733 etsi
1155 2705 1316 2739 delegentur
1335 2707 1364 2731 ct
1391 2700 1558 2730 descendant
1579 2699 1614 2726 ad
1633 2698 1703 2726 init

97 2745 169 2778 riora,
183 2752 209 2772 ιιι
223 2754 275 2781 ope
288 2747 469 2783 indigentibus
482 2749 651 2784 provideant.

130 2837 139 2851 "
151 2832 209 2860 Joan
237 2842 261 2866 ν,
280 2835 323 2862 i7.
