1938 3065
216 141 270 169 767

802 150 831 179 S.
849 150 997 180 DIONYSII
1013 153 1247 183 AREOPAGITE

1803 157 1862 185 768

251 201 345 237 §Vlll.
362 202 429 230 Cum
453 208 544 231 autem
570 206 716 240 tripficiter
736 213 827 237 motus
850 210 910 244 ttat,
937 211 1000 246 ipsis

1092 213 1106 248 ς
1123 213 1191 240 VIII.
1207 213 1283 240 Ἐπεὶ
1295 214 1324 241 δὲ
1335 214 1437 251 τριχῶς
1447 215 1464 250 ἠ
1474 213 1582 250 κίνησις
1594 214 1710 250 γίνεται,
1722 216 1781 242 ἐστι
1794 216 1863 243 τού-

214 248 298 275 etiam
317 247 414 283 triplex
443 249 488 277 hic
516 256 608 279 motus
631 257 682 280 est.
710 253 859 284 Circularis
884 257 1007 292 quidem.

215 293 278 321 dum
293 294 397 321 circum
420 296 560 331 semetipsi
576 305 791 334 convertuntur;
817 309 908 330 rectus
929 311 1005 336 vero,

213 339 324 372 quando
353 341 386 367 ad
415 340 592 370 inferialibus
620 345 817 378 pravideudum
844 349 1006 382 procedunt.

213 383 282 411 Cum
301 385 375 411 enim
403 386 531 419 quaelibet
555 395 621 415 cura
639 389 720 417 ﬁnem
749 391 848 419 habeat
863 396 906 427 (eo
934 394 1006 428 quod

213 434 290 456 recto
306 434 379 457 motu
405 431 511 458 cientur
534 434 647 461 omnino
671 435 753 463 tinem
768 437 895 473 habente)
910 447 1007 467 secun-

213 474 277 502 dum
291 476 365 503 hunc
389 481 541 510 moventur,
558 483 585 505 et
600 481 758 514 providendi
774 488 865 518 partes
878 485 1003 520 explent;

211 528 273 548 cum
294 529 360 550 vero
382 523 409 549 in
433 524 596 558 semetipsos
612 525 712 554 iterum
735 530 924 565 revolvantur,
941 538 1006 559 ecce

212 566 250 593 ibi
267 567 394 602 obliquus
411 574 500 598 motus
519 571 658 600 subsistit.

247 636 316 673 θυι.
325 637 408 674 396
416 638 527 672 lterum,
536 640 635 668 animae
644 647 731 671 status
740 649 782 672 est
791 645 967 674 immobilitas
978 651 1006 674 et

210 683 349 711 stabilitas
367 685 485 719 propria:
507 687 677 715 substantiae.
704 688 793 717 Motus
808 696 898 719 autem
913 693 1004 720 circu-

211 727 277 756 Iaris
302 730 411 763 quidem
436 735 488 764 est,
514 734 624 766 quando
651 736 750 763 mentis
775 739 1004 773 contemplatione

210 774 308 808 cietur,
333 779 361 803 et
386 776 413 803 in
438 777 530 812 seipse
555 778 655 811 factus,
677 788 711 807 ex
734 783 892 811 extrinseco
909 792 1004 813 errore

208 827 340 847 sensuum
356 823 575 857 conglomeratur
590 830 618 851 et
636 826 755 859 primum
778 829 804 855 in
822 830 940 864 seipsum
955 839 1002 858 co-

207 866 293 902 gitur,
309 874 336 895 et
349 869 450 896 exinde
467 870 501 898 ad
514 871 598 898 Deum
616 874 821 902 manuducitur.
839 875 873 902 Et
888 876 946 904 haec
961 882 1003 905 est

208 913 321 948 obliqua
345 916 444 943 mentis
469 918 605 952 operatio,
621 921 731 953 quando
752 923 876 956 procedit
891 925 1002 958 quidem

207 958 241 984 ad
258 966 288 985 ea
305 967 366 994 qua:
381 962 530 990 secundum
548 969 652 997 partem
666 966 902 1004 exsistunt.capit
913 975 1003 998 autem

207 1003 335 1032 notiones
355 1014 528 1042 nequaquam
549 1008 775 1039 intellectualiter
794 1018 822 1040 et
843 1003 935 1049 unite;
954 1017 1005 1045 ltoc

206 1050 280 1076 enim
296 1051 454 1086 angelorum
471 1059 524 1086 est,
542 1055 589 1089 qui
607 1059 758 1084 secundum
771 1060 897 1088 crebram
914 1068 1003 1090 muta-

204 1095 307 1124 tionem
317 1104 448 1131 supernas
457 1100 580 1128 visiones
586 1110 618 1130 ac
628 1103 825 1133 illustrationes
837 1107 1002 1144 intelligunt,

203 1140 270 1170 dum
283 1151 332 1177 pro
342 1152 436 1172 eorum
451 1150 530 1180 captu
546 1149 715 1178 revelantur.
728 1151 826 1179 Anima
842 1161 908 1182 vero
920 1155 1004 1183 ratio-

205 1189 345 1218 cinatione
355 1196 382 1218 et
395 1193 565 1227 evagatione,
579 1193 605 1221 id
620 1200 662 1222 est
675 1196 701 1223 in
715 1197 892 1231 particularia
904 1200 1001 1232 divisa,

206 1241 288 1269 atque
303 1243 336 1263 ex
355 1239 602 1267 communicatione
614 1242 759 1270 addiscens
771 1243 908 1280 iutelligil,
925 1254 1002 1274 mens

206 1282 280 1309 t-nim
307 1284 340 1310 ad
359 1285 585 1313 ratiocinationes
607 1288 777 1317 descendens
803 1291 894 1326 aliquo
923 1295 1002 1322 llMth

207 1329 349 1362 dividitur,
367 1335 396 1358 et
417 1330 541 1365 pluribus
562 1335 767 1368 exemplaribus
791 1345 839 1364 seu
857 1340 1001 1372 speciebus

206 1374 323 1411 indiget,
349 1376 414 1403 dum
434 1378 504 1405 ratio
529 1380 637 1406 modum
666 1381 791 1416 inquirit,
815 1388 845 1411 ut
866 1387 1001 1420 exprimat

206 1423 280 1456 quod
293 1422 438 1451 intellexit.
456 1424 540 1459 Igitur
560 1427 651 1454 anima
668 1430 835 1457 commistim
858 1435 886 1458 et
912 1436 1001 1460 trans-

206 1468 309 1494 cursim
324 1476 464 1503 operatur,
479 1472 562 1498 etiam
585 1474 695 1507 quando
716 1475 940 1506 iuteliectualiter
958 1478 1000 1506 in-

206 1513 314 1548 telligit,
337 1516 471 1549 siquidem
492 1517 542 1544 hoc
563 1519 661 1546 aniuue
685 1522 826 1556 proprium
848 1528 910 1557 est;
931 1532 1000 1559 qua-

1058 267 1115 291 τοις
1136 260 1182 286 καὶ
1203 259 1233 286 τὸ
1252 260 1359 296 τριττὸν
1379 261 1430 296 τῆς
1452 261 1596 298 κινήσεως.
1619 262 1766 294 κυκλικῶς
1792 263 1862 298 μὲν,

1058 305 1102 331 ὅτε
1115 306 1180 341 περὶ
1193 306 1305 338 ἑαυτοὺς
1319 307 1529 343 ἐπιστρέφονται
1542 318 1548 324 ·
1567 308 1668 340 εὐθέως
1682 309 1722 342 δὲ,
1734 310 1801 336 ὅταν
1817 310 1862 342 εἰς

1057 351 1107 386 τὴν
1127 352 1182 378 τῶν
1200 353 1422 388 καταδεεστέρων
1446 353 1558 389 προΐασι
1581 355 1754 390 κηδεμονίαν.
1778 356 1861 382 Ἐπεὶ

1057 397 1111 433 γὰρ
1130 398 1231 434 ἑκάστη
1254 400 1403 435 κηδεμονία
1423 401 1500 433 τέλος
1515 401 1582 436 ἔχει,
1599 400 1718 436 (πάντως
1739 402 1790 438 τῆς
1811 402 1860 428 ἐπ’

1057 443 1164 476 εὐθείας
1185 445 1319 480 κινήσεως
1342 445 1416 478 τέλος
1439 446 1577 482 ὲχούσης,)
1600 446 1669 473 κατὰ
1686 447 1790 482 ταύτην
1814 456 1860 474 κι-

1057 491 1156 521 νοῖντο,
1169 491 1216 517 καὶ
1230 491 1264 517 τὰ
1276 491 1326 527 τῆς
1345 493 1472 528 προνοίας
1487 493 1640 528 περαίνοιεν
1651 502 1658 508 ’
1676 494 1736 520 ἐπεὶ
1750 493 1780 520 δὲ
1799 494 1861 520 πά-

1057 535 1098 563 λιν
1113 537 1152 569 είς
1171 537 1284 570 ἑαυτοὺς
1300 537 1492 572 ἀνακυκλοῦσι,
1506 539 1553 566 καὶ
1570 539 1623 566 ίδοὺ
1639 540 1687 566 καὶ
1704 540 1721 575 ὴ
1737 540 1859 567 ἑλικοει-

1055 581 1104 617 δὴς
1117 582 1273 609 συνίσταται
1283 583 1399 619 κίνησις.

1091 650 1105 686 §
1126 650 1173 678 IX.
1191 652 1276 679 Πάλιν
1300 652 1390 689 ψυχῆς
1411 654 1507 685 στάσις
1529 654 1561 680 τὸ
1582 655 1784 690 ἀμετακίνητον
1806 656 1860 682 καὶ

1055 696 1162 732 ἑδραῖον
1181 697 1232 734 τῆς
1252 697 1321 730 ἰδίας
1339 699 1443 732 οὐσίας.
1463 701 1579 736 Κίνησις
1601 700 1630 727 δὲ
1653 701 1769 737 κυκλικὴ
1792 701 1858 736 μὲν,

1054 743 1118 770 ὃταν
1133 745 1166 780 τῇ
1189 744 1261 771 κατὰ
1283 745 1346 772 νοῦν
1367 745 1469 782 θεωρίᾳ
1488 747 1606 782 κινῆται,
1629 748 1676 773 καὶ
1695 749 1734 780 εἰς
1753 747 1858 783 ἑαυτὴν

1051 790 1195 826 γινομένη,
1219 792 1251 818 ὲκ
1270 791 1320 827 τῆς
1333 791 1385 825 ἔξω
1398 792 1453 819 τῶν
1474 792 1627 829 αἰσθήσεων
1650 792 1754 828 πλάνης
1777 802 1862 820 συνει

1054 835 1191 872 λίσσηται,
1217 837 1264 863 καὶ
1291 837 1398 873 πρῶτον
1412 839 1452 870 είς
1477 839 1576 874 ἑαυτὴν
1601 840 1762 875 συνάγηται,
1788 839 1859 865 κὰν-

1019 880 1148 925 Βτεῦθεν
1173 881 1308 917 ὰνὰγηται
1332 882 1401 918 πρὸς
1428 882 1495 909 Θεὸν
1522 882 1775 918 χειραγωγουμένη.
1798 881 1859 908 Καὶ

1054 926 1133 953 τοῦτό
1148 927 1222 953 ἐστιν
1242 927 1259 962 ὴ
1274 927 1345 954 κατὰ
1360 927 1423 954 νοῦν
1441 928 1568 963 ἐργασία,
1584 927 1732 963 ὲλικοειδὴς
1748 927 1787 959 δὲ,
1809 927 1858 952 ὅτε

1055 973 1163 1008 πρόεισι
1178 974 1227 1009 μὲν
1240 975 1281 1006 εἰς
1293 973 1329 1001 τὰ
1346 974 1416 1001 κατὰ
1429 974 1522 1010 μέρος,
1536 973 1669 1010 λαμϐάνει
1680 974 1708 1001 δὲ
1720 973 1769 1005 τὰς
1783 978 1859 1008 γνω-

1055 1028 1123 1052 σεις,
1141 1020 1202 1055 οὐχὶ
1215 1020 1317 1056 νοερῶς
1336 1020 1383 1047 καὶ
1397 1020 1506 1053 ένιαίως
1515 1029 1522 1035 ·
1535 1020 1614 1046 τοῦτο
1627 1019 1681 1056 γὰρ
1696 1019 1749 1046 τῶν
1770 1019 1859 1054 ἀγγέ-

1054 1066 1118 1098 λων,
1135 1066 1232 1098 οἴτινες
1246 1067 1317 1093 κατὰ
1332 1066 1434 1103 ἀθρόαν
1455 1065 1611 1102 μεταϐολὴν
1624 1065 1674 1097 τὰς
1687 1065 1858 1101 ὑπερκειμέ-

1054 1120 1103 1143 νας
1114 1111 1188 1144 Θείας
1199 1111 1345 1147 έλλάμψεις
1358 1111 1449 1138 νοοῦσι
1465 1111 1535 1138 κατὰ
1549 1111 1579 1138 τὸ
1594 1111 1659 1138 αὐτὸ
1674 1111 1772 1147 μέτρον
1786 1111 1857 1137 ἁπο-

1054 1156 1270 1192 καλυπτομένας.
1289 1157 1322 1183 Ἦ
1336 1157 1365 1184 δὲ
1385 1157 1458 1193 ψυχὴ
1479 1157 1606 1192 λογικῶς,
1627 1158 1674 1184 καὶ
1687 1156 1855 1189 διεξοδικῶς,

1053 1202 1193 1228 τουτέστιν
1215 1203 1254 1234 εὶς
1274 1203 1402 1238 μερικὴν,
1419 1203 1600 1238 μεριζομένην
1620 1203 1666 1229 καὶ
1679 1203 1711 1229 ἐκ
1735 1201 1856 1238 μετοχῆς

1053 1246 1268 1283 διδασκομένην*
1293 1248 1307 1273 ὁ
1329 1247 1384 1282 γὰρ
1409 1247 1481 1280 νοῦς,
1507 1248 1547 1279 είς
1572 1247 1718 1282 λογισμοὺς
1738 1247 1855 1278 κατιὼν,

1053 1292 1135 1319 οἱονεὶ
1152 1292 1293 1328 μερίζεται
1309 1294 1356 1320 καὶ
1372 1293 1462 1320 δέεται
1479 1293 1526 1320 τοῦ
1547 1293 1591 1320 διὰ
1609 1293 1739 1320 πλειόνων
1762 1302 1856 1329 παρα-

1052 1339 1207 1375 δειγμάτων
1221 1340 1416 1374 διεξοδεύοντος
1428 1340 1508 1376 λόγου
1525 1341 1595 1377 πρὸς
1615 1340 1789 1376 παράστασιν
1803 1339 1854 1367 τοῦ

1053 1386 1209 1421 νοουμένου.
1223 1387 1257 1413 Συ
1262 1387 1388 1422 μμίκτως
1398 1385 1444 1414 οῦν
1460 1387 1568 1423 ἐνεργεῖ
1581 1386 1654 1423 ψυχὴ
1671 1388 1718 1413 καὶ
1733 1386 1855 1422 μεταϐα-

1053 1432 1147 1465 τικῶς,
1164 1433 1209 1460 ὅτε
1228 1434 1276 1460 καὶ
1293 1433 1394 1469 νοερῶς
1409 1435 1464 1461 νοεῖ
1475 1442 1482 1448 ·
1496 1433 1528 1460 τὸ
1545 1433 1599 1469 γὰρ
1615 1433 1707 1468 νοερὸν
1721 1433 1786 1459 ἴδιον
1801 1431 1853 1467 τῆς

1051 1478 1140 1514 ψυχῆς
1150 1487 1156 1494 ·
1171 1479 1240 1506 διότι
1261 1479 1342 1515 μόνον
1362 1479 1433 1506 αὐτὰ
1449 1481 1504 1506 νοεῖ
1522 1478 1558 1506 τὰ
1577 1478 1796 1514 ὑπερὸεϐηκὸτα.
1812 1477 1852 1504 Οὐ

1052 1526 1154 1553 νοεῖται
1166 1525 1194 1552 δὲ
1213 1526 1278 1562 παρ’
1293 1526 1400 1558 οὐδενὸς
1413 1525 1482 1552 ὥστε
1498 1523 1569 1552 εἶναι
1589 1525 1636 1552 καὶ
1651 1525 1759 1561 νοητὸν,
1780 1524 1851 1551 πάν-

207 1564 318 1593 propter
332 1560 419 1588 solum
438 1562 564 1597 intelligit
577 1571 609 1591 ea
626 1571 686 1598 quae
710 1569 922 1597 transcendunt.
940 1569 997 1597 Non

1053 1580 1106 1599 των
1125 1571 1179 1608 γὰρ
1201 1560 1260 1599 τῶν
1275 1572 1379 1608 νοητῶν
1399 1572 1500 1608 ἐσχάτη
1525 1573 1610 1604 ἐστὶν,
1625 1560 1696 1598 ὥστε
1720 1572 1852 1603 τοιού-τως

207 1606 370 1641 intelligitur
381 1613 472 1634 autem
485 1609 521 1635 ab
532 1609 637 1644 aliquo,
650 1618 683 1638 ac
696 1611 720 1639 si
733 1619 807 1641 esset
817 1615 898 1641 etiam
916 1615 998 1643 intel-

206 1651 331 1686 ligibilis,
351 1661 412 1680 cum
428 1654 463 1681 sit
479 1655 602 1682 omnium
619 1657 832 1693 intelligibilium
848 1666 998 1695 postrema,

205 1700 236 1723 ut
249 1696 290 1724 vel
306 1697 370 1726 hinc
381 1699 463 1726 etiam
479 1699 657 1736 intelligibilis
673 1703 838 1738 appelletur;
853 1714 906 1733 nou
919 1714 1000 1735 secus

205 1750 237 1769 ac
253 1747 322 1770 testa
339 1743 365 1770 in
382 1744 557 1780 inexplebilis
573 1747 658 1774 utaris
673 1748 758 1777 fundo
773 1752 921 1779 constituta
936 1760 999 1780 sen-

204 1788 292 1816 sibilis
306 1794 358 1821 est,
377 1790 418 1816 vel
432 1791 524 1825 potius
539 1792 656 1826 ipsamet
680 1802 751 1829 aqua
771 1804 832 1831 quae
846 1806 927 1832 supra
940 1807 999 1826 ca:-

203 1834 245 1861 los
259 1835 362 1863 existit.
378 1835 462 1864 Recto
474 1842 565 1865 autem
581 1844 655 1867 motu
668 1841 759 1868 anima
774 1843 876 1878 cietur,
890 1846 1000 1879 quando

206 1881 233 1907 in
248 1883 425 1918 semetipsum
442 1891 497 1911 non
517 1885 668 1919 ingreditur
684 1885 750 1920 (hoc
765 1888 839 1916 enim
857 1895 898 1917 est
912 1891 1001 1918 circu-

204 1926 303 1955 lariter
314 1929 441 1964 moveri),
452 1931 499 1958 sed
513 1933 711 1967 progrediendo
729 1941 760 1962 ea
775 1942 835 1970 quae
847 1936 951 1964 circum
972 1943 1000 1964 et

204 1979 282 2002 extra
298 1975 385 2010 ipsam
409 1983 474 2004 sunt
491 1978 659 2011 considerat,
677 1980 703 2006 in
727 1988 788 2016 qua:
814 1987 946 2018 tanquam
973 1984 999 2011 in

203 2021 325 2056 sytnbola
339 2025 463 2058 quaadam
475 2026 593 2061 directa,
609 2036 643 2055 ex
663 2030 705 2057 his
720 2030 818 2056 iterum
835 2035 911 2057 motu
926 2036 1000 2058 recto

203 2068 237 2095 ad
255 2069 394 2104 simplices
409 2074 658 2108 contemplationes
673 2075 831 2110 adducitur,
847 2084 900 2104 nou
915 2078 1000 2105 ratio-

203 2116 330 2152 cinando,
352 2125 441 2153 neque
455 2121 636 2149 scientilicam
655 2122 790 2150 rationem
818 2124 997 2158 inquirendo,

204 2164 282 2196 quasi
303 2165 453 2193 scienlitice
476 2168 659 2195 adduceretur
680 2178 686 2196 ;
708 2176 771 2195 naut
788 2170 829 2197 sic
855 2170 940 2197 etiam
957 2178 1001 2198 res

204 2209 302 2236 divina:
320 2211 477 2240 scientilicae
488 2214 637 2248 cognitioni
656 2215 843 2250 subjacerent,
859 2221 886 2243 et
903 2223 997 2245 motus

1053 1617 1167 1654 κληθείη
1190 1618 1223 1645 ἂν
1236 1619 1308 1653 αὑτὴ
1328 1618 1421 1654 νοητὴ,
1434 1618 1472 1650 ὼς
1491 1618 1522 1644 τὸ
1538 1618 1592 1644 ὑπὸ
1609 1617 1687 1652 βυθὸν
1710 1618 1850 1653 ἀπλήστου

1053 1664 1189 1700 θαλάσσης
1203 1664 1327 1700 κείμενον
1345 1664 1487 1700 ὖστρακον,
1503 1664 1642 1700 αἰσθητὸν,
1655 1664 1671 1700 ἢ
1696 1663 1796 1699 μᾶλλον
1817 1664 1851 1691 τὸ

1052 1711 1180 1746 ὑπεράνω
1195 1711 1249 1737 τῶν
1262 1710 1387 1746 οὐρανῶν
1401 1710 1484 1746 ὕδωρ.
1497 1711 1566 1737 Κατ’
1578 1710 1686 1737 εὐθεῖαν
1699 1709 1727 1736 δὲ
1740 1710 1850 1746 κίνησιν

1052 1759 1167 1784 κινεῖται
1186 1757 1270 1792 ψυχὴ,
1293 1757 1356 1783 ὅταν
1375 1757 1426 1783 οὐκ
1445 1757 1485 1788 εἰς
1502 1756 1588 1792 αὐτὴν
1611 1756 1743 1787 εἰσιοῦσα,
1758 1756 1850 1792 (τοῦτο

1053 1802 1108 1838 γάρ
1122 1803 1180 1829 ἐστι
1203 1802 1234 1830 τὺ
1254 1801 1326 1828 κατὰ
1349 1801 1471 1837 κύκλον,)
1484 1800 1553 1828 ἀλλὰ
1570 1801 1703 1836 προϊοῦσα
1726 1802 1762 1828 τὰ
1782 1802 1850 1837 περὶ

1052 1850 1137 1884 αὐτὴν
1149 1850 1247 1884 σκοπῇ,
1260 1848 1307 1876 καὶ
1325 1848 1359 1875 τὰ
1375 1847 1485 1880 ἔξωθεν,
1496 1848 1536 1880 είς
1548 1847 1619 1883 ἅπερ
1630 1847 1744 1883 ἀρθεῖσα
1757 1848 1796 1880 ὡς
1807 1849 1850 1881 εἰς

1053 1894 1176 1930 σύμϐολα
1190 1903 1261 1926 τινα,
1274 1895 1306 1921 ὲκ
1323 1893 1426 1922 τούτων
1439 1892 1516 1926 αὖθις
1529 1894 1590 1920 κατ’
1604 1893 1721 1926 εὐθεῖαν,
1737 1895 1783 1921 ἐπὶ
1797 1895 1850 1927 τὰς

1053 1941 1141 1973 ἁπλᾶς
1154 1941 1270 1977 Θεωρίας
1286 1941 1419 1976 ἀνάγηται
1433 1941 1462 1967 οὐ
1477 1940 1700 1977 συλλογιζομένη,
1716 1941 1770 1968 οὐδ’
1784 1942 1845 1968 ἐπι-

1053 1987 1215 2024 στημονικὸν
1229 1987 1347 2023 ζητοῦσα
1360 1988 1448 2022 λόγον,
1462 1987 1499 2020 ὡς
1515 1987 1548 2014 ἂν
1570 1988 1759 2023 ἐπιστημόνως
1780 1988 1847 2014 ἁνα-

1052 2033 1140 2069 χθείη,
1154 2033 1235 2069 (οὕτω
1248 2033 1303 2068 γὰρ
1310 2033 1343 2060 ἂν
1358 2034 1404 2060 καὶ
1417 2033 1451 2059 τὰ
1462 2033 1520 2060 θεῖα
1533 2034 1730 2070 ἐπιστημονικῇ
1744 2033 1848 2068 γνώσει

1053 2080 1206 2113 ὑπέκειντο,
1220 2079 1268 2106 καὶ
1288 2081 1305 2115 ὴ
1328 2079 1433 2115 κίνησις
1448 2079 1477 2105 οὐ
1501 2081 1561 2106 κατ’
1581 2079 1698 2111 εὐθεῖαν,
1716 2079 1773 2106 ἀλλ’
1790 2080 1846 2106 ἑλι-

1053 2126 1161 2162 κοειδὴς
1173 2126 1277 2161 ἐγίνετο
1288 2134 1295 2140 ⁸
1305 2125 1315 2162 )
1327 2125 1384 2152 ἀλλ’
1395 2125 1449 2151 ἀπὸ
1461 2125 1576 2157 κτίσεως
1586 2126 1688 2161 κόσμου
1698 2126 1733 2152 τὰ
1742 2126 1849 2162 ἀόρατα

1051 2173 1100 2200 τοῦ
1114 2172 1182 2199 Θεοῦ
1204 2172 1304 2204 ἁπλαῖς
1321 2172 1368 2199 καὶ
1387 2171 1506 2204 εὐθείαις
1525 2171 1663 2204 ἐπιϐολαῖς
1682 2173 1728 2199 καὶ
1745 2173 1847 2199 ἀπολυ-

1053 2219 1255 2254 πραγμονήτως
1269 2218 1377 2251 νοοῦσα,
1393 2219 1463 2255 ὑπὲρ
1478 2219 1567 2246 πᾶσαν
1581 2218 1753 2254 διανοητικὴν
1768 2219 1846 2252 ἐνέρ-

205 2254 250 2281 ὶιιο
261 2255 332 2283 baud
351 2262 452 2289 rectus,
468 2259 515 2286 sed
527 2259 655 2294 obliquus
671 2267 756 2288 οδεοι.
772 2261 874 2290 Verum
888 2271 902 2289 a
919 2271 997 2291 crea-

1053 2273 1128 2299 γειαν
1140 2265 1187 2291 καὶ
1200 2264 1348 2298 ἀπόδειξιν.

203 2305 264 2327 tura
281 2303 372 2329 mundi
389 2304 535 2332 invisibilia
551 2305 598 2333 Dei
615 2307 788 2342 simplicibus
804 2315 849 2344 get
880 2310 963 2337 rectis
996 2312 1285 2346 apprehensiOnibus,
1313 2316 1338 2339 el
1367 2319 1420 2339 non
1456 2318 1587 2346 operose,
1612 2310 1751 2338 intellecta
1780 2317 1845 2339 sunt

202 2354 285 2382 supra
307 2356 416 2378 omnem
440 2351 595 2380 intellectus
619 2355 807 2388 operationem
830 2364 862 2383 ac
878 2358 1154 2386 demonstrationem.

238 2394 253 2430 ς
268 2395 300 2422 Χ.
313 2395 415 2424 Harum
432 2399 514 2433 igitur
528 2402 611 2428 trium
626 2403 789 2436 motionum,
802 2404 908 2432 scilicet
919 2413 995 2433 tuen-

205 2441 272 2468 tium
286 2446 314 2469 et
328 2443 492 2478 animarum,
507 2449 534 2473 et
549 2446 727 2480 ipsarummet
741 2449 823 2476 trium
842 2451 993 2479 motionum

203 2494 264 2520 quae
279 2487 305 2514 in
321 2488 469 2517 sensilibus
483 2494 669 2526 reperiuntur,
686 2499 714 2521 et
739 2495 825 2523 multo
848 2497 933 2531 prius,
948 2506 994 2525 cu-

201 2531 300 2566 jusque
311 2533 398 2568 angeli
410 2538 440 2562 et
452 2536 560 2570 animae,
576 2538 670 2573 reique
681 2540 800 2575 sensilis,
811 2543 996 2577 mansionum,

203 2582 233 2604 et
250 2578 409 2612 stationum,
425 2587 453 2608 et
469 2581 629 2611 ﬁrmitatum
653 2585 776 2613 vicissim
800 2587 883 2615 etiatn
911 2597 995 2617 causa

203 2627 246 2649 est
262 2623 343 2652 Deus.
359 2625 502 2659 Quomodo
516 2633 607 2657 autem
624 2631 708 2658 multo
724 2632 800 2666 prius
823 2634 994 2663 mansionum

204 2677 286 2704 quam
297 2671 448 2700 motionum
458 2673 470 2700 ?
480 2675 543 2709 quia
556 2676 683 2704 videlicet
696 2677 722 2705 id
735 2679 808 2713 quod
822 2685 915 2707 manet
927 2689 996 2716 prze-

204 2719 321 2745 stautius
343 2718 426 2755 397
450 2726 494 2748 est
513 2729 546 2750 eo
562 2723 635 2758 quod
659 2731 806 2760 movetur;
825 2729 897 2755 unde
909 2729 992 2756 etiam

203 2772 263 2798 quae
277 2765 368 2794 divina
391 2772 464 2801 sunt,
485 2774 548 2796 sunt
563 2769 724 2804 immobilia,
742 2773 875 2801 nostratia
900 2779 994 2802 autem

204 2812 315 2840 mobilia
330 2818 393 2841 sunt
406 2820 433 2841 et
445 2816 636 2850 nominantur;
651 2818 781 2852 quoniam
793 2827 902 2854 quoque
913 2827 995 2848 omne

208 2858 233 2884 id
252 2860 323 2893 quod
343 2866 470 2888 movetur
496 2863 530 2890 ab
553 2863 685 2892 immobili
709 2871 854 2900 movetur;
870 2871 898 2894 et
920 2867 993 2901 quod

206 2907 344 2935 immobile
368 2913 420 2943 est,
444 2917 498 2938 non
519 2918 587 2946 opus
610 2911 690 2940 habet
708 2920 740 2942 eo
766 2914 837 2948 quod
856 2920 990 2942 movetur.

1086 2407 1099 2443 ξ
1113 2408 1147 2434 Χ.
1164 2407 1274 2435 Τούτων
1289 2406 1336 2435 οὗν
1349 2408 1403 2435 τῶν
1415 2408 1499 2444 τριῶν
1514 2407 1613 2443 δηλαδὴ
1626 2406 1770 2442 κινήσεων,
1786 2407 1846 2434 τῶν

1049 2454 1116 2481 νοῶν
1130 2453 1252 2490 δηλονότι
1272 2454 1319 2481 καὶ
1337 2454 1392 2480 τῶν
1412 2453 1516 2489 ψυχῶν,
1536 2454 1584 2480 καὶ
1601 2452 1691 2479 αὐτῶν
1703 2452 1735 2488 δὴ
1746 2451 1802 2479 τῶν
1814 2453 1843 2479 ὲν

1048 2502 1104 2532 τοῖς
1117 2500 1257 2535 αἰσθητοῖς
1276 2500 1360 2537 τριῶν
1374 2501 1518 2535 κινήσεων,
1538 2499 1586 2526 καὶ
1599 2498 1690 2534 πολλῷ
1711 2499 1847 2534 πρότερον

1047 2546 1086 2582 τῷ
1100 2546 1226 2578 ἑκάστου,
1247 2546 1363 2581 ἀγγέλου
1382 2546 1502 2582 δηλονότι
1521 2547 1568 2573 καὶ
1587 2546 1676 2581 ψυχῆς
1688 2545 1735 2572 καὶ
1746 2545 1845 2581 αἰσθη-

1048 2591 1105 2624 τοῦ,
1120 2592 1209 2628 μονῶν
1222 2592 1269 2619 καὶ
1282 2592 1403 2618 στάσεων
1415 2591 1462 2618 καὶ
1474 2591 1614 2627 ἱδρύσεων.
1625 2592 1658 2617 ὲκ
1669 2590 1842 2626 παραλλήλου

1047 2639 1095 2665 καὶ
1112 2638 1192 2670 αὐτὰ,
1206 2637 1291 2665 αἴτιόν
1311 2639 1384 2664 ἐστιν
1406 2639 1421 2665 ό
1436 2637 1512 2669 Θεός.
1532 2637 1596 2669 Πῶς
1617 2637 1645 2664 δὲ
1667 2636 1757 2672 πολλῷ
1775 2636 1844 2672 πρό-

1047 2691 1127 2718 τερον
1144 2682 1199 2708 τῶν
1213 2682 1301 2718 μονῶν
1313 2682 1330 2718 ἢ
1344 2682 1400 2709 τῶν
1413 2682 1565 2718 κινήσεων;
1579 2682 1595 2717 ἢ
1614 2681 1736 2717 δηλονότι
1749 2682 1780 2708 τὸ
1794 2681 1842 2717 μέ-

1048 2737 1094 2755 νον
1101 2728 1149 2755 τοῦ
1162 2729 1190 2755 ὲν
1199 2729 1306 2764 κινήσει
1314 2728 1510 2764 προτιμότερον
1521 2736 1528 2759 ;
1537 2727 1598 2754 ὅθεν
1604 2728 1651 2754 καὶ
1661 2728 1696 2754 τὰ
1708 2727 1767 2754 θεῖα
1778 2727 1841 2754 ἀκί-

1047 2783 1126 2809 νητα,
1141 2773 1175 2800 τὰ
1187 2774 1216 2800 δὲ
1230 2774 1290 2801 καθ’
1302 2775 1376 2810 ἡμᾶς
1393 2773 1541 2809 κινούμενά
1562 2774 1614 2800 εισι
1637 2782 1666 2800 τε
1679 2774 1727 2801 καὶ
1749 2773 1842 2808 λέγον-

1047 2829 1104 2852 ται,
1120 2821 1167 2847 καὶ
1179 2820 1219 2846 ὅτι
1232 2821 1286 2847 πᾶν
1298 2820 1328 2846 τὸ
1338 2819 1496 2855 κινούμενον
1507 2819 1559 2846 ὑπὸ
1570 2820 1698 2855 ἀκινήτου
1711 2820 1840 2851 κινεῖται,

1048 2867 1077 2893 τὸ
1095 2866 1122 2893 δὲ
1145 2866 1273 2902 ἀκίνητον
1293 2867 1324 2892 οὺ
1347 2867 1442 2902 χρείαν
1455 2865 1511 2901 ἔχει
1530 2865 1577 2892 τοῦ
1591 2865 1760 2900 κινουμένου.
1776 2865 1839 2897 Πῶς

1045 2912 1073 2939 δὲ
1086 2913 1140 2948 ἔχει
1153 2913 1200 2939 καὶ
1212 2912 1240 2939 τὸ
1252 2911 1378 2947 αἰσθητὸν
1390 2911 1439 2944 τὰς
1450 2912 1523 2947 τρεῖς
1536 2911 1665 2947 κινήσεις,
1677 2910 1693 2946 ἢ
1705 2910 1837 2946 δηλονάτι,
