1938 3065
47 155 130 184 769.

364 157 409 185 DE
426 157 552 186 DlVlNlS
568 157 768 191 NOMINIBL‘S,
785 156 854 186 CAP
887 156 931 184 IV.
950 172 984 178 ——
1000 156 1174 184 PARAPIIR.
1193 156 1441 186 PACHYMERJE.

1664 157 1722 184 770

25 230 28 233 -
45 215 95 242 τὰ
118 215 182 252 μὲν
197 217 316 252 στοιχεῖα
329 216 379 252 τὴν
392 217 451 244 κατ’
464 217 570 244 εὐθεῖαν
584 226 591 233 ·
606 217 637 243 τὸ
653 217 701 253 μὲν
721 216 787 252 πῦρ,
801 217 857 244 ἄνω

926 213 1068 248 Quomodo
1082 219 1174 242 autem
1198 222 1242 242 res
1257 214 1395 242 sensibilis
1408 219 1466 243 tres
1478 215 1562 244 hasce
1580 216 1718 244 motiones

46 260 69 296 ἢ
86 260 126 287 δὲ
145 261 197 296 γῆ,
207 261 283 288 κάτω
294 270 301 276 ·
315 261 345 288 τὸ
354 261 382 288 δέ
395 262 458 293 πᾶν,
469 261 517 297 τὴν
527 261 621 298 κύκλῳ
632 271 639 277 ⁸
651 263 676 288 οἱ
686 262 714 288 δέ
726 261 872 298 πλανῆται,

45 306 114 342 τὴν
131 307 274 343 ἑλικοειδῆ
286 307 354 334 καθὸ
367 308 421 335 ἀπὸ
433 307 486 335 τῶν
498 309 593 336 νοτίων
605 309 651 335 ἐπὶ
663 308 698 335 τὰ
709 308 812 344 βόρεια,
825 308 873 335 καὶ

46 352 121 379 ἀπὸ
139 353 202 380 τῶν
214 353 327 389 βορείων
339 354 386 380 ἐπὶ
397 353 433 381 τὰ
445 354 520 381 νότια
531 354 580 390 τὴν
593 354 699 390 κίνησιν
711 354 813 390 έχουσι,
826 353 873 380 κο.)⁴

47 399 100 430 εἰς
124 399 166 426 τὺ
179 399 244 426 αὐτὸ
262 401 374 435 σημεῖον
388 400 468 427 πάλιν
486 400 704 427 ἐπανακυκλοῦσι
718 408 725 433 ;
744 399 800 426 Καὶ
817 400 872 435 γὰρ

46 443 91 470 ἐκ
109 443 171 470 τοῦ
185 444 253 471 Θεοῦ
265 444 301 471 τὰ
312 445 401 472 πάντα
419 446 466 472 καὶ
478 446 512 472 δι’
525 445 618 478 αὐτοῦ,
632 444 684 472 κᾶν
706 445 811 481 σμικρά
831 453 872 476 τις

45 489 157 524 φύσις
171 489 200 527 ᾖ,
213 489 265 517 κᾶν
278 491 394 528 μεγάλη,
408 491 459 519 κᾶν
476 491 520 528 ἴση
532 493 588 524 τοῖς
601 492 701 524 ἄλλοις,
716 491 767 519 κᾶν
778 492 808 518 ἐν
825 491 873 527 μὲ-

45 543 123 571 τρῳ
140 537 199 562 τινὶ
211 536 366 572 ὡρισμένῳ,
379 538 406 563 αί
425 537 480 564 τῶν
493 537 657 573 σωματικῶν
670 537 809 572 ἀναλογίαι
824 547 873 574 με-

48 579 136 616 ρῶν,
165 581 194 608 αἱ
207 581 347 617 ἁρμονίαι,
359 583 387 608 αἱ
399 582 453 610 τῶν
468 582 563 619 χυμῶν
575 583 698 619 κράσεις,
712 583 747 610 τὰ
765 584 824 615 ὃλα,
837 583 872 611 τὰ

49 625 158 662 μέρη,
172 627 227 653 πᾶν
239 627 268 653 ἒν
280 628 327 654 καὶ
340 627 450 664 πλῆθος.
469 629 546 655 Ἐστι
564 629 618 665 γὰρ
632 630 678 656 καὶ
690 629 718 656 ἓν
735 629 806 656 κατὰ
822 629 872 666 τὴν

48 670 202 700 σύνδεσιν
213 672 267 699 τῶν
278 672 380 708 μερῶν,
389 673 426 706 ὡς
437 674 588 709 ἄνθρωπος,
604 674 667 706 βοῦς
679 683 686 690 υ
699 675 771 701 ἐστιν
783 674 813 701 ἓν
824 674 872 701 καὶ

49 717 141 745 κατὰ
157 718 209 754 τὴν
221 718 268 745 τοῦ
287 719 407 755 πλήθους
426 720 532 753 ἐνωσιν,
552 720 589 753 ὡς
609 721 704 756 δῆμος,
728 721 870 758 ἐκκλησία,

49 764 188 801 ποίμνη.
204 765 240 791 Τὸ
255 765 331 792 ποιὸν
347 766 472 799 ἑκάστου,
483 767 514 793 τὺ
533 767 631 794 ποσόν·
653 767 733 794 τοῦτο
747 768 801 803 γάρ
813 769 872 794 ἐστι

49 810 88 836 τὸ
102 810 241 846 πηλίκον,
253 812 280 838 αἱ
292 811 346 839 τῶν
357 813 496 848 στοιχείων
507 814 644 840 κοινωνίαι
656 814 702 840 καὶ
709 814 868 850 διακρίσεις.

50 855 147 882 Καοδ
172 855 227 891 γὰρ
249 857 335 893 ἑτέρῳ
359 857 468 884 ἑνοῦται
490 868 529 890 τι,
554 857 743 887 ἀποδιίσταται
768 860 848 887 ἄλλου
862 869 868 876 ·

928 261 1020 293 habet,
1036 260 1089 288 nisi
1103 261 1166 295 quia
1179 261 1306 288 videlicet
1320 260 1454 288 elementa
1471 262 1582 296 quidem
1600 266 1719 296 rectum,

927 310 957 333 ut
976 305 1052 341 ignis
1074 313 1196 339 sursum,
1210 310 1282 333 terra
1296 306 1436 339 dconsum,
1450 307 1606 334 universum
1624 312 1716 334 autent

924 351 976 380 hoc
1001 351 1181 386 circularem,
1208 351 1325 387 pinnata:
1353 359 1419 380 vero
1447 353 1585 388 obliquum
1613 358 1716 380 motum

925 399 1038 431 habent,
1055 399 1276 434 quandoquidem
1301 399 1335 427 ab
1358 399 1461 427 Austro
1476 407 1571 427 versus
1587 399 1716 431 Boream,

923 450 951 473 et
966 445 1086 473 vicissim
1103 453 1117 472 a
1133 445 1217 472 Borea
1243 453 1339 473 versus
1355 445 1485 473 Austrum
1511 451 1666 480 moventur,
1688 450 1718 473 et

924 490 958 518 ad
976 491 1047 518 idem
1061 497 1193 524 punctum
1210 491 1300 519 denuo
1316 491 1517 519 revolvuntur?
1531 491 1671 525 Siquidem
1682 499 1717 518 ex

924 537 980 564 Deo
995 540 1024 564 et
1034 544 1082 572 per
1091 536 1175 564 Deum
1188 541 1252 564 sunt
1268 537 1370 569 omnia,
1382 536 1557 571 quantumvis
1572 539 1667 562 natura
1682 535 1717 562 sit

923 590 1019 618 parva,
1035 582 1077 610 vel
1092 590 1200 618 magna,
1214 583 1255 610 vel
1266 583 1380 618 aequalis
1395 582 1474 615 aliis;
1496 587 1525 609 et
1545 584 1624 609 modo
1639 588 1717 609 certo

922 628 1045 662 deﬁnita,
1058 636 1252 664 eorporearum
1269 636 1378 664 quoque
1389 629 1508 663 partium
1520 628 1717 662 proportiones

922 679 951 702 et
979 675 1175 709 congruentite,
1201 675 1347 702 Innnorum
1379 675 1615 708 temperationes,
1646 678 1714 706 tota,

922 726 1028 756 partes,
1043 728 1123 748 omne
1138 729 1223 748 unum
1237 727 1263 748 et
1280 720 1437 748 multitudo.
1460 721 1509 748 Est
1534 725 1626 747 autem
1650 719 1714 754 quid

922 775 1005 795 unum
1026 768 1176 795 secundum
1201 767 1403 802 colligationem
1428 766 1557 802 partium.
1576 771 1605 794 ut
1620 767 1715 798 homo.

921 814 991 847 bos;
1009 819 1035 841 et
1051 818 1093 842 est
1107 822 1190 842 unum
1205 814 1356 842 secundum
1377 813 1560 841 multitudinis
1573 814 1715 846 unionem,

923 863 954 885 ut
966 858 1092 893 populus,
1110 859 1296 894 congregatio,
1312 867 1391 893 grex.
1407 858 1547 892 annsque
1568 859 1631 885 item
1645 865 1714 892 qua—

52 902 140 929 κατὰ
165 902 221 939 γὰρ
233 903 264 930 τὸ
280 904 381 940 θερμὸν
401 905 433 931 τὸ
448 904 504 941 πῦρ
516 905 555 940 τῷ
569 906 630 942 ἀέρι
652 907 804 942 ἑνούμενον,
818 907 860 934 τοῦ

919 903 982 932 litas
993 911 1026 932 ac
1039 904 1178 939 quantitas
1191 912 1198 930 :
1210 905 1260 932 hoc
1271 904 1344 931 enim
1356 908 1398 931 est
1411 906 1501 938 quale,
1515 903 1713 931 elementorum

52 948 170 981 ὓδατος
182 949 337 985 χωρίζεται.
353 950 385 977 Ἥ
395 951 425 978 ἐν
435 953 492 984 τοῖς
506 951 649 987 μεγέθεσιν
661 953 784 988 ἀπειρία,
795 953 866 980 κατὰ

53 993 113 1030 τὴν
128 993 267 1030 διαίρεσιν
279 1003 285 1010 '
302 995 319 1030 ἡ
339 995 368 1021 ἐν
379 997 435 1028 τοῖς
454 996 581 1032 ἀριθμοῖς
600 997 712 1032 ἀπειρία
732 997 803 1024 κατὰ
817 998 867 1034 τὴν

53 1040 221 1075 πρόσθεσιν
230 1049 236 1055 ·
250 1041 303 1068 πᾶν
317 1041 414 1078 πέρας,
423 1043 447 1068 οἱ
459 1043 651 1078 ἐρμηνευτιχοὶ
662 1043 736 1077 λόγοι
748 1044 866 1078 πάντων,

54 1087 88 1112 αἱ
103 1085 214 1119 τάξεις,
229 1089 256 1114 at
276 1088 343 1124 πρὸς
356 1088 458 1124 ἄλληλα
471 1089 614 1125 ὑπεροχαὶ,
629 1090 704 1116 πᾶσα
718 1090 807 1123 οὐσία,
820 1092 868 1118 καὶ

53 1131 73 1166 ἡ
90 1131 126 1157 ἐν
149 1132 221 1168 αὐτῇ
234 1132 300 1165 ἕξις,
322 1133 370 1160 καὶ
391 1135 466 1161 πᾶσα
479 1134 593 1170 δύναμις
606 1136 654 1162 καὶ
671 1135 807 1172 ἐνέργεια,
821 1137 867 1164 καὶ

56 1176 145 1203 πᾶσα.
159 1177 296 1213 αἴσθησις,
309 1179 357 1205 κα)⁴
367 1179 455 1214 λόγος,
472 1181 519 1207 καὶ
530 1181 633 1217 ἐπαφὴ,
652 1181 736 1217 ῆγουν
755 1182 865 1217 γνῶσις,

55 1223 111 1250 καὶ
126 1224 282 1260 ἐπιστήμη,
296 1226 342 1253 καὶ
365 1228 439 1254 πᾶσα
458 1228 554 1261 ἓνωσις
571 1229 605 1256 δι’
626 1229 762 1263 ἀγνωσίας
783 1239 867 1267 προσ-

58 1271 208 1298 ϐάλλουσα
219 1274 275 1305 τοῖς
294 1274 441 1310 κρείττοσι,
453 1275 501 1302 καὶ
511 1276 565 1302 πᾶν
577 1276 616 1308 ὃν,
636 1276 665 1308 ἐξ
677 1277 769 1310 αὑτοῦ,
778 1278 825 1305 καὶ
837 1279 867 1305 ἐν

58 1317 157 1354 αὐτῷ,
172 1320 222 1346 καὶ
234 1321 274 1352 εἰς
285 1321 360 1354 αὐτὸ,
374 1323 422 1348 καὶ
432 1322 500 1358 πρὸς
512 1323 578 1350 αὐτὸ
590 1325 651 1360 ὁρᾷ,
665 1325 711 1351 καὶ
723 1325 769 1350 ὑπ’
782 1325 865 1352 αὑτοῦ

60 1364 225 1401 συνέχεται,
243 1367 290 1393 καὶ¹
310 1368 339 1394 ἐν
367 1368 442 1404 αὑτῷ
457 1370 531 1396 πᾶσα
544 1370 656 1406 ἀρχὴ,ἢ
677 1372 866 1407 παραδειγμα-

59 1412 144 1447 τικὴ,
160 1413 229 1448 πρὸς
242 1413 275 1448 ἥν
287 1414 390 1448 γίνεται
402 1415 433 1441 τὸ
453 1416 594 1452 γινόμενον
603 1425 610 1432 '
627 1417 708 1443 τοῦτο
719 1417 748 1444 δέ
761 1418 835 1445 ἐστιν
848 1419 865 1454 ἡ

61 1458 138 1490 ἰδέα,
153 1459 215 1494 ἥτις
238 1461 297 1487 ἐστὶ
322 1461 414 1497 νόησις
434 1463 589 1499 αὐτοτελὴς,
607 1464 690 1497 ἀΐδιος
711 1465 759 1491 τοῦ
780 1466 864 1492 ἀϊδίου

61 1503 137 1531 Θεοῦ
152 1513 159 1520 ·
180 1505 196 1540 ἢ
210 1505 315 1542 τελικὴ,
329 1507 377 1534 καὶ
389 1505 424 1543 ἦς
443 1508 524 1535 ἕνεκα
545 1509 575 1536 τὸ
588 1510 729 1545 γινόμενον
747 1510 865 1538 τελειοῦν

60 1558 110 1576 ται
124 1559 131 1565 ·
154 1551 171 1586 ἢ
184 1553 323 1588 ποιητικὴ,
337 1553 353 1589 ή
366 1555 554 1591 κεχωρισμένη
567 1555 615 1582 τοῦ
627 1555 845 1591 ἀποτελέσματος
854 1564 861 1572 ⁸

60 1595 80 1632 ἢ
93 1596 198 1632 εἰδικὴ,
211 1597 225 1624 ὃ
237 1598 341 1632 γίνεται
353 1599 384 1626 τὺ
394 1600 537 1635 γινόμενον
546 1609 553 1616 ·
571 1601 588 1637 ἢ
608 1600 790 1637 στοιχειώδης,
809 1602 863 1628 oio-

61 1643 107 1670 νεὶ
126 1643 209 1680 ὑλικὴ
222 1645 252 1678 ἐξ
271 1642 301 1672 οὗ
319 1646 518 1682 ἐνυπάρχοντος
535 1648 639 1682 γίνεται
657 1648 687 1675 τὸ
709 1648 860 1684 γινόμενον.

63 1689 123 1716 Καὶ
145 1691 237 1717 πάντα
254 1691 288 1718 τὰ
301 1691 365 1719 ὂντα
377 1693 410 1719 ἐκ
421 1693 467 1720 τοῦ
485 1693 568 1720 καλοῦ
587 1694 655 1726 ἐστι,
667 1694 714 1720 καὶ
728 1694 815 1721 πάντα
827 1693 862 1721 τὰ

62 1735 117 1762 οὑκ
137 1735 205 1764 ὄντα
223 1738 256 1764 ἐκ
277 1738 324 1765 τοῦ
344 1739 428 1766 καλοῦ
451 1739 501 1775 μέν
519 1740 549 1767 οὺ
569 1739 704 1775 λέγονται,
727 1740 788 1767 οὐδὲ
807 1740 862 1777 γὰρ

64 1782 161 1818 έχουσι
180 1784 320 1818 σύστασιν,
333 1785 392 1813 ἀλλ’
403 1787 432 1814 ἐν
447 1786 487 1822 τῷ
505 1786 579 1822 καλῷ
592 1788 644 1814 εἰσι
656 1795 663 1802 ·
682 1787 790 1822 λέγεται
807 1787 862 1824 γὰρ

63 1829 96 1856 τὸ
107 1830 193 1857 καλὸν
205 1831 283 1858 τοῦτο
295 1833 522 1869 ἀφαιρεματικῶς
535 1834 589 1861 ἀπὸ
600 1835 720 1862 πάντων.

919 951 1126 978 communiones
1135 958 1167 978 ac
1177 950 1375 977 distinctiones.
1387 950 1622 983 Quemadmodum
1638 949 1713 976 enim

919 996 1021 1031 aliquid
1047 996 1128 1024 alteri
1156 996 1258 1029 unitur,
1275 996 1316 1024 sic
1329 997 1364 1024 ab
1387 996 1472 1024 altero
1495 1001 1656 1030 separatur;
1673 996 1713 1023 sic

919 1043 989 1079 ignis
1004 1045 1154 1071 secundum
1174 1045 1295 1072 calorem
1312 1049 1340 1070 et
1353 1043 1410 1071 aeri
1433 1044 1526 1070 unitur
1547 1047 1575 1070 et
1593 1043 1628 1069 ab
1641 1049 1712 1076 aqua

918 1095 1088 1126 segregatur.
1112 1090 1236 1118 lniinitas
1262 1091 1288 1118 in
1305 1090 1540 1125 magnitudinibus
1560 1089 1712 1116 secundum

918 1137 1093 1168 divisionem,
1110 1138 1136 1164 in
1153 1137 1275 1164 numeris
1291 1137 1440 1164 secundum
1457 1136 1636 1169 additionein,
1651 1143 1712 1162 oui-

918 1184 961 1212 nis
974 1184 1045 1215 ﬁnis,
1055 1184 1272 1218 interpretantes
1285 1189 1428 1210 sermones
1440 1182 1572 1214 omnium,
1587 1181 1712 1212 ordines,

918 1236 1019 1258 mutua;
1032 1231 1211 1263 excellentia;
1227 1230 1318 1258 omnis
1329 1229 1496 1260 substantia,
1512 1233 1541 1255 et
1556 1227 1645 1255 omnis
1661 1227 1712 1254 ha-

918 1277 991 1305 bitus
1013 1277 1061 1313 qui
1081 1277 1109 1304 in
1121 1285 1153 1305 ea
1175 1281 1226 1309 est,
1243 1282 1272 1305 et
1287 1277 1377 1304 omnis
1400 1276 1441 1302 vis
1464 1280 1492 1302 et
1510 1274 1671 1306 etlicacitas,
1684 1279 1712 1301 et

917 1323 1008 1350 omnis
1025 1330 1133 1355 sensus,
1154 1327 1183 1350 et
1213 1322 1293 1354 ratio,
1322 1327 1350 1349 et
1375 1326 1464 1348 tactus
1491 1321 1550 1347 sive
1576 1320 1661 1352 notio,
1682 1323 1712 1346 et

917 1369 1043 1401 scientia,
1057 1373 1086 1396 et
1102 1369 1192 1396 omnis
1205 1369 1269 1396 unio
1281 1375 1341 1403 qua:
1355 1375 1403 1402 per
1416 1367 1612 1402 ignorationem
1630 1367 1712 1394 rebus

917 1415 1028 1450 Optimis
1045 1415 1198 1450 conjungit,
1215 1419 1243 1442 et
1257 1421 1338 1442 omne
1355 1415 1426 1450 quod
1446 1419 1497 1446 cst,
1510 1421 1543 1441 ex
1559 1413 1627 1447 ipso,
1641 1418 1670 1440 et
1683 1413 1711 1440 in

917 1461 987 1495 ipso,
1001 1467 1029 1488 et
1045 1462 1078 1488 ad
1092 1461 1182 1496 ipsum
1205 1465 1258 1494 est,
1275 1466 1303 1488 et
1315 1466 1432 1496 Spectat,
1448 1465 1476 1488 et
1490 1461 1524 1487 ab
1545 1460 1604 1495 ipso
1621 1461 1711 1488 conti-

917 1513 1009 1539 netur,
1037 1512 1065 1535 et
1087 1509 1114 1535 in
1146 1507 1205 1542 ipso
1231 1508 1324 1535 existit
1350 1514 1431 1534 omne
1457 1507 1621 1541 principium
1651 1507 1711 1534 sive

917 1555 1085 1588 exetnplare,
1101 1554 1250 1581 secundum
1268 1553 1341 1587 quod
1355 1553 1386 1580 iit
1402 1553 1428 1579 id
1444 1553 1516 1587 quod
1527 1551 1579 1586 ﬁt;
1594 1552 1646 1580 hoc
1660 1560 1710 1579 an-

917 1604 970 1627 tem
986 1605 1028 1627 est
1048 1599 1120 1632 idea,
1140 1607 1201 1634 qua:
1223 1604 1266 1627 cst
1294 1598 1442 1626 intellectio
1460 1606 1509 1633 per
1521 1606 1551 1626 se
1576 1599 1708 1633 perfecta,

915 1647 1093 1682 sempiterna,
1112 1638 1272 1681 sempiterni
1305 1645 1371 1679 Dei;
1394 1645 1451 1672 sive
1465 1644 1564 1678 ﬁnale,
1580 1650 1608 1672 et
1631 1644 1711 1679 cujus

914 1693 1004 1729 gratia
1019 1693 1046 1720 id
1063 1692 1135 1727 quod
1151 1692 1182 1719 tit
1193 1692 1344 1727 perficitur,
1361 1691 1420 1719 sive
1435 1690 1568 1724 eﬂiciens,
1585 1692 1657 1726 quod
1673 1692 1709 1719 ab

914 1740 1012 1768 effectu
1039 1743 1196 1774 separatum
1218 1744 1278 1772 est;
1302 1738 1361 1765 sive
1385 1737 1511 1769 l'ormule,
1537 1737 1609 1772 quod
1629 1737 1660 1764 iit
1682 1738 1709 1764 id

914 1789 986 1823 quod
1009 1787 1187 1823 producitur;
1214 1787 1272 1814 sive
1293 1785 1462 1813 elementare
1483 1792 1531 1812 seu
1554 1784 1708 1819 materiale,

913 1842 948 1862 ex
968 1833 1047 1869 cujus
1067 1832 1198 1867 subjecto.
1212 1832 1242 1859 fit
1267 1831 1294 1858 id
1312 1831 1384 1866 quod
1401 1830 1442 1858 tit.
1459 1830 1493 1857 Et
1514 1830 1606 1858 omnia
1630 1838 1709 1866 quai-

64 1882 178 1912 cunque
204 1883 269 1906 sunt
297 1886 331 1907 ex
365 1880 438 1908 bono
451 1885 526 1912 sunt,
553 1885 581 1908 et
616 1888 786 1917 quascunque
814 1889 868 1909 non
898 1885 962 1909 sunt
994 1887 1010 1907 a
1039 1879 1155 1915 pulchro
1182 1878 1293 1913 quidem
1321 1885 1375 1904 non
1410 1877 1644 1910 denominantur,
1669 1877 1709 1905 si—

65 1922 180 1956 quidem
198 1931 251 1952 non
271 1924 374 1953 habent
400 1930 514 1960 statum,
529 1926 578 1955 sed
599 1927 627 1955 in
654 1927 769 1962 pulchro
786 1933 868 1962 sunt;
889 1928 991 1956 dicitur
1008 1930 1102 1954 autem
1123 1925 1176 1954 hoc
1198 1925 1345 1961 pulchrum
1361 1925 1396 1952 de
1417 1923 1545 1952 omnibus
1567 1930 1617 1959 per
1631 1924 1708 1952 abla-

67 1970 186 1998 tionem.

102 2017 117 2053 §
130 2017 177 2044 XI.
206 2016 345 2044 Ἐντεῦθεν
357 2015 492 2044 είσΰάλλει
507 2018 571 2054 περὶ
590 2017 701 2054 ἔρωτος,
715 2019 763 2046 καί
775 2027 858 2055 φησι·

67 2062 156 2089 Πᾶσιν
171 2060 218 2089 οὖν
229 2063 288 2089 ἐστι
304 2062 335 2089 τὸ
347 2062 429 2089 καλὸν
448 2063 494 2089 καὶ
505 2063 611 2098 ἐφετὸν,
624 2065 671 2091 καὶ
687 2065 812 2101 ἐραστὺν,
825 2065 860 2093 δι’

67 2109 145 2141 αὐτὸ,
160 2110 207 2136 καὶ
214 2109 296 2136 αὑτοῦ
307 2109 452 2142 ἐνεκα,καὶ
465 2110 495 2136 οὐ
503 2109 608 2137 δι’ἀλλο
621 2119 658 2143 τι,
668 2111 715 2137 καὶ
729 2109 768 2146 μὴ
780 2111 860 2147 μόνον

66 2154 101 2182 δι’
119 2155 202 2182 αὐτοῦ
221 2156 311 2183 πάντα
327 2155 395 2192 πρὸς
414 2155 516 2192 ἄλληλα
530 2156 576 2183 τὸν
590 2155 679 2192 ἔρωτα
702 2156 804 2192 έχουσι.
819 2156 860 2184 Τὰ

69 2200 119 2235 μὲν
128 2201 202 2236 ἥττω
213 2201 268 2228 τῶν
280 2201 442 2236 κρειττόνων
455 2201 674 2236 ἐπιοτρεπτικῶς
683 2221 691 2234 ,
704 2201 739 2229 τὰ
753 2202 782 2228 δὲ
796 2203 861 2238 ὁμό-

69 2253 162 2282 στοιχα
181 2246 235 2273 τῶν
255 2246 399 2282 ὁμοταγῶν
421 2247 598 2281 κοινωνικῶς,
616 2248 663 2274 καὶ
683 2247 718 2275 τὰ
741 2247 859 2284 κρείττω
876 2236 897 2264 D

67 2290 122 2317 τῶν
138 2291 257 2327 ⁴ἡττόνων
278 2292 476 2329 προνοητικῶς,
500 2292 567 2320 ἀλλὰ
589 2294 636 2320 καὶ
660 2293 729 2321 αὐτὰ
755 2295 859 2321 ἐαυτῶν

70 2337 246 2370 συνεκτικῶς,
269 2339 317 2365 καὶ
340 2338 440 2372 πάντα,
455 2339 524 2374 πρὸς
539 2338 570 2366 τὸ
592 2338 674 2366 καλὸν
696 2339 744 2366 καὶ
759 2339 859 2374 ἀγαθὸν

69 2385 286 2421 ἁπευθυνόμενα,
301 2385 408 2413 ποιοῦσι
419 2386 466 2413 καὶ
478 2386 618 2422 βούλονται
629 2387 679 2413 ὅσα.
689 2386 797 2414 ποιοῦσι
812 2387 860 2414 καὶ

72 2429 226 2465 βούλονται·
238 2430 285 2456 καὶ
297 2430 388 2463 ἁπλῶς
399 2432 489 2458 πάντα
501 2431 624 2468 ἀλλήλων
632 2433 678 2458 καὶ
687 2432 790 2459 ἐαυτῶν
798 2433 859 2468 ἐρᾷ,

71 2475 118 2502 καὶ
132 2475 147 2501 ὁ
156 2475 223 2506 θεὸς
237 2475 345 2502 πάντων
356 2476 417 2511 ἐρᾷ,
432 2476 475 2504 ἵνα
487 2476 521 2503 τὰ
537 2477 626 2504 πάντα
642 2477 732 2512 ἀγαθὰ
745 2478 858 2514 ποιήσῃ.

73 2520 121 2548 Διά
132 2521 210 2548 τοῦτό
218 2523 276 2548 ἐστι
284 2522 331 2548 καὶ
340 2522 431 2555 ὀθεῖος
439 2522 508 2558 ἔρως
523 2525 571 2550 καὶ
581 2523 692 2559 ἀγαθὸς,
699 2524 746 2550 καὶ
756 2522 860 2558 ἁγαοοῦ

73 2567 232 2604 πράγματος
243 2568 394 2604 ἐπιτηδείου
404 2570 444 2602 είς
451 2569 466 2595 ὃ
472 2570 584 2604 ἀγαθὸν,
592 2571 639 2598 καὶ
646 2570 690 2597 διὰ
701 2571 731 2597 τὺ
739 2569 842 2604 ἀγαθόν
851 2578 858 2586 ·

74 2613 117 2640 ῐνα
133 2614 187 2651 γὰρ
208 2613 339 2650 τελειώσῃ
356 2615 402 2641 καὶ
425 2614 533 2651 συνέξῃ,
552 2616 600 2642 καὶ
617 2616 730 2652 ἁγιάσῃ,
745 2617 859 2651 γίνεται.

76 2657 155 2693 Οὗτος
173 2661 228 2697 γὰρ
241 2662 255 2688 ὁ
269 2660 339 2696 έρως
357 2661 447 2688 καὶτὸ
461 2661 539 2688 Θείον
562 2662 687 2697 ἐκίνησεν
706 2664 747 2695 είς
768 2671 860 2699 παρα-

77 2707 164 2743 γωγὴν
176 2707 256 2744 ἡμῶν
268 2709 316 2735 καὶ
333 2707 470 2744 πρόνοιαν,
483 2708 527 2735 ἵνα
541 2709 588 2735 καὶ
601 2709 751 2744 πρακτικὸν
765 2709 861 2745 ἔσηται

77 2753 121 2780 καί
133 2754 300 2790 κινούμενον,
317 2754 365 2781 καὶ
382 2753 419 2790 μὴ
433 2753 511 2791 μείνῃ
526 2755 630 2789 ἄγονον.
651 2755 730 2782 Ἀλλὰ
743 2764 862 2791 σημειω-

78 2798 142 2833 τέον,
156 2801 195 2827 ὅτι
211 2800 241 2826 οὐ
254 2800 295 2826 δεῖ
306 2803 449 2836 προσέχειν
468 2802 528 2833 ταῖς
543 2800 658 2834 λέξεσιν,
674 2801 742 2828 ἀλλὰ
762 2802 796 2838 τῇ
816 2801 861 2828 δυ-

79 2845 152 2880 νάμει
165 2846 211 2873 τοῦ
227 2846 338 2873 σκοποῦ.
350 2847 435 2879 Θείως
446 2846 501 2883 γὰρ
516 2846 586 2874 αὐτὰ
597 2848 611 2874 ὁ
625 2847 703 2881 λόγος
717 2847 843 2881 διέξεισιν
852 2856 858 2863 ·

79 2891 133 2919 οὐδὲ
146 2896 199 2930 γὰρ
221 2892 406 2929 ’τρεσϐεύομεν
426 2892 474 2929 τὴν
497 2893 652 2930 ἐπωνυμίαν
676 2892 722 2920 τοῦ
748 2893 859 2928 ἔρωτος,

950 2020 1024 2057 ςχι.
1041 2020 1126 2057 398
1141 2019 1192 2047 Hic
1207 2019 1242 2047 de
1261 2025 1356 2046 amore
1373 2025 1529 2046 sermonem
1547 2017 1708 2051 introducit,

914 2073 946 2094 ac
961 2067 1001 2094 ait
1015 2075 1023 2094 :
1039 2066 1173 2095 Omnibus
1184 2065 1267 2101 igitur
1281 2064 1426 2100 pulchrum
1439 2068 1468 2091 et
1483 2063 1664 2092 desiderabile
1677 2067 1707 2091 et

914 2111 1030 2139 amabile
1044 2115 1086 2138 est
1101 2115 1212 2146 propter
1224 2117 1254 2138 se
1267 2114 1296 2138 et
1309 2110 1352 2137 sui
1367 2117 1461 2141 causa,
1479 2113 1507 2136 et
1520 2117 1574 2137 non
1596 2115 1708 2144 propler

914 2156 1015 2191 aliquid
1031 2156 1117 2189 aliud,
1140 2160 1168 2184 et
1183 2163 1236 2184 non
1251 2155 1338 2183 solum
1354 2162 1403 2189 per
1417 2162 1446 2182 se
1460 2155 1552 2182 omnia
1576 2156 1610 2182 ad
1634 2155 1708 2182 invi-

913 2210 972 2230 cem
996 2209 1118 2230 amorem
1143 2202 1254 2230 habent.
1271 2201 1305 2228 Et
1328 2201 1460 2229 inferiora
1478 2201 1588 2236 quidem
1613 2206 1708 2229 amant

912 2247 1066 2282 superiora,
1081 2246 1266 2274 convertenda
1283 2254 1313 2274 se
1327 2246 1361 2273 ad
1374 2254 1406 2273 ea
1418 2255 1427 2280 ;
1443 2250 1474 2273 et
1485 2253 1545 2281 quae
1557 2251 1621 2273 sunt
1633 2246 1707 2280 ejus-

911 2294 972 2321 dettl
985 2293 1101 2324 ordinis,
1113 2297 1209 2320 amant
1229 2294 1271 2321 sui
1288 2293 1400 2325 similia,
1417 2300 1478 2320 cum
1495 2293 1528 2320 iis
1545 2293 1704 2320 communi-

911 2340 1019 2368 cando:
1038 2345 1066 2368 et
1082 2341 1223 2376 superiora
1245 2339 1389 2372 inferiora,
1405 2339 1574 2374 providendo
1591 2339 1660 2372 illis;
1677 2344 1706 2366 et

910 2386 1018 2422 singula
1038 2393 1068 2414 se
1090 2387 1160 2422 ipsa,
1177 2385 1368 2414 conservando
1384 2393 1426 2418 se,
1441 2390 1470 2413 et
1485 2386 1576 2412 omnia
1589 2386 1622 2413 ad
1642 2386 1706 2421 pul-

911 2433 1008 2459 chrum
1020 2436 1049 2460 et
1063 2432 1164 2463 bouum
1182 2431 1284 2458 directa
1302 2429 1408 2458 faciunt
1422 2437 1455 2457 ac
1469 2431 1564 2457 volunt
1576 2436 1706 2464 quacun-

911 2486 965 2513 que
990 2478 1095 2506 faciunt
1119 2485 1150 2506 ac
1176 2477 1286 2509 volunt;
1305 2480 1332 2504 et
1358 2475 1528 2511 simpliciter,
1556 2475 1649 2503 omnia
1675 2483 1706 2503 se

913 2529 1008 2553 mutuo
1027 2530 1057 2553 et
1081 2525 1173 2560 seipsa
1193 2528 1297 2557 amant,
1324 2527 1352 2550 et
1375 2522 1447 2549 Deus
1468 2526 1543 2548 amat
1558 2521 1661 2556 omnia,
1676 2526 1706 2548 ut

911 2572 1004 2598 omnia
1023 2571 1094 2598 bona
1118 2571 1223 2598 reddat.
1240 2568 1376 2603 Quocirca
1393 2569 1478 2596 etiarn
1501 2567 1611 2595 divinus
1625 2575 1705 2595 amor

912 2622 940 2644 et
954 2618 1041 2645 bonus
1062 2622 1114 2650 est,
1133 2621 1161 2644 et
1177 2616 1216 2644 rei
1238 2616 1317 2643 bona:
1342 2617 1376 2644 ad
1391 2615 1491 2643 bonum
1512 2615 1703 2646 conducentis,

912 2668 939 2690 et
957 2668 1068 2698 propter
1084 2663 1206 2696 bonum;
1224 2663 1255 2690 tit
1279 2664 1352 2691 enim
1367 2667 1397 2689 ut
1416 2661 1549 2696 perﬁciat,
1569 2664 1597 2688 et
1614 2661 1704 2687 canti-

913 2713 991 2741 neat,
1004 2713 1031 2736 et
1043 2709 1207 2737 sanctillcet.
1218 2708 1360 2745 Siquidem
1374 2708 1418 2736 hic
1430 2715 1509 2735 amor
1521 2706 1605 2734 etiam
1618 2706 1702 2733 Deum

912 2756 999 2782 movit
1015 2755 1050 2782 ad
1067 2755 1151 2783 nostri
1166 2756 1375 2791 productionem
1396 2762 1428 2782 ac
1446 2753 1659 2789 providentiam,
1672 2757 1703 2779 ut

913 2801 997 2828 etiam
1021 2807 1115 2837 ageret
1129 2809 1161 2829 ac
1174 2805 1342 2835 moveretur,
1355 2807 1405 2828 nec
1420 2800 1522 2828 sterilis
1536 2804 1701 2827 remaneret.

913 2846 1067 2875 Notandum
1094 2852 1196 2881 autem,
1223 2855 1278 2875 non
1305 2849 1378 2882 ipsas
1400 2847 1546 2879 dictiones,
1567 2845 1615 2872 sed
1645 2846 1700 2872 vim

912 2893 986 2929 scopi
1018 2894 1211 2922 attendendum
1235 2901 1306 2922 esse.
1334 2893 1429 2920 Divinc
1456 2892 1529 2920 enim
1560 2892 1618 2920 hec
1643 2891 1702 2927 ipse
