1938 3065
249 168 298 194 77!

835 165 866 194 S.
884 164 1038 194 DIONYSII
1055 164 1290 194 AREOPAGITJE

1832 164 1889 192 772

247 231 336 252 sermo
347 223 472 259 explicat,
491 232 544 252 non
563 223 636 251 enim
652 223 812 251 invocamus
832 224 920 260 ipsum
937 231 1027 251 uomet

1086 224 1124 255 ὡς
1138 224 1162 250 οἰ
1182 223 1313 259 ’Έλληνες
1325 231 1331 238 ”
1349 222 1479 258 οὐδὲγάρ
1501 223 1559 249 ἐστι
1575 222 1655 250 τ.ὖτο
1677 222 1744 249 ῐδιον
1767 221 1826 248 τῶν
1850 223 1888 248 τὰ

246 271 359 302 amoris,
372 276 400 298 ιιι
412 271 544 306 gentiles;
559 277 648 304 neque
665 271 716 297 hoc
729 271 867 305 proprium
883 275 927 298 est
940 279 1034 299 eorum
1047 297 1048 300 η

247 317 293 350 qui
311 324 354 344 res
371 317 477 344 divinas
494 316 646 350 intelligere
659 317 783 351 cupiunt,
797 317 844 345 sed
859 324 940 344 sonos
951 317 1036 345 exiles

248 369 395 391 auretenus
413 364 572 395 admittunt,
589 371 640 391 nec
655 371 702 391 eos
718 364 883 392 intrinsecus
899 364 1035 392 admissos

248 409 334 444 ipsam
347 410 464 436 animam
479 415 624 444 penetrare
636 410 741 443 sinunt,
751 418 838 444 neque
850 410 922 437 scire
930 410 1032 444 volunt,

245 456 486 491 :equipollentibus
510 458 593 484 etiam
621 456 807 490 dictionibus,
834 465 895 492 quae
919 458 1034 485 multum

246 502 349 529 terreni
366 502 485 536 sapiunt,
498 510 541 530 res
557 503 665 529 divinas
677 503 799 537 expromi
817 503 927 531 minime
942 504 1035 538 prohi-

246 548 320 581 beri;
337 549 383 575 sed
401 549 498 576 stolido
517 549 662 576 elementis
681 557 713 576 ac
732 550 896 577 dictionibus
911 555 937 577 et
953 551 1034 586 sylla-

245 591 287 619 bis
314 593 431 619 animam
461 601 514 620 non
545 593 759 627 penetrantibus,
787 595 834 621 sed
861 595 1033 623 extrinsecus

242 645 326 665 aures
347 637 508 666 ferientibus
530 638 654 665 tenacius
667 638 868 670 adluerentmc
882 641 904 667 si
924 649 977 668 non
1000 641 1033 668 li-

243 689 304 711 ceat
325 690 442 718 quatuor
456 692 503 718 per
519 684 561 712 bis
578 685 631 712 duo
646 685 811 719 signiﬁcare,
827 691 874 714 aut
895 687 1033 722 simplices

243 729 331 756 lineas
353 734 453 757 rectas.
471 728 573 757 Similis
594 730 680 762 enim,
696 731 750 757 imo
765 731 860 758 eadem
885 737 959 764 sunt,
974 732 1032 760 sive

242 776 305 811 quis
329 776 480 804 secundum
502 776 648 803 Cretenses
670 776 796 803 matriam
815 776 901 809 dicat,
918 777 975 806 sive
990 786 1032 806 se-

242 822 361 848 cundum
383 829 432 849 nos
452 822 579 856 patriam,
595 826 623 848 et
636 821 676 849 sic
689 821 723 849 de
737 822 854 850 caeteris.
871 822 910 850 Ne
924 823 1031 859 singula

241 875 445 900 recenseamus,
463 868 603 896 sciendum
616 876 666 895 cur
681 868 770 896 verbis
785 873 815 896 et
828 869 954 897 sensibus
969 875 1030 896 uta-

1086 268 1146 295 θεῐα
1160 271 1229 296 νοεῖν
1242 269 1397 301 ἐθελόντων,
1408 269 1465 295 ἀλλ’
1477 269 1588 296 ἐκείνων
1599 268 1653 295 τῶν
1668 269 1731 300 τοὺς
1746 268 1834 304 ήχους
1846 267 1889 293 δε.-

1085 315 1208 350 χομένων
1224 316 1304 351 μέχρι
1318 315 1372 342 τῶν
1382 315 1469 347 ὄντων,
1484 316 1531 342 καὶ
1544 315 1703 347 ἀδιαϐάτους
1714 314 1818 348 ἔξωθεν
1832 314 1887 349 τῆς

1085 360 1174 396 ψυχῆς
1190 361 1356 396 συνεχόντων
1373 362 1480 394 αὐτοὺς,
1496 362 1544 388 καὶ
1561 361 1597 398 μὴ
1622 361 1753 388 θελόντων
1767 361 1885 391 εἰδέναι,

1085 406 1125 432 ὅτι
1148 407 1195 432 καὶ
1214 406 1258 433 διὰ
1282 407 1449 442 ἰσοδυνάμων
1471 407 1571 440 λέξεων
1601 407 1668 434 πολὺ
1694 407 1725 433 τὸ
1754 406 1886 442 χαμηλὸν

1084 451 1204 486 ἐχουσῶν
1218 452 1248 478 οὺ
1269 452 1428 487 κωλυόμεθα
1453 453 1584 487 ἐκφωνείν
1599 452 1648 484 τὰς
1671 452 1746 484 θείας
1771 452 1882 486 λέξεις·

1084 498 1316 534 προσπασχόντων
1330 498 1358 525 δὲ
1371 499 1492 535 ἀνοήτως
1504 498 1646 535 στοιχείοις
1657 500 1705 525 καὶ
1716 498 1819 532 λέξεσι,
1835 499 1884 526 καὶ

1085 544 1230 576 συλλαϐαῖς
1245 545 1281 580 μὴ
1295 545 1497 577 διαὸαινούσαις
1509 546 1549 577 εἰς
1563 545 1663 581 ψυχὴν,
1678 545 1735 573 ἀλλ’
1749 545 1804 579 ἔξω
1829 554 1883 572 που

1084 590 1149 626 περὶ
1164 590 1199 616 τὰ
1213 587 1270 616 ὦτα
1282 590 1488 626 περιηκούσαις,
1504 590 1598 626 ὥσπερ
1609 592 1633 617 εἰ
1652 591 1689 627 μὴ
1705 588 1738 626 ἦν
1755 590 1818 622 ὲξὺν
1834 590 1883 616 τὸν

1083 636 1204 672 τέσσαρα
1225 636 1312 662 εἰπεῖν
1337 635 1381 662 διὰ
1405 635 1453 662 τοῦ
1476 636 1517 668 δὶς
1531 635 1618 672 δύο,ἢ
1635 636 1669 663 τὰ
1692 636 1883 672 εὐθύγραμμα

1083 682 1263 717 ὁρθόγραμμα
1272 700 1281 709 .
1293 682 1392 717 Ὅμοια
1401 681 1456 719 γὰρ
1467 682 1558 709 καὶτὰ
1572 682 1678 718 αὑτὰ,ἢ
1694 683 1743 718 τὴν
1759 682 1883 718 μητρίδα

1083 727 1154 754 κατὰ
1170 728 1234 760 τοὺς
1254 728 1368 764 Κρῆτας
1384 728 1504 764 πατρίδα
1527 729 1613 756 εἰπεῖν
1638 729 1699 755 καθ’
1724 729 1809 764 ὑμᾶς,
1833 729 1883 755 καὶ

1082 772 1177 804 τᾶλλα,
1186 773 1229 799 ἵνα
1245 773 1281 810 μὴ
1295 774 1479 801 καθ’ἐκαστον
1489 774 1681 810 διατρίϐωμεν,
1690 775 1749 802 δέον
1763 774 1880 806 εἰδέναι,

1083 818 1123 845 ὅτι
1136 820 1192 851 τοῖς
1208 819 1296 854 λόγοις
1318 819 1362 846 διὰ
1386 820 1437 853 τὰς
1456 821 1595 857 αἰσθήσεις
1616 820 1755 856 χρώμεθα.
1779 820 1882 847 Ἡνίκα

1082 864 1137 900 γὰρ
1147 865 1192 892 τὸν
1207 866 1373 902 προφορικὺν
1383 866 1477 893 τοῦτον
1489 867 1567 901 λόγον
1583 866 1711 903 κινοῦμεν
1724 868 1790 903 περί
1802 876 1881 900 τινος

241 921 313 941 mur.
339 913 454 947 Quando
479 914 552 941 enim
576 920 731 941 Sermonem
754 914 800 948 qui
828 915 1027 949 pronuntiatur.

1080 910 1134 937 τῶν
1152 911 1297 946 αἰσθητῶν,
1317 912 1378 938 τότε
1401 912 1501 945 λέξεων
1525 913 1572 939 καὶ
1586 913 1700 948 γραφῶν
1720 913 1767 940 καὶ
1788 913 1881 947 λόγων

240 967 382 987 movemus
395 959 429 986 de
444 959 537 987 sensili
554 959 658 994 aliquo,
674 966 730 987 tum
745 959 913 989 dictionibus
925 966 953 989 et
966 962 1031 989 scri-

238 1006 328 1041 pturis
350 1010 376 1032 et
400 1005 491 1033 verbis
512 1013 580 1040 opus
596 1006 730 1033 habemus
740 1006 774 1033 ad
787 1006 857 1040 ejus,
874 1007 946 1042 quod
961 1008 1029 1035 dici-

239 1058 295 1084 tur,
311 1052 537 1081 declarationem.
551 1052 579 1079 Si
602 1056 694 1080 autem
719 1052 813 1080 anima
839 1061 854 1081 a
881 1054 972 1089 seipsa
995 1056 1029 1083 ad

239 1098 430 1133 intelligibilil,
443 1103 587 1130 movetur;
608 1098 635 1125 in
661 1098 747 1126 rectis
763 1100 969 1134 operationibus
981 1108 1030 1128 su-

237 1145 332 1179 perﬂui
346 1148 411 1172 sunt
423 1151 485 1171 cum
517 1142 663 1172 sensibbus
686 1152 795 1178 sensus,
812 1145 937 1173 sublimia
956 1147 1027 1174 enim

237 1192 414 1227 imaginatur.
430 1191 543 1225 Quando
558 1196 648 1220 autem
664 1192 806 1220 deiformis
822 1192 919 1220 eil‘ecta
944 1193 1029 1221 fuerit

237 1237 437 1264 elcvationibus
454 1236 586 1271 paulatim
604 1237 763 1272 proﬁciens,
781 1243 864 1272 atque
883 1246 932 1272 per
947 1239 1028 1273 igno-

238 1286 294 1307 tam
309 1281 437 1307 unionem
449 1281 647 1308 intellectiones
657 1289 721 1309 suas
733 1282 759 1309 in
772 1281 913 1310 inaccesso
927 1283 1029 1312 lumine

237 1326 375 1359 habuerit,
393 1330 449 1353 tum
473 1326 557 1353 etiam
575 1326 760 1362 intelligibiles
773 1329 950 1363 operationes
965 1334 1029 1357 sunt

238 1371 392 1406 superﬂuae,
408 1372 478 1399 sicut
492 1376 519 1399 et
534 1379 639 1404 sensus,
658 1373 787 1407 quoniam
813 1374 854 1402 his
868 1375 1028 1403 sublimiora

237 1420 341 1453 cogitat
357 1419 447 1446 anima
459 1419 515 1454 jam
534 1419 587 1446 Deo
610 1420 698 1446 unita.
712 1420 795 1455 399
809 1420 921 1453 Quando
935 1426 1027 1449 autem

238 1473 317 1493 meus
327 1465 401 1493 humi
419 1466 539 1499 repentia
552 1472 599 1493 seu
617 1466 759 1493 terrestria
774 1467 986 1500 imaginatunet
1000 1469 1028 1496 in

236 1511 331 1539 sensili
347 1510 439 1545 aliquo
458 1510 559 1537 moveri
577 1511 679 1543 studet,
698 1516 763 1538 tunc
775 1511 908 1540 clariores
924 1520 1028 1541 sermo-

238 1565 298 1589 ncs,
312 1561 339 1584 et
359 1564 419 1591 qua:
439 1557 466 1583 in
485 1556 566 1584 rebus
582 1556 734 1584 visibilibus
750 1558 868 1584 maxime
884 1558 1026 1593 perspicua

236 1607 317 1635 sunt,
327 1603 443 1636 seligere
456 1607 575 1636 oportet.
589 1603 691 1637 quippe
708 1603 814 1639 quando
827 1603 872 1630 illa
893 1611 954 1638 qua:
964 1612 1027 1632 sen-

235 1648 312 1676 sibus
324 1647 428 1682 objecta
441 1653 504 1676 sunt
520 1649 632 1677 minime
647 1649 762 1684 liquem,
776 1654 804 1676 et
820 1649 936 1677 obseura
952 1651 1027 1678 exsi-

235 1699 323 1727 stunt,
341 1700 397 1722 tum
420 1695 515 1729 utique
531 1702 628 1722 sensus
644 1702 675 1721 ea
690 1702 750 1729 qua;
768 1701 925 1728 occurrunt,
941 1696 1026 1724 menti

234 1741 377 1776 porrigere
394 1749 446 1767 non
463 1745 540 1768 recte
557 1745 694 1775 poterunt.

270 1787 284 1823 ᾗ
301 1786 356 1815 ΧΙΙ.
378 1787 432 1814 Sed
452 1795 487 1814 ne
510 1786 567 1814 haec
588 1787 680 1814 dicere
700 1787 841 1814 videamur
862 1787 895 1814 ad
916 1787 1025 1815 divinas

235 1832 394 1867 Scripturas
405 1833 778 1872 immutandas,agedum.ex
792 1833 858 1868 ipsis
872 1833 1025 1869 Scripturis

234 1881 341 1907 a'moris
365 1886 463 1907 nomen
483 1880 778 1908 astruamus.Adtlucit
796 1880 915 1914 igituriu
928 1883 1024 1908 testem

234 1926 321 1960 ipsum
346 1925 522 1953 Salomonem
537 1930 564 1952 et
578 1933 707 1961 magnum
723 1925 856 1961 lgnatium
867 1946 875 1959 ,
891 1931 918 1954 et
936 1927 1025 1954 denuo

233 1972 430 2006 Salomonem,
451 1971 528 2006 cujus
549 1972 630 2000 etiam
651 1973 734 2000 verba
758 1972 910 2000 divinorum
936 1973 1024 2002 intro-

233 2019 377 2046 ductiones
394 2018 567 2046 oraculorum
580 2022 608 2045 et
623 2018 735 2045 umbras
747 2018 843 2052 gratia:
854 2025 913 2045 esse
926 2018 1022 2052 tradit;

233 2071 268 2094 ne
287 2063 352 2098 quid
367 2063 448 2098 igitur
462 2070 511 2090 nos
540 2063 567 2091 in
586 2063 637 2090 hoc
650 2067 754 2090 terreat
769 2061 809 2089 vel
823 2062 972 2097 perturbet,
988 2063 1026 2090 si-

233 2109 343 2144 quidem
372 2109 490 2144 theologi
519 2115 665 2137 commune
698 2113 811 2136 censent
837 2115 899 2136 esse
925 2116 1022 2136 nomen

232 2156 335 2183 amoris
349 2160 377 2183 et
398 2155 568 2188 dilectionis;
583 2155 734 2188 quinetiam
754 2154 876 2182 nonnulli
906 2154 1024 2182 divinius

232 2210 293 2235 esse
308 2207 406 2237 putant
421 2209 517 2229 nomen
530 2201 642 2233 amoris,
656 2206 786 2235 tanquam
804 2200 954 2234 occultius,
971 2201 1024 2229 sio-

232 2254 264 2277 ut
286 2249 370 2276 etiam
395 2248 481 2282 magis
507 2248 650 2275 absonum.
668 2247 804 2280 Quantum
823 2247 895 2274 enim
915 2247 1023 2275 videtur

232 2294 363 2327 indecens
377 2298 405 2321 et
419 2293 520 2320 divinis
547 2300 600 2320 non
617 2292 794 2325 conveniens,
810 2296 913 2320 tantum
936 2297 978 2320 est
996 2297 1024 2321 et

233 2340 389 2373 occultum.
412 2340 476 2367 dum
500 2339 647 2374 quzerimus
665 2338 802 2373 quomodo
828 2343 855 2365 et
880 2346 961 2373 quam
989 2339 1024 2367 ob

235 2393 346 2416 causam
362 2386 401 2414 sic
415 2390 538 2413 vocetur.
552 2385 619 2413 Cum
636 2385 688 2412 hoc
702 2385 809 2419 itaque,
826 2389 857 2412 ut
871 2384 955 2412 Deum
975 2385 1022 2412 de-

234 2436 289 2464 cet,
303 2439 319 2458 a
335 2432 414 2459 nobis
431 2431 533 2458 dictum
551 2430 598 2463 sit,
614 2429 710 2464 vulgus
723 2429 880 2462 hominum,
891 2437 952 2456 cum
968 2437 1022 2457 non

232 2479 323 2513 capiat
337 2477 555 2505 uniformitatem
577 2476 702 2503 amatorii
727 2475 846 2502 nominis
860 2475 960 2507 divini,
980 2475 1022 2502 vel

232 2524 383 2557 secundum
399 2530 480 2558 quatit
498 2522 569 2549 Deus
585 2526 661 2548 autat
686 2520 788 2555 omnia,
802 2520 848 2554 qui
866 2525 908 2548 est
927 2521 1024 2548 unicus

232 2575 261 2600 et
281 2570 413 2605 simplex;
427 2574 455 2596 et
475 2576 556 2603 supra
573 2568 667 2596 omnia
694 2574 782 2600 amor,
796 2574 884 2602 neque
899 2571 941 2594 est
954 2567 1018 2594 divi-

233 2625 280 2646 sus
296 2617 323 2644 in
339 2616 407 2643 ﬁnes
423 2615 539 2647 multos,
562 2615 610 2642 sed
632 2614 658 2641 in
687 2620 771 2641 unum
783 2633 791 2646 .
815 2613 878 2640 dum
897 2613 1022 2640 omnibus

232 2664 303 2692 bene
324 2663 408 2696 facit;
430 2662 474 2690 vel
499 2662 649 2690 secundum
670 2669 750 2696 quam
768 2668 816 2689 nos
838 2661 925 2696 ipsum
947 2668 1022 2687 ama-

231 2718 311 2744 mus;
330 2717 393 2737 nam
408 2709 491 2736 etiam
508 2708 552 2735 hic
566 2715 644 2735 amor
659 2707 731 2735 illius
742 2707 886 2734 uniformis
899 2714 958 2733 esse
971 2706 1020 2733 de-

231 2758 289 2790 bet,
311 2755 390 2790 juxta
411 2755 496 2782 illud:
514 2754 611 2789 Diliges
630 2754 773 2781 Dominum
792 2753 877 2780 Deum
901 2757 974 2779 tuum
987 2761 1020 2780 ea:

225 2806 288 2828 .tota
299 2805 382 2827 mente
392 2805 451 2832 tua,
465 2807 489 2827 et
503 2807 535 2826 ea:
553 2804 607 2826 tota
621 2800 712 2826 anima
723 2804 780 2832 tua,
799 2805 822 2826 et
840 2806 872 2825 ex
886 2799 947 2825 totis
958 2799 1020 2824 viri—

231 2847 279 2874 bus
293 2847 346 2874 tuis
354 2851 377 2879 ι,
393 2846 430 2874 ita
447 2851 476 2873 ut
492 2845 519 2873 in
535 2846 624 2872 anima
647 2845 712 2872 nulli
724 2845 814 2881 .alteri
830 2844 918 2872 amori
943 2843 1018 2872 locus

272 2906 286 2924 ⁶
299 2903 376 2932 Deut.
388 2911 426 2937 vl,
442 2903 469 2937 5;
485 2902 578 2931 Matth.
596 2911 662 2938 xxu,
676 2903 720 2932 57.

1080 956 1196 992 δεόμεθα
1216 957 1284 993 πρὸς
1307 957 1423 993 δήλωσιν
1444 958 1492 984 τοῦ
1513 958 1691 995 καλουμένου.
1719 959 1751 986 Εἰ
1773 959 1803 985 δὲ
1830 960 1880 994 ἀφ’

1081 1003 1178 1038 ἐαυτῆς
1199 1004 1215 1039 ή
1232 1003 1305 1039 ψυχὴ
1319 1005 1387 1040 πρὸς
1404 1005 1438 1031 τὰ
1455 1005 1537 1040 νοητὰ
1553 1007 1667 1032 κινεῖται
1689 1005 1733 1032 διὰ
1746 1005 1801 1032 τῶν
1829 1006 1878 1041 ὀρ-

1081 1049 1135 1076 θῶν
1148 1050 1303 1086 ἐνεργειῶν,
1320 1051 1446 1086 περιτταὶ
1463 1051 1531 1087 μετὰ
1545 1051 1600 1078 τῶν
1623 1051 1760 1087 αἰσθητῶν
1780 1053 1809 1078 αἰ
1836 1053 1879 1079 αἰ-

1081 1095 1190 1131 σθήσεις
1202 1104 1208 1111 ·
1231 1095 1322 1132 ὑψηλά
1339 1096 1394 1132 γὰρ
1409 1097 1583 1132 φαντάζεται.
1602 1098 1684 1125 Ὅταν
1704 1098 1733 1125 δὲ
1755 1099 1879 1135 θεοειδὴς

1080 1141 1192 1177 γένηται
1215 1142 1408 1177 προκύπτουσα
1433 1144 1494 1174 ταῖς
1519 1143 1587 1178 μετά
1606 1143 1703 1178 μικρὸν
1725 1143 1877 1171 ἀνατάσεσι

1080 1188 1126 1215 καὶ
1136 1187 1170 1214 δι’
1183 1187 1304 1220 ἐνώσεως
1319 1188 1458 1222 ἀγνώστου
1473 1189 1542 1224 πρὸς
1553 1189 1583 1216 τὺ
1595 1189 1741 1226 ἀπρόσιτον
1752 1189 1812 1224 φῶς
1824 1189 1877 1222 τὰς

1079 1233 1207 1265 ἐπιϐολὰς
1223 1233 1283 1270 ἔχῃ,
1297 1234 1356 1260 τότε
1373 1235 1420 1260 καὶ
1434 1235 1461 1261 αἰ
1482 1235 1573 1271 νοεραὶ
1591 1235 1726 1271 ἐνέργειαι
1748 1236 1876 1271 περιτταὶ

1079 1280 1158 1312 εἰσιν,
1177 1279 1214 1311 ὡς
1227 1281 1275 1306 καὶ
1290 1281 1316 1306 αἱ
1330 1280 1480 1316 αἰσθήσεις,
1495 1281 1587 1317 ἐπειδὴ
1597 1281 1632 1308 τὰ
1645 1281 1798 1317 ὑψηλότερα
1810 1281 1876 1308 τού-

1078 1333 1133 1351 των
1147 1326 1164 1360 ή
1178 1325 1251 1360 ψυχὴ
1265 1324 1420 1357 διανοεῖται,
1434 1325 1525 1352 λοιπὸν
1548 1326 1674 1362 ἡνωμένη
1697 1325 1767 1360 Θεῷ.
1786 1326 1874 1352 Ὅταν

1078 1372 1108 1399 δὲ
1130 1374 1145 1400 ὸ
1161 1373 1223 1405 νοῦς
1238 1372 1395 1408 χαμαίζηλα
1415 1372 1566 1408 φαντασθῇ,
1584 1372 1631 1398 καὶ
1643 1372 1707 1407 περί
1727 1380 1800 1403 τινος
1817 1371 1874 1399 ἀπδ

1078 1420 1132 1448 τῶν
1157 1420 1295 1456 αἰσθητῶν
1321 1419 1424 1456 σπεύδῃ
1445 1419 1599 1454 κινηθῆναι,
1613 1418 1673 1445 τότε
1699 1419 1763 1451 τοὺς
1788 1428 1873 1454 σαφε-

1080 1465 1189 1501 στέρους
1203 1465 1298 1500 λόγους
1321 1465 1368 1491 καὶ
1389 1464 1423 1490 τὰ
1445 1464 1595 1505 τρανότερα
1613 1463 1668 1490 τῶν
1690 1464 1797 1500 ὁρατῶν
1817 1464 1872 1500 χρὴ

1078 1512 1252 1546 ἐπιλέγεσθαι
1261 1521 1268 1527 ·
1280 1512 1346 1538 διότι
1358 1511 1533 1547 ἀτρανὼτων,
1545 1511 1591 1538 καὶ
1605 1511 1709 1547 ἀδήλων
1718 1511 1774 1538 τῶν
1785 1521 1874 1548 παρα-

1079 1557 1212 1592 κειμένων
1226 1558 1285 1588 ταῖς
1301 1556 1457 1592 αἰσθήσεσιν
1469 1555 1553 1582 ὄντων
1567 1556 1627 1583 οὐδὲ
1639 1555 1709 1582 αὐτὰ
1726 1557 1754 1582 αἰ
1770 1556 1871 1593 αἰσθή-

1080 1612 1137 1635 σεις
1153 1603 1311 1639 δυνήσονται
1330 1602 1421 1635 καλῶς
1441 1603 1614 1638 παραστῆσαι
1635 1601 1673 1638 τῷ
1687 1602 1725 1638 νῷ
1744 1602 1780 1630 τὰ
1803 1603 1871 1630 ὑπο.

1078 1649 1202 1684 κείμενα.

1114 1783 1128 1819 §
1147 1785 1206 1811 ΧΠ.
1227 1783 1300 1820 Πλὴν
1323 1785 1368 1812 ἵνα
1394 1784 1431 1819 μὴ
1455 1782 1579 1819 δοκῶμεν
1595 1782 1809 1819 παρακινοῦντες
1833 1784 1868 1810 τὰ

1078 1829 1137 1856 θεῖα
1153 1829 1240 1863 λόγια,
1257 1830 1306 1864 ἄγε
1320 1829 1374 1856 ἀπὸ
1391 1829 1446 1856 τῶν
1467 1829 1584 1864 Γραφῶν
1600 1829 1820 1865 παραστήσωμεν
1837 1830 1868 1856 τὸ

1077 1875 1124 1902 τοῦ
1139 1875 1240 1912 ἔρωτος
1259 1875 1354 1912 ὖνομα.
1371 1875 1450 1911 Φέρει
1468 1874 1533 1909 γοῦν
1550 1874 1595 1901 τὸν
1612 1874 1772 1910 Σολομῶντα
1796 1875 1866 1911 μάρ-

1076 1931 1146 1957 τυρα
1157 1942 1165 1954 ,
1181 1923 1227 1949 καὶ
1243 1922 1289 1948 τὸν
1305 1922 1391 1957 μέγαν
1409 1922 1537 1956 Ίγνάτιον
1548 1929 1554 1936 ”
1573 1921 1620 1947 καὶ
1634 1921 1714 1948 πάλιν
1730 1921 1775 1947 τὸν
1789 1921 1867 1947 Σολο-

1078 1968 1171 2004 μῶντα
1183 1988 1190 2001 ,
1207 1965 1237 1995 οὗ
1251 1969 1298 1995 καὶ
1315 1967 1349 1995 τὰ
1367 1969 1477 2004 ῥήματα
1491 1967 1701 2004 προεισαγωγὰς
1715 1967 1769 1994 τῶν
1786 1968 1866 1994 θείων

1076 2013 1171 2048 λογίων
1189 2014 1288 2049 φησὶν,
1309 2014 1347 2046 ὡς
1367 2013 1446 2046 σκιὰς
1461 2014 1511 2049 τῆς
1527 2014 1638 2049 χάριτος
1650 2023 1657 2029 ·
1678 2014 1748 2041 ὥστε
1771 2014 1807 2050 μή
1823 2022 1865 2046 τις

1075 2061 1149 2096 ἡμᾶς
1164 2060 1350 2095 δεδιττόμενος
1365 2060 1413 2087 καὶ
1427 2059 1552 2094 ἐκφοϐῶν
1569 2060 1717 2095 θορυὸείτω
1729 2060 1793 2095 ’περῖ⁵
1804 2060 1867 2086 τού-

1074 2115 1138 2133 του*
1158 2107 1183 2133 οἰ
1197 2106 1252 2141 γὰρ
1271 2105 1390 2140 θεολόγοι
1415 2106 1503 2132 κοινὸν
1521 2105 1607 2142 δνομα
1622 2106 1740 2133 τίθενται
1761 2106 1793 2132 τὸ
1816 2106 1866 2142 τῆς

1074 2153 1185 2188 ἀγάπης
1197 2152 1244 2179 καὶ
1259 2152 1290 2178 τὸ
1304 2152 1351 2179 τοῦ
1365 2152 1465 2188 ἔρωτος
1481 2172 1488 2184 ,
1500 2152 1572 2183 τινες
1583 2152 1610 2178 δὲ
1622 2151 1725 2178 τούτων
1736 2151 1783 2178 καὶ
1795 2151 1865 2178 θειό-

1074 2207 1152 2234 τερον
1162 2199 1249 2234 ὄνομα
1261 2198 1380 2225 τίθενται
1392 2198 1423 2224 τὸ
1431 2197 1478 2224 τοῦ
1493 2197 1604 2232 ἔρωτος,
1615 2197 1652 2229 ὡς
1667 2198 1865 2233 κρυφιωδέστε-

1077 2253 1131 2280 ρον,
1149 2244 1216 2271 καθὸ
1232 2244 1279 2271 καὶ
1292 2243 1473 2279 ἀτοπώτερον.
1487 2244 1568 2270 Ὅσον
1588 2243 1642 2278 γὰρ
1661 2244 1784 2279 ἀπρεπὲς
1804 2245 1866 2279 φαί-

1078 2299 1152 2317 νεται
1163 2290 1210 2317 καὶ
1224 2291 1279 2322 τοῖς
1302 2289 1383 2322 θείοις
1394 2289 1505 2325 ἀπᾷδον,
1519 2289 1645 2316 τοσοῦτόν
1659 2291 1717 2316 ἐστι
1733 2290 1781 2317 καὶ
1797 2291 1865 2326 κρύ-

1078 2346 1139 2372 φιον
1149 2357 1156 2369 ,
1172 2336 1324 2373 ζητούντων
1337 2337 1415 2372 ἡμῶν
1426 2357 1433 2369 ,
1449 2337 1522 2368 ὅπως
1544 2336 1589 2362 καί
1607 2335 1641 2363 δι’
1653 2336 1687 2372 ἥν
1705 2335 1755 2371 τὴν
1774 2336 1866 2363 αἰτίαν

1076 2383 1147 2410 οὕτω
1157 2383 1274 2418 λέγεται.
1286 2383 1388 2410 Τούτου
1400 2382 1464 2417 γοῦν
1477 2381 1635 2416 θεοπρεπῶς
1651 2382 1714 2417 παρ’
1727 2381 1807 2417 ήμῶν
1822 2381 1865 2408 λε-

1076 2432 1192 2466 γομένου
1205 2452 1213 2464 ,
1230 2430 1265 2457 τὰ
1282 2430 1370 2466 πλήθη
1389 2430 1426 2465 μὴ
1450 2429 1612 2465 χωρήσαντα
1629 2428 1660 2455 τὸ
1682 2428 1797 2459 ἐνοειδές
1815 2428 1865 2463 τῆς

1076 2477 1211 2513 ἐρωτικῆς
1223 2477 1384 2512 θεωνυμίας,
1397 2475 1483 2511 ἢκαθ*
1494 2475 1528 2510 ἣν
1539 2476 1554 2501 ὁ
1564 2474 1630 2506 Θεὸς
1644 2475 1695 2510 ἐρᾷ
1707 2473 1762 2500 τῶν
1778 2473 1864 2500 ἀπάν-

1075 2532 1139 2555 των,
1153 2524 1167 2549 ὸ
1178 2524 1292 2555 ἐνιαῖος,
1307 2522 1354 2549 καὶ
1368 2521 1487 2553 ἁπλοῦς,
1503 2521 1551 2547 καὶ
1563 2520 1633 2555 ὑπὲρ
1650 2521 1705 2546 πᾶν
1727 2519 1797 2553 ἔρως
1816 2519 1863 2546 καὶ

1076 2568 1113 2603 μὴ
1126 2568 1323 2602 ἐσκεδασμένης
1337 2567 1377 2598 εἰς
1397 2564 1460 2601 τέλη
1482 2564 1568 2591 πολλὰ
1578 2584 1585 2597 ,
1606 2563 1663 2591 ἀλλ’
1682 2564 1722 2595 εἰς
1736 2562 1766 2589 ἐν
1782 2563 1813 2589 τὸ
1827 2562 1862 2589 τὰ

1075 2614 1163 2640 πάντα
1178 2612 1393 2647 ἀγαθοποιῆσαι,
1410 2611 1427 2647 ἢ
1445 2611 1505 2638 καθ’
1520 2611 1553 2646 ήν
1573 2610 1679 2646 ἐρῶμεν
1701 2608 1784 2636 αὐτοῦ
1794 2617 1801 2624 ·
1815 2609 1862 2636 καὶ

1073 2658 1149 2691 οὗτος
1163 2659 1218 2694 γὰρ
1231 2659 1246 2684 ὁ
1257 2657 1326 2693 ἔρως
1336 2656 1418 2684 αὐτοῦ
1428 2656 1546 2691 ὲνοειδὴς
1558 2654 1694 2690 ὀφείλεται
1705 2652 1776 2681 εἶναι
1793 2654 1860 2682 κατὰ

1073 2706 1104 2732 τό
1115 2714 1122 2721 ·
1132 2703 1310 2740 Ἀγαπήσεις
1319 2703 1427 2737 Κύριον
1440 2702 1494 2729 τὸν
1502 2702 1575 2729 Θεόν
1589 2709 1647 2729 σου
1665 2700 1700 2733 ἐξ
1717 2700 1794 2734 ὅλης
1808 2700 1861 2735 τῆς

1073 2751 1207 2783 διανοίας
1220 2758 1288 2782 σου,
1301 2749 1350 2776 καί
1363 2749 1397 2780 ἐξ
1412 2748 1487 2782 ὅλης
1502 2747 1558 2782 τῆς
1568 2747 1672 2782 ψυχῆς
1681 2755 1750 2779 σου,
1762 2746 1812 2774 καὶ
1827 2746 1860 2779 ἐξ

1074 2797 1149 2830 ὅλης
1162 2796 1217 2831 τῆς
1229 2795 1335 2830 ἰσχύος
1346 2801 1415 2826 σου,
1427 2794 1464 2830 μὴ
1475 2793 1582 2829 ἔχοντος
1591 2793 1683 2829 χώραν
1691 2792 1786 2829 ἐτέρου
1797 2792 1861 2828 ἐρω-

1073 2852 1119 2876 τος
1135 2844 1164 2870 ἐν
1179 2843 1213 2878 τῇ
1226 2842 1273 2869 τοῦ
1290 2840 1358 2868 Θεοῦ
1372 2840 1462 2877 ἐρώει-ῃ
1473 2841 1555 2876 ψυχῇ.
1571 2839 1678 2875 Ταύτην
1689 2836 1737 2867 οὖν
1748 2840 1798 2877 τὴν
1814 2839 1861 2868 τοῦ
