1938 3065
105 182 160 210 ἷῖῗῦ

388 179 432 207 DE
448 178 577 207 DIVINIS
592 177 792 212 NOMINIBUS,
812 177 889 206 CAP.
907 177 953 206 IV.
972 193 1007 198 --
1023 177 1198 206 PARAPHR.
1217 177 1457 206 PACllYMERAE.

1691 176 1744 205 77-3

104 240 208 275 ἔρωτος
220 238 374 273 θεωνυμίαν
385 237 418 265 τὰ
429 236 519 272 πλήθη
531 236 561 263 οὐ
573 236 747 272 χωρήσαντα,
759 234 901 269 ὲξώλισθον

957 235 992 262 sit
1006 243 1088 270 quam
1106 235 1191 263 amori
1215 236 1318 262 divino.
1346 235 1403 263 Hoc
1426 235 1508 270 igitur
1533 235 1617 263 divini
1643 236 1747 262 amoris

104 285 153 312 ἐπὶ
168 285 214 311 τὸν
231 283 436 319 σωματοπρεπῆ
449 284 497 310 καὶ
513 283 677 319 διῃρημένον
689 283 736 309 καὶ
754 281 880 318 μεριστόν
890 291 896 296 ·

101 331 186 363 ἄλλος
198 330 254 366 γὰρ
267 330 347 357 ἄλλου
363 330 430 365 ὲρᾷ,
445 329 492 356 καὶ
508 328 586 360 ἄλλος
605 328 685 356 ἄλλου
705 328 812 363 ἐφίεται
828 326 899 354 κατὰ

104 376 155 404 τδν
171 376 290 403 τοιοῦτον
308 375 407 410 ἔρωτα,
428 374 458 407 ὃς
468 375 518 401 οὐκ
529 374 601 401 ἐστιν
618 374 721 410 ἀληθὴς
734 373 814 410 ἔρως,
831 373 899 400 ἀλλὰ

107 423 208 459 μᾶλλον
219 423 364 458 εῐδωλον,ἢ
378 423 516 455 ἔκπτωσις
526 421 573 449 τοῦ
584 423 657 450 θείου
672 421 781 458 ἔρωτος.
791 422 835 453 Ὠς
845 421 899 457 γὰρ

105 469 124 503 ὴ
142 469 306 504 κομμωτικὴ
321 469 371 504 τῆς
386 468 575 504 γυμναστικῆς
588 467 696 494 εἴδωλόν
713 468 781 500 ἐστι,
793 468 824 494 τὸ
838 477 901 502 φαι-

106 515 220 551 νόμενον
235 515 457 550 ὲπιχρωννύουσα
477 515 584 547 κάλλος,
604 515 673 550 ὅπερ
686 515 756 541 κατὰ
773 514 900 549 ἀλήθειαν

107 563 127 599 ὴ
138 561 309 598 γυμναστικὴ
322 563 402 594 ποιεῖ,
414 563 460 589 καὶ
472 563 489 598 ἡ
507 561 675 597 ὀψαρτυτικὴ
692 562 742 596 τῆς
760 562 899 598 ἰατρικῆς·

107 608 180 636 οὕτω
203 608 249 635 καὶ
272 609 286 635 ὁ
312 608 483 644 σωματικδς,
509 607 610 644 ἔρωτος
631 608 678 635 τοῦ
695 607 767 634 θείου
792 607 901 635 εἴδωλόν

107 655 193 687 ἐστιν,
212 654 332 682 ἐκκαίων
349 655 395 682 καὶ
413 651 490 686 οὗτος
503 655 553 690 τὴν
566 654 665 690 ψυχὴν,
686 654 744 681 ἀλλ’
764 655 805 687 εἰς
826 654 901 681 οὐδὲν

104 700 249 736 ἀγαπητὸν
264 701 311 727 καὶ
329 700 453 736 μόνιμον,
476 700 492 736 ἢ
513 700 612 736 μᾶλλον
628 700 780 732 ἔκπτωσις·
798 701 902 733 ἐκεῖνος

107 747 163 783 γὰρ
178 747 192 774 ὁ
202 747 273 779 θεῖος
290 747 360 782 ἔρως
376 747 476 779 οἰκεῖός
490 748 548 773 ἐστι
564 747 597 782 τῇ
615 746 706 782 ψυχῇ,
718 744 795 779 οὗτος
811 747 840 773 δὲ
856 747 903 773 ἀλ-

106 792 214 829 λότριος
234 793 281 820 καὶ
301 793 444 825 ἀνοίκειος.
456 792 537 819 Ὅθεν
553 792 661 827 καὶτῆς
674 792 763 828 ψυχῆς
780 792 902 827 φυσικῶς

108 838 156 865 καὶ
175 838 245 865 κατὰ
266 838 346 874 χάριν
363 838 478 874 ἐχούσης
495 838 619 873 ἐφίεσθαι
636 837 683 865 τοῦ
704 838 788 870 ὅντως
807 838 900 870 καλοῦ,

107 884 156 910 καὶ
173 884 240 920 πρὸς
248 884 294 910 τδν
307 883 386 919 ζῆλον
403 883 485 910 αὑτοῦ
496 882 744 919 διαθερμαίνεσθαι,
763 883 900 918 ὶγγίνεται

110 930 160 965 μὲν
179 930 196 965 ἡ
208 929 319 964 τοιαύτη
337 929 424 965 θέρμη
443 929 490 956 καὶ
509 928 630 964 κίνησις·
649 929 720 965 πλὴν
736 929 865 956 ἐκπίπτει
884 930 898 956 ὀ

108 975 171 1007 νοῦς
180 975 229 1010 τῆς
240 975 370 1011 ἀληθινῆς
385 974 512 1011 κρίσεως,
531 975 579 1002 καὶ
595 975 628 1002 δι’
646 974 761 1011 ὀρέξεως
775 975 898 1009 συλαγω-

107 1022 206 1055 γείται,
222 1021 269 1047 καὶ
283 1020 314 1047 τὸ
329 1020 441 1056 μισητὸν
457 1020 526 1047 κατὰ
543 1021 623 1055 φύσιν
637 1020 760 1047 ποθεινὸν
778 1021 896 1055 ἡγεῖται,

107 1066 155 1092 καὶ
168 1065 206 1097 ὡς
221 1065 299 1100 μένον
312 1065 343 1092 τὸ
358 1065 562 1101 παρερχόμενον
579 1066 699 1101 στέργει,
721 1065 812 1097 καθὼς
823 1065 898 1101 εἴρη-

107 1119 171 1137 ται*
191 1111 233 1142 Ὠς
251 1110 355 1137 ἑστῶτα
376 1110 532 1144 ὲλογίσαντο
542 1129 550 1142 ,
566 1110 613 1137 καὶ
626 1110 676 1145 οὐχ
688 1109 726 1141 ὠς
752 1109 896 1144 φεύγοντα.

107 1158 165 1185 Καὶ
178 1157 258 1184 τοῦτό
271 1158 346 1184 ἐστιν
357 1157 373 1192 ἠ
388 1155 435 1183 τοῦ
447 1156 520 1183 θείου
534 1156 634 1192 ἔρωτος
647 1156 792 1188 ἔκπτωσις,
805 1157 838 1183 ἐκ
849 1156 897 1182 τοῦ

108 1203 231 1235 ἀπαθοῦς
248 1204 288 1235 εἰς
303 1203 349 1230 τὸν
365 1203 486 1239 ὲμπαθῆ,
499 1204 532 1229 ἐκ
539 1202 586 1230 τοῦ
603 1203 676 1230 θείου
688 1203 727 1234 είς
740 1203 786 1229 τὸν
803 1211 898 1238 σωμα-

108 1249 194 1280 τικὸν,
214 1249 247 1274 ὲκ
259 1247 306 1274 τοῦ
331 1247 412 1275 ἀΰλου
431 1249 472 1280 είς
492 1248 538 1275 τὸν
559 1248 652 1275 ἕνυλον
666 1257 672 1264 ν
690 1247 831 1284 ἀχώρητον
844 1249 899 1284 γάρ

108 1292 168 1318 ἑστι
181 1292 220 1327 τῷ
233 1293 288 1320 τῶν
301 1293 406 1320 πολλῶν
419 1293 517 1329 πλήθει
532 1293 563 1320 τὸ
578 1294 676 1320 ὲνιαῖον
689 1292 736 1320 τοῦ
748 1292 820 1319 θείου
830 1293 899 1329 ἔρω-

108 1346 166 1370 τος,
183 1339 230 1365 καὶ
244 1339 288 1366 διὰ
307 1340 396 1371 τοῦτο,
417 1340 455 1372 ὠς
470 1339 679 1375 δυσχερέστερον
697 1339 743 1366 καὶ
756 1339 900 1375 διαὸεδλη-

112 1383 194 1418 μένον
211 1385 258 1411 ἐπὶ
267 1385 314 1412 τοῦ
327 1384 406 1417 Θεοῦ,
417 1385 544 1412 τάττεται
559 1385 627 1420 πρὸς
642 1384 673 1411 τὸ
684 1384 779 1418 ἀνάξαι
795 1384 900 1416 τούτοις

111 1430 151 1461 είς
163 1430 212 1466 τὴν
224 1431 271 1457 τοῦ
284 1430 367 1463 ὅντως
379 1431 479 1466 ἔρωτος
490 1431 601 1465 γνῶσιν,
615 1433 662 1458 καὶ
676 1431 747 1458 ὥστε
761 1431 901 1466 συντόμως

110 1476 279 1512 ἀπολυθῆναι
291 1477 339 1513 τῆς
352 1477 478 1513 τοιαύτης
497 1478 694 1514 διεψευσμένης
707 1478 786 1513 δόξης
806 1479 839 1504 ὲκ
853 1478 900 1504 τοῦ

110 1522 256 1556 γινώσκειν
274 1523 488 1560 διαϐεϐλημένην
508 1524 558 1561 τὴν
574 1524 646 1557 λέξιν
659 1524 705 1551 τοῦ
718 1524 817 1560 ἔρωτος
828 1543 836 1555 ,
854 1524 901 1550 καὶ

953 290 1050 309 nomen
1070 282 1167 318 vulgus
1189 291 1242 310 non
1267 283 1432 317 intelligens,
1454 282 1488 309 ad
1508 289 1626 310 amorem
1643 288 1727 314 corpo

953 338 1028 357 reum
1045 334 1073 357 et
1086 329 1244 357 distractum
1264 337 1296 355 ae
1312 328 1432 355 divisum
1447 329 1580 362 dilapsum
1594 333 1650 361 est;
1675 327 1746 354 alius

952 376 1025 403 enim
1046 375 1119 403 aliud
1139 380 1230 407 amat.
1256 379 1284 402 et
1298 375 1369 402 alius
1383 374 1455 402 aliud
1471 375 1575 409 appetit
1593 374 1744 402 secundum

953 423 1105 450 istiusmodi
1130 429 1270 454 amorem,
1287 422 1333 456 qui
1353 429 1406 448 non
1422 426 1465 448 est
1484 429 1564 449 verus
1584 429 1673 453 amor,
1694 421 1743 449 sed

953 468 1041 504 magis
1063 468 1240 496 simulacrum
1260 468 1301 494 vel
1326 467 1464 503 prolapsio
1479 467 1512 494 ab
1525 475 1618 495 amore
1639 467 1731 494 divino

954 514 1030 541 Sicut
1043 514 1115 541 enim
1141 520 1186 540 ars
1205 512 1312 541 fucandi
1336 512 1511 539 simulacrum
1534 516 1577 538 est
1600 513 1668 540 artis
1693 520 1744 547 gy-

953 560 1107 593 mnasticze,
1124 560 1188 587 dum
1202 558 1266 586 fuco
1281 559 1381 586 coloris
1395 559 1623 594 pulchritudinem
1642 559 1727 586 menti

955 611 1010 638 tur.
1023 613 1106 641 quam
1130 611 1227 633 revera
1249 612 1294 632 ars
1315 605 1486 632 exercitandi
1501 608 1528 631 et
1539 604 1673 632 culinaria
1688 611 1745 632 me-

953 650 1044 678 dicina
1061 649 1222 683 conferunt;
1251 651 1291 677 sic
1305 650 1387 677 etiam
1405 657 1484 677 amor
1499 656 1648 684 corporeus
1661 649 1746 676 simu-

954 697 1058 724 lacrum
1075 701 1117 724 est
1129 696 1234 723 amoris
1248 696 1331 722 divini
1343 716 1351 727 ,
1377 704 1439 723 cum
1469 695 1513 722 hic
1528 696 1611 723 etiam
1625 695 1744 722 animam

954 741 1097 775 accendat,
1119 742 1166 770 sed
1186 741 1221 768 ad
1243 741 1311 768 nihil
1333 741 1466 776 diligibile
1488 748 1520 768 ac
1541 741 1659 773 stabile.
1679 741 1745 776 quin

954 790 1044 824 potius
1068 788 1170 815 amoris
1193 788 1286 822 lapsus
1309 792 1376 816 est:
1405 788 1540 822 siquidem
1567 787 1678 814 divinus
1700 787 1746 815 ille

953 844 1031 863 amor
1057 835 1184 871 proprius
1203 839 1247 862 est
1272 834 1388 867 anitme,
1409 834 1453 861 hic
1475 839 1566 861 autem
1593 834 1698 862 alienus
1717 839 1746 862 et

954 887 1112 909 extraneus.
1124 880 1202 908 Unde
1214 881 1297 907 etiam
1319 881 1418 908 anima:
1432 880 1595 907 naturaliter
1607 885 1635 907 et
1647 887 1731 908 secuu

916 913 938 943 Β
952 928 1016 954 dum
1041 929 1159 963 gratiam
1181 927 1293 954 ittsitum
1310 931 1370 959 est,
1386 930 1417 953 ut
1430 933 1524 953 verum
1538 925 1620 962 mo
1641 927 1745 954 bonum

950 977 1060 1008 appetat
1083 978 1111 1001 et
1131 973 1165 1000 ad
1189 972 1326 1000 fervorem
1343 971 1403 1006 ejus
1424 971 1589 1005 incalescat.
1613 973 1742 1007 quoniam

950 1019 1106 1047 istiusmodi
1119 1019 1240 1047 calorem
1257 1026 1289 1046 ac
1305 1023 1409 1046 motum
1422 1018 1534 1052 inserit;
1550 1025 1645 1045 verum
1666 1025 1744 1046 mens

949 1073 964 1093 a
983 1073 1049 1094 vero
1072 1065 1179 1100 judicio
1205 1065 1337 1097 aberrat,
1371 1069 1399 1092 et
1421 1071 1469 1100 per
1491 1063 1742 1099 concupiscentiam

949 1113 1098 1147 avertitur,
1115 1117 1144 1141 et
1160 1112 1187 1140 id
1201 1113 1275 1147 quod
1299 1111 1453 1139 secundum
1470 1115 1596 1139 naturam
1612 1111 1676 1139 odio
1695 1111 1747 1138 ha—

950 1159 1070 1187 bendum
1086 1163 1145 1192 est,
1159 1159 1304 1186 existimat
1320 1157 1533 1186 desiderandum
1549 1164 1611 1185 esse
1622 1177 1630 1189 ,
1641 1162 1668 1184 et
1683 1161 1744 1184 lan-

950 1213 1032 1240 quam
1057 1205 1121 1240 quid
1147 1211 1310 1240 permanens
1334 1204 1360 1231 id
1386 1203 1458 1238 quod
1481 1203 1671 1230 transitorium
1691 1207 1745 1236 est,

951 1251 1138 1286 amplectitur,
1167 1251 1240 1278 sicut
1255 1251 1358 1277 dictum
1379 1253 1439 1281 est,
1461 1249 1525 1284 quia
1542 1253 1672 1282 tanquam
1691 1253 1746 1276 sta-

951 1297 1033 1324 bilem
1050 1297 1172 1329 amahat,
1189 1301 1217 1324 et
1232 1304 1285 1323 non
1303 1300 1432 1330 tanquam
1447 1294 1585 1329 fugacem.
1597 1293 1631 1321 Et
1645 1293 1691 1321 hic
1703 1299 1746 1321 est

952 1342 1038 1369 divini
1054 1342 1156 1369 amoris
1170 1341 1274 1377 lapsus,
1289 1349 1324 1368 ex
1341 1339 1504 1375 impassibili
1526 1340 1552 1367 in
1573 1339 1746 1374 passibilem,

951 1396 985 1416 ex
1004 1388 1098 1416 divino
1121 1389 1148 1415 in
1172 1394 1334 1422 corporeum
1346 1407 1354 1419 ,
1376 1394 1410 1414 ex
1426 1386 1603 1414 immateriali
1619 1386 1645 1413 in
1663 1391 1748 1414 mute-

952 1434 1066 1466 rialem;
1086 1433 1157 1468 vulgi
1176 1433 1250 1460 enim
1268 1432 1346 1459 turba
1373 1439 1426 1459 non
1453 1432 1526 1466 capit
1547 1432 1659 1459 unicum
1680 1431 1746 1458 illud

953 1479 1037 1506 divini
1053 1478 1165 1510 amoris,
1187 1483 1214 1505 et
1235 1477 1348 1509 idcirco.
1361 1481 1489 1511 tanquam
1506 1477 1531 1504 id
1557 1477 1630 1512 quod
1650 1477 1746 1504 durius

953 1526 988 1553 sit
1009 1530 1037 1552 et
1060 1526 1146 1560 magis
1163 1532 1298 1558 exosum,
1322 1525 1355 1552 de
1380 1524 1433 1551 Deo
1458 1524 1579 1558 partitur,
1604 1530 1634 1550 ut
1651 1523 1746 1558 vulgus

109 1568 210 1603 ἥκιστα
222 1568 261 1604 τῷ
274 1568 333 1604 Θεῷ
350 1569 516 1605 πρέπουσαν.
538 1570 616 1596 Οὕτω
632 1570 687 1606 γὰρ
698 1571 746 1597 καὶ
766 1572 794 1597 ἐν
809 1572 842 1607 τῇ
857 1572 901 1597 οὐ-

955 1571 1030 1599 hisce
1046 1571 1072 1598 in
1094 1571 1151 1598 veri
1175 1570 1276 1597 amoris
1287 1570 1471 1603 cognitionem
1487 1569 1650 1601 adducatur,
1663 1573 1746 1602 utque

113 1615 198 1650 ρανίῳ
213 1615 340 1651 ἱεραρχίᾳ
354 1616 447 1650 φησὶν,
460 1616 500 1642 ὅτι
518 1616 548 1642 τὸ
562 1616 661 1652 μᾶλλον
674 1615 844 1652 ἀπεμφαΐνον
859 1617 902 1643 εὑ-

109 1661 191 1696 χερές
211 1662 286 1688 ἐστιν
303 1662 350 1688 ἐπὶ
367 1661 436 1688 Θεοῦ
446 1662 589 1696 λέγεσθαι,
603 1663 651 1689 καὶ
667 1662 748 1688 πλέον
764 1662 810 1688 τοῦ
822 1660 903 1698 ἦττον

110 1707 250 1739 τοιούτου,
264 1706 301 1739 ὡς
318 1707 496 1743 ἁπαγομένης
514 1708 638 1735 ἐντεῦθεν
655 1708 705 1744 τῆς
717 1707 835 1740 διανοίας
856 1708 903 1735 εὐ-

111 1753 208 1786 κόλως,
222 1753 263 1780 ὅτι
275 1754 305 1780 οὐ
319 1753 398 1780 τοῦτὸ
413 1754 487 1781 ἐστιν
500 1755 514 1780 ὁ
528 1754 603 1786 Θεὸς,
615 1754 683 1781 ἀλλὰ
694 1754 766 1781 κατά
780 1763 841 1781 τινα
857 1754 903 1781 λό-

111 1808 160 1835 γον
174 1799 277 1835 ὐψηλὺν
288 1799 359 1826 οὕτω
369 1799 486 1835 λέγεται.
500 1800 548 1832 Τίς
558 1799 612 1835 γὰρ
626 1801 769 1834 ὑπονοήσει
780 1800 826 1827 τὸν
837 1800 904 1827 Θεὸν

112 1845 241 1881 πάνθηρα
251 1865 258 1877 ,
272 1845 289 1881 ἤ
307 1845 420 1878 λέοντα;
439 1846 499 1878 Φῶς
520 1846 566 1879 δὲ,
580 1846 596 1881 ἢ
611 1846 667 1882 πῦρ
680 1866 688 1878 ,
703 1846 719 1882 ἢ
734 1846 843 1882 πνεῦμα
858 1847 904 1873 ἐπὶ

111 1891 179 1917 Θεοῦ
196 1891 342 1927 λεγόμενον
356 1890 454 1927 μᾶλλον
473 1891 565 1927 ἀπατᾷ
582 1892 632 1927 τὴν
654 1891 783 1924 διάνοιαν,
800 1891 904 1927 μήποτέ

111 1946 139 1964 τι
154 1937 257 1964 τούτων
270 1937 338 1964 ἐστί.
352 1937 404 1964 Τὸν
416 1937 497 1964 αὑτὸν
511 1937 612 1973 τρόπον
623 1937 671 1964 καὶ
683 1938 730 1964 ἐπὶ
741 1936 788 1963 τοῦ
804 1937 904 1972 ἔρωτος

111 1983 163 2018 τῆς
183 1982 324 2018 ἅγάπης⁶·
346 1982 392 2009 ἐπὶ
407 1983 456 2018 μὲν
477 1982 544 2009 Θεοῦ
562 1982 594 2009 τὸ
603 1983 731 2018 δυσχερὲς
747 1983 832 2018 ονομα
856 1983 904 2010 τοῦ

111 2028 213 2064 ἔρωτος
235 2029 362 2056 τάττεται
376 2049 384 2061 ,
403 2030 446 2064 ἐφ’
467 2029 546 2065 ἡμῶν
563 2029 608 2062 δὲ,
625 2029 690 2056 ἔνθα
709 2029 755 2056 καὶ
768 2029 867 2056 ἄτοπόν
878 2039 904 2057 τι

113 2074 244 2106 πολλάκις
253 2072 287 2110 ἦν
298 2075 422 2110 οἰηθῆναι
435 2083 511 2107 τινας
522 2075 578 2102 τῶν
593 2075 771 2112 χαμαιζήλων
784 2077 831 2103 καὶ
844 2085 906 2112 μοχ-

113 2119 214 2155 θηρῶν,
228 2120 245 2155 ἡ
257 2119 395 2155 ἀγάπησις
408 2120 516 2155 λέγεται
538 2121 736 2156 εὐφημότερον,
752 2121 822 2148 κατὰ
833 2121 864 2148 τὸ
875 2123 905 2148 ὲν

111 2167 146 2201 τῇ
159 2166 254 2202 πρώτῃ
271 2167 326 2194 τῶν
343 2167 491 2194 Βασιλειῶν
507 2167 582 2203 παρὰ
602 2167 650 2194 τοῦ
667 2167 750 2195 Δαυῗδ
766 2168 833 2204 πρὸς
850 2169 905 2196 Ἰω-

113 2211 205 2248 νάθαμ
226 2212 381 2248 λεγόμενον.
404 2213 481 2240 Ἐπεὶ
501 2215 559 2246 τοῖς
578 2213 666 2248 ὀρθῶς
686 2214 815 2242 ἀκούουσι
837 2215 905 2251 πρὸς

954 1616 1117 1651 compendio
1133 1617 1166 1643 ab
1191 1616 1344 1644 istiusmodi
1362 1615 1429 1642 falsa
1444 1616 1573 1648 opinione
1597 1615 1744 1647 liberetur,

956 1663 1019 1690 dum
1038 1662 1184 1697 intelligit,
1200 1662 1283 1689 etiam
1300 1669 1412 1689 exosum
1434 1661 1502 1688 alias
1529 1661 1630 1688 amoris
1649 1668 1746 1688 nomen

955 1715 983 1738 et
1006 1709 1097 1737 inﬁma
1123 1716 1237 1749 quisque
1261 1709 1310 1743 ipsi
1337 1709 1392 1736 Deo
1419 1713 1586 1742 competere.
1609 1707 1654 1735 Sic
1672 1707 1745 1734 enini

955 1756 1037 1782 etiam
1054 1756 1081 1782 in
1097 1754 1200 1782 Celesti
1215 1754 1366 1781 hierarchia
1379 1754 1435 1781 ait:
1450 1762 1460 1779 ι
1474 1753 1500 1780 ld
1516 1754 1586 1788 quod
1601 1754 1687 1787 magis
1697 1753 1747 1781 ab-

956 1807 1052 1827 sonum
1071 1805 1115 1828 est
1131 1804 1283 1835 opportune
1295 1801 1329 1827 de
1341 1799 1397 1827 Deo
1409 1799 1474 1832 dici,
1487 1807 1576 1834 eoque
1595 1800 1679 1835 magis
1690 1807 1744 1835 quo

956 1846 1036 1872 vilius
1047 1845 1159 1879 existit;
1172 1846 1300 1880 quoniam
1321 1845 1386 1872 hinc
1402 1845 1482 1873 facile
1497 1853 1574 1873 mens
1588 1846 1745 1877 abducitur,

957 1896 987 1918 ut
998 1891 1112 1927 cogitet,
1127 1891 1211 1919 Deum
1224 1899 1277 1919 non
1289 1899 1350 1919 esse
1359 1891 1522 1924 istiusmodi,
1535 1891 1580 1919 sed
1591 1892 1743 1919 secundum

956 1938 1100 1965 sublimem
1111 1938 1228 1972 aliquem
1245 1945 1354 1965 sensum
1371 1937 1412 1965 sic
1420 1937 1653 1972 appellariaQuis
1666 1938 1740 1966 enim

955 1984 1115 2019 opinabitur
1132 1983 1215 2011 Deum
1233 1983 1396 2018 pantheram
1407 1991 1469 2011 esse
1482 1983 1526 2011 vel
1545 1983 1650 2011 leonem
1659 1984 1672 2011 ἲ
1686 1983 1744 2012 Lux

956 2035 1046 2057 autem
1062 2029 1105 2057 vel
1120 2029 1194 2064 ignis
1211 2029 1254 2057 vel
1276 2029 1391 2064 spiritus
1405 2037 1466 2057 cum
1485 2030 1518 2057 de
1534 2030 1589 2057 Deo
1604 2030 1745 2062 dicuntur,

955 2075 1063 2103 facilius
1092 2081 1212 2103 mentem
1235 2076 1365 2104 aberrare
1388 2074 1509 2110 faciunt,
1532 2083 1567 2104 ne
1589 2075 1660 2104 forte
1679 2076 1745 2111 quid

957 2125 1054 2152 horum
1077 2123 1122 2152 sit.
1141 2123 1240 2151 Eodem
1258 2123 1338 2151 modo
1355 2123 1438 2151 etiam
1454 2124 1488 2151 de
1512 2131 1606 2151 amore
1627 2130 1659 2151 ac
1678 2123 1747 2151 dile-

956 2169 1061 2202 ctione;
1084 2169 1110 2196 in
1124 2168 1179 2196 Deo
1192 2169 1303 2203 quidem
1317 2176 1430 2197 exosum
1447 2168 1512 2196 illud
1527 2176 1628 2196 nomen
1642 2169 1745 2197 amoris

956 2216 1077 2252 ponitur,
1095 2215 1122 2242 in
1146 2216 1224 2243 nobis
1238 2221 1342 2248 autem,
1367 2216 1412 2243 ubi
1437 2223 1624 2250 sapt-numero
1644 2216 1744 2251 aliquid

112 2258 168 2285 τῶν
187 2258 267 2294 ιερῶν
291 2259 421 2294 θεολόγων
435 2259 624 2296 ταὺτοδύναμα
643 2261 784 2288 τάττονται
802 2262 837 2288 τὰ
857 2261 901 2288 δύο

956 2263 1104 2290 absurdum
1127 2263 1252 2290 homines
1269 2267 1351 2289 terrae
1373 2262 1445 2289 τιΠὶιί
1464 2263 1598 2298 suspicari
1624 2267 1745 2297 possent,

112 2305 200 2332 ταῦτα
213 2306 331 2341 ὀνόματα
342 2307 382 2339 είς
398 2306 448 2339 τὰς
467 2307 541 2339 θείας
553 2307 745 2344 ὲκφαντορίας,
760 2309 807 2335 καὶ
829 2308 904 2343 δηλοῖ

112 2349 163 2384 τὴν
187 2350 307 2377 ἑνοποιὸν
328 2351 374 2377 καὶ¹
395 2352 582 2388 συγκρατικὴν
605 2352 718 2388 δύναμιν
736 2353 765 2380 ἐν
788 2353 827 2389 τῷ
844 2353 904 2389 Θεῷ

113 2395 329 2431 προῦφεστῶσαν
341 2417 348 2429 ,
362 2396 405 2423 διὰ
422 2397 454 2423 τὸ
486 2397 567 2424 καλὸν
585 2398 633 2425 καὶ
648 2398 759 2433 ἀγαθὸν,
778 2399 822 2426 ἵνα
837 2408 904 2434 συγ-

114 2440 260 2475 κιρνῶνται
274 2441 373 2477 δηλαδὴ
384 2441 418 2468 τὰ
434 2442 522 2469 πάντα
534 2442 571 2475 ὡς
584 2443 691 2479 ἐρῶντα
701 2464 708 2476 ,
720 2444 808 2479 τούτῳ
821 2444 853 2479 δὴ
865 2444 905 2480 τῷ

112 2484 174 2520 Θεῷ
187 2485 225 2517 ὡς
239 2485 371 2522 ἐρωμένῳ
386 2487 461 2522 καλῷ
480 2488 528 2515 καὶ
539 2489 643 2525 ἀγαθῷ,
659 2490 706 2516 καὶ
719 2491 752 2516 ὲκ
771 2490 818 2516 τοῦ
836 2490 904 2517 Θεοῦ

114 2531 287 2566 ἐνδιδομένην
297 2530 340 2558 διὰ
348 2531 378 2558 τὸ
390 2532 470 2559 καλὸν
482 2533 562 2560 πάλιν
573 2535 620 2561 καὶ
632 2535 744 2569 ἀγαθὸν,
757 2536 799 2562 ἵνα
811 2536 905 2571 δηλον-

113 2576 156 2603 ἁτι
178 2576 246 2612 πρὸς
266 2576 366 2612 ἄλληλα
379 2577 413 2604 τὰ
427 2578 474 2613 μὲν
489 2579 609 2615 ὁμοταγῆ
624 2581 785 2616 συνέχωνται
802 2581 839 2612 ὡς
854 2580 905 2608 ἀνὰ

116 2622 198 2658 μέρος
211 2622 318 2658 ἐρῶντά
329 2631 358 2649 τε
371 2622 418 2650 καὶ
428 2623 553 2659 ὲρώμενα
562 2634 569 2640 σ
583 2625 616 2652 τὰ
629 2625 657 2652 δὲ
674 2627 769 2662 πρῶτα
787 2627 855 2662 πρὸς
870 2627 905 2654 τὰ

114 2669 249 2704 ὑφειμένα
267 2670 383 2696 κινοῖντο
407 2671 453 2697 καὶ
471 2670 558 2706 ὲρῷεν
580 2672 682 2699 τούτων
706 2675 904 2710 προνοούμενα,

114 2716 159 2742 ἵνα
172 2715 210 2747 ὡς
222 2715 306 2742 ἑαυτὰ
318 2716 431 2743 κάκεῖνα
446 2717 580 2752 ποιήσωσι
590 2726 597 2732 ”
615 2718 650 2744 τὰ
662 2718 690 2745 δὲ
706 2720 905 2757 καταδεέστερα

115 2761 184 2797 πρὸς
196 2761 230 2788 τὰ
242 2762 379 2798 ὑπέρτερα
391 2763 570 2798 ἁγατι-ητικῶς
578 2763 663 2799 ἔχοιεν
674 2766 904 2802 ὲπιστρεφόμενα,

116 2807 161 2834 lvd
173 2808 297 2843 κάκεῖνα,
317 2808 355 2842 ὡς
367 2809 539 2846 δυνατὸν,τῆς
560 2810 713 2848 ὑπερτέρας
733 2812 816 2846 ἕξεως
836 2814 904 2841 ἁπο-

116 2853 244 2881 λαύωσιν.

955 2308 1066 2336 dilectio
1088 2309 1206 2341 dicitur;
1239 2308 1311 2342 quod
1337 2315 1434 2335 nomen
1459 2309 1602 2336 honestius
1627 2309 1744 2339 videtur.

952 2354 1032 2390 juxta
1052 2354 1116 2382 illud
1136 2354 1209 2389 quod
1231 2355 1259 2381 in
1280 2354 1370 2389 primo
1388 2354 1493 2389 Regum
1509 2362 1524 2381 a
1537 2354 1637 2382 Davide
1651 2356 1684 2382 ad
1697 2353 1745 2381 Jo—

955 2400 1067 2427 natham
1083 2399 1194 2427 dicitur.
1212 2399 1279 2427 Cum
1305 2404 1395 2427 autem
1416 2400 1443 2426 in
1466 2401 1554 2428 sacris
1567 2401 1600 2428 de
1615 2401 1669 2429 Deo
1688 2408 1746 2428 ser-

956 2446 1082 2474 monibus
1102 2453 1115 2472 a
1129 2451 1204 2473 recte
1219 2446 1404 2473 sentientibus
1421 2447 1474 2473 duo
1486 2446 1545 2474 haec
1562 2448 1684 2479 nomina,
1696 2454 1745 2474 ceu

955 2493 1160 2528 tequipollentia
1177 2492 1279 2519 divinis
1291 2493 1541 2527 cxplanationibus,
1551 2494 1744 2524 adhibeantur.

956 2544 984 2566 et
997 2538 1124 2566 unilicam
1139 2539 1288 2574 quamdam
1312 2539 1443 2566 virtutem
1463 2547 1510 2566 seu
1524 2539 1669 2574 copulandi
1689 2541 1744 2567 vim

956 2585 1189 2621 significent,un
1201 2586 1228 2613 in
1238 2585 1293 2613 Deo
1306 2585 1465 2620 przeexistit,
1478 2591 1589 2620 propter
1602 2586 1746 2621 pulchrum

956 2637 983 2658 et
998 2632 1109 2663 bonum,
1146 2637 1176 2659 ut
1190 2632 1318 2659 nimirum
1334 2639 1394 2667 qua!
1407 2632 1513 2659 ordinis
1530 2637 1594 2659 sunt
1611 2632 1744 2667 ejusdem,

957 2677 1032 2705 velut
1051 2678 1174 2705 virtssim
1201 2678 1318 2705 amantia
1336 2683 1363 2706 et
1378 2683 1485 2710 amata,
1506 2685 1537 2705 se
1553 2683 1647 2705 mutuo
1670 2685 1746 2705 com-

957 2723 1129 2758 plectantur;
1142 2724 1230 2758 prima
1243 2732 1309 2751 vero
1321 2723 1451 2751 inferiora
1466 2729 1596 2752 moveant
1606 2729 1745 2756 etamcnt.

957 2770 991 2797 iis
1002 2769 1181 2804 providendo,
1193 2775 1221 2797 ut
1232 2770 1277 2797 illa
1291 2771 1332 2798 sui
1349 2771 1448 2798 similia
1464 2769 1590 2804 elﬁciant;
1614 2770 1745 2797 inferiora

957 2822 1023 2842 vero
1038 2814 1071 2841 ad
1091 2815 1234 2850 superiora
1251 2815 1410 2843 amabiliter
1425 2815 1522 2843 affecta
1536 2820 1744 2848 convertantur,

957 2866 985 2887 ιιι
1009 2865 1036 2888 et
1057 2860 1122 2893 illa,
1137 2861 1228 2896 quoad
1250 2861 1309 2890 ﬁeri
1329 2866 1436 2897 potest,
1453 2862 1623 2897 superiorem
1643 2865 1745 2890 statum

957 2912 1170 2942 consequuntur.
