1938 3065
195 166 248 194 T55

727 153 729 155 ’
745 163 773 191 s.
793 162 944 191 DIONYSI.
960 162 1194 191 AItEOPAG'll'AS

1760 163 1817 191 ’156

192 231 254 250 nam
268 223 338 251 Deus
350 222 409 251 hac
422 222 514 250 omnia
527 221 659 250 bonitatis
674 219 838 247 abundantia
856 221 969 248 creavit.

1023 229 1073 255 της
1093 221 1165 247 ἐστί·
1189 219 1335 247 καὶταῦτα
1358 220 1412 256 γὰρ
1424 220 1458 247 δι’
1479 220 1645 255 ἀγαθότητος
1664 218 1815 255 ὁπερῦολὴν

191 269 326 304 Principia
341 276 406 296 vero
418 268 539 296 caelestia
551 272 579 295 et
588 267 793 294 terminationes
805 266 976 301 intelligenda

191 320 320 349 tanquam
328 322 362 342 ex
370 320 470 349 puncto
481 322 527 342 seu
541 319 635 342 centro
648 312 792 340 voluntatis
806 312 850 340 Dei
863 313 977 340 rotunda

190 359 320 387 caelorum
333 360 473 388 fabricatio
487 360 637 387 subsistens
646 368 653 386 :
661 359 800 386 circularis
809 360 880 386 enim
891 358 975 393 ﬁgura

190 413 223 432 ex
240 405 328 440 seipsa
341 406 483 439 incipiens,
502 406 528 432 in
548 405 636 440 seipsa
654 405 824 432 terminatur.
833 404 974 432 leestem

189 458 256 479 vero
273 451 451 479 substantiam
467 459 554 486 neque
569 450 659 486 augeri
675 457 765 484 neque
780 450 863 477 minui
878 449 929 482 ait,
944 454 974 476 ut

189 496 309 531 perfecte
319 501 346 524 et
359 496 522 524 sufﬁcienter
535 496 613 524 finem
629 503 706 523 suum
719 500 886 528 assecutam;
901 494 974 522 ideo-

189 549 242 576 que
258 542 449 569 immutabilem
462 543 547 576 ipsam
558 542 636 575 dixit,
658 549 689 569 ex
701 549 755 576 quo
773 540 841 568 facta
853 545 905 574 est,
917 547 972 568 non

188 593 365 621 pervsrsam;
382 586 529 620 perfectum
546 591 635 613 autern
659 590 714 619 est,
735 585 806 620 quod
822 591 911 619 neque
924 593 973 612 au-

189 637 269 667 getur
284 639 372 667 neque
387 632 528 660 minuitur.
543 632 611 660 Nota
626 640 701 665 vero,
717 639 778 658 eum
799 632 901 664 dicere,
917 639 972 659 cte-

187 677 230 705 los
243 678 302 705 sine
315 678 428 712 strepitu
443 683 470 705 et
488 681 589 712 absque
609 685 691 706 sensu
707 677 820 705 moveri.
838 677 904 705 Illud
920 685 970 704 au-

188 727 262 755 tem,
288 724 466 759 quarumdam
486 724 622 750 stellarum
644 723 797 757 multiplicis
813 728 899 750 motus
920 731 970 758 quo

189 768 401 804 transferuntur,
426 769 460 797 de
482 769 598 805 planetis
618 769 698 801 dicit;
714 774 806 796 censet
823 769 893 796 enim
911 769 970 796 illos

187 814 260 842 solos
276 815 387 842 moveri.
400 814 468 847 Quid
481 823 562 850 porro
577 815 650 842 dicat
666 815 726 849 quis
741 815 773 842 de
787 814 867 842 solari
883 816 966 847 radio,

187 861 234 894 qui
248 867 371 888 seorsum
394 860 428 887 ab
444 860 505 888 aliis
519 867 567 895 per
583 867 613 888 se
635 860 778 887 movetur?
793 862 920 895 quoniam
941 866 968 888 et

186 906 250 934 huic
267 914 345 933 suum
368 906 457 934 lumen
471 911 512 934 est
525 914 558 933 ex
568 907 618 933 hac
631 905 677 933 Dei
696 906 826 940 bonitate,
834 905 910 940 cujus
923 906 969 934 lux

186 952 244 979 haec
259 952 348 986 imago
361 951 483 986 quaedam
497 957 557 985 est;
573 951 748 985 quamobrem
764 958 871 986 quoque
887 951 970 979 nomi-

187 1005 221 1025 ne
236 997 306 1025 lucis
323 997 445 1025 divinum
468 997 533 1025 illud
550 998 666 1031 primum
683 997 822 1032 exemplar
834 997 967 1031 laudatur,

186 1048 216 1070 ιιι
229 1043 263 1070 ad
277 1043 355 1077 cujus
369 1043 513 1078 imaginem
527 1043 573 1069 lux
592 1043 648 1070 haec
662 1043 771 1070 existat.
788 1043 970 1076 Quemadmo-

185 1090 248 1116 dum
264 1089 336 1116 enim
355 1089 413 1116 haec
436 1088 482 1115 Dei
504 1088 611 1116 bonitas
637 1095 652 1115 a
674 1088 808 1122 supremis
831 1095 918 1122 usque
935 1087 969 1116 ad

185 1139 305 1161 extrema
328 1134 463 1168 pervadit,
493 1137 520 1161 et
541 1141 624 1168 super
648 1134 738 1161 omnia
764 1134 857 1161 existit
885 1134 969 1169 (Deus

184 1177 256 1204 enim
280 1177 307 1204 in
322 1178 448 1205 omnibus
469 1182 523 1211 est,
544 1183 571 1204 et
594 1178 660 1205 nihil
676 1179 806 1211 omnium,
830 1184 858 1206 ut
881 1187 970 1215 neque

185 1229 312 1257 suprema
329 1223 362 1250 ad
379 1223 464 1256 ipsius
482 1223 672 1250 excellentiam
694 1224 856 1260 pertingant,
871 1233 969 1260 expers

184 1268 256 1294 enim
273 1267 399 1303 principii
423 1273 477 1301 est,
502 1273 528 1296 et
554 1269 619 1296 nihil
645 1277 675 1296 se
700 1270 783 1297 habet
808 1271 968 1305 sublimius;

182 1321 272 1347 neque
284 1314 410 1341 inferiora
433 1315 517 1348 ipsius
537 1315 664 1342 ambitum
678 1321 875 1349 pertranseant,
887 1318 913 1344 id
927 1322 970 1345 est

184 1364 260 1386 extra
276 1359 335 1394 ejus
350 1359 518 1395 complexum
534 1361 597 1393 sint,
608 1361 741 1396 siquidem
753 1361 873 1390 infinitus
881 1367 970 1395 est,et

183 1409 258 1432 extra
270 1405 356 1440 ipsum
366 1406 433 1433 nihil
445 1411 486 1433 est
495 1406 618 1440 inferius;
631 1407 695 1441 quin
706 1408 786 1434 etiam
800 1408 844 1435 illa
857 1416 917 1443 qua
929 1409 972 1437 lu-

183 1451 224 1478 ris
245 1456 307 1479 sunt
328 1452 440 1486 capacia
463 1453 610 1480 secundum
637 1461 791 1480 mensuram
812 1455 971 1489 capacitatis

182 1496 327 1529 illuminat,
337 1497 408 1524 unde
418 1497 499 1525 etiam
515 1498 585 1525 Deus
598 1498 697 1525 dicitur
711 1506 772 1526 esse
785 1507 911 1528 mensura
928 1509 971 1529 re-

182 1542 333 1577 rum,quod
348 1542 484 1570 contineat
492 1548 520 1570 et
532 1543 601 1571 sciat
612 1544 772 1579 principium
784 1550 810 1572 et
821 1546 900 1573 ﬁnem
908 1553 968 1573 om-
982 1557 1003 1585 ρ

179 1588 301 1622 ti'tnm,et
311 1593 442 1622 tevum,et
454 1597 593 1622 numerus,
604 1595 631 1617 et
642 1590 721 1624 ordo,
733 1592 818 1626 utqui
830 1599 873 1619 res
881 1593 968 1620 conti-

182 1638 314 1668 netatque
320 1634 448 1669 disponit,
457 1635 547 1663 omnia
560 1637 631 1663 enim
640 1644 699 1664 cum
709 1638 780 1664 bono
791 1638 886 1666 ordine
892 1645 968 1667 crea-

181 1681 289 1715 vit);sic
296 1681 388 1716 utique
398 1681 481 1709 etiam
493 1682 533 1709 sol
545 1681 591 1710 ille
602 1682 744 1710 manifesta
757 1684 854 1712 divinae
865 1684 969 1713 bonita-

181 1727 218 1754 tis
230 1727 319 1762 imago
333 1727 437 1755 existit.
452 1727 570 1756 Pulchre
580 1733 669 1756 autem
686 1731 778 1757 statim
788 1731 968 1766 corrigitquaa

181 1772 273 1799 mirms
289 1779 472 1801 consentanee
489 1774 522 1801 de
539 1774 597 1802 sole
618 1774 690 1802 dicta
711 1774 883 1810 videbantur,
903 1778 967 1805 dum

182 1825 245 1844 eum
269 1818 456 1846 tenuissimum
470 1820 616 1853 quemdam
637 1824 665 1847 et
679 1820 802 1848 ultimum
818 1822 880 1849 boni
895 1822 968 1850 illius

182 1869 278 1889 sonum
292 1863 426 1890 nominat.
442 1863 675 1897 Quemadmodum
690 1865 762 1893 enim
778 1867 801 1893 si
817 1866 878 1901 quis
892 1868 967 1894 voci-

182 1907 277 1935 ferans
296 1913 324 1936 et
349 1909 470 1937 clamans
494 1910 595 1944 aliquid
618 1910 726 1944 dixerit,
743 1916 889 1946 praesentes
906 1913 967 1948 qui-

185 1954 248 1980 dem
265 1953 421 1982 valentibus
442 1955 553 1983 auribus
571 1956 678 1990 pmditi
698 1963 793 1984 vocem
815 1961 844 1985 et
865 1965 968 1986 sermo-

182 2006 245 2026 nem
268 2000 396 2034 audiunt;
413 2001 456 2036 qni
482 2006 573 2029 autem
599 2002 710 2036 distant,
732 2007 834 2039 quanto
856 2003 967 2037 absunt,

182 2048 261 2072 tanto
281 2044 398 2073 debilius
414 2053 510 2074 vocem
532 2046 663 2080 audiunt;
684 2049 730 2083 qui
753 2056 834 2084 porro
853 2049 967 2084 longiori

182 2091 271 2126 spatio
282 2092 379 2119 remoti
395 2097 468 2125 sunt,
481 2091 565 2127 389
578 2093 802 2121 obscurissimum
822 2094 967 2129 quemdam

182 2144 279 2164 sonum
301 2138 421 2172 capiunt,
444 2143 473 2165 ut
495 2146 587 2166 vocem
602 2139 710 2174 quidem
735 2139 855 2173 aliquam
869 2140 968 2168 obscu-

184 2190 244 2210 ram
262 2183 386 2216 audiant,
409 2184 456 2211 sed
473 2185 544 2218 quod
560 2184 764 2219 pronuntiatum
781 2190 823 2213 est
847 2193 900 2213 non
925 2186 967 2214 in-

1029 266 1188 301 παρήγαγεν
1203 267 1217 292 ὁ
1228 266 1304 298 Θεός.
1330 266 1428 302 ’Δρχὰς
1442 266 1472 293 δὲ
1482 266 1610 301 οὐρανίας
1623 266 1669 292 καὶ
1679 266 1816 301 ἀποπερα-

1026 310 1124 343 τώσεις
1136 312 1244 346 νοητέον
1258 311 1306 347 τὴν
1325 311 1364 343 ὡς
1387 313 1419 338 ὲκ
1433 312 1546 347 σημείου
1561 312 1619 347 ἦτοι
1634 311 1746 347 κέντρου
1766 311 1818 337 τοῦ

1027 356 1177 392 θελήματος
1189 356 1236 383 τοῦ
1254 357 1333 390 Θεοῦ,
1348 357 1485 389 κυκλικῶς
1500 357 1655 384 ὑποστᾶσαν
1666 357 1720 383 τῶν
1732 358 1816 393 οὐρα-

1025 400 1079 426 νῶν
1095 401 1249 436 σφαιροειδῆ
1262 401 1440 437 δημιουργίαν
1451 410 1459 417 ·
1480 401 1511 428 τὸ
1525 402 1580 437 γὰρ
1599 401 1727 429 κυκλικὸν
1748 402 1814 437 σχῆ-

1026 454 1074 480 μα,
1081 446 1230 482 ἀρχόμενον
1238 447 1268 480 ἐξ
1279 447 1383 479 ἑαυτοῦ,
1392 448 1432 480 είς
1446 448 1526 474 ἑαυτὸ
1534 448 1708 483 περατοῦται.
1721 448 1776 484 Τὴν
1783 449 1814 475 δὲ

1023 491 1151 527 οὐρανίαν
1158 492 1251 519 οὐσίαν
1259 492 1359 528 ἀναυξῆ
1367 494 1413 519 καὶ
1419 493 1552 528 ἀμείωτόν
1561 502 1596 529 φη
1601 501 1652 525 σιν,
1658 494 1696 526 ὡς
1702 494 1813 526 τελείως

1023 538 1146 573 ἔχουσαν,
1166 539 1212 566 καὶ
1223 540 1366 574 αὐτάρκως
1384 539 1453 575 πρὸς
1468 539 1482 566 ὂ
1496 540 1589 574 γέγονε
1599 548 1607 554 ·
1622 540 1661 566 διὸ
1672 540 1720 566 καὶ
1732 540 1813 567 ἀναλ-

1022 583 1130 610 λοίωτον
1142 583 1225 619 αὐτὴν
1240 583 1325 618 λέγει,
1332 583 1362 616 ἐξ
1372 581 1402 611 οὗ
1413 584 1524 618 γέγονεν
1531 585 1560 611 οὺ
1568 586 1792 620 παρατραπεῖσαν
1801 604 1810 617 ,

1021 628 1122 656 τέλειον
1144 629 1173 656 δέ
1193 630 1281 662 ἐστιν,
1298 629 1313 656 ὃ
1337 630 1408 665 μήτε
1427 629 1503 662 αὕξει
1521 630 1589 666 μήτε
1599 630 1739 666 ιμειοῦται.
1759 630 1812 665 Ση-

1022 674 1136 710 μείωσαι
1149 675 1188 707 δὲ,
1201 675 1242 702 δτι
1255 675 1302 702 καὶ
1314 675 1445 703 κινεῖσθαι
1457 676 1568 711 ἀψόφως
1587 677 1653 712 φησὶ
1667 676 1713 703 καὶ
1727 676 1813 703 ἀνεπ-

995 736 1006 746 .
1019 719 1154 755 αισθήτως
1173 720 1221 747 τὸν
1232 720 1356 756 οὐρανόν.
1370 721 1407 747 Τὸ
1423 721 1451 747 δὲ
1463 721 1552 748 ἐνίων
1571 720 1706 755 ἀστέρων
1719 729 1810 756 μετα-

1020 766 1141 800 ϐατικῆς
1155 767 1375 801 πολυκινησιας
1397 767 1460 802 περὶ
1475 767 1528 794 τῶν
1540 766 1683 803 πλανητῶν
1707 775 1788 802 φησιν
1801 775 1811 782 ο

1019 813 1117 844 αὐτοὺς
1130 813 1184 848 γὰρ
1198 812 1293 848 μόνους
1304 812 1411 846 ἐδέξατο
1428 813 1569 840 κινεῖσθαι.
1583 813 1616 839 Τί
1634 812 1667 840 ἄν
1684 821 1727 845 τις
1738 813 1810 838 εἴποι

1020 859 1084 894 περὶ
1096 859 1144 893 τῆς
1157 858 1271 894 ἡλιακῆς
1284 859 1393 889 ἀκτῖνος
1405 859 1457 894 ίδίᾳ
1466 858 1521 885 τῶν
1532 859 1619 886 ἀλλων
1631 859 1692 886 καθ’
1704 859 1809 894 αὑτήν;

1020 904 1061 931 ὅτι
1071 905 1118 931 καὶ
1129 904 1216 941 ταύτῃ
1227 905 1259 931 τὸ
1273 904 1330 940 φῶς
1342 905 1375 931 ὲκ
1387 905 1436 940 τῆς
1446 905 1494 932 τοῦ
1508 904 1575 932 Θεοῦ
1587 904 1762 941 ἀγαθὰτητος,
1775 901 1811 941 ἦς

1020 950 1066 977 καὶ
1079 949 1160 976 εἰκὼν
1177 950 1255 977 τοῦτο
1274 950 1306 986 δὴ
1330 950 1362 977 τὸ
1379 950 1448 986 φῶς,
1476 951 1516 978 διδ
1534 952 1581 978 καὶ
1603 951 1812 986 φωτωνυμικῶς

1020 996 1144 1031 ὑμνεῖται
1155 996 1185 1022 τὸ
1200 995 1270 1023 θεῖον
1283 996 1447 1032 ἀρχέτυπον,
1468 996 1523 1023 οἷον
1542 997 1571 1024 ὃν
1589 997 1657 1033 πρὸς
1674 998 1765 1024 είκὸνα
1778 997 1811 1024 τὸ

1019 1042 1087 1077 φῶς.
1107 1043 1150 1074 Ὡς
1161 1042 1240 1078 γάρή
1252 1042 1299 1069 τοῦ
1313 1041 1374 1069 θεοῦ
1386 1042 1522 1078 ἀγαθάτης
1533 1043 1587 1070 ἀπὸ
1599 1043 1654 1070 τῶν
1664 1043 1812 1070 ἀνωτάτων

1019 1088 1085 1123 ἄχρι
1094 1087 1149 1114 τῶν
1164 1087 1286 1122 ἐσχάτων
1300 1087 1399 1122 διήκει,
1413 1088 1459 1114 καὶ
1471 1087 1542 1123 ὑπὲρ
1561 1088 1650 1114 πάντα
1662 1087 1749 1114 ἐστίν·
1768 1087 1809 1123 (ἐν

1019 1134 1075 1165 τοῖς
1088 1134 1154 1160 πᾶσι
1165 1132 1229 1168 γὰρ,
1243 1132 1290 1160 καὶ
1302 1133 1378 1160 οὐδὲν
1391 1133 1446 1160 τῶν
1458 1133 1584 1160 ἀπάντων
1598 1133 1629 1160 τὸ
1646 1133 1722 1160 Θεῖόν
1737 1134 1807 1165 ἐστι,

1021 1178 1090 1213 μήτε
1113 1177 1167 1204 τῶν
1189 1177 1245 1204 ἄνω
1267 1177 1316 1213 τὴν
1339 1177 1474 1214 ὑπεροχὴν
1505 1177 1672 1212 φθανουσῶν,
1691 1177 1810 1213 ἄναρχος

1019 1223 1074 1260 γὰρ
1091 1223 1138 1251 καὶ
1153 1224 1203 1250 οὐκ
1217 1223 1275 1259 ἔχει
1286 1233 1312 1250 τι
1328 1224 1505 1260 ὑψηλότερον·
1522 1224 1590 1259 μήτε
1603 1223 1658 1250 τῶν
1673 1223 1748 1250 κάτω
1758 1222 1812 1259 τήν

1020 1268 1148 1304 περιοχὴν
1162 1268 1365 1300 διαϐαινουσῶν,
1378 1269 1461 1305 ἡγουν
1480 1269 1532 1303 ἔξω
1546 1269 1634 1296 οὐσῶν
1649 1269 1699 1304 τῆς
1715 1277 1808 1304 περιο-

1019 1313 1080 1349 χῆς,
1094 1313 1271 1349 ἀτελεύτητος
1284 1314 1348 1349 γὰρ,
1366 1314 1412 1341 καὶ
1422 1314 1471 1340 οὐκ
1484 1313 1540 1349 ἔχει
1552 1314 1603 1346 ἔξω
1611 1313 1712 1349 ταύτης
1719 1312 1810 1340 κατώ-

1019 1368 1097 1395 τερον
1105 1367 1112 1374 ’
1128 1359 1195 1385 ἀλλά
1206 1359 1252 1386 καὶ
1266 1360 1378 1394 φωτίζει
1389 1359 1423 1385 τὰ
1431 1359 1570 1395 χωροῦντα
1583 1359 1651 1394 πρὸς
1662 1359 1692 1385 τὸ
1708 1358 1807 1394 μέτρον

1019 1405 1034 1431 ὃ
1048 1405 1165 1441 χωροῦσι
1175 1413 1181 1420 ⁸
1194 1405 1234 1431 διὸ
1246 1405 1293 1432 καὶ
1308 1405 1405 1440 μέτρον
1416 1403 1487 1431 εἶναι
1497 1404 1605 1438 λέγεται
1617 1403 1672 1430 τῶν
1683 1403 1765 1430 ὅντων
1776 1403 1810 1430 τὸ

1020 1451 1107 1483 Θεῖον,
1122 1451 1138 1486 ἢ
1150 1452 1187 1483 ὡς
1200 1451 1366 1487 περιοχικὺν,
1378 1451 1424 1477 καὶ
1442 1451 1491 1486 τὴν
1511 1450 1597 1486 ἀρχὴν
1612 1451 1659 1477 καὶ
1673 1450 1703 1476 τὸ
1720 1450 1806 1485 πέρας

1020 1497 1074 1524 τῶν
1096 1497 1221 1524 ἀπάντων
1244 1497 1434 1532 ἐπιστάμενον,
1456 1497 1503 1523 καὶ
1521 1496 1598 1528 αίὼν,
1617 1496 1663 1523 καὶ
1680 1495 1808 1531 ἀριθμὸς,

1021 1544 1068 1570 καὶ
1084 1543 1175 1576 τάξις,
1192 1543 1230 1575 ὡς
1247 1543 1403 1578 περιοχικὸν
1421 1542 1475 1569 τῶν
1494 1543 1578 1569 ὅντων
1601 1542 1648 1569 καὶ
1668 1541 1807 1573 τακτικὸν,

1020 1589 1108 1616 πάντα
1128 1589 1183 1625 γὰρ
1201 1588 1259 1624 μετ’
1278 1587 1403 1621 εὐταξίας
1422 1587 1634 1623 ἐδημιούργησεν
1643 1587 1661 1621 ·)
1683 1586 1753 1612 οὕτω
1773 1585 1808 1621 δὴ

1020 1635 1067 1660 καὶ
1078 1635 1095 1669 ὴ
1106 1634 1155 1669 τῆς
1173 1634 1246 1665 θείας
1268 1633 1434 1668 ἀγαθότητος
1454 1633 1577 1668 ἐμφανὴς
1589 1631 1669 1659 εἰκὼν
1687 1633 1701 1658 ὁ
1718 1630 1804 1666 ἥλιος.

1019 1680 1116 1713 Καλῶς
1126 1681 1155 1708 δὲ
1170 1681 1200 1707 τὸ
1213 1681 1383 1716 ἀπεμφαῐνον
1397 1679 1451 1706 τῶν
1463 1679 1509 1706 ἐπὶ
1521 1678 1559 1714 τῷ
1570 1679 1636 1714 ἡλίῳ
1654 1677 1807 1714 λεγομένων

1019 1727 1100 1760 εὐθὺς
1122 1727 1299 1763 ἐθεράπευσε,
1321 1726 1465 1754 πολλοστὸν
1488 1726 1535 1752 καὶ
1555 1725 1708 1752 τελευταῖον
1734 1724 1806 1758 ἀπή-

1019 1782 1095 1809 χημα
1107 1773 1200 1800 τοῦτον
1210 1772 1294 1800 είπὼν
1311 1771 1440 1807 τάγαθοῦ.
1456 1772 1560 1806 Ὥσπερ
1573 1771 1627 1807 γὰρ
1642 1771 1670 1798 εῐ
1685 1780 1727 1803 τις
1742 1770 1807 1806 βοή-

1019 1829 1068 1852 σας
1081 1820 1128 1847 καὶ
1141 1819 1298 1855 ἀωκράξας
1315 1818 1387 1845 εῐποι
1403 1828 1440 1851 τι,
1460 1818 1506 1845 καὶ
1523 1818 1547 1845 οί
1565 1817 1614 1853 μὲν
1630 1816 1805 1852 παρεστῶτες

1019 1866 1052 1893 ἂν
1063 1865 1215 1901 ἐρρωμένοι
1229 1864 1279 1896 τὰς
1291 1864 1376 1896 ἀκοὰς
1386 1861 1447 1896 ὦσι,
1458 1864 1507 1900 τῆς
1525 1863 1617 1898 φωνῆς
1633 1864 1679 1890 καὶ
1697 1863 1744 1890 τοῦ
1760 1863 1807 1890 λε-

1019 1911 1127 1947 χθέντος
1140 1910 1297 1937 ἀκούουσιν·
1312 1911 1336 1936 oi
1352 1910 1380 1937 δὲ
1400 1909 1564 1945 ἀφεστῶτες,
1578 1910 1639 1936 ὅσον
1661 1909 1807 1944 ἀπέχουσι,

1018 1956 1144 1983 τοσοῦτον
1155 1956 1350 1992 ἀδρανέστερον
1371 1955 1418 1982 τοῦ
1431 1955 1586 1991 φθέγματος
1598 1955 1749 1991 ἀκροῶνται
1758 1963 1765 1970 °
1779 1956 1806 1982 οί

1019 2002 1048 2028 δὲ
1060 2002 1107 2028 ἐπὶ
1130 2001 1221 2037 μεῖζον
1245 2001 1382 2036 διάστημα
1405 2001 1597 2036 κεχωρισμένοι
1620 2001 1806 2036 ἀμυδρότατον

1019 2048 1066 2074 τοῦ
1081 2048 1259 2083 ἀπηχήματος
1277 2046 1467 2081 λαμϐάνουσιν,
1481 2046 1517 2078 ὡς
1529 2047 1618 2082 φωνῆς
1635 2047 1684 2082 μὲν
1697 2047 1806 2082 ἀσήμου

1018 2093 1090 2125 τινὸς
1110 2093 1229 2124 ἀκούειν,
1254 2092 1292 2128 μὴ
1311 2094 1381 2119 νοεῖν
1399 2092 1427 2118 δὲ
1442 2092 1472 2118 τὸ
1487 2092 1653 2127 ὲκφωνηθέν.
1671 2092 1809 2118 Τοσοῦτόν

1019 2141 1092 2165 ἐστιν
1106 2139 1249 2165 ὑπολαϐεῖν
1259 2138 1290 2165 τὸ
1301 2138 1412 2173 ἡλιακὸν
1424 2137 1480 2173 φῶς
1487 2138 1553 2173 πρὸς
1564 2137 1595 2164 τὸ
1606 2137 1703 2174 ἀληθὲς
1716 2138 1807 2164 ἐκεῖνο

1019 2186 1066 2212 καὶ
1073 2185 1153 2217 θεῖον,
1160 2185 1229 2211 ὥστε
1235 2185 1282 2211 καὶ
1288 2184 1400 2220 ἄπειρον
1410 2184 1456 2211 καὶ
1464 2183 1512 2217 ἀξύ
1517 2183 1632 2219 μϐλητον
1640 2181 1746 2210 εἷναιτὸ
1755 2183 1806 2219 μὲ-

183 2230 320 2264 telligant.
348 2230 424 2258 Unde
445 2230 572 2265 colligere
598 2232 660 2258 licet
684 2236 787 2259 tantum
810 2239 868 2260 esse
880 2233 968 2260 solare

1021 2240 1077 2258 σον.
1093 2231 1205 2267 Ἑφεξῆς
1217 2231 1290 2265 λέγει
1305 2231 1363 2262 πῶς
1378 2229 1503 2262 εἰκονίζει
1514 2230 1544 2256 τὸ
1555 2229 1734 2264 Θεῖονὸἦλιος
1742 2238 1748 2244 ·
1762 2230 1807 2257 ὄτι

181 2275 285 2307 lumen.
298 2277 320 2303 si
343 2284 404 2304 cum
419 2285 483 2304 vero
499 2278 544 2305 illo
558 2285 590 2305 ac
612 2278 704 2305 divino
729 2283 911 2313 comparetur,
937 2283 968 2307 ut

183 2321 356 2356 intercapedo
372 2327 399 2349 et
425 2323 529 2350 infinita
545 2324 580 2350 sit
593 2329 622 2351 et
634 2324 870 2358 incomparabilis.
885 2324 968 2352 Dein-

183 2367 217 2392 de
241 2366 317 2398 dicit,
343 2368 478 2402 quomodo
503 2369 544 2395 sol
569 2370 651 2396 Deum
675 2370 792 2402 referat;
809 2371 871 2404 quia
897 2371 968 2397 Deus

182 2413 273 2439 omnia
298 2420 467 2448 quaecunque
492 2415 575 2448 ipsius
606 2415 825 2450 participationis
855 2416 966 2450 capacia

183 2462 258 2490 sunt,
273 2465 322 2492 per
334 2460 418 2486 bonas
433 2460 618 2487 institutiones
631 2464 712 2494 atque
726 2460 846 2488 actiones
863 2461 967 2488 aliasve

184 2503 289 2537 aliquas
310 2504 502 2538 dispositiones
527 2505 671 2538 illuminat,
690 2511 718 2532 ct
741 2505 830 2532 lumen
854 2506 968 2540 desuper

183 2556 334 2583 expansum
351 2550 463 2583 habens,
477 2551 550 2577 omni
577 2551 677 2578 mundo
692 2551 790 2578 visibili
806 2559 835 2578 se
849 2559 968 2586 suosque

184 2595 276 2622 radios
292 2595 420 2630 explicat,
436 2604 496 2623 cum
516 2601 626 2631 propter
641 2603 673 2623 ea
689 2604 748 2630 qua:
768 2597 857 2623 anima
873 2604 967 2624 sensu-

183 2648 237 2674 que
250 2646 356 2674 carent,
374 2646 430 2668 tum
452 2647 562 2676 propter
577 2649 608 2669 ca
628 2650 688 2676 qum
711 2643 816 2670 ratione
836 2647 863 2669 et
889 2643 968 2669 intel-

184 2688 254 2715 lectu
283 2689 394 2722 praedita
429 2693 501 2715 sunt.
535 2688 767 2721 Quemadmodum
805 2689 899 2723 igitur,
927 2689 967 2716 sol

184 2734 322 2761 sensibilis
348 2734 437 2761 omnia
472 2742 532 2769 qua:
569 2738 729 2767 cernuntur,
758 2733 910 2768 illuminat,
940 2739 968 2761 et

184 2787 351 2814 qitaccunque
388 2780 474 2806 lucem
504 2780 560 2812 eius
590 2787 642 2807 non
680 2779 865 2814 participant,
904 2787 968 2814 pro-

183 2830 244 2859 pter
257 2826 391 2859 proliriam
408 2834 483 2852 suam
499 2826 660 2860 opacitate")
676 2826 735 2861 ejus
754 2827 875 2860 expertia
892 2826 967 2853 exsi-

184 2875 272 2904 stunt;
290 2872 327 2899 sic
350 2873 430 2900 ctiam
457 2872 483 2899 in
511 2873 575 2907 Deo,
592 2879 652 2900 cum
678 2880 736 2907 eius
760 2872 920 2900 illutninatio
942 2877 968 2900 et

1018 2277 1049 2303 τὸ
1061 2277 1147 2309 Θεῖον,
1163 2277 1250 2304 πάντα
1264 2278 1313 2303 ὅσα
1329 2277 1451 2312 μετέχειν
1459 2276 1568 2303 δύναται
1578 2275 1725 2307 τούτου,δι’
1738 2276 1807 2309 ἀγα-

1020 2324 1068 2359 θῆς
1083 2323 1217 2356 πολιτείας
1228 2324 1273 2350 καὶ
1285 2324 1408 2359 πράξεως
1424 2325 1470 2351 καὶ
1480 2323 1561 2359 ἄλλης
1573 2324 1645 2354 τινὸς
1659 2323 1806 2358 ἐπιτηδειό-

1018 2378 1098 2405 τητος
1119 2370 1244 2405 φωτίζει,
1262 2370 1366 2405 ἐχωντὸ
1378 2369 1436 2404 φῶς
1447 2369 1676 2405 ὑπερηπλωμένον
1693 2368 1806 2400 ὲξαπλοῐ

1019 2416 1085 2451 πρὸς
1091 2416 1179 2443 πάντα
1190 2416 1235 2442 τὸν
1246 2416 1341 2451 ὁρατὸν
1350 2416 1450 2451 κόσμον
1461 2416 1507 2442 καὶ¹
1519 2415 1568 2447 τὰς
1579 2415 1723 2450 αὑγὰςτῶν
1732 2415 1807 2441 ἀκτί-

1019 2471 1071 2489 νων
1088 2463 1184 2494 αὐτοῦ,
1196 2464 1283 2489 ἐκεῖνο
1296 2462 1339 2488 διὰ
1350 2462 1384 2488 τὰ
1399 2462 1488 2497 ἀψυχα
1497 2462 1544 2488 καὶ
1555 2461 1713 2496 ἀναίσθητα,
1727 2461 1809 2488 τοῦτο

1018 2507 1061 2534 διὰ
1067 2508 1100 2534 τὰ
1108 2508 1203 2542 λογικά
1214 2516 1243 2533 τε
1255 2508 1302 2533 καὶ
1319 2507 1408 2543 νοερά.
1429 2507 1471 2539 Ὡς
1484 2506 1548 2541 γοῦν
1566 2508 1580 2534 ὁ
1592 2507 1719 2541 αἰσθητὸς
1729 2507 1805 2542 ἥλιος

1019 2553 1108 2578 πάντα
1119 2552 1153 2579 τὰ
1168 2552 1251 2588 ὁρατά
1272 2551 1392 2586 φωτίζει,
1414 2553 1460 2578 καὶ
1474 2552 1508 2578 τὰ
1521 2552 1569 2588 “’μὴ
1589 2552 1735 2587 μετέχοντα
1756 2552 1805 2578 τοῦ

1018 2599 1105 2632 φωτὸς
1120 2599 1211 2630 αὐτοῦ,
1227 2599 1261 2628 δι’
1275 2599 1377 2625 οἰκείαν
1393 2598 1534 2634 ἁδράνειαν
1547 2599 1577 2624 οὺ
1593 2598 1709 2633 μετέχει.
1726 2597 1805 2623 οὕτω

1018 2645 1065 2670 καὶ
1078 2645 1124 2670 ἐπὶ
1136 2644 1183 2671 τοῦ
1197 2644 1263 2670 Θεοῦ
1279 2644 1508 2679 ὑπερηπλωμένου
1527 2643 1575 2670 τοῦ
1598 2642 1736 2678 φωτισμοῦ
1757 2644 1806 2669 καὶ

1019 2690 1153 2725 ἁγιασμοῦ
1167 2690 1251 2722 ὕντος,
1261 2691 1359 2721 πάντες
1373 2691 1398 2716 οἱ
1411 2689 1563 2724 βουλόμενοι
1582 2689 1741 2724 φωτίζονται
1758 2689 1806 2714 καὶ

1018 2735 1183 2770 ἁγιάζονται.
1211 2736 1289 2762 Ἀλλὰ
1304 2736 1351 2763 καὶ
1365 2735 1455 2767 πάλιν,
1467 2735 1560 2770 ὥσπερ
1570 2736 1585 2761 ὁ
1595 2735 1661 2766 Θεὸς
1675 2735 1806 2770 δημιουρ-

1017 2783 1071 2815 γεῖ,
1094 2781 1164 2808 οὕτω
1181 2782 1252 2807 καὶὸ
1271 2781 1344 2816 ἥλιος
1368 2781 1435 2816 πρὸς
1453 2781 1578 2815 γέννησιν
1590 2780 1644 2806 τῶν
1667 2779 1805 2815 αἰσθητῶν

1019 2829 1150 2862 σωμάτων
1174 2827 1369 2863 συμϐάλλεται,
1396 2828 1441 2854 καὶ
1462 2827 1528 2862 πρὸς
1554 2826 1625 2861 ζωὴν
1653 2827 1730 2857 κινεῖ,
1757 2827 1804 2852 καὶ

1017 2872 1100 2899 τᾶλλα
1117 2874 1195 2905 ποιεῖ,
1219 2872 1286 2907 πλὴν
1303 2873 1351 2909 οὺχ
1363 2873 1399 2905 ὡς
1421 2872 1505 2904 αἴτιος
1528 2872 1628 2899 τούτων
1653 2872 1722 2898 κατὰ
1743 2879 1803 2897 τινα
