1938 3065
149 108 203 135 757

433 110 479 138 DE
496 110 623 139 DWINIS
640 110 840 143 NOMINIBUS,
859 109 935 138 CAP.
953 109 999 138 ιν.
1017 125 1051 130 -
1068 109 1240 137 PARAPHR.
1259 107 1493 136 PACIIYMERE.

1725 109 1775 136 758

147 165 323 201 προαίρεσιν·
345 165 403 193 ἀλλ’
421 167 499 199 εἰδὼς
525 168 540 193 ὁ
565 167 632 200 Θεὸς
654 168 695 195 ὃτι
715 168 746 195 τὸ
770 168 818 204 μὲν
835 167 927 202 ψυχρὸν

988 167 1169 194 sanctitlcatio
1183 168 1300 201 desuper
1315 174 1433 201 expansa
1449 167 1496 201 sit,
1512 173 1606 194 omnes
1619 166 1775 202 quicunque

145 211 217 245 ἄγαν
229 211 335 246 ἄγονον,
347 211 377 238 τὸ
387 212 416 239 δέ
437 213 600 249 συμμέτρως
621 213 722 250 θερμὸν
740 215 936 250 γενεσιουργεί,

146 257 195 284 καὶ
206 258 247 284 ὅτι
259 257 292 284 τὰ
307 257 376 292 φυτά
390 258 436 284 καὶ
449 258 484 284 τὰ
503 259 646 295 σπέρματα
662 260 828 296 θερμότητος
840 260 935 291 δεῖται,

143 303 184 335 ὡς
203 303 250 330 καὶ
266 303 301 330 τά
326 303 439 339 σώματα
455 304 562 331 ἅπαντα
579 305 613 332 τὰ
629 305 700 341 ζωὴν
721 305 826 340 ἔχοντα,
842 305 936 332 τούτου

145 349 227 384 χάριν
246 349 291 376 τὸν
304 349 378 385 ἥλιον
396 349 481 382 obsto;
499 350 571 386 ἔχειν
586 351 694 386 φύσεως
712 352 833 388 ἐποίησε.
852 352 937 379 Τοῦτο

144 395 177 421 τὸ
187 395 299 431 ἡλιακὸν
311 395 368 431 φῶς
374 397 434 423 κατ’
443 396 533 423 εἰκόνα
545 397 593 424 τοῦ
601 397 679 424 Θείου
690 397 736 424 τοῦ
749 397 825 430 ὄντος
839 398 936 430 αἰῶνος

145 440 193 466 καὶ
208 440 325 476 ἀριθμοῦ
337 440 385 467 τοῦ
406 441 515 474 παντὸς,
529 442 568 474 ὡς
590 441 756 478 δημιουργοῦ
774 443 822 469 καὶ
841 451 935 478 περιε-

144 484 245 516 κτικοῦ,
253 485 371 518 πάντων,
380 486 426 512 καὶ
436 486 533 522 μέτρον
549 486 607 513 ἐστὶ
615 487 663 513 καὶ
670 487 785 522 ἀριθμὸς
792 487 881 523 ὡρῶν,
889 488 936 514 καὶ

144 529 266 565 ἡμερῶν,
274 531 321 557 καὶ
333 531 432 563 παντὸς
444 531 491 558 τοῦ
504 531 564 559 καθ’
573 533 647 568 ἡμᾶς
654 533 749 568 χρόνου
758 541 764 547 ·
776 532 791 559 ὃ
804 533 851 559 καὶ
865 533 935 560 κατὰ

142 576 192 612 τὴν
203 577 300 611 τριάδα
311 578 366 605 τῶν
381 577 496 614 πρώτων
505 579 626 615 ἡμερῶν,
635 579 837 615 ἀσχημάτιστον
848 579 935 611 ὃν,οὖο

142 631 197 655 τως
206 623 311 656 ὲκείνας
318 624 367 656 τὰς
373 624 477 660 ἡμέρας
483 624 591 661 διώριζε
597 627 630 662 τῇ
645 626 759 662 συστολῇ
769 633 799 653 τι
808 626 855 652 καὶ
865 633 934 661 παρ-

142 669 270 701 εκτάσει,
293 669 385 702 καθὼς
412 670 488 706 δηλοῖ
514 671 561 698 καὶ
581 671 595 697 ὁ
609 671 679 703 θεῖος
687 671 818 708 Μωῦιῑπῆς⁸
831 672 934 703 ἐκεῖνος

142 716 199 751 γάρ
211 717 284 742 ἐστιν
299 717 314 743 ό
328 716 425 751 λέγων,
438 718 479 744 ὃτι
494 718 541 744 καὶ
557 718 666 752 ἐγένετο
688 718 780 755 ἡμέρα
797 719 846 754 μία
857 727 864 734 °
886 720 934 747 καὶ

142 761 234 793 πάλιν,
249 762 370 798 δευτέρα,
386 763 433 790 καὶ
454 763 552 798 ἐφεξῆς
570 764 660 800 τρίτη.
682 764 737 791 Καὶ
755 764 848 801 ὥσπερ
864 766 933 802 πρὸς

143 807 266 844 ἐαυτὴνὴ
280 808 416 845 ἀγαθότης
423 809 581 844 ἐπιστρέφει
588 810 677 836 πάντα
685 809 720 837 τὰ
731 811 929 847 ἐσκεδασμένα,

990 212 1082 239 volunt
1098 212 1284 240 illuminantur
1300 219 1327 240 et
1342 213 1560 240 sanctificantur.
1577 214 1692 245 Rursus,
1706 214 1777 241 sicut

990 257 1061 285 Deus
1079 263 1165 290 creat,
1181 258 1221 285 sic
1236 259 1317 286 etiam
1336 258 1376 286 sol
1392 259 1425 286 ad
1449 259 1618 286 sensibilium
1630 266 1775 294 corporntu

989 303 1192 338 generationem
1218 305 1358 338 conducit,
1374 310 1400 332 et
1422 305 1505 332 vitam
1533 309 1641 338 movet,
1668 305 1776 339 aliaque

988 349 1063 383 facit,
1082 357 1134 377 non
1151 354 1241 378 tamen
1259 355 1385 385 tanquam
1405 358 1498 378 eorum
1513 358 1594 378 causa
1610 351 1710 383 libera;
1727 359 1774 378 ve-

988 404 1047 424 rum
1064 396 1137 423 Deus
1151 397 1242 424 sciens
1259 396 1343 432 frigus
1359 404 1420 424 csse
1434 397 1512 425 valde
1526 397 1631 432 sterile,
1648 398 1775 424 modera-

988 447 1044 470 tutn
1058 448 1148 471 autem
1162 443 1282 470 calorem
1295 443 1328 470 ad
1343 443 1548 479 generationem
1573 443 1674 477 facere,
1691 449 1774 477 atque

987 489 1087 523 stirpes
1101 492 1129 516 et
1144 489 1248 515 setnina
1266 488 1365 516 caloris
1383 488 1514 523 indigere,
1532 488 1604 516 sicut
1616 489 1697 515 etiam
1711 496 1773 516 cor-

987 542 1052 569 pora
1067 535 1159 563 omnia
1175 543 1236 570 quin
1252 535 1305 562 vita
1329 535 1465 567 fruuntur,
1481 535 1539 570 ejus
1563 535 1600 562 rei
1623 535 1709 570 gratia
1727 543 1773 562 so-

986 581 1038 608 lem
1055 588 1085 608 se
1100 582 1136 609 ita
1153 582 1254 610 habere
1267 583 1343 610 fecit.
1360 581 1416 609 Hoc
1430 582 1519 609 lumen
1537 581 1613 613 solis,
1626 582 1773 609 secundum

987 627 1133 662 imaginem
1148 627 1207 661 Dei,
1224 629 1269 663 qui
1286 633 1415 663 tanquam
1433 632 1542 655 creator
1556 631 1583 655 et
1597 631 1776 654 conservator

985 672 1104 700 universi
1113 680 1198 700 aevum
1207 680 1239 700 ac
1251 672 1577 705 numerusexistit,etiam
1587 679 1714 700 mensura
1721 677 1773 705 est,

963 740 967 744 .
984 723 1012 746 et
1026 726 1156 747 numerus
1170 723 1361 754 tempestatum
1377 727 1409 747 ac
1421 719 1523 746 dierum
1539 723 1567 746 et
1579 719 1668 746 omnis
1685 718 1774 746 nostri

985 764 1206 799 temporis;quod
1214 765 1295 792 etiam
1305 765 1453 800 primorum
1461 764 1565 791 dierum
1577 765 1776 795 lriduum,tam-

983 810 1034 837 etsi
1052 816 1114 838 tunc
1129 818 1180 838 non
1194 815 1254 838 erat
1270 811 1427 846 figuratum,
1447 811 1633 838 contractione
1647 815 1674 838 et
1692 811 1774 838 inter-

139 855 179 886 ὡς
192 855 262 891 ἀρχὴ
280 857 327 883 καὶ
340 857 423 889 αἰτία,
439 857 487 883 καὶ
512 857 600 884 πάντα
625 857 727 893 ταύτης
752 858 867 892 ἐφίεται,
882 859 927 886 καὶ

979 855 1096 891 jectione
1107 855 1238 888 deﬁnivit,
1246 856 1283 882 uti
1291 856 1398 883 divinus
1409 863 1517 890 quoque
1528 855 1633 891 Moyses
1644 855 1773 889 declarat,

138 900 178 933 ὼς
193 901 288 937 ἀρχῆς,
304 901 334 935 ἐξ
351 899 382 930 οὗ
403 903 457 938 γάρ
468 903 502 930 τά
515 904 613 935 πάντα,
626 904 734 939 φησὶνὴ
754 904 848 940 Γραφή
861 913 868 920 .
884 905 931 932 καὶ

138 945 177 978 ὠς
192 947 335 982 συνοχέως,
345 949 374 976 ἐν
385 945 407 982 ᾧ
418 948 473 985 γάρ
485 948 520 976 τὰ
534 949 760 985 πάντα,δηλονότι
778 958 931 985 παντοκρα-

137 992 241 1028 τορικῷ
261 993 377 1029 πυθμένι
398 995 445 1021 καὶ
458 994 574 1030 θεμελίῳ
597 996 868 1032 περιφρουρούμενα·
884 997 931 1024 καὶ

136 1038 176 1070 ὡς
191 1038 294 1072 τέλους,
305 1040 345 1071 εἰς
361 1039 376 1066 ὃ
390 1040 445 1076 γὰρ
462 1041 496 1067 τά
509 1041 606 1074 πάντα,
619 1042 699 1069 οἱονεὶ
712 1042 808 1078 πέρας,
821 1044 928 1076 οἰκεῖον,

137 1084 168 1110 οὐ
182 1086 304 1119 φυσικὸν,
317 1085 384 1112 ἀλλά
395 1087 588 1122 δημιουργικόν
597 1096 604 1103 ·
617 1089 663 1115 καὶ
670 1086 700 1116 οὗ
711 1089 816 1123 ἐφίεται
831 1090 928 1122 πάντα,

137 1128 252 1156 ἕκαστον
264 1129 292 1156 δὲ
305 1130 375 1157 κατά
388 1132 438 1167 τὴν
456 1131 523 1159 ἰδίαν
534 1132 584 1167 τῆς
599 1133 706 1167 φύσεως
725 1134 811 1167 τάξιν,
827 1135 865 1166 ὡς
878 1135 930 1170 ἄγ-

137 1174 212 1209 γελοι
227 1176 273 1202 καὶ
286 1176 424 1213 ἄνθρωποι
442 1178 610 1212 γνωπικῶς,
626 1180 710 1215 ἄλογα
729 1180 786 1213 ζῶα
806 1181 930 1218 αἰσθητι-

137 1220 210 1252 κῶς·
225 1221 295 1256 φυτά
314 1223 345 1258 τῇ
360 1223 473 1259 ἐμφύτῳ
494 1225 600 1260 κινήσει
614 1226 662 1262 τῆς
676 1226 782 1254 ἑαυτῶν
796 1227 879 1263 ζωῆς,
895 1227 930 1255 τὰ

136 1265 166 1292 δὲ
179 1266 254 1298 ἆζωα
269 1268 316 1294 καὶ
329 1267 394 1295 ὄντα
409 1269 479 1296 κατὰ
491 1270 522 1296 τὸ
537 1268 617 1304 εἶναι,
630 1272 679 1308 οὺχ
690 1272 733 1299 ἵνα
747 1273 857 1308 γνῶσιν,
872 1273 929 1300 ἀλλ’

137 1312 182 1338 ἵνα
199 1312 299 1348 μένωσι
319 1315 351 1350 τῇ
374 1316 474 1351 φυσικῇ
490 1316 536 1342 καὶ
558 1317 626 1353 μόνῃ
649 1318 816 1354 συνεχόμενα
838 1319 928 1354 φύσει.

136 1358 216 1386 Οὕτω
242 1360 289 1386 καὶ
308 1360 322 1386 ὁ
344 1360 419 1396 ἥλιος
439 1361 473 1388 τά
495 1362 547 1389 ὑπὸ
563 1363 612 1398 τῆς
636 1364 719 1391 αὐτοῦ
746 1366 930 1402 μαρμαρυγῆς

137 1405 304 1441 συνεχόμενα
323 1407 481 1442 ἐπιστρέφει
504 1409 571 1444 πρὸς
592 1410 702 1437 ἑαυτόν·
727 1410 766 1437 διὸ
788 1412 835 1438 καὶ
855 1411 930 1447 ἥλιος

135 1450 256 1485 λέγεται,
273 1452 314 1479 ὃτι
335 1454 422 1480 πάντα
443 1454 524 1490 ἀολλῆ
544 1456 592 1482 καὶ
613 1456 830 1492 συνηθροισμέναι
849 1459 928 1491 ποιεῖ,

137 1498 186 1524 καὶ
209 1498 320 1533 συνάγει
340 1499 375 1526 τά
397 1500 626 1536 διεσκεδασμένα,
652 1503 699 1529 καὶ
722 1503 810 1530 πάντα
834 1504 929 1531 τούτου

135 1543 268 1578 ἐφίενται,
290 1544 325 1571 τὰ
341 1545 391 1580 μὲν
405 1545 462 1578 ζῶα
474 1546 512 1579 ὡς
529 1547 576 1574 τοῦ
603 1548 686 1584 ὁρᾷν,
705 1548 740 1575 τὰ
754 1549 784 1576 δὲ
805 1550 876 1584 φυτά
891 1550 929 1583 ὡς

134 1589 183 1615 τοῦ
205 1590 348 1624 κινεῖσθαι,
360 1591 394 1618 τά
406 1592 473 1619 ἀλλα
489 1592 527 1624 ὡς
545 1592 592 1619 τοῦ
605 1594 673 1627 ὅλως
689 1595 849 1631 συνέχεσθαι
862 1597 928 1632 παρ’

135 1634 218 1662 αὑτοῦ
232 1635 319 1670 φωτὸς
332 1636 478 1672 ἐφιέμενα..
487 1638 542 1664 Καὶ
558 1639 588 1665 οὑ
602 1638 690 1674 δήπου
704 1640 776 1676 φημὶ
799 1641 869 1668 κατά
882 1641 928 1668 τὸν

135 1681 251 1709 παλαιὸν
275 1683 322 1710 καὶ
344 1683 468 1721 λαμπρὸν
491 1685 606 1712 ὀδωδότα
628 1685 705 1721 λόγον
720 1687 765 1714 τὸν
788 1687 928 1724 ἐλληνικδν

135 1727 214 1755 ὕθλον
227 1727 307 1764 (ἦσαν
318 1730 371 1766 γάρ
385 1740 449 1757 ποτε
463 1731 510 1758 καὶ
524 1732 672 1768 ἀμφότεροι
688 1732 828 1769 Ἕλληνες,
843 1733 881 1766 ὡς
897 1735 926 1761 ἐν

134 1774 197 1805 ταῖς
212 1773 332 1810 Πράξεσι
348 1775 402 1802 τῶν
415 1776 499 1811 ἁγίων
518 1777 674 1804 ἀποστόλων
684 1777 828 1813 δηλοῦται)
841 1778 858 1814 ἢ
874 1779 926 1814 μὴν

133 1819 180 1846 τὸν
194 1820 300 1856 μωρὸψ
315 1821 346 1848 τὺ
363 1821 417 1857 γάρ
437 1823 529 1858 μωρὸν
552 1823 664 1859 ἀρχαῖον
683 1824 707 1850 οἰ
721 1824 850 1859 ’Έλληνες
870 1824 928 1851 ἔλεο

134 1874 198 1901 γον·
211 1867 308 1894 οὐκοῦν
326 1868 396 1895 κατά
415 1868 509 1895 τοῦτον
524 1869 569 1895 τὸν
588 1870 679 1906 μωρὸν
694 1869 773 1896 ὕθλον
790 1871 872 1905 φημὶ,
885 1871 926 1897 ὅτι

135 1912 150 1938 ὁ
163 1912 253 1947 ἥλιος,
270 1913 331 1946 θεὸς
353 1913 402 1947 ὢν,
418 1915 590 1950 ἐπιτροπεύει
603 1916 649 1943 τὸν
669 1916 771 1952 κόσμον
782 1925 788 1931 ·
806 1917 874 1944 ἀλλά
889 1917 926 1944 τὰ

133 1958 246 1993 ἀόρατα
257 1960 310 1987 τοῦ
319 1961 404 1994 Θεοῦ,
416 1961 486 1988 κατά
494 1962 540 1988 τὸν
554 1961 723 1993 Ἀπὸστολον,
730 1961 790 1988 ἀπὸ
801 1962 927 1996 κτίσεως

133 2006 250 2041 κόσμου
269 2007 331 2040 τοῖς
346 2007 492 2042 ποιήμασι
514 2007 661 2042 νοούμενα
683 2006 842 2041 καθορᾶται
853 2028 861 2040 ,
880 2009 926 2035 καὶ

132 2053 150 2088 ἡ
175 2052 269 2088 Θεότης
282 2052 364 2080 αὑτοῦ
377 2073 384 2086 ,
411 2054 458 2080 καὶ
484 2053 567 2085 ἀΐδιος
587 2052 701 2089 δύναμις
718 2053 772 2080 ἀπὸ
787 2052 834 2080 τοῦ
848 2053 925 2089 ἡλίου

134 2097 304 2132 ἐμφαίνεται.

981 901 1027 929 ille
1039 902 1111 930 enim
1127 902 1184 929 ait:
1199 901 1231 929 Et
1247 902 1318 930 facta
1331 906 1372 929 est
1382 901 1439 929 dies
1450 909 1513 934 una,
1525 906 1550 928 et
1561 903 1775 936 iterum,secun-

981 949 1025 980 da,
1036 955 1067 976 ac
1077 948 1174 976 deinde
1186 948 1266 976 tertia
1278 947 1300 974 ἶ.
1311 948 1344 975 Et
1355 949 1425 975 sicut
1435 948 1552 981 bonitas,
1565 952 1692 982 tanquam
1701 947 1774 983 prin-

981 994 1080 1028 cipiunt
1087 999 1114 1021 et
1122 998 1319 1028 causa,cuncta
1327 1001 1387 1028 quac
1401 994 1522 1029 dispersa
1532 993 1638 1021 suntad
1654 1001 1683 1021 se
1696 993 1773 1020 colli—

981 1041 1030 1076 git,
1044 1041 1189 1076 omniaque
1201 1041 1286 1075 ipsam
1303 1045 1449 1074 appetunt;
1465 1044 1493 1067 et
1511 1043 1540 1067 ut
1549 1039 1722 1075 principium,
1739 1048 1772 1066 ex

981 1093 1013 1113 ea
1030 1086 1103 1113 enim
1117 1085 1220 1117 omnia,
1231 1088 1262 1111 ut
1273 1084 1310 1111 ait
1324 1085 1482 1119 Scriptura;
1497 1089 1523 1111 et
1535 1089 1564 1112 ut
1575 1084 1772 1115 continentem,

982 1131 1008 1159 in
1022 1139 1076 1166 quo
1088 1131 1216 1158 nimirum
1231 1131 1323 1158 omnia
1339 1130 1422 1157 veluti
1446 1129 1472 1156 in
1487 1129 1664 1156 onmitenenti
1687 1128 1772 1156 fundo

983 1185 1014 1205 ac
1028 1177 1203 1204 fundamento
1218 1176 1418 1209 custodiuntur,
1436 1179 1464 1202 et
1483 1179 1511 1202 ut
1535 1174 1627 1207 finem,
1642 1174 1675 1201 ad
1691 1182 1771 1210 quem

981 1223 1083 1255 omnia,
1097 1222 1175 1257 quasi
1200 1222 1234 1249 ad
1257 1222 1403 1249 tertninum
1424 1229 1502 1249 suum
1524 1228 1580 1252 non
1607 1221 1771 1253 naturalem,

981 1269 1028 1296 sed
1044 1267 1196 1296 effectivum
1220 1273 1359 1303 Spectant;
1384 1271 1412 1294 et
1432 1267 1509 1302 cujus
1525 1266 1660 1294 desiderio
1680 1266 1769 1293 omnia

983 1319 1122 1348 tenentur,
1139 1314 1279 1349 quodlibet
1309 1314 1436 1341 nimirum
1461 1314 1608 1342 secundum
1632 1313 1771 1347 proprium

982 1365 1086 1389 naturae
1105 1361 1249 1394 ordinent,
1271 1365 1299 1387 ut
1319 1359 1406 1395 angeli
1421 1378 1425 1387 ς
1439 1364 1468 1387 et
1495 1360 1619 1387 homines
1643 1358 1772 1389 scientvr,

981 1409 1060 1436 bruta
1076 1409 1226 1436 animantia
1240 1408 1390 1439 seusilitcr,
1404 1407 1502 1442 stirpes
1515 1406 1597 1433 insito
1609 1405 1692 1441 390
1707 1404 1772 1438 ipsis

981 1458 1085 1482 natura!
1103 1459 1189 1487 motu,
1204 1454 1267 1482 vita:
1283 1460 1348 1480 vero
1367 1459 1518 1487 sensusque
1531 1453 1654 1487 expertia
1671 1459 1770 1479 secun—

981 1500 1045 1528 dum
1057 1507 1131 1533 esse,
1147 1507 1200 1528 non
1215 1504 1246 1528 ut
1260 1504 1440 1536 cognoscant,
1452 1500 1498 1527 sed
1514 1504 1543 1528 ut
1560 1499 1709 1534 persistant
1723 1507 1771 1526 na-

983 1547 1061 1574 turali
1075 1547 1265 1581 permansione
1278 1551 1423 1580 contenta;
1440 1547 1479 1574 sic
1504 1547 1587 1574 etiam
1610 1545 1651 1573 sol
1664 1553 1696 1572 ea
1711 1553 1771 1580 qua:

981 1593 1030 1620 sub
1045 1592 1237 1628 splendoribus
1249 1592 1307 1627 ejus
1320 1594 1504 1625 continuentur,
1522 1592 1556 1619 ad
1578 1599 1607 1619 se
1623 1592 1769 1619 convertit.

980 1643 1092 1673 propter
1104 1639 1177 1673 quod
1201 1639 1285 1665 etiam
1311 1637 1386 1672 ἥλιος
1404 1636 1565 1672 appellatur,
1581 1637 1653 1672 quod
1678 1637 1769 1664 omnia

979 1683 1062 1719 ἀολλῆ
1077 1691 1124 1711 seu
1139 1691 1306 1719 congregare
1321 1683 1413 1717 faciat,
1428 1687 1456 1710 et
1470 1683 1592 1718 dispersa
1607 1687 1767 1718 congreget,

981 1730 1129 1764 omniaque
1140 1730 1228 1764 ipsum
1242 1734 1381 1764 appetant,
1406 1729 1524 1756 viventia
1546 1728 1655 1764 quidem
1681 1733 1710 1755 ut.
1728 1729 1768 1755 vi-

979 1776 1072 1810 deant,
1085 1776 1184 1811 stirpes
1197 1781 1226 1803 ut
1240 1780 1411 1808 moveantur,
1425 1779 1523 1802 caetera
1536 1780 1566 1802 ut
1578 1775 1612 1803 ab
1628 1776 1687 1810 ipso
1701 1783 1767 1802 con-

978 1827 1122 1850 serventur
1137 1823 1201 1850 dum
1223 1822 1314 1849 lumen
1331 1821 1392 1857 ejus
1409 1826 1549 1858 appetunt.
1565 1820 1623 1848 Non
1639 1821 1690 1848 hoc
1705 1821 1767 1848 dico

979 1866 1126 1894 secundum
1145 1866 1284 1901 antiquam
1306 1872 1332 1894 et
1350 1867 1518 1902 splendidam
1534 1866 1653 1894 fabulam
1669 1873 1700 1893 ac
1714 1874 1766 1893 nu-

978 1920 1071 1949 gacem
1083 1913 1224 1947 gentilium
1240 1920 1392 1940 sermonem
1410 1913 1501 1947 (erant
1524 1913 1596 1940 enim
1619 1912 1767 1947 aliquando

976 1959 1058 1986 etiam
1073 1959 1181 1993 utrique
1192 1958 1318 1994 gentiles,
1330 1964 1360 1986 ut
1372 1959 1397 1986 in
1411 1963 1566 1986 sanctorum
1581 1958 1765 1993 apostolorum

975 2005 1051 2034 Actis
1075 2005 1241 2040 declaratur)
1263 2004 1305 2032 vel
1326 2009 1399 2032 certe
1427 2004 1547 2039 fatuum;
1573 2013 1637 2033 nam
1658 2005 1764 2032 fatuum

974 2051 1089 2087 gentiles
1102 2052 1173 2080 idem
1187 2052 1260 2086 quod
1274 2051 1416 2086 antiquum
1437 2052 1573 2079 dicebant.
1599 2051 1694 2087 Itaque
1708 2059 1764 2079 non

974 2098 1124 2126 secundum
1143 2098 1213 2125 hanc
1225 2097 1326 2125 fatuam
1347 2097 1478 2130 fabulam,
1495 2098 1619 2133 inquam,
1633 2097 1763 2132 quoniam

133 2142 174 2170 sol
189 2143 257 2171 Deus
271 2149 323 2176 est.
342 2144 470 2172 mundum
486 2145 635 2178 convertit;
654 2152 746 2172 verum
757 2144 898 2172 invisibilia
917 2144 974 2177 Dei,
996 2144 1144 2171 secundum
1169 2143 1327 2178 Apostolum
1338 2163 1345 2176 ,
1372 2152 1388 2170 α
1409 2148 1533 2171 creatura
1550 2143 1654 2176 mundi,
1670 2151 1716 2177 per
1730 2150 1763 2170 ea

131 2198 191 2224 qua:
206 2189 275 2224 facta
288 2196 361 2223 sunt,
387 2190 530 2224 intellecta,
556 2192 755 2226 conspiciuntur
778 2197 808 2224 I',
824 2197 851 2219 et
874 2191 1002 2219 divinitas
1015 2190 1100 2226 ipsius
1116 2191 1258 2225 virtusque
1279 2190 1443 2225 sempiterna
1455 2197 1470 2218 a
1487 2189 1543 2217 sole
1558 2188 1758 2218 manifestatur.

168 2234 182 2271 ᾗ
205 2235 235 2263 ν.
263 2236 342 2264 Ἀλλά
360 2236 447 2264 ταῦτα
462 2238 515 2273 μὲν
526 2239 554 2264 ἐν
571 2238 623 2274 ἰδίᾳ
637 2239 812 2276 πραγματείᾳ
834 2239 922 2266 τεθεο-

1010 2238 1026 2274 §
1048 2237 1079 2266 V.
1101 2237 1203 2266 Verum
1220 2240 1278 2265 hac
1296 2237 1322 2264 in
1344 2238 1454 2272 proprio
1469 2241 1585 2265 tractatu
1609 2237 1759 2272 tbeologice

131 2281 252 2317 λόγηται,
267 2283 314 2310 νῦν
329 2283 358 2310 δὲ
372 2284 469 2320 ῥητέον
480 2285 544 2320 περὶ
557 2283 605 2311 τοῦ
618 2285 713 2321 νοητοῦ
732 2285 918 2320 φωτός.Λέγε-

129 2336 174 2354 ται
185 2328 275 2355 τοίνυν
289 2330 304 2355 ὁ
315 2329 381 2362 Θεὸς
394 2330 461 2364 φῶς,
471 2330 538 2357 ἀλλά
552 2331 655 2366 νοητὸν,
670 2331 712 2358 διά
726 2332 756 2358 τὸ
767 2332 856 2359 πάντα
870 2333 920 2368 ἀγ-

129 2374 236 2408 γελικὸν
249 2375 312 2402 νοῦν
329 2377 465 2410 φωτίζειν,
485 2378 574 2405 πᾶσαν
591 2378 618 2404 δὲ
633 2377 743 2413 ἄγνοιαν
758 2379 921 2406 ἀπελαύνειν

130 2422 163 2447 ἐκ
175 2420 229 2446 τῶν
239 2419 342 2455 ψυχῶν,
356 2419 400 2453 αἷς
412 2422 445 2449 ἂν
457 2424 610 2460 ἐγγένηται.
627 2424 697 2459 "Op:
707 2423 745 2456 δὲ,
757 2424 797 2451 ὅτι
811 2425 857 2451 ἐπὶ
870 2426 918 2461 μὲν

129 2465 184 2492 τῶν
197 2465 321 2500 ἀγγέλων
332 2467 481 2500 εὖθυῦὀλως
492 2466 552 2495 εἷπε
566 2469 691 2504 φωτίζειν
704 2470 734 2496 τὸ
749 2469 817 2504 φῶς,
832 2471 877 2496 ἐπὶ
890 2470 918 2496 δὲ

129 2511 184 2538 τῶν
197 2510 290 2547 ψυχῶν
305 2512 435 2548 πρότερον
447 2514 606 2542 ἀπελαύνειν
621 2515 652 2542 τὸ
670 2515 720 2550 τῆς
737 2515 839 2550 πλάνης
854 2516 917 2542 σκό-

128 2565 175 2589 τος
197 2557 244 2584 καὶ
264 2557 335 2584 οὕτω
355 2558 495 2592 φωτίζειν·
514 2561 538 2587 οἱ
561 2561 616 2597 γὰρ
636 2560 745 2595 ἄγγελοι
768 2561 848 2587 ἀπλοί
870 2561 918 2588 καὶ

132 2602 287 2638 μονοειδεῖς,
303 2603 350 2630 καὶ
368 2603 397 2636 ἐξ
416 2604 502 2640 ἀρχῆς
516 2607 547 2632 τὸ
561 2607 618 2641 φῶς
631 2607 785 2642 ἐσχηκότες,
797 2608 830 2642 τῇ
842 2607 918 2634 ἀκλι-

130 2651 172 2676 vei
187 2649 315 2676 ἀνατάσει
329 2651 489 2684 φωτίζονται
508 2652 616 2684 πάντες,
628 2655 652 2680 οἱ
672 2653 695 2679 δ’
715 2653 863 2689 ἄνθρωποι,
879 2654 918 2681 δι-

131 2695 193 2722 πλοῖ
211 2696 303 2729 ὅντες,
325 2698 372 2724 καὶ
396 2698 485 2733 σάρκα
508 2700 710 2735 περιφέροντες,
720 2701 916 2738 συνειθισμένοι

132 2743 186 2770 εῑσὶ
199 2745 261 2776 ταῖς
282 2746 427 2780 κοσμικαῖς
447 2745 568 2780 ἀγνοίαις
587 2747 634 2774 καὶ
654 2748 781 2781 πλάναις·
801 2749 848 2776 καὶ
868 2748 917 2775 οὐκ

175 2832 185 2852 ὶ
200 2833 267 2862 Gen.
282 2842 301 2863 I.
340 2839 359 2850 '
371 2835 446 2864 Rom.
459 2843 477 2870 ι,
490 2835 534 2863 20.

968 2285 1180 2318 descripsimus,
1198 2284 1279 2312 modo
1296 2284 1439 2312 dicendum
1459 2284 1493 2311 de
1513 2283 1574 2312 luce
1598 2283 1759 2312 intellectili.

972 2332 1076 2359 Dicitur
1097 2331 1190 2366 itaque
1215 2332 1286 2359 Deus
1314 2330 1380 2363 lux,
1400 2330 1448 2358 sed
1477 2330 1662 2363 intellectilis,
1687 2331 1758 2364 quod

972 2384 1080 2404 omnem
1104 2377 1256 2412 angelicum
1280 2377 1448 2405 intellectum
1474 2376 1625 2409 illuminet,
1648 2383 1757 2404 omnem

973 2428 1063 2450 autem
1078 2423 1259 2458 ignorantiam
1281 2430 1316 2450 ex
1335 2423 1444 2455 animis,
1461 2422 1559 2457 quibus
1583 2423 1653 2449 inest
1667 2427 1757 2449 exter-

972 2471 1066 2499 minet.
1083 2471 1202 2499 Observa
1216 2477 1290 2504 vero,
1308 2469 1380 2504 quod
1393 2469 1421 2496 in
1437 2468 1541 2504 angelis
1560 2469 1668 2503 quidem
1683 2474 1757 2496 recta

970 2517 1126 2551 conjectura
1152 2516 1250 2543 dixerit
1275 2515 1362 2543 lucem
1381 2515 1545 2547 illuminare,
1562 2514 1588 2541 in
1612 2514 1757 2541 animabus

972 2570 1036 2589 Vero
1053 2562 1131 2596 prius
1146 2562 1249 2589 erroris
1264 2561 1388 2589 tenebras
1402 2561 1510 2595 ejicere,
1527 2564 1554 2588 et
1577 2565 1633 2587 tum
1655 2560 1756 2588 illumi-

971 2615 1051 2641 nare;
1068 2615 1130 2635 nam
1149 2608 1237 2643 angeli
1250 2615 1311 2635 cum
1329 2608 1466 2643 simplices
1479 2615 1512 2634 ac
1527 2607 1676 2635 uniformes
1689 2607 1754 2638 sint,

970 2658 997 2682 et
1011 2655 1044 2682 ab
1059 2655 1136 2683 initio
1152 2654 1218 2682 lucis
1233 2655 1380 2690 participes
1393 2654 1557 2686 exstiterint,
1571 2653 1699 2681 continua
1714 2654 1755 2680 in-

971 2702 1092 2730 tentione
1108 2710 1202 2730 omnes
1223 2702 1426 2735 illuminantur;
1451 2702 1574 2728 homines
1594 2707 1674 2732 vero,
1690 2707 1752 2727 eum

970 2748 1093 2784 duplices
1108 2750 1171 2782 sint,
1189 2753 1217 2776 et
1232 2755 1341 2777 carnem
1358 2747 1561 2780 circumferant,
1579 2745 1754 2774 saacularibus
