  <div class='ocr_page' id='page_1' title='image "/cluster/home/n/w/nwhite01/storage/ocr_20150623/3/njp.32101077772356/465.png"; bbox 0 0 1938 3065; ppageno 0'>
   <div class='ocr_carea' id='block_1_1' title="bbox 189 113 241 140">
    <p class='ocr_par' dir='ltr' id='par_1_1' title="bbox 189 113 241 140">
     <span class='ocr_line' id='line_1_1' title="bbox 189 113 241 140; baseline 0.038 -2"><span class='ocrx_word' id='word_1_1' title='bbox 189 113 241 140; x_wconf 76' lang='grc'><strong>’759</strong></span> 
     </span>
    </p>
   </div>
   <div class='ocr_carea' id='block_1_2' title="bbox 739 111 1186 141">
    <p class='ocr_par' dir='ltr' id='par_1_2' title="bbox 739 111 1186 141">
     <span class='ocr_line' id='line_1_2' title="bbox 739 111 1186 141; baseline -0.002 -1"><span class='ocrx_word' id='word_1_2' title='bbox 739 113 765 141; x_wconf 89' lang='lat' dir='ltr'><strong>S.</strong></span> <span class='ocrx_word' id='word_1_3' title='bbox 786 113 934 141; x_wconf 77' lang='lat' dir='ltr'><strong>DIONYSII</strong></span> <span class='ocrx_word' id='word_1_4' title='bbox 953 111 1186 140; x_wconf 63' lang='lat' dir='ltr'><strong>AREOPAGITJE</strong></span> 
     </span>
    </p>
   </div>
   <div class='ocr_carea' id='block_1_3' title="bbox 1769 114 1824 141">
    <p class='ocr_par' dir='ltr' id='par_1_3' title="bbox 1769 114 1824 141">
     <span class='ocr_line' id='line_1_3' title="bbox 1769 114 1824 141; baseline 0 0"><span class='ocrx_word' id='word_1_5' title='bbox 1769 114 1824 141; x_wconf 81' lang='lat'><strong>760</strong></span> 
     </span>
    </p>
   </div>
   <div class='ocr_carea' id='block_1_4' title="bbox 187 168 965 206">
    <p class='ocr_par' dir='ltr' id='par_1_4' title="bbox 187 170 961 205">
     <span class='ocr_line' id='line_1_4' title="bbox 187 170 961 205; baseline -0.003 -7"><span class='ocrx_word' id='word_1_6' title='bbox 187 170 349 205; x_wconf 82' lang='lat' dir='ltr'><strong>ignorantiis</strong></span> <span class='ocrx_word' id='word_1_7' title='bbox 363 170 564 204; x_wconf 82' lang='lat' dir='ltr'><strong>&#39;erroribusque</strong></span> <span class='ocrx_word' id='word_1_8' title='bbox 580 174 643 196; x_wconf 87' lang='lat' dir='ltr'><strong>sunt</strong></span> <span class='ocrx_word' id='word_1_9' title='bbox 663 170 775 200; x_wconf 77' lang='lat' dir='ltr'><strong>assueti.</strong></span> <span class='ocrx_word' id='word_1_10' title='bbox 792 177 844 196; x_wconf 89' lang='lat' dir='ltr'><strong>non</strong></span> <span class='ocrx_word' id='word_1_11' title='bbox 862 177 961 203; x_wconf 76' lang='lat' dir='ltr'><strong>possun</strong></span> 
     </span>
    </p>
   </div>
   <div class='ocr_carea' id='block_1_5' title="bbox 1017 168 1823 206">
    <p class='ocr_par' dir='ltr' id='par_1_5' title="bbox 1026 168 1823 206">
     <span class='ocr_line' id='line_1_5' title="bbox 1026 168 1823 206; baseline 0.004 -10"><span class='ocrx_word' id='word_1_12' title='bbox 1026 170 1059 196; x_wconf 85' lang='grc' dir='ltr'>ἂν</span> <span class='ocrx_word' id='word_1_13' title='bbox 1073 169 1231 204; x_wconf 85' lang='grc' dir='ltr'>φωτισοεῖεν</span> <span class='ocrx_word' id='word_1_14' title='bbox 1242 169 1330 201; x_wconf 82' lang='grc' dir='ltr'>ἄλλως</span> <span class='ocrx_word' id='word_1_15' title='bbox 1343 170 1367 196; x_wconf 81' lang='grc' dir='ltr'><strong>εί</strong></span> <span class='ocrx_word' id='word_1_16' title='bbox 1382 169 1460 205; x_wconf 85' lang='grc' dir='ltr'><strong>μὴτὸ</strong></span> <span class='ocrx_word' id='word_1_17' title='bbox 1472 168 1566 202; x_wconf 79' lang='grc' dir='ltr'><strong>σκότος</strong></span> <span class='ocrx_word' id='word_1_18' title='bbox 1578 170 1728 206; x_wconf 80' lang='grc' dir='ltr'>ἀπελασθῇ.</span> <span class='ocrx_word' id='word_1_19' title='bbox 1740 171 1823 199; x_wconf 79' lang='grc' dir='ltr'>Ὅθεν</span> 
     </span>
    </p>
   </div>
   <div class='ocr_carea' id='block_1_6' title="bbox 185 217 972 250">
    <p class='ocr_par' dir='ltr' id='par_1_6' title="bbox 185 217 972 250">
     <span class='ocr_line' id='line_1_6' title="bbox 185 217 972 250; baseline 0 -6"><span class='ocrx_word' id='word_1_20' title='bbox 185 217 265 245; x_wconf 77' lang='lat' dir='ltr'><strong>aliter</strong></span> <span class='ocrx_word' id='word_1_21' title='bbox 289 217 455 249; x_wconf 92' lang='lat' dir='ltr'><strong>illuminari,</strong></span> <span class='ocrx_word' id='word_1_22' title='bbox 473 217 523 244; x_wconf 85' lang='lat' dir='ltr'><strong>nisi</strong></span> <span class='ocrx_word' id='word_1_23' title='bbox 541 217 659 243; x_wconf 67' lang='lat' dir='ltr'><strong>tenebrzn</strong></span> <span class='ocrx_word' id='word_1_24' title='bbox 674 217 790 250; x_wconf 72' lang='lat' dir='ltr'><strong>depulsa:</strong></span> <span class='ocrx_word' id='word_1_25' title='bbox 814 217 878 243; x_wconf 60' lang='lat' dir='ltr'><strong>sint.</strong></span> <span class='ocrx_word' id='word_1_26' title='bbox 896 217 972 245; x_wconf 87' lang='lat' dir='ltr'><strong>Unde</strong></span> 
     </span>
    </p>
   </div>
   <div class='ocr_carea' id='block_1_7' title="bbox 186 263 970 292">
    <p class='ocr_par' dir='ltr' id='par_1_7' title="bbox 186 263 970 292">
     <span class='ocr_line' id='line_1_7' title="bbox 186 263 970 292; baseline 0.001 -1"><span class='ocrx_word' id='word_1_27' title='bbox 186 271 248 291; x_wconf 89' lang='lat' dir='ltr'><strong>cum</strong></span> <span class='ocrx_word' id='word_1_28' title='bbox 265 263 309 291; x_wconf 78' lang='lat' dir='ltr'><strong>lux</strong></span> <span class='ocrx_word' id='word_1_29' title='bbox 335 269 429 290; x_wconf 86' lang='lat' dir='ltr'><strong>natura</strong></span> <span class='ocrx_word' id='word_1_30' title='bbox 455 272 501 291; x_wconf 88' lang='lat' dir='ltr'><strong>sua</strong></span> <span class='ocrx_word' id='word_1_31' title='bbox 526 263 606 290; x_wconf 86' lang='lat' dir='ltr'><strong>simul</strong></span> <span class='ocrx_word' id='word_1_32' title='bbox 628 271 689 290; x_wconf 90' lang='lat' dir='ltr'><strong>eum</strong></span> <span class='ocrx_word' id='word_1_33' title='bbox 711 264 828 290; x_wconf 88' lang='lat' dir='ltr'><strong>tenebris</strong></span> <span class='ocrx_word' id='word_1_34' title='bbox 846 271 908 291; x_wconf 87' lang='lat' dir='ltr'><strong>esse</strong></span> <span class='ocrx_word' id='word_1_35' title='bbox 923 271 970 292; x_wconf 84' lang='lat' dir='ltr'><strong>ne-</strong></span> 
     </span>
    </p>
   </div>
   <div class='ocr_carea' id='block_1_8' title="bbox 185 310 971 345">
    <p class='ocr_par' dir='ltr' id='par_1_8' title="bbox 185 310 971 345">
     <span class='ocr_line' id='line_1_8' title="bbox 185 310 971 345; baseline 0 -8"><span class='ocrx_word' id='word_1_36' title='bbox 185 314 276 345; x_wconf 87' lang='lat' dir='ltr'><strong>queat,</strong></span> <span class='ocrx_word' id='word_1_37' title='bbox 292 311 393 338; x_wconf 87' lang='lat' dir='ltr'><strong>idcirco</strong></span> <span class='ocrx_word' id='word_1_38' title='bbox 413 311 471 337; x_wconf 91' lang='lat' dir='ltr'><strong>luce</strong></span> <span class='ocrx_word' id='word_1_39' title='bbox 489 310 671 342; x_wconf 82' lang='lat' dir='ltr'><strong>subintrante,</strong></span> <span class='ocrx_word' id='word_1_40' title='bbox 688 311 808 337; x_wconf 61' lang='lat' dir='ltr'><strong>tenebrae</strong></span> <span class='ocrx_word' id='word_1_41' title='bbox 828 310 971 344; x_wconf 73' lang='lat' dir='ltr'><strong>fugantur;</strong></span> 
     </span>
    </p>
   </div>
   <div class='ocr_carea' id='block_1_9' title="bbox 184 356 971 392">
    <p class='ocr_par' dir='ltr' id='par_1_9' title="bbox 184 356 971 392">
     <span class='ocr_line' id='line_1_9' title="bbox 184 356 971 392; baseline -0.004 -8"><span class='ocrx_word' id='word_1_42' title='bbox 184 362 212 384; x_wconf 89' lang='lat' dir='ltr'><strong>et</strong></span> <span class='ocrx_word' id='word_1_43' title='bbox 237 362 368 392; x_wconf 85' lang='lat' dir='ltr'><strong>quantum</strong></span> <span class='ocrx_word' id='word_1_44' title='bbox 390 357 434 383; x_wconf 81' lang='lat' dir='ltr'><strong>lux</strong></span> <span class='ocrx_word' id='word_1_45' title='bbox 460 356 620 389; x_wconf 69' lang='lat' dir='ltr'><strong>ingreditur,</strong></span> <span class='ocrx_word' id='word_1_46' title='bbox 646 360 750 382; x_wconf 89' lang='lat' dir='ltr'><strong>tantum</strong></span> <span class='ocrx_word' id='word_1_47' title='bbox 772 357 868 382; x_wconf 74' lang='lat' dir='ltr'><strong>anima:</strong></span> <span class='ocrx_word' id='word_1_48' title='bbox 887 356 971 390; x_wconf 83' lang='lat' dir='ltr'><strong>ipsam</strong></span> 
     </span>
    </p>
   </div>
   <div class='ocr_carea' id='block_1_10' title="bbox 186 399 972 438">
    <p class='ocr_par' dir='ltr' id='par_1_10' title="bbox 186 399 972 438">
     <span class='ocr_line' id='line_1_10' title="bbox 186 399 972 438; baseline -0.004 -8"><span class='ocrx_word' id='word_1_49' title='bbox 186 403 363 438; x_wconf 80' lang='lat' dir='ltr'><strong>degustantes</strong></span> <span class='ocrx_word' id='word_1_50' title='bbox 378 403 463 437; x_wconf 72' lang='lat' dir='ltr'><strong>magis</strong></span> <span class='ocrx_word' id='word_1_51' title='bbox 478 406 622 436; x_wconf 82' lang='lat' dir='ltr'><strong>appetunt;</strong></span> <span class='ocrx_word' id='word_1_52' title='bbox 641 406 667 428; x_wconf 87' lang='lat' dir='ltr'><strong>et</strong></span> <span class='ocrx_word' id='word_1_53' title='bbox 680 406 784 436; x_wconf 88' lang='lat' dir='ltr'><strong>quanto</strong></span> <span class='ocrx_word' id='word_1_54' title='bbox 804 400 856 426; x_wconf 63' lang='lat' dir='ltr'><strong>illa:</strong></span> <span class='ocrx_word' id='word_1_55' title='bbox 877 399 972 433; x_wconf 86' lang='lat' dir='ltr'><strong>majori</strong></span> 
     </span>
    </p>
   </div>
   <div class='ocr_carea' id='block_1_11' title="bbox 184 446 974 483">
    <p class='ocr_par' dir='ltr' id='par_1_11' title="bbox 184 446 974 483">
     <span class='ocr_line' id='line_1_11' title="bbox 184 446 974 483; baseline -0.004 -7"><span class='ocrx_word' id='word_1_56' title='bbox 184 449 320 476; x_wconf 87' lang='lat' dir='ltr'><strong>desiderio</strong></span> <span class='ocrx_word' id='word_1_57' title='bbox 345 455 472 483; x_wconf 77' lang='lat' dir='ltr'><strong>aguntur,</strong></span> <span class='ocrx_word' id='word_1_58' title='bbox 488 452 565 475; x_wconf 88' lang='lat' dir='ltr'><strong>tanto</strong></span> <span class='ocrx_word' id='word_1_59' title='bbox 590 447 675 482; x_wconf 81' lang='lat' dir='ltr'><strong>magis</strong></span> <span class='ocrx_word' id='word_1_60' title='bbox 701 447 746 473; x_wconf 82' lang='lat' dir='ltr'><strong>lux</strong></span> <span class='ocrx_word' id='word_1_61' title='bbox 769 446 887 481; x_wconf 81' lang='lat' dir='ltr'><strong>aﬂ&#39;nlgel,</strong></span> <span class='ocrx_word' id='word_1_62' title='bbox 905 453 974 480; x_wconf 81' lang='lat' dir='ltr'><strong>quo-</strong></span> 
     </span>
    </p>
   </div>
   <div class='ocr_carea' id='block_1_12' title="bbox 184 492 971 526">
    <p class='ocr_par' dir='ltr' id='par_1_12' title="bbox 184 492 971 526">
     <span class='ocr_line' id='line_1_12' title="bbox 184 492 971 526; baseline -0.005 -4"><span class='ocrx_word' id='word_1_63' title='bbox 184 496 258 522; x_wconf 82' lang='lat' dir='ltr'><strong>niam</strong></span> <span class='ocrx_word' id='word_1_64' title='bbox 275 495 427 522; x_wconf 82' lang='lat' dir='ltr'><strong>dilexerunt</strong></span> <span class='ocrx_word' id='word_1_65' title='bbox 442 494 568 526; x_wconf 89' lang='lat' dir='ltr'><strong>multum,</strong></span> <span class='ocrx_word' id='word_1_66' title='bbox 582 493 660 526; x_wconf 76' lang='lat' dir='ltr'><strong>juxta</strong></span> <span class='ocrx_word' id='word_1_67' title='bbox 677 498 771 520; x_wconf 87' lang='lat' dir='ltr'><strong>saneta</strong></span> <span class='ocrx_word' id='word_1_68' title='bbox 791 492 934 526; x_wconf 77' lang='lat' dir='ltr'><strong>Evangelia</strong></span> <span class='ocrx_word' id='word_1_69' title='bbox 946 496 971 518; x_wconf 77' lang='grc' dir='ltr'><strong>η.</strong></span> 
     </span>
    </p>
   </div>
   <div class='ocr_carea' id='block_1_13' title="bbox 184 537 973 574">
    <p class='ocr_par' dir='ltr' id='par_1_13' title="bbox 184 537 973 574">
     <span class='ocr_line' id='line_1_13' title="bbox 184 537 973 574; baseline -0.004 -6"><span class='ocrx_word' id='word_1_70' title='bbox 184 540 243 568; x_wconf 83' lang='lat' dir='ltr'><strong>Non</strong></span> <span class='ocrx_word' id='word_1_71' title='bbox 258 541 330 568; x_wconf 91' lang='lat' dir='ltr'><strong>enim</strong></span> <span class='ocrx_word' id='word_1_72' title='bbox 346 545 457 574; x_wconf 87' lang='lat' dir='ltr'><strong>repente</strong></span> <span class='ocrx_word' id='word_1_73' title='bbox 471 539 517 566; x_wconf 80' lang='lat' dir='ltr'><strong>lux</strong></span> <span class='ocrx_word' id='word_1_74' title='bbox 541 539 660 573; x_wconf 80' lang='lat' dir='ltr'><strong>all&#39;ulget,</strong></span> <span class='ocrx_word' id='word_1_75' title='bbox 677 546 711 564; x_wconf 86' lang='lat' dir='ltr'><strong>ne</strong></span> <span class='ocrx_word' id='word_1_76' title='bbox 734 538 841 573; x_wconf 82' lang='lat' dir='ltr'><strong>quando</strong></span> <span class='ocrx_word' id='word_1_77' title='bbox 856 537 973 571; x_wconf 84' lang='lat' dir='ltr'><strong>caligine</strong></span> 
     </span>
    </p>
   </div>
   <div class='ocr_carea' id='block_1_14' title="bbox 184 584 973 620">
    <p class='ocr_par' dir='ltr' id='par_1_14' title="bbox 184 584 973 620">
     <span class='ocr_line' id='line_1_14' title="bbox 184 584 973 620; baseline -0.004 -6"><span class='ocrx_word' id='word_1_78' title='bbox 184 586 371 618; x_wconf 76' lang='lat' dir='ltr'><strong>oll&#39;undantur,</strong></span> <span class='ocrx_word' id='word_1_79' title='bbox 387 587 458 614; x_wconf 80' lang='lat' dir='ltr'><strong>sicut</strong></span> <span class='ocrx_word' id='word_1_80' title='bbox 473 586 606 620; x_wconf 67' lang='lat' dir='ltr'><strong>contingit</strong></span> <span class='ocrx_word' id='word_1_81' title='bbox 620 585 653 612; x_wconf 92' lang='lat' dir='ltr'><strong>iis</strong></span> <span class='ocrx_word' id='word_1_82' title='bbox 669 585 714 619; x_wconf 88' lang='lat' dir='ltr'><strong>qui</strong></span> <span class='ocrx_word' id='word_1_83' title='bbox 732 592 747 611; x_wconf 89' lang='lat' dir='ltr'><strong>e</strong></span> <span class='ocrx_word' id='word_1_84' title='bbox 770 584 910 618; x_wconf 78' lang='lat' dir='ltr'><strong>profundis</strong></span> <span class='ocrx_word' id='word_1_85' title='bbox 933 590 973 611; x_wconf 87' lang='lat' dir='ltr'><strong>te-</strong></span> 
     </span>
    </p>
   </div>
   <div class='ocr_carea' id='block_1_15' title="bbox 183 630 972 662">
    <p class='ocr_par' dir='ltr' id='par_1_15' title="bbox 183 630 972 662">
     <span class='ocr_line' id='line_1_15' title="bbox 183 630 972 662; baseline -0.005 -2"><span class='ocrx_word' id='word_1_86' title='bbox 183 632 277 660; x_wconf 86' lang='lat' dir='ltr'><strong>nebris</strong></span> <span class='ocrx_word' id='word_1_87' title='bbox 289 631 373 660; x_wconf 83' lang='lat' dir='ltr'><strong>solem</strong></span> <span class='ocrx_word' id='word_1_88' title='bbox 386 632 497 659; x_wconf 85' lang='lat' dir='ltr'><strong>directis</strong></span> <span class='ocrx_word' id='word_1_89' title='bbox 511 631 598 658; x_wconf 89' lang='lat' dir='ltr'><strong>oculis</strong></span> <span class='ocrx_word' id='word_1_90' title='bbox 614 630 711 657; x_wconf 90' lang='lat' dir='ltr'><strong>intueri</strong></span> <span class='ocrx_word' id='word_1_91' title='bbox 728 631 834 662; x_wconf 80' lang='lat' dir='ltr'><strong>volunt;</strong></span> <span class='ocrx_word' id='word_1_92' title='bbox 853 630 899 656; x_wconf 83' lang='lat' dir='ltr'><strong>sed</strong></span> <span class='ocrx_word' id='word_1_93' title='bbox 911 636 972 656; x_wconf 85' lang='lat' dir='ltr'><strong>sen-</strong></span> 
     </span>
    </p>
   </div>
   <div class='ocr_carea' id='block_1_16' title="bbox 185 674 973 710">
    <p class='ocr_par' dir='ltr' id='par_1_16' title="bbox 185 674 973 710">
     <span class='ocr_line' id='line_1_16' title="bbox 185 674 973 710; baseline -0.004 -6"><span class='ocrx_word' id='word_1_94' title='bbox 185 678 247 709; x_wconf 80' lang='lat' dir='ltr'><strong>sim.</strong></span> <span class='ocrx_word' id='word_1_95' title='bbox 260 677 337 710; x_wconf 79' lang='lat' dir='ltr'><strong>juxta</strong></span> <span class='ocrx_word' id='word_1_96' title='bbox 350 677 485 704; x_wconf 87' lang='lat' dir='ltr'><strong>modulum</strong></span> <span class='ocrx_word' id='word_1_97' title='bbox 501 684 594 703; x_wconf 88' lang='lat' dir='ltr'><strong>eorum</strong></span> <span class='ocrx_word' id='word_1_98' title='bbox 611 675 655 710; x_wconf 88' lang='lat' dir='ltr'><strong>qui</strong></span> <span class='ocrx_word' id='word_1_99' title='bbox 669 676 758 701; x_wconf 85' lang='lat' dir='ltr'><strong>lumen</strong></span> <span class='ocrx_word' id='word_1_100' title='bbox 777 674 924 708; x_wconf 83' lang='lat' dir='ltr'><strong>excipiunt,</strong></span> <span class='ocrx_word' id='word_1_101' title='bbox 943 679 973 701; x_wconf 84' lang='lat' dir='ltr'><strong>ut</strong></span> 
     </span>
    </p>
   </div>
   <div class='ocr_carea' id='block_1_17' title="bbox 183 721 971 758">
    <p class='ocr_par' dir='ltr' id='par_1_17' title="bbox 183 721 971 758">
     <span class='ocr_line' id='line_1_17' title="bbox 183 721 971 758; baseline -0.006 -7"><span class='ocrx_word' id='word_1_102' title='bbox 183 731 271 758; x_wconf 85' lang='lat' dir='ltr'><strong>neque</strong></span> <span class='ocrx_word' id='word_1_103' title='bbox 284 724 343 750; x_wconf 83' lang='lat' dir='ltr'><strong>luce</strong></span> <span class='ocrx_word' id='word_1_104' title='bbox 358 723 441 750; x_wconf 88' lang='lat' dir='ltr'><strong>nimia</strong></span> <span class='ocrx_word' id='word_1_105' title='bbox 455 722 617 750; x_wconf 82' lang='lat' dir='ltr'><strong>inlirmiores</strong></span> <span class='ocrx_word' id='word_1_106' title='bbox 629 721 735 751; x_wconf 84' lang='lat' dir='ltr'><strong>obruat.</strong></span> <span class='ocrx_word' id='word_1_107' title='bbox 754 727 840 754; x_wconf 89' lang='lat' dir='ltr'><strong>neque</strong></span> <span class='ocrx_word' id='word_1_108' title='bbox 853 727 971 751; x_wconf 86' lang='lat' dir='ltr'><strong>rursum,</strong></span> 
     </span>
    </p>
   </div>
   <div class='ocr_carea' id='block_1_18' title="bbox 182 765 970 804">
    <p class='ocr_par' dir='ltr' id='par_1_18' title="bbox 182 765 970 804">
     <span class='ocr_line' id='line_1_18' title="bbox 182 765 970 804; baseline -0.003 -10"><span class='ocrx_word' id='word_1_109' title='bbox 182 774 295 804; x_wconf 83' lang='lat' dir='ltr'><strong>propter</strong></span> <span class='ocrx_word' id='word_1_110' title='bbox 317 769 426 796; x_wconf 78' lang='lat' dir='ltr'><strong>luminis</strong></span> <span class='ocrx_word' id='word_1_111' title='bbox 452 768 581 802; x_wconf 88' lang='lat' dir='ltr'><strong>inopiam,</strong></span> <span class='ocrx_word' id='word_1_112' title='bbox 598 767 702 794; x_wconf 86' lang='lat' dir='ltr'><strong>meritis</strong></span> <span class='ocrx_word' id='word_1_113' title='bbox 726 773 778 792; x_wconf 92' lang='lat' dir='ltr'><strong>non</strong></span> <span class='ocrx_word' id='word_1_114' title='bbox 797 765 970 799; x_wconf 84' lang='lat' dir='ltr'><strong>respondeat,</strong></span> 
     </span>
    </p>
   </div>
   <div class='ocr_carea' id='block_1_19' title="bbox 183 812 970 849">
    <p class='ocr_par' dir='ltr' id='par_1_19' title="bbox 183 812 970 849">
     <span class='ocr_line' id='line_1_19' title="bbox 183 812 970 849; baseline -0.006 -7"><span class='ocrx_word' id='word_1_115' title='bbox 183 818 230 843; x_wconf 83' lang='lat' dir='ltr'><strong>sed</strong></span> <span class='ocrx_word' id='word_1_116' title='bbox 253 815 332 849; x_wconf 82' lang='lat' dir='ltr'><strong>juxta</strong></span> <span class='ocrx_word' id='word_1_117' title='bbox 358 815 563 849; x_wconf 82' lang='lat' dir='ltr'><strong>suseipientium</strong></span> <span class='ocrx_word' id='word_1_118' title='bbox 580 813 660 848; x_wconf 79' lang='lat'><strong>391</strong></span> <span class='ocrx_word' id='word_1_119' title='bbox 689 819 798 840; x_wconf 81' lang='lat' dir='ltr'><strong>sursum</strong></span> <span class='ocrx_word' id='word_1_120' title='bbox 825 812 970 838; x_wconf 87' lang='lat' dir='ltr'><strong>eontuendi</strong></span> 
     </span>
    </p>
   </div>
   <div class='ocr_carea' id='block_1_20' title="bbox 1024 214 1824 251">
    <p class='ocr_par' dir='ltr' id='par_1_20' title="bbox 1024 214 1824 251">
     <span class='ocr_line' id='line_1_20' title="bbox 1024 214 1824 251; baseline 0.004 -8"><span class='ocrx_word' id='word_1_121' title='bbox 1024 217 1071 243; x_wconf 76' lang='grc' dir='ltr'>καὶ</span> <span class='ocrx_word' id='word_1_122' title='bbox 1089 216 1149 242; x_wconf 73' lang='grc' dir='ltr'>ἐπεὶ</span> <span class='ocrx_word' id='word_1_123' title='bbox 1161 216 1210 242; x_wconf 79' lang='grc' dir='ltr'>οὐκ</span> <span class='ocrx_word' id='word_1_124' title='bbox 1225 216 1281 251; x_wconf 70' lang='grc' dir='ltr'>ἔχει</span> <span class='ocrx_word' id='word_1_125' title='bbox 1298 214 1378 250; x_wconf 83' lang='grc' dir='ltr'>φύσιν</span> <span class='ocrx_word' id='word_1_126' title='bbox 1386 216 1416 242; x_wconf 84' lang='grc' dir='ltr'><strong>τὸ</strong></span> <span class='ocrx_word' id='word_1_127' title='bbox 1423 215 1481 250; x_wconf 83' lang='grc' dir='ltr'><strong>φῶς</strong></span> <span class='ocrx_word' id='word_1_128' title='bbox 1490 215 1529 251; x_wconf 78' lang='grc' dir='ltr'>τῷ</span> <span class='ocrx_word' id='word_1_129' title='bbox 1539 216 1629 243; x_wconf 82' lang='grc' dir='ltr'>σκότει</span> <span class='ocrx_word' id='word_1_130' title='bbox 1640 218 1824 250; x_wconf 79' lang='grc' dir='ltr'>συνεῖναι,διὰ</span> 
     </span>
    </p>
   </div>
   <div class='ocr_carea' id='block_1_21' title="bbox 1023 261 1822 298">
    <p class='ocr_par' dir='ltr' id='par_1_21' title="bbox 1023 261 1822 298">
     <span class='ocr_line' id='line_1_21' title="bbox 1023 261 1822 298; baseline 0.004 -10"><span class='ocrx_word' id='word_1_131' title='bbox 1023 262 1102 288; x_wconf 79' lang='grc' dir='ltr'>τοῦτο</span> <span class='ocrx_word' id='word_1_132' title='bbox 1113 261 1160 289; x_wconf 84' lang='grc' dir='ltr'>τοῦ</span> <span class='ocrx_word' id='word_1_133' title='bbox 1177 262 1264 296; x_wconf 82' lang='grc' dir='ltr'>φωτὸς</span> <span class='ocrx_word' id='word_1_134' title='bbox 1277 262 1515 298; x_wconf 83' lang='grc' dir='ltr'>ὐπεισερχομένου,</span> <span class='ocrx_word' id='word_1_135' title='bbox 1529 263 1560 289; x_wconf 81' lang='grc' dir='ltr'>τὸ</span> <span class='ocrx_word' id='word_1_136' title='bbox 1570 262 1664 295; x_wconf 79' lang='grc' dir='ltr'>σκότος</span> <span class='ocrx_word' id='word_1_137' title='bbox 1673 263 1822 292; x_wconf 85' lang='grc' dir='ltr'>διώκεται.”</span> 
     </span>
    </p>
   </div>
   <div class='ocr_carea' id='block_1_22' title="bbox 1024 309 1822 346">
    <p class='ocr_par' dir='ltr' id='par_1_22' title="bbox 1024 309 1822 346">
     <span class='ocr_line' id='line_1_22' title="bbox 1024 309 1822 346; baseline 0.003 -11"><span class='ocrx_word' id='word_1_138' title='bbox 1024 310 1071 336; x_wconf 81' lang='grc' dir='ltr'>καὶ</span> <span class='ocrx_word' id='word_1_139' title='bbox 1081 309 1142 336; x_wconf 79' lang='grc' dir='ltr'>ὅσον</span> <span class='ocrx_word' id='word_1_140' title='bbox 1157 309 1187 335; x_wconf 80' lang='grc' dir='ltr'><strong>τὸ</strong></span> <span class='ocrx_word' id='word_1_141' title='bbox 1201 309 1258 343; x_wconf 80' lang='grc' dir='ltr'><strong>φῶς</strong></span> <span class='ocrx_word' id='word_1_142' title='bbox 1276 310 1474 345; x_wconf 76' lang='grc' dir='ltr'><strong>ἐπεισέρχεται,</strong></span> <span class='ocrx_word' id='word_1_143' title='bbox 1490 309 1585 336; x_wconf 84' lang='grc' dir='ltr'>τούτου</span> <span class='ocrx_word' id='word_1_144' title='bbox 1605 311 1632 336; x_wconf 82' lang='grc' dir='ltr'>αἱ</span> <span class='ocrx_word' id='word_1_145' title='bbox 1651 309 1736 346; x_wconf 72' lang='grc' dir='ltr'>ψυχαὶ</span> <span class='ocrx_word' id='word_1_146' title='bbox 1751 311 1822 337; x_wconf 85' lang='grc' dir='ltr'>ἁπο-</span> 
     </span>
    </p>
   </div>
   <div class='ocr_carea' id='block_1_23' title="bbox 1024 355 1822 391">
    <p class='ocr_par' dir='ltr' id='par_1_23' title="bbox 1024 355 1822 391">
     <span class='ocr_line' id='line_1_23' title="bbox 1024 355 1822 391; baseline 0.001 -10"><span class='ocrx_word' id='word_1_147' title='bbox 1024 355 1178 390; x_wconf 85' lang='grc' dir='ltr'>γευόμεναι,</span> <span class='ocrx_word' id='word_1_148' title='bbox 1188 355 1286 390; x_wconf 77' lang='grc' dir='ltr'>μᾶλλον</span> <span class='ocrx_word' id='word_1_149' title='bbox 1303 355 1423 390; x_wconf 79' lang='grc' dir='ltr'><strong>ἐφίενται</strong></span> <span class='ocrx_word' id='word_1_150' title='bbox 1435 363 1442 371; x_wconf 79' lang='lat'><strong>&#39;</strong></span> <span class='ocrx_word' id='word_1_151' title='bbox 1459 355 1505 382; x_wconf 79' lang='grc' dir='ltr'>καὶ</span> <span class='ocrx_word' id='word_1_152' title='bbox 1519 355 1628 390; x_wconf 85' lang='grc' dir='ltr'>μᾶλλον,</span> <span class='ocrx_word' id='word_1_153' title='bbox 1638 355 1729 383; x_wconf 79' lang='grc' dir='ltr'>αὐτῶν</span> <span class='ocrx_word' id='word_1_154' title='bbox 1745 357 1822 391; x_wconf 78' lang='grc' dir='ltr'>ἐφιε-</span> 
     </span>
    </p>
   </div>
   <div class='ocr_carea' id='block_1_24' title="bbox 1026 401 1819 437">
    <p class='ocr_par' dir='ltr' id='par_1_24' title="bbox 1026 401 1819 437">
     <span class='ocr_line' id='line_1_24' title="bbox 1026 401 1819 437; baseline 0.003 -10"><span class='ocrx_word' id='word_1_155' title='bbox 1026 401 1123 436; x_wconf 82' lang='grc' dir='ltr'><strong>μένων,</strong></span> <span class='ocrx_word' id='word_1_156' title='bbox 1137 402 1236 437; x_wconf 83' lang='grc' dir='ltr'>μᾶλλον</span> <span class='ocrx_word' id='word_1_157' title='bbox 1248 402 1397 437; x_wconf 73' lang='grc' dir='ltr'>ἐπιλάμπει</span> <span class='ocrx_word' id='word_1_158' title='bbox 1405 402 1436 428; x_wconf 78' lang='grc' dir='ltr'>τὸ</span> <span class='ocrx_word' id='word_1_159' title='bbox 1447 402 1515 437; x_wconf 84' lang='grc' dir='ltr'>φῶς,</span> <span class='ocrx_word' id='word_1_160' title='bbox 1523 403 1564 428; x_wconf 85' lang='grc' dir='ltr'><strong>ὅτι</strong></span> <span class='ocrx_word' id='word_1_161' title='bbox 1576 402 1722 437; x_wconf 76' lang='grc' dir='ltr'><strong>ἠγάπησαν</strong></span> <span class='ocrx_word' id='word_1_162' title='bbox 1736 402 1819 434; x_wconf 80' lang='grc' dir='ltr'>πολὺ,</span> 
     </span>
    </p>
   </div>
   <div class='ocr_carea' id='block_1_25' title="bbox 1024 447 1819 484">
    <p class='ocr_par' dir='ltr' id='par_1_25' title="bbox 1024 447 1819 484">
     <span class='ocr_line' id='line_1_25' title="bbox 1024 447 1819 484; baseline 0.001 -11"><span class='ocrx_word' id='word_1_163' title='bbox 1024 447 1094 473; x_wconf 76' lang='grc' dir='ltr'>κατὰ</span> <span class='ocrx_word' id='word_1_164' title='bbox 1106 447 1141 474; x_wconf 82' lang='grc' dir='ltr'>τὰ</span> <span class='ocrx_word' id='word_1_165' title='bbox 1155 447 1215 484; x_wconf 80' lang='grc' dir='ltr'>ιερὰ</span> <span class='ocrx_word' id='word_1_166' title='bbox 1226 448 1388 483; x_wconf 84' lang='grc' dir='ltr'>Εὑαγγέλια.</span> <span class='ocrx_word' id='word_1_167' title='bbox 1405 449 1442 475; x_wconf 75' lang='grc' dir='ltr'><strong>Οὐ</strong></span> <span class='ocrx_word' id='word_1_168' title='bbox 1458 448 1512 484; x_wconf 86' lang='grc' dir='ltr'><strong>γὰρ</strong></span> <span class='ocrx_word' id='word_1_169' title='bbox 1526 448 1654 483; x_wconf 81' lang='grc' dir='ltr'><strong>ἐξαίφνης</strong></span> <span class='ocrx_word' id='word_1_170' title='bbox 1665 448 1819 484; x_wconf 77' lang='grc' dir='ltr'><strong>ἐπιλάμπει</strong></span> 
     </span>
    </p>
   </div>
   <div class='ocr_carea' id='block_1_26' title="bbox 1023 493 1820 530">
    <p class='ocr_par' dir='ltr' id='par_1_26' title="bbox 1023 493 1820 530">
     <span class='ocr_line' id='line_1_26' title="bbox 1023 493 1820 530; baseline 0 -10"><span class='ocrx_word' id='word_1_171' title='bbox 1023 493 1053 519; x_wconf 77' lang='grc' dir='ltr'>τὸ</span> <span class='ocrx_word' id='word_1_172' title='bbox 1070 493 1137 528; x_wconf 80' lang='grc' dir='ltr'>φῶς,</span> <span class='ocrx_word' id='word_1_173' title='bbox 1152 493 1196 520; x_wconf 84' lang='grc' dir='ltr'><strong>ἵνα</strong></span> <span class='ocrx_word' id='word_1_174' title='bbox 1221 495 1258 529; x_wconf 88' lang='grc' dir='ltr'><strong>μή</strong></span> <span class='ocrx_word' id='word_1_175' title='bbox 1278 503 1336 525; x_wconf 87' lang='grc' dir='ltr'>πως</span> <span class='ocrx_word' id='word_1_176' title='bbox 1357 493 1543 526; x_wconf 64' lang='grc' dir='ltr'>ποτισθῶσιν,</span> <span class='ocrx_word' id='word_1_177' title='bbox 1557 493 1651 530; x_wconf 84' lang='grc' dir='ltr'>ὥσπερ</span> <span class='ocrx_word' id='word_1_178' title='bbox 1673 494 1820 529; x_wconf 74' lang='grc' dir='ltr'>συμϐαίνει</span> 
     </span>
    </p>
   </div>
   <div class='ocr_carea' id='block_1_27' title="bbox 1023 539 1818 575">
    <p class='ocr_par' dir='ltr' id='par_1_27' title="bbox 1023 539 1818 575">
     <span class='ocr_line' id='line_1_27' title="bbox 1023 539 1818 575; baseline 0.001 -10"><span class='ocrx_word' id='word_1_179' title='bbox 1023 540 1080 570; x_wconf 85' lang='grc' dir='ltr'>τοῖς</span> <span class='ocrx_word' id='word_1_180' title='bbox 1094 539 1223 574; x_wconf 79' lang='grc' dir='ltr'><strong>ἐξαίφνης</strong></span> <span class='ocrx_word' id='word_1_181' title='bbox 1236 539 1290 565; x_wconf 78' lang='grc' dir='ltr'><strong>ἀπὸ</strong></span> <span class='ocrx_word' id='word_1_182' title='bbox 1306 539 1402 574; x_wconf 83' lang='grc' dir='ltr'>βαθέος</span> <span class='ocrx_word' id='word_1_183' title='bbox 1418 539 1530 571; x_wconf 79' lang='grc' dir='ltr'><strong>σκότους</strong></span> <span class='ocrx_word' id='word_1_184' title='bbox 1547 539 1586 575; x_wconf 82' lang='grc' dir='ltr'>τῷ</span> <span class='ocrx_word' id='word_1_185' title='bbox 1599 539 1667 575; x_wconf 81' lang='grc' dir='ltr'>ἡλίῳ</span> <span class='ocrx_word' id='word_1_186' title='bbox 1682 540 1818 574; x_wconf 79' lang='grc' dir='ltr'>ὲπεντρα-</span> 
     </span>
    </p>
   </div>
   <div class='ocr_carea' id='block_1_28' title="bbox 1024 584 1818 621">
    <p class='ocr_par' dir='ltr' id='par_1_28' title="bbox 1024 584 1818 621">
     <span class='ocr_line' id='line_1_28' title="bbox 1024 584 1818 621; baseline 0.001 -11"><span class='ocrx_word' id='word_1_187' title='bbox 1024 584 1107 615; x_wconf 80' lang='grc' dir='ltr'>νίζειν</span> <span class='ocrx_word' id='word_1_188' title='bbox 1122 584 1260 611; x_wconf 78' lang='grc' dir='ltr'>ἐθέλουσιν</span> <span class='ocrx_word' id='word_1_189' title='bbox 1272 593 1279 600; x_wconf 93' lang='grc'><strong>·</strong></span> <span class='ocrx_word' id='word_1_190' title='bbox 1295 585 1364 612; x_wconf 80' lang='grc' dir='ltr'>ἀλλὰ</span> <span class='ocrx_word' id='word_1_191' title='bbox 1384 586 1444 612; x_wconf 79' lang='grc' dir='ltr'>κατ’</span> <span class='ocrx_word' id='word_1_192' title='bbox 1458 585 1548 620; x_wconf 83' lang='grc' dir='ltr'>ὀλίγον</span> <span class='ocrx_word' id='word_1_193' title='bbox 1567 586 1614 612; x_wconf 78' lang='grc' dir='ltr'>καὶ</span> <span class='ocrx_word' id='word_1_194' title='bbox 1634 585 1701 620; x_wconf 83' lang='grc' dir='ltr'>πρὸς</span> <span class='ocrx_word' id='word_1_195' title='bbox 1721 585 1752 611; x_wconf 88' lang='grc' dir='ltr'><strong>τὸ</strong></span> <span class='ocrx_word' id='word_1_196' title='bbox 1766 585 1818 621; x_wconf 85' lang='grc' dir='ltr'>μέ-</span> 
     </span>
    </p>
   </div>
   <div class='ocr_carea' id='block_1_29' title="bbox 1023 629 1818 667">
    <p class='ocr_par' dir='ltr' id='par_1_29' title="bbox 1023 629 1818 667">
     <span class='ocr_line' id='line_1_29' title="bbox 1023 629 1818 667; baseline 0.003 -12"><span class='ocrx_word' id='word_1_197' title='bbox 1023 638 1087 665; x_wconf 79' lang='grc' dir='ltr'>τρον</span> <span class='ocrx_word' id='word_1_198' title='bbox 1098 629 1152 657; x_wconf 83' lang='grc' dir='ltr'><strong>τῶν</strong></span> <span class='ocrx_word' id='word_1_199' title='bbox 1167 631 1381 666; x_wconf 78' lang='grc' dir='ltr'><strong>ὑποδεχομένων,</strong></span> <span class='ocrx_word' id='word_1_200' title='bbox 1393 631 1437 658; x_wconf 81' lang='grc' dir='ltr'>ὅτε</span> <span class='ocrx_word' id='word_1_201' title='bbox 1448 631 1487 666; x_wconf 86' lang='grc' dir='ltr'>τῷ</span> <span class='ocrx_word' id='word_1_202' title='bbox 1501 631 1651 667; x_wconf 84' lang='grc' dir='ltr'>πληθυσμῷ</span> <span class='ocrx_word' id='word_1_203' title='bbox 1662 631 1725 663; x_wconf 84' lang='grc' dir='ltr'>τοὺς</span> <span class='ocrx_word' id='word_1_204' title='bbox 1736 631 1818 658; x_wconf 84' lang='grc' dir='ltr'>ἀσθε-</span> 
     </span>
    </p>
   </div>
   <div class='ocr_carea' id='block_1_30' title="bbox 1024 676 1818 712">
    <p class='ocr_par' dir='ltr' id='par_1_30' title="bbox 1024 676 1818 712">
     <span class='ocr_line' id='line_1_30' title="bbox 1024 676 1818 712; baseline 0.003 -10"><span class='ocrx_word' id='word_1_205' title='bbox 1024 676 1166 712; x_wconf 82' lang='grc' dir='ltr'>νεστέρους</span> <span class='ocrx_word' id='word_1_206' title='bbox 1182 677 1401 710; x_wconf 75' lang='grc' dir='ltr'>καταϐαπτίζων,</span> <span class='ocrx_word' id='word_1_207' title='bbox 1414 676 1569 704; x_wconf 78' lang='grc' dir='ltr'>οὕτε’πάλιν</span> <span class='ocrx_word' id='word_1_208' title='bbox 1586 678 1629 704; x_wconf 73' lang='grc' dir='ltr'><strong>ἐπ’</strong></span> <span class='ocrx_word' id='word_1_209' title='bbox 1642 677 1751 704; x_wconf 75' lang='grc' dir='ltr'>ἔλαττον</span> <span class='ocrx_word' id='word_1_210' title='bbox 1763 686 1818 704; x_wconf 70' lang='grc' dir='ltr'>παι-</span> 
     </span>
    </p>
   </div>
   <div class='ocr_carea' id='block_1_31' title="bbox 1024 722 1817 759">
    <p class='ocr_par' dir='ltr' id='par_1_31' title="bbox 1024 722 1817 759">
     <span class='ocr_line' id='line_1_31' title="bbox 1024 722 1817 759; baseline 0.001 -10"><span class='ocrx_word' id='word_1_211' title='bbox 1024 722 1059 758; x_wconf 81' lang='grc' dir='ltr'>ρὰ</span> <span class='ocrx_word' id='word_1_212' title='bbox 1071 722 1125 749; x_wconf 86' lang='grc' dir='ltr'><strong>τῶν</strong></span> <span class='ocrx_word' id='word_1_213' title='bbox 1137 723 1220 755; x_wconf 77' lang='grc' dir='ltr'>ἀξίων</span> <span class='ocrx_word' id='word_1_214' title='bbox 1234 723 1416 758; x_wconf 84' lang='grc' dir='ltr'>χωρούμενον,</span> <span class='ocrx_word' id='word_1_215' title='bbox 1429 723 1496 749; x_wconf 77' lang='grc' dir='ltr'>ἀλλὰ</span> <span class='ocrx_word' id='word_1_216' title='bbox 1511 723 1581 750; x_wconf 77' lang='grc' dir='ltr'>κατὰ</span> <span class='ocrx_word' id='word_1_217' title='bbox 1595 723 1644 759; x_wconf 82' lang='grc' dir='ltr'>τὴν</span> <span class='ocrx_word' id='word_1_218' title='bbox 1653 723 1707 750; x_wconf 83' lang='grc' dir='ltr'><strong>τῶν</strong></span> <span class='ocrx_word' id='word_1_219' title='bbox 1722 723 1817 750; x_wconf 75' lang='grc' dir='ltr'>ὑποδερ</span> 
     </span>
    </p>
   </div>
   <div class='ocr_carea' id='block_1_32' title="bbox 1023 766 1814 804">
    <p class='ocr_par' dir='ltr' id='par_1_32' title="bbox 1023 766 1814 804">
     <span class='ocr_line' id='line_1_32' title="bbox 1023 766 1814 804; baseline 0.003 -12"><span class='ocrx_word' id='word_1_220' title='bbox 1023 766 1144 802; x_wconf 82' lang='grc' dir='ltr'>χομένων</span> <span class='ocrx_word' id='word_1_221' title='bbox 1160 769 1200 799; x_wconf 82' lang='grc' dir='ltr'>εἰς</span> <span class='ocrx_word' id='word_1_222' title='bbox 1218 767 1363 795; x_wconf 83' lang='grc' dir='ltr'>ὰνάνευσιν</span> <span class='ocrx_word' id='word_1_223' title='bbox 1376 768 1522 803; x_wconf 79' lang='grc' dir='ltr'><strong>ἀναλογίαν</strong></span> <span class='ocrx_word' id='word_1_224' title='bbox 1534 778 1541 784; x_wconf 94' lang='grc'><strong>·</strong></span> <span class='ocrx_word' id='word_1_225' title='bbox 1555 769 1635 796; x_wconf 81' lang='grc' dir='ltr'>τοῦτο</span> <span class='ocrx_word' id='word_1_226' title='bbox 1653 769 1707 804; x_wconf 86' lang='grc' dir='ltr'><strong>γάρ</strong></span> <span class='ocrx_word' id='word_1_227' title='bbox 1728 769 1814 801; x_wconf 80' lang='grc' dir='ltr'>ἐστιν,</span> 
     </span>
    </p>
   </div>
   <div class='ocr_carea' id='block_1_33' title="bbox 1023 812 1814 851">
    <p class='ocr_par' dir='ltr' id='par_1_33' title="bbox 1023 812 1814 851">
     <span class='ocr_line' id='line_1_33' title="bbox 1023 812 1814 851; baseline 0.003 -12"><span class='ocrx_word' id='word_1_228' title='bbox 1023 812 1037 839; x_wconf 83' lang='grc' dir='ltr'>ὃ</span> <span class='ocrx_word' id='word_1_229' title='bbox 1049 814 1096 840; x_wconf 75' lang='grc' dir='ltr'>καὶ</span> <span class='ocrx_word' id='word_1_230' title='bbox 1110 813 1238 848; x_wconf 83' lang='grc' dir='ltr'><strong>ἀνωτέρω</strong></span> <span class='ocrx_word' id='word_1_231' title='bbox 1255 813 1339 848; x_wconf 77' lang='grc' dir='ltr'>λέγει,</span> <span class='ocrx_word' id='word_1_232' title='bbox 1353 814 1393 841; x_wconf 78' lang='grc' dir='ltr'><strong>ὅτι</strong></span> <span class='ocrx_word' id='word_1_233' title='bbox 1406 814 1481 848; x_wconf 79' lang='grc' dir='ltr'>τάξις</span> <span class='ocrx_word' id='word_1_234' title='bbox 1496 815 1544 842; x_wconf 76' lang='grc' dir='ltr'>καὶ</span> <span class='ocrx_word' id='word_1_235' title='bbox 1557 815 1657 851; x_wconf 84' lang='grc' dir='ltr'>μέτρον</span> <span class='ocrx_word' id='word_1_236' title='bbox 1675 814 1752 850; x_wconf 78' lang='grc' dir='ltr'><strong>ἡμῶν</strong></span> <span class='ocrx_word' id='word_1_237' title='bbox 1767 816 1814 841; x_wconf 78' lang='grc' dir='ltr'><strong>ἐσ-</strong></span> 
     </span>
    </p>
   </div>
   <div class='ocr_carea' id='block_1_34' title="bbox 182 858 1168 897">
    <p class='ocr_par' dir='ltr' id='par_1_34' title="bbox 182 858 1168 897">
     <span class='ocr_line' id='line_1_34' title="bbox 182 858 1168 897; baseline -0.005 -8"><span class='ocrx_word' id='word_1_238' title='bbox 182 862 361 897; x_wconf 83' lang='lat' dir='ltr'><strong>eapacitatctn</strong></span> <span class='ocrx_word' id='word_1_239' title='bbox 379 865 559 896; x_wconf 77' lang='lat' dir='ltr'><strong>temperetur;</strong></span> <span class='ocrx_word' id='word_1_240' title='bbox 575 861 625 887; x_wconf 84' lang='lat' dir='ltr'><strong>hoc</strong></span> <span class='ocrx_word' id='word_1_241' title='bbox 644 859 715 887; x_wconf 92' lang='lat' dir='ltr'><strong>enim</strong></span> <span class='ocrx_word' id='word_1_242' title='bbox 732 865 774 886; x_wconf 87' lang='lat' dir='ltr'><strong>est</strong></span> <span class='ocrx_word' id='word_1_243' title='bbox 796 859 868 893; x_wconf 83' lang='lat' dir='ltr'><strong>quod</strong></span> <span class='ocrx_word' id='word_1_244' title='bbox 887 858 970 885; x_wconf 76' lang='lat' dir='ltr'><strong>etiarn</strong></span> <span class='ocrx_word' id='word_1_245' title='bbox 1011 859 1079 885; x_wconf 84' lang='grc' dir='ltr'>τινό</span> <span class='ocrx_word' id='word_1_246' title='bbox 1092 859 1168 891; x_wconf 71' lang='grc' dir='ltr'><strong>Θεὸς.</strong></span> 
     </span>
    </p>
   </div>
   <div class='ocr_carea' id='block_1_35' title="bbox 182 906 1130 943">
    <p class='ocr_par' dir='ltr' id='par_1_35' title="bbox 182 906 1130 943">
     <span class='ocr_line' id='line_1_35' title="bbox 182 906 1130 943; baseline -0.004 -8"><span class='ocrx_word' id='word_1_247' title='bbox 182 909 308 943; x_wconf 83' lang='lat' dir='ltr'><strong>superius</strong></span> <span class='ocrx_word' id='word_1_248' title='bbox 332 908 410 939; x_wconf 80' lang='lat' dir='ltr'><strong>dixit,</strong></span> <span class='ocrx_word' id='word_1_249' title='bbox 436 907 518 934; x_wconf 90' lang='lat' dir='ltr'><strong>Deum</strong></span> <span class='ocrx_word' id='word_1_250' title='bbox 541 913 601 933; x_wconf 82' lang='lat' dir='ltr'><strong>esse</strong></span> <span class='ocrx_word' id='word_1_251' title='bbox 620 906 743 933; x_wconf 81' lang='lat' dir='ltr'><strong>ordinem</strong></span> <span class='ocrx_word' id='word_1_252' title='bbox 772 910 802 932; x_wconf 88' lang='lat' dir='ltr'><strong>ct</strong></span> <span class='ocrx_word' id='word_1_253' title='bbox 825 911 981 931; x_wconf 82' lang='lat' dir='ltr'><strong>mensuram</strong></span> <span class='ocrx_word' id='word_1_254' title='bbox 998 910 1130 932; x_wconf 87' lang='lat' dir='ltr'><strong>nostram.</strong></span> 
     </span>
    </p>
   </div>
   <div class='ocr_carea' id='block_1_36' title="bbox 212 951 965 990">
    <p class='ocr_par' dir='ltr' id='par_1_36' title="bbox 212 951 965 990">
     <span class='ocr_line' id='line_1_36' title="bbox 212 951 965 990; baseline -0.005 -9"><span class='ocrx_word' id='word_1_255' title='bbox 212 954 227 990; x_wconf 85' lang='lat'><strong>§</strong></span> <span class='ocrx_word' id='word_1_256' title='bbox 242 954 289 982; x_wconf 79' lang='lat' dir='ltr'><strong>Vl.</strong></span> <span class='ocrx_word' id='word_1_257' title='bbox 303 954 370 981; x_wconf 92' lang='lat' dir='ltr'><strong>lllud</strong></span> <span class='ocrx_word' id='word_1_258' title='bbox 385 953 456 987; x_wconf 88' lang='lat' dir='ltr'><strong>quod</strong></span> <span class='ocrx_word' id='word_1_259' title='bbox 476 961 557 987; x_wconf 78' lang='lat' dir='ltr'><strong>supra</strong></span> <span class='ocrx_word' id='word_1_260' title='bbox 580 960 655 979; x_wconf 84' lang='lat' dir='ltr'><strong>omne</strong></span> <span class='ocrx_word' id='word_1_261' title='bbox 672 952 759 979; x_wconf 83' lang='lat' dir='ltr'><strong>lumen</strong></span> <span class='ocrx_word' id='word_1_262' title='bbox 772 972 780 985; x_wconf 92' lang='lat'><strong>,</strong></span> <span class='ocrx_word' id='word_1_263' title='bbox 805 951 906 978; x_wconf 87' lang='lat' dir='ltr'><strong>bonum</strong></span> <span class='ocrx_word' id='word_1_264' title='bbox 931 951 965 977; x_wconf 92' lang='lat' dir='ltr'><strong>lu-</strong></span> 
     </span>
    </p>
   </div>
   <div class='ocr_carea' id='block_1_37' title="bbox 1017 951 1813 990">
    <p class='ocr_par' dir='ltr' id='par_1_37' title="bbox 1057 951 1813 988">
     <span class='ocr_line' id='line_1_37' title="bbox 1057 951 1813 988; baseline 0.003 -10"><span class='ocrx_word' id='word_1_265' title='bbox 1057 951 1071 987; x_wconf 84' lang='lat'><strong>§</strong></span> <span class='ocrx_word' id='word_1_266' title='bbox 1089 951 1130 978; x_wconf 80' lang='lat' dir='ltr'><strong>Vl.</strong></span> <span class='ocrx_word' id='word_1_267' title='bbox 1148 952 1233 979; x_wconf 81' lang='grc' dir='ltr'>Τοῦτο</span> <span class='ocrx_word' id='word_1_268' title='bbox 1245 952 1275 979; x_wconf 79' lang='grc' dir='ltr'>τὺ</span> <span class='ocrx_word' id='word_1_269' title='bbox 1288 953 1363 987; x_wconf 80' lang='grc' dir='ltr'>ὑπὲρ</span> <span class='ocrx_word' id='word_1_270' title='bbox 1373 953 1434 980; x_wconf 82' lang='grc' dir='ltr'>πᾶν</span> <span class='ocrx_word' id='word_1_271' title='bbox 1447 953 1520 988; x_wconf 65' lang='grc' dir='ltr'><strong>φῶς,</strong></span> <span class='ocrx_word' id='word_1_272' title='bbox 1542 953 1643 988; x_wconf 82' lang='grc' dir='ltr'>ἀγαθὸν</span> <span class='ocrx_word' id='word_1_273' title='bbox 1659 953 1718 988; x_wconf 78' lang='grc' dir='ltr'><strong>φῶς</strong></span> <span class='ocrx_word' id='word_1_274' title='bbox 1733 953 1813 988; x_wconf 75' lang='grc' dir='ltr'>λέγε-</span> 
     </span>
    </p>
   </div>
   <div class='ocr_carea' id='block_1_38' title="bbox 181 998 970 1032">
    <p class='ocr_par' dir='ltr' id='par_1_38' title="bbox 181 998 970 1032">
     <span class='ocr_line' id='line_1_38' title="bbox 181 998 970 1032; baseline -0.005 -5"><span class='ocrx_word' id='word_1_275' title='bbox 181 1008 243 1027; x_wconf 88' lang='lat' dir='ltr'><strong>men</strong></span> <span class='ocrx_word' id='word_1_276' title='bbox 262 1000 377 1032; x_wconf 85' lang='lat' dir='ltr'><strong>dicitur;</strong></span> <span class='ocrx_word' id='word_1_277' title='bbox 402 999 465 1032; x_wconf 84' lang='lat' dir='ltr'><strong>quia</strong></span> <span class='ocrx_word' id='word_1_278' title='bbox 493 998 576 1025; x_wconf 87' lang='lat' dir='ltr'><strong>etiam</strong></span> <span class='ocrx_word' id='word_1_279' title='bbox 603 1005 711 1025; x_wconf 87' lang='lat' dir='ltr'><strong>omnem</strong></span> <span class='ocrx_word' id='word_1_280' title='bbox 739 1003 857 1024; x_wconf 88' lang='lat' dir='ltr'><strong>mentem</strong></span> <span class='ocrx_word' id='word_1_281' title='bbox 873 1004 970 1030; x_wconf 82' lang='lat' dir='ltr'><strong>supra-</strong></span> 
     </span>
    </p>
   </div>
   <div class='ocr_carea' id='block_1_39' title="bbox 181 1043 970 1084">
    <p class='ocr_par' dir='ltr' id='par_1_39' title="bbox 181 1043 970 1084">
     <span class='ocr_line' id='line_1_39' title="bbox 181 1043 970 1084; baseline -0.004 -12"><span class='ocrx_word' id='word_1_282' title='bbox 181 1047 358 1078; x_wconf 86' lang='lat' dir='ltr'><strong>mundanam,</strong></span> <span class='ocrx_word' id='word_1_283' title='bbox 373 1045 485 1084; x_wconf 41' lang='lat' dir='ltr'><strong>scilicet.</strong></span> <span class='ocrx_word' id='word_1_284' title='bbox 499 1044 630 1070; x_wconf 89' lang='lat' dir='ltr'><strong>virtutum</strong></span> <span class='ocrx_word' id='word_1_285' title='bbox 648 1043 832 1078; x_wconf 85' lang='lat' dir='ltr'><strong>superiorum,</strong></span> <span class='ocrx_word' id='word_1_286' title='bbox 849 1043 970 1070; x_wconf 86' lang='lat' dir='ltr'><strong>circum-</strong></span> 
     </span>
    </p>
   </div>
   <div class='ocr_carea' id='block_1_40' title="bbox 181 1089 967 1125">
    <p class='ocr_par' dir='ltr' id='par_1_40' title="bbox 181 1089 967 1125">
     <span class='ocr_line' id='line_1_40' title="bbox 181 1089 967 1125; baseline -0.005 -6"><span class='ocrx_word' id='word_1_287' title='bbox 181 1093 347 1120; x_wconf 88' lang='lat' dir='ltr'><strong>mundanam</strong></span> <span class='ocrx_word' id='word_1_288' title='bbox 376 1092 448 1119; x_wconf 76' lang='lat' dir='ltr'><strong>illam</strong></span> <span class='ocrx_word' id='word_1_289' title='bbox 473 1090 637 1125; x_wconf 80' lang='lat' dir='ltr'><strong>angelicam,</strong></span> <span class='ocrx_word' id='word_1_290' title='bbox 662 1090 688 1116; x_wconf 90' lang='lat' dir='ltr'><strong>id</strong></span> <span class='ocrx_word' id='word_1_291' title='bbox 720 1095 763 1116; x_wconf 79' lang='lat' dir='ltr'><strong>est</strong></span> <span class='ocrx_word' id='word_1_292' title='bbox 787 1096 882 1116; x_wconf 89' lang='lat' dir='ltr'><strong>eorum</strong></span> <span class='ocrx_word' id='word_1_293' title='bbox 909 1089 967 1123; x_wconf 82' lang='lat' dir='ltr'><strong>qui,</strong></span> 
     </span>
    </p>
   </div>
   <div class='ocr_carea' id='block_1_41' title="bbox 176 1135 968 1174">
    <p class='ocr_par' dir='ltr' id='par_1_41' title="bbox 176 1135 968 1174">
     <span class='ocr_line' id='line_1_41' title="bbox 176 1135 968 1174; baseline -0.004 -10"><span class='ocrx_word' id='word_1_294' title='bbox 176 1139 254 1174; x_wconf 79' lang='lat' dir='ltr'><strong>juxta</strong></span> <span class='ocrx_word' id='word_1_295' title='bbox 279 1137 476 1173; x_wconf 84' lang='lat' dir='ltr'><strong>Apostolum°,</strong></span> <span class='ocrx_word' id='word_1_296' title='bbox 493 1137 520 1163; x_wconf 91' lang='lat' dir='ltr'><strong>iu</strong></span> <span class='ocrx_word' id='word_1_297' title='bbox 546 1136 731 1163; x_wconf 85' lang='lat' dir='ltr'><strong>ministerium</strong></span> <span class='ocrx_word' id='word_1_298' title='bbox 757 1135 844 1167; x_wconf 81' lang='lat' dir='ltr'><strong>missi,</strong></span> <span class='ocrx_word' id='word_1_299' title='bbox 880 1139 908 1162; x_wconf 88' lang='lat' dir='ltr'><strong>et</strong></span> <span class='ocrx_word' id='word_1_300' title='bbox 935 1135 968 1161; x_wconf 89' lang='lat' dir='ltr'><strong>ad</strong></span> 
     </span>
    </p>
   </div>
   <div class='ocr_carea' id='block_1_42' title="bbox 180 1181 967 1217">
    <p class='ocr_par' dir='ltr' id='par_1_42' title="bbox 180 1181 967 1217">
     <span class='ocr_line' id='line_1_42' title="bbox 180 1181 967 1217; baseline -0.003 -7"><span class='ocrx_word' id='word_1_301' title='bbox 180 1183 389 1211; x_wconf 74' lang='lat' dir='ltr'><strong>aediﬁcationem</strong></span> <span class='ocrx_word' id='word_1_302' title='bbox 410 1187 439 1209; x_wconf 87' lang='lat' dir='ltr'><strong>et</strong></span> <span class='ocrx_word' id='word_1_303' title='bbox 452 1181 614 1217; x_wconf 86' lang='lat' dir='ltr'><strong>obsequium</strong></span> <span class='ocrx_word' id='word_1_304' title='bbox 629 1182 747 1209; x_wconf 80' lang='lat' dir='ltr'><strong>ordinati</strong></span> <span class='ocrx_word' id='word_1_305' title='bbox 769 1186 832 1208; x_wconf 89' lang='lat' dir='ltr'><strong>sunt</strong></span> <span class='ocrx_word' id='word_1_306' title='bbox 845 1181 883 1215; x_wconf 91' lang='lat' dir='ltr'><strong>(id</strong></span> <span class='ocrx_word' id='word_1_307' title='bbox 894 1181 967 1208; x_wconf 89' lang='lat' dir='ltr'><strong>enim</strong></span> 
     </span>
    </p>
   </div>
   <div class='ocr_carea' id='block_1_43' title="bbox 180 1227 967 1261">
    <p class='ocr_par' dir='ltr' id='par_1_43' title="bbox 180 1227 967 1261">
     <span class='ocr_line' id='line_1_43' title="bbox 180 1227 967 1261; baseline -0.004 -5"><span class='ocrx_word' id='word_1_308' title='bbox 180 1233 262 1257; x_wconf 90' lang='lat' dir='ltr'><strong>etlam</strong></span> <span class='ocrx_word' id='word_1_309' title='bbox 277 1230 303 1256; x_wconf 92' lang='lat' dir='ltr'><strong>in</strong></span> <span class='ocrx_word' id='word_1_310' title='bbox 320 1229 389 1256; x_wconf 88' lang='lat' dir='ltr'><strong>libro</strong></span> <span class='ocrx_word' id='word_1_311' title='bbox 407 1228 443 1254; x_wconf 86' lang='lat' dir='ltr'><strong>De</strong></span> <span class='ocrx_word' id='word_1_312' title='bbox 459 1228 557 1254; x_wconf 65' lang='lat' dir='ltr'><strong>caelesti</strong></span> <span class='ocrx_word' id='word_1_313' title='bbox 572 1227 725 1254; x_wconf 68' lang='lat' dir='ltr'><strong>hieran/tia</strong></span> <span class='ocrx_word' id='word_1_314' title='bbox 738 1227 831 1261; x_wconf 87' lang='lat' dir='ltr'><strong>tradit)</strong></span> <span class='ocrx_word' id='word_1_315' title='bbox 844 1231 874 1254; x_wconf 90' lang='lat' dir='ltr'><strong>et</strong></span> <span class='ocrx_word' id='word_1_316' title='bbox 887 1234 967 1253; x_wconf 89' lang='lat' dir='ltr'><strong>mun-</strong></span> 
     </span>
    </p>
   </div>
   <div class='ocr_carea' id='block_1_44' title="bbox 181 1272 968 1307">
    <p class='ocr_par' dir='ltr' id='par_1_44' title="bbox 181 1272 968 1307">
     <span class='ocr_line' id='line_1_44' title="bbox 181 1272 968 1307; baseline -0.005 -5"><span class='ocrx_word' id='word_1_317' title='bbox 181 1276 293 1306; x_wconf 80' lang='lat' dir='ltr'><strong>dialetu,</strong></span> <span class='ocrx_word' id='word_1_318' title='bbox 307 1275 413 1302; x_wconf 79' lang='lat' dir='ltr'><strong>scilicet</strong></span> <span class='ocrx_word' id='word_1_319' title='bbox 436 1274 583 1301; x_wconf 85' lang='lat' dir='ltr'><strong>humanam</strong></span> <span class='ocrx_word' id='word_1_320' title='bbox 601 1281 631 1300; x_wconf 78' lang='lat' dir='ltr'><strong>ex</strong></span> <span class='ocrx_word' id='word_1_321' title='bbox 649 1281 698 1300; x_wconf 87' lang='lat' dir='ltr'><strong>sua</strong></span> <span class='ocrx_word' id='word_1_322' title='bbox 716 1273 886 1307; x_wconf 82' lang='lat' dir='ltr'><strong>plenitudine</strong></span> <span class='ocrx_word' id='word_1_323' title='bbox 905 1272 968 1299; x_wconf 91' lang='lat' dir='ltr'><strong>illu-</strong></span> 
     </span>
    </p>
   </div>
   <div class='ocr_carea' id='block_1_45' title="bbox 183 1317 966 1354">
    <p class='ocr_par' dir='ltr' id='par_1_45' title="bbox 183 1317 966 1354">
     <span class='ocr_line' id='line_1_45' title="bbox 183 1317 966 1354; baseline -0.004 -7"><span class='ocrx_word' id='word_1_324' title='bbox 183 1322 281 1352; x_wconf 83' lang='lat' dir='ltr'><strong>minat,</strong></span> <span class='ocrx_word' id='word_1_325' title='bbox 303 1320 382 1354; x_wconf 82' lang='lat' dir='ltr'><strong>juxta</strong></span> <span class='ocrx_word' id='word_1_326' title='bbox 406 1319 526 1346; x_wconf 79' lang='lat' dir='ltr'><strong>divinum</strong></span> <span class='ocrx_word' id='word_1_327' title='bbox 559 1317 712 1352; x_wconf 85' lang='lat' dir='ltr'><strong>apostolum</strong></span> <span class='ocrx_word' id='word_1_328' title='bbox 730 1322 757 1344; x_wconf 93' lang='lat' dir='ltr'><strong>et</strong></span> <span class='ocrx_word' id='word_1_329' title='bbox 772 1317 966 1352; x_wconf 84' lang='lat' dir='ltr'><strong>evangelistam</strong></span> 
     </span>
    </p>
   </div>
   <div class='ocr_carea' id='block_1_46' title="bbox 179 1363 966 1397">
    <p class='ocr_par' dir='ltr' id='par_1_46' title="bbox 179 1363 966 1397">
     <span class='ocr_line' id='line_1_46' title="bbox 179 1363 966 1397; baseline -0.004 -4"><span class='ocrx_word' id='word_1_330' title='bbox 179 1367 312 1393; x_wconf 75' lang='lat' dir='ltr'><strong>Joannem</strong></span> <span class='ocrx_word' id='word_1_331' title='bbox 324 1371 347 1397; x_wconf 81' lang='grc' dir='ltr'>Ρ,</span> <span class='ocrx_word' id='word_1_332' title='bbox 362 1366 497 1392; x_wconf 74' lang='lat' dir='ltr'><strong>dicentem</strong></span> <span class='ocrx_word' id='word_1_333' title='bbox 514 1374 521 1391; x_wconf 86' lang='lat'><strong>:</strong></span> <span class='ocrx_word' id='word_1_334' title='bbox 540 1363 573 1390; x_wconf 86' lang='grc' dir='ltr'><strong>Ει</strong></span> <span class='ocrx_word' id='word_1_335' title='bbox 587 1372 619 1390; x_wconf 74' lang='lat' dir='ltr'><strong>ex</strong></span> <span class='ocrx_word' id='word_1_336' title='bbox 629 1363 793 1397; x_wconf 80' lang='lat' dir='ltr'><strong>plenitudine</strong></span> <span class='ocrx_word' id='word_1_337' title='bbox 805 1364 861 1397; x_wconf 71' lang='lat' dir='ltr'><strong>ejus</strong></span> <span class='ocrx_word' id='word_1_338' title='bbox 877 1371 966 1390; x_wconf 70' lang='lat' dir='ltr'><strong>omnes</strong></span> 
     </span>
    </p>
   </div>
   <div class='ocr_carea' id='block_1_47' title="bbox 180 1409 965 1447">
    <p class='ocr_par' dir='ltr' id='par_1_47' title="bbox 180 1409 965 1447">
     <span class='ocr_line' id='line_1_47' title="bbox 180 1409 965 1447; baseline -0.004 -8"><span class='ocrx_word' id='word_1_339' title='bbox 180 1413 338 1447; x_wconf 70' lang='lat' dir='ltr'><strong>accepimus.</strong></span> <span class='ocrx_word' id='word_1_340' title='bbox 375 1411 421 1438; x_wconf 78' lang='lat' dir='ltr'><strong>\‘el</strong></span> <span class='ocrx_word' id='word_1_341' title='bbox 448 1410 699 1445; x_wconf 77' lang='lat' dir='ltr'><strong>suptamundanam</strong></span> <span class='ocrx_word' id='word_1_342' title='bbox 730 1409 768 1436; x_wconf 89' lang='lat' dir='ltr'><strong>ait</strong></span> <span class='ocrx_word' id='word_1_343' title='bbox 797 1409 965 1444; x_wconf 82' lang='lat' dir='ltr'><strong>spiritalem;</strong></span> 
     </span>
    </p>
   </div>
   <div class='ocr_carea' id='block_1_48' title="bbox 179 1455 965 1490">
    <p class='ocr_par' dir='ltr' id='par_1_48' title="bbox 179 1455 965 1490">
     <span class='ocr_line' id='line_1_48' title="bbox 179 1455 965 1490; baseline -0.006 -4"><span class='ocrx_word' id='word_1_344' title='bbox 179 1458 463 1490; x_wconf 86' lang='lat' dir='ltr'><strong>circummundanam,</strong></span> <span class='ocrx_word' id='word_1_345' title='bbox 486 1456 649 1488; x_wconf 86' lang='lat' dir='ltr'><strong>animalem;</strong></span> <span class='ocrx_word' id='word_1_346' title='bbox 668 1461 694 1483; x_wconf 86' lang='lat' dir='ltr'><strong>ct</strong></span> <span class='ocrx_word' id='word_1_347' title='bbox 710 1455 888 1488; x_wconf 87' lang='lat' dir='ltr'><strong>mtlndialem,</strong></span> <span class='ocrx_word' id='word_1_348' title='bbox 904 1463 965 1482; x_wconf 87' lang='lat' dir='ltr'><strong>car-</strong></span> 
     </span>
    </p>
   </div>
   <div class='ocr_carea' id='block_1_49' title="bbox 179 1501 966 1535">
    <p class='ocr_par' dir='ltr' id='par_1_49' title="bbox 179 1501 966 1535">
     <span class='ocr_line' id='line_1_49' title="bbox 179 1501 966 1535; baseline -0.005 -3"><span class='ocrx_word' id='word_1_349' title='bbox 179 1505 280 1533; x_wconf 86' lang='lat' dir='ltr'><strong>nalem.</strong></span> <span class='ocrx_word' id='word_1_350' title='bbox 292 1503 340 1532; x_wconf 83' lang='lat' dir='ltr'><strong>Vel</strong></span> <span class='ocrx_word' id='word_1_351' title='bbox 351 1503 434 1530; x_wconf 87' lang='lat' dir='ltr'><strong>etiam</strong></span> <span class='ocrx_word' id='word_1_352' title='bbox 448 1503 537 1534; x_wconf 83' lang='lat' dir='ltr'><strong>aliter,</strong></span> <span class='ocrx_word' id='word_1_353' title='bbox 552 1501 815 1535; x_wconf 84' lang='lat' dir='ltr'><strong>supramuudialem,</strong></span> <span class='ocrx_word' id='word_1_354' title='bbox 830 1509 890 1527; x_wconf 83' lang='lat' dir='ltr'><strong>eam</strong></span> <span class='ocrx_word' id='word_1_355' title='bbox 906 1508 966 1535; x_wconf 64' lang='lat' dir='ltr'><strong>quae</strong></span> 
     </span>
    </p>
   </div>
   <div class='ocr_carea' id='block_1_50' title="bbox 179 1547 963 1585">
    <p class='ocr_par' dir='ltr' id='par_1_50' title="bbox 179 1547 963 1585">
     <span class='ocr_line' id='line_1_50' title="bbox 179 1547 963 1585; baseline -0.006 -7"><span class='ocrx_word' id='word_1_356' title='bbox 179 1551 343 1585; x_wconf 81' lang='lat' dir='ltr'><strong>theologiam</strong></span> <span class='ocrx_word' id='word_1_357' title='bbox 359 1550 452 1582; x_wconf 83' lang='lat' dir='ltr'><strong>docet;</strong></span> <span class='ocrx_word' id='word_1_358' title='bbox 472 1547 758 1579; x_wconf 83' lang='lat' dir='ltr'><strong>circummundialem,</strong></span> <span class='ocrx_word' id='word_1_359' title='bbox 773 1554 833 1581; x_wconf 63' lang='lat' dir='ltr'><strong>quae</strong></span> <span class='ocrx_word' id='word_1_360' title='bbox 849 1551 963 1573; x_wconf 87' lang='lat' dir='ltr'><strong>natura-</strong></span> 
     </span>
    </p>
   </div>
   <div class='ocr_carea' id='block_1_51' title="bbox 178 1593 964 1630">
    <p class='ocr_par' dir='ltr' id='par_1_51' title="bbox 178 1593 964 1630">
     <span class='ocr_line' id='line_1_51' title="bbox 178 1593 964 1630; baseline -0.005 -7"><span class='ocrx_word' id='word_1_361' title='bbox 178 1598 232 1624; x_wconf 82' lang='lat' dir='ltr'><strong>lem</strong></span> <span class='ocrx_word' id='word_1_362' title='bbox 247 1596 523 1630; x_wconf 85' lang='lat' dir='ltr'><strong>contemplationem;</strong></span> <span class='ocrx_word' id='word_1_363' title='bbox 541 1593 705 1620; x_wconf 85' lang='lat' dir='ltr'><strong>mundialem</strong></span> <span class='ocrx_word' id='word_1_364' title='bbox 729 1600 789 1627; x_wconf 62' lang='lat' dir='ltr'><strong>qum</strong></span> <span class='ocrx_word' id='word_1_365' title='bbox 814 1593 964 1628; x_wconf 83' lang='lat' dir='ltr'><strong>praeticam</strong></span> 
     </span>
    </p>
   </div>
   <div class='ocr_carea' id='block_1_52' title="bbox 177 1638 964 1672">
    <p class='ocr_par' dir='ltr' id='par_1_52' title="bbox 177 1638 964 1672">
     <span class='ocr_line' id='line_1_52' title="bbox 177 1638 964 1672; baseline -0.009 -3"><span class='ocrx_word' id='word_1_366' title='bbox 177 1644 308 1669; x_wconf 84' lang='lat' dir='ltr'><strong>virtutem</strong></span> <span class='ocrx_word' id='word_1_367' title='bbox 326 1642 418 1668; x_wconf 86' lang='lat' dir='ltr'><strong>tradit.</strong></span> <span class='ocrx_word' id='word_1_368' title='bbox 450 1641 523 1667; x_wconf 86' lang='lat' dir='ltr'><strong>Deus</strong></span> <span class='ocrx_word' id='word_1_369' title='bbox 543 1640 641 1666; x_wconf 89' lang='lat' dir='ltr'><strong>iterum</strong></span> <span class='ocrx_word' id='word_1_370' title='bbox 659 1638 704 1665; x_wconf 78' lang='lat' dir='ltr'><strong>lux</strong></span> <span class='ocrx_word' id='word_1_371' title='bbox 721 1643 773 1670; x_wconf 86' lang='lat' dir='ltr'><strong>est,</strong></span> <span class='ocrx_word' id='word_1_372' title='bbox 789 1638 854 1672; x_wconf 85' lang='lat' dir='ltr'><strong>quia</strong></span> <span class='ocrx_word' id='word_1_373' title='bbox 870 1644 964 1664; x_wconf 88' lang='lat' dir='ltr'><strong>omnes</strong></span> 
     </span>
    </p>
   </div>
   <div class='ocr_carea' id='block_1_53' title="bbox 178 1684 965 1723">
    <p class='ocr_par' dir='ltr' id='par_1_53' title="bbox 178 1684 965 1723">
     <span class='ocr_line' id='line_1_53' title="bbox 178 1684 965 1723; baseline -0.01 -6"><span class='ocrx_word' id='word_1_374' title='bbox 178 1690 316 1717; x_wconf 88' lang='lat' dir='ltr'><strong>intellectu</strong></span> <span class='ocrx_word' id='word_1_375' title='bbox 333 1688 461 1723; x_wconf 63' lang='lat' dir='ltr'><strong>praeditas</strong></span> <span class='ocrx_word' id='word_1_376' title='bbox 475 1687 601 1719; x_wconf 76' lang='lat' dir='ltr'><strong>virtutes,</strong></span> <span class='ocrx_word' id='word_1_377' title='bbox 618 1693 678 1712; x_wconf 90' lang='lat' dir='ltr'><strong>cum</strong></span> <span class='ocrx_word' id='word_1_378' title='bbox 703 1684 829 1712; x_wconf 72' lang='lat' dir='ltr'><strong>caalestes</strong></span> <span class='ocrx_word' id='word_1_379' title='bbox 845 1688 901 1710; x_wconf 92' lang='lat' dir='ltr'><strong>tum</strong></span> <span class='ocrx_word' id='word_1_380' title='bbox 916 1691 965 1710; x_wconf 86' lang='lat' dir='ltr'><strong>no-</strong></span> 
     </span>
    </p>
   </div>
   <div class='ocr_carea' id='block_1_54' title="bbox 178 1729 965 1768">
    <p class='ocr_par' dir='ltr' id='par_1_54' title="bbox 178 1729 965 1768">
     <span class='ocr_line' id='line_1_54' title="bbox 178 1729 965 1768; baseline -0.009 -6"><span class='ocrx_word' id='word_1_381' title='bbox 178 1740 251 1762; x_wconf 90' lang='lat' dir='ltr'><strong>stras</strong></span> <span class='ocrx_word' id='word_1_382' title='bbox 279 1737 412 1768; x_wconf 36' lang='lat' dir='ltr'><strong>renovat;</strong></span> <span class='ocrx_word' id='word_1_383' title='bbox 423 1733 563 1767; x_wconf 86' lang='lat' dir='ltr'><strong>Quomodo</strong></span> <span class='ocrx_word' id='word_1_384' title='bbox 591 1736 680 1758; x_wconf 90' lang='lat' dir='ltr'><strong>autem</strong></span> <span class='ocrx_word' id='word_1_385' title='bbox 711 1735 824 1758; x_wconf 85' lang='lat' dir='ltr'><strong>renovat</strong></span> <span class='ocrx_word' id='word_1_386' title='bbox 854 1729 965 1756; x_wconf 82' lang='lat' dir='ltr'><strong>lumen?</strong></span> 
     </span>
    </p>
   </div>
   <div class='ocr_carea' id='block_1_55' title="bbox 178 1778 964 1814">
    <p class='ocr_par' dir='ltr' id='par_1_55' title="bbox 178 1778 964 1814">
     <span class='ocr_line' id='line_1_55' title="bbox 178 1778 964 1814; baseline -0.008 -6"><span class='ocrx_word' id='word_1_387' title='bbox 178 1781 311 1814; x_wconf 79' lang='lat' dir='ltr'><strong>Quoniam</strong></span> <span class='ocrx_word' id='word_1_388' title='bbox 330 1779 458 1807; x_wconf 82' lang='lat' dir='ltr'><strong>videlicet</strong></span> <span class='ocrx_word' id='word_1_389' title='bbox 483 1786 515 1806; x_wconf 83' lang='lat' dir='ltr'><strong>ex</strong></span> <span class='ocrx_word' id='word_1_390' title='bbox 544 1778 720 1812; x_wconf 82' lang='lat' dir='ltr'><strong>proportione</strong></span> <span class='ocrx_word' id='word_1_391' title='bbox 748 1783 838 1804; x_wconf 91' lang='lat' dir='ltr'><strong>rerum</strong></span> <span class='ocrx_word' id='word_1_392' title='bbox 866 1782 964 1809; x_wconf 86' lang='lat' dir='ltr'><strong>corpo-</strong></span> 
     </span>
    </p>
   </div>
   <div class='ocr_carea' id='block_1_56' title="bbox 179 1821 963 1861">
    <p class='ocr_par' dir='ltr' id='par_1_56' title="bbox 179 1821 963 1861">
     <span class='ocr_line' id='line_1_56' title="bbox 179 1821 963 1861; baseline -0.008 -7"><span class='ocrx_word' id='word_1_393' title='bbox 179 1835 288 1854; x_wconf 84' lang='lat' dir='ltr'><strong>rearum</strong></span> <span class='ocrx_word' id='word_1_394' title='bbox 301 1826 491 1861; x_wconf 81' lang='lat' dir='ltr'><strong>intelliguntur</strong></span> <span class='ocrx_word' id='word_1_395' title='bbox 503 1833 534 1851; x_wconf 85' lang='lat' dir='ltr'><strong>ea</strong></span> <span class='ocrx_word' id='word_1_396' title='bbox 548 1832 608 1858; x_wconf 66' lang='lat' dir='ltr'><strong>quae</strong></span> <span class='ocrx_word' id='word_1_397' title='bbox 627 1823 659 1849; x_wconf 81' lang='lat' dir='ltr'><strong>ad</strong></span> <span class='ocrx_word' id='word_1_398' title='bbox 679 1823 799 1849; x_wconf 87' lang='lat' dir='ltr'><strong>animum</strong></span> <span class='ocrx_word' id='word_1_399' title='bbox 825 1827 852 1848; x_wconf 87' lang='lat' dir='ltr'><strong>et</strong></span> <span class='ocrx_word' id='word_1_400' title='bbox 879 1821 963 1848; x_wconf 89' lang='lat' dir='ltr'><strong>intel-</strong></span> 
     </span>
    </p>
   </div>
   <div class='ocr_carea' id='block_1_57' title="bbox 179 1867 964 1907">
    <p class='ocr_par' dir='ltr' id='par_1_57' title="bbox 179 1867 964 1907">
     <span class='ocr_line' id='line_1_57' title="bbox 179 1867 964 1907; baseline -0.005 -8"><span class='ocrx_word' id='word_1_401' title='bbox 179 1874 275 1900; x_wconf 77' lang='lat' dir='ltr'><strong>lectual</strong></span> <span class='ocrx_word' id='word_1_402' title='bbox 301 1876 437 1907; x_wconf 85' lang='lat' dir='ltr'><strong>spectant.</strong></span> <span class='ocrx_word' id='word_1_403' title='bbox 466 1870 700 1904; x_wconf 83' lang='lat' dir='ltr'><strong>Quemadmodum</strong></span> <span class='ocrx_word' id='word_1_404' title='bbox 728 1868 810 1902; x_wconf 77' lang='lat' dir='ltr'><strong>igitur</strong></span> <span class='ocrx_word' id='word_1_405' title='bbox 833 1867 964 1902; x_wconf 84' lang='lat' dir='ltr'><strong>juventus</strong></span> 
     </span>
    </p>
   </div>
   <div class='ocr_carea' id='block_1_58' title="bbox 177 1914 965 1952">
    <p class='ocr_par' dir='ltr' id='par_1_58' title="bbox 177 1914 965 1952">
     <span class='ocr_line' id='line_1_58' title="bbox 177 1914 965 1952; baseline -0.009 -6"><span class='ocrx_word' id='word_1_406' title='bbox 177 1923 231 1951; x_wconf 82' lang='lat' dir='ltr'><strong>est,</strong></span> <span class='ocrx_word' id='word_1_407' title='bbox 253 1919 280 1946; x_wconf 92' lang='lat' dir='ltr'><strong>in</strong></span> <span class='ocrx_word' id='word_1_408' title='bbox 302 1927 354 1952; x_wconf 89' lang='lat' dir='ltr'><strong>qua</strong></span> <span class='ocrx_word' id='word_1_409' title='bbox 373 1925 473 1952; x_wconf 85' lang='lat' dir='ltr'><strong>corpus</strong></span> <span class='ocrx_word' id='word_1_410' title='bbox 494 1916 597 1951; x_wconf 90' lang='lat' dir='ltr'><strong>optime</strong></span> <span class='ocrx_word' id='word_1_411' title='bbox 617 1914 775 1942; x_wconf 81' lang='lat' dir='ltr'><strong>functiones</strong></span> <span class='ocrx_word' id='word_1_412' title='bbox 794 1921 859 1941; x_wconf 88' lang='lat' dir='ltr'><strong>suas</strong></span> <span class='ocrx_word' id='word_1_413' title='bbox 885 1914 965 1940; x_wconf 84' lang='lat' dir='ltr'><strong>obire</strong></span> 
     </span>
    </p>
   </div>
   <div class='ocr_carea' id='block_1_59' title="bbox 177 1960 965 1997">
    <p class='ocr_par' dir='ltr' id='par_1_59' title="bbox 177 1960 965 1997">
     <span class='ocr_line' id='line_1_59' title="bbox 177 1960 965 1997; baseline -0.008 -5"><span class='ocrx_word' id='word_1_414' title='bbox 177 1965 261 1997; x_wconf 86' lang='lat' dir='ltr'><strong>valet,</strong></span> <span class='ocrx_word' id='word_1_415' title='bbox 277 1965 380 1992; x_wconf 84' lang='lat' dir='ltr'><strong>senium</strong></span> <span class='ocrx_word' id='word_1_416' title='bbox 406 1970 480 1996; x_wconf 76' lang='lat' dir='ltr'><strong>vero,</strong></span> <span class='ocrx_word' id='word_1_417' title='bbox 496 1963 522 1989; x_wconf 93' lang='lat' dir='ltr'><strong>in</strong></span> <span class='ocrx_word' id='word_1_418' title='bbox 537 1969 591 1996; x_wconf 89' lang='lat' dir='ltr'><strong>quo</strong></span> <span class='ocrx_word' id='word_1_419' title='bbox 610 1970 663 1988; x_wconf 90' lang='lat' dir='ltr'><strong>non</strong></span> <span class='ocrx_word' id='word_1_420' title='bbox 678 1961 761 1993; x_wconf 86' lang='lat' dir='ltr'><strong>valet,</strong></span> <span class='ocrx_word' id='word_1_421' title='bbox 780 1961 819 1987; x_wconf 86' lang='lat' dir='ltr'><strong>sic</strong></span> <span class='ocrx_word' id='word_1_422' title='bbox 835 1960 917 1987; x_wconf 84' lang='lat' dir='ltr'><strong>etiam</strong></span> <span class='ocrx_word' id='word_1_423' title='bbox 937 1964 965 1986; x_wconf 90' lang='lat' dir='ltr'><strong>ct</strong></span> 
     </span>
    </p>
   </div>
   <div class='ocr_carea' id='block_1_60' title="bbox 178 2006 962 2040">
    <p class='ocr_par' dir='ltr' id='par_1_60' title="bbox 178 2006 962 2040">
     <span class='ocr_line' id='line_1_60' title="bbox 178 2006 962 2040; baseline -0.008 -3"><span class='ocrx_word' id='word_1_424' title='bbox 178 2012 274 2037; x_wconf 74' lang='lat' dir='ltr'><strong>attinnt:</strong></span> <span class='ocrx_word' id='word_1_425' title='bbox 296 2014 323 2036; x_wconf 85' lang='lat' dir='ltr'><strong>et</strong></span> <span class='ocrx_word' id='word_1_426' title='bbox 341 2009 441 2036; x_wconf 89' lang='lat' dir='ltr'><strong>mentis</strong></span> <span class='ocrx_word' id='word_1_427' title='bbox 461 2007 566 2034; x_wconf 80' lang='lat' dir='ltr'><strong>senium</strong></span> <span class='ocrx_word' id='word_1_428' title='bbox 589 2006 698 2040; x_wconf 83' lang='lat' dir='ltr'><strong>quidem</strong></span> <span class='ocrx_word' id='word_1_429' title='bbox 722 2010 775 2038; x_wconf 85' lang='lat' dir='ltr'><strong>est,</strong></span> <span class='ocrx_word' id='word_1_430' title='bbox 795 2006 822 2032; x_wconf 87' lang='lat' dir='ltr'><strong>in</strong></span> <span class='ocrx_word' id='word_1_431' title='bbox 840 2012 895 2039; x_wconf 87' lang='lat' dir='ltr'><strong>quo</strong></span> <span class='ocrx_word' id='word_1_432' title='bbox 910 2011 962 2031; x_wconf 88' lang='lat' dir='ltr'><strong>non</strong></span> 
     </span>
    </p>
   </div>
   <div class='ocr_carea' id='block_1_61' title="bbox 177 2049 961 2090">
    <p class='ocr_par' dir='ltr' id='par_1_61' title="bbox 177 2049 961 2090">
     <span class='ocr_line' id='line_1_61' title="bbox 177 2049 961 2090; baseline -0.009 -8"><span class='ocrx_word' id='word_1_433' title='bbox 177 2059 266 2090; x_wconf 82' lang='lat' dir='ltr'><strong>potest</strong></span> <span class='ocrx_word' id='word_1_434' title='bbox 279 2055 392 2088; x_wconf 77' lang='lat' dir='ltr'><strong>exsequi</strong></span> <span class='ocrx_word' id='word_1_435' title='bbox 410 2060 507 2080; x_wconf 88' lang='lat' dir='ltr'><strong>munus</strong></span> <span class='ocrx_word' id='word_1_436' title='bbox 521 2059 612 2082; x_wconf 85' lang='lat' dir='ltr'><strong>suum,</strong></span> <span class='ocrx_word' id='word_1_437' title='bbox 626 2049 755 2084; x_wconf 82' lang='lat' dir='ltr'><strong>juventus</strong></span> <span class='ocrx_word' id='word_1_438' title='bbox 776 2057 850 2080; x_wconf 86' lang='lat' dir='ltr'><strong>vero,</strong></span> <span class='ocrx_word' id='word_1_439' title='bbox 868 2049 894 2076; x_wconf 85' lang='lat' dir='ltr'><strong>in</strong></span> <span class='ocrx_word' id='word_1_440' title='bbox 908 2056 961 2080; x_wconf 87' lang='lat' dir='ltr'><strong>qua</strong></span> 
     </span>
    </p>
   </div>
   <div class='ocr_carea' id='block_1_62' title="bbox 176 2095 963 2136">
    <p class='ocr_par' dir='ltr' id='par_1_62' title="bbox 176 2095 963 2136">
     <span class='ocr_line' id='line_1_62' title="bbox 176 2095 963 2136; baseline -0.009 -8"><span class='ocrx_word' id='word_1_441' title='bbox 176 2106 274 2136; x_wconf 85' lang='lat' dir='ltr'><strong>potest.</strong></span> <span class='ocrx_word' id='word_1_442' title='bbox 290 2102 357 2128; x_wconf 87' lang='lat' dir='ltr'><strong>Dum</strong></span> <span class='ocrx_word' id='word_1_443' title='bbox 382 2101 473 2134; x_wconf 87' lang='lat' dir='ltr'><strong>itaque</strong></span> <span class='ocrx_word' id='word_1_444' title='bbox 494 2105 571 2125; x_wconf 78' lang='lat' dir='ltr'><strong>mens</strong></span> <span class='ocrx_word' id='word_1_445' title='bbox 594 2098 620 2123; x_wconf 91' lang='lat' dir='ltr'><strong>in</strong></span> <span class='ocrx_word' id='word_1_446' title='bbox 640 2097 743 2124; x_wconf 83' lang='lat' dir='ltr'><strong>erroris</strong></span> <span class='ocrx_word' id='word_1_447' title='bbox 763 2101 788 2123; x_wconf 88' lang='lat' dir='ltr'><strong>et</strong></span> <span class='ocrx_word' id='word_1_448' title='bbox 803 2095 963 2130; x_wconf 78' lang='lat' dir='ltr'><strong>ignorantia:</strong></span> 
     </span>
    </p>
   </div>
   <div class='ocr_carea' id='block_1_63' title="bbox 178 2142 963 2179">
    <p class='ocr_par' dir='ltr' id='par_1_63' title="bbox 178 2142 963 2179">
     <span class='ocr_line' id='line_1_63' title="bbox 178 2142 963 2179; baseline -0.009 -5"><span class='ocrx_word' id='word_1_449' title='bbox 178 2148 299 2175; x_wconf 83' lang='lat' dir='ltr'><strong>tenebris</strong></span> <span class='ocrx_word' id='word_1_450' title='bbox 326 2152 462 2176; x_wconf 78' lang='lat' dir='ltr'><strong>versatur,</strong></span> <span class='ocrx_word' id='word_1_451' title='bbox 488 2144 691 2179; x_wconf 86' lang='lat' dir='ltr'><strong>quodammodo</strong></span> <span class='ocrx_word' id='word_1_452' title='bbox 721 2142 902 2173; x_wconf 84' lang='lat' dir='ltr'><strong>consenescit,</strong></span> <span class='ocrx_word' id='word_1_453' title='bbox 935 2146 963 2168; x_wconf 88' lang='lat' dir='ltr'><strong>et</strong></span> 
     </span>
    </p>
   </div>
   <div class='ocr_carea' id='block_1_64' title="bbox 177 2188 963 2227">
    <p class='ocr_par' dir='ltr' id='par_1_64' title="bbox 177 2188 963 2227">
     <span class='ocr_line' id='line_1_64' title="bbox 177 2188 963 2227; baseline -0.01 -6"><span class='ocrx_word' id='word_1_454' title='bbox 177 2195 250 2221; x_wconf 85' lang='lat' dir='ltr'><strong>vires</strong></span> <span class='ocrx_word' id='word_1_455' title='bbox 266 2194 324 2227; x_wconf 86' lang='lat' dir='ltr'><strong>ejus</strong></span> <span class='ocrx_word' id='word_1_456' title='bbox 344 2193 559 2226; x_wconf 87' lang='lat' dir='ltr'><strong>obtorpescunt;</strong></span> <span class='ocrx_word' id='word_1_457' title='bbox 578 2198 671 2216; x_wconf 85' lang='lat' dir='ltr'><strong>verum</strong></span> <span class='ocrx_word' id='word_1_458' title='bbox 688 2189 732 2216; x_wconf 82' lang='lat' dir='ltr'><strong>tibi</strong></span> <span class='ocrx_word' id='word_1_459' title='bbox 751 2189 796 2215; x_wconf 80' lang='lat' dir='ltr'><strong>lux</strong></span> <span class='ocrx_word' id='word_1_460' title='bbox 809 2188 963 2222; x_wconf 79' lang='lat' dir='ltr'><strong>intelligibi-</strong></span> 
     </span>
    </p>
   </div>
   <div class='ocr_carea' id='block_1_65' title="bbox 178 2235 962 2274">
    <p class='ocr_par' dir='ltr' id='par_1_65' title="bbox 178 2235 962 2274">
     <span class='ocr_line' id='line_1_65' title="bbox 178 2235 962 2274; baseline -0.01 -7"><span class='ocrx_word' id='word_1_461' title='bbox 178 2242 210 2268; x_wconf 85' lang='lat' dir='ltr'><strong>lis</strong></span> <span class='ocrx_word' id='word_1_462' title='bbox 224 2239 345 2274; x_wconf 76' lang='lat' dir='ltr'><strong>all&#39;ulget,</strong></span> <span class='ocrx_word' id='word_1_463' title='bbox 361 2242 518 2269; x_wconf 85' lang='lat' dir='ltr'><strong>renovatur,</strong></span> <span class='ocrx_word' id='word_1_464' title='bbox 543 2241 571 2263; x_wconf 90' lang='lat' dir='ltr'><strong>et</strong></span> <span class='ocrx_word' id='word_1_465' title='bbox 592 2243 653 2270; x_wconf 75' lang='lat' dir='ltr'><strong>qua:</strong></span> <span class='ocrx_word' id='word_1_466' title='bbox 682 2236 722 2262; x_wconf 91' lang='lat' dir='ltr'><strong>sui</strong></span> <span class='ocrx_word' id='word_1_467' title='bbox 752 2235 874 2261; x_wconf 87' lang='lat' dir='ltr'><strong>muneris</strong></span> <span class='ocrx_word' id='word_1_468' title='bbox 899 2237 962 2260; x_wconf 82' lang='lat' dir='ltr'><strong>sunt</strong></span> 
     </span>
    </p>
   </div>
   <div class='ocr_carea' id='block_1_66' title="bbox 176 2280 962 2321">
    <p class='ocr_par' dir='ltr' id='par_1_66' title="bbox 176 2280 962 2321">
     <span class='ocr_line' id='line_1_66' title="bbox 176 2280 962 2321; baseline -0.01 -7"><span class='ocrx_word' id='word_1_469' title='bbox 176 2287 290 2321; x_wconf 73' lang='lat' dir='ltr'><strong>exsequi</strong></span> <span class='ocrx_word' id='word_1_470' title='bbox 309 2286 390 2312; x_wconf 87' lang='lat' dir='ltr'><strong>valet.</strong></span> <span class='ocrx_word' id='word_1_471' title='bbox 407 2286 492 2312; x_wconf 80' lang='lat' dir='ltr'><strong>Porro</strong></span> <span class='ocrx_word' id='word_1_472' title='bbox 509 2285 601 2311; x_wconf 84' lang='lat' dir='ltr'><strong>radius</strong></span> <span class='ocrx_word' id='word_1_473' title='bbox 628 2283 674 2310; x_wconf 87' lang='lat' dir='ltr'><strong>ille</strong></span> <span class='ocrx_word' id='word_1_474' title='bbox 693 2281 761 2308; x_wconf 90' lang='lat' dir='ltr'><strong>lucis</strong></span> <span class='ocrx_word' id='word_1_475' title='bbox 782 2280 962 2314; x_wconf 74' lang='lat' dir='ltr'><strong>intelligibilis</strong></span> 
     </span>
    </p>
   </div>
   <div class='ocr_carea' id='block_1_67' title="bbox 1020 998 1811 1036">
    <p class='ocr_par' dir='ltr' id='par_1_67' title="bbox 1020 998 1811 1036">
     <span class='ocr_line' id='line_1_67' title="bbox 1020 998 1811 1036; baseline 0.004 -13"><span class='ocrx_word' id='word_1_476' title='bbox 1020 1006 1075 1030; x_wconf 88' lang='grc' dir='ltr'>ται,</span> <span class='ocrx_word' id='word_1_477' title='bbox 1092 998 1139 1024; x_wconf 75' lang='grc' dir='ltr'>καὶ</span> <span class='ocrx_word' id='word_1_478' title='bbox 1157 999 1198 1025; x_wconf 87' lang='grc' dir='ltr'><strong>ὅτι</strong></span> <span class='ocrx_word' id='word_1_479' title='bbox 1220 999 1309 1026; x_wconf 85' lang='grc' dir='ltr'>πάντα</span> <span class='ocrx_word' id='word_1_480' title='bbox 1331 999 1394 1026; x_wconf 82' lang='grc' dir='ltr'>νοῦν</span> <span class='ocrx_word' id='word_1_481' title='bbox 1415 1000 1610 1036; x_wconf 83' lang='grc' dir='ltr'>ὑπερκόσμιον,</span> <span class='ocrx_word' id='word_1_482' title='bbox 1628 999 1749 1035; x_wconf 83' lang='grc' dir='ltr'>δηλονότι</span> <span class='ocrx_word' id='word_1_483' title='bbox 1763 999 1811 1026; x_wconf 78' lang='grc' dir='ltr'><strong>τὸν</strong></span> 
     </span>
    </p>
   </div>
   <div class='ocr_carea' id='block_1_68' title="bbox 1019 1043 1810 1082">
    <p class='ocr_par' dir='ltr' id='par_1_68' title="bbox 1019 1043 1810 1082">
     <span class='ocr_line' id='line_1_68' title="bbox 1019 1043 1810 1082; baseline 0.004 -12"><span class='ocrx_word' id='word_1_484' title='bbox 1019 1043 1073 1071; x_wconf 84' lang='grc' dir='ltr'><strong>τῶν</strong></span> <span class='ocrx_word' id='word_1_485' title='bbox 1085 1045 1212 1080; x_wconf 85' lang='grc' dir='ltr'>ἀνωτέρω</span> <span class='ocrx_word' id='word_1_486' title='bbox 1225 1045 1380 1080; x_wconf 83' lang='grc' dir='ltr'>δυνάμεων,</span> <span class='ocrx_word' id='word_1_487' title='bbox 1399 1047 1576 1082; x_wconf 87' lang='grc' dir='ltr'>περικόσμιον</span> <span class='ocrx_word' id='word_1_488' title='bbox 1591 1047 1637 1073; x_wconf 79' lang='grc' dir='ltr'><strong>τὸν</strong></span> <span class='ocrx_word' id='word_1_489' title='bbox 1651 1046 1810 1081; x_wconf 81' lang='grc' dir='ltr'>ἀγγελικὸν,</span> 
     </span>
    </p>
   </div>
   <div class='ocr_carea' id='block_1_69' title="bbox 1019 1090 1810 1128">
    <p class='ocr_par' dir='ltr' id='par_1_69' title="bbox 1019 1090 1810 1128">
     <span class='ocr_line' id='line_1_69' title="bbox 1019 1090 1810 1128; baseline 0.005 -13"><span class='ocrx_word' id='word_1_490' title='bbox 1019 1090 1141 1116; x_wconf 79' lang='grc' dir='ltr'><strong>τουτέστι</strong></span> <span class='ocrx_word' id='word_1_491' title='bbox 1154 1091 1210 1118; x_wconf 84' lang='grc' dir='ltr'>τῶν</span> <span class='ocrx_word' id='word_1_492' title='bbox 1222 1092 1270 1118; x_wconf 72' lang='grc' dir='ltr'><strong>ἐπὶ</strong></span> <span class='ocrx_word' id='word_1_493' title='bbox 1280 1091 1434 1128; x_wconf 81' lang='grc' dir='ltr'>λειτουργίᾳ</span> <span class='ocrx_word' id='word_1_494' title='bbox 1450 1092 1698 1128; x_wconf 84' lang='grc' dir='ltr'>ἀποστελλομένων,</span> <span class='ocrx_word' id='word_1_495' title='bbox 1710 1092 1757 1119; x_wconf 83' lang='grc' dir='ltr'>καὶ</span> <span class='ocrx_word' id='word_1_496' title='bbox 1767 1093 1810 1124; x_wconf 85' lang='grc' dir='ltr'><strong>είς</strong></span> 
     </span>
    </p>
   </div>
   <div class='ocr_carea' id='block_1_70' title="bbox 1018 1136 1811 1174">
    <p class='ocr_par' dir='ltr' id='par_1_70' title="bbox 1018 1136 1811 1174">
     <span class='ocr_line' id='line_1_70' title="bbox 1018 1136 1811 1174; baseline 0.005 -12"><span class='ocrx_word' id='word_1_497' title='bbox 1018 1136 1159 1172; x_wconf 80' lang='grc' dir='ltr'>διοίκησιν,</span> <span class='ocrx_word' id='word_1_498' title='bbox 1174 1138 1220 1164; x_wconf 76' lang='grc' dir='ltr'>καὶ</span> <span class='ocrx_word' id='word_1_499' title='bbox 1238 1138 1372 1165; x_wconf 85' lang='grc' dir='ltr'>διακονίαν</span> <span class='ocrx_word' id='word_1_500' title='bbox 1389 1139 1561 1174; x_wconf 83' lang='grc' dir='ltr'><strong>τεταγμένων</strong></span> <span class='ocrx_word' id='word_1_501' title='bbox 1576 1139 1647 1166; x_wconf 83' lang='grc' dir='ltr'>κατὰ</span> <span class='ocrx_word' id='word_1_502' title='bbox 1662 1139 1708 1166; x_wconf 78' lang='grc' dir='ltr'>τὸν</span> <span class='ocrx_word' id='word_1_503' title='bbox 1729 1140 1811 1166; x_wconf 77' lang='grc' dir='ltr'><strong>Ἀπό-</strong></span> 
     </span>
    </p>
   </div>
   <div class='ocr_carea' id='block_1_71' title="bbox 1020 1181 1809 1219">
    <p class='ocr_par' dir='ltr' id='par_1_71' title="bbox 1020 1181 1809 1219">
     <span class='ocr_line' id='line_1_71' title="bbox 1020 1181 1809 1219; baseline 0.006 -12"><span class='ocrx_word' id='word_1_504' title='bbox 1020 1181 1110 1207; x_wconf 79' lang='grc' dir='ltr'>στολον</span> <span class='ocrx_word' id='word_1_505' title='bbox 1131 1181 1212 1217; x_wconf 77' lang='grc' dir='ltr'>(οὓτω</span> <span class='ocrx_word' id='word_1_506' title='bbox 1241 1183 1295 1218; x_wconf 86' lang='grc' dir='ltr'><strong>γὰρ</strong></span> <span class='ocrx_word' id='word_1_507' title='bbox 1314 1184 1362 1210; x_wconf 82' lang='grc' dir='ltr'><strong>καὶ</strong></span> <span class='ocrx_word' id='word_1_508' title='bbox 1386 1184 1416 1210; x_wconf 82' lang='grc' dir='ltr'>ὲν</span> <span class='ocrx_word' id='word_1_509' title='bbox 1434 1184 1473 1219; x_wconf 83' lang='grc' dir='ltr'>τῷ</span> <span class='ocrx_word' id='word_1_510' title='bbox 1495 1184 1568 1218; x_wconf 75' lang='grc' dir='ltr'>Περὶ</span> <span class='ocrx_word' id='word_1_511' title='bbox 1590 1184 1646 1219; x_wconf 85' lang='grc' dir='ltr'><strong>τῆς</strong></span> <span class='ocrx_word' id='word_1_512' title='bbox 1664 1185 1809 1218; x_wconf 76' lang='grc' dir='ltr'>οὐρανίου</span> 
     </span>
    </p>
   </div>
   <div class='ocr_carea' id='block_1_72' title="bbox 1018 1229 1808 1266">
    <p class='ocr_par' dir='ltr' id='par_1_72' title="bbox 1018 1229 1808 1266">
     <span class='ocr_line' id='line_1_72' title="bbox 1018 1229 1808 1266; baseline 0.004 -12"><span class='ocrx_word' id='word_1_513' title='bbox 1018 1229 1168 1263; x_wconf 80' lang='grc' dir='ltr'>ίεραρχίας</span> <span class='ocrx_word' id='word_1_514' title='bbox 1185 1229 1281 1265; x_wconf 71' lang='grc' dir='ltr'>φησί’)</span> <span class='ocrx_word' id='word_1_515' title='bbox 1304 1231 1351 1256; x_wconf 78' lang='grc' dir='ltr'>καὶ</span> <span class='ocrx_word' id='word_1_516' title='bbox 1371 1231 1528 1265; x_wconf 83' lang='grc' dir='ltr'>ὲγκόσμιον,</span> <span class='ocrx_word' id='word_1_517' title='bbox 1549 1231 1595 1257; x_wconf 86' lang='grc' dir='ltr'><strong>τὸν</strong></span> <span class='ocrx_word' id='word_1_518' title='bbox 1624 1230 1808 1266; x_wconf 84' lang='grc' dir='ltr'>ἀνθρώπινον,</span> 
     </span>
    </p>
   </div>
   <div class='ocr_carea' id='block_1_73' title="bbox 1017 1273 1810 1311">
    <p class='ocr_par' dir='ltr' id='par_1_73' title="bbox 1017 1273 1810 1311">
     <span class='ocr_line' id='line_1_73' title="bbox 1017 1273 1810 1311; baseline 0.005 -13"><span class='ocrx_word' id='word_1_519' title='bbox 1017 1273 1050 1299; x_wconf 85' lang='grc' dir='ltr'>ὲκ</span> <span class='ocrx_word' id='word_1_520' title='bbox 1065 1273 1112 1299; x_wconf 82' lang='grc' dir='ltr'>τοῦ</span> <span class='ocrx_word' id='word_1_521' title='bbox 1134 1274 1235 1300; x_wconf 80' lang='grc' dir='ltr'>οἰκείου</span> <span class='ocrx_word' id='word_1_522' title='bbox 1255 1274 1436 1311; x_wconf 85' lang='grc' dir='ltr'>πληρώματος</span> <span class='ocrx_word' id='word_1_523' title='bbox 1459 1275 1641 1311; x_wconf 79' lang='grc' dir='ltr'><strong>καταλάμπει,</strong></span> <span class='ocrx_word' id='word_1_524' title='bbox 1664 1275 1735 1302; x_wconf 82' lang='grc' dir='ltr'>κατὰ</span> <span class='ocrx_word' id='word_1_525' title='bbox 1759 1277 1810 1303; x_wconf 84' lang='grc' dir='ltr'><strong>τὸν</strong></span> 
     </span>
    </p>
   </div>
   <div class='ocr_carea' id='block_1_74' title="bbox 1018 1319 1806 1357">
    <p class='ocr_par' dir='ltr' id='par_1_74' title="bbox 1018 1319 1806 1357">
     <span class='ocr_line' id='line_1_74' title="bbox 1018 1319 1806 1357; baseline 0.004 -12"><span class='ocrx_word' id='word_1_526' title='bbox 1018 1319 1088 1346; x_wconf 83' lang='grc' dir='ltr'>θεῖον</span> <span class='ocrx_word' id='word_1_527' title='bbox 1103 1320 1251 1348; x_wconf 79' lang='grc' dir='ltr'>ἀπόστολον</span> <span class='ocrx_word' id='word_1_528' title='bbox 1263 1322 1310 1348; x_wconf 69' lang='grc' dir='ltr'><strong>καλ¹</strong></span> <span class='ocrx_word' id='word_1_529' title='bbox 1321 1321 1516 1357; x_wconf 78' lang='grc' dir='ltr'>εὐαγγελιστὴν</span> <span class='ocrx_word' id='word_1_530' title='bbox 1536 1322 1660 1357; x_wconf 74' lang='grc' dir='ltr'>Ἰωάννην</span> <span class='ocrx_word' id='word_1_531' title='bbox 1675 1322 1806 1356; x_wconf 86' lang='grc' dir='ltr'>λέγοντα·</span> 
     </span>
    </p>
   </div>
   <div class='ocr_carea' id='block_1_75' title="bbox 1017 1365 1806 1402">
    <p class='ocr_par' dir='ltr' id='par_1_75' title="bbox 1017 1365 1806 1402">
     <span class='ocr_line' id='line_1_75' title="bbox 1017 1365 1806 1402; baseline 0.004 -11"><span class='ocrx_word' id='word_1_532' title='bbox 1017 1365 1072 1392; x_wconf 75' lang='grc' dir='ltr'><strong>Καὶ</strong></span> <span class='ocrx_word' id='word_1_533' title='bbox 1083 1366 1117 1392; x_wconf 77' lang='grc' dir='ltr'>ἐκ</span> <span class='ocrx_word' id='word_1_534' title='bbox 1129 1366 1182 1392; x_wconf 84' lang='grc' dir='ltr'>τοῦ</span> <span class='ocrx_word' id='word_1_535' title='bbox 1193 1367 1389 1402; x_wconf 75' lang='grc' dir='ltr'>πληρώματος</span> <span class='ocrx_word' id='word_1_536' title='bbox 1406 1367 1499 1394; x_wconf 82' lang='grc' dir='ltr'>αὑτοῦ</span> <span class='ocrx_word' id='word_1_537' title='bbox 1517 1367 1627 1400; x_wconf 73' lang='grc' dir='ltr'>πάντες</span> <span class='ocrx_word' id='word_1_538' title='bbox 1647 1367 1806 1402; x_wconf 74' lang='grc' dir='ltr'>ἐλάϐομεν.</span> 
     </span>
    </p>
   </div>
   <div class='ocr_carea' id='block_1_76' title="bbox 1019 1412 1808 1448">
    <p class='ocr_par' dir='ltr' id='par_1_76' title="bbox 1019 1412 1808 1448">
     <span class='ocr_line' id='line_1_76' title="bbox 1019 1412 1808 1448; baseline 0.001 -11"><span class='ocrx_word' id='word_1_539' title='bbox 1019 1412 1053 1438; x_wconf 87' lang='grc' dir='ltr'>Ἤ</span> <span class='ocrx_word' id='word_1_540' title='bbox 1069 1412 1256 1447; x_wconf 82' lang='grc' dir='ltr'>ὑπερκόσμιόν</span> <span class='ocrx_word' id='word_1_541' title='bbox 1270 1421 1336 1448; x_wconf 78' lang='grc' dir='ltr'>φησι</span> <span class='ocrx_word' id='word_1_542' title='bbox 1350 1412 1395 1439; x_wconf 75' lang='grc' dir='ltr'>τὸν</span> <span class='ocrx_word' id='word_1_543' title='bbox 1411 1412 1595 1448; x_wconf 82' lang='grc' dir='ltr'>πνευματικόν</span> <span class='ocrx_word' id='word_1_544' title='bbox 1605 1421 1611 1427; x_wconf 90' lang='grc'>·</span> <span class='ocrx_word' id='word_1_545' title='bbox 1626 1413 1808 1447; x_wconf 85' lang='grc' dir='ltr'>περικόσμιον</span> 
     </span>
    </p>
   </div>
   <div class='ocr_carea' id='block_1_77' title="bbox 1015 1458 1806 1495">
    <p class='ocr_par' dir='ltr' id='par_1_77' title="bbox 1015 1458 1806 1495">
     <span class='ocr_line' id='line_1_77' title="bbox 1015 1458 1806 1495; baseline 0.001 -10"><span class='ocrx_word' id='word_1_546' title='bbox 1015 1459 1062 1485; x_wconf 82' lang='grc' dir='ltr'><strong>τὸν</strong></span> <span class='ocrx_word' id='word_1_547' title='bbox 1075 1458 1204 1494; x_wconf 74' lang='grc' dir='ltr'><strong>ψυχικόν·</strong></span> <span class='ocrx_word' id='word_1_548' title='bbox 1221 1459 1375 1495; x_wconf 79' lang='grc' dir='ltr'>ὲγκόσμιον,</span> <span class='ocrx_word' id='word_1_549' title='bbox 1384 1459 1429 1485; x_wconf 82' lang='grc' dir='ltr'><strong>τὸν</strong></span> <span class='ocrx_word' id='word_1_550' title='bbox 1442 1459 1571 1495; x_wconf 84' lang='grc' dir='ltr'>σαρκικόν</span> <span class='ocrx_word' id='word_1_551' title='bbox 1583 1479 1589 1486; x_wconf 94' lang='grc'>.</span> <span class='ocrx_word' id='word_1_552' title='bbox 1606 1460 1639 1486; x_wconf 87' lang='grc' dir='ltr'><strong>Ἦ</strong></span> <span class='ocrx_word' id='word_1_553' title='bbox 1651 1460 1697 1486; x_wconf 72' lang='grc' dir='ltr'>καὶ</span> <span class='ocrx_word' id='word_1_554' title='bbox 1706 1459 1806 1491; x_wconf 77' lang='grc' dir='ltr'>ἄλλως,</span> 
     </span>
    </p>
   </div>
   <div class='ocr_carea' id='block_1_78' title="bbox 1017 1504 1808 1541">
    <p class='ocr_par' dir='ltr' id='par_1_78' title="bbox 1017 1504 1808 1541">
     <span class='ocr_line' id='line_1_78' title="bbox 1017 1504 1808 1541; baseline 0 -10"><span class='ocrx_word' id='word_1_555' title='bbox 1017 1505 1199 1541; x_wconf 76' lang='grc' dir='ltr'>ὑπερκόσμιον</span> <span class='ocrx_word' id='word_1_556' title='bbox 1221 1505 1265 1531; x_wconf 79' lang='grc' dir='ltr'>τὸν</span> <span class='ocrx_word' id='word_1_557' title='bbox 1281 1505 1329 1540; x_wconf 80' lang='grc' dir='ltr'><strong>τὴν</strong></span> <span class='ocrx_word' id='word_1_558' title='bbox 1347 1504 1486 1539; x_wconf 81' lang='grc' dir='ltr'>θεολογίαν</span> <span class='ocrx_word' id='word_1_559' title='bbox 1512 1504 1710 1540; x_wconf 61' lang='grc' dir='ltr'>κατορθοῦνται</span> <span class='ocrx_word' id='word_1_560' title='bbox 1727 1513 1808 1540; x_wconf 81' lang='grc' dir='ltr'>περι-</span> 
     </span>
    </p>
   </div>
   <div class='ocr_carea' id='block_1_79' title="bbox 1016 1543 1807 1586">
    <p class='ocr_par' dir='ltr' id='par_1_79' title="bbox 1016 1543 1807 1586">
     <span class='ocr_line' id='line_1_79' title="bbox 1016 1543 1807 1586; baseline 0 -10"><span class='ocrx_word' id='word_1_561' title='bbox 1016 1551 1129 1586; x_wconf 79' lang='grc' dir='ltr'>κόσμιον</span> <span class='ocrx_word' id='word_1_562' title='bbox 1146 1550 1193 1576; x_wconf 80' lang='grc' dir='ltr'><strong>τὸν</strong></span> <span class='ocrx_word' id='word_1_563' title='bbox 1206 1549 1255 1586; x_wconf 85' lang='grc' dir='ltr'><strong>τὴν</strong></span> <span class='ocrx_word' id='word_1_564' title='bbox 1268 1550 1383 1586; x_wconf 81' lang='grc' dir='ltr'>φυσικὴν</span> <span class='ocrx_word' id='word_1_565' title='bbox 1395 1550 1510 1586; x_wconf 82' lang='grc' dir='ltr'>Θεωρίαν</span> <span class='ocrx_word' id='word_1_566' title='bbox 1519 1543 1686 1586; x_wconf 49' lang='grc' dir='ltr'>δέγκόσμιον</span> <span class='ocrx_word' id='word_1_567' title='bbox 1697 1551 1742 1576; x_wconf 80' lang='grc' dir='ltr'>τὸν</span> <span class='ocrx_word' id='word_1_568' title='bbox 1754 1550 1807 1586; x_wconf 77' lang='grc' dir='ltr'><strong>τὴν</strong></span> 
     </span>
    </p>
   </div>
   <div class='ocr_carea' id='block_1_80' title="bbox 1017 1595 1806 1632">
    <p class='ocr_par' dir='ltr' id='par_1_80' title="bbox 1017 1595 1806 1632">
     <span class='ocr_line' id='line_1_80' title="bbox 1017 1595 1806 1632; baseline 0.001 -10"><span class='ocrx_word' id='word_1_569' title='bbox 1017 1595 1170 1632; x_wconf 57' lang='grc' dir='ltr'>πρακτικὴν</span> <span class='ocrx_word' id='word_1_570' title='bbox 1185 1596 1294 1632; x_wconf 83' lang='grc' dir='ltr'>ἀρετήν.</span> <span class='ocrx_word' id='word_1_571' title='bbox 1306 1596 1365 1628; x_wconf 84' lang='grc' dir='ltr'>Φῶς</span> <span class='ocrx_word' id='word_1_572' title='bbox 1379 1596 1460 1623; x_wconf 80' lang='grc' dir='ltr'>πάλιν</span> <span class='ocrx_word' id='word_1_573' title='bbox 1473 1597 1488 1622; x_wconf 82' lang='grc' dir='ltr'>ὀ</span> <span class='ocrx_word' id='word_1_574' title='bbox 1506 1596 1580 1628; x_wconf 81' lang='grc' dir='ltr'>Θεὸς,</span> <span class='ocrx_word' id='word_1_575' title='bbox 1593 1596 1659 1623; x_wconf 83' lang='grc' dir='ltr'>διότι</span> <span class='ocrx_word' id='word_1_576' title='bbox 1671 1595 1720 1628; x_wconf 83' lang='grc' dir='ltr'>τὰς</span> <span class='ocrx_word' id='word_1_577' title='bbox 1739 1596 1806 1628; x_wconf 79' lang='grc' dir='ltr'>ὅλας</span> 
     </span>
    </p>
   </div>
   <div class='ocr_carea' id='block_1_81' title="bbox 1017 1643 1806 1679">
    <p class='ocr_par' dir='ltr' id='par_1_81' title="bbox 1017 1643 1806 1679">
     <span class='ocr_line' id='line_1_81' title="bbox 1017 1643 1806 1679; baseline 0 -10"><span class='ocrx_word' id='word_1_578' title='bbox 1017 1643 1112 1678; x_wconf 80' lang='grc' dir='ltr'>νοερὰς</span> <span class='ocrx_word' id='word_1_579' title='bbox 1124 1643 1262 1678; x_wconf 80' lang='grc' dir='ltr'>δυνάμεις,</span> <span class='ocrx_word' id='word_1_580' title='bbox 1276 1644 1325 1674; x_wconf 83' lang='grc' dir='ltr'><strong>τάς</strong></span> <span class='ocrx_word' id='word_1_581' title='bbox 1344 1651 1373 1669; x_wconf 83' lang='grc' dir='ltr'>τε</span> <span class='ocrx_word' id='word_1_582' title='bbox 1387 1644 1415 1669; x_wconf 84' lang='grc' dir='ltr'><strong>ὲν</strong></span> <span class='ocrx_word' id='word_1_583' title='bbox 1427 1643 1531 1679; x_wconf 80' lang='grc' dir='ltr'>οὐρανῷ</span> <span class='ocrx_word' id='word_1_584' title='bbox 1544 1643 1591 1670; x_wconf 75' lang='grc' dir='ltr'>καὶ</span> <span class='ocrx_word' id='word_1_585' title='bbox 1603 1643 1652 1674; x_wconf 80' lang='grc' dir='ltr'><strong>τὰς</strong></span> <span class='ocrx_word' id='word_1_586' title='bbox 1667 1643 1806 1679; x_wconf 79' lang='grc' dir='ltr'>ἡμετέρας</span> 
     </span>
    </p>
   </div>
   <div class='ocr_carea' id='block_1_82' title="bbox 1017 1689 1805 1724">
    <p class='ocr_par' dir='ltr' id='par_1_82' title="bbox 1017 1689 1805 1724">
     <span class='ocr_line' id='line_1_82' title="bbox 1017 1689 1805 1724; baseline 0 -9"><span class='ocrx_word' id='word_1_587' title='bbox 1017 1689 1167 1721; x_wconf 77' lang='grc' dir='ltr'>ἀνανεάζει.</span> <span class='ocrx_word' id='word_1_588' title='bbox 1183 1689 1245 1721; x_wconf 83' lang='grc' dir='ltr'><strong>Πῶς</strong></span> <span class='ocrx_word' id='word_1_589' title='bbox 1263 1689 1292 1716; x_wconf 79' lang='grc' dir='ltr'><strong>δὲ</strong></span> <span class='ocrx_word' id='word_1_590' title='bbox 1315 1689 1457 1721; x_wconf 78' lang='grc' dir='ltr'>ἀνανεάζει</span> <span class='ocrx_word' id='word_1_591' title='bbox 1471 1689 1501 1715; x_wconf 83' lang='grc' dir='ltr'><strong>τὸ</strong></span> <span class='ocrx_word' id='word_1_592' title='bbox 1518 1689 1592 1723; x_wconf 83' lang='grc' dir='ltr'><strong>φῶς;</strong></span> <span class='ocrx_word' id='word_1_593' title='bbox 1608 1689 1624 1724; x_wconf 81' lang='grc' dir='ltr'><strong>ἦ</strong></span> <span class='ocrx_word' id='word_1_594' title='bbox 1639 1689 1758 1724; x_wconf 75' lang='grc' dir='ltr'>δηλονότι</span> <span class='ocrx_word' id='word_1_595' title='bbox 1773 1689 1805 1722; x_wconf 80' lang='grc' dir='ltr'><strong>ἐξ</strong></span> 
     </span>
    </p>
   </div>
   <div class='ocr_carea' id='block_1_83' title="bbox 1016 1735 1805 1770">
    <p class='ocr_par' dir='ltr' id='par_1_83' title="bbox 1016 1735 1805 1770">
     <span class='ocr_line' id='line_1_83' title="bbox 1016 1735 1805 1770; baseline 0 -9"><span class='ocrx_word' id='word_1_596' title='bbox 1016 1735 1161 1769; x_wconf 81' lang='grc' dir='ltr'>ἀναλογίας</span> <span class='ocrx_word' id='word_1_597' title='bbox 1182 1735 1237 1762; x_wconf 84' lang='grc' dir='ltr'>τῶν</span> <span class='ocrx_word' id='word_1_598' title='bbox 1262 1735 1433 1770; x_wconf 82' lang='grc' dir='ltr'><strong>σωματικῶν,</strong></span> <span class='ocrx_word' id='word_1_599' title='bbox 1457 1735 1504 1762; x_wconf 67' lang='grc' dir='ltr'><strong>κοιλ⁴</strong></span> <span class='ocrx_word' id='word_1_600' title='bbox 1525 1735 1560 1761; x_wconf 78' lang='grc' dir='ltr'>τὰ</span> <span class='ocrx_word' id='word_1_601' title='bbox 1582 1735 1685 1770; x_wconf 83' lang='grc' dir='ltr'>ψυχικά</span> <span class='ocrx_word' id='word_1_602' title='bbox 1709 1744 1742 1761; x_wconf 86' lang='grc' dir='ltr'>τε</span> <span class='ocrx_word' id='word_1_603' title='bbox 1756 1736 1805 1761; x_wconf 74' lang='grc' dir='ltr'>καὶ</span> 
     </span>
    </p>
   </div>
   <div class='ocr_carea' id='block_1_84' title="bbox 1016 1779 1810 1816">
    <p class='ocr_par' dir='ltr' id='par_1_84' title="bbox 1016 1779 1810 1816">
     <span class='ocr_line' id='line_1_84' title="bbox 1016 1779 1810 1816; baseline 0.001 -11"><span class='ocrx_word' id='word_1_604' title='bbox 1016 1779 1096 1814; x_wconf 72' lang='grc' dir='ltr'>νοερὰ</span> <span class='ocrx_word' id='word_1_605' title='bbox 1114 1779 1341 1814; x_wconf 74' lang='grc' dir='ltr'>ὲκλαμδάνονται.</span> <span class='ocrx_word' id='word_1_606' title='bbox 1364 1780 1406 1811; x_wconf 86' lang='grc' dir='ltr'><strong>Ὡς</strong></span> <span class='ocrx_word' id='word_1_607' title='bbox 1422 1779 1487 1814; x_wconf 78' lang='grc' dir='ltr'>γοῦν</span> <span class='ocrx_word' id='word_1_608' title='bbox 1503 1779 1596 1814; x_wconf 81' lang='grc' dir='ltr'>νεότης</span> <span class='ocrx_word' id='word_1_609' title='bbox 1607 1781 1676 1812; x_wconf 70' lang='grc' dir='ltr'>ἐστὶ,</span> <span class='ocrx_word' id='word_1_610' title='bbox 1696 1780 1756 1806; x_wconf 79' lang='grc' dir='ltr'>καθ’</span> <span class='ocrx_word' id='word_1_611' title='bbox 1769 1780 1810 1816; x_wconf 55' lang='grc' dir='ltr'><strong>ἦν’</strong></span> 
     </span>
    </p>
   </div>
   <div class='ocr_carea' id='block_1_85' title="bbox 1014 1825 1802 1860">
    <p class='ocr_par' dir='ltr' id='par_1_85' title="bbox 1014 1825 1802 1860">
     <span class='ocr_line' id='line_1_85' title="bbox 1014 1825 1802 1860; baseline 0.003 -10"><span class='ocrx_word' id='word_1_612' title='bbox 1014 1825 1045 1850; x_wconf 80' lang='grc' dir='ltr'>τὸ</span> <span class='ocrx_word' id='word_1_613' title='bbox 1059 1825 1138 1860; x_wconf 84' lang='grc' dir='ltr'>σῶμα</span> <span class='ocrx_word' id='word_1_614' title='bbox 1154 1825 1187 1852; x_wconf 79' lang='grc' dir='ltr'><strong>τὰ</strong></span> <span class='ocrx_word' id='word_1_615' title='bbox 1201 1826 1288 1852; x_wconf 78' lang='grc' dir='ltr'>οίχεῖα</span> <span class='ocrx_word' id='word_1_616' title='bbox 1303 1825 1411 1852; x_wconf 86' lang='grc' dir='ltr'>δύναται</span> <span class='ocrx_word' id='word_1_617' title='bbox 1434 1826 1565 1860; x_wconf 79' lang='grc' dir='ltr'>ἐνεργεῖν,</span> <span class='ocrx_word' id='word_1_618' title='bbox 1578 1825 1665 1860; x_wconf 77' lang='grc' dir='ltr'>γῆρας</span> <span class='ocrx_word' id='word_1_619' title='bbox 1682 1825 1721 1857; x_wconf 81' lang='grc' dir='ltr'>δὲ,</span> <span class='ocrx_word' id='word_1_620' title='bbox 1739 1825 1802 1852; x_wconf 75' lang='grc' dir='ltr'>καθ’</span> 
     </span>
    </p>
   </div>
   <div class='ocr_carea' id='block_1_86' title="bbox 1014 1871 1801 1908">
    <p class='ocr_par' dir='ltr' id='par_1_86' title="bbox 1014 1871 1801 1908">
     <span class='ocr_line' id='line_1_86' title="bbox 1014 1871 1801 1908; baseline -0.003 -10"><span class='ocrx_word' id='word_1_621' title='bbox 1014 1872 1028 1898; x_wconf 82' lang='grc' dir='ltr'><strong>ὃ</strong></span> <span class='ocrx_word' id='word_1_622' title='bbox 1043 1872 1073 1898; x_wconf 85' lang='grc' dir='ltr'>οὺ</span> <span class='ocrx_word' id='word_1_623' title='bbox 1087 1871 1213 1898; x_wconf 82' lang='grc' dir='ltr'>δύναται·</span> <span class='ocrx_word' id='word_1_624' title='bbox 1226 1871 1299 1898; x_wconf 77' lang='grc' dir='ltr'>οὕτω</span> <span class='ocrx_word' id='word_1_625' title='bbox 1317 1871 1348 1907; x_wconf 86' lang='grc' dir='ltr'>δὴ</span> <span class='ocrx_word' id='word_1_626' title='bbox 1361 1874 1407 1898; x_wconf 73' lang='grc' dir='ltr'>καὶ</span> <span class='ocrx_word' id='word_1_627' title='bbox 1422 1871 1513 1908; x_wconf 61' lang='grc' dir='ltr'><strong>ψυχῆς⁵</strong></span> <span class='ocrx_word' id='word_1_628' title='bbox 1524 1871 1570 1898; x_wconf 74' lang='grc' dir='ltr'>καὶ</span> <span class='ocrx_word' id='word_1_629' title='bbox 1582 1871 1628 1897; x_wconf 75' lang='grc' dir='ltr'>νοῦ</span> <span class='ocrx_word' id='word_1_630' title='bbox 1637 1871 1725 1906; x_wconf 83' lang='grc' dir='ltr'>γῆρας</span> <span class='ocrx_word' id='word_1_631' title='bbox 1740 1871 1801 1905; x_wconf 77' lang='grc' dir='ltr'>μὲν,</span> 
     </span>
    </p>
   </div>
   <div class='ocr_carea' id='block_1_87' title="bbox 1015 1916 1800 1953">
    <p class='ocr_par' dir='ltr' id='par_1_87' title="bbox 1015 1916 1800 1953">
     <span class='ocr_line' id='line_1_87' title="bbox 1015 1916 1800 1953; baseline -0.001 -10"><span class='ocrx_word' id='word_1_632' title='bbox 1015 1917 1076 1943; x_wconf 81' lang='grc' dir='ltr'>καθ’</span> <span class='ocrx_word' id='word_1_633' title='bbox 1087 1917 1101 1943; x_wconf 85' lang='grc' dir='ltr'>ὅ</span> <span class='ocrx_word' id='word_1_634' title='bbox 1114 1917 1143 1943; x_wconf 90' lang='grc' dir='ltr'>οὺ</span> <span class='ocrx_word' id='word_1_635' title='bbox 1159 1917 1269 1943; x_wconf 86' lang='grc' dir='ltr'>δύναται</span> <span class='ocrx_word' id='word_1_636' title='bbox 1283 1918 1404 1953; x_wconf 72' lang='grc' dir='ltr'>ἐνεργεῖν</span> <span class='ocrx_word' id='word_1_637' title='bbox 1418 1916 1452 1943; x_wconf 86' lang='grc' dir='ltr'>τὰ</span> <span class='ocrx_word' id='word_1_638' title='bbox 1464 1917 1561 1948; x_wconf 80' lang='grc' dir='ltr'>οίκεῖα,</span> <span class='ocrx_word' id='word_1_639' title='bbox 1584 1916 1677 1951; x_wconf 75' lang='grc' dir='ltr'>νεότης</span> <span class='ocrx_word' id='word_1_640' title='bbox 1698 1916 1726 1941; x_wconf 78' lang='grc' dir='ltr'><strong>δὲ</strong></span> <span class='ocrx_word' id='word_1_641' title='bbox 1738 1916 1800 1942; x_wconf 72' lang='grc' dir='ltr'>καθ’</span> 
     </span>
    </p>
   </div>
   <div class='ocr_carea' id='block_1_88' title="bbox 1014 1962 1800 1998">
    <p class='ocr_par' dir='ltr' id='par_1_88' title="bbox 1014 1962 1800 1998">
     <span class='ocr_line' id='line_1_88' title="bbox 1014 1962 1800 1998; baseline -0.004 -8"><span class='ocrx_word' id='word_1_642' title='bbox 1014 1964 1046 1998; x_wconf 86' lang='grc' dir='ltr'><strong>ἢν</strong></span> <span class='ocrx_word' id='word_1_643' title='bbox 1059 1963 1178 1990; x_wconf 82' lang='grc' dir='ltr'>δύναται.</span> <span class='ocrx_word' id='word_1_644' title='bbox 1200 1964 1244 1990; x_wconf 87' lang='grc' dir='ltr'><strong>Ἑν</strong></span> <span class='ocrx_word' id='word_1_645' title='bbox 1257 1963 1321 1998; x_wconf 85' lang='grc' dir='ltr'>γοῦν</span> <span class='ocrx_word' id='word_1_646' title='bbox 1335 1962 1373 1998; x_wconf 85' lang='grc' dir='ltr'>τῷ</span> <span class='ocrx_word' id='word_1_647' title='bbox 1385 1963 1433 1998; x_wconf 76' lang='grc' dir='ltr'>τῆς</span> <span class='ocrx_word' id='word_1_648' title='bbox 1449 1962 1552 1998; x_wconf 83' lang='grc' dir='ltr'>πλάνης</span> <span class='ocrx_word' id='word_1_649' title='bbox 1567 1963 1612 1988; x_wconf 77' lang='grc' dir='ltr'><strong>καὶ</strong></span> <span class='ocrx_word' id='word_1_650' title='bbox 1627 1962 1676 1996; x_wconf 75' lang='grc' dir='ltr'><strong>τῆς</strong></span> <span class='ocrx_word' id='word_1_651' title='bbox 1689 1962 1800 1995; x_wconf 82' lang='grc' dir='ltr'>ἀγνοίας</span> 
     </span>
    </p>
   </div>
   <div class='ocr_carea' id='block_1_89' title="bbox 1015 2005 1799 2044">
    <p class='ocr_par' dir='ltr' id='par_1_89' title="bbox 1015 2005 1799 2044">
     <span class='ocr_line' id='line_1_89' title="bbox 1015 2005 1799 2044; baseline -0.003 -10"><span class='ocrx_word' id='word_1_652' title='bbox 1015 2009 1105 2035; x_wconf 80' lang='grc' dir='ltr'><strong>σκότει</strong></span> <span class='ocrx_word' id='word_1_653' title='bbox 1124 2010 1138 2035; x_wconf 80' lang='grc' dir='ltr'>ὁ</span> <span class='ocrx_word' id='word_1_654' title='bbox 1156 2008 1217 2041; x_wconf 76' lang='grc' dir='ltr'><strong>νοῦς</strong></span> <span class='ocrx_word' id='word_1_655' title='bbox 1235 2008 1282 2041; x_wconf 86' lang='grc' dir='ltr'>ὢν,</span> <span class='ocrx_word' id='word_1_656' title='bbox 1297 2009 1370 2044; x_wconf 86' lang='grc' dir='ltr'>γηρᾷ</span> <span class='ocrx_word' id='word_1_657' title='bbox 1388 2005 1443 2034; x_wconf 73' lang='grc' dir='ltr'>οἷον</span> <span class='ocrx_word' id='word_1_658' title='bbox 1456 2008 1502 2034; x_wconf 79' lang='grc' dir='ltr'>καὶ</span> <span class='ocrx_word' id='word_1_659' title='bbox 1521 2008 1656 2043; x_wconf 82' lang='grc' dir='ltr'>ἀπρακτεῖ</span> <span class='ocrx_word' id='word_1_660' title='bbox 1669 2006 1737 2033; x_wconf 83' lang='grc' dir='ltr'>κατὰ</span> <span class='ocrx_word' id='word_1_661' title='bbox 1750 2006 1799 2038; x_wconf 73' lang='grc' dir='ltr'><strong>τὰς</strong></span> 
     </span>
    </p>
   </div>
   <div class='ocr_carea' id='block_1_90' title="bbox 1014 2052 1800 2089">
    <p class='ocr_par' dir='ltr' id='par_1_90' title="bbox 1014 2052 1800 2089">
     <span class='ocr_line' id='line_1_90' title="bbox 1014 2052 1800 2089; baseline -0.005 -8"><span class='ocrx_word' id='word_1_662' title='bbox 1014 2055 1116 2086; x_wconf 75' lang='grc' dir='ltr'>οἰκείας</span> <span class='ocrx_word' id='word_1_663' title='bbox 1129 2054 1272 2089; x_wconf 85' lang='grc' dir='ltr'>δυνάμεις·</span> <span class='ocrx_word' id='word_1_664' title='bbox 1288 2053 1334 2080; x_wconf 83' lang='grc' dir='ltr'>τοῦ</span> <span class='ocrx_word' id='word_1_665' title='bbox 1356 2053 1450 2089; x_wconf 82' lang='grc' dir='ltr'>νοητοῦ</span> <span class='ocrx_word' id='word_1_666' title='bbox 1475 2054 1503 2080; x_wconf 81' lang='grc' dir='ltr'><strong>δὲ</strong></span> <span class='ocrx_word' id='word_1_667' title='bbox 1526 2053 1614 2088; x_wconf 80' lang='grc' dir='ltr'>φωτὸς</span> <span class='ocrx_word' id='word_1_668' title='bbox 1634 2052 1800 2087; x_wconf 76' lang='grc' dir='ltr'>ἐπιλάμψαν-</span> 
     </span>
    </p>
   </div>
   <div class='ocr_carea' id='block_1_91' title="bbox 1012 2097 1796 2134">
    <p class='ocr_par' dir='ltr' id='par_1_91' title="bbox 1012 2097 1796 2134">
     <span class='ocr_line' id='line_1_91' title="bbox 1012 2097 1796 2134; baseline -0.004 -7"><span class='ocrx_word' id='word_1_669' title='bbox 1012 2110 1067 2133; x_wconf 80' lang='grc' dir='ltr'>τος,</span> <span class='ocrx_word' id='word_1_670' title='bbox 1091 2100 1260 2130; x_wconf 79' lang='grc' dir='ltr'>ἀνανεοῦται,</span> <span class='ocrx_word' id='word_1_671' title='bbox 1286 2101 1333 2126; x_wconf 80' lang='grc' dir='ltr'>καὶ</span> <span class='ocrx_word' id='word_1_672' title='bbox 1353 2099 1388 2126; x_wconf 86' lang='grc' dir='ltr'>τὰ</span> <span class='ocrx_word' id='word_1_673' title='bbox 1414 2100 1502 2126; x_wconf 84' lang='grc' dir='ltr'>οίκεῖα</span> <span class='ocrx_word' id='word_1_674' title='bbox 1522 2098 1650 2134; x_wconf 81' lang='grc' dir='ltr'>πράττειν</span> <span class='ocrx_word' id='word_1_675' title='bbox 1671 2097 1796 2125; x_wconf 77' lang='grc' dir='ltr'>δύναται.</span> 
     </span>
    </p>
   </div>
   <div class='ocr_carea' id='block_1_92' title="bbox 1012 2142 1799 2179">
    <p class='ocr_par' dir='ltr' id='par_1_92' title="bbox 1012 2142 1799 2179">
     <span class='ocr_line' id='line_1_92' title="bbox 1012 2142 1799 2179; baseline -0.003 -9"><span class='ocrx_word' id='word_1_676' title='bbox 1012 2144 1085 2179; x_wconf 76' lang='grc' dir='ltr'><strong>Αὕτη</strong></span> <span class='ocrx_word' id='word_1_677' title='bbox 1104 2143 1151 2170; x_wconf 80' lang='grc' dir='ltr'><strong>τοῦ</strong></span> <span class='ocrx_word' id='word_1_678' title='bbox 1173 2143 1269 2179; x_wconf 82' lang='grc' dir='ltr'>νοητοῦ</span> <span class='ocrx_word' id='word_1_679' title='bbox 1293 2144 1380 2178; x_wconf 78' lang='grc' dir='ltr'>φωτὸς</span> <span class='ocrx_word' id='word_1_680' title='bbox 1397 2143 1413 2178; x_wconf 81' lang='grc' dir='ltr'>ἡ</span> <span class='ocrx_word' id='word_1_681' title='bbox 1427 2143 1504 2174; x_wconf 64' lang='grc' dir='ltr'>ἀκτὶς</span> <span class='ocrx_word' id='word_1_682' title='bbox 1515 2143 1618 2174; x_wconf 75' lang='grc' dir='ltr'>πάντας</span> <span class='ocrx_word' id='word_1_683' title='bbox 1633 2142 1754 2177; x_wconf 81' lang='grc' dir='ltr'>περιέχει</span> <span class='ocrx_word' id='word_1_684' title='bbox 1767 2143 1799 2169; x_wconf 80' lang='grc' dir='ltr'><strong>ὲν</strong></span> 
     </span>
    </p>
   </div>
   <div class='ocr_carea' id='block_1_93' title="bbox 1012 2185 1799 2224">
    <p class='ocr_par' dir='ltr' id='par_1_93' title="bbox 1012 2185 1799 2224">
     <span class='ocr_line' id='line_1_93' title="bbox 1012 2185 1799 2224; baseline -0.004 -9"><span class='ocrx_word' id='word_1_685' title='bbox 1012 2189 1050 2224; x_wconf 82' lang='grc' dir='ltr'><strong>τῷ</strong></span> <span class='ocrx_word' id='word_1_686' title='bbox 1072 2189 1210 2224; x_wconf 82' lang='grc' dir='ltr'>ὑπερεῖναι</span> <span class='ocrx_word' id='word_1_687' title='bbox 1229 2189 1336 2215; x_wconf 86' lang='grc' dir='ltr'>πάντων</span> <span class='ocrx_word' id='word_1_688' title='bbox 1353 2189 1399 2215; x_wconf 73' lang='grc' dir='ltr'><strong>καὶ</strong></span> <span class='ocrx_word' id='word_1_689' title='bbox 1416 2188 1452 2224; x_wconf 85' lang='grc' dir='ltr'><strong>μὴ</strong></span> <span class='ocrx_word' id='word_1_690' title='bbox 1474 2187 1536 2222; x_wconf 83' lang='grc' dir='ltr'>παρ’</span> <span class='ocrx_word' id='word_1_691' title='bbox 1549 2186 1654 2218; x_wconf 76' lang='grc' dir='ltr'><strong>οὐδενὸς</strong></span> <span class='ocrx_word' id='word_1_692' title='bbox 1673 2185 1799 2221; x_wconf 86' lang='grc' dir='ltr'>περιέχε-</span> 
     </span>
    </p>
   </div>
   <div class='ocr_carea' id='block_1_94' title="bbox 1012 2231 1797 2268">
    <p class='ocr_par' dir='ltr' id='par_1_94' title="bbox 1012 2231 1797 2268">
     <span class='ocr_line' id='line_1_94' title="bbox 1012 2231 1797 2268; baseline -0.004 -8"><span class='ocrx_word' id='word_1_693' title='bbox 1012 2233 1083 2265; x_wconf 77' lang='grc' dir='ltr'>σθαι,</span> <span class='ocrx_word' id='word_1_694' title='bbox 1100 2234 1147 2259; x_wconf 68' lang='grc' dir='ltr'><strong>καὶ</strong></span> <span class='ocrx_word' id='word_1_695' title='bbox 1163 2233 1256 2265; x_wconf 80' lang='grc' dir='ltr'>ἁπλῶς</span> <span class='ocrx_word' id='word_1_696' title='bbox 1279 2233 1369 2259; x_wconf 83' lang='grc' dir='ltr'>πᾶσαν</span> <span class='ocrx_word' id='word_1_697' title='bbox 1397 2233 1446 2268; x_wconf 79' lang='grc' dir='ltr'><strong>τῆς</strong></span> <span class='ocrx_word' id='word_1_698' title='bbox 1469 2231 1635 2266; x_wconf 80' lang='grc' dir='ltr'>φωτιστικῆς</span> <span class='ocrx_word' id='word_1_699' title='bbox 1655 2231 1797 2266; x_wconf 85' lang='grc' dir='ltr'>δυνάμεως</span> 
     </span>
    </p>
   </div>
   <div class='ocr_carea' id='block_1_95' title="bbox 1012 2277 1796 2314">
    <p class='ocr_par' dir='ltr' id='par_1_95' title="bbox 1012 2277 1796 2314">
     <span class='ocr_line' id='line_1_95' title="bbox 1012 2277 1796 2314; baseline -0.004 -9"><span class='ocrx_word' id='word_1_700' title='bbox 1012 2279 1159 2314; x_wconf 78' lang='grc' dir='ltr'>κυριότητα</span> <span class='ocrx_word' id='word_1_701' title='bbox 1179 2279 1226 2304; x_wconf 73' lang='grc' dir='ltr'>καὶ</span> <span class='ocrx_word' id='word_1_702' title='bbox 1247 2278 1370 2310; x_wconf 75' lang='grc' dir='ltr'>ἐξουσίαν</span> <span class='ocrx_word' id='word_1_703' title='bbox 1389 2277 1566 2309; x_wconf 76' lang='grc' dir='ltr'>συλλαϐοῦσα,</span> <span class='ocrx_word' id='word_1_704' title='bbox 1583 2277 1629 2303; x_wconf 76' lang='grc' dir='ltr'>καὶ</span> <span class='ocrx_word' id='word_1_705' title='bbox 1654 2277 1796 2312; x_wconf 77' lang='grc' dir='ltr'>ὑπερέχει,</span> 
     </span>
    </p>
   </div>
   <div class='ocr_carea' id='block_1_96' title="bbox 177 2322 965 2363">
    <p class='ocr_par' dir='ltr' id='par_1_96' title="bbox 177 2331 961 2363">
     <span class='ocr_line' id='line_1_96' title="bbox 177 2331 961 2363; baseline -0.01 -4"><span class='ocrx_word' id='word_1_706' title='bbox 177 2338 281 2360; x_wconf 78' lang='lat' dir='ltr'><strong>mentes</strong></span> <span class='ocrx_word' id='word_1_707' title='bbox 296 2339 392 2359; x_wconf 79' lang='lat' dir='ltr'><strong>omnes</strong></span> <span class='ocrx_word' id='word_1_708' title='bbox 408 2332 542 2362; x_wconf 73' lang='lat' dir='ltr'><strong>continuet,</strong></span> <span class='ocrx_word' id='word_1_709' title='bbox 555 2337 616 2356; x_wconf 89' lang='lat' dir='ltr'><strong>cutn</strong></span> <span class='ocrx_word' id='word_1_710' title='bbox 638 2335 720 2363; x_wconf 86' lang='lat' dir='ltr'><strong>supra</strong></span> <span class='ocrx_word' id='word_1_711' title='bbox 733 2334 828 2354; x_wconf 85' lang='lat' dir='ltr'><strong>omnes</strong></span> <span class='ocrx_word' id='word_1_712' title='bbox 840 2332 892 2357; x_wconf 84' lang='lat' dir='ltr'><strong>est,</strong></span> <span class='ocrx_word' id='word_1_713' title='bbox 904 2331 932 2352; x_wconf 85' lang='lat' dir='ltr'><strong>et</strong></span> <span class='ocrx_word' id='word_1_714' title='bbox 946 2333 961 2352; x_wconf 90' lang='lat' dir='ltr'><strong>a</strong></span> 
     </span>
    </p>
   </div>
   <div class='ocr_carea' id='block_1_97' title="bbox 1017 2322 1797 2363">
    <p class='ocr_par' dir='ltr' id='par_1_97' title="bbox 1017 2322 1797 2359">
     <span class='ocr_line' id='line_1_97' title="bbox 1017 2322 1797 2359; baseline -0.003 -9"><span class='ocrx_word' id='word_1_715' title='bbox 1017 2325 1052 2350; x_wconf 66' lang='lat' dir='ltr'><strong>in</strong></span> <span class='ocrx_word' id='word_1_716' title='bbox 1067 2324 1136 2359; x_wconf 82' lang='grc' dir='ltr'>ὑπὲρ</span> <span class='ocrx_word' id='word_1_717' title='bbox 1149 2324 1237 2350; x_wconf 85' lang='grc' dir='ltr'>πάντα</span> <span class='ocrx_word' id='word_1_718' title='bbox 1249 2324 1285 2350; x_wconf 85' lang='grc' dir='ltr'><strong>τὰ</strong></span> <span class='ocrx_word' id='word_1_719' title='bbox 1301 2323 1377 2358; x_wconf 78' lang='grc' dir='ltr'>φῶτά</span> <span class='ocrx_word' id='word_1_720' title='bbox 1396 2324 1453 2350; x_wconf 75' lang='grc' dir='ltr'>ἐστι</span> <span class='ocrx_word' id='word_1_721' title='bbox 1474 2324 1520 2349; x_wconf 72' lang='grc' dir='ltr'>καὶ</span> <span class='ocrx_word' id='word_1_722' title='bbox 1541 2322 1678 2357; x_wconf 81' lang='grc' dir='ltr'>προσέχει,</span> <span class='ocrx_word' id='word_1_723' title='bbox 1695 2322 1737 2349; x_wconf 79' lang='grc' dir='ltr'><strong>ὅτι</strong></span> <span class='ocrx_word' id='word_1_724' title='bbox 1750 2322 1797 2357; x_wconf 88' lang='grc' dir='ltr'>δη-</span> 
     </span>
    </p>
   </div>
   <div class='ocr_carea' id='block_1_98' title="bbox 176 2371 962 2410">
    <p class='ocr_par' dir='ltr' id='par_1_98' title="bbox 176 2371 962 2410">
     <span class='ocr_line' id='line_1_98' title="bbox 176 2371 962 2410; baseline -0.013 -4"><span class='ocrx_word' id='word_1_725' title='bbox 176 2378 250 2406; x_wconf 90' lang='lat' dir='ltr'><strong>nullo</strong></span> <span class='ocrx_word' id='word_1_726' title='bbox 271 2378 435 2409; x_wconf 86' lang='lat' dir='ltr'><strong>continetur,</strong></span> <span class='ocrx_word' id='word_1_727' title='bbox 450 2382 532 2410; x_wconf 85' lang='lat' dir='ltr'><strong>atque</strong></span> <span class='ocrx_word' id='word_1_728' title='bbox 553 2381 663 2402; x_wconf 88' lang='lat' dir='ltr'><strong>omnem</strong></span> <span class='ocrx_word' id='word_1_729' title='bbox 687 2372 849 2407; x_wconf 86' lang='lat' dir='ltr'><strong>simpliciter</strong></span> <span class='ocrx_word' id='word_1_730' title='bbox 864 2371 962 2398; x_wconf 89' lang='lat' dir='ltr'><strong>illumi-</strong></span> 
     </span>
    </p>
   </div>
   <div class='ocr_carea' id='block_1_99' title="bbox 175 2422 961 2453">
    <p class='ocr_par' dir='ltr' id='par_1_99' title="bbox 175 2422 961 2453">
     <span class='ocr_line' id='line_1_99' title="bbox 175 2422 961 2453; baseline -0.011 -2"><span class='ocrx_word' id='word_1_731' title='bbox 175 2424 260 2451; x_wconf 85' lang='lat' dir='ltr'><strong>nandi</strong></span> <span class='ocrx_word' id='word_1_732' title='bbox 284 2423 423 2450; x_wconf 73' lang='lat' dir='ltr'><strong>facultatis</strong></span> <span class='ocrx_word' id='word_1_733' title='bbox 451 2422 620 2449; x_wconf 86' lang='lat' dir='ltr'><strong>dominatum</strong></span> <span class='ocrx_word' id='word_1_734' title='bbox 646 2427 678 2446; x_wconf 86' lang='lat' dir='ltr'><strong>ac</strong></span> <span class='ocrx_word' id='word_1_735' title='bbox 709 2423 871 2453; x_wconf 86' lang='lat' dir='ltr'><strong>potestatem</strong></span> <span class='ocrx_word' id='word_1_736' title='bbox 887 2424 961 2443; x_wconf 85' lang='lat' dir='ltr'><strong>COlll-</strong></span> 
     </span>
    </p>
   </div>
   <div class='ocr_carea' id='block_1_100' title="bbox 176 2463 960 2504">
    <p class='ocr_par' dir='ltr' id='par_1_100' title="bbox 176 2463 960 2504">
     <span class='ocr_line' id='line_1_100' title="bbox 176 2463 960 2504; baseline -0.006 -9"><span class='ocrx_word' id='word_1_737' title='bbox 176 2470 328 2504; x_wconf 83' lang='lat' dir='ltr'><strong>prehendit,</strong></span> <span class='ocrx_word' id='word_1_738' title='bbox 350 2473 378 2496; x_wconf 87' lang='lat' dir='ltr'><strong>ct</strong></span> <span class='ocrx_word' id='word_1_739' title='bbox 402 2467 579 2502; x_wconf 66' lang='lat' dir='ltr'><strong>super-liabet,</strong></span> <span class='ocrx_word' id='word_1_740' title='bbox 605 2466 734 2500; x_wconf 87' lang='lat' dir='ltr'><strong>quoniam</strong></span> <span class='ocrx_word' id='word_1_741' title='bbox 761 2471 842 2498; x_wconf 85' lang='lat' dir='ltr'><strong>supra</strong></span> <span class='ocrx_word' id='word_1_742' title='bbox 868 2463 960 2490; x_wconf 84' lang='lat' dir='ltr'><strong>omnia</strong></span> 
     </span>
    </p>
   </div>
   <div class='ocr_carea' id='block_1_101' title="bbox 176 2511 960 2548">
    <p class='ocr_par' dir='ltr' id='par_1_101' title="bbox 176 2511 960 2548">
     <span class='ocr_line' id='line_1_101' title="bbox 176 2511 960 2548; baseline -0.01 -5"><span class='ocrx_word' id='word_1_743' title='bbox 176 2516 279 2543; x_wconf 80' lang='lat' dir='ltr'><strong>lumina</strong></span> <span class='ocrx_word' id='word_1_744' title='bbox 298 2515 411 2547; x_wconf 76' lang='lat' dir='ltr'><strong>existit;</strong></span> <span class='ocrx_word' id='word_1_745' title='bbox 424 2520 449 2541; x_wconf 86' lang='lat' dir='ltr'><strong>et</strong></span> <span class='ocrx_word' id='word_1_746' title='bbox 465 2513 614 2548; x_wconf 70' lang='lat' dir='ltr'><strong>prteltttbet,</strong></span> <span class='ocrx_word' id='word_1_747' title='bbox 628 2512 758 2546; x_wconf 85' lang='lat' dir='ltr'><strong>quoniam</strong></span> <span class='ocrx_word' id='word_1_748' title='bbox 772 2511 869 2537; x_wconf 86' lang='lat' dir='ltr'><strong>harum</strong></span> <span class='ocrx_word' id='word_1_749' title='bbox 882 2517 960 2536; x_wconf 83' lang='lat' dir='ltr'><strong>crea-</strong></span> 
     </span>
    </p>
   </div>
   <div class='ocr_carea' id='block_1_102' title="bbox 177 2556 955 2594">
    <p class='ocr_par' dir='ltr' id='par_1_102' title="bbox 177 2556 955 2594">
     <span class='ocr_line' id='line_1_102' title="bbox 177 2556 955 2594; baseline -0.008 -6"><span class='ocrx_word' id='word_1_750' title='bbox 177 2567 219 2588; x_wconf 89' lang='lat' dir='ltr'><strong>tor</strong></span> <span class='ocrx_word' id='word_1_751' title='bbox 233 2566 284 2593; x_wconf 82' lang='lat' dir='ltr'><strong>est,</strong></span> <span class='ocrx_word' id='word_1_752' title='bbox 304 2567 332 2589; x_wconf 88' lang='lat' dir='ltr'><strong>et</strong></span> <span class='ocrx_word' id='word_1_753' title='bbox 352 2562 442 2588; x_wconf 82' lang='lat' dir='ltr'><strong>omnia</strong></span> <span class='ocrx_word' id='word_1_754' title='bbox 464 2564 622 2594; x_wconf 72' lang='lat' dir='ltr'><strong>congregat,</strong></span> <span class='ocrx_word' id='word_1_755' title='bbox 649 2563 676 2585; x_wconf 91' lang='lat' dir='ltr'><strong>et</strong></span> <span class='ocrx_word' id='word_1_756' title='bbox 697 2558 722 2584; x_wconf 94' lang='lat' dir='ltr'><strong>in</strong></span> <span class='ocrx_word' id='word_1_757' title='bbox 738 2565 820 2584; x_wconf 92' lang='lat' dir='ltr'><strong>unum</strong></span> <span class='ocrx_word' id='word_1_758' title='bbox 836 2556 955 2590; x_wconf 84' lang='lat' dir='ltr'><strong>copulat.</strong></span> 
     </span>
    </p>
   </div>
   <div class='ocr_carea' id='block_1_103' title="bbox 175 2603 956 2641">
    <p class='ocr_par' dir='ltr' id='par_1_103' title="bbox 175 2603 956 2641">
     <span class='ocr_line' id='line_1_103' title="bbox 175 2603 956 2641; baseline -0.009 -6"><span class='ocrx_word' id='word_1_759' title='bbox 175 2609 315 2641; x_wconf 75' lang='lat' dir='ltr'><strong>Quomodo</strong></span> <span class='ocrx_word' id='word_1_760' title='bbox 329 2613 418 2634; x_wconf 85' lang='lat' dir='ltr'><strong>autem</strong></span> <span class='ocrx_word' id='word_1_761' title='bbox 436 2607 479 2633; x_wconf 75' lang='lat' dir='ltr'><strong>lux</strong></span> <span class='ocrx_word' id='word_1_762' title='bbox 496 2606 588 2633; x_wconf 84' lang='lat' dir='ltr'><strong>omnia</strong></span> <span class='ocrx_word' id='word_1_763' title='bbox 603 2608 750 2639; x_wconf 79' lang='lat' dir='ltr'><strong>congreget</strong></span> <span class='ocrx_word' id='word_1_764' title='bbox 773 2608 801 2630; x_wconf 92' lang='lat' dir='ltr'><strong>et</strong></span> <span class='ocrx_word' id='word_1_765' title='bbox 826 2603 852 2629; x_wconf 93' lang='lat' dir='ltr'><strong>in</strong></span> <span class='ocrx_word' id='word_1_766' title='bbox 873 2610 956 2628; x_wconf 90' lang='lat' dir='ltr'><strong>unum</strong></span> 
     </span>
    </p>
   </div>
   <div class='ocr_carea' id='block_1_104' title="bbox 175 2648 957 2688">
    <p class='ocr_par' dir='ltr' id='par_1_104' title="bbox 175 2648 957 2688">
     <span class='ocr_line' id='line_1_104' title="bbox 175 2648 957 2688; baseline -0.01 -7"><span class='ocrx_word' id='word_1_767' title='bbox 175 2655 292 2688; x_wconf 84' lang='lat' dir='ltr'><strong>copulet,</strong></span> <span class='ocrx_word' id='word_1_768' title='bbox 310 2654 406 2688; x_wconf 82' lang='lat' dir='ltr'><strong>probat</strong></span> <span class='ocrx_word' id='word_1_769' title='bbox 422 2661 436 2679; x_wconf 92' lang='lat' dir='ltr'><strong>a</strong></span> <span class='ocrx_word' id='word_1_770' title='bbox 448 2652 599 2679; x_wconf 81' lang='lat' dir='ltr'><strong>contrario.</strong></span> <span class='ocrx_word' id='word_1_771' title='bbox 616 2651 692 2677; x_wconf 87' lang='lat' dir='ltr'><strong>Sicut</strong></span> <span class='ocrx_word' id='word_1_772' title='bbox 710 2649 782 2677; x_wconf 85' lang='lat' dir='ltr'><strong>enim</strong></span> <span class='ocrx_word' id='word_1_773' title='bbox 802 2648 957 2683; x_wconf 80' lang='lat' dir='ltr'><strong>ignorantia</strong></span> 
     </span>
    </p>
   </div>
   <div class='ocr_carea' id='block_1_105' title="bbox 174 2695 958 2733">
    <p class='ocr_par' dir='ltr' id='par_1_105' title="bbox 174 2695 958 2733">
     <span class='ocr_line' id='line_1_105' title="bbox 174 2695 958 2733; baseline -0.01 -6"><span class='ocrx_word' id='word_1_774' title='bbox 174 2706 298 2728; x_wconf 79' lang='lat' dir='ltr'><strong>errantes</strong></span> <span class='ocrx_word' id='word_1_775' title='bbox 314 2699 410 2727; x_wconf 87' lang='lat' dir='ltr'><strong>dividit</strong></span> <span class='ocrx_word' id='word_1_776' title='bbox 429 2699 484 2733; x_wconf 87' lang='lat' dir='ltr'><strong>(qui</strong></span> <span class='ocrx_word' id='word_1_777' title='bbox 495 2698 567 2724; x_wconf 86' lang='lat' dir='ltr'><strong>enim</strong></span> <span class='ocrx_word' id='word_1_778' title='bbox 582 2697 699 2731; x_wconf 81' lang='lat' dir='ltr'><strong>ignorat,</strong></span> <span class='ocrx_word' id='word_1_779' title='bbox 717 2695 744 2722; x_wconf 94' lang='lat' dir='ltr'><strong>in</strong></span> <span class='ocrx_word' id='word_1_780' title='bbox 761 2695 844 2722; x_wconf 89' lang='lat' dir='ltr'><strong>multa</strong></span> <span class='ocrx_word' id='word_1_781' title='bbox 859 2695 958 2722; x_wconf 84' lang='lat' dir='ltr'><strong>distra-</strong></span> 
     </span>
    </p>
   </div>
   <div class='ocr_carea' id='block_1_106' title="bbox 175 2739 959 2781">
    <p class='ocr_par' dir='ltr' id='par_1_106' title="bbox 175 2739 959 2781">
     <span class='ocr_line' id='line_1_106' title="bbox 175 2739 959 2781; baseline -0.01 -7"><span class='ocrx_word' id='word_1_782' title='bbox 175 2748 274 2781; x_wconf 76' lang='lat' dir='ltr'><strong>hitur),</strong></span> <span class='ocrx_word' id='word_1_783' title='bbox 287 2747 326 2774; x_wconf 83' lang='lat' dir='ltr'><strong>sic</strong></span> <span class='ocrx_word' id='word_1_784' title='bbox 342 2746 452 2772; x_wconf 88' lang='lat' dir='ltr'><strong>lutninis</strong></span> <span class='ocrx_word' id='word_1_785' title='bbox 464 2743 685 2779; x_wconf 61' lang='lat' dir='ltr'><strong>cognitionisque</strong></span> <span class='ocrx_word' id='word_1_786' title='bbox 699 2741 844 2776; x_wconf 64' lang='lat' dir='ltr'><strong>praesentia</strong></span> <span class='ocrx_word' id='word_1_787' title='bbox 856 2739 959 2774; x_wconf 79' lang='lat' dir='ltr'><strong>colligit</strong></span> 
     </span>
    </p>
   </div>
   <div class='ocr_carea' id='block_1_107' title="bbox 213 2827 948 2870">
    <p class='ocr_par' dir='ltr' id='par_1_107' title="bbox 213 2827 948 2870">
     <span class='ocr_line' id='line_1_107' title="bbox 213 2827 948 2870; baseline -0.012 -5"><span class='ocrx_word' id='word_1_788' title='bbox 213 2837 300 2865; x_wconf 81' lang='lat' dir='ltr'><strong>&#39;Luc.</strong></span> <span class='ocrx_word' id='word_1_789' title='bbox 318 2844 363 2870; x_wconf 81' lang='lat' dir='ltr'><strong>nt,</strong></span> <span class='ocrx_word' id='word_1_790' title='bbox 379 2835 422 2862; x_wconf 66' lang='grc'><strong>47.</strong></span> <span class='ocrx_word' id='word_1_791' title='bbox 463 2839 475 2851; x_wconf 75' lang='grc' dir='ltr'>ν</span> <span class='ocrx_word' id='word_1_792' title='bbox 492 2834 591 2869; x_wconf 70' lang='lat' dir='ltr'><strong>liphes.</strong></span> <span class='ocrx_word' id='word_1_793' title='bbox 608 2839 644 2864; x_wconf 74' lang='grc' dir='ltr'><strong>ιν,</strong></span> <span class='ocrx_word' id='word_1_794' title='bbox 663 2830 703 2857; x_wconf 77' lang='lat' dir='ltr'><strong>l2.</strong></span> <span class='ocrx_word' id='word_1_795' title='bbox 743 2835 758 2855; x_wconf 72' lang='grc' dir='ltr'><strong><em>γ</em></strong></span> <span class='ocrx_word' id='word_1_796' title='bbox 773 2828 850 2856; x_wconf 75' lang='lat' dir='ltr'><strong>Joan.</strong></span> <span class='ocrx_word' id='word_1_797' title='bbox 868 2836 886 2860; x_wconf 81' lang='grc'>1,</span> <span class='ocrx_word' id='word_1_798' title='bbox 906 2827 948 2856; x_wconf 77' lang='lat' dir='ltr'><strong>l6.</strong></span> 
     </span>
    </p>
   </div>
   <div class='ocr_carea' id='block_1_108' title="bbox 1016 2368 1796 2406">
    <p class='ocr_par' dir='ltr' id='par_1_108' title="bbox 1016 2368 1796 2406">
     <span class='ocr_line' id='line_1_108' title="bbox 1016 2368 1796 2406; baseline -0.003 -10"><span class='ocrx_word' id='word_1_799' title='bbox 1016 2371 1144 2406; x_wconf 82' lang='grc' dir='ltr'>μιουργὸς</span> <span class='ocrx_word' id='word_1_800' title='bbox 1163 2371 1265 2397; x_wconf 84' lang='grc' dir='ltr'>τούτων</span> <span class='ocrx_word' id='word_1_801' title='bbox 1285 2371 1353 2401; x_wconf 72' lang='grc' dir='ltr'>ἐστὶ,</span> <span class='ocrx_word' id='word_1_802' title='bbox 1367 2370 1414 2397; x_wconf 76' lang='grc' dir='ltr'>καὶ</span> <span class='ocrx_word' id='word_1_803' title='bbox 1433 2370 1521 2396; x_wconf 79' lang='grc' dir='ltr'>πάντα</span> <span class='ocrx_word' id='word_1_804' title='bbox 1533 2369 1642 2403; x_wconf 79' lang='grc' dir='ltr'>συνάγει</span> <span class='ocrx_word' id='word_1_805' title='bbox 1654 2369 1701 2395; x_wconf 70' lang='grc' dir='ltr'>καὶ</span> <span class='ocrx_word' id='word_1_806' title='bbox 1712 2368 1796 2404; x_wconf 83' lang='grc' dir='ltr'>ἀολλῆ</span> 
     </span>
    </p>
   </div>
   <div class='ocr_carea' id='block_1_109' title="bbox 1014 2413 1794 2451">
    <p class='ocr_par' dir='ltr' id='par_1_109' title="bbox 1014 2413 1794 2451">
     <span class='ocr_line' id='line_1_109' title="bbox 1014 2413 1794 2451; baseline -0.005 -8"><span class='ocrx_word' id='word_1_807' title='bbox 1014 2418 1094 2442; x_wconf 84' lang='grc' dir='ltr'>ποιεῖ.</span> <span class='ocrx_word' id='word_1_808' title='bbox 1108 2417 1169 2448; x_wconf 84' lang='grc' dir='ltr'><strong>Πῶς</strong></span> <span class='ocrx_word' id='word_1_809' title='bbox 1182 2417 1209 2443; x_wconf 85' lang='grc' dir='ltr'><strong>δὲ</strong></span> <span class='ocrx_word' id='word_1_810' title='bbox 1221 2416 1301 2451; x_wconf 87' lang='grc' dir='ltr'>ἀολλῆ</span> <span class='ocrx_word' id='word_1_811' title='bbox 1313 2416 1359 2442; x_wconf 70' lang='grc' dir='ltr'>καὶ</span> <span class='ocrx_word' id='word_1_812' title='bbox 1373 2415 1587 2451; x_wconf 84' lang='grc' dir='ltr'>συνηθροισμένα</span> <span class='ocrx_word' id='word_1_813' title='bbox 1601 2415 1672 2440; x_wconf 82' lang='grc' dir='ltr'>ποιεῖ</span> <span class='ocrx_word' id='word_1_814' title='bbox 1684 2414 1715 2440; x_wconf 78' lang='grc' dir='ltr'><strong>τὸ</strong></span> <span class='ocrx_word' id='word_1_815' title='bbox 1725 2413 1794 2448; x_wconf 82' lang='grc' dir='ltr'>φῶς,</span> 
     </span>
    </p>
   </div>
   <div class='ocr_carea' id='block_1_110' title="bbox 1014 2460 1795 2499">
    <p class='ocr_par' dir='ltr' id='par_1_110' title="bbox 1014 2460 1795 2499">
     <span class='ocr_line' id='line_1_110' title="bbox 1014 2460 1795 2499; baseline -0.005 -9"><span class='ocrx_word' id='word_1_816' title='bbox 1014 2463 1167 2499; x_wconf 81' lang='grc' dir='ltr'>συνίστησιν</span> <span class='ocrx_word' id='word_1_817' title='bbox 1190 2464 1222 2489; x_wconf 81' lang='grc' dir='ltr'>ἐκ</span> <span class='ocrx_word' id='word_1_818' title='bbox 1240 2463 1287 2489; x_wconf 83' lang='grc' dir='ltr'><strong>τοῦ</strong></span> <span class='ocrx_word' id='word_1_819' title='bbox 1306 2462 1425 2488; x_wconf 85' lang='grc' dir='ltr'>ἐναντίου</span> <span class='ocrx_word' id='word_1_820' title='bbox 1437 2470 1443 2476; x_wconf 91' lang='grc'><strong>·</strong></span> <span class='ocrx_word' id='word_1_821' title='bbox 1456 2461 1492 2493; x_wconf 84' lang='grc' dir='ltr'><strong>ὡς</strong></span> <span class='ocrx_word' id='word_1_822' title='bbox 1512 2460 1566 2496; x_wconf 82' lang='grc' dir='ltr'><strong>γὰρ</strong></span> <span class='ocrx_word' id='word_1_823' title='bbox 1581 2462 1597 2496; x_wconf 84' lang='grc' dir='ltr'>ἠ</span> <span class='ocrx_word' id='word_1_824' title='bbox 1618 2460 1714 2494; x_wconf 78' lang='grc' dir='ltr'>ἄγνοια</span> <span class='ocrx_word' id='word_1_825' title='bbox 1725 2460 1795 2486; x_wconf 85' lang='grc' dir='ltr'>διαι-</span> 
     </span>
    </p>
   </div>
   <div class='ocr_carea' id='block_1_111' title="bbox 1014 2505 1795 2545">
    <p class='ocr_par' dir='ltr' id='par_1_111' title="bbox 1014 2505 1795 2545">
     <span class='ocr_line' id='line_1_111' title="bbox 1014 2505 1795 2545; baseline -0.006 -9"><span class='ocrx_word' id='word_1_826' title='bbox 1014 2510 1106 2545; x_wconf 88' lang='grc' dir='ltr'>ρετική</span> <span class='ocrx_word' id='word_1_827' title='bbox 1120 2510 1178 2536; x_wconf 75' lang='grc' dir='ltr'>ἐστι</span> <span class='ocrx_word' id='word_1_828' title='bbox 1199 2509 1254 2535; x_wconf 83' lang='grc' dir='ltr'><strong>τῶν</strong></span> <span class='ocrx_word' id='word_1_829' title='bbox 1278 2507 1531 2542; x_wconf 76' lang='grc' dir='ltr'>πεπλανημένων;(ὀ</span> <span class='ocrx_word' id='word_1_830' title='bbox 1552 2506 1611 2542; x_wconf 77' lang='grc' dir='ltr'><strong>γὰρ</strong></span> <span class='ocrx_word' id='word_1_831' title='bbox 1625 2505 1728 2540; x_wconf 85' lang='grc' dir='ltr'>ἀγνοῶν</span> <span class='ocrx_word' id='word_1_832' title='bbox 1754 2506 1795 2538; x_wconf 82' lang='grc' dir='ltr'>εἰς</span> 
     </span>
    </p>
   </div>
   <div class='ocr_carea' id='block_1_112' title="bbox 1012 2550 1796 2590">
    <p class='ocr_par' dir='ltr' id='par_1_112' title="bbox 1012 2550 1796 2590">
     <span class='ocr_line' id='line_1_112' title="bbox 1012 2550 1796 2590; baseline -0.006 -9"><span class='ocrx_word' id='word_1_833' title='bbox 1012 2554 1097 2581; x_wconf 77' lang='grc' dir='ltr'>πολλὰ</span> <span class='ocrx_word' id='word_1_834' title='bbox 1111 2554 1270 2590; x_wconf 80' lang='grc' dir='ltr'>μερίζεται),</span> <span class='ocrx_word' id='word_1_835' title='bbox 1290 2553 1405 2588; x_wconf 82' lang='grc' dir='ltr'>οὒτωςὴ</span> <span class='ocrx_word' id='word_1_836' title='bbox 1425 2552 1558 2587; x_wconf 86' lang='grc' dir='ltr'>παρουσία</span> <span class='ocrx_word' id='word_1_837' title='bbox 1575 2551 1622 2578; x_wconf 79' lang='grc' dir='ltr'><strong>τοῦ</strong></span> <span class='ocrx_word' id='word_1_838' title='bbox 1641 2550 1727 2585; x_wconf 81' lang='grc' dir='ltr'>φωτὸς</span> <span class='ocrx_word' id='word_1_839' title='bbox 1748 2550 1796 2577; x_wconf 79' lang='grc' dir='ltr'>καὶ</span> 
     </span>
    </p>
   </div>
   <div class='ocr_carea' id='block_1_113' title="bbox 1008 2596 1795 2635">
    <p class='ocr_par' dir='ltr' id='par_1_113' title="bbox 1008 2596 1795 2635">
     <span class='ocr_line' id='line_1_113' title="bbox 1008 2596 1795 2635; baseline -0.005 -9"><span class='ocrx_word' id='word_1_840' title='bbox 1008 2601 1057 2635; x_wconf 73' lang='grc' dir='ltr'><strong>τῆς</strong></span> <span class='ocrx_word' id='word_1_841' title='bbox 1080 2600 1203 2634; x_wconf 76' lang='grc' dir='ltr'>γνώσεως</span> <span class='ocrx_word' id='word_1_842' title='bbox 1223 2598 1377 2633; x_wconf 71' lang='grc' dir='ltr'>συναγωγάς</span> <span class='ocrx_word' id='word_1_843' title='bbox 1391 2600 1448 2624; x_wconf 75' lang='grc' dir='ltr'>ἐστι</span> <span class='ocrx_word' id='word_1_844' title='bbox 1462 2598 1515 2623; x_wconf 84' lang='grc' dir='ltr'><strong>τῶν</strong></span> <span class='ocrx_word' id='word_1_845' title='bbox 1534 2597 1737 2632; x_wconf 75' lang='grc' dir='ltr'>φωτιζομένων·</span> <span class='ocrx_word' id='word_1_846' title='bbox 1754 2596 1795 2622; x_wconf 73' lang='grc' dir='ltr'>ἔτι</span> 
     </span>
    </p>
   </div>
   <div class='ocr_carea' id='block_1_114' title="bbox 1008 2642 1794 2680">
    <p class='ocr_par' dir='ltr' id='par_1_114' title="bbox 1008 2642 1794 2680">
     <span class='ocr_line' id='line_1_114' title="bbox 1008 2642 1794 2680; baseline -0.008 -7"><span class='ocrx_word' id='word_1_847' title='bbox 1008 2647 1037 2673; x_wconf 82' lang='grc' dir='ltr'><strong>δὲ</strong></span> <span class='ocrx_word' id='word_1_848' title='bbox 1051 2647 1097 2673; x_wconf 75' lang='grc' dir='ltr'>καὶ</span> <span class='ocrx_word' id='word_1_849' title='bbox 1121 2644 1330 2680; x_wconf 71' lang='grc' dir='ltr'>ἐπιστρεπτικὴ,</span> <span class='ocrx_word' id='word_1_850' title='bbox 1351 2643 1553 2678; x_wconf 77' lang='grc' dir='ltr'>ἐπιστρέφουσα</span> <span class='ocrx_word' id='word_1_851' title='bbox 1571 2642 1624 2669; x_wconf 73' lang='grc' dir='ltr'>ἀπὸ</span> <span class='ocrx_word' id='word_1_852' title='bbox 1646 2642 1694 2676; x_wconf 82' lang='grc' dir='ltr'><strong>τῆς</strong></span> <span class='ocrx_word' id='word_1_853' title='bbox 1712 2642 1794 2668; x_wconf 83' lang='grc' dir='ltr'>πολυ-</span> 
     </span>
    </p>
   </div>
   <div class='ocr_carea' id='block_1_115' title="bbox 1010 2688 1792 2727">
    <p class='ocr_par' dir='ltr' id='par_1_115' title="bbox 1010 2688 1792 2727">
     <span class='ocr_line' id='line_1_115' title="bbox 1010 2688 1792 2727; baseline -0.009 -7"><span class='ocrx_word' id='word_1_854' title='bbox 1010 2694 1084 2724; x_wconf 80' lang='grc' dir='ltr'>θεῒας</span> <span class='ocrx_word' id='word_1_855' title='bbox 1102 2693 1168 2727; x_wconf 82' lang='grc' dir='ltr'>πρὸς</span> <span class='ocrx_word' id='word_1_856' title='bbox 1181 2691 1213 2718; x_wconf 86' lang='grc' dir='ltr'><strong>τὸ</strong></span> <span class='ocrx_word' id='word_1_857' title='bbox 1225 2691 1308 2722; x_wconf 78' lang='grc' dir='ltr'>ὅντως</span> <span class='ocrx_word' id='word_1_858' title='bbox 1322 2690 1351 2717; x_wconf 73' lang='grc' dir='ltr'><strong>ὃν</strong></span> <span class='ocrx_word' id='word_1_859' title='bbox 1364 2689 1467 2725; x_wconf 80' lang='grc' dir='ltr'>(ὥσπερ</span> <span class='ocrx_word' id='word_1_860' title='bbox 1486 2689 1561 2724; x_wconf 81' lang='grc' dir='ltr'>ἡλίου</span> <span class='ocrx_word' id='word_1_861' title='bbox 1579 2688 1792 2723; x_wconf 75' lang='grc' dir='ltr'>ἐπιλάμψαντος,</span> 
     </span>
    </p>
   </div>
   <div class='ocr_carea' id='block_1_116' title="bbox 1010 2732 1792 2775">
    <p class='ocr_par' dir='ltr' id='par_1_116' title="bbox 1010 2732 1792 2775">
     <span class='ocr_line' id='line_1_116' title="bbox 1010 2732 1792 2775; baseline -0.006 -10"><span class='ocrx_word' id='word_1_862' title='bbox 1010 2738 1116 2775; x_wconf 79' lang='grc' dir='ltr'>πρῶτος</span> <span class='ocrx_word' id='word_1_863' title='bbox 1132 2739 1146 2764; x_wconf 80' lang='grc' dir='ltr'>ὁ</span> <span class='ocrx_word' id='word_1_864' title='bbox 1159 2737 1263 2772; x_wconf 83' lang='grc' dir='ltr'>βλέπων</span> <span class='ocrx_word' id='word_1_865' title='bbox 1275 2737 1314 2768; x_wconf 80' lang='grc' dir='ltr'><strong>είς</strong></span> <span class='ocrx_word' id='word_1_866' title='bbox 1333 2735 1413 2762; x_wconf 79' lang='grc' dir='ltr'>αὑτὸν</span> <span class='ocrx_word' id='word_1_867' title='bbox 1426 2734 1625 2770; x_wconf 74' lang='grc' dir='ltr'>ἐπιστρέφεται,</span> <span class='ocrx_word' id='word_1_868' title='bbox 1640 2734 1684 2761; x_wconf 68' lang='grc' dir='ltr'>καὶ</span> <span class='ocrx_word' id='word_1_869' title='bbox 1697 2732 1792 2760; x_wconf 79' lang='grc' dir='ltr'>τούτου</span> 
     </span>
    </p>
   </div>
  </div>
