1938 3065
114 126 167 155 76f

399 128 443 156 DE
460 130 589 158 DIVINIS
606 129 803 163 NOMINIBUS.
821 131 899 161 CAP.
919 133 962 160 IV.
979 149 1013 154 —-
1027 133 1201 163 PARAPIIR.
1221 134 1460 166 PACllYMERAC.

1695 143 1747 170 762

111 185 368 222 ἀντιλαμῦάνεται
382 187 429 213 καὶ
441 188 481 219 εις
496 187 560 222 μίαν
573 187 695 223 καθαρὰν
708 189 809 223 γνῶσιν
824 190 885 217 συνό

938 210 941 222 ι
955 198 987 218 ca
1009 199 1070 225 quae
1096 192 1301 226 illnminantur;
1319 194 1430 230 insuper
1445 203 1512 224 vero
1527 199 1611 225 etiam
1626 207 1746 228 conver-

111 239 211 266 γουσα,
232 232 282 268 τὴν
301 233 466 267 οεογνωσίαν
485 233 596 270 δηλαδὴ,
615 235 664 267 τὰς
685 235 808 267 ποικίλας
829 236 905 270 ὄψεις

109 279 162 311 τὰς
183 280 223 311 εἰς
241 279 326 306 πολλὰ
348 280 552 316 μεμερισμένας
571 281 701 317 δηλονότι.
722 280 799 313 Εἶτα,
813 283 902 318 ὲπεὶή

109 324 174 358 ὄψις
186 324 377 361 αὺθυπάρκτου
392 326 553 361 πράγματος
568 326 810 361 ἀντιλαμϐάνεται,
823 326 858 352 τὰ
874 326 903 352 δὲ

109 371 209 404 εἴδωλα
229 372 280 399 οὑκ
304 373 373 399 εἰσὶν
394 373 497 405 εἰκόνες
522 374 620 405 τινῶν,
651 373 718 400 ἀλλὰ
741 373 902 400 πλάττονται

109 417 166 452 (διὰ
175 418 254 444 τοῦτο
265 418 319 453 γὰρ
335 420 382 445 καὶ
401 419 499 446 εἴδωλα
515 419 741 455 ὠνομάσθησαν),
755 420 837 456 φησὶν
849 420 901 451 ὅτι,

108 464 276 500 κυριώτερον
287 465 315 491 δὲ
327 466 425 498 εἰπεῖν,
434 467 583 500 φαντασίας
591 466 672 493 οἱονεὶ
684 465 902 501 πλασματώδεις,

107 510 212 542 ἐννοίας
227 511 291 546 περὶ
308 510 343 537 τὰ
365 512 495 548 αἰσθητά·
511 512 590 539 εἴωθε
610 512 664 547 γὰρ
677 513 693 548 ἡ
706 512 840 546 φαντασία
855 513 901 539 καὶ

106 555 143 582 τὰ
157 557 194 592 μὴ
210 556 273 584 ὄντα
291 558 339 585 καὶ
356 554 394 585 ὧν
416 560 456 590 εἰς
475 559 576 593 γνῶσιν
596 559 612 594 ἢ
635 559 699 585 θέαν
718 559 769 585 οὐκ
780 559 898 594 ἤλθομεν

106 602 300 630 ἀναπλάττειν.

957 237 1031 264 tendi
1047 237 1101 264 vim
1128 238 1222 270 habet,
1236 237 1301 265 dum
1317 247 1332 266 a
1357 241 1441 268 multa
1459 242 1565 271 visione
1584 245 1617 271 ad
1634 244 1660 272 id
1673 247 1746 281 quod

957 289 1022 309 vere
1034 287 1076 309 est
1089 284 1227 310 convertit
1250 283 1490 320 (quemadmodum
1516 288 1624 318 lucente
1643 292 1700 319 sole
1722 292 1746 321 is

956 328 1001 361 qui
1027 328 1112 359 videt,
1135 329 1169 355 ad
1197 329 1286 363 ipsum
1317 330 1435 364 primum
1457 335 1638 368 convertitur,
1662 337 1744 373 392

954 373 1099 408 ipsumque
1113 375 1236 409 excipit).
1252 379 1279 402 et
1294 375 1326 402 ad
1344 384 1426 403 unam
1440 385 1535 412 puram
1549 382 1743 417 cognitionem,

955 419 1084 447 videlicet
1099 420 1132 446 ad
1155 421 1201 448 Dei
1218 421 1356 454 notitiam,
1384 423 1499 451 adducit
1522 426 1596 454 varia
1617 428 1661 455 illa
1676 429 1742 462 visa,

955 473 1016 500 quae
1038 467 1167 493 nimirum
1188 468 1222 495 ad
1245 468 1328 496 multa
1354 474 1418 497 sunt
1443 471 1586 500 distracta.
1609 474 1743 503 Caeterum

954 519 1015 539 cum
1034 512 1109 540 visus
1135 520 1191 540 rem
1217 521 1267 548 per
1283 521 1312 542 se
1339 516 1535 544 subsistentem
1551 520 1679 553 postulet,
1694 521 1744 557 fig—

952 562 1042 586 menta
1059 564 1150 586 autem
1173 567 1227 587 non
1251 560 1306 587 sint
1318 560 1453 597 imagines
1469 571 1560 591 rerum
1576 564 1742 601 aliquarum,

949 605 997 632 sed
1020 605 1157 640 fingantur
1179 605 1252 640 (nam
1272 607 1375 634 idcirco
1394 609 1522 643 figmenta
1542 611 1741 647 nominantur),

104 649 195 683 magis
208 650 317 685 proprie
332 651 491 685 phantasias
521 660 568 679 seu
599 654 808 688 imaginationes
822 652 915 679 vocari
934 660 1017 687 posse
1054 653 1132 686 dicit,
1171 659 1268 689 utpote
1293 654 1433 684 fabulosus
1457 658 1640 693 cogitationes
1667 660 1740 688 circa

103 694 232 728 sensilia;
248 696 316 723 solet
334 697 406 724 enim
430 698 589 732 imaginatio
604 699 685 726 etiam
707 707 739 726 ea
761 707 821 734 quae
837 707 889 725 non
906 704 982 733 sunt,
995 703 1023 726 et
1042 698 1071 726 in
1092 706 1208 734 quorum
1228 701 1414 736 cognitionem
1444 703 1486 731 vel
1515 711 1655 740 aspectum
1687 713 1741 734 non

104 741 241 774 venimus,
255 741 393 777 efﬁngere.

140 788 153 824 ἐ
168 787 222 815 VII.
237 788 323 816 Τοῦτο
340 790 372 817 τὸ
389 790 490 825 ἀγαθὸν
502 792 626 827 ὑμνεῖται
640 793 687 820 καὶ
700 793 738 825 ὡς
753 793 834 820 καλὸν
848 791 896 818 καὶ⁴

985 786 1070 823 ςνιι.
1085 787 1144 816 lloc
1158 789 1221 817 item
1242 790 1343 818 bonum
1370 791 1497 821 laudatur
1516 795 1600 823 etiam
1627 803 1656 824 ut
1676 799 1739 833 pul-

100 832 141 864 ὡς
160 833 268 865 κάλλος,
283 834 331 861 καὶ
351 835 389 867 ὡς
407 836 513 873 ἀγάπη.
535 838 582 864 καὶ
595 837 637 871 ,ὡς
654 838 806 874 ἀγαπητόν.
818 836 884 864 Εἶτα

949 834 1059 866 chrum,
1071 840 1099 862 et
1123 840 1153 863 ut
1175 836 1361 872 pulchritudo,
1382 845 1409 866 et
1427 844 1455 866 ut
1472 840 1592 874 dilectio,
1605 849 1632 870 et
1647 832 1735 873 utili-

100 879 164 905 ἐπεὶ
179 879 260 906 καλὸν
279 881 328 915 μὲν
343 880 400 908 ἔστι
413 882 444 908 τὺ
457 882 503 909 τοῦ
519 883 634 916 κάλλους
658 883 782 920 μετέχον,
797 884 894 916 κάλλος

99 924 130 950 δὲ
148 925 214 951 αὐτὸ
232 925 264 951 τὸ
282 927 473 962 μετεχόμενον,
495 929 542 955 καὶ
565 929 707 965 ἀγαπητὸν
728 930 778 965 μὲν
792 929 824 956 τὸ
845 930 894 966 τῆς

98 969 212 1005 ἀγάπης
226 971 348 1006 μετέχον,
363 972 457 1009 ἀγάπη
471 973 498 1000 δὲ
513 974 578 1000 αὐτὸ
597 974 628 1001 τὸ
643 975 834 1010 μετεχόμενον,
846 975 894 1002 καὶ

98 1016 144 1050 ιφ’
158 1018 222 1052 ἡμῖν
242 1017 313 1044 κατὰ
328 1018 460 1055 διαίρεσιν
479 1019 565 1047 ταῦτα
579 1020 728 1055 φαίνονται,
742 1022 783 1048 ὅτι
795 1021 829 1048 τὰ
844 1022 894 1057 μέν

97 1063 170 1089 εἰσιν
183 1063 263 1096 ἔξεις,
276 1064 310 1091 τὰ
330 1065 358 1091 δὲ
369 1065 446 1097 ἑκτὰ,
459 1067 551 1102 φησὶν,
565 1067 607 1093 ὅτι
620 1068 668 1103 οὐχ
681 1067 767 1099 οὕτως
779 1067 833 1103 ἕχει
846 1067 894 1094 καὶ

98 1109 147 1136 ἐπὶ
166 1109 216 1145 τῆς
236 1112 266 1137 ὲν
286 1111 326 1138 ἐνὶ
346 1111 380 1138 τὰ
397 1113 446 1139 ὅλα
467 1114 657 1148 συνειληφυίας
670 1114 768 1146 αἰτίας.
795 1115 839 1141 Ἐν
853 1115 893 1142 ἑνὶ

97 1155 154 1190 γὰρ
167 1156 263 1192 καὶτῷ
276 1157 350 1192 αὺτῷ
367 1159 414 1185 καὶ
428 1159 477 1191 τὰς
498 1159 570 1192 ἕξεις
582 1160 630 1186 καὶ
643 1160 677 1186 τὰ
690 1160 757 1187 ἑκτὰ
773 1160 893 1196 συλλαμ-

97 1198 217 1227 ϐάνουσα
228 1200 289 1228 οὕτε
300 1203 338 1235 ὡς
351 1204 440 1236 ἑκτὸν,
454 1204 517 1231 οὔτε
529 1205 567 1236 ὡς
577 1204 643 1238 ἕξις,
653 1205 710 1231 ἀλλ’
721 1205 791 1240 ὑπὲρ
805 1205 892 1232 ταῦτα

95 1243 175 1277 οὖσα,
188 1246 262 1273 αἰτία
284 1250 341 1280 τοῖς
354 1249 445 1282 ἄλλοις
464 1250 520 1277 τῶν
539 1251 668 1278 τοιούτων
686 1252 797 1286 ἀγαθῶν
815 1252 890 1286 γίνε-

95 1300 152 1318 ται.
170 1293 250 1320 Ὅθεν
270 1295 317 1321 καὶ
339 1295 437 1328 κάλλος
460 1297 508 1332 μὲν
523 1295 633 1332 λέγεται
646 1297 691 1324 διὰ
703 1297 752 1334 τὴν
765 1298 795 1330 ἐξ
807 1297 890 1325 αὐτοῦ

94 1336 281 1375 διαδιδομένην
300 1342 367 1367 πᾶσι
390 1342 531 1378 καλλονὴν,
555 1344 602 1369 καὶ
622 1343 667 1370 διὰ
680 1344 710 1370 τὺ
723 1342 792 1370 εἶναι
804 1344 890 1377 αἴτιος

95 1385 188 1420 πάσης
208 1386 390 1422 εὐαρμοστίας
413 1389 460 1415 καὶ
480 1389 611 1423 ἀγλαΐας·
627 1389 735 1424 (κάλλος
756 1390 810 1426 γάρ
831 1392 889 1417 ἐστι

94 1432 253 1467 συμμετρία
274 1432 362 1468 μελῶν
384 1434 431 1460 καὶ
451 1435 543 1470 μερῶν
565 1434 633 1470 μετὰ
651 1436 700 1470 τῆς
720 1435 889 1471 ἐπανθούσης

92 1477 220 1512 εὐχροιας
262 1478 278 1512 ἢ
293 1479 338 1505 καὶ
350 1479 393 1506 διὰ
406 1480 437 1506 τὸ
450 1481 539 1507 πάντα
552 1482 619 1517 πρὸς
633 1481 713 1508 ἑαυτὸ
726 1481 829 1513 καλεῖν,
843 1482 889 1508 καὶ

90 1522 131 1554 ὡς
141 1524 184 1550 ἀεὶ
195 1524 224 1550 ὂν
238 1525 284 1551 καὶ
300 1526 367 1560 μηδέ
382 1535 446 1553 ποτε
462 1527 620 1564 μειούμενον
633 1528 649 1563 ἢ
661 1526 741 1561 αὔξον
750 1537 757 1543 ·
769 1528 819 1561 τὰς
834 1529 887 1565 γὰρ

91 1570 248 1605 ὑπερϐολὰς
261 1572 309 1598 καὶ
316 1572 447 1607 ἐλλείψεις
461 1575 562 1606 κακὶας
575 1574 688 1610 οἴδαμεν
701 1575 803 1609 λέγειν.
819 1576 886 1602 Οὐδὲ

91 1616 164 1643 κατά
177 1625 203 1643 τι
219 1618 264 1644 καὶ
277 1617 329 1644 ἀνὰ
349 1619 430 1654 μέρος
451 1620 543 1652 καλὸν,
556 1620 617 1647 οὐδὲ
631 1621 701 1648 κατά
714 1630 775 1648 τινα
792 1623 886 1658 χρόνον

89 1661 185 1693 καλὸν,
210 1664 280 1691 κατά
302 1673 362 1690 τινα
387 1665 416 1691 δὲ
440 1665 488 1691 οὕ·
503 1666 564 1693 οὐδὲ
591 1667 659 1702 πρός
679 1676 705 1694 τι
720 1668 810 1700 καλὸν,
824 1668 885 1695 οὐδέ

90 1716 154 1739 που,
167 1707 228 1734 οὐδέ
240 1717 310 1734 τισιν
321 1717 326 1723 ·
343 1708 371 1744 (ἆ
384 1709 415 1745 δὴ
436 1711 523 1737 πάντα
544 1711 575 1738 τὸ
587 1712 684 1744 κάλλος
699 1714 885 1749 περιπέφευγε

89 1753 210 1786 πάντως,
230 1754 277 1780 τοῦ
303 1755 364 1782 καθ’
377 1756 450 1791 ἡμᾶς
462 1757 545 1783 καλοῦ
560 1757 742 1793 ὑποκειμένου
754 1759 784 1791 ἐξ
800 1760 885 1794 ἀνάγ-

89 1809 143 1836 κης
161 1801 218 1831 τοῖς
242 1799 373 1832 τοιούτοις
395 1801 645 1838 προσδιορισμοῖς
667 1803 724 1830 ἀλλ’
736 1805 810 1836 om
823 1806 883 1832 καθ’

88 1846 171 1872 ἑαυτὸ
186 1846 319 1881 μονοειδὲς
332 1847 375 1873 ἀεὶ
387 1846 416 1874 ὃν
437 1847 528 1880 καλὸν,
553 1849 614 1875 ἐπεὶ
629 1848 690 1875 οὔτε
706 1850 883 1878 σκεδάννυται

87 1893 130 1924 είς
143 1891 215 1924 ἕξεις
227 1901 257 1918 τε
276 1893 323 1919 καὶ
341 1893 472 1929 διαφορὰς
486 1894 672 1927 καλλοποιούς.
687 1897 723 1922 Τὸ
737 1897 797 1924 καθ’
809 1899 882 1933 ἡμᾶς

87 1937 144 1973 γὰρ
165 1938 262 1970 κάλλος
282 1939 469 1971 σκεδάννυται,
481 1940 546 1967 ἄλλο
564 1940 619 1978 γὰρ
631 1942 729 1974 κάλλος
741 1943 881 1979 ὀφθαλμοῦ

86 1984 179 2019 τυχὸν,
201 1985 248 2012 καὶ
273 1985 337 2012 ἄλλο
362 1986 459 2018 κάλλος
483 1986 567 2022 ρινὺς,
581 1988 628 2014 καὶ
647 1988 711 2015 ἄλλο
734 1989 881 2025 προσώπου

87 2030 199 2062 παντὸς,
214 2031 261 2057 καὶ
273 2031 337 2058 ἄλλο
351 2031 458 2068 χειρῶν.
474 2032 542 2059 Οὔτε
555 2033 623 2069 πρὸς
642 2035 729 2067 ἐνίους
747 2035 778 2062 τὸ
799 2035 880 2063 καλόν

84 2076 156 2108 ἐστι,
170 2077 238 2111 πρὸς
256 2077 343 2109 ἐνίους
363 2078 393 2104 δὲ
414 2079 457 2110 03,
470 2078 537 2105 ἀλλὰ
550 2080 687 2116 πανταχοῦ
700 2082 806 2115 πέφυκε
818 2083 880 2116 φαί-

85 2120 179 2148 νεσθαι
190 2122 237 2148 καὶ
247 2123 276 2149 ὲν
287 2123 380 2155 πᾶσιν,
394 2124 463 2160 ὅπερ
476 2125 526 2151 οὐκ
539 2124 596 2161 ἔχει
607 2126 638 2152 τὸ
652 2127 712 2153 καθ’
727 2128 801 2162 ἡμᾶς
814 2127 879 2154 κάλ-

84 2167 146 2199 λος·
168 2169 193 2194 εί
210 2168 265 2204 γὰρ
282 2170 339 2201 τοῖς
359 2170 426 2197 πᾶσι
447 2170 569 2206 πέφυκεν
583 2170 663 2205 εἶναι⁷
678 2173 718 2199 ὅτι
731 2173 777 2200 καὶ
789 2174 878 2201 πάντα

83 2213 155 2241 καλὰ
170 2214 241 2248 λίαν,
264 2216 321 2243 ἀλλ’
341 2216 370 2243 οὺ
395 2217 548 2252 μονοειδῶς.
566 2218 646 2245 Ἀλλο
665 2218 720 2255 γὰρ
732 2219 832 2252 κάλλος
845 2221 876 2256 ἡ·

82 2259 152 2292 λίου,
168 2261 215 2287 καὶ
236 2261 301 2288 ἄλλο
324 2263 422 2295 κάλλος
435 2263 496 2299 γῆς,
510 2264 556 2291 καὶ
568 2265 633 2292 ἄλλο
647 2265 752 2298 ὓδατος,
765 2265 877 2293 ποικίλα

81 2305 144 2332 τινὰ
158 2306 254 2343 κάλλη,
270 2309 317 2334 καὶ
336 2309 386 2336 οὐκ
402 2310 444 2341 εἰς
459 2309 489 2336 ἓν
508 2311 694 2346 συναγόμενα·
707 2312 737 2339 τὸ
750 2312 779 2339 δὲ
790 2312 875 2345 ὅντως

81 2352 190 2384 κάλλος,
209 2354 342 2388 μονοειδὲς
353 2354 393 2388 ὃν,
407 2355 575 2383 ποικίλλεται
598 2358 667 2393 πρὸς
685 2358 720 2385 τὰ
732 2358 876 2394 ὑποκείμε-

80 2406 125 2428 να,
141 2398 188 2424 καὶ
201 2398 245 2424 διὰ
257 2399 336 2425 τοῦτο
350 2401 476 2437 προέχειν
489 2403 518 2429 ὲν
531 2403 619 2438 ἑαυτῷ
632 2403 796 2438 λέγεταικαὶ
810 2405 875 2432 καλ-

80 2444 171 2480 λονὴν,
181 2444 218 2475 ὡς
230 2445 277 2471 καὶ
289 2446 356 2481 πρὸς
363 2446 417 2473 τῶν
424 2447 455 2484 δη
460 2457 576 2485 μιουργη
580 2450 673 2485 μάτων
682 2451 722 2484 ὃν,
732 2452 780 2478 καὶ
787 2452 873 2488 ὑπερ-

79 2491 182 2527 οχικῶς
195 2490 267 2526 ἔχειν
288 2491 318 2518 τὸ
338 2492 428 2525 καλὸν,
450 2495 487 2526 ὡς
507 2496 581 2532 πηγὴ
595 2497 641 2523 καὶ
654 2498 725 2533 ἀρχὴ
743 2498 798 2525 τῶν
825 2508 874 2525 κα-

79 2538 134 2564 λῶν
159 2537 298 2564 ἁπάντων.
316 2539 376 2565 Κᾶν
389 2540 443 2575 γὰρ
456 2541 540 2568 πολλὰ
560 2543 641 2574 καλὰ,
662 2543 720 2570 ἀλλ’
740 2544 769 2576 ἐξ
790 2545 872 2572 αὑτοῦ

78 2585 132 2610 εἱσι
146 2583 217 2610 καλά
227 2592 233 2599 ·
248 2585 316 2620 αὐτῇ
338 2584 393 2621 γὰρ
405 2587 438 2621 τῇ
452 2586 586 2622 ὑπερφυεῖ
605 2588 719 2624 καλλονῇ
735 2590 781 2616 καὶ
796 2590 872 2616 ἀναι-

78 2631 129 2665 τίῳ
143 2631 218 2657 πᾶσα
241 2630 358 2666 καλλονὴ
369 2631 418 2658 καὶ
431 2632 484 2658 πᾶν
504 2632 586 2659 καλὸν
608 2634 740 2666 αἰτιατῶς
753 2635 872 2671 προϋφέ-

79 2685 188 2712 στηκεν.
214 2677 342 2709 Ἑνοειδὲς
354 2677 382 2703 δὲ
397 2678 478 2704 καλὸν
489 2679 503 2705 ὁ
516 2679 593 2711 Θεὸς,
607 2680 668 2706 ἐπεὶ
687 2681 717 2707 οὐ
740 2681 810 2707 κατὰ
824 2690 872 2716 με-

77 2723 159 2758 τοχὴν
177 2723 225 2750 τοῦ
245 2723 371 2757 κάλλους,
385 2724 466 2756 καλός
487 2726 572 2757 ἐστιν,
596 2725 634 2757 ὡς
657 2726 870 2762 διαιρεῖσθαιεῑς

77 2769 258 2804 ὑποκείμενόν
271 2779 297 2796 τι
311 2771 358 2797 καὶ
371 2771 511 2807 ποιότητα,
525 2770 583 2797 ἀλλ’
595 2771 677 2804 αὐτός
687 2773 746 2799 ἐστι
758 2773 805 2800 καὶ
821 2782 871 2800 κα-

77 2815 122 2841 λὸν
142 2816 189 2842 καὶ
208 2816 314 2850 κάλλος,
338 2818 384 2844 καὶ
404 2817 475 2854 ὑπὲρ
492 2818 592 2845 ταῦτα·
611 2819 645 2846 τὰ
659 2819 687 2846 δὲ
707 2820 760 2847 ἀπὸ
773 2821 869 2848 τούτου

78 2861 147 2888 κατὰ
166 2863 281 2899 μετοχὴν
297 2865 365 2891 καλὰ
384 2866 413 2892 ἐν
426 2866 548 2901 ποιότητι
566 2866 596 2893 τὸ
609 2866 690 2896 καλὸν
711 2868 867 2905 κέκτηνται.

907 1408 916 1473 ί

900 1549 922 1580 C

891 2232 913 2260 D

947 879 1059 909 lectum.
1072 880 1207 909 Cieterum
1221 890 1282 910 cum
1298 885 1440 918 pulchrum
1453 887 1561 920 quidem
1577 889 1612 916 sit
1625 890 1651 916 id
1665 891 1738 925 quod

945 928 1086 962 particeps
1102 931 1146 955 est
1163 928 1388 963 pulchritudinis,
1404 932 1580 966 pulchritudo
1603 940 1695 963 autem
1710 937 1738 965 id

944 972 1035 1007 ipsum
1052 974 1126 1008 quod
1139 976 1334 1010 participatur;
1347 981 1374 1004 et
1389 978 1518 1006 dilectum
1532 980 1643 1014 quidem
1658 981 1695 1010 sit
1709 982 1738 1013 id

945 1018 1018 1052 quod
1032 1020 1172 1055 particeps
1195 1026 1237 1049 est
1256 1023 1422 1056 dilectionis,
1438 1024 1550 1053 dilectio
1565 1034 1631 1054 vero
1648 1028 1673 1055 id
1695 1028 1737 1064 ip-

944 1072 1003 1092 sum
1021 1066 1094 1100 quod
1113 1068 1340 1100 coummuicatnr,
1359 1075 1386 1097 et
1405 1070 1432 1097 in
1450 1071 1529 1098 nobis
1550 1072 1608 1100 haec
1633 1080 1735 1101 secun-

944 1110 1008 1138 dum
1032 1112 1238 1141 distinctionem
1265 1122 1409 1149 apparent.
1436 1117 1567 1150 quoniam
1591 1118 1649 1146 haec
1672 1123 1736 1147 sunt

944 1159 1064 1193 habitus,
1090 1160 1135 1187 illa
1162 1169 1226 1188 vero
1250 1161 1403 1194 habituata,
1427 1163 1503 1197 dicit,
1530 1165 1660 1198 quoniam
1680 1175 1734 1194 non

942 1205 1038 1232 eodem
1059 1205 1140 1233 modo
1161 1214 1191 1234 se
1214 1207 1326 1240 habent,
1354 1209 1436 1235 etiam
1458 1209 1486 1236 in
1509 1217 1605 1244 causa,
1628 1220 1688 1246 qum
1705 1213 1734 1241 in

943 1258 996 1278 uno
1013 1252 1207 1286 complectitur
1229 1254 1369 1281 universa.
1389 1254 1456 1282 Nam
1479 1255 1507 1283 in
1529 1264 1582 1283 uno
1598 1259 1733 1286 eteodem

941 1301 968 1323 et
986 1297 1097 1325 habitus
1111 1303 1138 1325 et
1151 1307 1211 1334 qua:
1234 1300 1373 1328 habituata
1387 1307 1451 1329 sunt
1464 1303 1667 1338 complectitur.
1682 1313 1731 1333 ne—

941 1349 994 1377 que
1013 1347 1042 1370 ut
1064 1343 1233 1371 habitantum
1254 1346 1330 1379 quid,
1353 1354 1404 1374 nec
1439 1352 1468 1374 ut.
1489 1348 1610 1382 habitus,
1632 1350 1681 1378 sed
1703 1355 1734 1379 ut

940 1394 1021 1421 supra
1038 1388 1096 1416 haec
1110 1389 1244 1423 existens,
1260 1391 1321 1418 aliis
1334 1392 1416 1418 etiam
1435 1400 1519 1420 causa
1533 1399 1576 1421 est
1595 1395 1733 1423 istiusmo-

940 1434 966 1460 di
989 1434 1134 1461 bonorum.
1152 1434 1231 1463 Unde
1247 1437 1329 1464 etiam
1354 1439 1529 1472 pulchritudo
1548 1442 1658 1474 dicitur,
1672 1450 1732 1477 pro-

939 1484 1001 1514 pter
1016 1488 1076 1507 eatn
1092 1481 1326 1515 pulchritudinem
1340 1492 1422 1519 quam
1439 1486 1566 1513 omnibus
1583 1488 1729 1522 elargitur,
1762 1485 1767 1558 ἶ

939 1529 966 1551 et
979 1525 1052 1558 quod
1067 1531 1164 1553 auctor
1183 1528 1219 1554 sit
1239 1528 1329 1556 omnis
1342 1530 1540 1558 concinnitatis
1555 1540 1587 1558 ac
1602 1498 1755 1558 sulendo-d

940 1498 996 1514 In».
1016 1498 1076 1507 νιιιιι
1092 1498 1326 1515 ymmuuuuulctu
1340 1498 1422 1519 quin"
1439 1498 1566 1513 utmuuus
1583 1498 1729 1522 Cllll'gllul',

938 1529 966 1551 et
979 1525 1052 1559 quod
1067 1531 1164 1553 auctor
1183 1528 1219 1554 sit
1239 1528 1329 1556 omnis
1342 1530 1540 1558 concinnitatis
1555 1540 1587 1559 ac
1602 1533 1730 1567 splendo-
1813 1556 1842 1578 λ,

938 1570 978 1597 ris
1000 1570 1187 1605 (pulchritudo
1211 1573 1284 1599 enim
1312 1579 1354 1601 est
1378 1575 1521 1609 proportio
1543 1577 1728 1604 membrorum
1742 1578 1761 1608 λ
1812 1574 1834 1608 η’

938 1570 978 1597 ris
1000 1570 1187 1605 (pulchritudo
1211 1573 1284 1599 enim
1312 1579 1354 1601 est
1378 1575 1521 1609 proportio
1543 1570 1763 1609 membrorum
1859 1581 1870 1587 ‘

937 1624 969 1643 ac
982 1616 1100 1651 partium
1114 1625 1176 1644 cum
1192 1618 1283 1646 colore
1297 1619 1419 1656 florido),
1429 1621 1471 1648 vel
1484 1622 1566 1648 etiam
1581 1624 1652 1658 quod
1669 1631 1729 1651 om-
1740 1614 1759 1663 ζ’(
1832 1620 1838 1625 ’
1855 1631 1859 1642 ι

936 1663 980 1690 nia
1002 1662 1037 1692 ad
1058 1671 1087 1690 se
1108 1670 1198 1697 vocet,
1218 1669 1246 1692 et
1263 1667 1335 1700 quod
1358 1674 1466 1702 semper
1486 1668 1522 1695 sit
1539 1672 1566 1695 et
1580 1677 1722 1703 nunquam
1740 1666 1755 1711 Ῑι

936 1711 1075 1739 minuatur
1096 1712 1138 1738 vel
1161 1717 1314 1745 augeatur;
1335 1719 1397 1740 nam
1418 1721 1548 1741 excessus
1561 1719 1588 1742 et
1605 1715 1745 1743 defectus"

936 1758 1057 1786 malitias
1092 1759 1146 1786 dici
1178 1765 1232 1785 non
1259 1758 1426 1793 ignoramus.
1453 1759 1546 1794 Neque
1574 1762 1725 1789 secundum

934 1801 998 1836 quid
1012 1807 1039 1829 et
1054 1809 1085 1828 ex
1101 1807 1180 1836 parte
1211 1803 1366 1836 pulchrum,
1389 1811 1477 1838 neque
1498 1805 1644 1840 aliquando
1663 1807 1725 1841 pul-

933 1848 1041 1881 chrum,
1054 1849 1203 1882 aliquando
1216 1857 1283 1881 non,
1299 1857 1388 1884 neque
1402 1852 1434 1877 ad
1449 1851 1554 1886 aliquid
1567 1853 1725 1888 pulchrum,

933 1899 979 1920 aut
990 1894 1066 1927 alibi,
1081 1899 1129 1921 attt
1143 1895 1306 1929 quibusdam
1322 1897 1393 1930 (qua:
1407 1898 1500 1932 utique
1514 1899 1607 1926 omnia
1623 1901 1657 1927 ab
1670 1901 1725 1928 ista

932 1940 1141 1974 pulchritudine
1159 1942 1273 1968 omnino
1297 1942 1383 1969 aliena
1399 1948 1472 1975 sunt,
1487 1945 1533 1971 ubi
1557 1950 1648 1972 nostra
1663 1947 1725 1981 pul-

931 1985 1060 2013 chritudo
1083 1993 1116 2012 ex
1141 1987 1307 2014 necessitate
1332 1987 1488 2016 istiusmodi
1519 1991 1724 2019 definitionibus

931 2031 1053 2066 subjecta
1072 2032 1118 2066 sit)
1137 2033 1185 2059 sed
1206 2038 1234 2060 ut
1255 2033 1342 2067 ipsum
1360 2035 1511 2062 secundum
1535 2044 1566 2063 se
1587 2038 1724 2067 uniforme

930 2085 1040 2113 semper
1055 2078 1177 2106 existens
1196 2079 1351 2114 pulchrum,
1368 2082 1496 2115 quoniam
1513 2090 1602 2117 neque
1622 2085 1723 2112 dividi-

932 2128 976 2150 tur
997 2124 1023 2151 in
1045 2124 1156 2151 habitus
1177 2132 1209 2151 ac
1228 2126 1404 2160 pulchrilicas
1427 2127 1607 2157 differentias.
1621 2129 1721 2159 Nostra

929 2171 1003 2197 enim
1018 2171 1196 2205 pulchritudo
1208 2174 1403 2208 distinguitur;
1415 2183 1476 2202 nam
1491 2176 1554 2208 alia,
1568 2178 1643 2205 verbi
1657 2186 1721 2213 gra-

931 2217 980 2249 tia,
993 2222 1036 2244 est
1050 2217 1225 2252 pulchritudo
1238 2219 1322 2252 oculi,
1338 2224 1365 2246 et
1384 2220 1437 2247 alia
1462 2221 1636 2255 pulchritudo
1651 2224 1721 2255 nasi,

928 2267 955 2290 ct
976 2262 1028 2290 alia
1048 2264 1131 2291 totius
1150 2263 1242 2297 faciei,
1261 2270 1290 2292 et
1304 2266 1356 2293 alia
1384 2274 1526 2294 tnauuutn.
1549 2267 1606 2296 Nec
1620 2270 1723 2297 utaliis

928 2308 1092 2344 formosum,
1107 2310 1168 2338 aliis
1182 2318 1244 2339 vero
1266 2319 1332 2346 non,
1348 2313 1395 2340 sed
1413 2313 1513 2348 ubique
1530 2321 1644 2349 apparet
1657 2317 1720 2351 pul-

927 2355 1033 2389 chrum.
1053 2358 1127 2384 etin
1152 2358 1292 2391 omnibus,
1317 2360 1390 2394 quod
1421 2369 1475 2389 non
1506 2363 1591 2390 habet
1622 2369 1720 2392 nostra

927 2402 1120 2438 pulchritudo;
1133 2405 1184 2432 etsi
1196 2407 1269 2433 enim
1287 2406 1314 2434 in
1331 2407 1459 2435 omnibus
1475 2416 1536 2436 esse
1549 2414 1632 2443 amet,
1649 2419 1719 2446 quo-

925 2449 999 2475 niam
1024 2449 1109 2476 etiam
1134 2452 1225 2479 omnia
1248 2452 1330 2488 393
1352 2454 1465 2489 pulchra
1490 2455 1581 2489 valde,
1598 2458 1646 2484 sed
1662 2465 1716 2485 non

925 2495 1112 2523 unitormiler.
1133 2496 1194 2524 Alia
1219 2504 1262 2525 est
1289 2500 1362 2526 enim
1387 2501 1567 2535 pulchritudo
1589 2503 1669 2537 solis,
1690 2508 1720 2531 et

924 2539 977 2566 alia
1000 2541 1175 2574 pulchritudo
1194 2547 1285 2577 terrae,
1309 2550 1336 2572 et
1366 2546 1419 2573 alia
1442 2554 1531 2582 aquae,
1557 2556 1617 2582 quae
1634 2550 1717 2578 varia:

923 2590 988 2613 sunt
1008 2588 1239 2622 pulchritudines,
1262 2598 1312 2618 nec
1336 2593 1370 2619 ad
1396 2601 1479 2620 unum
1501 2596 1666 2623 conducunt.
1687 2596 1715 2624 Id

923 2634 995 2665 quod
1014 2639 1105 2660 autem
1122 2642 1186 2663 vere
1200 2636 1375 2671 pulchritudo
1390 2640 1533 2668 uniformis
1552 2642 1670 2673 exsistit.
1687 2643 1716 2669 in

924 2679 1057 2713 subjectis
1078 2682 1247 2718 variegatur,
1265 2684 1368 2713 idcirco
1389 2687 1415 2714 in
1434 2695 1465 2715 se
1480 2688 1714 2723 pulchritudinem

922 2727 1082 2761 prahaberc
1111 2731 1225 2766 dicitur,
1248 2733 1348 2768 quippe
1377 2735 1450 2769 quod
1476 2741 1540 2764 ante
1568 2742 1717 2765 creaturas

921 2775 1035 2809 existat,
1049 2782 1078 2804 et
1093 2779 1227 2814 quidquid
1244 2780 1388 2814 pulchrum
1408 2788 1450 2809 est
1472 2784 1571 2811 haheat
1585 2785 1711 2811 eminen-

921 2826 975 2856 ter,
1003 2828 1134 2860 tanquam
1151 2826 1214 2855 fons
1232 2833 1260 2855 et
1274 2830 1438 2864 principium
1455 2832 1630 2865 pulchrorum
1655 2841 1713 2859 out~

898 2889 900 2891 »
921 2869 1008 2898 nium.
1024 2870 1080 2900 Etsi
1096 2871 1168 2900 enim
1190 2874 1272 2902 multa
1289 2874 1402 2910 pulchra
1416 2876 1479 2910 sint,
1500 2882 1588 2903 tamen
1605 2884 1638 2904 ex
1653 2876 1713 2912 ipso
