1938 3065
303 115 354 142 763

893 110 922 138 S.
942 109 1091 138 DIONYSll
1108 109 1342 137 AREOPAGITE

1884 107 1927 134 766

302 171 412 202 pulchra
437 174 515 202 sunt;
543 168 569 196 in
591 168 648 203 ipsa
663 167 736 196 enim
762 168 964 203 supernaturali
978 173 1006 195 et
1033 175 1082 202 qua

1143 167 1193 194 Διὰ
1220 167 1300 194 τοῦτο
1320 168 1352 194 τὸ
1376 167 1459 194 καλὸν
1484 167 1513 194 αἱ
1541 166 1596 193 τῶν
1625 165 1769 202 στοιχείων
1793 164 1927 199 γεγόνασιν

301 223 385 243 causa
403 220 480 243 caret
499 214 714 250 pulchritudine,
729 213 820 241 omnis
843 213 1019 248 pulchritudo
1034 221 1092 240 om-

302 268 391 296 neque
419 260 563 296 pulchrum
591 261 741 287 secundum
777 267 887 287 causam
919 259 1089 294 prmexstitit.

299 305 446 334 Pulchrum
461 311 552 333 autem
571 305 709 333 uniforme
724 305 795 332 Deus
808 310 870 338 est;
891 306 1022 340 quoniam
1037 313 1089 333 non

298 359 348 387 per
362 352 599 387 participationem
615 351 826 386 pulchritudinis
838 351 952 385 pulcher
969 351 1088 384 exsistit,

299 403 330 426 ut
349 398 377 425 in
399 398 553 432 subjectum
578 397 691 432 aliquod
708 402 736 424 et
753 397 915 432 qualitatem
940 396 1088 428 dividatur,

298 444 347 471 sed
361 445 477 479 ipsemet
490 449 517 471 et
531 443 674 479 pulchrum
695 448 736 471 est
759 448 786 470 et
799 443 985 478 pulchritudo,
1003 443 1090 478 iisque

299 490 443 524 superior;
465 498 527 524 quae
548 494 640 517 autem
664 489 697 516 ab
712 490 763 516 hoc
783 497 831 523 per
852 489 1088 524 participationem

299 535 412 570 pulchra
427 535 574 567 exsistunt,
592 534 764 574 inqualitate
778 534 869 568 aliqua
892 541 968 561 suam
988 533 1089 561 habent

301 580 546 616 pulchritudinem.
560 581 646 616 Hujus
660 580 766 616 pulchri
780 588 875 613 causa,
889 581 1087 608 elementorum

299 629 497 662 connexiones,
519 636 587 664 quas
608 629 794 664 coaptatiunes
814 633 924 661 vocant,
943 628 1021 662 ﬁunt,
1044 637 1088 657 re-

299 680 414 708 rumque
429 674 499 701 bene
514 674 647 702 ordinatze
661 674 849 708 colligationes
859 675 1088 710 perdurant,qn.n

298 717 426 746 dicuntur
440 720 569 747 amicitiae
582 726 610 747 et
624 721 847 752 communiones;
861 721 967 748 ratione
978 721 1086 755 quidem

299 765 474 799 prwditorum
488 767 522 793 ad
537 766 623 793 Deum
639 767 836 800 aspirationes,
856 767 1086 801 quemadmodum

298 809 420 837 Ecclesia
440 812 683 846 primogenitorum
705 812 731 839 in
755 812 838 845 coelo,
861 817 945 847 atque
961 814 1044 840 etiam
1060 814 1086 840 in

297 860 387 888 terra;
405 857 432 884 in
448 857 535 885 brutis
549 863 640 886 autem
663 858 787 894 gregales
814 859 970 892 societates,
986 859 1013 886 in
1027 860 1086 887 ina-

296 901 377 929 nimis
390 909 456 929 νει-ο
473 908 573 930 mutua:
584 904 708 938 quaedam
723 904 823 939 quibus
836 904 1003 940 colligantur
1013 913 1086 940 sym-

295 945 410 981 pathiae;
425 948 481 975 haec
495 948 579 982 igitur
595 956 656 976 cum
670 949 785 984 pulchro
799 949 943 984 uniuntur,
958 957 1006 985 per
1021 958 1086 985 par—

295 991 483 1027 tieipationem
507 994 540 1021 ad
569 1000 709 1023 auctorem
739 1004 884 1024 conversa.
909 997 1000 1026 Hocce
1024 997 1086 1032 pul-

293 1038 390 1066 chrum
404 1045 446 1067 est
460 1041 581 1068 omnium
594 1042 757 1077 principium
777 1048 805 1070 ut
819 1050 901 1075 causa
911 1042 1041 1076 ellicieus,
1059 1046 1086 1070 et

294 1088 324 1111 ut
342 1092 424 1113 causa
451 1086 539 1113 llnalis
555 1087 589 1114 ad
604 1095 686 1121 quam
709 1089 796 1116 [elidit
815 1096 895 1116 omne
917 1089 1039 1116 studium
1058 1093 1086 1116 et

293 1133 443 1166 appetitus.
464 1132 542 1161 Finis
558 1135 695 1167 omnium,
720 1135 791 1162 Deus
809 1135 882 1162 enim
903 1135 966 1162 ﬁnis
978 1135 1085 1170 {dicitur

294 1182 423 1212 tanquam
445 1179 537 1206 omnia
557 1180 713 1213 continens,
736 1184 764 1208 et
784 1181 867 1208 veluti
882 1185 982 1208 cuncta
997 1181 1025 1208 in
1039 1188 1085 1207 se—

293 1225 413 1251 curitale
437 1225 634 1259 complectens,
665 1231 694 1253 et
714 1226 739 1254 in
768 1232 900 1261 quantum
922 1226 980 1260 ejus
1001 1234 1083 1254 causa

294 1272 428 1307 producta
442 1276 505 1299 sunt.
520 1273 660 1306 universa,
671 1278 699 1300 et
717 1274 819 1301 nullius
830 1274 944 1302 alterius
958 1274 1084 1309 indigue-

293 1322 359 1345 rttnl
378 1322 408 1344 ut
430 1319 643 1353 perﬁcerentur.
665 1319 711 1347 Sic
730 1320 812 1348 etiam
836 1320 954 1348 medium
971 1320 1084 1352 dicitur,

292 1364 376 1391 veluti
390 1365 613 1399 perdurationem
630 1365 657 1393 in
670 1367 848 1395 consistendo
864 1369 1037 1401 concedens;
1055 1373 1084 1395 et

294 1408 366 1440 linis,
379 1414 518 1444 quatenus
532 1411 625 1437 omnia
646 1411 673 1438 in
695 1412 756 1447 ejus
776 1412 918 1441 voluntate
931 1415 1084 1442 terminan-

292 1459 349 1486 tur,
375 1455 408 1482 ad
430 1462 510 1490 quem
539 1456 623 1483 etiam
653 1463 863 1487 convertuntur.
892 1459 970 1488 Hunc
1000 1462 1083 1489 etiam

1101 842 1124 872 Β

1143 213 1328 249 ἁλληλουχίαι,
1349 213 1382 246 ἃς
1407 213 1568 250 ὲφαρμογάς
1585 222 1662 249 φησι,
1676 213 1723 239 καὶ
1735 213 1763 238 αἱ
1781 211 1840 238 τῶν
1855 211 1927 237 ὅντων

1141 259 1270 287 εὔτακτοι
1297 260 1444 292 συνδέσεις,
1459 261 1486 287 αἱ
1506 259 1651 295 λεγόμεναι
1666 258 1753 294 φιλίαι
1771 258 1823 284 καὶ
1845 266 1927 283 κοινω-

1141 304 1209 331 νίαι·
1225 305 1341 340 λογικῶν
1354 306 1412 340 μὲν,
1428 306 1455 331 αἱ
1472 305 1540 340 πρὸς
1554 304 1620 331 Θεὸν
1633 304 1793 335 ἀνατάσεις,
1883 302 1927 328 τῶν

1142 351 1320 386 πρωτοτόκων
1339 351 1485 386 Ἐκκλησία
1500 353 1529 377 έν
1545 351 1661 386 οὐρανῷ,
1686 350 1734 377 καὶ
1760 350 1845 376 πάλιν
1867 349 1925 383 αὕτη

1141 397 1157 432 ὴ
1171 397 1218 423 ἐπὶ
1231 397 1283 432 γῆς
1293 406 1299 412 ·
1316 397 1362 424 ἐπὶ
1376 397 1404 424 δὲ
1417 397 1471 423 τῶν
1486 397 1591 431 ἀλόγων
1603 397 1630 423 αί
1643 397 1771 431 ἀγελαῖαι
1788 395 1927 429 συνδιαγω-

1140 445 1202 479 γαί·
1218 445 1265 471 ἐπὶ
1280 445 1308 472 δὲ
1321 444 1375 471 τῶν
1397 444 1507 479 ἀψύχων
1522 444 1550 470 al.
1571 444 1638 478 πρὸς
1657 443 1762 478 ἄλληλα
1781 442 1926 468 σννδετικαὶ

1141 490 1323 526 συμπάθειαι·
1344 491 1430 517 ταῦτα
1444 488 1490 517 οὖν
1510 490 1627 525 ῆνωνται
1642 489 1681 524 τῷ
1697 488 1788 524 καλῷ,
1808 488 1843 514 τὰ
1863 487 1927 522 μεθέ-

1140 536 1179 570 ξει
1196 537 1263 573 πρὸς
1271 537 1300 564 τὸ
1308 537 1393 564 αἴτιον
1407 536 1634 572 ἐπεστραμμένα.
1648 535 1736 562 Τοῦτο
1747 535 1782 561 τὸ
1795 535 1877 561 καλὸν
1888 534 1926 560 καὶ

1138 581 1176 613 ὡς
1191 582 1330 617 ποιητικὸν
1348 581 1419 617 ἁρχὴ
1442 582 1562 612 πάντων,
1585 583 1631 608 καὶ
1650 581 1688 613 ὡς
1708 580 1823 607 τελικὸν
1841 579 1925 609 αἴτιον,

1138 627 1180 661 ἐφ’
1196 627 1211 653 ὃ
1224 627 1306 654 τείνει
1323 628 1397 654 πᾶσα
1411 627 1514 663 σπουδὴ
1524 628 1570 654 καὶ
1581 627 1683 661 ἔφεσις.
1701 626 1799 662 Πέρας
1812 625 1925 652 πάντων·

1138 673 1225 709 πέρας
1241 673 1296 709 γὰρ
1314 674 1328 700 ό
1348 673 1414 706 Θεὸς
1429 673 1533 708 λέγοιτο
1551 674 1594 706 ἂν,
1611 673 1648 704 ὡς
1667 673 1793 707 συνέχων
1819 671 1854 698 τὰ
1869 672 1927 697 πάνυ

1137 727 1172 746 τα
1202 719 1250 746 καὶ
1282 720 1391 747 πάντων
1419 721 1459 752 είς
1491 719 1641 754 ἀσφάλειαν
1670 718 1925 754 περιδεδραγμένῡς,

1138 766 1186 792 καὶ
1202 765 1239 798 ὡς
1253 765 1335 792 αὐτοῦ
1349 774 1381 800 γε
1392 766 1475 793 ἕνεκα
1488 766 1596 793 πάντων
1607 766 1646 797 είς
1659 765 1689 791 τὸ
1697 763 1772 791 εἶναι
1781 763 1927 800 παραχθέν-

1136 820 1200 844 των,
1215 813 1262 838 καὶ
1272 812 1365 848 ἑτέρου
1376 812 1449 845 τινὸς
1462 814 1502 844 είς
1514 812 1545 838 τὸ
1556 811 1734 847 τελειωθῆναι
1745 811 1779 837 οὺ
1788 810 1924 844 δεομένων.

1138 858 1216 885 Οὕτω
1230 858 1277 884 καὶ
1297 858 1388 894 μέσον,
1401 858 1439 890 ὠς
1455 857 1503 894 τὴν
1529 858 1569 889 είς
1580 858 1611 884 τὸ
1637 857 1805 884 συνεστάναι

1139 912 1180 930 σιν
1193 903 1280 936 διδούς
1291 912 1297 918 ·
1312 904 1360 930 καὶ
1378 903 1502 939 τελευτὴ,
1525 903 1564 935 ὼς
1579 904 1608 930 ὲν
1630 902 1669 938 τῷ
1687 902 1828 938 θελήματι
1853 900 1925 928 αὑτοῦ

1137 949 1348 984 περατουμένων
1368 948 1423 975 τῶν
1441 948 1536 981 ὄντων,
1555 949 1597 983 έφ¹
1610 948 1639 974 ὃν
1659 948 1705 974 καὶ
1732 947 1924 982 ὲπέιπραπται.

1137 993 1237 1021 Τοῦτον
1248 993 1322 1029 λέγει
1333 995 1380 1021 καὶ
1396 994 1646 1031 παραδειγματικὺν
1656 993 1757 1026 αἴτιον,
1773 993 1815 1025 ὡς
1828 993 1923 1019 πάντων

1137 1039 1191 1066 τῶν
1205 1040 1344 1076 ἐσομένων
1352 1041 1416 1073 τοὺς
1432 1040 1618 1077 προορισμοὺς
1630 1041 1676 1066 καὶ
1689 1041 1718 1066 ὲν
1732 1038 1828 1074 ἑαυτῷ
1845 1046 1922 1073 τείρει-

1136 1087 1251 1123 ληφότα,
1263 1087 1311 1114 καὶ
1323 1087 1387 1123 πρὶν
1399 1087 1416 1122 ἦ
1429 1087 1609 1122 παραγαγεῖν,
1626 1086 1663 1118 ὥς
1676 1086 1787 1120 φησινὸ
1808 1085 1921 1111 Ἀπόπο-

1136 1133 1191 1165 λος·
1207 1133 1266 1166 Οὓς
1279 1133 1313 1160 δὲ
1324 1132 1481 1168 προώρισε,
1495 1133 1543 1159 καὶ
1558 1132 1593 1158 τὰ
1606 1132 1679 1167 ἑξῆς.
1694 1132 1776 1158 Οὕτω
1791 1131 1846 1166 γὰρ
1859 1128 1921 1156 εἶπεν

1135 1181 1150 1206 ὁ
1163 1180 1250 1214 ἅγιος,
1270 1181 1298 1207 ὲν
1316 1180 1355 1215 τῷ
1380 1179 1548 1215 προωρίσθαι
1568 1180 1597 1206 έν
1617 1178 1691 1213 αὐτῷ
1717 1176 1919 1213 προγνωστικιῇ

1135 1226 1169 1253 τὰ
1190 1227 1308 1262 ἐσόμενα
1330 1226 1374 1253 διὰ
1392 1226 1441 1261 τῆς
1467 1225 1646 1261 περιεχούσης
1665 1224 1699 1251 τὰ
1717 1225 1813 1251 πάντα
1833 1224 1919 1253 ἑνιαέις

1136 1272 1327 1308 προγνώσεως.
1346 1272 1390 1303 Ὠς
1404 1270 1469 1305 γοῦν
1483 1271 1530 1297 τοῦ
1544 1270 1657 1305 ἀγαθοῦ,
1674 1270 1748 1296 οὕτω
1763 1270 1814 1296 καὶ
1824 1269 1868 1296 τοῦ
1881 1277 1918 1295 χι-

1136 1319 1181 1346 λοῦ
1203 1320 1291 1346 πάντα
1309 1319 1424 1354 ἐφίεται,
1443 1319 1490 1345 καὶ
1502 1319 1553 1345 οὐκ
1567 1318 1624 1344 ἔστι
1636 1327 1663 1345 τι
1679 1318 1735 1344 τῶν
1755 1318 1852 1348 ὄντων,
1865 1317 1917 1350 ᾗπερ

1135 1367 1165 1392 οὐ
1184 1366 1291 1401 μετέχει
1301 1365 1349 1392 τοῦ
1359 1365 1453 1396 καλοῦ,
1469 1367 1498 1392 ἐν
1512 1366 1545 1400 τῇ
1563 1364 1668 1400 μεθέξει
1683 1363 1731 1390 τοῦ
1748 1364 1827 1395 ὄντος
1839 1362 1915 1390 καλοῦ.

1135 1413 1273 1449 Τολμήσει
1295 1412 1323 1439 δέ
1341 1420 1384 1444 τις
1403 1413 1500 1444 εἰπεῖν,
1518 1411 1559 1438 ὃτι
1575 1411 1623 1437 καὶ
1635 1410 1665 1437 τὸ
1678 1410 1715 1446 μὴ
1732 1410 1766 1436 ὃν
1787 1409 1836 1436 τοῦ
1849 1409 1915 1436 κελεῦ

1137 1458 1255 1494 μετέχει.
1271 1457 1334 1489 Πῶς
1347 1458 1376 1484 δὲ
1386 1457 1417 1484 τὸ
1430 1457 1466 1492 μὴ
1478 1456 1508 1483 ὃν
1523 1457 1647 1492 μετέχειν
1661 1455 1764 1491 φησίν;
1789 1456 1832 1482 ὅτι
1845 1456 1871 1481 ἐν
1886 1453 1915 1488 τῷ

291 1506 372 1528 vocat
386 1510 498 1530 causam
513 1503 708 1539 exemplarem,
723 1512 776 1540 qua
786 1506 908 1534 omnium
927 1507 1081 1536 futurorum

1135 1505 1194 1541 θεῷ
1212 1505 1259 1532 καὶ
1279 1505 1310 1531 τὸ
1330 1504 1367 1541 μὴ
1386 1504 1416 1531 ὃν
1433 1504 1499 1531 αὐτὸ
1516 1503 1588 1531 κατὰ
1600 1503 1650 1539 τὴν
1663 1502 1776 1530 πάντων
1788 1502 1915 1537 ἀφαίρεσιν

291 1547 525 1581 ριέεόείίιιίιὶοηεε
552 1548 579 1576 in
612 1549 702 1585 seipso
722 1552 923 1587 prmconcepit,
945 1557 974 1581 et
997 1555 1080 1582 etiam

290 1597 354 1620 ante
369 1593 587 1628 productionem,
601 1600 631 1623 ut
644 1596 735 1631 inquit
757 1598 904 1632 Apostolus
917 1609 924 1627 :
944 1599 1016 1632 Quos
1031 1610 1081 1628 au-

289 1643 342 1665 tem
362 1639 594 1674 praedestinavitq,
615 1646 644 1669 et
663 1650 724 1677 quae
748 1649 913 1678 sequuntur.
940 1646 988 1674 Sic
1008 1648 1079 1675 enim

290 1684 332 1711 vir
345 1691 457 1713 sanctus
475 1685 567 1714 futura
586 1687 612 1715 in
638 1689 697 1724 ipso
713 1690 892 1724 praescienter
912 1693 1080 1726 prmdetlnita

290 1729 358 1756 dixit
372 1738 421 1765 per
443 1732 554 1759 unicam
578 1733 653 1761 illam
674 1736 886 1769 praenotionem,
905 1745 958 1773 qua
980 1727 1079 1766 cuncta

289 1776 496 1810 eumplectitur.
518 1778 751 1811 Quemadmodum
768 1782 852 1815 igitur
868 1782 982 1817 bonum,
1001 1785 1041 1813 sic
1052 1790 1079 1814 et

289 1822 434 1857 pulchrum
450 1824 543 1852 omnia
557 1831 706 1861 appetunt;
723 1833 752 1855 et
764 1827 833 1855 nihil
846 1834 888 1857 est
901 1829 985 1867 394
998 1831 1024 1859 in
1037 1839 1080 1860 re-

289 1868 341 1896 bus
358 1870 430 1904 quod
450 1878 504 1898 non
524 1871 634 1907 pulchri
649 1873 685 1900 sit
697 1874 837 1910 particeps
850 1876 876 1903 in
895 1878 952 1905 veri
967 1878 1076 1913 pulchri

287 1916 507 1952 participatione.
523 1918 643 1946 Audebit
660 1919 743 1947 etiam
765 1928 819 1948 non
835 1929 915 1950 nemo
933 1923 1038 1957 dicere,
1053 1925 1080 1953 id

287 1962 360 1996 quod
373 1970 425 1990 non
443 1968 486 1990 est
496 1963 579 1992 etiam
589 1965 733 1999 pulchrum
746 1968 923 2003 participare.
936 1969 1079 2004 Quomodo

287 2011 378 2034 autem
397 2008 463 2036 dicit
474 2010 643 2044 participare
656 2011 682 2039 id
693 2013 765 2046 quod
777 2020 830 2044 non
844 2014 904 2041 cst?
914 2014 983 2048 Quia
995 2017 1077 2044 etiam

287 2051 316 2079 in
339 2052 394 2081 Deo
413 2054 440 2081 id
460 2056 532 2090 quod
562 2063 616 2083 non
635 2060 676 2084 est
695 2064 743 2092 per
761 2059 883 2086 onmium
911 2060 1078 2090 ablationem

288 2099 466 2133 praedicatur;
480 2106 509 2128 ut
519 2102 630 2136 quando
641 2103 704 2138 quis
716 2103 793 2137 dicit,
803 2105 880 2133 verbi
894 2107 994 2142 gratia,
1007 2109 1079 2137 Deus

288 2151 342 2171 non
362 2151 404 2173 est
421 2147 475 2174 hoc
486 2147 526 2175 vel
539 2148 616 2182 illud,
627 2152 674 2177 sed
686 2157 768 2184 supra
786 2151 849 2179 ista.
861 2151 889 2179 ld
903 2152 994 2189 itaque
1005 2156 1078 2190 quod

1133 1553 1268 1588 ὑμνεῖται,
1282 1552 1327 1578 ὅτε
1341 1551 1416 1586 λέγει
1428 1557 1481 1583 τις·
1490 1549 1527 1576 Οὐ
1543 1549 1638 1579 τοῦτο.
1652 1549 1703 1576 οὐκ
1715 1550 1812 1576 έκεῖνο
1826 1550 1879 1575 ἐστι
1891 1547 1913 1573 τὸ

1132 1603 1219 1635 Θεῖον,
1240 1601 1298 1629 ἀλλ’
1310 1602 1380 1638 ὑπὲρ
1389 1601 1485 1629 ταῦτα.
1500 1600 1585 1628 Τοῦτο
1599 1600 1663 1635 γοῦν
1677 1601 1708 1627 τδ
1723 1601 1764 1636 μὴ
1778 1601 1820 1633 ὃν,
1832 1601 1848 1635 ἡ
1861 1599 1914 1625 πάν-

1131 1657 1185 1676 των
1199 1649 1357 1684 ἀφαίρεσις,
1375 1647 1483 1684 μετέχει
1500 1647 1548 1674 τοῦ
1562 1647 1634 1674 θείου
1649 1646 1734 1673 καλοῦ
1750 1647 1801 1673 καὶ
1813 1644 1909 1680 ἀγαθοῦ.

1132 1693 1200 1721 καθὸ
1223 1694 1260 1730 μὴ
1275 1693 1305 1721 ὃν
1319 1694 1350 1720 τὸ
1367 1693 1444 1720 Θεῖον
1465 1693 1639 1728 ὀνομάζεται.
1662 1692 1759 1728 Ἔχεις
1772 1693 1858 1719 εἰπεῖν
1877 1690 1910 1716 καὶ

1131 1739 1180 1775 τὴν
1194 1739 1261 1776 ὓλην
1277 1739 1314 1776 μὴ
1325 1739 1366 1772 ὃν,
1377 1740 1415 1771 ὡς
1431 1739 1467 1775 μὴ
1481 1739 1649 1775 μετέχουσαν
1666 1738 1713 1765 τοῦ
1728 1738 1818 1765 καλοῦ
1831 1737 1908 1767 5M;-

1126 1786 1227 1821 ’Ἔχεις
1251 1786 1339 1812 εἰπεῖν
1357 1784 1448 1813 καὶτὸ
1467 1784 1561 1817 κακὸν,
1575 1783 1612 1820 μὴ
1629 1783 1659 1810 ὃν
1670 1783 1787 1818 ἀγαθὸν,
1798 1783 1835 1815 ὡς
1849 1782 1909 1818 μετέ-

1131 1840 1173 1867 χει
1187 1831 1234 1858 xui.
1247 1830 1332 1858 τοῦτο
1348 1829 1396 1857 τοῦ
1408 1829 1502 1861 καλοῦ,
1515 1829 1557 1855 ὃτι
1573 1829 1617 1856 διά
1630 1837 1656 1855 τι
1668 1827 1835 1863 φαινόμενον
1845 1825 1910 1852 καλὸν

1130 1875 1147 1911 ἤ
1163 1875 1266 1910 ἀγαθὸν
1284 1876 1449 1912 πράττεται·
1463 1874 1520 1902 ἀλλ’
1537 1875 1554 1910 ἡ
1574 1873 1764 1910 ἐπιφερομένη
1778 1873 1908 1908 ὲτπξεργι-

1131 1922 1177 1949 σία
1192 1922 1223 1948 τὺ
1249 1922 1382 1958 πρότερον
1399 1921 1506 1949 δίδωσιν
1522 1921 1596 1957 ἡμᾶς
1621 1921 1733 1948 ὲννοείν.
1754 1920 1832 1947 Ἐπεὶ
1849 1918 1906 1945 συνέν

1131 1966 1193 2003 μιξε
1204 1966 1243 2002 τῷ
1257 1966 1352 2002 ἀγαθῷ
1363 1967 1394 1993 τὸ
1410 1966 1507 1993 καλόν·
1528 1966 1577 2002 (ὡς
1590 1965 1646 2002 γὰρ
1662 1965 1784 1998 ἐκείνου,
1796 1965 1862 1992 οὓτω
1873 1964 1907 1989 καὶ

1129 2013 1223 2040 τούτου
1249 2013 1339 2040 πάντα
1361 2011 1493 2048 ἐφίει-αν)
1518 2011 1597 2038 τοῦτό
1627 2020 1711 2047 φησι,
1740 2012 1850 2038 πάντων
1866 2009 1907 2035 τῶν

1128 2058 1257 2086 τοιούτων
1271 2058 1346 2085 ἐστὶν
1357 2057 1454 2090 αἴτιον,
1467 2055 1564 2088 ἑνικῶς
1578 2055 1710 2092 δηλονότι,
1725 2056 1752 2082 εί
1764 2055 1813 2082 καὶ
1820 2052 1904 2080 ποικίλ-

1129 2104 1204 2131 λεται
1216 2103 1288 2130 κατὰ
1305 2103 1341 2130 τὰ
1363 2103 1424 2130 καθ’
1435 2103 1561 2135 ἕκαστον,
1580 2102 1637 2128 ἀλλ’
1648 2099 1695 2128 οὖν
1707 2100 1737 2128 ἓν
1758 2101 1807 2128 καὶ
1823 2097 1905 2127 ἁπλοῦν

1131 2151 1216 2187 μένει.
1235 2150 1279 2182 Ὠς
1290 2151 1304 2177 ὁ
1321 2149 1403 2182 αὐτὸς
1422 2149 1497 2185 ἥλιος
1509 2141 1666 2184 θερμαίνων
1680 2148 1728 2174 καὶ
1743 2147 1854 2183 πέτραν.
1871 2143 1905 2171 tui

288 2197 342 2217 non
363 2197 416 2225 est,
436 2193 493 2221 sive
514 2194 636 2222 omnium
649 2196 761 2229 ablatio,
773 2198 911 2234 particeps
929 2188 971 2228 est
991 2188 1077 2229 divini

1135 2196 1249 2232 ἱμάτιον,
1263 2196 1311 2223 καὶ
1328 2196 1379 2231 γῆν
1401 2194 1599 2231 βεϐρεγμένην,
1615 2194 1663 2220 καὶ
1679 2194 1763 2230 ὕδωρ,
1779 2193 1846 2228 πλὴν
1859 2199 1903 2218 ποι-

287 2235 394 2270 pulchri
405 2245 438 2265 ac
449 2234 511 2266 boni
523 2240 548 2267 in
560 2245 691 2274 quantum
701 2241 826 2270 divinum
845 2251 946 2272 numen
963 2250 1078 2274 vocatur

288 2289 341 2309 non
359 2290 420 2311 esse
430 2285 497 2320 (60).
510 2285 602 2314 Possis
614 2288 705 2321 etiam
723 2290 869 2317 materiam
891 2298 943 2318 non
963 2300 1013 2319 ens
1032 2300 1080 2327 ap-

288 2329 400 2362 pellare,
414 2336 549 2365 quatenus
558 2341 656 2368 expers
665 2340 707 2362 est
717 2337 839 2371 pulchra:
859 2337 964 2365 formai.
986 2338 1079 2366 Possis

287 2375 372 2402 etiam
391 2376 492 2404 malum
513 2379 605 2407 dicere
626 2388 680 2408 non
700 2389 762 2409 esse
779 2383 892 2417 bonum,
906 2384 932 2411 in
944 2391 1076 2418 quantum

287 2421 369 2447 etiam
401 2422 481 2456 hujus
507 2424 614 2457 pulchri
641 2427 781 2462 particeps
801 2429 923 2463 exsistit;
944 2430 1008 2465 quia
1028 2439 1078 2466 per

287 2467 396 2501 aliquod
419 2475 553 2503 apparens
573 2471 715 2504 pulchrum
744 2474 787 2501 vel
815 2475 916 2502 bonum
946 2476 1074 2510 ﬁngitur;

288 2518 417 2546 expressa
439 2521 504 2542 vero
523 2516 675 2546 similitudo
693 2520 740 2546 dat
759 2520 838 2547 nobis
857 2521 1033 2556 cogitandum
1046 2523 1072 2550 id

288 2559 359 2592 quod
377 2561 454 2593 prius
474 2568 525 2589 est.
537 2562 604 2590 Cum
621 2567 829 2596 commiseuerit
844 2569 918 2597 bono
935 2569 1077 2604 pulchrum

288 2604 371 2638 (sicut
389 2606 462 2633 enim
484 2607 558 2640 illud,
571 2610 611 2637 sic
621 2616 648 2638 et
660 2612 710 2639 hoc
721 2619 820 2641 cuncta
838 2615 994 2650 appetunt),
1010 2616 1075 2648 hoc.

288 2650 388 2685 inquit,
402 2652 495 2679 talium
516 2656 637 2684 omnium
656 2663 698 2685 est
717 2666 810 2692 causa,
832 2661 962 2688 nimirum
986 2663 1076 2696 unice,

289 2697 396 2724 tametsi
417 2697 444 2724 in
467 2699 582 2735 singulis
594 2703 725 2737 varietur,
738 2710 829 2735 tamen
842 2715 896 2736 una
908 2709 1077 2745 simplexque

357 2771 371 2791 ιι
383 2765 461 2794 Rom.
474 2775 534 2801 vul,
552 2767 596 2796 50.

327 2843 385 2880 (40)
399 2844 510 2875 Scilicet
527 2847 577 2875 hoc
591 2847 634 2876 vel
653 2848 728 2876 illud.

1132 2243 1215 2275 κίλως
1227 2243 1294 2278 πρὸς
1314 2242 1350 2269 τὰ
1369 2242 1502 2278 δεχόμενα
1512 2250 1518 2256 ·
1534 2242 1567 2268 ἐκ
1582 2240 1677 2267 τούτου
1693 2241 1779 2267 πᾶσαι
1795 2239 1846 2266 τῶν
1860 2245 1903 2264 κτι-

1132 2289 1202 2316 στῶν
1213 2290 1241 2315 αἱ
1253 2288 1394 2320 οὐσιώδεις
1403 2286 1545 2323 ὑπάρξεις.
1555 2285 1653 2318 Καλῶς
1667 2286 1696 2312 δὲ
1709 2286 1740 2312 τὸ
1751 2283 1900 2314 οὺσιώδεις·

1131 2336 1158 2362 αι
1177 2335 1231 2371 γὰρ
1251 2334 1383 2369 ὑπάρξεις
1403 2333 1464 2360 καθ’
1475 2332 1574 2364 ἑαυτὰς
1599 2331 1732 2364 dub-regni
1754 2331 1808 2358 τῶν
1820 2328 1900 2356 οὐσιῶν

1129 2382 1213 2408 είσινν
1231 2380 1350 2416 ὕπαρξις
1365 2380 1420 2415 γάρ
1435 2380 1508 2406 ἐστιν
1528 2378 1594 2406 αὐτὸ
1612 2379 1642 2404 τὸ
1661 2376 1677 2394 δ’
1712 2378 1730 2405 tl
1743 2385 1785 2404 τι*
1798 2372 1900 2405 οὺθίιδέ

1131 2429 1188 2454 ἐστι
1202 2427 1233 2454 τὸ
1247 2427 1274 2453 τί
1286 2428 1344 2453 ἐστι
1362 2425 1412 2452 τοῦ
1427 2425 1513 2457 ὄντος.
1534 2425 1605 2452 Ἐπεί
1725 2422 1778 2456 ιπερὶ

1131 2472 1200 2499 στῶν
1215 2480 1306 2507 φησιν,
1319 2470 1510 2506 εἰκόσιῖωςτιῖιζίιξυ¹

1131 2520 1260 2553 σιώδεις.
1281 2519 1407 2551 Ἐνώσεις
1423 2519 1451 2545 δὲ
1463 2518 1490 2545 P'

1129 2567 1226 2602 ἐκείνῳ
1242 2566 1272 2593 ἓν
1289 2575 1315 2593 τι
1332 2565 1442 2593 ἀποτελ-

1130 2614 1200 2650 ὰρχὴ
1214 2615 1229 2641 ό
1244 2613 1320 2646 Θεὸς,
1344 2613 1392 2640 καὶ
1412 2615 1421 2638 ἐ

1128 2665 1188 2691 καθ’
1202 2665 1381 2696 ὑπόστασινμῦ

1129 2711 1216 2747 νῆναι.
1229 2710 1318 2738 Ταύτό

1725 2425 1848 2638 se
1850 2427 1899 2466 εν
