1938 3065
28 116 32 119 ’
52 129 123 158 765
370 127 415 156 ns
431 128 558 158 oterts
574 129 774 161 NOMINIBUS.
793 129 869 158 CAP.

51 185 142 213 Θεὸν
163 185 302 221 δυνάμεις
314 185 368 213 τῶν
378 185 490 221 νοητῶν,
502 186 540 219 ὡς
555 187 603 213 καὶ
620 186 788 222 ὁμοιότητες,
801 187 874 213 ἐπει-

53 223 98 268 δῆ
117 233 178 259 καὶ
193 232 228 265 ἐξ
241 231 324 259 αὑτοῦ
337 233 390 259 είσι
407 233 454 259 καὶ
467 234 612 269 προσεχεῖς
625 233 709 269 αὐτῷ.
732 233 875 269 Ἑτερότη-

53 286 114 309 τις
126 278 162 305 δὲ
178 279 264 304 οἱονεὶ
278 279 293 304 ὸ
314 279 469 314 μεριστικδς
486 279 645 314 πληθυσμὺς
659 280 688 305 ὲν
702 280 762 310 ταῖς
776 278 875 306 ὑποϐε-

56 323 212 359 ϐηκυίαις
228 323 350 359 προόδοις
369 324 415 350 τοῦ
433 323 505 350 θείου
522 324 682 360 θελήματος.
704 325 872 360 Ἀνομοιότη-

55 376 115 400 τες
130 369 179 401 δὲ,
192 369 288 404 ἐπειδὴ
300 369 330 395 τὺ
341 369 480 405 γινόμενον
495 369 587 405 ἕτερον
598 370 644 396 τοῦ
655 370 874 405 δημιουργήσαν-

57 423 128 447 τος.
149 415 304 441 Κοινωνίαι
322 415 377 441 τῶν
390 415 518 441 ἐναντίων
532 416 559 442 αἱ
580 415 635 441 τῶν
652 414 788 450 στοιχείων
806 415 873 450 κρά-

59 470 130 493 σεις
141 470 150 476 ·
170 460 348 496 ἁλληλουχίαι
363 462 379 496 ἡ
391 460 438 487 τοῦ
454 461 557 496 κόσμου
572 461 671 493 παντὸς
683 462 812 496 συνάφεια
825 461 872 487 καὶ

60 507 252 542 συμπάθεια.
273 506 446 542 ’Δσυμμιξίαι
461 506 516 533 τῶν
536 506 694 542 ήνωμένων,
707 505 745 538 ὡς
757 506 805 532 ἐπὶ
821 505 872 541 τῆς

58 552 117 579 τοῦ
132 552 311 588 ἀνθρωπείου
324 552 418 586 γένους
432 552 596 587 κοινότητος,
608 552 654 578 καὶ
662 551 712 586 τῆς
719 551 780 578 καθ’
803 548 873 576 ’ἐκα-

55 602 133 621 στον
141 596 292 632 ἄνθρωπον
307 596 437 632 ἰδιότητος
447 604 453 611 ·
469 596 508 631 τῷ
528 596 577 631 μὲν
596 595 651 631 γὰρ
669 595 752 631 κοινῷ
763 595 814 631 τῆς
824 599 871 622 ου-

61 642 135 673 σίας
150 641 229 677 λόγῳ
241 642 340 673 πάντες
352 641 492 677 ήνώμεθα·
507 643 540 677 τῇ
557 641 585 668 δὲ
599 641 660 667 καθ’
675 641 789 668 ἕκαστον
807 642 870 668 ίδιό-

60 695 135 723 τητι
158 687 192 713 τὸ
203 687 374 722 ἀσύμμικτον
387 687 494 722 ἔχομεν.
507 687 540 713 Δί
558 687 666 713 πάντων
679 686 871 722 ἀμετακίνητοι

64 733 158 768 μοναί
170 742 177 748 ·
194 733 309 760 ἕκαστον
328 733 382 769 γὰρ
392 733 453 760 καθ’
463 733 543 760 ἑαυτὸ
561 733 719 759 συνίσταται
735 733 782 759 καὶ
801 732 869 759 ἔστι.

61 779 128 805 Καὶ
153 776 247 810 αὖθις,
273 780 301 806 αἰ
327 779 435 807 πάντων
463 780 493 805 ὲν
518 780 626 815 ἑκάστῳ
646 778 792 806 κοινωνίαι.
811 779 870 805 Ἐν-

62 824 171 852 ⁴κεῦθεν
200 825 352 862 διορθοῦται
381 827 428 853 καὶ
463 827 541 859 δόξας
571 827 643 853 δυοῖν
670 826 793 853 παλαιῶν
823 835 868 861 φι-

64 869 213 904 λοσόφων,
240 871 453 906 Ἐμπεδοκλέους
479 873 527 899 καὶ
553 872 742 907 Ἀναξαγόρου.
771 872 799 898 '0
820 871 869 906 μὲν

64 916 128 951 γὰρ
155 917 343 953 Ἐμπεδοκλῆς
362 920 479 954 σφαῖραν
498 918 550 945 ἀπὸ
566 918 616 953 τῆς
635 918 761 944 ἁπάντων
779 917 869 953 φιλίας

65 963 121 988 καὶ
156 963 329 998 συγκρίσεως
360 964 462 998 ἔλεγεν,
483 964 553 990 ὥστε
581 964 617 1000 μὴ
642 962 711 990 εῖναι
739 964 870 999 διακρίνε-

68 1009 136 1035 σθαι
156 1008 221 1034 καθ’
232 1009 312 1035 έαυτὺ
337 1009 451 1035 ἕκαστον
470 1010 523 1036 ἀπὸ
541 1009 631 1040 ἄλλου,
652 1010 717 1045 πρὶν
735 1010 766 1036 τὺ
780 1012 868 1042 νεῖκος

67 1054 205 1088 γενέσθαι
225 1055 271 1081 καὶ
293 1055 342 1090 τὴν
368 1055 502 1090 διάκρισιν
529 1055 590 1081 καθ’
609 1055 641 1090 ἢν
668 1055 770 1091 ὑπέστη
790 1057 804 1082 ὁ
823 1056 869 1083 κό-

69 1108 154 1135 σμος.
165 1099 194 1126 Ὀ
204 1100 232 1125 δὲ
249 1100 440 1136 Ἀναξαγόρας,
458 1099 518 1128 Ἶιν
527 1101 600 1135 ὁμοῦ
611 1100 747 1135 χρήματα
758 1102 865 1134 πάντα,

69 1145 164 1180 ἔλεγε.
183 1146 265 1181 Λέγει
289 1147 364 1180 γοῦν,
384 1148 425 1173 ὅτι
452 1147 500 1173 καὶ
526 1147 587 1173 κατ’
597 1147 666 1173 αὐτὰ
684 1148 714 1174 τὸ
732 1149 785 1174 πᾶν
802 1157 866 1174 συν-

72 1191 211 1223 ίστανται,
240 1192 287 1218 καὶ
312 1193 378 1218 πᾶσι
405 1192 494 1219 πάντα
518 1192 708 1224 κοινωνοῦντα,
734 1193 795 1220 οὔτε
817 1195 866 1229 τῆς

70 1235 179 1268 οἰκείας
201 1237 284 1272 μονῆς
302 1236 455 1269 ἐξίστανται
472 1238 510 1270 ὡς
530 1240 647 1273 σφαῖραν
656 1238 793 1272 γίνεσθαι’
805 1238 866 1265 οὕτε

73 1281 131 1316 μὴν
150 1282 346 1318 πραγματικὴν
364 1283 412 1319 τὴν
437 1284 578 1310 κοινωνίαν
598 1284 714 1319 ἔχουσιν,
733 1285 771 1316 ὡς
796 1282 866 1312 εἶναι

71 1327 104 1353 ὲν
123 1327 163 1362 τῷ
180 1327 255 1363 ἄρτῳ
272 1328 351 1364 τυχὺν
369 1329 416 1355 καὶ
434 1329 543 1365 χρυσὸν,
563 1331 610 1356 καὶ
629 1330 716 1362 ξύλον,
727 1331 775 1357 καὶ
793 1331 867 1366 σίδηο

74 1381 133 1407 ρον,
144 1373 234 1409 ἄτομά
252 1383 312 1400 τινα
332 1376 378 1401 καὶ
398 1375 442 1402 διὰ
462 1375 631 1411 σμικρότητα
649 1377 679 1402 οὐ
700 1376 863 1412 βλεπόμενα,

72 1417 113 1449 ὼς
130 1418 144 1444 ὁ
160 1418 344 1455 Ἀναξαγόρας
361 1420 496 1453 ἐδόξασεν,
507 1421 536 1452 ὃς
556 1422 602 1448 καὶ
620 1422 669 1457 τὴν
683 1422 789 1456 γένεσιν
805 1422 864 1449 διά-

73 1470 166 1497 κρισιν
184 1463 291 1497 ἐλεγενο
311 1464 430 1491 ἁλλέἰσὶ
459 1466 508 1500 μὲν
534 1466 563 1492 ὲν
583 1467 720 1503 κοινωνίᾳ,
751 1467 864 1502 δυνάμει

73 1507 103 1533 δὲ
121 1510 154 1544 τῇ
174 1509 245 1536 κατὰ
261 1510 399 1546 ποιότητα,
410 1511 448 1543 ὼς
467 1511 605 1546 δύνασθαι,
624 1513 689 1548 φέρε
707 1514 803 1546 εἰπεῖν,
816 1515 863 1541 καὶ

73 1554 141 1581 αὐτὸ
151 1554 245 1587 ὓδατος
263 1556 388 1590 γενέσθαι
406 1557 475 1593 ἀέρα
494 1558 541 1584 καὶ
560 1558 625 1594 πῦρ,
636 1560 683 1585 καὶ
700 1559 754 1586 ἀπὸ
772 1560 863 1595 γῆςῦ-

73 1598 140 1634 δωρ,
152 1601 200 1626 καὶ⁹
216 1601 271 1627 ἀπὺ
287 1602 341 1628 τῶν
359 1602 467 1637 τροφῶν
487 1603 601 1638 σάρκας,
617 1605 663 1631 καὶ
680 1605 780 1632 τᾶλλα·
791 1606 861 1633 ὥστε

73 1646 123 1672 καὶ
140 1645 189 1681 τὴν
208 1647 300 1681 φιλίαν
318 1647 469 1683 ἀσύγχυτον
497 1647 576 1682 εἶναι,
598 1651 644 1676 καὶ
670 1650 720 1686 τὴν
748 1652 862 1688 συνοχὴν

73 1689 223 1717 ἀδιάλυτον.
240 1692 443 1725 ’Δνεκλείπτους
461 1693 490 1720 δὲ
507 1693 556 1725 τὰς
574 1694 697 1730 διαδοχὰς
715 1695 769 1722 τῶν
788 1705 861 1731 γινο-

76 1734 164 1770 μένων
183 1736 279 1770 φησίν·
291 1736 368 1769 Ἕως
386 1736 441 1772 γὰρ
458 1737 523 1771 ἄρτι
547 1738 706 1773 ἐργάζεται.
728 1741 760 1767 Εἰ
778 1742 826 1767 καὶ
846 1743 861 1768 ό

81 1780 266 1816 Ἀριστοτέλης
284 1781 429 1816 ἐπαωρῶν
439 1782 539 1817 ἑτέρως
550 1782 617 1815 λύει,
635 1783 711 1817 διότι,
723 1784 820 1819 λέγων,
830 1786 861 1818 ἐξ
869 1797 875 1800 -

74 1824 196 1860 ἀλλήλων
214 1826 345 1860 γίνονται,
355 1826 403 1853 καὶ
421 1826 437 1861 ἠ
456 1826 543 1862 φθορὰ
561 1828 667 1861 τούτου,
686 1829 767 1857 ἄλλου
785 1831 861 1865 γένε-

75 1869 119 1901 σίς
136 1871 193 1897 ἐστι
212 1871 259 1897 καὶ
277 1870 358 1897 ἄλλου
377 1871 583 1907 φθορὰ,τούτου
602 1874 720 1909 γένεσις,
731 1876 779 1903 καὶ
797 1877 860 1911 ἑφε-

75 1916 124 1951 ξῆς
141 1916 236 1949 οὕτως,
255 1916 326 1943 ὥστε
348 1917 384 1952 μὴ
403 1918 553 1946 ἐπιλείπειν
567 1920 616 1955 τὴν
633 1920 751 1954 γένεσιν.
770 1922 860 1949 Ἐπει-

73 1962 107 1997 δὴ
132 1962 159 1988 δὲ
187 1963 280 1994 στάσις
308 1964 366 1988 ἐστὶ
392 1964 439 1989 καὶ
467 1964 572 1999 κίνησις
592 1966 717 1992 ἁπάντων
735 1967 764 1993 τὸ
782 1967 858 1993 Θεῖον

74 2008 144 2043 ὑπὲρ
163 2009 255 2035 στάσιν
273 2009 319 2034 καὶ
338 2009 453 2043 κίνησιν,
473 2010 510 2041 ὡς
533 2011 646 2037 ἕκαστον
675 2013 755 2039 ἱστῶν
773 2014 801 2039 ὲν
820 2014 858 2048 τῷ

74 2054 164 2089 οἰκείῳ
182 2054 260 2090 λόγῳ,
271 2055 318 2081 καὶ
336 2054 426 2080 κινοῦν
444 2056 490 2081 ἐπὶ
507 2056 556 2091 τὴν
566 2058 670 2084 οἰκείαν
687 2059 802 2094 κίνησιν,
813 2060 857 2086 διὰ

73 2099 151 2126 τοῦτο
166 2100 248 2133 λέγει,
269 2101 297 2126 αἱ
316 2100 424 2132 στάσεις
444 2102 529 2128 πᾶσαι
548 2104 594 2130 καὶ
613 2106 640 2130 αἱ
660 2105 790 2139 κινήσεις,
801 2105 856 2131 εἴτε

74 2145 192 2179 ἀγγέλων
209 2146 308 2179 εῐποις,
320 2149 375 2174 εἴτε
394 2147 498 2182 ψυχῶν,
509 2148 564 2175 εἴτε
583 2151 727 2185 σωμάτων,
744 2153 777 2177 ὲκ
794 2152 855 2178 τού-

888 129 970 157 ιν.-
985 128 1159 158 PARAPHR.
1177 128 1415 157 PACHYMERIE.
1658 130 1713 159 τοι

888 190 912 218 Α
926 191 1078 221 permanet.
1098 186 1175 214 Sicut
1195 187 1266 214 idem
1286 186 1326 213 sol
1345 186 1509 215 calefaciens
1537 192 1566 215 et
1590 187 1710 223 lapidem

923 237 950 259 et
967 237 1082 263 vestem,
1101 237 1128 259 et
1147 237 1247 259 terram
1267 232 1446 267 complutam,
1466 237 1494 260 et
1514 241 1625 268 aquam,
1647 234 1711 262 licet

922 278 1104 305 diversiuiode
1122 286 1172 313 pro
1190 279 1303 305 materia
1324 279 1457 313 subjecta,
1476 287 1510 306 ex
1531 280 1582 307 hoc
1600 286 1712 307 creatu-

922 330 1013 350 rarum
1036 323 1158 350 omnium
1191 323 1384 351 substantiales
1402 325 1567 352 existentiaa.
1590 324 1710 352 Pulchre

921 374 1011 395 autem
1039 369 1221 396 substantiales
1243 377 1253 396 :
1284 377 1347 396 nam
1375 369 1530 397 existentiae
1556 371 1706 398 secundum

923 414 1026 449 seipsas
1037 415 1192 449 superiores
1207 420 1269 442 sunt
1281 415 1456 447 substantiis;
1468 416 1614 443 existentia
1634 416 1708 443 enim

924 465 975 493 est,
988 460 1133 494 ipsummet
1151 467 1212 487 esse
1231 460 1345 495 aliquid,
1360 461 1514 488 substantia
1535 469 1600 488 vero
1620 466 1661 487 est
1681 460 1708 487 id

922 506 994 540 quod
1012 505 1077 540 quid
1097 511 1150 533 est.
1164 506 1298 539 Quoniam
1318 506 1411 540 itaque
1423 506 1455 532 de
1466 507 1601 534 creaturis
1621 506 1711 541 loqui-

923 555 976 581 tur,
995 551 1093 578 merito
1104 551 1215 578 dictioni
1230 551 1370 586 ὑπάρξεις,
1382 559 1428 579 seu
1451 551 1611 585 existenliae,
1623 559 1709 587 appo-

921 597 977 622 suit
993 595 1142 628 οὐσιῶδεις,
1168 604 1214 624 seu
1241 597 1441 625 substantiales.
1468 597 1588 624 Uniones
1615 602 1708 625 autem

920 641 1061 673 dicuntur,
1073 650 1124 668 non
1142 642 1213 676 quod
1233 642 1315 669 simul
1341 650 1402 669 cum
1422 642 1469 669 illo
1489 643 1636 669 acervatim
1656 643 1708 670 al'r-

921 688 985 722 quid
1004 696 1087 714 unum
1098 688 1223 719 elliciant,
1238 689 1284 715 sed
1306 690 1378 723 quod
1402 689 1473 716 Deus
1492 695 1550 716 erat
1568 689 1630 717 fons
1648 689 1710 716 illo-

920 741 980 761 rum
999 739 1026 761 et
1043 735 1219 769 principium,
1231 741 1259 762 et
1268 742 1302 762 ex
1315 736 1373 770 ipso
1384 736 1515 770 producta
1527 737 1583 763 sint
1600 745 1632 764 ea
1648 745 1709 772 quae

921 778 1074 805 subsistunt
1094 779 1244 806 secundum
1264 780 1485 813 subsistentiam,
1512 782 1548 808 ita
1570 786 1598 808 ut
1623 783 1707 809 etiam

921 824 955 851 ad
976 824 1169 851 distinctiones
1188 825 1392 859 suppositarum
1404 831 1563 860 appareant.
1576 827 1708 854 ldentita-

886 862 906 889 Β
923 873 964 895 tes
982 873 1074 895 autem
1095 874 1158 895 sunt
1178 869 1293 896 virtutes
1318 869 1492 898 adductrices
1521 878 1548 898 et
1576 873 1708 900 unitrices

921 921 1013 941 rerum
1037 913 1248 948 intelligibilium
1271 915 1304 940 ad
1325 914 1424 947 Deum,
1445 916 1483 942 uti
1503 921 1530 943 et
1548 917 1707 944 similitudi-

921 967 984 993 nes;
1005 960 1225 994 quandoquidem
1246 965 1273 987 et
1293 968 1327 988 ex
1348 962 1406 995 ipso
1434 963 1499 994 sint,
1522 963 1602 996 eique
1620 963 1709 992 inhae-

920 1010 1008 1032 reant.
1022 1006 1200 1032 Diversitates
1219 1010 1310 1032 autem
1331 1011 1395 1033 sum
1413 1008 1491 1041 quasi
1514 1008 1614 1041 partita
1633 1016 1708 1042 quae-

919 1051 980 1077 dam
1008 1051 1197 1084 multiplicatio
1227 1051 1325 1078 divina:
1345 1052 1494 1079 voluntatis
1514 1053 1548 1079 ad
1575 1053 1704 1081 inferiora

919 1096 1101 1130 procedentis.
1133 1095 1376 1123 Dissimilitudines
1406 1104 1488 1130 verol
1520 1099 1650 1131 quoniam
1679 1100 1706 1127 id

918 1142 991 1175 quod
1008 1147 1117 1169 creatur
1128 1142 1266 1169 diversum
1278 1147 1322 1169 est
1343 1150 1357 1169 a
1370 1147 1505 1170 creatore.
1516 1143 1630 1171 Fmdera
1641 1150 1706 1172 sunt

918 1188 1118 1215 Contrariorum
1147 1188 1345 1216 elementorum
1377 1190 1706 1223 temperationeszcohz-

918 1235 1014 1261 rentia:
1035 1239 1097 1262 sunt
1117 1235 1200 1261 totius
1220 1234 1314 1261 mundi
1337 1235 1472 1262 connexio
1491 1240 1519 1262 et
1542 1243 1703 1263 consensus.

918 1279 1019 1307 Rerum
1051 1280 1190 1306 unitarmn
1231 1279 1467 1314 impermistioues
1496 1286 1561 1309 sunt
1580 1282 1652 1309 sicut
1676 1283 1703 1309 in

917 1325 1027 1353 humani
1041 1326 1151 1360 generis
1170 1327 1381 1359 communitate,
1393 1331 1421 1354 ct
1432 1327 1565 1363 cujusque
1585 1328 1704 1356 hominis

916 1372 1101 1406 proprietate;
1112 1373 1249 1400 communi
1263 1374 1337 1399 enim
1349 1373 1477 1400 essentia:
1493 1373 1596 1400 ratione
1606 1381 1703 1402 omnes

915 1415 996 1451 395
1011 1417 1079 1444 uniti
1099 1425 1203 1449 sumus.
1228 1418 1443 1453 uniuscujusque
1458 1426 1523 1446 vero
1536 1420 1704 1454 proprietate

915 1462 1027 1489 minime
1050 1464 1273 1491 commiscemur.
1303 1463 1460 1491 lmmobiles
1480 1464 1602 1491 onmium
1626 1472 1702 1492 man-

876 1526 896 1555 ϐ
915 1507 1016 1540 siones,
1031 1508 1163 1542 quidlibet
1185 1509 1257 1536 enim
1282 1516 1330 1543 per
1351 1516 1382 1536 se
1402 1510 1530 1537 subsistit
1545 1515 1573 1536 et
1595 1514 1647 1537 est.
1668 1510 1702 1538 Et
1757 1515 1760 1520 '

914 1561 1022 1586 rursus,
1048 1554 1170 1581 omnium
1205 1555 1233 1582 in
1255 1555 1376 1589 quolibet
1395 1556 1613 1583 communiones.
1630 1555 1701 1584 Hinc

913 1599 1094 1634 corriguntur
1104 1600 1187 1627 etiam
1198 1600 1343 1635 opiniones
1362 1601 1480 1627 duorum
1497 1605 1621 1628 veterum
1643 1601 1706 1636 plri-

912 1644 1096 1680 losophorum,
1121 1646 1292 1680 Empedoclis
1310 1652 1337 1673 et
1356 1647 1538 1682 Anaxagorae.
1560 1647 1699 1682 Siquidem

912 1690 1089 1725 Empedocles
1103 1692 1241 1726 sphaeram
1264 1692 1299 1719 ab
1310 1692 1433 1719 omnium
1449 1692 1571 1719 amicitia
1583 1697 1611 1719 et
1621 1699 1699 1720 com-

912 1737 1041 1764 mistione
1056 1737 1220 1769 nominavit,
1235 1739 1271 1764 ita
1290 1743 1319 1764 ut
1331 1737 1466 1772 quidlibet
1484 1746 1533 1772 per
1553 1746 1581 1765 se
1601 1739 1635 1765 ab
1646 1738 1699 1766 alio

911 1782 1029 1810 discerni
1044 1788 1173 1818 nequeat,
1192 1789 1338 1819 antequam
1359 1791 1447 1819 pugna
1472 1784 1519 1811 ﬁat
1539 1788 1567 1811 et
1586 1784 1696 1817 divisio,

909 1829 1060 1856 secundum
1067 1836 1148 1863 quam
1159 1831 1274 1856 mundus
1280 1828 1405 1857 subsistit
1415 1837 1422 1862 ;
1431 1830 1609 1865 Anaxagoras
1620 1836 1697 1863 vero,

911 1874 1008 1903 Omnia
1028 1874 1108 1902 simul
1121 1879 1213 1908 erant,
1225 1876 1327 1903 aiebat.
1337 1876 1382 1902 Ait
1397 1876 1499 1911 itaque,
1515 1883 1563 1911 per
1575 1883 1605 1903 se
1616 1876 1696 1911 quid-

909 1919 976 1948 libet
993 1920 1156 1955 subsistere,
1170 1925 1198 1948 et
1218 1922 1311 1949 omnia
1327 1921 1455 1949 omnibus
1482 1923 1695 1953 communicare,

910 1974 997 2000 neque
1010 1975 1024 1994 a
1042 1968 1151 2002 propria
1172 1969 1312 1995 mansione
1337 1969 1497 1999 desciscere,
1511 1973 1537 1994 et
1550 1968 1590 1994 sic
1603 1969 1693 2001 spine-

909 2021 966 2040 ram
985 2015 1106 2042 existere
1121 2023 1127 2041 :
1140 2022 1193 2041 non
1215 2019 1305 2041 tamen
1329 2014 1429 2041 realem
1447 2014 1517 2040 inlcr
1529 2022 1558 2040 se
1576 2021 1695 2040 continu-

909 2060 1017 2087 nionem
1039 2060 1152 2093 habent,
1171 2061 1206 2087 ila
1223 2066 1251 2087 ut
1269 2060 1344 2088 verbi
1360 2060 1447 2094 gratia
1468 2060 1549 2086 etiam
1571 2060 1597 2086 in
1610 2067 1691 2093 pane,

909 2114 1016 2137 aurutn,
1033 2111 1061 2133 et
1081 2106 1192 2141 lignum,
1217 2112 1244 2134 et
1264 2106 1366 2133 ferrum
1392 2106 1448 2132 sint
1463 2106 1547 2132 atomi
1571 2106 1695 2140 quidam,

907 2154 952 2187 qui
963 2158 1074 2187 propter
1088 2153 1252 2187 parvitatem
1270 2152 1382 2179 minime
1393 2154 1549 2184 videantur,
1566 2153 1603 2178 uti
1617 2153 1692 2178 Ana-

75 2199 121 2217 του
139 2191 199 2218 εἰσί.
211 2192 289 2219 Νοῶν
304 2193 369 2226 γοῦν
389 2194 483 2225 στάσις
503 2195 562 2222 ἐστὶ
572 2195 602 2221 τὸ
613 2195 736 2231 ἱδρῦσθαι
745 2199 777 2233 τῇ
788 2198 857 2234 πρὸς

915 2207 1016 2234 iagora:
1028 2198 1139 2234 placuit,
1154 2200 1200 2233 qui
1223 2200 1426 2233 generationem
1449 2198 1608 2224 divisionem
1623 2206 1692 2224 nun-

74 2236 139 2264 Θεὸν
154 2237 290 2270 ἀνατάσει,
301 2240 353 2266 κᾶν
372 2240 577 2267 ἀποστέλλοιντο
592 2242 640 2268 καὶ
665 2244 853 2272 καταὸαίνοιεν

74 2282 356 2320 δπὶτὰὺποῦεϐηκότα
373 2286 501 2321 προνοίας
511 2287 591 2323 χάριν
606 2287 662 2315 τῶν
679 2287 853 2326 ὼεηῆηθησο-

907 2246 1033 2279 cupavit;
1045 2250 1234 2273 verumtamen
1251 2246 1457 2272 COlllﬂlUlIlcalll
1475 2247 1576 2272 virtute
1592 2252 1691 2271 secun-

906 2292 970 2317 dum
996 2292 1167 2325 qualitatem,
1189 2297 1218 2318 ut
1233 2292 1434 2326 quodammodo
1458 2292 1511 2317 dici
1537 2291 1635 2325 pos‘sit,
1662 2290 1689 2316 id

904 2336 992 2369 ipsum
1013 2337 1085 2371 quod
1098 2342 1140 2364 est
1149 2345 1225 2371 aqua:
1237 2339 1295 2365 lieri
1309 2345 1397 2364 aerem
1413 2343 1439 2364 et
1452 2338 1551 2370 ignem,
1571 2342 1598 2363 et
1610 2345 1623 2362 a
1633 2342 1688 2363 ler-

18 2326 468 2531 φρ

469 2385 511 2410 1⁸8,
539 2384 567 2407 et
592 2387 613 2406 (ν

544 2433 585 2454 δυ’

850 2383 951 2410 inicitia
971 2384 1006 2410 sit
1035 2384 1197 2416 inconfusa,
1226 2390 1253 2411 et
1295 2384 1450 2417 complexus
1479 2382 1685 2409 indissolubilis.

877 2437 937 2464 qua:
962 2431 1048 2457 liunt:
1080 2430 1168 2465 Usque
1181 2432 1253 2458 enim
1271 2431 1348 2457 modo
1362 2434 1517 2464 operatur".
1535 2429 1686 2456 EtAristo-

865 2485 874 2503 ›
907 2477 1023 2504 invicem
1035 2478 1114 2509 oriri,
1131 2482 1156 2504 et
1174 2478 1253 2512 hujus
1266 2477 1468 2510 corruptionem
1489 2475 1603 2501 alterius
1627 2480 1687 2500 esse

858 2526 1072 2560 generationem,
1099 2531 1126 2552 et
1140 2526 1180 2552 sic
1194 2525 1334 2558 subiungit
1360 2524 1505 2555 rationem,
1525 2530 1558 2548 tie
1582 2521 1686 2548 scilicet

852 2573 972 2599 omnium
985 2572 1068 2603 Deus,
1082 2580 1163 2605 supra
1175 2572 1320 2597 stationem
1346 2575 1374 2596 et
1399 2570 1547 2596 motiOnem
1566 2567 1684 2599 exsistit,

843 2637 850 2648 ,
869 2623 896 2644 et
913 2624 1024 2643 movens
1045 2618 1078 2644 ad
1115 2618 1253 2652 propriam
1275 2616 1439 2646 motionem;
1479 2614 1581 2640 idcirco
1602 2613 1679 2644 dicit,

832 2670 895 2695 ηεαδ,
922 2665 981 2691 sive
996 2666 1159 2695 animarum,
1190 2663 1247 2689 sive
1281 2669 1438 2696 corporum,
1470 2668 1503 2689 ex
1526 2661 1583 2694 ipso
1606 2663 1679 2686 sunt.

819 2715 871 2737 one
887 2710 922 2736 ad
951 2710 1045 2742 Deum,
1065 2711 1116 2738 ctsi
1134 2710 1294 2744 delegentur
1314 2714 1342 2737 et
1371 2708 1537 2736 descendant
1558 2707 1593 2734 ad
1612 2707 1682 2734 inlew
