1938 3065
210 178 261 207 7n
787 179 819 207 S.
839 179 988 208 DIONYSII

1052 179 1240 208 EOPAGIT/E
1785 185 1837 213 748

211 238 426 275 tutulumsuam
452 241 653 275 naturanrnon
673 241 761 275 potest
784 239 895 275 tendere
915 238 942 265 in
964 238 1074 275 aliquod
1097 238 1210 266 malum.
1229 238 1402 266 Manifestum
1421 245 1463 268 est
1482 244 1593 272 autem,
1616 240 1688 275 quod
1706 242 1836 275 qualibet

211 280 308 299 natura
332 271 528 310 intellectualis
545 273 650 310 habeat
671 273 796 310 ordinem
822 273 854 310 in
873 273 974 310 bonum
998 271 1168 310 universale,
1191 275 1262 310 quod
1289 278 1378 310 potest
1400 271 1605 309 apprehendere
1616 271 1632 307 ,’
1646 280 1674 302 et
1698 271 1739 302 est
1761 276 1837 310 obje-

211 312 282 345 ctum
299 307 473 345 voluntatis;
496 309 568 345 unde
589 307 811 345 cumudiemoues
833 309 889 345 sint
912 307 1071 345 substantia!
1095 307 1309 345 intellectuales,
1333 307 1510 337 nullo—modo
1531 315 1646 345 possunt
1666 310 1770 338 habere
1795 307 1837 339 in-

210 343 387 378 clinationem
413 343 565 378 naturalem
592 343 620 378 in
642 341 750 378 aliquod
773 343 955 377 quodcunque
981 342 1105 378 malum,
1127 348 1155 369 et
1179 343 1240 371 ideo
1265 341 1318 371 non
1345 349 1459 378 possunt
1484 341 1545 372 esse
1569 344 1733 372 naturaliter
1759 348 1835 374 mali.

212 377 551 440 [Vlillfohiﬁsipzanigsigs
572 384 587 405 a
608 377 640 406 D.
665 376 929 412 Thoma’disputat’a
951 378 979 405 in
1004 376 1201 410 Quwsliom‘bur
1220 376 1383 414 disputatis,
1406 380 1556 416 quaestione
1574 380 1681 408 decima
1701 385 1780 409 sexta
1803 382 1838 410 de

230 422 234 427 -
271 421 324 440 IIII
463 421 497 440 I.
539 431 547 439 .

211 417 378 440 tlwinonibus
418 417 497 440 artlc.
518 417 547 439 2.

661 546 742 583 333
758 545 1001 575 PARAPHRASIS
1019 546 1245 575 morituram
1262 549 1328 585 (59).

242 627 295 663 ξι,
309 631 349 658 Ad
371 629 435 657 illud
458 637 519 664 ergo
535 629 653 664 perfecta
682 628 822 656 distinctio
844 632 886 655 est
909 634 994 662 appo-

1084 626 1097 663 ᾗ
1109 627 1128 654 Ι.
1142 628 1268 655 Στικτέον
1281 629 1321 661 είς
1331 629 1361 656 τὸ
1372 628 1429 656 οὖν
1438 629 1544 657 τελείαν
1552 638 1558 645 ·
1574 630 1605 657 τὸ
1617 630 1672 667 γὰρ
1682 631 1754 665 εἷεν,
1766 632 1840 660 κατὰ

211 678 320 710 nenda;
336 676 470 711 siquidem
487 675 553 702 illud
568 683 627 710 age,
649 674 726 709 juxta
743 681 822 701 usum
840 673 996 708 antiquum,

210 723 328 752 remotio
342 722 465 758 quaedam
477 725 520 748 est
535 728 628 749 eorum
651 728 711 755 qua:
725 720 797 748 dicta
817 724 891 750 sunt.
908 724 936 747 et
949 726 998 747 ex-

210 770 317 797 ordium
329 768 519 800 dicendorum,
535 775 568 795 ac
583 767 605 794 si
618 767 706 794 dicat:
716 766 781 800 Quae
797 766 924 801 praedicta
935 770 999 793 sunt

211 815 248 841 ita
265 821 295 841 se
314 812 448 846 habeant;
475 812 555 839 modo
573 817 664 838 autem
681 811 836 838 orationem
852 816 1000 838 converta-

210 867 271 887 mus
285 859 318 887 ad
345 860 432 894 ipsum
454 866 553 886 nomen
571 858 649 890 boni,
671 857 743 892 quod
757 857 874 893 theologi
889 864 937 891 per
951 863 999 884 ex-

210 905 367 933 cellentiam
392 904 544 932 attribuunt
572 903 720 936 divinitati,
749 907 879 937 tanquam
905 910 919 930 a
944 909 998 937 qua

211 957 309 980 cuncta
322 951 481 986 procedunt,
494 951 621 985 quoniam
637 949 728 976 omnia
741 956 775 976 ex
796 949 854 983 ipsa
866 949 998 984 producta

210 1003 274 1026 sunt
285 1002 396 1033 propter
410 997 574 1030 bonitatem,
588 996 673 1030 ipsam
685 995 732 1022 Dei
745 995 999 1030 superexistentiam

211 1043 380 1080 appellantes
399 1044 561 1076 bonitatem,
587 1046 613 1069 et
640 1048 689 1076 per
710 1048 741 1068 se
763 1041 923 1069 bonitatem.
940 1041 999 1068 Non

211 1091 283 1118 enim
298 1090 369 1117 Deus
380 1089 528 1117 ascltitium
541 1089 622 1116 habet
630 1089 731 1116 bonum
744 1092 790 1114 aut
804 1095 852 1122 per
859 1088 999 1121 accidens,

212 1137 290 1173 quasi
305 1135 425 1164 essentia
440 1135 498 1169 eius
512 1134 623 1169 sitquid
639 1134 724 1166 aliud,
740 1138 768 1161 et
785 1133 999 1161 accidentariam

212 1185 312 1212 habeat
326 1182 493 1214 bonitatem;
509 1181 556 1208 sed
571 1181 640 1216 ipse,
654 1189 716 1209 cum
727 1179 926 1214 existatipsius
936 1178 999 1206 boni

213 1230 366 1259 subStantia
382 1228 553 1262 naturaliter,
569 1229 602 1255 ad
617 1235 711 1255 omnes
734 1227 857 1256 extendit
870 1226 1000 1254 bonitatis

212 1284 269 1304 suae
281 1275 425 1311 fulgorem,
438 1275 491 1302 hoc
506 1275 564 1310 ipso
578 1282 632 1309 quo
647 1274 733 1301 bonus
748 1278 800 1301 cst.
816 1272 999 1306 Quemadmo-

212 1323 276 1349 dum
293 1321 367 1348 enim
386 1319 427 1347 sol
451 1327 504 1347 non
526 1324 568 1347 est
584 1327 598 1346 a
619 1319 722 1346 lumine
740 1318 895 1349 distinctus,
912 1325 1000 1352 neque

214 1368 324 1396 aliunde
339 1367 430 1394 lumen
445 1366 596 1393 mutuando
618 1364 754 1392 illuminat
780 1363 927 1398 (siquidem
943 1363 1001 1397 ipse

214 1414 262 1441 lux
274 1418 327 1446 est,
343 1418 371 1441 et
383 1413 434 1440 hoc
449 1412 508 1446 ipso
525 1418 578 1446 quo
593 1411 638 1437 lux
651 1415 703 1444 est,
717 1410 881 1437 naturaliter
895 1409 1000 1436 illumi-

213 1464 260 1488 nat
271 1459 364 1487 omnia
383 1464 550 1493 quaecunque
565 1457 655 1484 lumen
672 1456 732 1491 ejus
747 1454 839 1483 valent
862 1455 998 1489 excipere,

214 1513 305 1541 neque
321 1505 500 1537 ratiocinans,
518 1511 608 1539 neque
621 1502 798 1538 praeligens;
824 1509 887 1530 nam
906 1502 929 1529 si
945 1508 1000 1528 non

214 1552 390 1582 illuminaret,
421 1557 509 1585 neque
533 1550 616 1577 etiam
639 1549 680 1576 sol
705 1552 794 1581 esset;
821 1547 917 1582 ecquid
929 1547 1001 1574 aliud

214 1598 320 1632 concipi
345 1596 429 1632 possit
455 1595 620 1628 illuminare,
636 1595 689 1622 nisi
717 1594 765 1621 lux
781 1594 835 1621 sit?
858 1594 909 1621 hoc
927 1593 1001 1620 enim

213 1646 271 1672 vult
282 1644 326 1671 hic
344 1648 465 1676 sanctus,
479 1647 506 1669 et
521 1649 573 1669 non
590 1640 749 1676 simpliciter
763 1640 848 1668 solem
857 1647 918 1668 esse
931 1639 1002 1666 irra-

214 1689 343 1717 tionalem
358 1693 386 1716 et
401 1693 540 1716 exsortem
564 1687 710 1719 libertatis,
726 1686 778 1714 hoc
792 1686 865 1714 enim
884 1685 1001 1713 manife-

214 1742 287 1764 stum
301 1741 353 1768 est,
365 1740 392 1763 et
404 1735 470 1762 nihil
485 1736 518 1762 ad
531 1734 722 1770 propositum);
736 1734 776 1761 sic
789 1733 870 1761 etiam
885 1733 948 1761 illud
956 1740 1002 1761 su-

215 1791 264 1818 pra
277 1781 362 1809 rolem
378 1781 477 1809 bonum
492 1780 573 1813 Deus,
583 1779 628 1814 qui
637 1779 798 1814 primawum
810 1783 852 1807 est
864 1780 1002 1814 exemplar

215 1832 344 1864 respectu
359 1827 515 1855 istiusmodi
530 1826 653 1854 obscura
667 1830 694 1854 et
708 1826 844 1854 absimilis
860 1826 1000 1862 imaginis.

214 1877 274 1912 ipsa
290 1882 339 1902 sua
353 1873 505 1902 substantia
518 1881 571 1908 qua
587 1873 673 1901 bonus
698 1877 751 1907 est,
776 1873 859 1900 rebus
874 1873 941 1908 ipsis
953 1879 1002 1906 pro

216 1923 349 1958 cujusque
374 1924 455 1954 captu
470 1918 601 1946 bonitatis
622 1925 678 1946 sua:
693 1918 787 1946 radios
804 1917 929 1946 aﬂ‘undit.
945 1917 1002 1945 Hac

1049 674 1170 701 παλαιὰν
1182 675 1289 710 χρῆσιν,
1312 675 1441 708 ἀπόθεσις
1460 677 1519 703 ἐστι
1536 676 1591 704 τῶν
1611 677 1769 713 λεχθέντων,
1791 679 1846 706 καὶΔ

1050 719 1158 756 ἓναρξις
1168 720 1222 748 τῶν
1240 721 1387 757 ἐσομένων,
1401 722 1462 749 ἀντὶ
1474 722 1678 755 τοῦ,Ἔστωσαν
1691 724 1723 760 δὴ
1740 722 1788 751 οὖν
1804 725 1840 752 τὰ

1049 766 1250 802 προειρημένα”
1268 767 1316 793 νῦν
1331 767 1360 794 δὲ
1371 767 1503 804 χωρῶμεν
1518 769 1547 794 ὲν
1562 769 1602 804 τῷ
1619 769 1690 806 λόγῳ
1701 770 1743 797 ἐπ’
1754 771 1841 807 αὐτὴν

1048 811 1099 847 τὴν
1113 811 1160 838 τοῦ
1175 812 1278 846 ἀγαθοῦ
1291 813 1449 849 ὀνομασίαν,
1464 815 1498 849 ἢν
1515 815 1697 852 διαφερόντως
1708 817 1733 843 οἱ
1748 816 1840 844 θεολό-

1049 866 1092 892 γοι
1107 857 1262 885 ἀνατιθέασι
1276 860 1310 895 τῇ
1331 858 1448 895 θεότητι,
1458 860 1566 887 πάντων
1578 861 1633 888 τῶν
1646 862 1841 898 παραχθέντων

1049 904 1157 941 δηλαδὴ,
1174 905 1215 932 ὅτι
1229 905 1263 932 τὰ
1283 906 1419 940 πάντα·ὲξ
1436 907 1521 943 αὐτῆς
1542 908 1679 943 παρῆκται
1693 908 1840 943 δι’άγαθό-

1049 960 1127 986 τητα,
1153 951 1277 986 λέγοντες
1302 952 1386 988 αὐτὴν
1408 952 1458 988 τὴν
1485 953 1533 980 τοῦ
1558 953 1625 980 Θεοῦ
1650 954 1841 990 ὑπερύπαρξιν

1050 998 1207 1034 ἀγαθότητα
1227 999 1274 1026 καὶ
1297 999 1529 1034 αὑτοαγαθότητα.
1553 1000 1589 1027 Οὐ
1612 1000 1666 1036 μὴν
1685 1000 1714 1027 δὲ
1730 1001 1847 1028 ἀλλ’ὅτι

1050 1043 1100 1069 οὐκ
1110 1044 1256 1080 ἐπίκτητον
1271 1046 1318 1072 καὶ
1331 1045 1501 1081 συμϐεϐηκὸς
1513 1045 1568 1081 ἔχει
1580 1046 1610 1073 τὸ
1624 1047 1724 1080 ἀγαθὸν
1735 1048 1749 1073 6
1761 1046 1840 1080 Θεὸς,

1051 1089 1131 1121 ὥστε,
1148 1090 1212 1117 ἄλλο
1223 1099 1250 1117 τι
1271 1091 1309 1123 ὃν,
1324 1091 1503 1127 ὲπισύμϐαμα
1523 1092 1596 1128 ἔχειν
1611 1093 1642 1119 τὸ
1654 1093 1765 1127 ἀγαθὸν,
1782 1093 1841 1120 ἀλλ’

1052 1135 1131 1170 οὐσίᾳ
1145 1135 1192 1162 τοῦ
1208 1136 1309 1171 ἀγαθοῦ
1324 1137 1404 1169 αὐτὸς
1415 1138 1554 1173 ὑπάρχων,
1569 1138 1683 1165 ἐκτείνει
1696 1139 1759 1174 περὶ
1772 1140 1843 1166 πάν·

1050 1189 1099 1212 τας
1116 1181 1165 1217 τὴν
1183 1182 1232 1218 τῆς
1249 1182 1416 1219 άγαϐότητος
1429 1183 1525 1219 αἴγλην
1540 1183 1660 1218 φυσικῶς
1676 1186 1705 1211 ὲν
1722 1184 1761 1220 τῷ
1771 1183 1842 1212 εἶναι

1052 1229 1165 1263 ἀγαθόν.
1180 1229 1285 1264 Ὠσπερ
1300 1229 1355 1265 γὰρ
1366 1230 1380 1256 ὁ
1397 1229 1472 1264 ἥλιος
1491 1230 1541 1256 οὑκ
1554 1230 1617 1257 ἄλλο
1633 1239 1659 1257 τι
1673 1232 1710 1259 ὢν
1722 1232 1798 1268 παρὰ
1810 1233 1843 1259 τὺ

1053 1274 1121 1309 φῶς,
1129 1275 1190 1301 οὐδὲ
1203 1276 1335 1310 ἑτέρωθεν
1343 1275 1373 1302 τὸ
1388 1275 1446 1310 φῶς
1460 1275 1605 1311 λαμϐάνων
1615 1276 1726 1311 φωτίζει
1737 1286 1744 1292 ·
1760 1278 1854 1312 αὐτὺςέ

1053 1320 1107 1356 γάρ
1127 1321 1184 1346 ἐστι
1198 1321 1265 1355 φῶς,
1278 1321 1325 1348 καὶ
1336 1321 1448 1355 φωτίζει
1468 1321 1589 1356 φυσικῶς
1607 1323 1636 1349 ἐν
1647 1322 1685 1358 τῷ
1699 1320 1768 1349 εἶναι
1783 1323 1843 1358 φῶς

1052 1365 1140 1392 πάντα
1153 1365 1187 1391 τὰ
1197 1365 1334 1401 δυνάμενα
1345 1367 1469 1402 μετέχειν
1483 1366 1575 1399 αὐτοῦ,
1589 1366 1649 1394 οὔτε
1657 1367 1843 1404 λογιζόμενος,

1050 1409 1113 1436 οὒτε
1127 1411 1358 1446 προαιρούμενος-
1375 1411 1412 1447 μὴ
1426 1412 1550 1446 φωτίζων
1566 1412 1620 1447 γὰρ
1639 1413 1700 1439 οὐδέ
1714 1422 1745 1448 γε
1766 1413 1844 1448 ἥλιος

1052 1455 1085 1482 ἂν
1100 1455 1143 1491 είη
1153 1465 1160 1471 ·
1173 1457 1220 1483 καὶ
1232 1458 1258 1483 τί
1272 1458 1305 1485 ἂν
1321 1458 1364 1493 εἴη
1377 1458 1440 1485 ἄλλο
1458 1459 1562 1493 λογίσαι
1586 1460 1616 1486 τὸ
1630 1461 1756 1494 φωτίσαι,
1771 1462 1785 1487 ὁ
1803 1461 1842 1497 μὴ

1051 1502 1089 1528 ὢν
1115 1503 1188 1537 φῶςς
1211 1503 1288 1530 τοῦτο
1313 1504 1368 1540 γὰρ
1386 1506 1512 1540 ἐμφαίνει
1533 1507 1546 1532 6
1567 1507 1652 1540 ἅγιος,
1676 1508 1723 1534 καὶ
1739 1508 1789 1543 οὺχ
1800 1508 1843 1535 ὅτι

1052 1550 1146 1581 ἁπλῶς
1166 1550 1263 1585 ἄλογός
1281 1553 1340 1578 ἔστι
1360 1552 1407 1578 καὶ
1421 1553 1601 1588 ἀπροαίρετος
1619 1554 1633 1579 ὁ
1651 1554 1737 1589 ἥλιος,
1762 1555 1844 1582 τοῦτο

1052 1594 1107 1631 γὰρ
1121 1595 1209 1630 δῆλον,
1226 1595 1274 1622 καὶ
1289 1596 1366 1622 οὐδὲν
1380 1597 1449 1632 πρὸς
1466 1598 1496 1624 τὸ
1515 1599 1694 1633 προκείμενον
1706 1608 1713 1614 ·
1726 1599 1797 1626 οὕτω
1808 1599 1843 1635 δὴ

1053 1641 1100 1667 καὶ
1119 1640 1150 1667 τὺ
1171 1641 1241 1677 ὑπὲρ
1265 1641 1341 1677 ἥλιον
1364 1642 1466 1676 ἀγαθὸν
1488 1644 1502 1669 6
1516 1643 1592 1676 Θεὸς,
1613 1644 1644 1670 τὸ
1665 1644 1844 1682 ὲξῃρημένως

1053 1687 1207 1723 ἀρχέτυπον
1221 1689 1287 1724 πρὸς
1298 1689 1425 1724 τοιαύτην
1439 1690 1578 1725 σκοτεινὴν
1593 1691 1639 1717 καὶ
1651 1693 1735 1726 μηδὲν
1753 1700 1844 1728 παρο-

1054 1733 1219 1770 μοιάζουσαν
1238 1734 1340 1766 είκὸνα,
1366 1735 1434 1770 αὐτῇ
1458 1736 1491 1770 τῇ
1508 1735 1634 1771 ὑπάρξει,
1653 1737 1700 1763 καὶ
1718 1735 1757 1771 τῷ
1772 1736 1844 1764 εἶναι

1053 1779 1164 1813 ἀγαθὸς,
1185 1779 1235 1820 τὰς
1253 1780 1364 1812 ἀκτῖνας
1383 1780 1431 1815 τῆς
1444 1781 1609 1816 ἀγαθότητος
1628 1782 1764 1817 ἀναλόγως
1786 1785 1845 1815 τοῖς

1052 1821 1128 1850 οὖσιν
1140 1823 1243 1858 ἐφίησι.
1262 1824 1311 1850 Διὰ
1325 1823 1428 1860 ταύτης
1439 1826 1467 1852 αἱ
1484 1826 1607 1862 οὐράνιαι
1621 1827 1710 1854 οὐσίαι
1723 1827 1846 1864 ὑπέστη-

1054 1878 1114 1902 σαν,
1131 1871 1158 1896 αἱ
1173 1869 1266 1905 νοηταί
1278 1878 1308 1896 τε
1320 1869 1367 1896 καὶ
1378 1871 1479 1906 νοεραί.
1496 1872 1576 1899 ΙΆλλο
1586 1873 1615 1899 δέ
1627 1874 1685 1900 ἐστι
1699 1873 1730 1900 τὸ
1737 1875 1843 1910 νοητὸν,

1053 1917 1100 1943 καὶ
1115 1916 1179 1943 ἄλλο
1192 1916 1222 1942 τὸ
1233 1916 1335 1952 νοερόν.
1355 1916 1391 1942 To
1403 1916 1457 1952 γὰρ
1472 1918 1566 1954 νοητὸν
1579 1916 1623 1945 οἷά
1637 1928 1679 1951 τις
1693 1920 1781 1955 τροφὴ
1795 1920 1845 1947 τοῦ

215 1974 311 1996 omnes
322 1964 506 2000 intelligibiles
522 1971 553 1991 ac
568 1963 751 1999 intelligentes
762 1964 920 1992 substantia:
930 1971 1001 1992 con-

1053 1961 1146 1997 νοεροῦ
1160 1962 1243 1994 ἐστιν,
1257 1961 1373 1997 εῖπερτὺ
1380 1961 1534 1998 νοούμενον,
1546 1964 1559 1990 ὅ
1569 1965 1627 1991 ἐστι
1635 1965 1739 2000 νοητὸν,
1750 1965 1845 2000 μεῖζόν

215 2015 329 2042 sistunt.
345 2012 426 2040 Aliud
444 2015 535 2039 autem
547 2015 589 2038 est
601 2010 771 2046 intelligibile
793 2015 822 2039 et
836 2010 907 2038 aliud
921 2010 1002 2039 intel-

215 2061 313 2095 ligens,
334 2066 396 2086 nam
411 2058 438 2086 id
451 2058 523 2093 quod
539 2056 709 2092 intelligibile
729 2061 781 2091 est,
811 2062 852 2085 est
865 2057 938 2085 velut
953 2057 1003 2084 ali-

217 2110 338 2133 mentum
363 2104 421 2139 ejus
443 2105 515 2138 quod
540 2103 690 2138 intelligit;
720 2103 849 2137 quoniam
876 2103 903 2130 id
930 2103 1003 2138 quod

217 2151 390 2186 intelligitur,
408 2158 457 2178 seu
470 2149 650 2184 intelligibile,
677 2149 797 2178 nobilius
814 2154 865 2182 est,
879 2154 906 2178 et
921 2155 1003 2177 antea

217 2197 385 2232 intelligitur,
399 2203 481 2231 quam
501 2195 529 2223 id
552 2196 623 2230 quod
647 2194 786 2230 intelligit,
799 2194 826 2222 id
843 2198 885 2222 est
901 2194 1003 2223 intelli-

217 2252 294 2280 gens.
311 2243 473 2278 Superiores
489 2241 572 2277 igitur
586 2246 614 2269 et
633 2241 689 2268 Deo
705 2240 786 2268 vicini
807 2241 919 2269 ordines
939 2248 1004 2276 pro-

217 2291 277 2326 prie
292 2289 400 2316 dicendi
423 2292 487 2316 sunt
502 2287 694 2319 intellectiles;
711 2286 859 2314 inferiores
870 2293 936 2314 vero
958 2286 999 2313 in-

218 2335 382 2371 telligenles,
397 2337 427 2361 ut
445 2333 490 2368 qui
506 2332 658 2368 intelligant
673 2332 849 2366 superiores;
863 2338 916 2358 non
943 2331 1004 2359 ideo

219 2387 311 2409 tamen
327 2381 400 2416 quod
424 2377 598 2406 intellectiles
617 2377 754 2408 dicantur,
771 2377 817 2412 qui
843 2377 1003 2410 intelligun-

219 2433 275 2461 tur,
292 2425 457 2454 censendum
473 2428 516 2451 est
530 2424 604 2458 ipsos
616 2431 668 2450 non
687 2422 857 2458 intelligere;
872 2422 923 2458 ipsi
931 2423 1003 2450 enim

219 2474 386 2509 intelligunt,
400 2462 646 2508 quoniam'mentes
657 2475 721 2498 sunt
733 2474 760 2498 et
768 2469 1005 2497 substantialdeo

220 2520 410 2554 intelliguntur
425 2518 547 2553 quidem,
568 2521 597 2544 ut
612 2517 732 2544 materiae
744 2520 887 2551 expertes;
902 2515 1003 2543 intelli-

221 2569 288 2601 gunt
301 2573 365 2592 vero
378 2569 435 2596 res.
447 2568 477 2591 ut
488 2564 643 2598 incorporei
657 2567 686 2591 et
700 2561 944 2597 supermundiales,
961 2568 1005 2588 ra-

220 2611 342 2638 tionibus
354 2617 444 2637 rerum
461 2616 578 2645 superne
594 2608 732 2641 illustrati,
748 2609 875 2643 ipsasque
888 2608 1004 2643 mystice

1054 2009 1112 2034 ὲστι
1122 2008 1169 2034 καὶ
1177 2007 1422 2043 προεπινοούμενον
1434 2009 1481 2036 τοῦ
1495 2009 1630 2042 νοοῦντος,
1643 2010 1657 2036 ὅ
1671 2011 1843 2046 ὲστινοερὸν.

1054 2053 1094 2080 Τὰ
1106 2053 1155 2088 μὲν
1164 2051 1210 2080 οὖν
1220 2053 1407 2088 ὑπερκείμενα
1416 2055 1462 2081 καὶ
1471 2056 1591 2091 προσεχῆ
1602 2056 1641 2091 τῷ
1649 2056 1708 2092 Θεῷ
1714 2057 1845 2092 τάγματα

1054 2099 1136 2135 νοητὰ
1165 2099 1267 2135 κυρίως
1285 2100 1404 2133 λεκτέον,
1427 2101 1461 2127 τὰ
1484 2101 1514 2128 δὲ
1538 2101 1726 2138 ὑποϐεϐηκότα
1748 2104 1843 2139 νοερὰ,

1054 2146 1101 2172 ἅτε
1121 2145 1232 2173 νοοῦντα
1244 2145 1278 2172 τὰ
1294 2146 1494 2182 ὑπερκείμενα·
1510 2147 1559 2183 οὐχ
1577 2147 1617 2174 ὅτι
1630 2148 1659 2174 δὲ
1679 2149 1763 2184 νοητά
1784 2151 1845 2177 ἐστι

1053 2192 1087 2219 τά
1109 2192 1249 2228 νοούμενα,
1264 2193 1406 2228 νομιστέον
1419 2193 1488 2220 αὐτὰ
1503 2193 1540 2229 μὴ
1562 2195 1631 2220 νοεῖν
1641 2204 1648 2209 ·
1663 2194 1719 2221 νοεῖ
1730 2194 1785 2232 γὰρ
1796 2196 1845 2222 καὶ

1054 2240 1134 2273 αὐτὰ,
1149 2240 1243 2276 ἐπειδὴ
1256 2240 1314 2272 νόες
1327 2240 1382 2266 είσὶ
1394 2240 1441 2267 καὶ
1461 2240 1561 2266 οὐσίαι.
1578 2240 1624 2266 Διὸ
1643 2239 1765 2267 νοοῦνται
1781 2241 1844 2276 μὲν,

1054 2286 1092 2318 ὡς
1106 2286 1192 2319 ᾶῦλοι,
1207 2286 1296 2313 νοοῦσι
1310 2286 1339 2312 δὲ
1359 2286 1392 2313 τὰ
1405 2286 1479 2318 ὄντα,
1494 2286 1532 2318 ὡς
1553 2286 1611 2318 vde;
1631 2286 1771 2322 ἀσώματοι
1795 2288 1844 2314 καὶ¹

1055 2332 1245 2369 ὑπερκόσμιοι,
1270 2332 1373 2359 ἄνωθεν
1400 2332 1600 2368 ὲλλαμπόμενοι
1614 2333 1678 2365 τοὺς
1703 2332 1844 2368 περὶτῶν

1054 2378 1138 2404 ὖντων
1149 2378 1255 2413 λόγους,
1263 2377 1310 2404 καὶ
1326 2376 1526 2409 διαὸιὸάζοντες
1543 2377 1641 2409 αὐτοὺς
1653 2377 1792 2413 μυστικῶς
1802 2378 1846 2409 εἰς

1053 2425 1116 2456 τοὺς
1127 2423 1331 2460 ὑποϐεϐηκότας
1348 2422 1490 2457 ἀγγέλους.
1505 2424 1638 2459 Δυνάμεις
1651 2423 1679 2450 δὲ
1700 2423 1748 2450 καὶ
1767 2425 1843 2459 ἐνερ-

1054 2470 1130 2504 γείας
1141 2470 1214 2504 λέγει
1228 2470 1329 2501 ταύτας
1339 2469 1389 2496 οὐκ
1399 2469 1610 2501 ἀνυποστάτους,
1619 2468 1676 2496 ἀλλ’
1693 2469 1843 2496 ἐνυποσ-τά-

1053 2525 1115 2547 τους
1129 2516 1175 2542 καὶ
1188 2515 1287 2547 ζώσας,
1299 2515 1413 2548 δυνατάς
1426 2525 1457 2543 τε
1466 2516 1513 2542 καὶ
1525 2516 1647 2551 ὲνεργεῖς
1658 2514 1712 2541 τῶν
1734 2515 1843 2542 οἰκείων

1053 2564 1195 2598 κινήσεων,
1203 2563 1308 2590 δυνατοὶ
1316 2563 1369 2598 γὰρ
1379 2563 1450 2599 ίσχὺῖ
1457 2563 1532 2599 παρὰ
1539 2562 1577 2598 τῷ
1583 2559 1663 2589 Δαυτδ
1668 2562 1801 2596 λέγονται.
1807 2562 1843 2588 Ἦ

1055 2611 1102 2636 καὶ
1117 2609 1202 2640 ἄλλως
1213 2609 1339 2644 δυνάμεις
1353 2609 1411 2644 μὲν,
1432 2609 1525 2644 ἐπειδὴ
1543 2609 1590 2636 καὶ
1606 2609 1688 2644 μήπω
1697 2608 1752 2634 τῶν
1763 2609 1793 2634 ὲν
1808 2609 1842 2642 τῇ

219 2656 303 2693 384
320 2657 352 2683 ad
365 2642 509 2683 inferiores
521 2656 632 2691 angelos
647 2642 825 2689 trajicientes.
840 2654 894 2682 Hos
912 2642 1001 2680 autem

1057 2657 1145 2682 κτίσει
1156 2642 1304 2690 φανέντων,
1315 2642 1428 2690 δυνάμει
1442 2642 1530 2682 πάντα
1541 2642 1646 2690 τῷ
1657 2653 1840 2689 προῦφειοτή-

220 2707 300 2729 vocat
314 2702 430 2729 virtutes
444 2704 471 2728 et
497 2701 680 2736 operationes,
697 2708 749 2728 non
763 2700 834 2735 quod
849 2707 902 2727 non
914 2699 1004 2727 subsi-

221 2752 304 2780 stant,
321 2748 367 2774 scd
379 2747 560 2776 subsistentes
571 2748 627 2775 sint
642 2755 674 2774 ac
681 2747 816 2781 viventes,
829 2752 856 2774 et
867 2740 1014 2781 potentes,

221 2799 248 2822 et
260 2793 382 2822 eﬂicaces
394 2798 516 2821 motuum
528 2794 715 2829 propriorum;
729 2801 744 2821 a
761 2794 862 2822 Davide
875 2793 948 2822 enim
958 2793 1001 2821 di-

1058 2711 1111 2734 κει,
1135 2701 1266 2737 μέλλοντα
1289 2701 1461 2736 παράγεσθαι
1481 2701 1515 2727 δι’
1536 2700 1617 2727 αὑτοῦ
1645 2700 1685 2731 είς
1706 2698 1738 2725 τδ
1759 2696 1840 2725 εἶναι·

1056 2748 1189 2783 ἐνέργειαι
1202 2746 1241 2780 δὲ,
1259 2747 1299 2773 ὅτι
1315 2746 1361 2773 καὶ
1381 2746 1449 2782 πρὸς
1467 2746 1546 2781 ἔργον
1557 2745 1574 2780 ἡ
1588 2743 1750 2780 δημιουργία
1768 2750 1841 2779 παρ-

1057 2793 1136 2828 ήχθη.
1155 2792 1205 2819 Διὰ
1220 2791 1320 2823 ταύτας
1334 2791 1383 2823 τὰς
1402 2791 1513 2822 ἀκτῖνας
1530 2790 1581 2825 τῆς
1596 2789 1774 2825 ἀγαθότητος,
1795 2787 1841 2816 καί

257 2883 313 2919 (39)
334 2883 400 2912 Vide
416 2884 524 2914 Scholia
540 2883 568 2913 S.
584 2883 702 2918 Maximi,
713 2887 780 2912 tom.
798 2883 829 2916 ll,
845 2890 904 2918 cap.
920 2882 937 2911 4
962 2882 1001 2910 De
1013 2881 1107 2909 divini:
1125 2881 1225 2910 nomin.
