1938 3065
103 215 159 244 759

394 215 439 244 DE
457 215 584 245 Dm
599 214 796 248 NOIINIBUS,
814 215 891 243 CAP.
911 214 954 242 IV'.
972 229 1007 234 —-
1023 213 1197 242 PARAPHR.
1215 213 1452 243 PACIIYMERJE.

1684 215 1736 244 750

106 274 178 300 datv
186 273 266 300 αὑταὶ
276 273 324 300 καὶ
332 271 410 305 ζῶσι,
418 273 466 300 καὶ
476 273 652 300 ἀνέκλειπτον
659 273 753 309 ἔχουσι
758 273 810 308 τὴν
817 273 897 309 ζωὴν,

952 277 1050 299 crnitur
1058 277 1174 307 potenter
1183 272 1292 299 virtutei
1299 271 1357 299 .Vel
1364 272 1446 299 etiam
1457 273 1510 300 alio
1518 273 1598 301 modo
1606 272 1738 302 :Virtutes

106 318 309 355 καθαρεύουσαι
320 319 368 345 καὶ
381 319 484 355 φθορᾶς
499 320 546 346 καὶ
561 319 688 352 θανάτου,
700 320 748 346 καὶ
765 319 840 354 ὕλης,
854 319 903 346 καὶ

106 366 256 401 γενέσεως.
270 365 360 402 Φθορὰ
375 366 403 392 δέ
418 367 477 392 ἐστι
491 366 538 393 τοῦ
560 366 675 394 Θανάτου
696 366 902 402 καθολικωτέρα

105 411 125 447 ἢ
134 413 209 444 είςτὸ
218 412 255 448 μὴ
269 411 298 439 ὃν
308 412 424 448 κίνησις,
433 412 495 448 ἥτις
504 413 562 439 ἐστὶ
570 413 617 439 καὶ
630 412 685 439 τῶν
693 412 814 448 ἀψύχων.
826 413 901 440 Γενέ-

107 469 179 493 σεως
185 461 214 488 δὲ
223 460 358 497 ἀνώτεραι
369 462 397 488 αἱ
408 461 546 496 δυνάμεις,
557 461 607 496 οὐχ
619 461 661 488 ὃτι
670 461 721 487 οὐκ
731 460 900 497 ἐγενήθησαν

105 507 168 543 (καὶ
181 506 236 543 γὰρ
249 507 295 543 ὲδη
301 507 526 544 μιουργήθησαν),
544 507 602 534 ἀλλ’
614 507 654 534 ὅτι
667 507 696 541 ἐξ
707 506 774 543 ὕλης
786 507 816 534 ού
828 507 900 534 συνέ-

106 561 211 588 πησαν
220 561 227 567 ·
240 551 354 579 τοιαῦτα
370 551 424 588 γὰρ
436 551 471 578 τὰ
491 553 520 579 ἐν
533 551 639 586 γενέσει
652 552 698 578 καὶ
712 551 809 587 φθορᾷ,
820 548 861 583 οἷς
881 553 898 587 ἡ

105 598 159 634 ὕλη
173 598 351 634 ὑποκειμένη,
371 599 396 624 εί
417 598 467 634 μὲν
485 596 555 630 εῐδος
573 598 689 632 δέξεται,
710 599 898 632 εἰδοποιεὴαι,

105 645 157 672 καὶ
170 644 223 671 ἰδοὺ
232 645 261 671 δν
270 653 296 671 τι
304 645 422 679 ἐγένετο·
432 646 456 672 εἰ
466 645 495 671 δὲ
504 645 647 682 στερηθείη
657 645 703 672 τοῦ
709 645 762 672 εῐδο
768 654 807 677 υς,
815 647 901 682 χωρεῖ

79 725 83 726 ν
103 691 177 727 πρὸς
189 691 219 717 τὸ
230 690 357 723 ἀνείδεον,
372 691 419 718 καὶ
438 691 492 718 ἰδοὺ
503 690 592 727 φθορά
603 699 676 723 τινος
690 691 777 723 δντος,
799 691 845 717 καὶ
860 692 900 724 εἰς

103 736 139 763 τὺ
155 736 191 773 μὴ
209 736 239 763 ὃν
254 736 370 772 κίνησις.
394 738 426 764 Ai
445 737 473 764 δὲ
494 737 565 764 θεῖαι
581 737 710 773 δυνάμεις
729 738 777 764 καὶ
797 737 900 764 τούτων

103 782 242 819 ἀνώτεραι
259 783 313 809 τῶν
336 782 442 819 φθορῶν
462 792 492 810 τε
513 784 559 810 καὶ
571 783 627 809 τῶν
639 783 784 817 γενέσεων,
797 783 838 809 ὅτι
851 782 900 809 καὶ

103 827 193 860 ἄῦλοι,
203 829 249 855 καὶ
255 829 304 865 τῆς
313 829 428 865 ῥευστῆς
435 828 603 861 ἀλλοιώσεως
610 829 804 864 ἀνῳκισμέναι.
814 828 900 855 Τοῦτο

102 874 136 901 δὲ
148 874 232 908 λέγει,
246 874 341 910 ἐπειδὴ
359 874 472 910 τρεπτοὶ
484 875 531 902 καὶ
547 875 570 901 οί
588 874 697 909 ἄγγελοι
717 874 898 910 ὲδημιουργή-

103 920 204 957 θησαν,
228 921 296 948 ἀλλὰ
310 921 381 948 κατὰ
396 919 554 957 γνώμην,ού
569 921 629 948 κατ’
640 921 734 948 οὐσίαν
743 929 751 936 “
764 920 825 948 ὅθεν
836 921 898 948 κατ’

102 966 202 994 οὐσίαν
214 967 274 993 ἐστὶ
286 967 392 998 τούτοις
408 967 456 994 καὶ
469 967 500 993 τὸ
515 967 704 994 ἀναλλοίωτον.
719 966 819 1002 Νοητοὶ
831 966 897 1001 γοῦν

101 1011 176 1038 εἰσιν
188 1011 226 1043 ὡς
235 1011 387 1047 ἀσώματοι,
404 1011 450 1038 καὶ
461 1012 526 1047 παρ’
540 1011 662 1048 ἀλλήλων
677 1013 724 1039 καὶ
738 1013 803 1048 παρ’
818 1011 898 1048 ἡμῶν

102 1057 231 1085 ὁπωσοῦν
244 1057 394 1093 νοούμενοι,
418 1058 465 1085 καὶ
476 1059 563 1094 νοεροὶ
577 1058 614 1090 ὡς
623 1058 692 1091 νόες,
706 1059 752 1085 καὶ
761 1059 801 1086 ὃτι
814 1059 898 1094 ὑπερ-

103 1104 229 1139 κοσμίως
241 1103 356 1136 νοοῦσιν,
367 1103 557 1136 ἐπιϐάλλοντες
570 1104 603 1131 δι’
611 1104 772 1140 ementem;
785 1106 841 1137 τοῖς
854 1104 898 1132 λό-

102 1158 167 1184 γοις
176 1150 230 1177 τῶν
240 1150 325 1177 ὄντων
341 1150 389 1177 καὶ
402 1150 452 1177 ούκ
463 1150 599 1186 αἰσθητῶς
609 1151 654 1186 ζὼς
665 1151 745 1187 ἡμεῖς
758 1151 813 1178 τῶν
828 1159 898 1187 πρα-

102 1195 220 1231 γμάτων
230 1195 502 1230 ἀντιλαμϐανόμενοι.
517 1195 549 1222 El
563 1195 593 1222 δὲ
613 1196 661 1222 καὶ
671 1197 753 1231 ἡμεῖς
768 1195 897 1228 πολλάκις

102 1242 163 1273 τοῖς
177 1240 266 1275 λόγοις
276 1240 470 1276 ὲπιόἅλλομεν,
482 1241 539 1268 ἀλλ’
553 1241 773 1277 ὲπιστημονικῶς
789 1241 836 1269 καὶ
848 1241 898 1274 τὰς

103 1287 196 1323 ἀρχὰς
208 1287 314 1322 ἔχοντες
329 1286 360 1319 ἐξ
371 1287 533 1322 αἰσθήσεως,
554 1287 602 1314 καὶ
617 1286 661 1314 διὰ
680 1287 760 1314 τοῦτο
777 1287 898 1323 δεόμενοι

102 1333 225 1368 ταύτης·
255 1332 332 1359 οὐδὲν
356 1333 411 1368 γὰρ
432 1332 484 1366 ἔξω
503 1333 554 1368 τῆς
581 1332 732 1369 αἰσθήσεως
756 1333 897 1369 γινόμενον

104 1379 197 1414 ἴσμεν,
210 1378 262 1406 κᾶν
275 1379 424 1415 ᾐσθημένοι
437 1376 511 1415 ὦμεν
524 1379 617 1406 αὐτοῦ.
638 1379 706 1406 Ἀλλ’
718 1380 743 1406 οἱ
761 1379 827 1407 θεῖοι
838 1380 898 1412 νόες

102 1425 300 1461 ὑπερκοσμίως
312 1426 375 1457 τοὺς
385 1425 479 1460 λόγους
491 1425 685 1461 ὲλλάμπονται,
701 1426 748 1453 καὶ
759 1428 816 1458 τοῖς
831 1435 897 1460 συγ-

102 1471 198 1505 γενέσι
219 1471 460 1506 διαπορθμεύουσι,
482 1471 530 1498 καὶ
549 1471 627 1507 μονὴ,
647 1473 695 1498 καὶ
715 1472 830 1507 ἵδρυσις,
851 1472 897 1498 καὶ

104 1518 303 1553 συγκράτησις,
324 1519 371 1545 καὶ
392 1519 557 1555 συντήρησις
578 1519 674 1550 αὐταῖς
696 1519 770 1545 ἐστιν
791 1519 824 1544 ὲκ
847 1517 897 1552 τῆς

103 1564 273 1600 ἀγαοὸτητος
280 1564 327 1591 τοῦ
339 1564 406 1591 Θεοῦ
415 1573 423 1580 ·
437 1565 485 1592 καὶ
498 1565 527 1591 τδ
539 1563 607 1592 εἷναι
619 1565 719 1596 ταύτας
732 1564 826 1600 ὥσπερ
836 1562 897 1590 τινὰ

103 1610 199 1637 ἑστίαν
211 1611 258 1637 καὶ
271 1611 341 1638 θεῖον
356 1610 447 1646 βωμὸν
459 1611 515 1638 τῶν
526 1612 559 1637 ὲκ
570 1611 638 1638 Θεοῦ
649 1610 768 1645 ἀγαθῶν.
779 1611 900 1638 Ἑστίιν

952 317 1073 352 quidem,
1089 317 1161 352 quod
1187 325 1250 344 cum
1279 318 1393 344 necdum
1409 324 1544 345 creatum
1558 324 1738 354 apparerent,

952 363 1044 391 «inania
1053 363 1153 391 virtute
1162 362 1188 390 iu
1202 363 1340 390 Deoautea
1348 364 1529 396 substiterint,
1539 372 1598 399 qua:
1610 365 1643 392 ab
1654 373 1698 397 eo,
1709 369 1739 392 ut

952 413 1054 440 essent,
1068 409 1243 443 producenda
1261 413 1338 436 erant
1356 409 1553 444 :Operatiunes
1571 418 1650 444 vero,
1666 411 1739 446 quod

951 461 1078 482 creatura
1105 455 1187 482 etiam
1215 455 1250 482 ad
1277 455 1464 490 operationem
1488 457 1616 490 perducta
1645 457 1737 485 fuerit.

953 499 1066 534 Propter
1078 501 1158 527 hosce
1169 500 1299 527 bonitatis
1313 501 1403 528 radios
1412 505 1440 528 et
1449 507 1512 528 sunt
1523 502 1572 537 ipsi
1588 507 1616 530 et
1632 503 1737 537 vivunt,

950 551 978 572 et
994 545 1077 572 vitam
1094 545 1195 572 habent
1209 546 1422 580 indeﬁcientcm,
1436 552 1463 574 et
1481 555 1497 574 a
1509 547 1697 582 corruptione.
1711 554 1739 576 et

952 597 1050 624 morte,
1065 596 1093 619 et
1107 593 1236 624 materia.
1247 597 1274 620 et
1287 593 1465 627 generatione
1485 598 1551 621 sunt
1567 593 1657 620 liberi.
1672 594 1740 621 Cor-

952 638 1041 673 ruplio
1051 642 1154 671 autem,
1166 646 1227 674 qua:
1240 639 1326 674 magis
1342 638 1395 666 late
1404 644 1478 674 patet
1492 644 1588 672 morte,
1603 645 1645 667 est
1656 640 1739 667 motio

950 685 983 711 ad
997 684 1023 712 id
1038 684 1110 719 quod
1126 692 1178 712 non
1193 690 1246 717 est,
1257 693 1316 720 qius
1327 686 1410 713 etiam
1422 687 1553 721 competit
1569 686 1738 714 inanimatis.

951 731 1071 759 Virtutes
1084 734 1177 758 autem
1189 731 1367 766 generatione
1391 736 1457 760 sunt
1481 732 1667 766 sublimiores,
1685 740 1738 760 nou

950 778 1021 813 quod
1032 785 1086 806 non
1109 777 1187 805 facta;
1204 777 1260 804 sint
1283 777 1428 812 (siquidem
1464 782 1563 805 creatae
1588 778 1674 813 sunt),
1690 779 1739 806 sed

950 824 1021 857 quod
1039 830 1092 850 non
1107 827 1238 850 constent
1255 823 1390 856 materia;
1405 823 1557 850 istiusmodi
1574 824 1647 851 enim
1663 829 1739 857 sunt,

951 875 1010 903 quae
1026 868 1052 895 in
1074 868 1252 903 generatione
1266 875 1299 896 ac
1313 868 1490 904 corruptione
1505 874 1661 902 versantur,
1677 870 1740 905 qui-

949 914 1002 942 bus
1015 914 1131 942 materia
1145 914 1278 950 subjecla.
1291 914 1315 942 si
1332 914 1446 950 quidem
1463 915 1580 943 formam
1595 916 1738 952 suscipiat,

913 949 935 978 Β
950 959 1121 992 eﬂormatur,
1137 965 1164 987 et
1176 949 1241 987 ecce
1256 949 1358 994 aliquid
1375 960 1446 987 facta
1456 965 1515 993 est;
1528 960 1552 988 si
1572 967 1637 988 vero
1648 949 1738 990 forma

951 1005 1085 1040 privetur,
1109 1005 1140 1032 ﬁt
1164 1004 1267 1040 aliquid
1282 1005 1409 1037 informe,
1426 1009 1453 1032 et
1468 1012 1533 1033 ecce
1546 1005 1673 1033 interitus
1687 1013 1737 1033 cu-

946 1051 1055 1087 jusdam
1070 1052 1153 1084 entis,
1173 1056 1200 1079 et
1216 1052 1250 1079 ad
1264 1052 1289 1079 id
1303 1051 1375 1086 quod
1397 1059 1450 1079 non
1466 1055 1508 1079 est
1524 1051 1619 1079 motio.
1635 1051 1738 1079 Divina;

949 1103 1040 1126 autem
1061 1098 1188 1130 virtutes,
1210 1099 1293 1125 etiam
1313 1098 1387 1125 hisce
1408 1097 1583 1126 sublimiores
1601 1102 1656 1125 tam
1675 1105 1738 1126 cor-

949 1143 1124 1178 ruptionibus
1146 1150 1227 1179 quam
1242 1143 1476 1179 generationibus,
1489 1143 1619 1178 quoniam
1637 1147 1666 1170 et
1687 1143 1738 1170 im-

949 1188 1104 1216 materiales
1115 1194 1191 1223 sunt,
1205 1193 1232 1216 et
1247 1189 1281 1217 ab
1299 1188 1373 1217 omni
1386 1187 1460 1216 ﬂuxa
1482 1189 1671 1217 immutatione
1686 1197 1737 1217 ex-

949 1237 1057 1269 empta.
1079 1233 1136 1262 Hoc
1151 1233 1228 1267 dicit,
1240 1233 1370 1269 quoniam
1386 1233 1474 1268 angeli
1488 1234 1572 1262 etiam
1588 1234 1737 1262 mutabiles

948 1280 1034 1308 ereati
1059 1279 1180 1312 fuerunt,
1195 1280 1244 1307 sed
1259 1280 1408 1308 secundum
1427 1280 1601 1312 sententiam,
1620 1287 1673 1308 non
1692 1287 1739 1308 se-

949 1325 1068 1352 cundum
1093 1325 1299 1358 substantiam;
1332 1325 1405 1352 unde
1434 1326 1524 1360 quoad
1556 1325 1737 1353 substantiam

948 1370 1031 1398 etiam
1043 1375 1107 1398 sunt
1126 1370 1322 1399 immutabiles.
1334 1369 1509 1399 lntellectiles
1521 1370 1614 1406 itaque
1625 1375 1698 1402 sunt.
1709 1371 1739 1399 in

949 1420 1081 1450 quantum
1104 1415 1270 1450 incorporei,
1293 1420 1321 1444 et
1341 1418 1394 1443 tam
1418 1417 1453 1444 ab
1481 1416 1601 1444 invicem
1623 1424 1705 1451 quam
1721 1423 1738 1443 a

949 1462 1027 1490 nobis
1036 1462 1129 1497 aliquo
1139 1462 1217 1489 utodo
1231 1461 1350 1497 cogniti;
1366 1467 1394 1489 et
1407 1461 1602 1498 intelligentes,
1614 1462 1642 1489 in
1651 1469 1739 1497 quan-

949 1512 1005 1535 tum
1028 1512 1144 1540 mentes,
1162 1512 1189 1534 et
1204 1508 1334 1542 quoniam
1361 1507 1619 1542 supermundialiter
1636 1508 1737 1536 intelli-

949 1559 1026 1590 gunt,
1040 1562 1091 1590 per
1106 1554 1316 1582 illustrationem
1330 1562 1421 1582 rerum
1439 1556 1559 1582 rationes
1572 1562 1739 1590 cognoscen-

950 1605 1002 1634 tes,
1018 1605 1112 1629 etnon
1127 1601 1278 1634 sensiliter,
1293 1601 1331 1627 uti
1348 1608 1408 1634 nos,
1426 1608 1470 1628 res
1489 1601 1737 1636 apprehendentes.

104 1657 162 1693 γὰρ
179 1658 203 1684 oi.
219 1658 329 1685 παλαιοὶ
346 1658 393 1684 τὸν
411 1657 502 1693 βωμὸν
517 1658 642 1689 ἐκάλουν,
652 1657 684 1683 ἐν
701 1654 724 1691 ᾧ
737 1656 787 1688 τὰς
800 1656 896 1688 θυσίας

949 1647 1026 1681 Quod
1042 1647 1066 1675 si
1080 1655 1130 1675 nos
1145 1655 1254 1682 quoqtte
1270 1655 1322 1674 non
1339 1655 1400 1674 raro
1417 1654 1508 1674 rerum
1525 1647 1645 1674 rationes
1657 1646 1739 1674 intel-

103 1704 260 1730 ἐπετέλουν.
278 1703 390 1738 Ἔλεγον
408 1704 436 1731 δὲ
447 1704 495 1730 καὶ
507 1703 603 1739 ἑτέραν
615 1704 712 1739 νοητὴν
727 1703 830 1736 ἑστίαν,
845 1703 894 1738 τὴν

104 1751 172 1785 περὶ
189 1750 220 1777 τὸ
237 1750 302 1777 αὐτὸ
312 1750 367 1777 τῶν
387 1750 468 1777 θείων
483 1750 598 1785 ἵδρυσιν,
613 1751 646 1785 ἣν
659 1750 707 1777 καὶ
721 1749 798 1785 ίερὰν
811 1747 893 1785 εἶχον,

104 1796 155 1823 καὶ
165 1795 246 1831 ὅρκον
259 1795 388 1828 ἐτίθεντο,
403 1795 462 1822 θεῖα
474 1795 502 1822 δὲ
515 1794 548 1821 τὰ
561 1795 675 1830 οὐράνια
690 1795 793 1829 ελεγον.
814 1795 894 1829 Λέγει

105 1841 162 1876 γὰρ
174 1842 221 1868 καὶ
232 1841 247 1867 ὁ
264 1841 389 1872 Ἰουδαῖος
400 1841 487 1867 Φίλων
499 1842 530 1867 ὲν
542 1840 581 1876 τῷ
593 1841 660 1875 περὶ
675 1840 731 1875 τῆς
748 1841 896 1876 φλογίνης

103 1887 255 1922 ῥομφαίας
266 1886 314 1914 καὶ
326 1886 386 1913 τῶν
398 1886 539 1921 χερουϐὶμ
560 1886 632 1922 λόγῳ
642 1895 649 1902 ⁸
667 1887 700 1913 Ἡ
716 1887 745 1913 δὲ
758 1887 826 1923 μονὴ
838 1887 893 1914 τῶν

104 1933 155 1960 τοῦ
174 1933 276 1968 κόσμου
299 1932 399 1969 μερῶν,
413 1933 519 1960 ἑστῶσα
532 1933 650 1968 παγίως,
665 1933 743 1960 ἑστία
762 1933 829 1969 πρὸς
841 1933 895 1960 τῶν

105 1979 230 2006 παλαιῶν
245 1979 396 2012 εὐθυϐόλως
415 1979 585 2014 ὠνόμασται·
600 1979 703 2015 κόσμου
719 1979 789 2016 μέρη
810 1979 896 2014 λέγων

105 2025 157 2061 τὴν
169 2025 268 2060 φαῦσιν
277 2025 325 2052 τοῦ
337 2025 424 2061 ἡλίου⁹
447 2025 495 2052 καὶ
507 2025 556 2061 τὴν
569 2025 616 2052 ἐπὶ
629 2025 660 2052 τὸ
672 2025 737 2052 αὐτὸ
757 2025 896 2052 ἀποκατά-

108 2080 206 2099 στασιν
216 2072 266 2107 τῆς
277 2071 403 2108 σελήνης,
419 2071 532 2107 αὔξησίν
543 2080 573 2098 τε
585 2071 631 2098 καὶ
644 2071 766 2107 μείωσιν,
780 2071 829 2108 τὴν
841 2071 896 2098 τῶν

107 2119 195 2147 ὖετῶν
209 2119 297 2155 χύσιν,
311 2119 362 2154 τὴν
374 2118 429 2146 τῶν
447 2118 565 2154 βροντῶν
579 2126 610 2144 τε
631 2118 678 2145 καὶ
690 2118 838 2154 ἀστραπῶν
854 2119 897 2146 σύ-

108 2174 203 2193 στασιν
216 2165 261 2192 καὶ
272 2165 438 2200 οἰκονομίαν,
447 2165 495 2191 καὶ
507 2163 591 2191 τᾶλλα
605 2163 623 2190 ὅ.
632 2163 663 2200 δὴ
672 2164 741 2191 κατὰ
750 2164 800 2196 τὰς
812 2165 896 2197 αὐτὰς

106 2212 198 2244 αἰτίας
215 2211 300 2238 εἰσαει
315 2220 383 2237 ποτε
396 2211 514 2245 γίνονται
524 2219 530 2225 ·
544 2209 630 2237 ταῦτα
639 2209 693 2246 γὰρ
705 2211 752 2237 καὶ
761 2212 784 2237 oi
802 2211 897 2247 Ἔλλη-

107 2267 153 2290 νες
171 2258 230 2284 θεῖα
245 2257 337 2291 ἔλεγον
353 2257 421 2293 πρὸς
442 2255 646 2291 ἀντιδιαπολὴν
667 2256 722 2282 τῶν
741 2256 802 2283 καθ’
825 2257 897 2292 ἡμᾶς

107 2304 141 2331 δι’
155 2304 235 2336 ἄλλας
247 2304 294 2330 καὶ
303 2303 385 2335 ἄλλας
396 2303 485 2335 αἰτίας
499 2302 619 2338 ῥευστῶν
629 2311 659 2330 τε
673 2303 720 2329 καὶ
733 2303 895 2331 ἁλλοιωτῶν.

946 1694 1063 1728 ligimus,
1081 1698 1171 1721 tamen
1187 1693 1338 1721 scientiﬁce
1353 1693 1377 1719 id
1400 1692 1531 1720 habemus
1543 1699 1571 1720 et
1585 1694 1739 1727 dependen—

947 1744 987 1767 ter
1012 1747 1027 1766 a
1041 1747 1133 1772 sensu,
1150 1747 1205 1774 quo
1222 1739 1325 1766 idcirco
1340 1746 1467 1774 egemus;
1485 1738 1551 1766 nihil
1577 1739 1650 1766 enim
1665 1739 1739 1774 quod

947 1793 1057 1813 sensum
1073 1784 1158 1820 fugiat
1174 1785 1376 1819 coguoscinuts,
1396 1784 1448 1813 etsi
1460 1785 1542 1812 etiam
1555 1784 1614 1819 ejus
1628 1793 1738 1813 sensum

947 1831 1106 1865 accipimus.
1121 1830 1157 1857 At
1171 1835 1276 1858 utentes
1292 1830 1391 1858 divinae
1406 1830 1662 1865 supermundialiter
1673 1830 1737 1858 illu-

946 1881 1069 1905 strantur
1081 1876 1243 1909 rationibus.
1256 1881 1284 1903 et
1300 1876 1326 1903 in
1339 1880 1444 1903 mentes
1453 1881 1584 1916 cognatas
1597 1876 1736 1905 transfun-

947 1925 1031 1957 dunt;
1047 1929 1075 1952 et
1090 1924 1206 1956 mansio,
1220 1929 1248 1951 et
1264 1923 1389 1956 ﬁrntitas,
1407 1928 1435 1950 et
1461 1925 1690 1959 contemperatio,
1708 1929 1738 1953 et

947 1971 1123 1999 conservatio
1140 1970 1207 2005 ipsis
1228 1975 1316 1999 estex
1333 1970 1455 1997 bonitate
1468 1969 1527 2003 Dei,
1539 1971 1666 2006 quodque
1681 1972 1738 2000 sint

947 2019 1034 2046 instar
1057 2017 1186 2045 domicilii
1200 2016 1353 2051 cujusdam.
1370 2023 1402 2043 ac
1418 2015 1515 2044 divina:
1532 2024 1587 2044 arae
1603 2018 1736 2046 bonorum

947 2073 1007 2099 quas
1021 2072 1053 2091 ex
1070 2063 1126 2090 Deo
1142 2067 1218 2090 sunt.
1243 2061 1352 2088 Ἑστίαν
1369 2062 1441 2088 enim
1462 2067 1570 2089 veteres
1585 2070 1661 2090 aram
1686 2070 1736 2098 ap-

947 2111 1097 2146 pellabant,
1116 2109 1142 2136 in
1159 2115 1211 2142 qua
1228 2108 1362 2136 sacriﬁcia
1378 2109 1589 2136 consecrabant.
1604 2109 1738 2137 Dicebant

947 2156 1029 2183 etiam
1044 2156 1096 2182 alio
1107 2153 1188 2190 385
1205 2162 1286 2182 sensu
1298 2153 1402 2185 ἑστίαν,
1424 2154 1510 2187 ipSam
1524 2161 1612 2180 rerum
1627 2154 1736 2181 divina-

949 2209 1009 2229 rum
1025 2201 1195 2233 ﬁrmitatem,
1216 2207 1297 2234 quam
1313 2204 1516 2226 sacrosanctam
1540 2198 1687 2231 habebant.
1707 2204 1737 2227 et

945 2247 1136 2284 jusjurandum
1149 2245 1331 2281 appellabant,
1346 2252 1389 2272 res
1408 2249 1497 2271 autem
1513 2245 1640 2273 cwlcsles
1656 2253 1738 2273 voca-

949 2296 1016 2323 bant
1031 2294 1148 2322 divinas.
1170 2292 1248 2320 Philo
1267 2291 1350 2319 etiam
1371 2290 1490 2323 Judwus.
1509 2291 1534 2318 in
1554 2299 1681 2319 sermone
1703 2292 1737 2320 de

107 2352 165 2378 Καὶ
176 2351 206 2378 τὸ
217 2350 340 2386 ἐφίεσθαι
353 2350 433 2377 πάλιν
444 2337 582 2385 τῆςγθείας
602 2347 699 2384 αἴγλης
710 2348 805 2380 αὑτὰς,
828 2349 896 2376 ἀλλὰ

949 2344 1071 2378 ﬂammea
1086 2340 1238 2374 rhompbaza
1251 2343 1275 2365 et
1292 2338 1437 2371 cherubim,
1450 2338 1488 2365 ait
1503 2346 1510 2364 :
1527 2337 1632 2365 Mansio
1644 2343 1736 2366 autem

108 2398 157 2424 καὶ
177 2397 208 2423 τὸ
220 2395 299 2428 εἶναι,
315 2396 361 2422 καὶ
373 2395 402 2421 τὸ
416 2392 445 2422 εὖ
462 2392 542 2425 εἶναι,
562 2394 594 2420 ἐκ
611 2393 713 2428 ταύτης
727 2393 777 2428 τῆς
794 2393 896 2427 ἀγαθό-

107 2452 190 2479 τητος
206 2442 307 2477 ἔχουσι,
333 2441 379 2468 καὶ
400 2440 467 2475 πρὸς
484 2439 593 2474 ἐκείνην
613 2437 780 2473 ἀγαθοειδῶς
797 2439 898 2465 ἀποτυ-

109 2486 236 2519 ποῦνται,
250 2487 297 2513 καὶ
307 2487 365 2518 ταῖς
383 2486 440 2521 μετ’
456 2485 541 2516 αὑτὰς
551 2483 709 2511 κοινωνοῦσι
724 2483 778 2510 τῶν
792 2483 897 2519 δώρων,

108 2535 148 2566 ὡς
164 2535 179 2561 ό
193 2533 258 2569 περὶ
271 2531 354 2564 αὐτὰς
374 2531 445 2562 θεῖος
461 2530 511 2566 τῆς
529 2530 673 2562 διαδόσεως
687 2529 768 2564 νόμος
783 2530 896 2565 ὑφηγεί-

108 2589 167 2608 ται.

950 2388 1069 2423 partium
1091 2384 1198 2417 mundi,
1223 2391 1284 2411 cum
1306 2389 1358 2412 stet
1381 2385 1507 2417 ﬁrtniter,
1522 2385 1600 2411 ἑστία
1614 2385 1648 2412 ab
1664 2385 1736 2412 anti-

949 2435 1011 2469 quis
1023 2437 1098 2460 recta
1106 2430 1263 2466 conjectura
1273 2431 1411 2458 nominata
1424 2435 1475 2463 est;
1487 2436 1577 2466 partes
1587 2432 1680 2459 mundi
1690 2439 1736 2459 vo-

949 2487 1017 2508 cans
1036 2478 1170 2513 fulgorem
1202 2476 1267 2504 solis
1291 2482 1318 2503 et
1342 2476 1413 2504 luna:
1436 2478 1464 2504 in
1485 2477 1610 2504 eumdem
1633 2481 1735 2504 statutn

950 2526 1166 2556 restitutionem,
1182 2523 1435 2557 incrementumque
1449 2530 1482 2550 ac
1501 2523 1735 2557 imminutionem,

949 2573 1102 2609 pluviarum
1122 2569 1294 2602 ell'usionem,
1323 2568 1506 2596 tonitruorutn
1535 2577 1568 2597 ac
1597 2569 1735 2605 fulgurum

110 2627 332 2656 constitutionem
357 2634 390 2654 ac
418 2627 657 2662 dispensationem,
685 2628 838 2658 caeteraque
857 2630 918 2659 quae
937 2619 1085 2650 secundum
1103 2617 1212 2645 easdem
1228 2620 1359 2651 perpetuo
1387 2615 1468 2649 tium;
1485 2623 1546 2643 nam
1572 2616 1629 2644 haec
1651 2617 1736 2644 etiam

109 2674 226 2709 gentiles
235 2673 326 2701 divina
341 2673 532 2705 nominabant,
542 2672 576 2699 ad
585 2670 790 2699 distinctionem
805 2677 897 2697 rerum
921 2666 1096 2698 nostratium,
1117 2671 1179 2699 qua:
1203 2662 1263 2690 aliis
1286 2665 1367 2696 atque
1387 2662 1448 2689 aliis
1470 2662 1504 2690 de
1539 2663 1629 2691 causis
1657 2662 1737 2690 ﬂuxae

109 2728 177 2750 sunt
199 2729 230 2750 ac
254 2722 410 2750 mutabiles.
445 2722 568 2755 Dumque
607 2727 703 2747 rursus
727 2718 782 2747 illas
806 2718 929 2746 divinum
946 2715 1120 2750 splendorem
1138 2714 1280 2747 appetunt,
1307 2714 1362 2736 tam
1390 2714 1420 2737 ut
1446 2709 1502 2737 sint
1522 2718 1603 2744 quam
1619 2715 1647 2737 ut
1666 2710 1736 2737 bene
1771 2719 1780 2730 -

110 2771 179 2802 sint,
193 2776 227 2796 ex
241 2768 335 2796 eadem
347 2767 469 2796 bonitate
477 2767 613 2799 obtinent,
628 2773 680 2794 nec
694 2773 748 2794 non
760 2765 811 2800 ipsi
826 2763 1019 2793 bonilormiter
1030 2758 1252 2788 conformantur,
1268 2760 1296 2782 et
1321 2755 1398 2790 juxta
1426 2755 1525 2783 divina:
1553 2756 1620 2790 legis
1650 2755 1736 2782 dicta-

110 2823 186 2848 men,
209 2814 354 2843 inferiores
375 2822 440 2842 suos
460 2815 594 2842 donorum
619 2813 733 2841 istorum
755 2811 902 2846 participes
917 2809 1048 2837 eiiiciunt.

147 2862 161 2898 §
175 2862 205 2889 ll.
225 2862 291 2888 Ἀπὸ
300 2862 401 2897 ταύτης
419 2862 469 2897 τῆς
484 2861 560 2892 θείας
575 2859 743 2894 ἀγαθότητος
761 2857 851 2885 αὐτῶν
874 2857 897 2883 oi

989 2855 1003 2891 ς
1017 2854 1048 2881 ll.
1061 2853 1103 2880 Ab
1111 2852 1165 2880 hac
1178 2850 1268 2879 divina
1284 2849 1405 2880 bonitate
1421 2848 1486 2883 ipsis
1498 2853 1525 2875 et
1536 2847 1637 2882 gradus
1658 2850 1732 2878 sunt,

110 2893 212 2943 βαθμοὶ
225 2907 272 2933 καὶ
284 2908 311 2933 αἱ
323 2893 414 2939 τάξεις
426 2893 506 2940 είσὶν,
520 2907 548 2934 αἱ
568 2905 637 2941 πρὸς
650 2893 767 2939 ἀλλήλας
779 2901 897 2933 ἐνώσεις,

954 2905 982 2929 et
995 2899 1118 2928 ordines.
1133 2902 1160 2926 et
1179 2897 1212 2924 ad
1229 2894 1346 2923 invicem
1369 2893 1494 2927 uniones,
1521 2893 1548 2922 id
1568 2897 1610 2922 est
1626 2893 1734 2921 divinus

169 2961 263 2991 iPsal.
280 2969 330 2997 cu,
344 2962 391 2991 20.
