1938 3065
208 179 256 208 751

205 247 283 267 amor
295 239 328 268 ad
342 239 470 268 invicem.
488 239 541 274 Qui
557 240 666 268 divinus
679 248 767 274 amor,
780 249 843 269 cum
860 242 896 270 sit
909 242 992 269 etiam
1008 243 1031 271 A

204 285 332 320 uniflcus,
353 287 495 322 coniungit
515 285 589 322 ipsas
613 294 666 315 non
691 288 840 315 acervatim
870 294 997 322 compor-

204 336 278 364 tans,
294 333 341 360 sed
354 333 511 360 amabiliter
525 334 728 369 constringens.
742 333 809 361 Nam
825 342 887 362 cum
901 341 945 362 res
954 333 996 361 in-

205 377 370 413 telligibiles,
383 382 449 405 utet
460 379 614 410 sensibiles,
630 380 770 414 aequivoee
792 380 928 413 dicantur,
942 379 995 406 alia

203 423 313 458 quidem
328 428 392 450 sunt
410 425 497 458 unita,
509 430 537 452 et
555 433 570 451 a
583 432 612 452 se
627 430 721 452 mutuo
740 425 931 460 dependentia,
941 425 994 452 alia

203 477 269 496 vero
279 470 364 497 divisa
376 476 404 498 et
419 475 592 498 coacervata.
606 472 645 498 Ac
659 471 871 506 intelligibilium
883 471 993 507 quidem

203 516 281 543 unita
295 520 369 548 sunt,
384 517 470 544 veluti
483 516 585 551 lumen,
601 517 667 551 vita,
683 523 711 545 et
726 518 844 546 mundus
865 517 996 554 intelligi.

202 561 278 594 bilis,
301 566 328 589 et
354 562 479 596 similia;
495 563 645 591 secundum
665 571 746 599 quam
763 564 891 592 unionem
908 564 992 592 etiam

202 607 312 636 ordines
324 608 484 643 angelorum
501 614 566 637 sunt
583 610 663 641 uniti,
677 614 705 638 et
719 618 733 637 a
744 618 776 639 se
791 616 885 639 mutuo
900 611 993 639 divino

200 660 296 681 amore
323 654 493 690 dependent;
514 656 601 683 divisa
623 663 692 684 vero
710 661 741 684 et
759 657 886 692 apposita
912 663 990 692 sunt,

200 699 276 727 Velut
288 702 436 734 exercitus,
451 705 478 728 et
493 702 561 729 ordo
582 703 760 737 partieularis
781 704 951 741 angelorum.
965 711 994 733 et
1017 727 1022 732 .

201 745 307 773 familia
321 751 349 774 et
364 747 475 776 chorus.
489 747 520 775 ln
533 748 682 775 sensilibus
693 753 783 776 autem
800 750 864 777 unio
879 755 921 778 est
931 751 991 779 ani-

201 791 268 824 mal,
282 792 376 824 arbor.
395 793 512 820 mundus
523 793 566 820 hic
578 792 732 825 sensibilis;
750 794 898 823 divisiones
914 803 990 830 vero,

199 845 278 873 grex,
295 838 418 873 populus.
434 840 545 871 chorus,
562 847 688 867 acervus.
706 840 807 868 Verum
825 841 867 869 ha:
880 842 990 876 quidem

199 889 263 912 sunt
289 885 406 912 uniones
433 885 618 920 angelicarum
645 886 777 913 virtutum
797 887 832 913 ad
861 887 988 921 invicem,

199 930 302 958 habent
323 936 415 958 autem
435 931 518 958 etiam
546 935 656 959 mutuas
672 933 890 967 penetrationes,
907 938 990 968 atque
1005 922 1027 950 Β

199 977 299 1004 iterum
319 976 511 1005 distinctiones
543 977 713 1006 inconfusus.
743 978 851 1006 Mutuas
878 980 990 1014 quidem

197 1023 413 1057 penetrationes,
432 1030 466 1051 ne
488 1024 604 1051 uniones
623 1024 778 1059 intelligens
794 1025 827 1053 ad
852 1025 968 1054 invicem
980 1048 988 1061 ,

197 1068 351 1096 naturalem
380 1068 499 1103 aliquam
528 1069 633 1098 dixeris
660 1070 812 1105 unionem,
838 1073 988 1100 secundum

197 1122 278 1149 quam
290 1118 381 1150 partes
389 1114 423 1141 ad
432 1115 515 1142 totius
528 1115 642 1151 alicujus
651 1116 878 1151 complementum
888 1118 988 1146 uniun-

197 1165 253 1194 tur,
267 1160 316 1187 sed
330 1159 416 1188 libera
429 1164 470 1188 est
483 1162 651 1195 penetratio,
665 1169 719 1197 qua
732 1163 784 1191 ista
799 1163 864 1191 unio
878 1164 926 1192 Dei
942 1164 990 1192 bo-

196 1207 283 1234 nitate
306 1206 333 1234 in
358 1207 424 1241 ipsis
440 1207 489 1234 fit:
507 1215 569 1235 nam
585 1216 628 1236 res
648 1209 770 1237 materia:
780 1215 907 1245 expertes
920 1215 947 1239 et
959 1219 989 1239 se

196 1257 290 1280 mutuo
303 1252 448 1281 inconfuse
460 1258 622 1287 penetrant,
637 1259 665 1282 et
679 1263 787 1283 rursum
800 1257 942 1290 recedunt,
956 1265 989 1286 ac

196 1297 402 1330 discernuntur,
415 1306 499 1334 atque
513 1299 547 1325 ad
559 1299 611 1327 hoc
627 1305 692 1328 sunt
714 1301 815 1336 gradus
829 1306 856 1329 et
878 1302 988 1331 ordines

196 1344 315 1379 ipsorum
330 1345 410 1380 primi
424 1349 451 1372 et
465 1346 588 1373 secundi.
604 1346 644 1373 Tu
659 1354 724 1374 vero
738 1347 893 1382 considera,
904 1348 990 1385 386

195 1391 332 1424 quomodo
349 1391 565 1420 inconfusionem
592 1397 675 1427 ponat
698 1393 726 1420 in
749 1394 984 1424 distinctionibus.

195 1434 345 1471 Oportebat
366 1438 438 1468 enim
461 1438 554 1473 potius
578 1439 604 1466 id
624 1438 728 1467 dictum
743 1439 770 1467 in
787 1441 888 1469 mutuis
906 1449 987 1477 pene-

195 1483 372 1517 trationibus,
388 1483 432 1511 ubi
444 1484 526 1512 etiam
541 1485 710 1514 confusionis
722 1486 842 1522 suspicio
849 1488 984 1522 oboritur;

194 1530 243 1557 sed
260 1529 324 1557 huic
339 1530 473 1564 occurrit,
488 1531 655 1567 aSsignando
671 1533 764 1560 statim
779 1533 862 1560 etiam
885 1533 981 1562 diatin-

195 1576 311 1605 ctionem
329 1576 539 1612 proprietatum,
563 1585 598 1605 ne
623 1578 749 1607 confusio
762 1579 799 1606 sit
822 1579 868 1607 illa
891 1586 985 1608 mutua
999 1595 1021 1624 ε

194 1624 360 1659 penetralia,
387 1624 518 1658 quoniam
533 1624 605 1651 illico
630 1626 755 1660 sequitur
781 1626 932 1656 distinctio.
957 1627 986 1655 In

194 1669 420 1696 distinctionibus
435 1672 526 1696 autem
540 1668 706 1696 intellectam
720 1670 805 1698 fuisse
818 1671 987 1700 inconfusio-

195 1723 271 1748 nem,
285 1715 408 1742 declarat
423 1714 530 1742 ordinis
554 1722 649 1743 eorum
665 1716 885 1751 immutabilitas;
902 1718 986 1753 siqui-

194 1762 256 1790 dem
269 1761 420 1789 secundum
434 1761 591 1790 istiusmodi
607 1762 810 1791 distinctionem
832 1765 987 1792 consistunt

193 1808 298 1844 gradus
311 1808 462 1836 etordines
485 1816 592 1842 earum,
607 1810 758 1837 secundum
776 1817 845 1845 quos
867 1810 985 1845 primum

191 1860 234 1883 est
249 1859 277 1883 et
297 1855 459 1883 secundum.
480 1855 584 1883 idcirco
597 1855 797 1889 quodammodo
816 1855 903 1889 dicit.
931 1864 985 1884 non

194 1901 270 1936 quod
285 1908 316 1929 se
331 1905 426 1928 mutuo
440 1904 597 1936 penetrant.
623 1905 651 1928 et
668 1901 765 1929 iterum
781 1901 984 1936 discemuntnr,

193 1948 332 1976 immutari
345 1948 458 1976 ordines
471 1955 578 1982 earum,
605 1955 639 1976 ne
662 1948 852 1976 confusionem
866 1948 984 1984 aliquam

192 1993 340 2030 intelligas,
356 1995 404 2022 sed
423 1994 523 2022 iterum
552 1994 618 2028 ipsis
642 1994 769 2022 eumdem
786 1994 909 2022 ordinem
925 2002 985 2022 ma-

193 2048 270 2073 nere,
288 2040 396 2068 tametsi
411 2048 442 2068 se
455 2046 550 2068 mutuo
566 2045 723 2075 penetrent.
739 2040 796 2068 Hoc
819 2041 918 2068 iterum
942 2046 985 2069 est

192 2085 326 2113 bonitatis
341 2085 401 2119 Dei,
415 2086 489 2120 quod
508 2085 655 2113 inferiores
678 2085 792 2113 virtutes
814 2085 848 2113 ad
861 2086 984 2121 superio-

191 2139 236 2159 res
249 2131 433 2165 adducantur,
450 2136 478 2160 et
502 2139 599 2159 rursus
625 2131 784 2166 superiores
807 2131 984 2160 inferioribus

191 2178 367 2213 provideant,
382 2183 411 2206 ut
425 2185 516 2213 neque
533 2179 598 2214 ipsa:
611 2178 746 2213 principia
760 2178 817 2206 sint
839 2178 982 2206 adductio-

191 2225 244 2258 uis,
257 2232 347 2260 neque
361 2225 403 2253 hac
418 2225 585 2252 inconversze
593 2225 649 2253 sint
659 2225 692 2252 ad
701 2225 918 2260 providentiam;
928 2232 983 2253 uno

191 2270 264 2296 enim
278 2277 294 2296 e
308 2269 414 2297 duobus
428 2269 575 2297 deﬁciente
589 2269 657 2296 nihil
672 2270 760 2296 fieret.
777 2269 877 2297 Verum
891 2269 982 2296 divina
999 2274 1021 2301 ι)

192 2315 302 2343 bouitas
329 2315 367 2342 ita
390 2316 423 2343 de
449 2315 514 2350 ipsis
539 2315 684 2349 disposuit.
712 2314 783 2342 Hinc
810 2315 892 2341 etiam
919 2319 983 2341 sunt

190 2360 310 2396 propria:
324 2360 457 2395 cujusque
469 2360 579 2388 virtutis
601 2360 743 2393 custodiat,
758 2365 785 2387 et
798 2359 982 2387 immntabiles

193 2408 297 2435 circum
314 2407 479 2442 semetipsas
491 2406 710 2434 convolutiones.
725 2406 764 2433 Ne
777 2406 920 2434 existimes
933 2413 982 2432 au-

192 2459 246 2481 tem
259 2454 343 2488 ipsas.
352 2454 424 2487 quod
438 2453 545 2488 potiora
556 2452 722 2484 desiderent,
737 2456 911 2480 contemnere
920 2460 982 2488 pro-

191 2498 417 2534 pria.\’olvuntur
428 2503 519 2525 autem
530 2498 629 2525 divina:
643 2503 749 2525 mentes
761 2498 866 2525 circum
881 2503 982 2526 semet-

192 2545 263 2579 ipsas
281 2552 335 2572 non
348 2544 516 2573 volutatione
531 2546 648 2580 quadam
674 2552 816 2580 corporea,
829 2545 876 2572 sed
889 2553 982 2580 super-

192 2590 324 2618 mundiali
349 2595 376 2617 et
400 2590 579 2626 intelligente,
594 2595 621 2617 et
634 2591 708 2625 quali
723 2598 799 2618 mens
813 2591 882 2618 volvi
898 2592 978 2623 solet,

191 2637 256 2664 dum
271 2644 303 2664 ex
319 2637 408 2672 seipsa
420 2637 452 2664 ad
469 2636 706 2664 consideratioues
717 2638 897 2672 progreditur,
906 2643 934 2665 et
947 2639 980 2665 ad

193 2683 312 2717 seipsam
330 2683 488 2715 revertitur,
503 2690 556 2710 non
571 2690 637 2709 vero
648 2687 726 2709 extra
740 2683 913 2718 semetipsam
940 2682 981 2709 di-

192 2729 270 2755 vulsa
287 2729 355 2756 abit.
371 2728 426 2755 Hoc
442 2729 525 2755 etiam
541 2728 757 2756 insinuantrotae
770 2729 840 2762 apud
858 2728 979 2756 divinum

169 2811 171 2814 ι
194 2777 375 2809 Ezechielem.
392 2784 453 2812 quae
476 2777 574 2804 multos
597 2777 699 2804 habent
715 2776 820 2804 oculos.
836 2776 874 2803 Ex
888 2776 979 2804 divina

163 2826 171 2842 ν
192 2831 301 2859 quoque
312 2824 433 2851 bonitate
446 2823 582 2851 exsistunt
593 2823 652 2850 istae
666 2823 737 2851 circa
745 2823 808 2850 boni
817 2821 979 2850 desiderium

195 2871 352 2898 identitates
365 2875 394 2898 et
406 2871 605 2898 extremitates.
619 2869 752 2897 ldentitas
775 2868 884 2904 quidem
899 2868 979 2895 intel-

194 2916 312 2951 ligenda,
325 2916 436 2944 mlnime
448 2915 578 2944 deiicieus
593 2923 608 2943 a
623 2915 679 2944 Deo
692 2914 865 2950 coniunctio;
885 2919 977 2941 extre-

751 181 788 210 ‘S.
808 181 961 211 DlON’YSlI
977 181 1213 211 ΔΒΕΟΡΑΟΙΤΑΞ

1789 188 1843 217 752

1043 242 1164 278 δηλονότι
1174 242 1189 269 ὀ
1201 242 1269 278 πρὸς
1281 242 1397 279 ἀλλήλας
1407 242 1563 281 θεοπρεπὴς
1571 244 1651 281 ἔρως.
1667 246 1716 279 ’ος
1723 246 1755 279 δὴ
1770 246 1844 280 θεῖος

1046 287 1116 324 ἔρως
1134 287 1173 315 ὢν
1189 289 1236 315 καὶ
1256 288 1387 321 ένοποιὺς,
1409 290 1540 318 συνάπτει
1560 291 1645 323 αὐτὰς
1665 292 1695 318 οὐ
1719 293 1843 329 σωρηδὸν

1047 333 1232 369 συγκομίζων,
1253 333 1321 361 ἀλλὰ
1338 334 1489 370 ἀγαπητῶς
1509 335 1675 371 ωνδεσμῶν.
1703 336 1764 363 Τῶν
1785 337 1843 374 γάρ

1046 379 1161 415 νοητῶν,
1175 379 1214 411 ὡς
1228 379 1277 406 καὶ
1289 379 1344 406 τῶν
1356 380 1504 416 αἰσθητῶν,
1523 380 1610 408 ὀντων
1629 381 1783 417 ὁμωνύμως
1796 382 1840 409 λε.

1045 425 1179 460 γομένων,
1191 424 1225 451 τὰ
1239 425 1288 460 μὲν
1302 424 1376 452 ἔστιν
1388 425 1518 462 ἡνωμένα
1533 427 1580 454 καὶ
1591 427 1840 464 ἀλληλουχούμενα,

1044 471 1082 498 τὰ
1091 470 1121 498 δὲ
1134 470 1288 508 διῃρημένα
1301 471 1350 498 καὶ
1363 472 1494 508 σωρηδόν.
1508 474 1564 500 Καὶ
1576 473 1680 509 νοητῶν
1694 474 1744 510 μὲν
1766 475 1840 510 ἠνω-

1047 516 1126 552 μένα,
1149 514 1205 544 οἷον
1224 516 1293 551 φῶς,
1312 517 1381 553 ζωὴ,
1401 518 1450 545 καὶ
1467 519 1562 555 νοητὸς
1583 519 1696 556 κόσμος,
1717 520 1766 547 καὶ
1787 521 1840 548 ὅσα

1043 562 1166 595 τοιαῦτα,
1179 563 1240 590 καθ’
1251 564 1285 599 ἢν
1301 563 1398 591 ἕνωσιν
1416 565 1463 592 καὶ
1483 566 1511 592 αἰ
1530 565 1584 593 τῶν
1603 566 1728 601 ἀγγέλων
1746 567 1840 601 τάξεις

1043 608 1113 635 εἰσὶν
1132 608 1349 644 ἐνοποιούμεναι,
1375 610 1423 637 καὶ
1444 610 1690 647 ἀλληλουχούμεναι
1711 612 1750 648 τῷ
1773 612 1839 650 θείῳ

1043 652 1126 688 ἔρωτι
1135 661 1142 668 ”
1156 653 1308 690 διῃρημένα
1321 655 1350 681 δὲ
1362 655 1410 682 καὶ
1422 656 1451 683 ὲν
1463 656 1626 692 παραθέσει,
1639 657 1696 686 οἷον
1710 658 1838 694 στρατιὰ,

1043 699 1091 725 καὶ
1105 698 1183 731 τάξις
1199 699 1252 726 ἰδία
1268 699 1401 734 ἀγγέλων,
1416 701 1463 728 καὶ
1474 701 1587 738 πατριὰ,
1607 704 1655 730 καὶ
1667 703 1755 739 χορός.
1775 703 1839 731 Ἐπὶ

1041 745 1071 772 δὲ
1089 745 1238 781 αἰσθητῶν,
1259 745 1370 779 ἐνώσεις
1384 747 1434 783 μὲν
1447 747 1528 780 ζῶον,
1547 748 1666 784 δένδρον,
1680 750 1694 776 ό
1707 749 1838 785 αἰσθητὸς

1041 787 1119 823 οὗτος
1139 790 1259 827 κόσμος·
1283 792 1429 828 διαιρέσεις
1453 793 1480 820 δὲ
1505 793 1618 831 ποίμνη,
1633 794 1728 830 δῆμος,
1742 795 1837 831 χορὸς,

1042 838 1140 874 σωρός.
1159 838 1229 865 Ἀλλ’
1243 834 1322 866 αὗται
1332 839 1382 874 μέν
1395 840 1463 866 εἰσιν
1475 841 1502 866 αἰ
1515 840 1582 875 πρὸς
1596 840 1711 877 ἀλλήλας
1724 841 1839 874 ὲνὼσεις

1041 885 1095 912 τῶν
1106 885 1260 919 ἀγγελικῶν
1272 885 1424 922 δυνάμεων,
1442 885 1533 922 ἔχουσι
1547 887 1575 914 δὲ
1589 888 1635 914 καὶ
1648 888 1678 914 ἐν
1695 887 1838 924 ἀλλήλαις,

1041 930 1089 958 καὶ
1105 928 1183 963 αὖθις
1199 931 1350 968 διακρίσεις
1370 932 1551 967 ἀσυγχύτους.
1573 933 1715 969 Χωρήσεις
1741 934 1790 970 μὲν
1806 935 1839 961 ὲν

1041 975 1179 1011 ἀλλήλαις,
1192 976 1233 1003 ὅτι
1248 976 1286 1012 μὴ
1300 975 1420 1008 ἀκούσας
1431 976 1542 1009 ἑνώσεις
1561 977 1630 1013 πρὸς
1648 977 1775 1014 ἀλλήλας,
1789 987 1840 1013 φυ-

1041 1020 1120 1056 σικήν
1130 1028 1191 1047 τινα
1202 1020 1282 1056 εἴπῃς
1298 1020 1405 1052 ἕνωσιν,
1417 1021 1478 1048 καθ’
1489 1021 1521 1057 ἣν
1534 1022 1655 1049 ἐνοῦνται
1663 1022 1698 1049 τὰ
1712 1023 1783 1059 μέρη
1795 1024 1840 1055 εἰς

1040 1066 1099 1098 ἑνὸς
1115 1066 1175 1093 ὅλου
1191 1066 1400 1103 συμπλήρωσιν,
1415 1066 1483 1094 ἀλλὰ
1500 1068 1650 1104 προαιρετή
1671 1068 1730 1095 ἐστι
1741 1068 1838 1105 χώρη-

1041 1121 1093 1145 σις,
1109 1113 1246 1149 ἡτοιαύτη
1259 1113 1357 1145 ἓνωσις
1379 1113 1409 1146 ἐξ
1428 1113 1596 1149 ἀγαθότητος
1614 1113 1682 1140 Θεοῦ
1701 1115 1838 1151 γενομένη

1039 1157 1080 1189 εἰς
1091 1156 1176 1190 αὑτάς
1187 1165 1193 1172 ·
1205 1156 1240 1184 τὰ
1249 1156 1304 1193 γὰρ
1314 1156 1383 1185 ἄῡλα
1395 1157 1442 1184 καὶ
1453 1159 1482 1184 ὲν
1490 1158 1615 1194 ἀλλήλοις
1624 1161 1708 1195 χωρεῖ
1716 1159 1838 1195 ἀσυγχὺ-

1038 1211 1103 1235 τως,
1118 1203 1164 1230 καὶ
1178 1203 1260 1230 πάλιν
1273 1203 1412 1239 ἀποχωρεῖ
1428 1203 1476 1230 καὶ
1493 1203 1669 1241 διακρίνεται,
1691 1205 1739 1232 καὶ
1753 1205 1837 1233 τοῦτό

1038 1250 1113 1276 ἐστιν
1128 1251 1152 1276 οἰ
1170 1250 1269 1286 βαθμοὶ
1281 1250 1328 1278 καὶ
1341 1251 1368 1277 αἱ
1378 1249 1469 1283 τάξεις
1483 1251 1572 1278 αὐτῶν
1586 1252 1692 1287 πρῶται
1705 1253 1751 1279 καὶ
1773 1252 1837 1279 δεύ-

1038 1305 1125 1332 τεραι.
1139 1296 1175 1323 Σὺ
1194 1297 1222 1324 δὲ
1241 1297 1348 1329 σκόπει,
1367 1296 1426 1329 πῶς
1438 1297 1468 1324 τὸ
1483 1297 1635 1333 ἀσύγχυτον
1647 1299 1759 1325 ἐπὶτῶν
1777 1299 1838 1326 δια-

1037 1343 1157 1378 κρίσεων
1168 1343 1286 1378 τίθησιν,
1298 1342 1372 1370 Ἔδει
1381 1342 1436 1379 γὰρ
1449 1343 1548 1378 μᾶλλον
1554 1344 1621 1380 περὶ
1633 1344 1688 1371 τῶν
1700 1345 1741 1376 εἰς
1751 1344 1838 1381 ἀλλή-

1038 1389 1087 1420 λας
1098 1390 1245 1425 χωρήσεων
1272 1389 1351 1416 τοῦτο
1376 1389 1473 1421 εἰπεῖν,
1498 1389 1564 1416 ὃπου
1591 1391 1640 1417 καὶ
1662 1390 1679 1426 ἠ
1703 1390 1836 1426 σύγχυσις

1038 1434 1233 1462 ὑποπτεύεται.
1249 1435 1319 1462 Ἀλλ’
1329 1436 1418 1462 έκεῖνο
1431 1435 1481 1470 μὲν
1494 1434 1685 1470 θεραπεύεται,
1694 1436 1732 1472 τῷ
1744 1438 1835 1464 εἰπεῖν

1037 1481 1117 1513 εὐθὺς
1129 1482 1176 1508 καὶ
1187 1481 1321 1518 διάκρισιν
1327 1481 1382 1508 τῶν
1392 1481 1530 1517 ἰδιοτήτων
1541 1482 1591 1518 τὴν
1605 1483 1748 1518 σύγχυσιν,
1762 1484 1779 1519 ἡ
1791 1484 1836 1516 εἰς

1036 1527 1139 1563 ἄλληλα
1157 1527 1289 1563 χώρησις,
1313 1528 1374 1554 ἐπεὶ
1399 1527 1479 1559 εὐθὺς
1493 1528 1635 1555 ἀκολουθεῖ
1654 1529 1671 1564 ή
1683 1528 1833 1565 διάκρισις.

1045 1573 1106 1599 Ἐπὶ
1119 1573 1148 1599 δὲ
1163 1572 1218 1599 τῶν
1239 1573 1401 1608 διακρίσεων
1414 1573 1439 1600 τί
1454 1568 1548 1603 sinesi;
1561 1574 1723 1610 ἀσύγχυτον,
1743 1574 1835 1610 δηλῶν

1037 1617 1068 1644 τὺ
1083 1618 1135 1653 τῆς
1153 1617 1256 1651 τάξεως
1276 1618 1366 1645 αὐτῶν
1383 1619 1590 1655 ἀπαράλλακτον
1600 1628 1606 1635 ·
1620 1621 1681 1647 ἐπεὶ
1694 1619 1749 1656 γὰρ
1760 1619 1834 1647 κατὰ

1037 1664 1086 1700 τὴν
1101 1663 1231 1699 τοιαύτην
1246 1663 1383 1700 διάκρισιν
1399 1665 1572 1692 συνίστανται
1588 1666 1611 1692 οἰ
1627 1666 1727 1701 βαθμοὶ
1741 1666 1789 1693 καὶ
1803 1666 1834 1693 αἱ

1037 1710 1129 1743 τάξεις
1143 1710 1244 1742 αὐτῶν,
1256 1710 1318 1737 καθ’
1330 1710 1364 1743 ἃς
1378 1711 1408 1738 τὸ
1424 1712 1532 1747 πρῶτόν
1548 1713 1606 1739 ἐστι
1622 1712 1669 1739 καὶ
1685 1712 1716 1738 τὸ
1735 1711 1832 1739 δεύτε-

1038 1765 1095 1793 ρον.
1118 1756 1168 1784 Διά
1190 1756 1268 1784 τοῦτο
1287 1757 1388 1785 ὡσανεὶ
1412 1758 1496 1793 λέγει,
1523 1759 1560 1795 μὴ
1585 1759 1627 1786 ὅτι
1649 1759 1679 1785 ὲν
1701 1758 1834 1795 ἀλλήλαις

1037 1804 1166 1840 χωροῦσι,
1184 1803 1232 1830 καί⁵
1249 1803 1329 1830 πάλιν
1349 1804 1542 1840 διακρίνονται,
1565 1803 1742 1840 παραλλαγὴν
1759 1804 1833 1840 λαμ-

1037 1849 1184 1882 ϐάνειντάς
1205 1849 1297 1882 τάξεις
1314 1849 1415 1882 αὐτῶν,
1432 1850 1479 1876 καὶ
1497 1849 1627 1884 σύγχυσίν
1646 1857 1708 1876 τινα
1730 1849 1767 1885 μὴ
1785 1851 1831 1877 ὲν-

1036 1897 1153 1933 νοήσῃς·
1175 1896 1232 1923 ἀλλ’
1253 1897 1270 1931 ἡ
1290 1895 1359 1932 αὐτὴ
1374 1895 1455 1923 πάλιν
1471 1895 1545 1931 μένει
1562 1895 1640 1928 τάξις
1654 1896 1760 1928 αὐταῖς,
1776 1896 1831 1923 κᾶν

1037 1943 1084 1970 καὶ
1099 1944 1128 1969 ὲν
1145 1942 1273 1977 ἀλλήλαις
1284 1941 1404 1977 χωρῶσι.
1420 1941 1505 1968 Πάλιν
1522 1941 1581 1968 ἐστὶ
1596 1941 1646 1976 τῆς
1661 1941 1831 1976 ἀγαθότητος

1036 1987 1084 2014 τοῦ
1097 1986 1165 2014 Θεοῦ
1180 1987 1210 2014 τὸ
1220 1987 1270 2019 τὰς
1286 1987 1434 2023 ὑφειμένας
1448 1986 1577 2022 δυνάμεις
1592 1986 1660 2022 πρδς
1671 1986 1721 2019 τὰς
1737 1987 1831 2023 κρείτ-

1035 2041 1099 2065 τους
1111 2032 1270 2067 άνάγεσοαι,
1285 2032 1332 2058 καὶ
1346 2031 1426 2059 πάλιν
1440 2031 1490 2063 τὰς
1505 2031 1645 2067 κρείττους
1664 2031 1718 2058 τῶν
1732 2031 1830 2058 δευτέ-

1038 2087 1092 2114 ρων
1107 2079 1232 2114 προνοεῖν
1245 2078 1282 2109 ὠς
1304 2077 1366 2113 μήτ’
1381 2077 1489 2109 ὲκείνας
1505 2076 1592 2112 ἀρχὰς
1607 2075 1676 2104 εἶναι
1692 2077 1757 2113 περὶ
1776 2077 1831 2113 τὴν

1035 2124 1190 2160 ἀναγωγὴν,
1206 2125 1273 2160 μήτε
1287 2124 1387 2155 ταύτας
1397 2124 1611 2159 ἀνεπιστρὰρους
1624 2124 1687 2159 περὶ
1694 2123 1743 2160 τὴν
1757 2124 1830 2159 πρό-

1035 2180 1110 2198 νοιαν
1121 2179 1130 2188 ο
1147 2171 1206 2203 ἑνὸς
1219 2170 1274 2205 γὰρ
1286 2170 1359 2197 δυοῖν
1372 2168 1521 2202 λείποντος,
1536 2170 1587 2196 οὐκ
1599 2168 1633 2205 ἦν
1645 2178 1671 2196 τι
1689 2169 1829 2204 γενέσθαι.

1043 2216 1111 2243 Ἀλλ’
1131 2217 1148 2252 ἡ
1167 2216 1303 2251 ἀγαθότης
1316 2216 1334 2251 ἡ
1351 2215 1421 2247 θεία,
1436 2215 1522 2247 οὕτως
1537 2215 1601 2251 περὶ
1622 2215 1711 2242 αὐτῶν
1726 2215 1831 2251 ᾠκονό-

1038 2271 1108 2298 μησε
1118 2271 1125 2277 ·
1142 2262 1207 2298 παρ’
1218 2260 1258 2294 οἷς
1270 2262 1317 2288 καὶ
1332 2262 1361 2288 αἱ
1371 2262 1425 2288 τῶν
1438 2261 1543 2288 οἰκείων
1555 2261 1672 2296 ἑκάστης
1685 2261 1830 2297 δυνάμεως

1037 2308 1164 2344 φρουραὶ,
1177 2307 1224 2334 καὶ
1238 2308 1265 2334 αἱ
1280 2308 1344 2343 περὶ
1358 2306 1443 2338 αὑτὰς
1458 2306 1649 2342 ἀμετάπτωτοι
1667 2305 1828 2340 συνελίξεις.

1034 2360 1080 2395 Μὴ
1094 2359 1160 2396 γὰρ,
1175 2360 1215 2387 δτι
1231 2359 1350 2394 ἐφίενται
1366 2359 1413 2385 καὶ
1422 2357 1563 2394 μειζόνων,
1578 2358 1761 2394 καταφρονεῖν
1775 2358 1828 2385 αὺ-

1033 2405 1083 2438 τὰς
1101 2406 1155 2432 τῶν
1169 2405 1278 2432 οἰκείων
1296 2404 1444 2441 ὑπολάϐῃς.
1467 2403 1633 2430 Ἐλίσσονται
1653 2404 1682 2431 δὲ
1713 2404 1739 2430 οι
1758 2404 1828 2432 θεῖοι

1033 2451 1091 2482 νόες
1102 2451 1166 2487 περὶ
1183 2449 1268 2481 αὑτὰς
1280 2447 1363 2481 ἕλιξιν
1377 2457 1438 2476 τινα
1452 2449 1481 2475 οὐ
1494 2449 1663 2484 σωματικὴν,
1674 2447 1733 2474 ἀλλ’
1744 2448 1830 2484 ὑπερ-

1032 2496 1146 2531 κόσμιον
1161 2496 1208 2522 καὶ
1221 2494 1328 2530 νοεράν,
1346 2494 1393 2520 καὶ
1407 2494 1464 2520 οἵαν
1480 2494 1586 2527 πέφυκε
1602 2492 1664 2524 νοῦς
1674 2492 1828 2520 ἑλίττεσθαι

1032 2541 1062 2573 ἐξ
1070 2541 1165 2568 ἑαυτοῦ
1179 2540 1282 2577 προῖὼν
1295 2541 1342 2567 ἐπὶ
1351 2540 1467 2576 νοήσεις,
1478 2542 1525 2566 καὶ
1538 2540 1577 2570 εἰς
1587 2538 1681 2565 ἑαυτὸν
1693 2539 1828 2575 ἀναστρέ-

1032 2597 1100 2622 φων,
1121 2587 1151 2613 οὺ
1176 2587 1228 2623 μὴν
1248 2586 1300 2620 ἔξω
1318 2585 1415 2613 ἑαυτοῦ
1436 2585 1532 2621 χωρῶν
1553 2583 1717 2616 σκεδαστῶς.
1738 2584 1828 2611 Τοῦτο

1030 2634 1193 2661 αἰνίττονται
1215 2633 1263 2660 καὶ
1285 2633 1310 2658 οἰ
1331 2631 1407 2667 παρά
1427 2630 1466 2667 τῷ
1491 2631 1556 2666 θείῳ
1581 2630 1711 2666 Ἰεζεκιὴλ
1730 2630 1828 2665 τροχοὶ

1031 2683 1227 2718 πολυόμματοι.
1251 2683 1299 2709 Ἐκ
1313 2682 1362 2717 τῆς
1374 2682 1449 2714 θείας
1469 2681 1537 2708 εἰσὶν
1552 2681 1717 2716 ἀγαθότητος
1731 2680 1780 2707 καὶ
1795 2681 1824 2707 αἰ

1031 2730 1095 2765 περὶ
1108 2729 1158 2765 τὴν
1173 2729 1266 2763 ἔφεσιν
1280 2728 1401 2763 τάγαθοῦ
1412 2727 1576 2763 ταὺτότητες
1598 2727 1644 2754 καὶ
1659 2726 1822 2762 ἀκρότητες.

1030 2774 1190 2809 Ταὺτότητα
1208 2774 1257 2809 μὲν
1268 2774 1378 2809 νοητέον
1390 2773 1439 2810 τὴν
1453 2774 1504 2800 οὐκ
1517 2773 1668 2800 ἀποστατον
1676 2771 1745 2807 πρὸς
1755 2772 1823 2799 Θεὸν

1030 2821 1166 2856 προσοχήν
1178 2829 1184 2835 ·
1200 2820 1339 2856 ἀκρότητα
1358 2820 1396 2852 δὲ,
1420 2819 1469 2855 τὴν
1480 2819 1530 2855 τῆς
1545 2820 1663 2855 νοήσεως
1674 2819 1764 2846 αὐτῶν
1781 2820 1823 2850 εἰς

1029 2866 1232 2902 ἀναγωγὴν,καὶ
1240 2866 1310 2893 κατὰ
1319 2866 1397 2902 χάριν
1406 2865 1688 2900 θέωσιν,πρόοδον,καὶ
1695 2866 1744 2891 ὅσα
1753 2864 1822 2892 ἄλλα

1030 2913 1208 2950 εἶρηταιὴμῖν
1216 2915 1244 2940 ὲν
1262 2913 1319 2949 ἰδίῳ
1332 2912 1426 2948 βιϐλίῳ
1447 2912 1486 2947 τῷ
1500 2912 1569 2946 Περὶ
1584 2912 1640 2938 τῶν
1653 2911 1821 2946 ἀγγελικῶν
