1938 3065
100 165 160 192 755

395 163 439 190 DE
456 161 584 190 DlVlNlS
600 161 799 195 NOMINIBUS,
817 161 893 191 CAP.
914 161 958 191 IV.
977 177 1012 184 -—
1028 160 1203 189 PARAPHR.
1222 161 1459 190 I‘ACHYMERE.

1690 169 1742 197 754

96 221 260 257 [Omnith
270 221 319 249 καὶ
331 220 454 254 τάξεων.
465 221 502 248 οὐ
521 220 574 256 μὴν
583 220 610 247 δὲ
625 220 692 247 ἀλλὰ
707 221 754 248 καὶ
761 222 811 247 ὅσα
825 221 899 247 είπο-

953 219 1034 248 milas
1047 226 1114 247 vero
1127 219 1316 254 intelligentia:
1328 227 1423 248 earum
1438 220 1580 254 adductio,
1593 225 1622 248 et
1639 227 1740 248 secun-

92 277 154 305 μεν
164 269 193 295 ὲν
207 267 246 303 τῷ
260 266 332 301 Περὶ
343 266 400 301 τῆς
410 266 554 301 οὐρανίου
566 267 718 301 ιεραρκίας
733 266 839 302 βιϐλίῳ,
853 266 895 292 ὅτι

91 316 162 346 ταῖς
176 313 263 345 θείαις
280 313 412 348 δυνάμεσι
427 313 564 348 πρόσεισι,
580 313 628 339 καὶ
640 312 728 339 ταῦτα
747 312 776 346 ἐξ
793 311 895 346 ἀγαθό-

93 359 182 395 τητός
195 360 247 386 εἰσι
259 358 306 385 τοῦ
327 358 406 385 Θεοῦ.
425 357 493 385 Τίνα
509 358 615 390 ταῦτα;
630 358 664 384 Ai
678 357 896 394 ἀγγελοπρεπεῖς

92 406 201 442 δηλαδὴ
212 405 373 441 καθάρσεις,
381 406 408 431 αί
422 405 610 439 φωταγωγίαι,
622 406 649 432 at
658 404 835 440 τελειότητες*
844 413 895 431 κα-

94 451 242 487 θαίρονται
251 451 305 486 γὰρ
317 451 364 477 καὶ
371 448 462 481 αὗται,
475 450 522 477 καὶ
529 450 702 485 φωτίζονται,
713 451 761 477 καὶ
767 449 898 477 τελειοῦν-

93 505 157 529 ται,
176 496 252 532 παρά
263 496 314 532 τῆς
325 497 416 532 πηγῆς
429 497 481 532 τῆς
490 497 659 532 ἀγαθάιητος
676 497 896 533 ιεραρχούμιναι,

93 543 130 576 ἐξ
143 540 178 579 ἧς
195 543 319 579 ἐδωρήθη
330 542 444 575 ταύταις
458 542 506 570 καὶ
517 542 548 570 τὸ
562 543 729 577 ἀγαθοειδὲς,
742 543 790 570 καὶ
804 543 835 570 τὸ
848 544 897 570 ὲκ-

95 589 207 623 φαίνειν
225 589 254 615 ὲν
277 589 388 620 ἑαυταῖς
405 588 455 623 τὴν
471 588 590 625 κρυφίαν
608 589 773 624 ἀγαθότητα.
796 588 898 616 Καθαί-

96 641 179 668 ρουσι
197 632 252 668 γὰρ
267 633 315 660 καὶ
334 630 425 664 αὗται.
446 633 494 660 καὶ
509 633 666 668 φωτίζουσι,
684 634 732 660 καὶ
748 633 899 660 τελειοῦσιν

92 679 116 708 ἃ
143 680 289 715 πάσχουσι,
312 679 399 707 ταῦτα
419 679 555 712 ποιοῦσαι,
579 680 627 707 καὶ
646 680 776 716 δηλοῦσαι
797 680 828 707 τὸ
848 680 899 715 τῆς

95 725 268 761 ἀγαθότητος
282 725 397 762 κρύφιον
412 726 460 754 τοῦ
482 726 560 754 Θεοῦ.
579 726 611 754 Εί
630 726 685 763 γάρ
703 726 733 760 ἐξ
746 726 813 762 ἐμοῦ
833 726 899 754 θαυ-
912 747 918 755 .

97 772 254 809 μαστοῦται
274 773 291 809 ἡ
313 773 361 800 τοῦ
381 772 450 800 Θεοῦ
472 773 584 808 γνῶσις,
599 773 675 809 πόσῳ
688 773 787 809 μᾶλλον
801 775 833 800 ὲκ
845 773 901 800 τῶν

96 818 254 854 ἀγγελικῶν
265 820 311 846 καὶ
322 819 402 846 θείων
411 819 563 855 δυνάμεων;
572 819 841 855 Ἐεαγγέλλουσιγάρ
851 820 902 846 οὺκ

97 867 130 892 ὲν
142 865 181 900 τῷ
198 864 299 899 λέγειν,
313 865 373 892 ἀλλ’
385 867 416 893 ὲν
434 866 545 898 ἑαυταῖς
557 867 586 893 ἂν
601 865 641 901 τῷ
653 865 756 898 ταύτας
770 865 901 898 νοεῖσθαι,

95 911 151 946 τὴν
172 910 247 937 θείαν
266 910 374 946 ἐκείνην
390 912 470 948 σιγὴν
487 911 537 948 τὴν
551 900 789 947 ὑπὲργκατάληψιν
810 919 900 945 φωτο-
917 900 938 927 Β

97 957 214 991 φάνειαν
230 956 277 984 τοῦ
299 959 328 984 ὲν
347 957 454 990 ἀδύτοις
464 958 511 986 καὶ
523 959 553 986 έν
567 958 718 995 ἀποκρύφῳ
729 958 816 990 ὄντος,
830 957 901 985 κατά

96 1001 142 1031 τὸ,
153 1003 252 1030 Ἐθετο
262 1003 371 1037 σκότος
382 1003 564 1040 ἀποκρυφὴν
573 1004 678 1037 αὑτοῦ,
688 1004 725 1036 ὡς
737 1004 815 1038 φῶτα
827 1003 902 1038 φανά

97 1048 216 1084 δεύτερα
236 1049 446 1086 προδεδλημένα
468 1051 508 1082 είς
526 1051 690 1086 έρμήνευσιν
707 1049 832 1077 ὁπωσοῦν
851 1050 901 1085 τῆς

99 1093 215 1130 πρώτης
229 1094 432 1131 λαμπρότητος.
449 1096 528 1123 Ἀλλὰ
543 1097 591 1124 καὶ
606 1096 675 1132 μετὰ
689 1096 752 1128 τοὺς
769 1096 901 1131 ἀγγέλους

100 1141 130 1167 αἰ
149 1140 243 1176 ψυχαὶ,
264 1142 311 1168 καὶ
331 1142 383 1169 ὅσα
403 1143 473 1170 εἰσὶν
489 1142 581 1178 ἀγαθά
602 1142 657 1170 τῶν
675 1142 781 1178 ψυχῶν,
804 1143 838 1170 ἐκ
850 1143 900 1178 τῆς

100 1187 270 1223 ἀγαθότητὸς
280 1189 332 1215 είσι
347 1189 395 1215 τοῦ
410 1189 489 1222 Θεοῦ,
507 1189 539 1217 τὸ
558 1189 656 1225 νοεράς
672 1189 758 1222 αὐτὰς
767 1188 848 1222 εἶναι,
862 1190 900 1222 ὡς

101 1233 227 1266 νοοὺσας,
240 1234 272 1260 τὸ
283 1234 445 1267 ἀθανάτους,
462 1235 528 1262 αὐτὸ
543 1235 576 1272 δὴ
586 1235 617 1262 τὸ
633 1233 713 1268 εῖναι,
727 1235 775 1262 καὶ
786 1235 817 1262 τὸ
828 1235 900 1271 ἔχειν

101 1280 228 1317 δύναμιν,
240 1281 452 1317 ἀνατεινομένας
467 1282 535 1317 πρὸς
546 1281 596 1313 τὰς
608 1281 758 1316 ἀγγελικὰς
773 1279 857 1314 ζωὰς,
865 1281 899 1308 δι’

103 1327 216 1353 ἐκείνων
229 1326 268 1358 ὡς
279 1327 476 1363 καθηγεμόνων
497 1327 544 1354 ἐπὶ
563 1327 612 1363 τὴν
635 1327 711 1355 θείαν
729 1327 900 1363 ἀγαθαρχίαν

103 1372 262 1407 ἀνάγεσθαι,
274 1374 322 1400 καὶ
333 1373 389 1400 τῶν
402 1375 434 1400 ὲκ
444 1373 490 1400 τοῦ
510 1373 578 1400 Θεοῦ
600 1374 724 1410 μετέχειν
739 1373 899 1410 ὲλλάμψεων

104 1419 176 1446 κατὰ
186 1419 236 1455 τὴν
250 1419 397 1454 ἀναλογίαν
416 1419 518 1452 αὐτῶν,
531 1421 578 1447 καὶ
591 1420 643 1455 τῆς
660 1420 835 1455 ἀγαθοειδοῦς
849 1421 900 1448 δω-

105 1467 170 1502 ρεᾶς
185 1467 214 1492 ἐν
227 1466 358 1502 μετουσίᾳ
367 1466 501 1501 γίνεσθαι,
514 1465 606 1498 καθὼς
613 1466 660 1493 ἐπὶ
671 1467 719 1493 τοῦ
733 1466 845 1493 Ἡσαΐου
853 1467 900 1494 καὶ

104 1512 150 1539 τοῦ
171 1512 301 1548 Ίεζεκιὴλ
309 1512 414 1547 γέγονε,
424 1512 472 1539 τοῦ
486 1512 536 1548 μὲν
547 1512 696 1549 δεξαμένου
710 1513 756 1539 τὸν
764 1513 898 1549 ἄνθρακα,

103 1558 151 1586 τοῦ
176 1559 204 1586 δὲ
221 1559 428 1594 ψωμιασθέντος
444 1559 495 1594 τὴν
507 1559 648 1594 κεφαλίδα,
667 1559 715 1586 καὶ
728 1560 779 1586 ὅσα
790 1559 858 1586 ἄλλα
870 1561 899 1585 ὲν

107 1607 159 1642 ἰδίᾳ.
171 1607 385 1643 πραγματείᾳτῇ
392 1606 462 1641 Περὶ
471 1606 575 1641 ψυχῆς
582 1606 700 1642 εἴρηται.
710 1606 789 1634 ’Δλλὰ
797 1607 844 1634 καὶ
852 1607 901 1633 αὐ-

103 1653 149 1679 ταὶ
156 1653 183 1678 αἱ
190 1652 282 1687 ἄλογοι
291 1652 385 1688 ψυχαὶ,
397 1653 444 1680 καὶ
453 1653 541 1680 πάντα
548 1652 582 1679 τὰ
590 1652 675 1687 ἄλογα
685 1652 753 1686 ζῶα,
766 1653 802 1680 τὰ
809 1653 900 1689 ἀέρια,

107 1698 143 1724 τὰ
157 1700 281 1734 χερσαῖα,
292 1699 326 1725 τὰ
340 1699 454 1735 ἑρπετὰ,
471 1699 506 1726 τὰ
524 1701 554 1726 έν
568 1699 654 1732 ὕδατι,
671 1700 705 1726 τὰ
717 1700 845 1735 ἀμφίϐια,
866 1701 901 1728 τὰ

107 1744 159 1771 ὑπὸ
169 1745 219 1780 γῆν
231 1745 437 1780 ὲγχεχωσμένα,
452 1745 541 1772 πάντα
552 1745 639 1772 ταῦτα
650 1745 693 1772 διὰ
705 1746 756 1782 τὴν
774 1746 821 1774 τοῦ
832 1747 901 1774 Θεοῦ

106 1790 260 1826 ἀγαθότητα
276 1791 428 1826 ὲψὺχωνται
449 1791 496 1818 καὶ
515 1791 662 1823 ὲζώωνται·
680 1793 781 1828 ὁμοίως
801 1794 848 1820 καὶ
867 1794 901 1821 τά

108 1837 187 1871 φυτὰ,
208 1838 255 1864 καὶ
278 1838 328 1874 ὅση
343 1838 444 1873 ἄψυχος
455 1838 501 1864 καὶ
511 1837 598 1869 ἄζωος
608 1838 697 1871 οὖσία,
712 1838 756 1865 διὰ
770 1828 902 1874 τάγαθὸν,

107 1881 141 1908 τὰ
159 1883 207 1918 μὲν
225 1883 274 1919 τὴν
290 1883 439 1920 θρεπτικὴν
453 1884 500 1910 καὶ
514 1883 663 1920 αὐξητικὴν
678 1885 761 1920 ζωὴν,
775 1886 791 1921 ἠ
810 1885 837 1912 δὲ
853 1886 902 1922 τῆς

107 1928 251 1962 οὑσιώδους
261 1929 344 1962 ἕξεως
361 1930 480 1966 εἴληχεν.

947 267 1011 294 (Ιιιιιι
1035 266 1150 302 gratiam
1170 265 1321 297 deiﬁcatio.
1346 273 1506 301 progressus
1519 270 1547 294 et
1570 273 1741 302 quaecunque

947 312 998 340 alia
1016 312 1043 340 in
1057 311 1189 346 peculiari
1209 311 1282 338 libro
1296 311 1334 339 De
1347 312 1553 347 proprietatibus
1567 318 1591 340 ιι
1604 313 1742 340 ordinibus

946 358 1102 393 angelorum
1116 364 1131 385 a
1145 358 1225 386 nobis
1237 363 1452 385 commemorata
1468 363 1543 386 sunt.
1564 358 1636 391 Ouin
1652 362 1682 385 et
1695 357 1742 386 illa

947 411 1009 440 quae
1016 403 1170 431 diximusin
1180 403 1249 431 libro
1261 404 1298 431 De
1307 403 1404 430 ειείεειὶ
1415 404 1565 431 hierarchia
1577 405 1678 431 divinis
1691 403 1749 430 vir-

947 450 1052 479 tutibus
1063 450 1171 483 adesse.
1182 450 1266 478 etiam
1278 449 1336 477 haec
1348 454 1458 477 suntex
1472 450 1594 477 bonitate
1607 450 1665 477 Dei.
1676 449 1742 483 Quae

947 505 1011 525 vero
1022 504 1054 525 ea
1065 497 1148 526 sunt?
1157 497 1292 533 Angelius
1301 495 1430 523 nimirum
1441 495 1629 528 lustrationes,
1641 496 1742 524 illumi-

948 545 1083 577 mtiones.
1096 543 1294 578 perfectiones:
1309 543 1444 577 siquidem
1456 546 1484 569 et
1499 542 1564 577 ipsae
1577 543 1738 577 expiantur,

949 591 1186 623 etilluminantur,
1198 594 1227 619 et
1238 590 1430 626 perﬁciuntur,
1441 597 1456 616 a
1465 590 1539 617 fonte
1549 589 1678 617 bonitatis
1690 589 1741 617 ini-

948 638 1073 670 tiatae,“
1085 644 1139 672 quo
1149 638 1214 672 ipsis
1224 644 1333 672 quoque
1344 636 1537 664 bonil'ormitas
1546 635 1647 663 donata
1654 640 1707 670 est,
1715 639 1743 664 et

950 684 978 711 in
991 682 1337 718 sometipsis_maniiestant
1349 689 1478 710 arcanam
1493 682 1569 710 illam
1578 682 1741 710 bonitatem.

949 728 1094 764 Siquidem
1105 735 1133 757 et
1152 729 1217 764 ipsa:
1238 729 1362 764 expiant,
1378 729 1460 765 387
1484 733 1512 756 et
1536 729 1700 762 illuminant,
1715 733 1744 756 et

951 775 1097 811 perﬁciunt
1109 782 1140 803 ea
1152 783 1213 810 quae
1225 776 1375 811 patiuntur,
1386 776 1449 803 dum
1464 774 1521 802 haec
1537 780 1633 810 agunt,
1642 778 1669 802 et
1682 781 1743 802 ma-

953 821 1084 850 nifestam
1108 829 1240 849 arcanum
1258 821 1392 849 bonitatis
1414 820 1472 848 Dei.
1495 820 1524 848 Si
1552 820 1626 847 enim
1650 828 1684 848 ex
1700 825 1744 847 me

953 867 1070 895 scientia
1086 866 1133 894 Dei
1148 866 1322 897 mirillcatur,
1335 870 1440 901 quanto
1455 865 1544 900 magis
1562 872 1597 892 ex
1612 864 1743 900 angelicis

953 921 986 941 ac
999 913 1099 942 divinis
1110 912 1279 941 virtutibus?
1293 911 1445 940 Enuntiant
1468 912 1541 939 enim
1554 918 1608 939 non
1621 918 1683 939 cum
1699 911 1743 939 di-

953 964 1028 993 cunt,
1055 960 1102 987 sed
1125 967 1187 987 cum
1210 959 1237 986 in
1263 958 1420 993 semetipsis
1441 957 1597 991 intelligunt
1617 957 1742 985 divinum

953 1004 1019 1033 illud
1033 1004 1187 1036 silentium.
1199 1010 1232 1031 ac
1253 1001 1560 1037 incomprehensibilem
1581 1001 1744 1028 illustratio-

952 1059 1014 1079 nem
1025 1051 1084 1087 ejus
1095 1051 1141 1086 qui
1150 1051 1176 1078 in
1186 1050 1309 1086 adytiset
1320 1049 1427 1077 occulto
1440 1049 1558 1082 exsistit,
1568 1049 1647 1084 juxta
1657 1047 1739 1075 illud-

952 1097 1048 1125 Posuit
1066 1097 1188 1125 tenebras
1198 1096 1341 1124 latibulum
1353 1103 1430 1123 suum
1444 1095 1470 1127 ιι,
1483 1101 1613 1130 tanquam
1638 1094 1742 1122 lumina

950 1145 1074 1180 quaedam
1086 1143 1263 1176 secundaria,
1277 1150 1337 1178 que
1348 1141 1487 1177 proposita
1504 1145 1568 1169 sunt
1581 1141 1614 1169 ad
1623 1141 1742 1176 primum

951 1191 1027 1218 illum
1049 1190 1224 1226 splendorem
1248 1195 1359 1225 quoquo
1384 1190 1465 1216 modo
1491 1187 1740 1223 interpretandum.

951 1237 1097 1270 Praeterea,
1111 1241 1172 1272 post
1187 1236 1308 1271 angelos,
1325 1235 1422 1263 animzc
1437 1241 1555 1270 quoque,
1571 1238 1599 1261 et
1613 1241 1743 1268 quaecun-

951 1290 1004 1318 que
1015 1283 1168 1310 animarum
1182 1282 1252 1310 bona
1266 1286 1341 1313 sunt.
1351 1289 1385 1309 ex
1400 1281 1523 1309 bonitate
1531 1279 1577 1307 Dei
1587 1280 1742 1312 exsistunt;

951 1335 981 1359 ιιι
996 1330 1069 1366 quod
1086 1330 1272 1365 intelligentes
1283 1330 1350 1361 sint,
1363 1334 1492 1363 tanquam
1508 1335 1568 1362 qua:
1578 1327 1742 1361 intelligant,

954 1378 1027 1413 quod
1045 1377 1101 1405 sint
1115 1376 1295 1408 immortales,
1308 1375 1380 1410 quod
1393 1375 1459 1407 sint,
1477 1378 1504 1401 et
1518 1375 1635 1401 habeant
1652 1373 1738 1400 virtu-

951 1426 1017 1455 tem,
1031 1426 1059 1449 et
1069 1422 1103 1449 ad
1124 1421 1263 1456 angelicas
1278 1421 1349 1448 vitas
1365 1421 1510 1453 accedant,
1521 1423 1549 1447 et
1564 1426 1611 1454 per
1623 1419 1684 1446 illos
1692 1425 1743 1446 ceu

951 1472 1134 1504 praeceptores
1153 1467 1187 1494 ad
1197 1467 1318 1495 divinam
1334 1467 1420 1502 ipsam
1436 1466 1587 1494 bonitatem
1604 1465 1744 1492 adducan-

952 1519 1006 1548 tur,
1017 1519 1044 1542 et
1054 1521 1104 1549 pro
1112 1519 1193 1549 captu
1207 1520 1256 1540 suo
1268 1512 1368 1540 divinis
1377 1511 1606 1539 illustratiouibus
1620 1518 1744 1539 commu-

954 1561 1056 1593 nicent,
1072 1565 1101 1588 et
1117 1559 1240 1587 muneris
1270 1558 1434 1587 boniformis
1450 1558 1599 1594 participes
1611 1558 1743 1591 existant,

953 1608 1024 1635 sicut
1037 1607 1064 1634 in
1079 1606 1149 1634 Isaia
1163 1611 1191 1633 et
1211 1604 1356 1633 Ezechiele
1370 1604 1481 1636 accidit,
1497 1604 1560 1631 dum
1575 1603 1621 1630 ille
1632 1603 1743 1637 quidem

954 1663 1068 1691 prunam
1085 1655 1206 1689 accepit,
1232 1654 1276 1682 hic
1287 1660 1352 1680 vero
1368 1652 1430 1679 libri
1445 1651 1536 1686 capite
1549 1650 1669 1678 refectus
1688 1655 1746 1685 est.

953 1707 981 1730 et
992 1708 1161 1738 quascunque
1176 1701 1230 1728 alia
1244 1700 1270 1727 in
1286 1699 1420 1734 peculiari
1438 1702 1558 1725 tractatu
1572 1696 1611 1724 De
1624 1698 1715 1724 animo
1727 1704 1744 1723 a

955 1749 1034 1776 nobis
1044 1748 1115 1776 dicta
1127 1751 1202 1774 sunt.
1217 1746 1289 1780 Quin
1307 1749 1334 1774 et
1345 1745 1443 1772 animat
1455 1745 1631 1772 irrationale:
1644 1749 1671 1771 et
1684 1751 1744 1772 om-

957 1795 1001 1822 nia
1016 1795 1095 1822 bruta
1109 1794 1272 1824 animantia,
1292 1797 1320 1819 et
1331 1792 1416 1825 aeria,
1429 1796 1458 1819 et
1471 1791 1623 1822 terrestria,
1639 1795 1666 1818 et
1682 1797 1743 1818 ser-

955 1840 1061 1877 pentia,
1077 1845 1106 1867 et
1123 1839 1266 1874 aquatilia,
1279 1842 1308 1866 et
1324 1837 1477 1872 amphibia,
1491 1841 1517 1865 et
1530 1845 1592 1872 qua:
1606 1837 1632 1864 in
1651 1844 1745 1865 caver-

954 1888 996 1916 nis
1012 1892 1093 1915 ωτι-ω
1105 1887 1217 1922 degunt,
1234 1884 1328 1913 omnia
1345 1884 1403 1912 hrec
1419 1892 1470 1919 per
1492 1884 1539 1912 Dei
1554 1884 1703 1912 bonitatem
1715 1887 1744 1911 et

953 1933 1073 1961 animata
1097 1936 1161 1959 sunt
1179 1935 1208 1958 et
1229 1930 1386 1963 viviﬁcata;
1403 1929 1530 1957 similiter
1548 1935 1576 1957 et
1588 1929 1695 1964 plantat,
1715 1932 1745 1956 et

110 1975 233 2008 quaslibet
260 1977 380 2003 inanima
408 1977 524 2012 vitasque
542 1985 639 2014 expers
654 1979 818 2012 substantia,
841 1988 890 2015 per
906 1980 1032 2008 eamdem
1062 1978 1228 2012 bonitatem,
1254 1977 1299 2004 illa
1323 1976 1432 2012 quidem
1456 1976 1612 2007 nutritivam
1641 1981 1669 2003 et
1695 1984 1744 2003 au-

109 2022 218 2050 ctricem
241 2022 334 2056 vitam,
362 2023 420 2051 haec
444 2031 509 2051 vero
534 2025 657 2054 habitum
683 2027 890 2054 substantialem
908 2030 1085 2062 acceperunt.
1462 2028 1465 2031 “

145 2069 158 2106 §
180 2069 221 2096 Ill.
241 2070 273 2096 Εἰ
286 2071 314 2097 δὲ
328 2072 374 2098 καὶ
385 2071 456 2107 ὑπὲρ
472 2072 561 2099 πάντα
572 2073 606 2100 τά
621 2073 686 2100 ὄντα
701 2074 760 2100 ἐστὶ
770 2073 801 2101 τὸ
813 2074 901 2106 Θεῖον,

111 2116 202 2152 ὥσπερ
217 2117 263 2144 καὶ
278 2117 343 2144 αὐτὸ
357 2118 387 2145 τὸ
401 2119 512 2153 ἀγαθὸν,
525 2119 582 2145 ἀλλ’
596 2118 642 2147 οὖν
653 2121 681 2147 αἱ
698 2121 841 2157 στερήσεις
855 2122 901 2148 ἐπὶ

111 2161 175 2189 θεοῦ
184 2163 234 2189 ὺπε
239 2162 330 2198 ρϐολαί
336 2165 389 2190 εἰσι
397 2164 497 2191 θέσεων
503 2164 605 2201 δραστή
611 2174 672 2201 ριοι,
681 2165 756 2202 ὼςιτὸ
770 2166 899 2199 ἀνείδεος,

111 2209 239 2241 ἀνούσιος,
250 2209 347 2242 tam,
362 2211 441 2243 ἄνους
451 2219 459 2227 ·
472 2211 557 2238 ταῦτα
572 2212 635 2248 γὰρ,
646 2212 748 2240 ἔννοιαν
757 2213 851 2249 ἔχοντα
864 2213 901 2249 μὴ

992 2074 1006 2111 ς
1028 2073 1071 2102 ill.
1091 2073 1167 2107 Quod
1183 2073 1204 2101 si
1219 2077 1311 2100 autem
1332 2072 1404 2100 Deus
1418 2071 1453 2100 sit
1473 2078 1555 2107 supra
1578 2070 1681 2103 omnia,
1703 2070 1743 2097 uti

940 2123 980 2150 'et
995 2122 1096 2149 bonum
1108 2122 1207 2155 ipsum,
1224 2127 1290 2156 ergo
1307 2118 1477 2154 privationes
1491 2117 1519 2146 in
1543 2117 1598 2145 Deo
1615 2121 1680 2145 sunt
1693 2123 1744 2145 ex-

953 2167 1085 2195 cellentiae
1102 2164 1272 2203 positionum
1296 2164 1460 2198 eifectrices,
1474 2168 1504 2191 ut
1516 2171 1615 2199 expers
1635 2163 1741 2195 formas,

952 2221 1050 2248 expers
1062 2213 1231 2245 substantiae,
1245 2218 1344 2246 expers
1358 2211 1432 2244 vitae,
1445 2217 1543 2245 expers
1555 2209 1668 2242 mentis;
1682 2216 1743 2244 qua:

112 2255 193 2288 ιντος,
216 2257 290 2292 ὅμως
311 2258 341 2283 ἐν
361 2257 400 2293 τῷ
427 2257 487 2294 Θεῷ
508 2258 678 2294 ὑπερουσίως
692 2260 748 2286 ὄντι
761 2260 830 2287 κατὰ
851 2260 899 2296 τὴν

954 2259 1063 2294 quidem
1075 2259 1202 2288 videntur
1209 2258 1363 2294 signiﬁcare
1371 2257 1472 2292 aliquid
1480 2256 1552 2293 quod
1562 2264 1615 2284 non
1623 2255 1741 2288 exsistit,

113 2302 253 2339 ἀφαίρεσιν
279 2303 406 2330 ἁπάντων
430 2304 516 2339 (οὐδὲν
542 2305 595 2341 γάρ
622 2306 680 2332 ἐστι
703 2305 758 2333 τῶν
782 2306 898 2342 ὅντων)

114 2348 279 2384 ὑπεροχικῶς
291 2349 424 2377 νοοῦνται.
440 2350 494 2377 Καὶ
507 2351 531 2377 εἰ
547 2350 657 2386 θεμιτὸν
673 2351 820 2385 φάναι,καὶ
834 2352 900 2378 αὐτὸ

113 2394 141 2421 τὸ
155 2395 190 2431 μὴ
204 2395 233 2422 ὃν
244 2395 291 2422 τοῦ
305 2396 375 2432 ὑπὲρ
391 2397 479 2424 πάντα
491 2398 593 2432 ἀγαθοῦ
611 2398 727 2433 ἐφίεται,
745 2398 780 2433 (εἰ
795 2398 849 2435 γὰρ
862 2399 900 2435 μὴ

113 2441 183 2468 ἐστιν
194 2441 269 2473 αὐτὸ,
285 2442 344 2474 πῶς
357 2443 461 2478 ἐφίεται
469 2443 488 2480 ;)
539 2444 629 2480 δῆλον,
643 2445 684 2471 ὅτι
699 2445 730 2471 τὸ
750 2444 787 2481 μὴ
801 2446 831 2472 ὃν
847 2455 899 2473 κα-

114 2486 159 2513 κδν
172 2486 281 2522 ἐνόησεν
295 2485 375 2519 εἶναι,
391 2488 429 2525 μὴ
447 2489 476 2516 ὃν
489 2490 589 2516 ὡσανεὶ
601 2490 712 2525 ἀγαθὸν,
726 2490 764 2522 ὡς
779 2499 900 2527 παρακα-

113 2530 175 2558 τιὼν
196 2530 378 2564 ἀποδεικνύει,
390 2534 430 2560 ὅτι
449 2536 496 2561 καὶ
512 2534 577 2562 αὐτὸ
598 2535 628 2562 τὸ
649 2535 795 2571 λεγόμενον
815 2537 900 2564 κακὸν

114 2576 159 2603 τοῦ
177 2576 280 2611 ἀγαθοῦ
298 2577 378 2605 ἕνεκα
392 2579 522 2612 πολλάκις
537 2581 651 2615 γίνεται.

955 2310 1046 2333 tamen
1059 2306 1085 2333 in
1099 2305 1164 2339 Deo,
1178 2306 1225 2341 qui
1240 2304 1506 2340 superessentialiter
1517 2303 1638 2331 omniutn
1651 2309 1742 2330 rerum

954 2353 1098 2387 negatione
1114 2352 1209 2381 existit
1225 2351 1305 2388 (nihil
1327 2352 1400 2379 enim
1416 2355 1458 2378 est
1475 2357 1570 2378 eorum
1591 2356 1651 2385 quae
1666 2350 1742 2383 sunt)

953 2399 1105 2426 eminenter
1123 2395 1325 2434 intelliguntur.
1344 2396 1388 2431 Et,
1402 2396 1425 2424 si
1453 2396 1527 2424 dictu
1543 2395 1585 2423 fas
1609 2394 1655 2427 sit,
1675 2394 1742 2421 illud

954 2445 1043 2480 ipsum
1058 2446 1130 2480 quod
1144 2453 1198 2473 non
1216 2449 1268 2478 est,
1284 2444 1369 2478 illius,
1386 2445 1458 2480 quod
1481 2449 1564 2477 supra
1581 2449 1624 2469 res
1646 2447 1743 2469 omnes

954 2497 1007 2526 est,
1022 2492 1088 2520 boni
1102 2491 1238 2520 desiderio
1263 2495 1371 2518 tenetur
1394 2491 1437 2526 (si
1459 2489 1532 2518 enim
1557 2488 1584 2516 id
1609 2495 1664 2515 non
1688 2491 1742 2520 est,

954 2538 1090 2574 quomodo
1109 2536 1305 2571 desiderati);
1327 2536 1398 2565 unde
1422 2535 1596 2563 manifestum
1609 2554 1617 2568 ,
1644 2541 1694 2568 per
1715 2533 1742 2560 id

954 2585 1024 2618 quod
1049 2593 1103 2612 non
1128 2590 1182 2618 est,
1208 2584 1309 2612 malum
1335 2583 1510 2616 intellexisse,
1536 2588 1598 2609 cum
1621 2588 1677 2608 non
1704 2579 1742 2607 sit

117 2623 203 2658 aliquo
232 2626 312 2652 modo
340 2627 449 2659 bonum,
479 2629 517 2655 uti
546 2629 573 2656 in
600 2636 745 2664 progressu
769 2630 905 2659 orationis
919 2632 1053 2665 ostendit;
1084 2632 1148 2667 quia
1170 2631 1235 2659 illud
1263 2631 1347 2667 388
1363 2631 1445 2658 etiam
1462 2628 1533 2664 quod
1556 2628 1656 2655 malum
1672 2627 1743 2654 dici-

119 2675 168 2705 tur,
181 2676 290 2706 propter
303 2671 401 2700 bonum
418 2673 457 2701 iit.

149 2715 161 2751 ξ
178 2715 221 2743 ιι.
249 2716 319 2743 Ἀλλ’
340 2718 409 2754 ὅπερ
427 2720 502 2755 ἡμᾶς
520 2720 718 2756 διαπέφευγεν,
738 2722 825 2749 αἴτιον
847 2722 902 2749 τῶν

117 2761 243 2797 οὐρανίων
258 2764 305 2790 καὶ
316 2765 456 2800 κοσμικῶν
471 2765 592 2803 (οὐρανὸν
607 2767 661 2803 γὰρ
674 2767 719 2795 τὸν
735 2769 836 2804 κόσμον
849 2777 902 2804 φα-

988 2723 1002 2760 §
1021 2722 1065 2750 IV.
1087 2723 1162 2757 Sed,
1190 2723 1262 2758 quod
1289 2729 1340 2750 nos
1363 2721 1513 2756 eﬂ‘ugerat,
1538 2719 1687 2748 caelestium
1714 2725 1743 2747 et

953 2769 1152 2797 mundanorum
1168 2768 1278 2804 (coelum
1300 2767 1373 2796 enim
1396 2766 1526 2794 mundum
1542 2766 1649 2801 vocant)
1665 2765 1741 2800 prin-

119 2807 177 2843 σίν)
199 2808 291 2844 ἀρχῶν
307 2810 354 2837 καὶ
364 2811 628 2850 ἀποπερατώσεωνή
645 2814 692 2842 τοῦ
712 2814 780 2842 Θεοῦ
802 2815 899 2851 ἀγαθό-

953 2815 1084 2852 cipiorum
1099 2823 1131 2844 ac
1146 2815 1368 2843 terminationum
1381 2820 1466 2842 causa
1489 2817 1531 2841 est
1549 2811 1598 2840 Dei
1613 2811 1737 2848 bonitas,

170 2887 261 2915 ιιιεειι.
278 2897 342 2923 xvn,
358 2890 400 2918 ii.
