  <div class='ocr_page' id='page_1' title='image "/cluster/home/n/w/nwhite01/storage/ocr_20150623/3/njp.32101077772356/473.png"; bbox 0 0 1938 3065; ppageno 0'>
   <div class='ocr_carea' id='block_1_1' title="bbox 196 164 249 192">
    <p class='ocr_par' dir='ltr' id='par_1_1' title="bbox 196 164 249 192">
     <span class='ocr_line' id='line_1_1' title="bbox 196 164 249 192; baseline -0.019 0"><span class='ocrx_word' id='word_1_1' title='bbox 196 164 249 192; x_wconf 73' lang='lat'><strong>75$</strong></span> 
     </span>
    </p>
   </div>
   <div class='ocr_carea' id='block_1_2' title="bbox 728 152 1196 190">
    <p class='ocr_par' dir='ltr' id='par_1_2' title="bbox 728 152 1196 190">
     <span class='ocr_line' id='line_1_2' title="bbox 728 152 1196 190; baseline 0.002 -1"><span class='ocrx_word' id='word_1_2' title='bbox 728 152 731 155; x_wconf 75' lang='grc'><em>’</em></span> <span class='ocrx_word' id='word_1_3' title='bbox 747 161 774 189; x_wconf 90' lang='lat' dir='ltr'><strong>s.</strong></span> <span class='ocrx_word' id='word_1_4' title='bbox 794 161 946 190; x_wconf 69' lang='lat' dir='ltr'><strong>niosvst.</strong></span> <span class='ocrx_word' id='word_1_5' title='bbox 961 161 1196 190; x_wconf 65' lang='lat' dir='ltr'><strong>Misenum:</strong></span> 
     </span>
    </p>
   </div>
   <div class='ocr_carea' id='block_1_3' title="bbox 1762 162 1818 190">
    <p class='ocr_par' dir='ltr' id='par_1_3' title="bbox 1762 162 1818 190">
     <span class='ocr_line' id='line_1_3' title="bbox 1762 162 1818 190; baseline 0.018 -1"><span class='ocrx_word' id='word_1_6' title='bbox 1762 162 1818 190; x_wconf 77' lang='grc'><strong>756</strong></span> 
     </span>
    </p>
   </div>
   <div class='ocr_carea' id='block_1_4' title="bbox 194 217 969 255">
    <p class='ocr_par' dir='ltr' id='par_1_4' title="bbox 194 217 969 249">
     <span class='ocr_line' id='line_1_4' title="bbox 194 217 969 249; baseline -0.004 0"><span class='ocrx_word' id='word_1_7' title='bbox 194 229 256 249; x_wconf 79' lang='lat' dir='ltr'><strong>nam</strong></span> <span class='ocrx_word' id='word_1_8' title='bbox 270 221 339 249; x_wconf 88' lang='lat' dir='ltr'><strong>Deus</strong></span> <span class='ocrx_word' id='word_1_9' title='bbox 352 220 410 249; x_wconf 56' lang='lat' dir='ltr'><strong>haec</strong></span> <span class='ocrx_word' id='word_1_10' title='bbox 423 220 515 248; x_wconf 88' lang='lat' dir='ltr'><strong>omnia</strong></span> <span class='ocrx_word' id='word_1_11' title='bbox 529 219 660 248; x_wconf 76' lang='lat' dir='ltr'><strong>bonitatis</strong></span> <span class='ocrx_word' id='word_1_12' title='bbox 675 217 840 246; x_wconf 78' lang='lat' dir='ltr'><strong>abundantia</strong></span> <span class='ocrx_word' id='word_1_13' title='bbox 858 219 969 247; x_wconf 86' lang='lat' dir='ltr'><strong>creavit.</strong></span> 
     </span>
    </p>
   </div>
   <div class='ocr_carea' id='block_1_5' title="bbox 1020 217 1816 255">
    <p class='ocr_par' dir='ltr' id='par_1_5' title="bbox 1024 218 1816 255">
     <span class='ocr_line' id='line_1_5' title="bbox 1024 218 1816 255; baseline 0 -10"><span class='ocrx_word' id='word_1_14' title='bbox 1024 227 1073 254; x_wconf 82' lang='grc' dir='ltr'>της</span> <span class='ocrx_word' id='word_1_15' title='bbox 1094 220 1166 245; x_wconf 77' lang='grc' dir='ltr'>ἐστί·</span> <span class='ocrx_word' id='word_1_16' title='bbox 1190 219 1236 246; x_wconf 80' lang='grc' dir='ltr'>καὶ</span> <span class='ocrx_word' id='word_1_17' title='bbox 1250 218 1337 245; x_wconf 80' lang='grc' dir='ltr'>ταῦτα</span> <span class='ocrx_word' id='word_1_18' title='bbox 1360 219 1414 255; x_wconf 83' lang='grc' dir='ltr'>γὰρ</span> <span class='ocrx_word' id='word_1_19' title='bbox 1425 219 1460 246; x_wconf 85' lang='grc' dir='ltr'><strong>δι’</strong></span> <span class='ocrx_word' id='word_1_20' title='bbox 1480 219 1646 254; x_wconf 82' lang='grc' dir='ltr'>ἀγαθότητος</span> <span class='ocrx_word' id='word_1_21' title='bbox 1665 218 1816 255; x_wconf 71' lang='grc' dir='ltr'>ὑπερϐολὴν</span> 
     </span>
    </p>
   </div>
   <div class='ocr_carea' id='block_1_6' title="bbox 193 264 978 302">
    <p class='ocr_par' dir='ltr' id='par_1_6' title="bbox 193 264 978 302">
     <span class='ocr_line' id='line_1_6' title="bbox 193 264 978 302; baseline -0.004 -8"><span class='ocrx_word' id='word_1_22' title='bbox 193 266 327 302; x_wconf 82' lang='lat' dir='ltr'><strong>Principia</strong></span> <span class='ocrx_word' id='word_1_23' title='bbox 342 274 407 294; x_wconf 91' lang='lat' dir='ltr'><strong>vero</strong></span> <span class='ocrx_word' id='word_1_24' title='bbox 419 266 540 294; x_wconf 72' lang='lat' dir='ltr'><strong>crelestia</strong></span> <span class='ocrx_word' id='word_1_25' title='bbox 553 270 580 293; x_wconf 90' lang='lat' dir='ltr'><strong>et</strong></span> <span class='ocrx_word' id='word_1_26' title='bbox 589 265 794 293; x_wconf 82' lang='lat' dir='ltr'><strong>terminationes</strong></span> <span class='ocrx_word' id='word_1_27' title='bbox 807 264 978 300; x_wconf 76' lang='lat' dir='ltr'><strong>intelligenda</strong></span> 
     </span>
    </p>
   </div>
   <div class='ocr_carea' id='block_1_7' title="bbox 192 311 978 348">
    <p class='ocr_par' dir='ltr' id='par_1_7' title="bbox 192 311 978 348">
     <span class='ocr_line' id='line_1_7' title="bbox 192 311 978 348; baseline -0.001 -9"><span class='ocrx_word' id='word_1_28' title='bbox 192 317 321 347; x_wconf 83' lang='lat' dir='ltr'><strong>tanquam</strong></span> <span class='ocrx_word' id='word_1_29' title='bbox 330 319 470 348; x_wconf 79' lang='lat' dir='ltr'><strong>expuncto</strong></span> <span class='ocrx_word' id='word_1_30' title='bbox 483 321 529 341; x_wconf 89' lang='lat' dir='ltr'><strong>seu</strong></span> <span class='ocrx_word' id='word_1_31' title='bbox 543 317 636 340; x_wconf 87' lang='lat' dir='ltr'><strong>centro</strong></span> <span class='ocrx_word' id='word_1_32' title='bbox 649 311 794 339; x_wconf 84' lang='lat' dir='ltr'><strong>voluntatis</strong></span> <span class='ocrx_word' id='word_1_33' title='bbox 807 311 852 338; x_wconf 91' lang='lat' dir='ltr'><strong>Dei</strong></span> <span class='ocrx_word' id='word_1_34' title='bbox 864 311 978 338; x_wconf 88' lang='lat' dir='ltr'><strong>rotunda</strong></span> 
     </span>
    </p>
   </div>
   <div class='ocr_carea' id='block_1_8' title="bbox 192 357 976 392">
    <p class='ocr_par' dir='ltr' id='par_1_8' title="bbox 192 357 976 392">
     <span class='ocr_line' id='line_1_8' title="bbox 192 357 976 392; baseline -0.001 -7"><span class='ocrx_word' id='word_1_35' title='bbox 192 357 321 386; x_wconf 66' lang='lat' dir='ltr'><strong>caelorum</strong></span> <span class='ocrx_word' id='word_1_36' title='bbox 334 358 474 386; x_wconf 77' lang='lat' dir='ltr'><strong>fabricatio</strong></span> <span class='ocrx_word' id='word_1_37' title='bbox 488 359 638 386; x_wconf 81' lang='lat' dir='ltr'><strong>subsistens</strong></span> <span class='ocrx_word' id='word_1_38' title='bbox 647 367 654 385; x_wconf 90' lang='lat'>:</span> <span class='ocrx_word' id='word_1_39' title='bbox 663 357 802 385; x_wconf 87' lang='lat' dir='ltr'><strong>circularis</strong></span> <span class='ocrx_word' id='word_1_40' title='bbox 810 358 882 385; x_wconf 91' lang='lat' dir='ltr'><strong>enim</strong></span> <span class='ocrx_word' id='word_1_41' title='bbox 892 357 976 392; x_wconf 75' lang='lat' dir='ltr'><strong>ﬁgura</strong></span> 
     </span>
    </p>
   </div>
   <div class='ocr_carea' id='block_1_9' title="bbox 191 403 975 439">
    <p class='ocr_par' dir='ltr' id='par_1_9' title="bbox 191 403 975 439">
     <span class='ocr_line' id='line_1_9' title="bbox 191 403 975 439; baseline -0.001 -8"><span class='ocrx_word' id='word_1_42' title='bbox 191 410 225 431; x_wconf 79' lang='lat' dir='ltr'><strong>ex</strong></span> <span class='ocrx_word' id='word_1_43' title='bbox 241 403 328 439; x_wconf 89' lang='lat' dir='ltr'><strong>seipsa</strong></span> <span class='ocrx_word' id='word_1_44' title='bbox 342 404 484 438; x_wconf 78' lang='lat' dir='ltr'><strong>incipiens,</strong></span> <span class='ocrx_word' id='word_1_45' title='bbox 503 405 530 431; x_wconf 92' lang='lat' dir='ltr'><strong>in</strong></span> <span class='ocrx_word' id='word_1_46' title='bbox 550 404 637 439; x_wconf 87' lang='lat' dir='ltr'><strong>seipsa</strong></span> <span class='ocrx_word' id='word_1_47' title='bbox 655 403 826 430; x_wconf 90' lang='lat' dir='ltr'><strong>terminatur.</strong></span> <span class='ocrx_word' id='word_1_48' title='bbox 834 403 975 430; x_wconf 85' lang='lat' dir='ltr'><strong>Coelestem</strong></span> 
     </span>
    </p>
   </div>
   <div class='ocr_carea' id='block_1_10' title="bbox 191 448 976 484">
    <p class='ocr_par' dir='ltr' id='par_1_10' title="bbox 191 448 976 484">
     <span class='ocr_line' id='line_1_10' title="bbox 191 448 976 484; baseline 0 -9"><span class='ocrx_word' id='word_1_49' title='bbox 191 456 258 477; x_wconf 80' lang='lat' dir='ltr'><strong>vero</strong></span> <span class='ocrx_word' id='word_1_50' title='bbox 274 449 452 477; x_wconf 80' lang='lat' dir='ltr'><strong>substantiam</strong></span> <span class='ocrx_word' id='word_1_51' title='bbox 469 457 556 484; x_wconf 86' lang='lat' dir='ltr'><strong>neque</strong></span> <span class='ocrx_word' id='word_1_52' title='bbox 570 448 660 483; x_wconf 75' lang='lat' dir='ltr'><strong>augeri</strong></span> <span class='ocrx_word' id='word_1_53' title='bbox 677 455 766 483; x_wconf 85' lang='lat' dir='ltr'><strong>neque</strong></span> <span class='ocrx_word' id='word_1_54' title='bbox 781 448 864 475; x_wconf 83' lang='lat' dir='ltr'><strong>minui</strong></span> <span class='ocrx_word' id='word_1_55' title='bbox 879 448 930 481; x_wconf 88' lang='lat' dir='ltr'><strong>ait,</strong></span> <span class='ocrx_word' id='word_1_56' title='bbox 946 453 976 475; x_wconf 84' lang='lat' dir='ltr'><strong>ut</strong></span> 
     </span>
    </p>
   </div>
   <div class='ocr_carea' id='block_1_11' title="bbox 191 493 975 529">
    <p class='ocr_par' dir='ltr' id='par_1_11' title="bbox 191 493 975 529">
     <span class='ocr_line' id='line_1_11' title="bbox 191 493 975 529; baseline -0.003 -7"><span class='ocrx_word' id='word_1_57' title='bbox 191 495 310 529; x_wconf 77' lang='lat' dir='ltr'><strong>perfecte</strong></span> <span class='ocrx_word' id='word_1_58' title='bbox 320 499 347 522; x_wconf 88' lang='lat' dir='ltr'><strong>et</strong></span> <span class='ocrx_word' id='word_1_59' title='bbox 361 494 523 522; x_wconf 69' lang='lat' dir='ltr'><strong>sufﬁcienter</strong></span> <span class='ocrx_word' id='word_1_60' title='bbox 536 495 614 522; x_wconf 87' lang='lat' dir='ltr'><strong>linem</strong></span> <span class='ocrx_word' id='word_1_61' title='bbox 631 502 707 522; x_wconf 89' lang='lat' dir='ltr'><strong>suum</strong></span> <span class='ocrx_word' id='word_1_62' title='bbox 719 498 887 527; x_wconf 76' lang='lat' dir='ltr'><strong>assecutam;</strong></span> <span class='ocrx_word' id='word_1_63' title='bbox 902 493 975 521; x_wconf 91' lang='lat' dir='ltr'><strong>ideo-</strong></span> 
     </span>
    </p>
   </div>
   <div class='ocr_carea' id='block_1_12' title="bbox 190 539 973 575">
    <p class='ocr_par' dir='ltr' id='par_1_12' title="bbox 190 539 973 575">
     <span class='ocr_line' id='line_1_12' title="bbox 190 539 973 575; baseline 0.001 -9"><span class='ocrx_word' id='word_1_64' title='bbox 190 547 243 575; x_wconf 81' lang='lat' dir='ltr'><strong>que</strong></span> <span class='ocrx_word' id='word_1_65' title='bbox 259 540 450 567; x_wconf 86' lang='lat' dir='ltr'><strong>immutabilem</strong></span> <span class='ocrx_word' id='word_1_66' title='bbox 463 541 548 575; x_wconf 87' lang='lat' dir='ltr'><strong>ipsam</strong></span> <span class='ocrx_word' id='word_1_67' title='bbox 560 540 637 574; x_wconf 81' lang='lat' dir='ltr'><strong>dixit,</strong></span> <span class='ocrx_word' id='word_1_68' title='bbox 659 548 690 567; x_wconf 86' lang='lat' dir='ltr'><strong>ex</strong></span> <span class='ocrx_word' id='word_1_69' title='bbox 702 547 757 574; x_wconf 92' lang='lat' dir='ltr'><strong>quo</strong></span> <span class='ocrx_word' id='word_1_70' title='bbox 774 539 843 566; x_wconf 83' lang='lat' dir='ltr'><strong>facta</strong></span> <span class='ocrx_word' id='word_1_71' title='bbox 854 544 906 572; x_wconf 88' lang='lat' dir='ltr'><strong>est,</strong></span> <span class='ocrx_word' id='word_1_72' title='bbox 918 546 973 567; x_wconf 92' lang='lat' dir='ltr'><strong>non</strong></span> 
     </span>
    </p>
   </div>
   <div class='ocr_carea' id='block_1_13' title="bbox 189 583 974 619">
    <p class='ocr_par' dir='ltr' id='par_1_13' title="bbox 189 583 974 619">
     <span class='ocr_line' id='line_1_13' title="bbox 189 583 974 619; baseline 0 -8"><span class='ocrx_word' id='word_1_73' title='bbox 189 591 366 619; x_wconf 78' lang='lat' dir='ltr'><strong>perversam;</strong></span> <span class='ocrx_word' id='word_1_74' title='bbox 383 585 531 619; x_wconf 77' lang='lat' dir='ltr'><strong>perfectum</strong></span> <span class='ocrx_word' id='word_1_75' title='bbox 547 589 636 612; x_wconf 89' lang='lat' dir='ltr'><strong>autem</strong></span> <span class='ocrx_word' id='word_1_76' title='bbox 660 588 715 617; x_wconf 88' lang='lat' dir='ltr'><strong>est,</strong></span> <span class='ocrx_word' id='word_1_77' title='bbox 736 583 807 619; x_wconf 91' lang='lat' dir='ltr'><strong>quod</strong></span> <span class='ocrx_word' id='word_1_78' title='bbox 823 590 912 618; x_wconf 79' lang='lat' dir='ltr'><strong>neque</strong></span> <span class='ocrx_word' id='word_1_79' title='bbox 925 592 974 611; x_wconf 88' lang='lat' dir='ltr'><strong>au-</strong></span> 
     </span>
    </p>
   </div>
   <div class='ocr_carea' id='block_1_14' title="bbox 190 631 973 666">
    <p class='ocr_par' dir='ltr' id='par_1_14' title="bbox 190 631 973 666">
     <span class='ocr_line' id='line_1_14' title="bbox 190 631 973 666; baseline 0 -8"><span class='ocrx_word' id='word_1_80' title='bbox 190 635 270 666; x_wconf 72' lang='lat' dir='ltr'><strong>getur</strong></span> <span class='ocrx_word' id='word_1_81' title='bbox 286 638 373 665; x_wconf 91' lang='lat' dir='ltr'><strong>neque</strong></span> <span class='ocrx_word' id='word_1_82' title='bbox 389 631 529 658; x_wconf 85' lang='lat' dir='ltr'><strong>minuitur.</strong></span> <span class='ocrx_word' id='word_1_83' title='bbox 544 631 612 658; x_wconf 91' lang='lat' dir='ltr'><strong>Nota</strong></span> <span class='ocrx_word' id='word_1_84' title='bbox 626 638 703 664; x_wconf 79' lang='lat' dir='ltr'><strong>vero,</strong></span> <span class='ocrx_word' id='word_1_85' title='bbox 718 637 779 657; x_wconf 91' lang='lat' dir='ltr'><strong>eum</strong></span> <span class='ocrx_word' id='word_1_86' title='bbox 801 631 902 663; x_wconf 87' lang='lat' dir='ltr'><strong>dicere,</strong></span> <span class='ocrx_word' id='word_1_87' title='bbox 918 638 973 658; x_wconf 47' lang='lat' dir='ltr'><strong>ca.»</strong></span> 
     </span>
    </p>
   </div>
   <div class='ocr_carea' id='block_1_15' title="bbox 188 675 971 711">
    <p class='ocr_par' dir='ltr' id='par_1_15' title="bbox 188 675 971 711">
     <span class='ocr_line' id='line_1_15' title="bbox 188 675 971 711; baseline 0 -8"><span class='ocrx_word' id='word_1_88' title='bbox 188 676 231 704; x_wconf 83' lang='lat' dir='ltr'><strong>los</strong></span> <span class='ocrx_word' id='word_1_89' title='bbox 244 676 303 704; x_wconf 89' lang='lat' dir='ltr'><strong>sine</strong></span> <span class='ocrx_word' id='word_1_90' title='bbox 316 677 429 711; x_wconf 86' lang='lat' dir='ltr'><strong>strepitu</strong></span> <span class='ocrx_word' id='word_1_91' title='bbox 444 682 470 703; x_wconf 82' lang='lat' dir='ltr'><strong>et</strong></span> <span class='ocrx_word' id='word_1_92' title='bbox 489 680 590 711; x_wconf 86' lang='lat' dir='ltr'><strong>absque</strong></span> <span class='ocrx_word' id='word_1_93' title='bbox 610 684 692 704; x_wconf 89' lang='lat' dir='ltr'><strong>sensu</strong></span> <span class='ocrx_word' id='word_1_94' title='bbox 708 676 821 704; x_wconf 82' lang='lat' dir='ltr'><strong>moveri.</strong></span> <span class='ocrx_word' id='word_1_95' title='bbox 840 675 905 704; x_wconf 93' lang='lat' dir='ltr'><strong>Illud</strong></span> <span class='ocrx_word' id='word_1_96' title='bbox 922 684 971 703; x_wconf 86' lang='lat' dir='ltr'><strong>au-</strong></span> 
     </span>
    </p>
   </div>
   <div class='ocr_carea' id='block_1_16' title="bbox 189 721 971 758">
    <p class='ocr_par' dir='ltr' id='par_1_16' title="bbox 189 721 971 758">
     <span class='ocr_line' id='line_1_16' title="bbox 189 721 971 758; baseline 0 -10"><span class='ocrx_word' id='word_1_97' title='bbox 189 726 263 753; x_wconf 83' lang='lat' dir='ltr'><strong>tem,</strong></span> <span class='ocrx_word' id='word_1_98' title='bbox 290 722 467 758; x_wconf 77' lang='lat' dir='ltr'><strong>quarumdam</strong></span> <span class='ocrx_word' id='word_1_99' title='bbox 487 722 623 749; x_wconf 63' lang='lat' dir='ltr'><strong>stellarum</strong></span> <span class='ocrx_word' id='word_1_100' title='bbox 645 721 798 756; x_wconf 73' lang='lat' dir='ltr'><strong>multiplicis</strong></span> <span class='ocrx_word' id='word_1_101' title='bbox 813 726 900 749; x_wconf 72' lang='lat' dir='ltr'><strong>motus</strong></span> <span class='ocrx_word' id='word_1_102' title='bbox 921 730 971 757; x_wconf 86' lang='lat' dir='ltr'><strong>quo</strong></span> 
     </span>
    </p>
   </div>
   <div class='ocr_carea' id='block_1_17' title="bbox 190 767 971 803">
    <p class='ocr_par' dir='ltr' id='par_1_17' title="bbox 190 767 971 803">
     <span class='ocr_line' id='line_1_17' title="bbox 190 767 971 803; baseline 0.001 -9"><span class='ocrx_word' id='word_1_103' title='bbox 190 767 402 802; x_wconf 72' lang='lat' dir='ltr'><strong>transferuntur,</strong></span> <span class='ocrx_word' id='word_1_104' title='bbox 427 768 461 796; x_wconf 89' lang='lat' dir='ltr'><strong>de</strong></span> <span class='ocrx_word' id='word_1_105' title='bbox 483 768 599 803; x_wconf 81' lang='lat' dir='ltr'><strong>planetis</strong></span> <span class='ocrx_word' id='word_1_106' title='bbox 619 768 699 800; x_wconf 83' lang='lat' dir='ltr'><strong>dicit;</strong></span> <span class='ocrx_word' id='word_1_107' title='bbox 715 772 807 795; x_wconf 83' lang='lat' dir='ltr'><strong>censet</strong></span> <span class='ocrx_word' id='word_1_108' title='bbox 824 768 894 795; x_wconf 88' lang='lat' dir='ltr'><strong>enim</strong></span> <span class='ocrx_word' id='word_1_109' title='bbox 912 768 971 795; x_wconf 85' lang='lat' dir='ltr'><strong>illos</strong></span> 
     </span>
    </p>
   </div>
   <div class='ocr_carea' id='block_1_18' title="bbox 188 812 967 848">
    <p class='ocr_par' dir='ltr' id='par_1_18' title="bbox 188 812 967 848">
     <span class='ocr_line' id='line_1_18' title="bbox 188 812 967 848; baseline 0.001 -8"><span class='ocrx_word' id='word_1_110' title='bbox 188 812 261 840; x_wconf 80' lang='lat' dir='ltr'><strong>solos</strong></span> <span class='ocrx_word' id='word_1_111' title='bbox 277 813 388 840; x_wconf 78' lang='lat' dir='ltr'><strong>moveri.</strong></span> <span class='ocrx_word' id='word_1_112' title='bbox 401 813 469 846; x_wconf 86' lang='lat' dir='ltr'><strong>Quid</strong></span> <span class='ocrx_word' id='word_1_113' title='bbox 481 821 563 848; x_wconf 89' lang='lat' dir='ltr'><strong>porro</strong></span> <span class='ocrx_word' id='word_1_114' title='bbox 578 813 652 840; x_wconf 87' lang='lat' dir='ltr'><strong>dicat</strong></span> <span class='ocrx_word' id='word_1_115' title='bbox 667 814 727 848; x_wconf 90' lang='lat' dir='ltr'><strong>quis</strong></span> <span class='ocrx_word' id='word_1_116' title='bbox 742 814 774 840; x_wconf 87' lang='lat' dir='ltr'><strong>de</strong></span> <span class='ocrx_word' id='word_1_117' title='bbox 788 813 868 841; x_wconf 85' lang='lat' dir='ltr'><strong>solari</strong></span> <span class='ocrx_word' id='word_1_118' title='bbox 884 814 967 846; x_wconf 76' lang='lat' dir='ltr'><strong>radio,</strong></span> 
     </span>
    </p>
   </div>
   <div class='ocr_carea' id='block_1_19' title="bbox 188 858 969 894">
    <p class='ocr_par' dir='ltr' id='par_1_19' title="bbox 188 858 969 894">
     <span class='ocr_line' id='line_1_19' title="bbox 188 858 969 894; baseline 0.001 -9"><span class='ocrx_word' id='word_1_119' title='bbox 188 859 234 893; x_wconf 85' lang='lat' dir='ltr'><strong>qui</strong></span> <span class='ocrx_word' id='word_1_120' title='bbox 249 866 374 886; x_wconf 86' lang='lat' dir='ltr'><strong>seorsum</strong></span> <span class='ocrx_word' id='word_1_121' title='bbox 395 859 429 886; x_wconf 86' lang='lat' dir='ltr'><strong>ab</strong></span> <span class='ocrx_word' id='word_1_122' title='bbox 445 858 505 886; x_wconf 83' lang='lat' dir='ltr'><strong>aliis</strong></span> <span class='ocrx_word' id='word_1_123' title='bbox 520 866 568 893; x_wconf 91' lang='lat' dir='ltr'><strong>per</strong></span> <span class='ocrx_word' id='word_1_124' title='bbox 584 866 614 886; x_wconf 86' lang='lat' dir='ltr'><strong>se</strong></span> <span class='ocrx_word' id='word_1_125' title='bbox 636 859 779 886; x_wconf 82' lang='lat' dir='ltr'><strong>movetur?</strong></span> <span class='ocrx_word' id='word_1_126' title='bbox 794 861 921 894; x_wconf 88' lang='lat' dir='ltr'><strong>quoniam</strong></span> <span class='ocrx_word' id='word_1_127' title='bbox 942 864 969 887; x_wconf 90' lang='lat' dir='ltr'><strong>et</strong></span> 
     </span>
    </p>
   </div>
   <div class='ocr_carea' id='block_1_20' title="bbox 187 903 971 938">
    <p class='ocr_par' dir='ltr' id='par_1_20' title="bbox 187 903 971 938">
     <span class='ocr_line' id='line_1_20' title="bbox 187 903 971 938; baseline 0 -6"><span class='ocrx_word' id='word_1_128' title='bbox 187 904 251 933; x_wconf 89' lang='lat' dir='ltr'><strong>huic</strong></span> <span class='ocrx_word' id='word_1_129' title='bbox 268 912 346 931; x_wconf 84' lang='lat' dir='ltr'><strong>suum</strong></span> <span class='ocrx_word' id='word_1_130' title='bbox 369 905 459 932; x_wconf 87' lang='lat' dir='ltr'><strong>lumen</strong></span> <span class='ocrx_word' id='word_1_131' title='bbox 472 909 513 932; x_wconf 88' lang='lat' dir='ltr'><strong>est</strong></span> <span class='ocrx_word' id='word_1_132' title='bbox 526 912 559 932; x_wconf 77' lang='lat' dir='ltr'><strong>ex</strong></span> <span class='ocrx_word' id='word_1_133' title='bbox 569 905 619 932; x_wconf 84' lang='lat' dir='ltr'><strong>hac</strong></span> <span class='ocrx_word' id='word_1_134' title='bbox 632 904 678 932; x_wconf 87' lang='lat' dir='ltr'><strong>Dei</strong></span> <span class='ocrx_word' id='word_1_135' title='bbox 697 905 827 938; x_wconf 91' lang='lat' dir='ltr'><strong>bonitate,</strong></span> <span class='ocrx_word' id='word_1_136' title='bbox 835 903 911 938; x_wconf 86' lang='lat' dir='ltr'><strong>cujus</strong></span> <span class='ocrx_word' id='word_1_137' title='bbox 924 905 971 932; x_wconf 75' lang='lat' dir='ltr'><strong>lux</strong></span> 
     </span>
    </p>
   </div>
   <div class='ocr_carea' id='block_1_21' title="bbox 187 949 971 984">
    <p class='ocr_par' dir='ltr' id='par_1_21' title="bbox 187 949 971 984">
     <span class='ocr_line' id='line_1_21' title="bbox 187 949 971 984; baseline -0.003 -6"><span class='ocrx_word' id='word_1_138' title='bbox 187 951 246 978; x_wconf 69' lang='lat' dir='ltr'><strong>haec</strong></span> <span class='ocrx_word' id='word_1_139' title='bbox 260 951 349 984; x_wconf 80' lang='lat' dir='ltr'><strong>imago</strong></span> <span class='ocrx_word' id='word_1_140' title='bbox 362 950 483 984; x_wconf 57' lang='lat' dir='ltr'><strong>quaedam</strong></span> <span class='ocrx_word' id='word_1_141' title='bbox 498 955 557 983; x_wconf 87' lang='lat' dir='ltr'><strong>est;</strong></span> <span class='ocrx_word' id='word_1_142' title='bbox 573 949 749 984; x_wconf 86' lang='lat' dir='ltr'><strong>quamobrem</strong></span> <span class='ocrx_word' id='word_1_143' title='bbox 765 957 872 984; x_wconf 87' lang='lat' dir='ltr'><strong>quoque</strong></span> <span class='ocrx_word' id='word_1_144' title='bbox 888 950 971 977; x_wconf 91' lang='lat' dir='ltr'><strong>nomi-</strong></span> 
     </span>
    </p>
   </div>
   <div class='ocr_carea' id='block_1_22' title="bbox 188 995 968 1031">
    <p class='ocr_par' dir='ltr' id='par_1_22' title="bbox 188 995 968 1031">
     <span class='ocr_line' id='line_1_22' title="bbox 188 995 968 1031; baseline 0.001 -9"><span class='ocrx_word' id='word_1_145' title='bbox 188 1003 222 1023; x_wconf 89' lang='lat' dir='ltr'><strong>ne</strong></span> <span class='ocrx_word' id='word_1_146' title='bbox 237 995 306 1024; x_wconf 88' lang='lat' dir='ltr'><strong>lucis</strong></span> <span class='ocrx_word' id='word_1_147' title='bbox 324 996 446 1024; x_wconf 88' lang='lat' dir='ltr'><strong>divinum</strong></span> <span class='ocrx_word' id='word_1_148' title='bbox 469 995 534 1023; x_wconf 91' lang='lat' dir='ltr'><strong>illud</strong></span> <span class='ocrx_word' id='word_1_149' title='bbox 551 997 667 1030; x_wconf 92' lang='lat' dir='ltr'><strong>primum</strong></span> <span class='ocrx_word' id='word_1_150' title='bbox 684 996 822 1031; x_wconf 75' lang='lat' dir='ltr'><strong>exemplar</strong></span> <span class='ocrx_word' id='word_1_151' title='bbox 835 995 968 1030; x_wconf 78' lang='lat' dir='ltr'><strong>laudatur,</strong></span> 
     </span>
    </p>
   </div>
   <div class='ocr_carea' id='block_1_23' title="bbox 187 1041 971 1076">
    <p class='ocr_par' dir='ltr' id='par_1_23' title="bbox 187 1041 971 1076">
     <span class='ocr_line' id='line_1_23' title="bbox 187 1041 971 1076; baseline 0.003 -8"><span class='ocrx_word' id='word_1_152' title='bbox 187 1046 217 1068; x_wconf 81' lang='lat' dir='ltr'><strong>ut</strong></span> <span class='ocrx_word' id='word_1_153' title='bbox 230 1041 264 1068; x_wconf 85' lang='lat' dir='ltr'><strong>ad</strong></span> <span class='ocrx_word' id='word_1_154' title='bbox 278 1041 356 1075; x_wconf 86' lang='lat' dir='ltr'><strong>cujus</strong></span> <span class='ocrx_word' id='word_1_155' title='bbox 370 1041 513 1076; x_wconf 76' lang='lat' dir='ltr'><strong>imaginem</strong></span> <span class='ocrx_word' id='word_1_156' title='bbox 529 1041 574 1068; x_wconf 81' lang='lat' dir='ltr'><strong>lux</strong></span> <span class='ocrx_word' id='word_1_157' title='bbox 593 1042 648 1069; x_wconf 59' lang='lat' dir='ltr'><strong>haec</strong></span> <span class='ocrx_word' id='word_1_158' title='bbox 662 1042 771 1069; x_wconf 83' lang='lat' dir='ltr'><strong>existat.</strong></span> <span class='ocrx_word' id='word_1_159' title='bbox 788 1042 971 1075; x_wconf 84' lang='lat' dir='ltr'><strong>Quemadmo-</strong></span> 
     </span>
    </p>
   </div>
   <div class='ocr_carea' id='block_1_24' title="bbox 186 1086 970 1121">
    <p class='ocr_par' dir='ltr' id='par_1_24' title="bbox 186 1086 970 1121">
     <span class='ocr_line' id='line_1_24' title="bbox 186 1086 970 1121; baseline 0 -7"><span class='ocrx_word' id='word_1_160' title='bbox 186 1088 248 1114; x_wconf 80' lang='lat' dir='ltr'><strong>dum</strong></span> <span class='ocrx_word' id='word_1_161' title='bbox 265 1087 337 1114; x_wconf 91' lang='lat' dir='ltr'><strong>enim</strong></span> <span class='ocrx_word' id='word_1_162' title='bbox 357 1087 414 1114; x_wconf 61' lang='lat' dir='ltr'><strong>haec</strong></span> <span class='ocrx_word' id='word_1_163' title='bbox 437 1087 483 1114; x_wconf 82' lang='lat' dir='ltr'><strong>Dei</strong></span> <span class='ocrx_word' id='word_1_164' title='bbox 504 1086 612 1114; x_wconf 84' lang='lat' dir='ltr'><strong>bonitas</strong></span> <span class='ocrx_word' id='word_1_165' title='bbox 638 1093 653 1114; x_wconf 89' lang='lat' dir='ltr'><strong>a</strong></span> <span class='ocrx_word' id='word_1_166' title='bbox 674 1087 810 1121; x_wconf 82' lang='lat' dir='ltr'><strong>supremis</strong></span> <span class='ocrx_word' id='word_1_167' title='bbox 831 1094 919 1121; x_wconf 89' lang='lat' dir='ltr'><strong>usque</strong></span> <span class='ocrx_word' id='word_1_168' title='bbox 936 1087 970 1114; x_wconf 90' lang='lat' dir='ltr'><strong>ad</strong></span> 
     </span>
    </p>
   </div>
   <div class='ocr_carea' id='block_1_25' title="bbox 186 1132 970 1167">
    <p class='ocr_par' dir='ltr' id='par_1_25' title="bbox 186 1132 970 1167">
     <span class='ocr_line' id='line_1_25' title="bbox 186 1132 970 1167; baseline 0.004 -9"><span class='ocrx_word' id='word_1_169' title='bbox 186 1137 306 1159; x_wconf 78' lang='lat' dir='ltr'><strong>extrema</strong></span> <span class='ocrx_word' id='word_1_170' title='bbox 328 1132 463 1167; x_wconf 85' lang='lat' dir='ltr'><strong>pervadit,</strong></span> <span class='ocrx_word' id='word_1_171' title='bbox 494 1136 521 1159; x_wconf 91' lang='lat' dir='ltr'><strong>et</strong></span> <span class='ocrx_word' id='word_1_172' title='bbox 542 1139 625 1166; x_wconf 85' lang='lat' dir='ltr'><strong>super</strong></span> <span class='ocrx_word' id='word_1_173' title='bbox 649 1133 739 1159; x_wconf 85' lang='lat' dir='ltr'><strong>omnia</strong></span> <span class='ocrx_word' id='word_1_174' title='bbox 765 1132 858 1160; x_wconf 82' lang='lat' dir='ltr'><strong>existit</strong></span> <span class='ocrx_word' id='word_1_175' title='bbox 886 1133 970 1167; x_wconf 88' lang='lat' dir='ltr'><strong>(Deus</strong></span> 
     </span>
    </p>
   </div>
   <div class='ocr_carea' id='block_1_26' title="bbox 185 1175 970 1214">
    <p class='ocr_par' dir='ltr' id='par_1_26' title="bbox 185 1175 970 1214">
     <span class='ocr_line' id='line_1_26' title="bbox 185 1175 970 1214; baseline 0.005 -12"><span class='ocrx_word' id='word_1_176' title='bbox 185 1175 257 1202; x_wconf 79' lang='lat' dir='ltr'><strong>enim</strong></span> <span class='ocrx_word' id='word_1_177' title='bbox 281 1176 308 1202; x_wconf 92' lang='lat' dir='ltr'><strong>in</strong></span> <span class='ocrx_word' id='word_1_178' title='bbox 323 1176 448 1203; x_wconf 89' lang='lat' dir='ltr'><strong>omnibus</strong></span> <span class='ocrx_word' id='word_1_179' title='bbox 470 1180 522 1210; x_wconf 86' lang='lat' dir='ltr'><strong>est,</strong></span> <span class='ocrx_word' id='word_1_180' title='bbox 544 1181 571 1202; x_wconf 86' lang='lat' dir='ltr'><strong>et</strong></span> <span class='ocrx_word' id='word_1_181' title='bbox 594 1176 661 1203; x_wconf 88' lang='lat' dir='ltr'><strong>nihil</strong></span> <span class='ocrx_word' id='word_1_182' title='bbox 677 1177 807 1210; x_wconf 90' lang='lat' dir='ltr'><strong>omnium,</strong></span> <span class='ocrx_word' id='word_1_183' title='bbox 830 1183 859 1205; x_wconf 89' lang='lat' dir='ltr'><strong>ut</strong></span> <span class='ocrx_word' id='word_1_184' title='bbox 882 1186 970 1214; x_wconf 89' lang='lat' dir='ltr'><strong>neque</strong></span> 
     </span>
    </p>
   </div>
   <div class='ocr_carea' id='block_1_27' title="bbox 187 1221 970 1259">
    <p class='ocr_par' dir='ltr' id='par_1_27' title="bbox 187 1221 970 1259">
     <span class='ocr_line' id='line_1_27' title="bbox 187 1221 970 1259; baseline 0.006 -12"><span class='ocrx_word' id='word_1_185' title='bbox 187 1227 313 1255; x_wconf 85' lang='lat' dir='ltr'><strong>suprema</strong></span> <span class='ocrx_word' id='word_1_186' title='bbox 329 1222 362 1248; x_wconf 88' lang='lat' dir='ltr'><strong>ad</strong></span> <span class='ocrx_word' id='word_1_187' title='bbox 380 1221 464 1255; x_wconf 84' lang='lat' dir='ltr'><strong>ipsius</strong></span> <span class='ocrx_word' id='word_1_188' title='bbox 483 1221 673 1249; x_wconf 86' lang='lat' dir='ltr'><strong>excellentiam</strong></span> <span class='ocrx_word' id='word_1_189' title='bbox 695 1223 857 1258; x_wconf 79' lang='lat' dir='ltr'><strong>pertingant,</strong></span> <span class='ocrx_word' id='word_1_190' title='bbox 872 1232 970 1259; x_wconf 80' lang='lat' dir='ltr'><strong>expers</strong></span> 
     </span>
    </p>
   </div>
   <div class='ocr_carea' id='block_1_28' title="bbox 185 1266 969 1304">
    <p class='ocr_par' dir='ltr' id='par_1_28' title="bbox 185 1266 969 1304">
     <span class='ocr_line' id='line_1_28' title="bbox 185 1266 969 1304; baseline 0.008 -12"><span class='ocrx_word' id='word_1_191' title='bbox 185 1266 257 1293; x_wconf 87' lang='lat' dir='ltr'><strong>enim</strong></span> <span class='ocrx_word' id='word_1_192' title='bbox 274 1266 400 1301; x_wconf 79' lang='lat' dir='ltr'><strong>principii</strong></span> <span class='ocrx_word' id='word_1_193' title='bbox 424 1272 478 1299; x_wconf 83' lang='lat' dir='ltr'><strong>est,</strong></span> <span class='ocrx_word' id='word_1_194' title='bbox 503 1272 529 1294; x_wconf 90' lang='lat' dir='ltr'><strong>et</strong></span> <span class='ocrx_word' id='word_1_195' title='bbox 554 1268 619 1294; x_wconf 85' lang='lat' dir='ltr'><strong>nihil</strong></span> <span class='ocrx_word' id='word_1_196' title='bbox 646 1275 675 1295; x_wconf 91' lang='lat' dir='ltr'><strong>se</strong></span> <span class='ocrx_word' id='word_1_197' title='bbox 700 1269 783 1295; x_wconf 88' lang='lat' dir='ltr'><strong>habet</strong></span> <span class='ocrx_word' id='word_1_198' title='bbox 808 1269 969 1304; x_wconf 87' lang='lat' dir='ltr'><strong>sublimius;</strong></span> 
     </span>
    </p>
   </div>
   <div class='ocr_carea' id='block_1_29' title="bbox 183 1311 971 1348">
    <p class='ocr_par' dir='ltr' id='par_1_29' title="bbox 183 1311 971 1348">
     <span class='ocr_line' id='line_1_29' title="bbox 183 1311 971 1348; baseline 0.006 -10"><span class='ocrx_word' id='word_1_199' title='bbox 183 1319 273 1346; x_wconf 75' lang='lat' dir='ltr'><strong>nequc</strong></span> <span class='ocrx_word' id='word_1_200' title='bbox 284 1311 411 1340; x_wconf 77' lang='lat' dir='ltr'><strong>inferiora</strong></span> <span class='ocrx_word' id='word_1_201' title='bbox 434 1313 518 1346; x_wconf 85' lang='lat' dir='ltr'><strong>ipsius</strong></span> <span class='ocrx_word' id='word_1_202' title='bbox 537 1313 665 1340; x_wconf 91' lang='lat' dir='ltr'><strong>ambitum</strong></span> <span class='ocrx_word' id='word_1_203' title='bbox 679 1319 876 1348; x_wconf 82' lang='lat' dir='ltr'><strong>pertranseanl,</strong></span> <span class='ocrx_word' id='word_1_204' title='bbox 888 1317 914 1343; x_wconf 88' lang='lat' dir='ltr'><strong>id</strong></span> <span class='ocrx_word' id='word_1_205' title='bbox 927 1321 971 1344; x_wconf 88' lang='lat' dir='ltr'><strong>est</strong></span> 
     </span>
    </p>
   </div>
   <div class='ocr_carea' id='block_1_30' title="bbox 184 1357 971 1395">
    <p class='ocr_par' dir='ltr' id='par_1_30' title="bbox 184 1357 971 1395">
     <span class='ocr_line' id='line_1_30' title="bbox 184 1357 971 1395; baseline 0.006 -11"><span class='ocrx_word' id='word_1_206' title='bbox 184 1362 261 1385; x_wconf 85' lang='lat' dir='ltr'><strong>extra</strong></span> <span class='ocrx_word' id='word_1_207' title='bbox 277 1357 335 1392; x_wconf 88' lang='lat' dir='ltr'><strong>ejus</strong></span> <span class='ocrx_word' id='word_1_208' title='bbox 351 1358 518 1393; x_wconf 78' lang='lat' dir='ltr'><strong>complexum</strong></span> <span class='ocrx_word' id='word_1_209' title='bbox 535 1359 598 1392; x_wconf 86' lang='lat' dir='ltr'><strong>sint,</strong></span> <span class='ocrx_word' id='word_1_210' title='bbox 609 1359 742 1395; x_wconf 84' lang='lat' dir='ltr'><strong>siquidem</strong></span> <span class='ocrx_word' id='word_1_211' title='bbox 753 1360 874 1388; x_wconf 81' lang='lat' dir='ltr'><strong>inﬁnitus</strong></span> <span class='ocrx_word' id='word_1_212' title='bbox 882 1366 934 1394; x_wconf 85' lang='lat' dir='ltr'><strong>est,</strong></span> <span class='ocrx_word' id='word_1_213' title='bbox 944 1366 971 1389; x_wconf 95' lang='lat' dir='ltr'><strong>et</strong></span> 
     </span>
    </p>
   </div>
   <div class='ocr_carea' id='block_1_31' title="bbox 184 1404 972 1442">
    <p class='ocr_par' dir='ltr' id='par_1_31' title="bbox 184 1404 972 1442">
     <span class='ocr_line' id='line_1_31' title="bbox 184 1404 972 1442; baseline 0.008 -12"><span class='ocrx_word' id='word_1_214' title='bbox 184 1407 260 1430; x_wconf 79' lang='lat' dir='ltr'><strong>extra</strong></span> <span class='ocrx_word' id='word_1_215' title='bbox 271 1404 357 1438; x_wconf 91' lang='lat' dir='ltr'><strong>ipsum</strong></span> <span class='ocrx_word' id='word_1_216' title='bbox 367 1404 434 1431; x_wconf 89' lang='lat' dir='ltr'><strong>nihil</strong></span> <span class='ocrx_word' id='word_1_217' title='bbox 445 1404 618 1438; x_wconf 74' lang='lat' dir='ltr'><strong>estinierius;</strong></span> <span class='ocrx_word' id='word_1_218' title='bbox 632 1406 696 1440; x_wconf 91' lang='lat' dir='ltr'><strong>quin</strong></span> <span class='ocrx_word' id='word_1_219' title='bbox 707 1407 787 1433; x_wconf 87' lang='lat' dir='ltr'><strong>etiam</strong></span> <span class='ocrx_word' id='word_1_220' title='bbox 801 1407 844 1434; x_wconf 88' lang='lat' dir='ltr'><strong>illa</strong></span> <span class='ocrx_word' id='word_1_221' title='bbox 858 1415 918 1442; x_wconf 61' lang='lat' dir='ltr'><strong>quas</strong></span> <span class='ocrx_word' id='word_1_222' title='bbox 929 1408 972 1435; x_wconf 82' lang='lat' dir='ltr'><strong>lu-</strong></span> 
     </span>
    </p>
   </div>
   <div class='ocr_carea' id='block_1_32' title="bbox 184 1449 972 1488">
    <p class='ocr_par' dir='ltr' id='par_1_32' title="bbox 184 1449 972 1488">
     <span class='ocr_line' id='line_1_32' title="bbox 184 1449 972 1488; baseline 0.008 -12"><span class='ocrx_word' id='word_1_223' title='bbox 184 1449 224 1476; x_wconf 81' lang='lat' dir='ltr'><strong>ris</strong></span> <span class='ocrx_word' id='word_1_224' title='bbox 245 1454 308 1477; x_wconf 85' lang='lat' dir='ltr'><strong>sunt</strong></span> <span class='ocrx_word' id='word_1_225' title='bbox 328 1451 441 1485; x_wconf 85' lang='lat' dir='ltr'><strong>capacia</strong></span> <span class='ocrx_word' id='word_1_226' title='bbox 464 1452 610 1478; x_wconf 90' lang='lat' dir='ltr'><strong>secundum</strong></span> <span class='ocrx_word' id='word_1_227' title='bbox 638 1459 792 1479; x_wconf 86' lang='lat' dir='ltr'><strong>mensuram</strong></span> <span class='ocrx_word' id='word_1_228' title='bbox 813 1454 972 1488; x_wconf 84' lang='lat' dir='ltr'><strong>capacitatis</strong></span> 
     </span>
    </p>
   </div>
   <div class='ocr_carea' id='block_1_33' title="bbox 183 1494 972 1527">
    <p class='ocr_par' dir='ltr' id='par_1_33' title="bbox 183 1494 972 1527">
     <span class='ocr_line' id='line_1_33' title="bbox 183 1494 972 1527; baseline 0.008 -6"><span class='ocrx_word' id='word_1_229' title='bbox 183 1494 328 1527; x_wconf 79' lang='lat' dir='ltr'><strong>illuminat,</strong></span> <span class='ocrx_word' id='word_1_230' title='bbox 337 1495 408 1523; x_wconf 89' lang='lat' dir='ltr'><strong>unde</strong></span> <span class='ocrx_word' id='word_1_231' title='bbox 418 1496 499 1523; x_wconf 87' lang='lat' dir='ltr'><strong>etiam</strong></span> <span class='ocrx_word' id='word_1_232' title='bbox 516 1496 585 1524; x_wconf 90' lang='lat' dir='ltr'><strong>Deus</strong></span> <span class='ocrx_word' id='word_1_233' title='bbox 599 1496 698 1524; x_wconf 83' lang='lat' dir='ltr'><strong>dicitur</strong></span> <span class='ocrx_word' id='word_1_234' title='bbox 712 1504 772 1525; x_wconf 84' lang='lat' dir='ltr'><strong>esse</strong></span> <span class='ocrx_word' id='word_1_235' title='bbox 785 1506 912 1526; x_wconf 83' lang='lat' dir='ltr'><strong>mensura</strong></span> <span class='ocrx_word' id='word_1_236' title='bbox 929 1507 972 1527; x_wconf 90' lang='lat' dir='ltr'><strong>re-</strong></span> 
     </span>
    </p>
   </div>
   <div class='ocr_carea' id='block_1_34' title="bbox 183 1541 1003 1584">
    <p class='ocr_par' dir='ltr' id='par_1_34' title="bbox 183 1541 1003 1584">
     <span class='ocr_line' id='line_1_34' title="bbox 183 1541 1003 1584; baseline 0.006 -17"><span class='ocrx_word' id='word_1_237' title='bbox 183 1541 333 1575; x_wconf 83' lang='lat' dir='ltr'><strong>rum,quod</strong></span> <span class='ocrx_word' id='word_1_238' title='bbox 349 1541 520 1569; x_wconf 88' lang='lat' dir='ltr'><strong>contineatet</strong></span> <span class='ocrx_word' id='word_1_239' title='bbox 533 1542 602 1569; x_wconf 79' lang='lat' dir='ltr'><strong>sciat</strong></span> <span class='ocrx_word' id='word_1_240' title='bbox 613 1543 773 1578; x_wconf 90' lang='lat' dir='ltr'><strong>principium</strong></span> <span class='ocrx_word' id='word_1_241' title='bbox 784 1549 811 1570; x_wconf 90' lang='lat' dir='ltr'><strong>et</strong></span> <span class='ocrx_word' id='word_1_242' title='bbox 822 1545 901 1572; x_wconf 82' lang='lat' dir='ltr'><strong>ﬁnem</strong></span> <span class='ocrx_word' id='word_1_243' title='bbox 909 1552 968 1572; x_wconf 88' lang='lat' dir='ltr'><strong>om-</strong></span> <span class='ocrx_word' id='word_1_244' title='bbox 983 1555 1003 1584; x_wconf 72' lang='grc' dir='ltr'><strong>ο</strong></span> 
     </span>
    </p>
   </div>
   <div class='ocr_carea' id='block_1_35' title="bbox 180 1586 968 1624">
    <p class='ocr_par' dir='ltr' id='par_1_35' title="bbox 180 1586 968 1624">
     <span class='ocr_line' id='line_1_35' title="bbox 180 1586 968 1624; baseline 0.009 -12"><span class='ocrx_word' id='word_1_245' title='bbox 180 1586 302 1620; x_wconf 79' lang='lat' dir='ltr'><strong>niom,et</strong></span> <span class='ocrx_word' id='word_1_246' title='bbox 311 1591 442 1620; x_wconf 68' lang='lat' dir='ltr'><strong>aevum,et</strong></span> <span class='ocrx_word' id='word_1_247' title='bbox 454 1595 593 1620; x_wconf 89' lang='lat' dir='ltr'><strong>numerus,</strong></span> <span class='ocrx_word' id='word_1_248' title='bbox 604 1594 631 1616; x_wconf 90' lang='lat' dir='ltr'><strong>et</strong></span> <span class='ocrx_word' id='word_1_249' title='bbox 643 1589 721 1622; x_wconf 83' lang='lat' dir='ltr'><strong>ordo,</strong></span> <span class='ocrx_word' id='word_1_250' title='bbox 734 1594 763 1616; x_wconf 93' lang='lat' dir='ltr'><strong>ut</strong></span> <span class='ocrx_word' id='word_1_251' title='bbox 773 1590 820 1624; x_wconf 84' lang='lat' dir='ltr'><strong>qui</strong></span> <span class='ocrx_word' id='word_1_252' title='bbox 830 1598 873 1618; x_wconf 86' lang='lat' dir='ltr'><strong>res</strong></span> <span class='ocrx_word' id='word_1_253' title='bbox 881 1591 968 1619; x_wconf 78' lang='lat' dir='ltr'><strong>conti-</strong></span> 
     </span>
    </p>
   </div>
   <div class='ocr_carea' id='block_1_36' title="bbox 183 1633 969 1667">
    <p class='ocr_par' dir='ltr' id='par_1_36' title="bbox 183 1633 969 1667">
     <span class='ocr_line' id='line_1_36' title="bbox 183 1633 969 1667; baseline 0.006 -8"><span class='ocrx_word' id='word_1_254' title='bbox 183 1636 314 1666; x_wconf 82' lang='lat' dir='ltr'><strong>netatque</strong></span> <span class='ocrx_word' id='word_1_255' title='bbox 321 1633 449 1667; x_wconf 87' lang='lat' dir='ltr'><strong>disponit,</strong></span> <span class='ocrx_word' id='word_1_256' title='bbox 458 1634 547 1662; x_wconf 87' lang='lat' dir='ltr'><strong>omnia</strong></span> <span class='ocrx_word' id='word_1_257' title='bbox 560 1635 631 1661; x_wconf 89' lang='lat' dir='ltr'><strong>enim</strong></span> <span class='ocrx_word' id='word_1_258' title='bbox 640 1643 700 1662; x_wconf 91' lang='lat' dir='ltr'><strong>cum</strong></span> <span class='ocrx_word' id='word_1_259' title='bbox 710 1636 781 1663; x_wconf 90' lang='lat' dir='ltr'><strong>bono</strong></span> <span class='ocrx_word' id='word_1_260' title='bbox 792 1636 886 1664; x_wconf 88' lang='lat' dir='ltr'><strong>ordine</strong></span> <span class='ocrx_word' id='word_1_261' title='bbox 892 1644 969 1666; x_wconf 83' lang='lat' dir='ltr'><strong>crea-</strong></span> 
     </span>
    </p>
   </div>
   <div class='ocr_carea' id='block_1_37' title="bbox 182 1679 969 1714">
    <p class='ocr_par' dir='ltr' id='par_1_37' title="bbox 182 1679 969 1714">
     <span class='ocr_line' id='line_1_37' title="bbox 182 1679 969 1714; baseline 0.008 -9"><span class='ocrx_word' id='word_1_262' title='bbox 182 1679 243 1713; x_wconf 83' lang='lat' dir='ltr'><strong>vit);</strong></span> <span class='ocrx_word' id='word_1_263' title='bbox 251 1679 290 1706; x_wconf 88' lang='lat' dir='ltr'><strong>sic</strong></span> <span class='ocrx_word' id='word_1_264' title='bbox 296 1680 388 1714; x_wconf 88' lang='lat' dir='ltr'><strong>utique</strong></span> <span class='ocrx_word' id='word_1_265' title='bbox 398 1680 481 1707; x_wconf 89' lang='lat' dir='ltr'><strong>etiam</strong></span> <span class='ocrx_word' id='word_1_266' title='bbox 493 1681 534 1708; x_wconf 90' lang='lat' dir='ltr'><strong>sol</strong></span> <span class='ocrx_word' id='word_1_267' title='bbox 545 1680 591 1708; x_wconf 88' lang='lat' dir='ltr'><strong>ille</strong></span> <span class='ocrx_word' id='word_1_268' title='bbox 602 1681 744 1709; x_wconf 79' lang='lat' dir='ltr'><strong>manifesta</strong></span> <span class='ocrx_word' id='word_1_269' title='bbox 757 1682 854 1710; x_wconf 64' lang='lat' dir='ltr'><strong>divina:</strong></span> <span class='ocrx_word' id='word_1_270' title='bbox 865 1683 969 1711; x_wconf 80' lang='lat' dir='ltr'><strong>bonita-</strong></span> 
     </span>
    </p>
   </div>
   <div class='ocr_carea' id='block_1_38' title="bbox 182 1725 968 1765">
    <p class='ocr_par' dir='ltr' id='par_1_38' title="bbox 182 1725 968 1765">
     <span class='ocr_line' id='line_1_38' title="bbox 182 1725 968 1765; baseline 0.008 -13"><span class='ocrx_word' id='word_1_271' title='bbox 182 1725 218 1752; x_wconf 87' lang='lat' dir='ltr'><strong>tis</strong></span> <span class='ocrx_word' id='word_1_272' title='bbox 231 1725 319 1759; x_wconf 69' lang='lat' dir='ltr'><strong>imago</strong></span> <span class='ocrx_word' id='word_1_273' title='bbox 333 1726 438 1753; x_wconf 82' lang='lat' dir='ltr'><strong>existit.</strong></span> <span class='ocrx_word' id='word_1_274' title='bbox 452 1725 569 1754; x_wconf 88' lang='lat' dir='ltr'><strong>Pulchre</strong></span> <span class='ocrx_word' id='word_1_275' title='bbox 581 1731 670 1754; x_wconf 87' lang='lat' dir='ltr'><strong>autem</strong></span> <span class='ocrx_word' id='word_1_276' title='bbox 686 1729 778 1755; x_wconf 86' lang='lat' dir='ltr'><strong>statim</strong></span> <span class='ocrx_word' id='word_1_277' title='bbox 788 1729 968 1765; x_wconf 67' lang='lat' dir='ltr'><strong>corrigitquae</strong></span> 
     </span>
    </p>
   </div>
   <div class='ocr_carea' id='block_1_39' title="bbox 182 1770 967 1809">
    <p class='ocr_par' dir='ltr' id='par_1_39' title="bbox 182 1770 967 1809">
     <span class='ocr_line' id='line_1_39' title="bbox 182 1770 967 1809; baseline 0.01 -13"><span class='ocrx_word' id='word_1_278' title='bbox 182 1770 273 1798; x_wconf 85' lang='lat' dir='ltr'><strong>minus</strong></span> <span class='ocrx_word' id='word_1_279' title='bbox 289 1777 472 1799; x_wconf 76' lang='lat' dir='ltr'><strong>consentanea</strong></span> <span class='ocrx_word' id='word_1_280' title='bbox 489 1772 522 1799; x_wconf 90' lang='lat' dir='ltr'><strong>de</strong></span> <span class='ocrx_word' id='word_1_281' title='bbox 539 1772 597 1800; x_wconf 89' lang='lat' dir='ltr'><strong>sole</strong></span> <span class='ocrx_word' id='word_1_282' title='bbox 618 1773 690 1801; x_wconf 88' lang='lat' dir='ltr'><strong>dicta</strong></span> <span class='ocrx_word' id='word_1_283' title='bbox 711 1773 884 1809; x_wconf 72' lang='lat' dir='ltr'><strong>videbantur,</strong></span> <span class='ocrx_word' id='word_1_284' title='bbox 903 1777 967 1804; x_wconf 87' lang='lat' dir='ltr'><strong>dum</strong></span> 
     </span>
    </p>
   </div>
   <div class='ocr_carea' id='block_1_40' title="bbox 183 1816 969 1852">
    <p class='ocr_par' dir='ltr' id='par_1_40' title="bbox 183 1816 969 1852">
     <span class='ocr_line' id='line_1_40' title="bbox 183 1816 969 1852; baseline 0.01 -11"><span class='ocrx_word' id='word_1_285' title='bbox 183 1823 245 1842; x_wconf 85' lang='lat' dir='ltr'><strong>eum</strong></span> <span class='ocrx_word' id='word_1_286' title='bbox 270 1816 456 1844; x_wconf 76' lang='lat' dir='ltr'><strong>tenuissimum</strong></span> <span class='ocrx_word' id='word_1_287' title='bbox 470 1818 616 1852; x_wconf 87' lang='lat' dir='ltr'><strong>quemdam</strong></span> <span class='ocrx_word' id='word_1_288' title='bbox 637 1823 665 1846; x_wconf 89' lang='lat' dir='ltr'><strong>et</strong></span> <span class='ocrx_word' id='word_1_289' title='bbox 679 1819 803 1847; x_wconf 92' lang='lat' dir='ltr'><strong>ultimum</strong></span> <span class='ocrx_word' id='word_1_290' title='bbox 818 1821 880 1848; x_wconf 92' lang='lat' dir='ltr'><strong>boni</strong></span> <span class='ocrx_word' id='word_1_291' title='bbox 895 1821 969 1848; x_wconf 87' lang='lat' dir='ltr'><strong>illius</strong></span> 
     </span>
    </p>
   </div>
   <div class='ocr_carea' id='block_1_41' title="bbox 182 1861 967 1900">
    <p class='ocr_par' dir='ltr' id='par_1_41' title="bbox 182 1861 967 1900">
     <span class='ocr_line' id='line_1_41' title="bbox 182 1861 967 1900; baseline 0.008 -13"><span class='ocrx_word' id='word_1_292' title='bbox 182 1867 278 1888; x_wconf 87' lang='lat' dir='ltr'><strong>sonum</strong></span> <span class='ocrx_word' id='word_1_293' title='bbox 292 1861 426 1889; x_wconf 90' lang='lat' dir='ltr'><strong>nominat.</strong></span> <span class='ocrx_word' id='word_1_294' title='bbox 443 1861 675 1895; x_wconf 86' lang='lat' dir='ltr'><strong>Quemadmodum</strong></span> <span class='ocrx_word' id='word_1_295' title='bbox 689 1864 762 1891; x_wconf 88' lang='lat' dir='ltr'><strong>enim</strong></span> <span class='ocrx_word' id='word_1_296' title='bbox 779 1865 802 1892; x_wconf 90' lang='lat' dir='ltr'><strong>si</strong></span> <span class='ocrx_word' id='word_1_297' title='bbox 817 1865 879 1900; x_wconf 84' lang='lat' dir='ltr'><strong>quis</strong></span> <span class='ocrx_word' id='word_1_298' title='bbox 892 1867 967 1893; x_wconf 91' lang='lat' dir='ltr'><strong>voci-</strong></span> 
     </span>
    </p>
   </div>
   <div class='ocr_carea' id='block_1_42' title="bbox 182 1905 967 1946">
    <p class='ocr_par' dir='ltr' id='par_1_42' title="bbox 182 1905 967 1946">
     <span class='ocr_line' id='line_1_42' title="bbox 182 1905 967 1946; baseline 0.006 -13"><span class='ocrx_word' id='word_1_299' title='bbox 182 1905 277 1934; x_wconf 72' lang='lat' dir='ltr'><strong>ferans</strong></span> <span class='ocrx_word' id='word_1_300' title='bbox 297 1911 325 1934; x_wconf 90' lang='lat' dir='ltr'><strong>et</strong></span> <span class='ocrx_word' id='word_1_301' title='bbox 350 1907 470 1935; x_wconf 87' lang='lat' dir='ltr'><strong>clamans</strong></span> <span class='ocrx_word' id='word_1_302' title='bbox 494 1908 596 1943; x_wconf 86' lang='lat' dir='ltr'><strong>aliquid</strong></span> <span class='ocrx_word' id='word_1_303' title='bbox 618 1909 726 1942; x_wconf 82' lang='lat' dir='ltr'><strong>dixerit,</strong></span> <span class='ocrx_word' id='word_1_304' title='bbox 743 1915 889 1944; x_wconf 74' lang='lat' dir='ltr'><strong>praesentes</strong></span> <span class='ocrx_word' id='word_1_305' title='bbox 905 1911 967 1946; x_wconf 88' lang='lat' dir='ltr'><strong>qui-</strong></span> 
     </span>
    </p>
   </div>
   <div class='ocr_carea' id='block_1_43' title="bbox 186 1951 968 1988">
    <p class='ocr_par' dir='ltr' id='par_1_43' title="bbox 186 1951 968 1988">
     <span class='ocr_line' id='line_1_43' title="bbox 186 1951 968 1988; baseline 0.008 -10"><span class='ocrx_word' id='word_1_306' title='bbox 186 1951 248 1978; x_wconf 89' lang='lat' dir='ltr'><strong>dem</strong></span> <span class='ocrx_word' id='word_1_307' title='bbox 266 1951 422 1980; x_wconf 84' lang='lat' dir='ltr'><strong>valentibus</strong></span> <span class='ocrx_word' id='word_1_308' title='bbox 442 1953 553 1982; x_wconf 83' lang='lat' dir='ltr'><strong>auribus</strong></span> <span class='ocrx_word' id='word_1_309' title='bbox 572 1954 678 1988; x_wconf 71' lang='lat' dir='ltr'><strong>pmditi</strong></span> <span class='ocrx_word' id='word_1_310' title='bbox 698 1961 793 1983; x_wconf 89' lang='lat' dir='ltr'><strong>vocem</strong></span> <span class='ocrx_word' id='word_1_311' title='bbox 816 1959 844 1983; x_wconf 89' lang='lat' dir='ltr'><strong>et</strong></span> <span class='ocrx_word' id='word_1_312' title='bbox 865 1963 968 1984; x_wconf 89' lang='lat' dir='ltr'><strong>sermo-</strong></span> 
     </span>
    </p>
   </div>
   <div class='ocr_carea' id='block_1_44' title="bbox 182 1998 968 2037">
    <p class='ocr_par' dir='ltr' id='par_1_44' title="bbox 182 1998 968 2037">
     <span class='ocr_line' id='line_1_44' title="bbox 182 1998 968 2037; baseline 0.008 -13"><span class='ocrx_word' id='word_1_313' title='bbox 182 2004 245 2025; x_wconf 85' lang='lat' dir='ltr'><strong>nem</strong></span> <span class='ocrx_word' id='word_1_314' title='bbox 268 1998 397 2032; x_wconf 89' lang='lat' dir='ltr'><strong>audiunt;</strong></span> <span class='ocrx_word' id='word_1_315' title='bbox 413 1999 457 2034; x_wconf 84' lang='lat' dir='ltr'><strong>qni</strong></span> <span class='ocrx_word' id='word_1_316' title='bbox 483 2004 573 2027; x_wconf 89' lang='lat' dir='ltr'><strong>autem</strong></span> <span class='ocrx_word' id='word_1_317' title='bbox 599 2001 711 2035; x_wconf 87' lang='lat' dir='ltr'><strong>distant,</strong></span> <span class='ocrx_word' id='word_1_318' title='bbox 733 2006 835 2037; x_wconf 88' lang='lat' dir='ltr'><strong>quanto</strong></span> <span class='ocrx_word' id='word_1_319' title='bbox 856 2002 968 2036; x_wconf 90' lang='lat' dir='ltr'><strong>absunt,</strong></span> 
     </span>
    </p>
   </div>
   <div class='ocr_carea' id='block_1_45' title="bbox 183 2043 967 2083">
    <p class='ocr_par' dir='ltr' id='par_1_45' title="bbox 183 2043 967 2083">
     <span class='ocr_line' id='line_1_45' title="bbox 183 2043 967 2083; baseline 0.008 -14"><span class='ocrx_word' id='word_1_320' title='bbox 183 2046 262 2070; x_wconf 84' lang='lat' dir='ltr'><strong>tanto</strong></span> <span class='ocrx_word' id='word_1_321' title='bbox 281 2043 399 2071; x_wconf 87' lang='lat' dir='ltr'><strong>debilius</strong></span> <span class='ocrx_word' id='word_1_322' title='bbox 415 2052 510 2072; x_wconf 86' lang='lat' dir='ltr'><strong>vocem</strong></span> <span class='ocrx_word' id='word_1_323' title='bbox 532 2045 662 2079; x_wconf 88' lang='lat' dir='ltr'><strong>audiunt;</strong></span> <span class='ocrx_word' id='word_1_324' title='bbox 684 2048 730 2082; x_wconf 86' lang='lat' dir='ltr'><strong>qui</strong></span> <span class='ocrx_word' id='word_1_325' title='bbox 754 2055 834 2082; x_wconf 87' lang='lat' dir='ltr'><strong>porro</strong></span> <span class='ocrx_word' id='word_1_326' title='bbox 853 2048 967 2083; x_wconf 70' lang='lat' dir='ltr'><strong>longiori</strong></span> 
     </span>
    </p>
   </div>
   <div class='ocr_carea' id='block_1_46' title="bbox 182 2089 967 2127">
    <p class='ocr_par' dir='ltr' id='par_1_46' title="bbox 182 2089 967 2127">
     <span class='ocr_line' id='line_1_46' title="bbox 182 2089 967 2127; baseline 0.005 -11"><span class='ocrx_word' id='word_1_327' title='bbox 182 2089 271 2124; x_wconf 86' lang='lat' dir='ltr'><strong>spatio</strong></span> <span class='ocrx_word' id='word_1_328' title='bbox 283 2091 380 2118; x_wconf 87' lang='lat' dir='ltr'><strong>remoti</strong></span> <span class='ocrx_word' id='word_1_329' title='bbox 396 2095 469 2123; x_wconf 87' lang='lat' dir='ltr'><strong>sunt,</strong></span> <span class='ocrx_word' id='word_1_330' title='bbox 482 2089 565 2126; x_wconf 80' lang='lat'><strong>389</strong></span> <span class='ocrx_word' id='word_1_331' title='bbox 578 2092 801 2120; x_wconf 89' lang='lat' dir='ltr'><strong>obscurissimum</strong></span> <span class='ocrx_word' id='word_1_332' title='bbox 822 2094 967 2127; x_wconf 89' lang='lat' dir='ltr'><strong>quemdam</strong></span> 
     </span>
    </p>
   </div>
   <div class='ocr_carea' id='block_1_47' title="bbox 182 2136 968 2172">
    <p class='ocr_par' dir='ltr' id='par_1_47' title="bbox 182 2136 968 2172">
     <span class='ocr_line' id='line_1_47' title="bbox 182 2136 968 2172; baseline 0.006 -11"><span class='ocrx_word' id='word_1_333' title='bbox 182 2142 280 2162; x_wconf 86' lang='lat' dir='ltr'><strong>sonum</strong></span> <span class='ocrx_word' id='word_1_334' title='bbox 302 2136 421 2170; x_wconf 83' lang='lat' dir='ltr'><strong>capiunt,</strong></span> <span class='ocrx_word' id='word_1_335' title='bbox 444 2141 473 2163; x_wconf 93' lang='lat' dir='ltr'><strong>ut</strong></span> <span class='ocrx_word' id='word_1_336' title='bbox 495 2144 587 2164; x_wconf 90' lang='lat' dir='ltr'><strong>vocem</strong></span> <span class='ocrx_word' id='word_1_337' title='bbox 601 2137 710 2172; x_wconf 87' lang='lat' dir='ltr'><strong>quidem</strong></span> <span class='ocrx_word' id='word_1_338' title='bbox 735 2138 854 2172; x_wconf 85' lang='lat' dir='ltr'><strong>aliquam</strong></span> <span class='ocrx_word' id='word_1_339' title='bbox 869 2139 968 2166; x_wconf 86' lang='lat' dir='ltr'><strong>obscu-</strong></span> 
     </span>
    </p>
   </div>
   <div class='ocr_carea' id='block_1_48' title="bbox 183 2181 967 2218">
    <p class='ocr_par' dir='ltr' id='par_1_48' title="bbox 183 2181 967 2218">
     <span class='ocr_line' id='line_1_48' title="bbox 183 2181 967 2218; baseline 0.006 -11"><span class='ocrx_word' id='word_1_340' title='bbox 183 2188 244 2207; x_wconf 78' lang='lat' dir='ltr'><strong>ram</strong></span> <span class='ocrx_word' id='word_1_341' title='bbox 262 2181 386 2214; x_wconf 77' lang='lat' dir='ltr'><strong>audiant,</strong></span> <span class='ocrx_word' id='word_1_342' title='bbox 409 2182 456 2209; x_wconf 82' lang='lat' dir='ltr'><strong>sed</strong></span> <span class='ocrx_word' id='word_1_343' title='bbox 473 2183 545 2217; x_wconf 88' lang='lat' dir='ltr'><strong>quod</strong></span> <span class='ocrx_word' id='word_1_344' title='bbox 560 2183 765 2218; x_wconf 86' lang='lat' dir='ltr'><strong>pronuntiatum</strong></span> <span class='ocrx_word' id='word_1_345' title='bbox 782 2189 823 2212; x_wconf 88' lang='lat' dir='ltr'><strong>est</strong></span> <span class='ocrx_word' id='word_1_346' title='bbox 847 2192 899 2211; x_wconf 95' lang='lat' dir='ltr'><strong>non</strong></span> <span class='ocrx_word' id='word_1_347' title='bbox 925 2185 967 2212; x_wconf 92' lang='lat' dir='ltr'><strong>in-</strong></span> 
     </span>
    </p>
   </div>
   <div class='ocr_carea' id='block_1_49' title="bbox 1030 264 1818 301">
    <p class='ocr_par' dir='ltr' id='par_1_49' title="bbox 1030 264 1818 301">
     <span class='ocr_line' id='line_1_49' title="bbox 1030 264 1818 301; baseline 0.001 -11"><span class='ocrx_word' id='word_1_348' title='bbox 1030 265 1190 300; x_wconf 87' lang='grc' dir='ltr'>παρήγαγεν</span> <span class='ocrx_word' id='word_1_349' title='bbox 1204 266 1219 291; x_wconf 79' lang='grc' dir='ltr'><strong><em>ὁ</em></strong></span> <span class='ocrx_word' id='word_1_350' title='bbox 1229 265 1305 296; x_wconf 86' lang='grc' dir='ltr'>Θεός.</span> <span class='ocrx_word' id='word_1_351' title='bbox 1331 264 1430 301; x_wconf 85' lang='grc' dir='ltr'>’Δρχὰς</span> <span class='ocrx_word' id='word_1_352' title='bbox 1443 264 1473 291; x_wconf 77' lang='grc' dir='ltr'>δὲ</span> <span class='ocrx_word' id='word_1_353' title='bbox 1483 265 1612 300; x_wconf 77' lang='grc' dir='ltr'><strong>οὐρανίας</strong></span> <span class='ocrx_word' id='word_1_354' title='bbox 1624 265 1670 291; x_wconf 80' lang='grc' dir='ltr'>καὶ</span> <span class='ocrx_word' id='word_1_355' title='bbox 1681 265 1818 301; x_wconf 71' lang='grc' dir='ltr'>ἁποπεραι-</span> 
     </span>
    </p>
   </div>
   <div class='ocr_carea' id='block_1_50' title="bbox 1027 309 1819 346">
    <p class='ocr_par' dir='ltr' id='par_1_50' title="bbox 1027 309 1819 346">
     <span class='ocr_line' id='line_1_50' title="bbox 1027 309 1819 346; baseline 0.001 -10"><span class='ocrx_word' id='word_1_356' title='bbox 1027 309 1125 342; x_wconf 86' lang='grc' dir='ltr'>τώσεις</span> <span class='ocrx_word' id='word_1_357' title='bbox 1137 310 1245 346; x_wconf 84' lang='grc' dir='ltr'>νοητέον</span> <span class='ocrx_word' id='word_1_358' title='bbox 1259 310 1307 346; x_wconf 82' lang='grc' dir='ltr'>τὴν</span> <span class='ocrx_word' id='word_1_359' title='bbox 1326 310 1365 342; x_wconf 81' lang='grc' dir='ltr'>ὡς</span> <span class='ocrx_word' id='word_1_360' title='bbox 1388 312 1420 337; x_wconf 80' lang='grc' dir='ltr'><strong>ὲκ</strong></span> <span class='ocrx_word' id='word_1_361' title='bbox 1434 311 1547 346; x_wconf 83' lang='grc' dir='ltr'><strong>σημείου</strong></span> <span class='ocrx_word' id='word_1_362' title='bbox 1562 311 1621 346; x_wconf 76' lang='grc' dir='ltr'>ἦτοι</span> <span class='ocrx_word' id='word_1_363' title='bbox 1635 311 1747 346; x_wconf 82' lang='grc' dir='ltr'><strong>κέντρου</strong></span> <span class='ocrx_word' id='word_1_364' title='bbox 1768 310 1819 337; x_wconf 76' lang='grc' dir='ltr'>τοῦ</span> 
     </span>
    </p>
   </div>
   <div class='ocr_carea' id='block_1_51' title="bbox 1028 355 1817 392">
    <p class='ocr_par' dir='ltr' id='par_1_51' title="bbox 1028 355 1817 392">
     <span class='ocr_line' id='line_1_51' title="bbox 1028 355 1817 392; baseline 0.003 -11"><span class='ocrx_word' id='word_1_365' title='bbox 1028 355 1179 391; x_wconf 84' lang='grc' dir='ltr'><strong>θελήματος</strong></span> <span class='ocrx_word' id='word_1_366' title='bbox 1190 355 1237 382; x_wconf 86' lang='grc' dir='ltr'>τοῦ</span> <span class='ocrx_word' id='word_1_367' title='bbox 1256 355 1334 389; x_wconf 85' lang='grc' dir='ltr'><strong>Θεοῦ,</strong></span> <span class='ocrx_word' id='word_1_368' title='bbox 1349 356 1486 388; x_wconf 83' lang='grc' dir='ltr'><strong>κυκλικῶς</strong></span> <span class='ocrx_word' id='word_1_369' title='bbox 1501 357 1656 383; x_wconf 83' lang='grc' dir='ltr'>ὑποστᾶσαν</span> <span class='ocrx_word' id='word_1_370' title='bbox 1667 356 1721 383; x_wconf 85' lang='grc' dir='ltr'>τῶν</span> <span class='ocrx_word' id='word_1_371' title='bbox 1733 357 1817 392; x_wconf 82' lang='grc' dir='ltr'>οὐρα-</span> 
     </span>
    </p>
   </div>
   <div class='ocr_carea' id='block_1_52' title="bbox 1027 399 1816 437">
    <p class='ocr_par' dir='ltr' id='par_1_52' title="bbox 1027 399 1816 437">
     <span class='ocr_line' id='line_1_52' title="bbox 1027 399 1816 437; baseline 0.005 -13"><span class='ocrx_word' id='word_1_372' title='bbox 1027 399 1080 425; x_wconf 87' lang='grc' dir='ltr'><strong>νῶν</strong></span> <span class='ocrx_word' id='word_1_373' title='bbox 1096 400 1250 435; x_wconf 84' lang='grc' dir='ltr'>σφαιροειδῆ</span> <span class='ocrx_word' id='word_1_374' title='bbox 1263 400 1441 436; x_wconf 66' lang='grc' dir='ltr'>δημιουργίαν</span> <span class='ocrx_word' id='word_1_375' title='bbox 1452 409 1460 416; x_wconf 87' lang='grc'><strong>·</strong></span> <span class='ocrx_word' id='word_1_376' title='bbox 1481 401 1512 428; x_wconf 86' lang='grc' dir='ltr'><strong>τὸ</strong></span> <span class='ocrx_word' id='word_1_377' title='bbox 1527 401 1581 436; x_wconf 83' lang='grc' dir='ltr'><strong>γὰρ</strong></span> <span class='ocrx_word' id='word_1_378' title='bbox 1600 401 1729 428; x_wconf 80' lang='grc' dir='ltr'>κυκλικὸν</span> <span class='ocrx_word' id='word_1_379' title='bbox 1749 401 1816 437; x_wconf 85' lang='grc' dir='ltr'>σχῆ-</span> 
     </span>
    </p>
   </div>
   <div class='ocr_carea' id='block_1_53' title="bbox 1027 445 1815 484">
    <p class='ocr_par' dir='ltr' id='par_1_53' title="bbox 1027 445 1815 484">
     <span class='ocr_line' id='line_1_53' title="bbox 1027 445 1815 484; baseline 0.004 -13"><span class='ocrx_word' id='word_1_380' title='bbox 1027 453 1075 479; x_wconf 87' lang='grc' dir='ltr'><strong>μα,</strong></span> <span class='ocrx_word' id='word_1_381' title='bbox 1082 445 1231 481; x_wconf 84' lang='grc' dir='ltr'>ἀρχόμενον</span> <span class='ocrx_word' id='word_1_382' title='bbox 1240 446 1269 479; x_wconf 74' lang='grc' dir='ltr'>ἐξ</span> <span class='ocrx_word' id='word_1_383' title='bbox 1280 446 1384 478; x_wconf 78' lang='grc' dir='ltr'>ἑαυτοῦ,</span> <span class='ocrx_word' id='word_1_384' title='bbox 1393 447 1434 479; x_wconf 77' lang='grc' dir='ltr'>είς</span> <span class='ocrx_word' id='word_1_385' title='bbox 1448 447 1526 473; x_wconf 77' lang='grc' dir='ltr'>ἑαυτὸ</span> <span class='ocrx_word' id='word_1_386' title='bbox 1535 447 1709 483; x_wconf 80' lang='grc' dir='ltr'><strong>περατοῦται.</strong></span> <span class='ocrx_word' id='word_1_387' title='bbox 1722 448 1777 484; x_wconf 79' lang='grc' dir='ltr'><strong>Τὴν</strong></span> <span class='ocrx_word' id='word_1_388' title='bbox 1784 448 1815 474; x_wconf 76' lang='grc' dir='ltr'>δὲ</span> 
     </span>
    </p>
   </div>
   <div class='ocr_carea' id='block_1_54' title="bbox 1024 490 1814 528">
    <p class='ocr_par' dir='ltr' id='par_1_54' title="bbox 1024 490 1814 528">
     <span class='ocr_line' id='line_1_54' title="bbox 1024 490 1814 528; baseline 0.005 -12"><span class='ocrx_word' id='word_1_389' title='bbox 1024 490 1152 526; x_wconf 89' lang='grc' dir='ltr'>οὐρανίαν</span> <span class='ocrx_word' id='word_1_390' title='bbox 1159 491 1252 518; x_wconf 88' lang='grc' dir='ltr'>οὐσίαν</span> <span class='ocrx_word' id='word_1_391' title='bbox 1260 491 1360 527; x_wconf 83' lang='grc' dir='ltr'>ἀναυξῆ</span> <span class='ocrx_word' id='word_1_392' title='bbox 1368 492 1554 528; x_wconf 85' lang='grc' dir='ltr'>καὶάμείωτόν</span> <span class='ocrx_word' id='word_1_393' title='bbox 1562 501 1653 528; x_wconf 79' lang='grc' dir='ltr'>φησιν,</span> <span class='ocrx_word' id='word_1_394' title='bbox 1660 493 1697 525; x_wconf 85' lang='grc' dir='ltr'><strong>ὼς</strong></span> <span class='ocrx_word' id='word_1_395' title='bbox 1704 493 1814 525; x_wconf 82' lang='grc' dir='ltr'><strong>τελείως</strong></span> 
     </span>
    </p>
   </div>
   <div class='ocr_carea' id='block_1_55' title="bbox 1024 537 1815 574">
    <p class='ocr_par' dir='ltr' id='par_1_55' title="bbox 1024 537 1815 574">
     <span class='ocr_line' id='line_1_55' title="bbox 1024 537 1815 574; baseline 0.003 -10"><span class='ocrx_word' id='word_1_396' title='bbox 1024 537 1146 572; x_wconf 76' lang='grc' dir='ltr'>ἔχουσαν,</span> <span class='ocrx_word' id='word_1_397' title='bbox 1167 539 1213 565; x_wconf 62' lang='grc' dir='ltr'>καὶ</span> <span class='ocrx_word' id='word_1_398' title='bbox 1224 539 1367 574; x_wconf 84' lang='grc' dir='ltr'>αὐτάρκως</span> <span class='ocrx_word' id='word_1_399' title='bbox 1385 539 1453 574; x_wconf 76' lang='grc' dir='ltr'>πρὸς</span> <span class='ocrx_word' id='word_1_400' title='bbox 1468 538 1483 566; x_wconf 85' lang='grc' dir='ltr'><strong>ὃ</strong></span> <span class='ocrx_word' id='word_1_401' title='bbox 1497 539 1590 573; x_wconf 83' lang='grc' dir='ltr'>γέγονε</span> <span class='ocrx_word' id='word_1_402' title='bbox 1601 547 1608 554; x_wconf 91' lang='grc'><strong>·</strong></span> <span class='ocrx_word' id='word_1_403' title='bbox 1623 539 1663 566; x_wconf 86' lang='grc' dir='ltr'>διὸ</span> <span class='ocrx_word' id='word_1_404' title='bbox 1674 539 1720 566; x_wconf 79' lang='grc' dir='ltr'><strong>καὶ</strong></span> <span class='ocrx_word' id='word_1_405' title='bbox 1732 539 1815 566; x_wconf 85' lang='grc' dir='ltr'>ἀναλ-</span> 
     </span>
    </p>
   </div>
   <div class='ocr_carea' id='block_1_56' title="bbox 1023 580 1811 619">
    <p class='ocr_par' dir='ltr' id='par_1_56' title="bbox 1023 580 1811 619">
     <span class='ocr_line' id='line_1_56' title="bbox 1023 580 1811 619; baseline 0.001 -10"><span class='ocrx_word' id='word_1_406' title='bbox 1023 582 1131 609; x_wconf 88' lang='grc' dir='ltr'>λοίωτον</span> <span class='ocrx_word' id='word_1_407' title='bbox 1143 583 1226 618; x_wconf 78' lang='grc' dir='ltr'>αὐτὴν</span> <span class='ocrx_word' id='word_1_408' title='bbox 1241 583 1326 617; x_wconf 82' lang='grc' dir='ltr'>λέγει,</span> <span class='ocrx_word' id='word_1_409' title='bbox 1333 583 1363 615; x_wconf 74' lang='grc' dir='ltr'>ἐξ</span> <span class='ocrx_word' id='word_1_410' title='bbox 1373 580 1403 611; x_wconf 78' lang='grc' dir='ltr'><strong>οὒ</strong></span> <span class='ocrx_word' id='word_1_411' title='bbox 1415 583 1525 618; x_wconf 84' lang='grc' dir='ltr'>γέγονεν</span> <span class='ocrx_word' id='word_1_412' title='bbox 1532 584 1562 610; x_wconf 83' lang='grc' dir='ltr'><strong>οὐ</strong></span> <span class='ocrx_word' id='word_1_413' title='bbox 1569 586 1793 619; x_wconf 84' lang='grc' dir='ltr'>παρατραπεῖσαν</span> <span class='ocrx_word' id='word_1_414' title='bbox 1802 604 1811 616; x_wconf 88' lang='grc'><strong>,</strong></span> 
     </span>
    </p>
   </div>
   <div class='ocr_carea' id='block_1_57' title="bbox 1022 627 1812 665">
    <p class='ocr_par' dir='ltr' id='par_1_57' title="bbox 1022 627 1812 665">
     <span class='ocr_line' id='line_1_57' title="bbox 1022 627 1812 665; baseline 0.001 -11"><span class='ocrx_word' id='word_1_415' title='bbox 1022 627 1123 655; x_wconf 82' lang='grc' dir='ltr'>τέλειον</span> <span class='ocrx_word' id='word_1_416' title='bbox 1145 628 1174 654; x_wconf 79' lang='grc' dir='ltr'><strong>δέ</strong></span> <span class='ocrx_word' id='word_1_417' title='bbox 1194 629 1282 661; x_wconf 74' lang='grc' dir='ltr'>ἐστιν,</span> <span class='ocrx_word' id='word_1_418' title='bbox 1299 628 1314 655; x_wconf 79' lang='grc' dir='ltr'><strong>ὃ</strong></span> <span class='ocrx_word' id='word_1_419' title='bbox 1338 629 1408 664; x_wconf 87' lang='grc' dir='ltr'>μήτε</span> <span class='ocrx_word' id='word_1_420' title='bbox 1428 628 1504 661; x_wconf 81' lang='grc' dir='ltr'>αὔξει</span> <span class='ocrx_word' id='word_1_421' title='bbox 1522 630 1590 665; x_wconf 79' lang='grc' dir='ltr'>μήτε</span> <span class='ocrx_word' id='word_1_422' title='bbox 1601 629 1740 665; x_wconf 85' lang='grc' dir='ltr'>Ιμειοῦται.</span> <span class='ocrx_word' id='word_1_423' title='bbox 1760 630 1812 664; x_wconf 87' lang='grc' dir='ltr'><strong>Ση-</strong></span> 
     </span>
    </p>
   </div>
   <div class='ocr_carea' id='block_1_58' title="bbox 1023 673 1813 712">
    <p class='ocr_par' dir='ltr' id='par_1_58' title="bbox 1023 673 1813 712">
     <span class='ocr_line' id='line_1_58' title="bbox 1023 673 1813 712; baseline 0.003 -12"><span class='ocrx_word' id='word_1_424' title='bbox 1023 673 1137 708; x_wconf 81' lang='grc' dir='ltr'>μείωσαι</span> <span class='ocrx_word' id='word_1_425' title='bbox 1149 673 1189 706; x_wconf 78' lang='grc' dir='ltr'>δὲ,</span> <span class='ocrx_word' id='word_1_426' title='bbox 1201 674 1243 701; x_wconf 79' lang='grc' dir='ltr'>ὅτι</span> <span class='ocrx_word' id='word_1_427' title='bbox 1256 674 1303 701; x_wconf 75' lang='grc' dir='ltr'><strong>καὶ</strong></span> <span class='ocrx_word' id='word_1_428' title='bbox 1315 675 1446 702; x_wconf 76' lang='grc' dir='ltr'>κινεῖσθαι</span> <span class='ocrx_word' id='word_1_429' title='bbox 1458 675 1570 710; x_wconf 80' lang='grc' dir='ltr'>ἀψόφως</span> <span class='ocrx_word' id='word_1_430' title='bbox 1587 676 1654 712; x_wconf 80' lang='grc' dir='ltr'>φησὶ</span> <span class='ocrx_word' id='word_1_431' title='bbox 1667 675 1714 702; x_wconf 73' lang='grc' dir='ltr'><strong>καὶ</strong></span> <span class='ocrx_word' id='word_1_432' title='bbox 1728 676 1813 702; x_wconf 81' lang='grc' dir='ltr'>ἀνεπ-</span> 
     </span>
    </p>
   </div>
   <div class='ocr_carea' id='block_1_59' title="bbox 996 718 1811 756">
    <p class='ocr_par' dir='ltr' id='par_1_59' title="bbox 996 718 1811 756">
     <span class='ocr_line' id='line_1_59' title="bbox 996 718 1811 756; baseline 0.002 -11"><span class='ocrx_word' id='word_1_433' title='bbox 996 734 1008 745; x_wconf 82' lang='grc'><strong>.</strong></span> <span class='ocrx_word' id='word_1_434' title='bbox 1020 718 1156 754; x_wconf 77' lang='grc' dir='ltr'>αισθήτως</span> <span class='ocrx_word' id='word_1_435' title='bbox 1174 719 1222 746; x_wconf 84' lang='grc' dir='ltr'>τὸν</span> <span class='ocrx_word' id='word_1_436' title='bbox 1233 720 1357 756; x_wconf 84' lang='grc' dir='ltr'>οὐρανόν.</span> <span class='ocrx_word' id='word_1_437' title='bbox 1372 720 1408 746; x_wconf 75' lang='grc' dir='ltr'>Τὸ</span> <span class='ocrx_word' id='word_1_438' title='bbox 1424 719 1452 746; x_wconf 84' lang='grc' dir='ltr'>δὲ</span> <span class='ocrx_word' id='word_1_439' title='bbox 1464 720 1553 747; x_wconf 70' lang='grc' dir='ltr'>ἐνίων</span> <span class='ocrx_word' id='word_1_440' title='bbox 1572 719 1707 754; x_wconf 77' lang='grc' dir='ltr'><strong>ἀστέρων</strong></span> <span class='ocrx_word' id='word_1_441' title='bbox 1720 728 1811 755; x_wconf 80' lang='grc' dir='ltr'>μετα-</span> 
     </span>
    </p>
   </div>
   <div class='ocr_carea' id='block_1_60' title="bbox 1021 765 1812 802">
    <p class='ocr_par' dir='ltr' id='par_1_60' title="bbox 1021 765 1812 802">
     <span class='ocr_line' id='line_1_60' title="bbox 1021 765 1812 802; baseline 0.003 -11"><span class='ocrx_word' id='word_1_442' title='bbox 1021 765 1142 799; x_wconf 77' lang='grc' dir='ltr'>ϐατικῆς</span> <span class='ocrx_word' id='word_1_443' title='bbox 1156 766 1376 800; x_wconf 77' lang='grc' dir='ltr'>πολυκινησιιις</span> <span class='ocrx_word' id='word_1_444' title='bbox 1397 766 1461 802; x_wconf 77' lang='grc' dir='ltr'>περὶ</span> <span class='ocrx_word' id='word_1_445' title='bbox 1476 766 1529 793; x_wconf 87' lang='grc' dir='ltr'><strong>τῶν</strong></span> <span class='ocrx_word' id='word_1_446' title='bbox 1541 766 1683 802; x_wconf 85' lang='grc' dir='ltr'>πλανητῶν</span> <span class='ocrx_word' id='word_1_447' title='bbox 1708 774 1789 802; x_wconf 87' lang='grc' dir='ltr'>φησιν</span> <span class='ocrx_word' id='word_1_448' title='bbox 1802 775 1812 782; x_wconf 69' lang='grc' dir='ltr'><strong><em>ο</em></strong></span> 
     </span>
    </p>
   </div>
   <div class='ocr_carea' id='block_1_61' title="bbox 1020 811 1811 847">
    <p class='ocr_par' dir='ltr' id='par_1_61' title="bbox 1020 811 1811 847">
     <span class='ocr_line' id='line_1_61' title="bbox 1020 811 1811 847; baseline 0.001 -10"><span class='ocrx_word' id='word_1_449' title='bbox 1020 812 1118 843; x_wconf 82' lang='grc' dir='ltr'>αὐτοὺς</span> <span class='ocrx_word' id='word_1_450' title='bbox 1130 811 1185 847; x_wconf 84' lang='grc' dir='ltr'><strong>γὰρ</strong></span> <span class='ocrx_word' id='word_1_451' title='bbox 1199 812 1294 847; x_wconf 83' lang='grc' dir='ltr'>μόνους</span> <span class='ocrx_word' id='word_1_452' title='bbox 1305 811 1412 845; x_wconf 77' lang='grc' dir='ltr'>ἐδέξατο</span> <span class='ocrx_word' id='word_1_453' title='bbox 1429 812 1570 839; x_wconf 88' lang='grc' dir='ltr'>κινεῖσθαι.</span> <span class='ocrx_word' id='word_1_454' title='bbox 1584 812 1617 838; x_wconf 91' lang='grc' dir='ltr'>Τί</span> <span class='ocrx_word' id='word_1_455' title='bbox 1635 812 1668 839; x_wconf 78' lang='grc' dir='ltr'>ἄν</span> <span class='ocrx_word' id='word_1_456' title='bbox 1685 821 1727 844; x_wconf 83' lang='grc' dir='ltr'>τις</span> <span class='ocrx_word' id='word_1_457' title='bbox 1739 812 1811 838; x_wconf 75' lang='grc' dir='ltr'>εἴποι</span> 
     </span>
    </p>
   </div>
   <div class='ocr_carea' id='block_1_62' title="bbox 1021 857 1810 894">
    <p class='ocr_par' dir='ltr' id='par_1_62' title="bbox 1021 857 1810 894">
     <span class='ocr_line' id='line_1_62' title="bbox 1021 857 1810 894; baseline 0 -10"><span class='ocrx_word' id='word_1_458' title='bbox 1021 858 1085 893; x_wconf 82' lang='grc' dir='ltr'>περὶ</span> <span class='ocrx_word' id='word_1_459' title='bbox 1096 858 1146 892; x_wconf 90' lang='grc' dir='ltr'>τῆς</span> <span class='ocrx_word' id='word_1_460' title='bbox 1158 857 1272 893; x_wconf 83' lang='grc' dir='ltr'>ἡλιακῆς</span> <span class='ocrx_word' id='word_1_461' title='bbox 1285 858 1394 888; x_wconf 79' lang='grc' dir='ltr'>ἀκτῖνος</span> <span class='ocrx_word' id='word_1_462' title='bbox 1406 857 1458 893; x_wconf 76' lang='grc' dir='ltr'>ἰδίᾳ</span> <span class='ocrx_word' id='word_1_463' title='bbox 1467 857 1522 884; x_wconf 85' lang='grc' dir='ltr'><strong>τῶν</strong></span> <span class='ocrx_word' id='word_1_464' title='bbox 1533 858 1620 885; x_wconf 76' lang='grc' dir='ltr'>ἄλλων</span> <span class='ocrx_word' id='word_1_465' title='bbox 1632 858 1693 885; x_wconf 82' lang='grc' dir='ltr'>καθ’</span> <span class='ocrx_word' id='word_1_466' title='bbox 1705 859 1810 894; x_wconf 59' lang='lat' dir='ltr'><strong>«om;</strong></span> 
     </span>
    </p>
   </div>
   <div class='ocr_carea' id='block_1_63' title="bbox 1021 900 1812 940">
    <p class='ocr_par' dir='ltr' id='par_1_63' title="bbox 1021 900 1812 940">
     <span class='ocr_line' id='line_1_63' title="bbox 1021 900 1812 940; baseline 0.001 -10"><span class='ocrx_word' id='word_1_467' title='bbox 1021 903 1062 930; x_wconf 80' lang='grc' dir='ltr'>ὅτι</span> <span class='ocrx_word' id='word_1_468' title='bbox 1073 904 1119 930; x_wconf 79' lang='grc' dir='ltr'><strong>καὶ</strong></span> <span class='ocrx_word' id='word_1_469' title='bbox 1130 904 1217 940; x_wconf 82' lang='grc' dir='ltr'>ταύτῃ</span> <span class='ocrx_word' id='word_1_470' title='bbox 1229 904 1260 930; x_wconf 81' lang='grc' dir='ltr'>τὸ</span> <span class='ocrx_word' id='word_1_471' title='bbox 1274 903 1331 939; x_wconf 78' lang='grc' dir='ltr'><strong>φῶς</strong></span> <span class='ocrx_word' id='word_1_472' title='bbox 1343 905 1376 930; x_wconf 84' lang='grc' dir='ltr'><strong>ὲκ</strong></span> <span class='ocrx_word' id='word_1_473' title='bbox 1388 904 1437 939; x_wconf 85' lang='grc' dir='ltr'><strong>τῆς</strong></span> <span class='ocrx_word' id='word_1_474' title='bbox 1447 904 1494 931; x_wconf 85' lang='grc' dir='ltr'>τοῦ</span> <span class='ocrx_word' id='word_1_475' title='bbox 1509 904 1576 931; x_wconf 82' lang='grc' dir='ltr'>Θεοῦ</span> <span class='ocrx_word' id='word_1_476' title='bbox 1588 904 1762 940; x_wconf 81' lang='grc' dir='ltr'>ἀγαθότητος,</span> <span class='ocrx_word' id='word_1_477' title='bbox 1776 900 1812 940; x_wconf 86' lang='grc' dir='ltr'><strong>ἧς</strong></span> 
     </span>
    </p>
   </div>
   <div class='ocr_carea' id='block_1_64' title="bbox 1021 948 1813 986">
    <p class='ocr_par' dir='ltr' id='par_1_64' title="bbox 1021 948 1813 986">
     <span class='ocr_line' id='line_1_64' title="bbox 1021 948 1813 986; baseline 0.001 -11"><span class='ocrx_word' id='word_1_478' title='bbox 1021 948 1067 976; x_wconf 73' lang='grc' dir='ltr'>καὶ</span> <span class='ocrx_word' id='word_1_479' title='bbox 1080 948 1160 975; x_wconf 78' lang='grc' dir='ltr'>εἰκὼν</span> <span class='ocrx_word' id='word_1_480' title='bbox 1177 949 1256 976; x_wconf 80' lang='grc' dir='ltr'>τοῦτο</span> <span class='ocrx_word' id='word_1_481' title='bbox 1275 950 1307 985; x_wconf 84' lang='grc' dir='ltr'>δὴ</span> <span class='ocrx_word' id='word_1_482' title='bbox 1331 950 1362 976; x_wconf 84' lang='grc' dir='ltr'>τὸ</span> <span class='ocrx_word' id='word_1_483' title='bbox 1380 949 1449 985; x_wconf 85' lang='grc' dir='ltr'>φῶς,</span> <span class='ocrx_word' id='word_1_484' title='bbox 1477 950 1517 977; x_wconf 87' lang='grc' dir='ltr'>διδ</span> <span class='ocrx_word' id='word_1_485' title='bbox 1535 951 1582 977; x_wconf 79' lang='grc' dir='ltr'>καὶ</span> <span class='ocrx_word' id='word_1_486' title='bbox 1604 950 1813 986; x_wconf 82' lang='grc' dir='ltr'>φωτωνυμικῶς</span> 
     </span>
    </p>
   </div>
   <div class='ocr_carea' id='block_1_65' title="bbox 1020 995 1812 1032">
    <p class='ocr_par' dir='ltr' id='par_1_65' title="bbox 1020 995 1812 1032">
     <span class='ocr_line' id='line_1_65' title="bbox 1020 995 1812 1032; baseline 0.003 -11"><span class='ocrx_word' id='word_1_487' title='bbox 1020 995 1144 1030; x_wconf 82' lang='grc' dir='ltr'>ὑμνεῖται</span> <span class='ocrx_word' id='word_1_488' title='bbox 1155 995 1186 1021; x_wconf 84' lang='grc' dir='ltr'><strong>τὺ</strong></span> <span class='ocrx_word' id='word_1_489' title='bbox 1200 995 1271 1022; x_wconf 85' lang='grc' dir='ltr'>θεῖον</span> <span class='ocrx_word' id='word_1_490' title='bbox 1284 996 1448 1031; x_wconf 80' lang='grc' dir='ltr'>ἀρχέτυπον,</span> <span class='ocrx_word' id='word_1_491' title='bbox 1469 995 1524 1022; x_wconf 76' lang='grc' dir='ltr'>οἷον</span> <span class='ocrx_word' id='word_1_492' title='bbox 1543 995 1572 1023; x_wconf 70' lang='grc' dir='ltr'>ὃν</span> <span class='ocrx_word' id='word_1_493' title='bbox 1590 996 1658 1032; x_wconf 79' lang='grc' dir='ltr'>πρὸς</span> <span class='ocrx_word' id='word_1_494' title='bbox 1675 997 1766 1023; x_wconf 86' lang='grc' dir='ltr'>είκόνα</span> <span class='ocrx_word' id='word_1_495' title='bbox 1779 996 1812 1023; x_wconf 84' lang='grc' dir='ltr'>τὸ</span> 
     </span>
    </p>
   </div>
   <div class='ocr_carea' id='block_1_66' title="bbox 1020 1041 1811 1077">
    <p class='ocr_par' dir='ltr' id='par_1_66' title="bbox 1020 1041 1811 1077">
     <span class='ocr_line' id='line_1_66' title="bbox 1020 1041 1811 1077; baseline 0.003 -10"><span class='ocrx_word' id='word_1_496' title='bbox 1020 1041 1088 1076; x_wconf 84' lang='grc' dir='ltr'><strong>φῶς.</strong></span> <span class='ocrx_word' id='word_1_497' title='bbox 1108 1041 1150 1072; x_wconf 83' lang='grc' dir='ltr'><strong>Ὧς</strong></span> <span class='ocrx_word' id='word_1_498' title='bbox 1162 1041 1215 1077; x_wconf 87' lang='grc' dir='ltr'><strong>γὰρ</strong></span> <span class='ocrx_word' id='word_1_499' title='bbox 1225 1042 1241 1077; x_wconf 83' lang='grc' dir='ltr'>ἡ</span> <span class='ocrx_word' id='word_1_500' title='bbox 1253 1042 1300 1068; x_wconf 77' lang='grc' dir='ltr'><strong>τοῦ</strong></span> <span class='ocrx_word' id='word_1_501' title='bbox 1314 1041 1374 1068; x_wconf 85' lang='grc' dir='ltr'>θεοῦ</span> <span class='ocrx_word' id='word_1_502' title='bbox 1387 1042 1523 1077; x_wconf 83' lang='grc' dir='ltr'>ἀγαθότης</span> <span class='ocrx_word' id='word_1_503' title='bbox 1534 1042 1588 1069; x_wconf 83' lang='grc' dir='ltr'><strong>ἀπὸ</strong></span> <span class='ocrx_word' id='word_1_504' title='bbox 1600 1042 1654 1069; x_wconf 86' lang='grc' dir='ltr'><strong>τῶν</strong></span> <span class='ocrx_word' id='word_1_505' title='bbox 1665 1043 1811 1069; x_wconf 83' lang='grc' dir='ltr'>ἀνωτάτων</span> 
     </span>
    </p>
   </div>
   <div class='ocr_carea' id='block_1_67' title="bbox 1019 1085 1810 1122">
    <p class='ocr_par' dir='ltr' id='par_1_67' title="bbox 1019 1085 1810 1122">
     <span class='ocr_line' id='line_1_67' title="bbox 1019 1085 1810 1122; baseline -0.003 -8"><span class='ocrx_word' id='word_1_506' title='bbox 1019 1087 1085 1122; x_wconf 82' lang='grc' dir='ltr'>ἄχρι</span> <span class='ocrx_word' id='word_1_507' title='bbox 1095 1085 1150 1113; x_wconf 85' lang='grc' dir='ltr'><strong>τῶν</strong></span> <span class='ocrx_word' id='word_1_508' title='bbox 1165 1086 1287 1121; x_wconf 75' lang='grc' dir='ltr'><strong>ἐσχάτων</strong></span> <span class='ocrx_word' id='word_1_509' title='bbox 1301 1086 1400 1122; x_wconf 83' lang='grc' dir='ltr'>διήκει,</span> <span class='ocrx_word' id='word_1_510' title='bbox 1413 1087 1460 1113; x_wconf 77' lang='grc' dir='ltr'><strong>καὶ</strong></span> <span class='ocrx_word' id='word_1_511' title='bbox 1472 1086 1542 1122; x_wconf 81' lang='grc' dir='ltr'>ὑπὲρ</span> <span class='ocrx_word' id='word_1_512' title='bbox 1562 1087 1651 1114; x_wconf 89' lang='grc' dir='ltr'>πάντα</span> <span class='ocrx_word' id='word_1_513' title='bbox 1662 1087 1750 1113; x_wconf 81' lang='grc' dir='ltr'>ἐστίν·</span> <span class='ocrx_word' id='word_1_514' title='bbox 1769 1086 1810 1122; x_wconf 83' lang='grc' dir='ltr'><strong>(ἐν</strong></span> 
     </span>
    </p>
   </div>
   <div class='ocr_carea' id='block_1_68' title="bbox 1019 1131 1809 1167">
    <p class='ocr_par' dir='ltr' id='par_1_68' title="bbox 1019 1131 1809 1167">
     <span class='ocr_line' id='line_1_68' title="bbox 1019 1131 1809 1167; baseline 0.001 -9"><span class='ocrx_word' id='word_1_515' title='bbox 1019 1133 1076 1164; x_wconf 87' lang='grc' dir='ltr'>τοῖς</span> <span class='ocrx_word' id='word_1_516' title='bbox 1089 1133 1155 1159; x_wconf 82' lang='grc' dir='ltr'>πᾶσι</span> <span class='ocrx_word' id='word_1_517' title='bbox 1165 1131 1229 1167; x_wconf 87' lang='grc' dir='ltr'>γὰρ,</span> <span class='ocrx_word' id='word_1_518' title='bbox 1244 1131 1290 1159; x_wconf 64' lang='grc' dir='ltr'><strong>καὶ</strong></span> <span class='ocrx_word' id='word_1_519' title='bbox 1303 1133 1379 1159; x_wconf 80' lang='grc' dir='ltr'>οὐδὲν</span> <span class='ocrx_word' id='word_1_520' title='bbox 1392 1132 1446 1159; x_wconf 83' lang='grc' dir='ltr'><strong>τῶν</strong></span> <span class='ocrx_word' id='word_1_521' title='bbox 1458 1133 1585 1160; x_wconf 83' lang='grc' dir='ltr'>ἁπάντων</span> <span class='ocrx_word' id='word_1_522' title='bbox 1598 1133 1629 1159; x_wconf 81' lang='grc' dir='ltr'>τὸ</span> <span class='ocrx_word' id='word_1_523' title='bbox 1647 1132 1723 1159; x_wconf 86' lang='grc' dir='ltr'>Θεῖόν</span> <span class='ocrx_word' id='word_1_524' title='bbox 1738 1133 1809 1164; x_wconf 74' lang='grc' dir='ltr'>ἐστι,</span> 
     </span>
    </p>
   </div>
   <div class='ocr_carea' id='block_1_69' title="bbox 1022 1176 1811 1213">
    <p class='ocr_par' dir='ltr' id='par_1_69' title="bbox 1022 1176 1811 1213">
     <span class='ocr_line' id='line_1_69' title="bbox 1022 1176 1811 1213; baseline -0.001 -10"><span class='ocrx_word' id='word_1_525' title='bbox 1022 1177 1091 1212; x_wconf 88' lang='grc' dir='ltr'>μήτε</span> <span class='ocrx_word' id='word_1_526' title='bbox 1113 1177 1168 1203; x_wconf 82' lang='grc' dir='ltr'>τῶν</span> <span class='ocrx_word' id='word_1_527' title='bbox 1190 1176 1246 1203; x_wconf 77' lang='grc' dir='ltr'>ἄνω</span> <span class='ocrx_word' id='word_1_528' title='bbox 1268 1177 1317 1212; x_wconf 79' lang='grc' dir='ltr'>τὴν</span> <span class='ocrx_word' id='word_1_529' title='bbox 1340 1176 1475 1213; x_wconf 80' lang='grc' dir='ltr'>ὑπεροχὴν</span> <span class='ocrx_word' id='word_1_530' title='bbox 1505 1177 1672 1212; x_wconf 83' lang='grc' dir='ltr'>φθανουσῶν,</span> <span class='ocrx_word' id='word_1_531' title='bbox 1691 1176 1811 1212; x_wconf 76' lang='grc' dir='ltr'>ἄναρχος</span> 
     </span>
    </p>
   </div>
   <div class='ocr_carea' id='block_1_70' title="bbox 1020 1222 1813 1259">
    <p class='ocr_par' dir='ltr' id='par_1_70' title="bbox 1020 1222 1813 1259">
     <span class='ocr_line' id='line_1_70' title="bbox 1020 1222 1813 1259; baseline 0 -10"><span class='ocrx_word' id='word_1_532' title='bbox 1020 1222 1075 1258; x_wconf 78' lang='grc' dir='ltr'>γὰρ</span> <span class='ocrx_word' id='word_1_533' title='bbox 1092 1223 1138 1249; x_wconf 81' lang='grc' dir='ltr'><strong>καὶ</strong></span> <span class='ocrx_word' id='word_1_534' title='bbox 1153 1223 1204 1249; x_wconf 83' lang='grc' dir='ltr'><strong>οὐκ</strong></span> <span class='ocrx_word' id='word_1_535' title='bbox 1217 1223 1275 1258; x_wconf 77' lang='grc' dir='ltr'>ἔχει</span> <span class='ocrx_word' id='word_1_536' title='bbox 1286 1231 1313 1249; x_wconf 90' lang='grc' dir='ltr'><strong>τι</strong></span> <span class='ocrx_word' id='word_1_537' title='bbox 1328 1223 1506 1259; x_wconf 73' lang='grc' dir='ltr'>ὑψηλότερον·</span> <span class='ocrx_word' id='word_1_538' title='bbox 1523 1223 1591 1258; x_wconf 84' lang='grc' dir='ltr'>μήτε</span> <span class='ocrx_word' id='word_1_539' title='bbox 1604 1222 1658 1249; x_wconf 82' lang='grc' dir='ltr'>τῶν</span> <span class='ocrx_word' id='word_1_540' title='bbox 1673 1222 1749 1249; x_wconf 84' lang='grc' dir='ltr'>κάτω</span> <span class='ocrx_word' id='word_1_541' title='bbox 1759 1222 1813 1258; x_wconf 79' lang='grc' dir='ltr'>τὴν</span> 
     </span>
    </p>
   </div>
   <div class='ocr_carea' id='block_1_71' title="bbox 1021 1267 1810 1304">
    <p class='ocr_par' dir='ltr' id='par_1_71' title="bbox 1021 1267 1810 1304">
     <span class='ocr_line' id='line_1_71' title="bbox 1021 1267 1810 1304; baseline 0 -10"><span class='ocrx_word' id='word_1_542' title='bbox 1021 1267 1149 1303; x_wconf 87' lang='grc' dir='ltr'>περιοχὴν</span> <span class='ocrx_word' id='word_1_543' title='bbox 1163 1267 1365 1300; x_wconf 74' lang='grc' dir='ltr'>διαδαινουσῶν,</span> <span class='ocrx_word' id='word_1_544' title='bbox 1379 1268 1462 1303; x_wconf 76' lang='grc' dir='ltr'>ἦγουν</span> <span class='ocrx_word' id='word_1_545' title='bbox 1480 1268 1532 1302; x_wconf 81' lang='grc' dir='ltr'>ἔξω</span> <span class='ocrx_word' id='word_1_546' title='bbox 1546 1267 1634 1295; x_wconf 80' lang='grc' dir='ltr'>οὐσῶν</span> <span class='ocrx_word' id='word_1_547' title='bbox 1650 1268 1699 1303; x_wconf 85' lang='grc' dir='ltr'>τῆς</span> <span class='ocrx_word' id='word_1_548' title='bbox 1716 1276 1810 1304; x_wconf 85' lang='grc' dir='ltr'>περιο-</span> 
     </span>
    </p>
   </div>
   <div class='ocr_carea' id='block_1_72' title="bbox 1020 1311 1811 1348">
    <p class='ocr_par' dir='ltr' id='par_1_72' title="bbox 1020 1311 1811 1348">
     <span class='ocr_line' id='line_1_72' title="bbox 1020 1311 1811 1348; baseline 0.001 -10"><span class='ocrx_word' id='word_1_549' title='bbox 1020 1312 1080 1348; x_wconf 81' lang='grc' dir='ltr'>χῆς,</span> <span class='ocrx_word' id='word_1_550' title='bbox 1095 1312 1272 1348; x_wconf 86' lang='grc' dir='ltr'>ἀτελεύτητος</span> <span class='ocrx_word' id='word_1_551' title='bbox 1285 1312 1348 1348; x_wconf 80' lang='grc' dir='ltr'>γὰρ,</span> <span class='ocrx_word' id='word_1_552' title='bbox 1366 1313 1412 1339; x_wconf 79' lang='grc' dir='ltr'>καὶ</span> <span class='ocrx_word' id='word_1_553' title='bbox 1423 1313 1472 1339; x_wconf 84' lang='grc' dir='ltr'>οὐκ</span> <span class='ocrx_word' id='word_1_554' title='bbox 1485 1313 1540 1348; x_wconf 73' lang='grc' dir='ltr'>ἔχει</span> <span class='ocrx_word' id='word_1_555' title='bbox 1552 1312 1604 1346; x_wconf 76' lang='grc' dir='ltr'>ἔξω</span> <span class='ocrx_word' id='word_1_556' title='bbox 1611 1312 1712 1348; x_wconf 86' lang='grc' dir='ltr'>ταύτης</span> <span class='ocrx_word' id='word_1_557' title='bbox 1719 1311 1811 1339; x_wconf 83' lang='grc' dir='ltr'>κατώ-</span> 
     </span>
    </p>
   </div>
   <div class='ocr_carea' id='block_1_73' title="bbox 1019 1358 1809 1394">
    <p class='ocr_par' dir='ltr' id='par_1_73' title="bbox 1019 1358 1809 1394">
     <span class='ocr_line' id='line_1_73' title="bbox 1019 1358 1809 1394; baseline -0.001 -10"><span class='ocrx_word' id='word_1_558' title='bbox 1019 1366 1112 1394; x_wconf 77' lang='grc' dir='ltr'>τερονο</span> <span class='ocrx_word' id='word_1_559' title='bbox 1129 1358 1196 1384; x_wconf 87' lang='grc' dir='ltr'>ἀλλὰ</span> <span class='ocrx_word' id='word_1_560' title='bbox 1206 1359 1252 1384; x_wconf 77' lang='grc' dir='ltr'><strong>καὶ</strong></span> <span class='ocrx_word' id='word_1_561' title='bbox 1267 1358 1378 1392; x_wconf 79' lang='grc' dir='ltr'>φωτίζει</span> <span class='ocrx_word' id='word_1_562' title='bbox 1389 1358 1423 1384; x_wconf 78' lang='grc' dir='ltr'>τὰ</span> <span class='ocrx_word' id='word_1_563' title='bbox 1431 1358 1570 1394; x_wconf 78' lang='grc' dir='ltr'>χωροῦντα</span> <span class='ocrx_word' id='word_1_564' title='bbox 1584 1358 1652 1393; x_wconf 73' lang='grc' dir='ltr'>πρὸς</span> <span class='ocrx_word' id='word_1_565' title='bbox 1662 1358 1692 1384; x_wconf 79' lang='grc' dir='ltr'><strong>τὸ</strong></span> <span class='ocrx_word' id='word_1_566' title='bbox 1708 1358 1809 1393; x_wconf 84' lang='grc' dir='ltr'>μέτρον</span> 
     </span>
    </p>
   </div>
   <div class='ocr_carea' id='block_1_74' title="bbox 1020 1401 1812 1439">
    <p class='ocr_par' dir='ltr' id='par_1_74' title="bbox 1020 1401 1812 1439">
     <span class='ocr_line' id='line_1_74' title="bbox 1020 1401 1812 1439; baseline -0.001 -9"><span class='ocrx_word' id='word_1_567' title='bbox 1020 1403 1034 1430; x_wconf 79' lang='grc' dir='ltr'><strong>ὃ</strong></span> <span class='ocrx_word' id='word_1_568' title='bbox 1049 1403 1182 1439; x_wconf 85' lang='grc' dir='ltr'>χωροῦσι·</span> <span class='ocrx_word' id='word_1_569' title='bbox 1195 1403 1235 1430; x_wconf 81' lang='grc' dir='ltr'>διὸ</span> <span class='ocrx_word' id='word_1_570' title='bbox 1247 1404 1293 1430; x_wconf 76' lang='grc' dir='ltr'>καὶ</span> <span class='ocrx_word' id='word_1_571' title='bbox 1308 1404 1406 1439; x_wconf 78' lang='grc' dir='ltr'>μέτρον</span> <span class='ocrx_word' id='word_1_572' title='bbox 1417 1401 1487 1430; x_wconf 74' lang='grc' dir='ltr'>εἶναι</span> <span class='ocrx_word' id='word_1_573' title='bbox 1498 1403 1606 1437; x_wconf 88' lang='grc' dir='ltr'>λέγεται</span> <span class='ocrx_word' id='word_1_574' title='bbox 1618 1402 1672 1429; x_wconf 82' lang='grc' dir='ltr'>τῶν</span> <span class='ocrx_word' id='word_1_575' title='bbox 1683 1403 1766 1430; x_wconf 70' lang='grc' dir='ltr'>ὄντων</span> <span class='ocrx_word' id='word_1_576' title='bbox 1776 1402 1812 1429; x_wconf 73' lang='grc' dir='ltr'>τὸ</span> 
     </span>
    </p>
   </div>
   <div class='ocr_carea' id='block_1_75' title="bbox 1021 1449 1808 1486">
    <p class='ocr_par' dir='ltr' id='par_1_75' title="bbox 1021 1449 1808 1486">
     <span class='ocr_line' id='line_1_75' title="bbox 1021 1449 1808 1486; baseline -0.003 -9"><span class='ocrx_word' id='word_1_577' title='bbox 1021 1450 1107 1482; x_wconf 85' lang='grc' dir='ltr'>Θεῖον,</span> <span class='ocrx_word' id='word_1_578' title='bbox 1122 1449 1187 1485; x_wconf 86' lang='grc' dir='ltr'><strong>ἢὼς</strong></span> <span class='ocrx_word' id='word_1_579' title='bbox 1200 1450 1366 1486; x_wconf 81' lang='grc' dir='ltr'>περιοχικὸν,</span> <span class='ocrx_word' id='word_1_580' title='bbox 1378 1451 1424 1476; x_wconf 78' lang='grc' dir='ltr'>καὶ</span> <span class='ocrx_word' id='word_1_581' title='bbox 1443 1450 1492 1485; x_wconf 85' lang='grc' dir='ltr'>τὴν</span> <span class='ocrx_word' id='word_1_582' title='bbox 1511 1450 1598 1485; x_wconf 82' lang='grc' dir='ltr'>ἀρχὴν</span> <span class='ocrx_word' id='word_1_583' title='bbox 1613 1450 1659 1476; x_wconf 81' lang='grc' dir='ltr'><strong>καὶ</strong></span> <span class='ocrx_word' id='word_1_584' title='bbox 1673 1449 1703 1475; x_wconf 79' lang='grc' dir='ltr'>τὸ</span> <span class='ocrx_word' id='word_1_585' title='bbox 1721 1449 1808 1485; x_wconf 83' lang='grc' dir='ltr'>πέρας</span> 
     </span>
    </p>
   </div>
   <div class='ocr_carea' id='block_1_76' title="bbox 1021 1495 1810 1531">
    <p class='ocr_par' dir='ltr' id='par_1_76' title="bbox 1021 1495 1810 1531">
     <span class='ocr_line' id='line_1_76' title="bbox 1021 1495 1810 1531; baseline -0.001 -9"><span class='ocrx_word' id='word_1_586' title='bbox 1021 1497 1075 1524; x_wconf 85' lang='grc' dir='ltr'>τῶν</span> <span class='ocrx_word' id='word_1_587' title='bbox 1096 1497 1222 1524; x_wconf 79' lang='grc' dir='ltr'>ἁπάντων</span> <span class='ocrx_word' id='word_1_588' title='bbox 1244 1496 1434 1531; x_wconf 75' lang='grc' dir='ltr'>ἐπιστάμενον,</span> <span class='ocrx_word' id='word_1_589' title='bbox 1456 1497 1503 1522; x_wconf 75' lang='grc' dir='ltr'><strong>καὶ</strong></span> <span class='ocrx_word' id='word_1_590' title='bbox 1522 1495 1599 1527; x_wconf 74' lang='grc' dir='ltr'>αἰὼν,</span> <span class='ocrx_word' id='word_1_591' title='bbox 1617 1496 1664 1522; x_wconf 80' lang='grc' dir='ltr'><strong>καὶ</strong></span> <span class='ocrx_word' id='word_1_592' title='bbox 1680 1495 1810 1531; x_wconf 76' lang='grc' dir='ltr'>ἀριθμὸς,</span> 
     </span>
    </p>
   </div>
   <div class='ocr_carea' id='block_1_77' title="bbox 1021 1540 1808 1577">
    <p class='ocr_par' dir='ltr' id='par_1_77' title="bbox 1021 1540 1808 1577">
     <span class='ocr_line' id='line_1_77' title="bbox 1021 1540 1808 1577; baseline -0.003 -8"><span class='ocrx_word' id='word_1_593' title='bbox 1021 1543 1069 1569; x_wconf 75' lang='grc' dir='ltr'>καὶ</span> <span class='ocrx_word' id='word_1_594' title='bbox 1084 1541 1175 1575; x_wconf 80' lang='grc' dir='ltr'>τάξις,</span> <span class='ocrx_word' id='word_1_595' title='bbox 1193 1542 1231 1574; x_wconf 85' lang='grc' dir='ltr'><strong>ὡς</strong></span> <span class='ocrx_word' id='word_1_596' title='bbox 1248 1541 1403 1577; x_wconf 80' lang='grc' dir='ltr'>περιοχικὺν</span> <span class='ocrx_word' id='word_1_597' title='bbox 1421 1541 1476 1568; x_wconf 84' lang='grc' dir='ltr'><strong>τῶν</strong></span> <span class='ocrx_word' id='word_1_598' title='bbox 1494 1541 1578 1568; x_wconf 79' lang='grc' dir='ltr'>ὗντων</span> <span class='ocrx_word' id='word_1_599' title='bbox 1602 1542 1649 1568; x_wconf 76' lang='grc' dir='ltr'><strong>καὶ</strong></span> <span class='ocrx_word' id='word_1_600' title='bbox 1668 1540 1808 1573; x_wconf 74' lang='grc' dir='ltr'>τακτικὸν,</span> 
     </span>
    </p>
   </div>
   <div class='ocr_carea' id='block_1_78' title="bbox 1020 1585 1811 1624">
    <p class='ocr_par' dir='ltr' id='par_1_78' title="bbox 1020 1585 1811 1624">
     <span class='ocr_line' id='line_1_78' title="bbox 1020 1585 1811 1624; baseline -0.005 -10"><span class='ocrx_word' id='word_1_601' title='bbox 1020 1588 1108 1615; x_wconf 88' lang='grc' dir='ltr'>πάντα</span> <span class='ocrx_word' id='word_1_602' title='bbox 1129 1588 1184 1624; x_wconf 84' lang='grc' dir='ltr'><strong>γὰρ</strong></span> <span class='ocrx_word' id='word_1_603' title='bbox 1201 1587 1260 1623; x_wconf 81' lang='grc' dir='ltr'>μετ’</span> <span class='ocrx_word' id='word_1_604' title='bbox 1278 1586 1404 1620; x_wconf 80' lang='grc' dir='ltr'>εὐταξίας</span> <span class='ocrx_word' id='word_1_605' title='bbox 1422 1586 1634 1622; x_wconf 76' lang='grc' dir='ltr'>ἐδημιούργησεν</span> <span class='ocrx_word' id='word_1_606' title='bbox 1643 1586 1661 1620; x_wconf 92' lang='grc'><strong>·)</strong></span> <span class='ocrx_word' id='word_1_607' title='bbox 1683 1585 1754 1612; x_wconf 81' lang='grc' dir='ltr'>οὓτω</span> <span class='ocrx_word' id='word_1_608' title='bbox 1774 1585 1811 1621; x_wconf 71' lang='grc' dir='ltr'>δὴ</span> 
     </span>
    </p>
   </div>
   <div class='ocr_carea' id='block_1_79' title="bbox 1020 1629 1804 1668">
    <p class='ocr_par' dir='ltr' id='par_1_79' title="bbox 1020 1629 1804 1668">
     <span class='ocr_line' id='line_1_79' title="bbox 1020 1629 1804 1668; baseline -0.005 -8"><span class='ocrx_word' id='word_1_609' title='bbox 1020 1634 1067 1659; x_wconf 82' lang='grc' dir='ltr'><strong>καὶ</strong></span> <span class='ocrx_word' id='word_1_610' title='bbox 1078 1634 1095 1668; x_wconf 85' lang='grc' dir='ltr'>ὴ</span> <span class='ocrx_word' id='word_1_611' title='bbox 1107 1633 1156 1668; x_wconf 84' lang='grc' dir='ltr'>τῆς</span> <span class='ocrx_word' id='word_1_612' title='bbox 1173 1633 1247 1665; x_wconf 81' lang='grc' dir='ltr'>θείας</span> <span class='ocrx_word' id='word_1_613' title='bbox 1268 1632 1434 1667; x_wconf 84' lang='grc' dir='ltr'>ἀγαθότητος</span> <span class='ocrx_word' id='word_1_614' title='bbox 1454 1632 1578 1667; x_wconf 78' lang='grc' dir='ltr'>ἐμφανὴς</span> <span class='ocrx_word' id='word_1_615' title='bbox 1589 1630 1670 1658; x_wconf 83' lang='grc' dir='ltr'>είκὼν</span> <span class='ocrx_word' id='word_1_616' title='bbox 1687 1632 1701 1657; x_wconf 82' lang='grc' dir='ltr'>ὁ</span> <span class='ocrx_word' id='word_1_617' title='bbox 1719 1629 1804 1665; x_wconf 82' lang='grc' dir='ltr'>ἥλιος.</span> 
     </span>
    </p>
   </div>
   <div class='ocr_carea' id='block_1_80' title="bbox 1019 1676 1807 1715">
    <p class='ocr_par' dir='ltr' id='par_1_80' title="bbox 1019 1676 1807 1715">
     <span class='ocr_line' id='line_1_80' title="bbox 1019 1676 1807 1715; baseline -0.005 -9"><span class='ocrx_word' id='word_1_618' title='bbox 1019 1679 1116 1712; x_wconf 87' lang='grc' dir='ltr'>Καλῶς</span> <span class='ocrx_word' id='word_1_619' title='bbox 1126 1680 1155 1706; x_wconf 79' lang='grc' dir='ltr'>δὲ</span> <span class='ocrx_word' id='word_1_620' title='bbox 1171 1680 1201 1706; x_wconf 87' lang='grc' dir='ltr'>τὸ</span> <span class='ocrx_word' id='word_1_621' title='bbox 1214 1680 1383 1715; x_wconf 87' lang='grc' dir='ltr'>ἀπεμφαῖνον</span> <span class='ocrx_word' id='word_1_622' title='bbox 1398 1678 1451 1706; x_wconf 85' lang='grc' dir='ltr'>τῶν</span> <span class='ocrx_word' id='word_1_623' title='bbox 1463 1679 1509 1705; x_wconf 76' lang='grc' dir='ltr'><strong>ἐπὶ</strong></span> <span class='ocrx_word' id='word_1_624' title='bbox 1521 1677 1559 1713; x_wconf 83' lang='grc' dir='ltr'><strong>τῷ</strong></span> <span class='ocrx_word' id='word_1_625' title='bbox 1571 1678 1637 1713; x_wconf 81' lang='grc' dir='ltr'>ἡλίῳ</span> <span class='ocrx_word' id='word_1_626' title='bbox 1654 1676 1807 1713; x_wconf 84' lang='grc' dir='ltr'>λεγομένων</span> 
     </span>
    </p>
   </div>
   <div class='ocr_carea' id='block_1_81' title="bbox 1019 1723 1807 1762">
    <p class='ocr_par' dir='ltr' id='par_1_81' title="bbox 1019 1723 1807 1762">
     <span class='ocr_line' id='line_1_81' title="bbox 1019 1723 1807 1762; baseline -0.005 -9"><span class='ocrx_word' id='word_1_627' title='bbox 1019 1726 1100 1759; x_wconf 72' lang='grc' dir='ltr'>εὐθὺς</span> <span class='ocrx_word' id='word_1_628' title='bbox 1122 1726 1299 1762; x_wconf 76' lang='grc' dir='ltr'>ἐθεράπευσε,</span> <span class='ocrx_word' id='word_1_629' title='bbox 1322 1725 1465 1753; x_wconf 78' lang='grc' dir='ltr'>πολλοστὸν</span> <span class='ocrx_word' id='word_1_630' title='bbox 1488 1725 1535 1752; x_wconf 79' lang='grc' dir='ltr'><strong>καὶ</strong></span> <span class='ocrx_word' id='word_1_631' title='bbox 1556 1725 1708 1751; x_wconf 86' lang='grc' dir='ltr'>τελευταῖον</span> <span class='ocrx_word' id='word_1_632' title='bbox 1734 1723 1807 1757; x_wconf 71' lang='grc' dir='ltr'><strong>ἀπή-</strong></span> 
     </span>
    </p>
   </div>
   <div class='ocr_carea' id='block_1_82' title="bbox 1019 1770 1808 1808">
    <p class='ocr_par' dir='ltr' id='par_1_82' title="bbox 1019 1770 1808 1808">
     <span class='ocr_line' id='line_1_82' title="bbox 1019 1770 1808 1808; baseline -0.004 -9"><span class='ocrx_word' id='word_1_633' title='bbox 1019 1781 1095 1808; x_wconf 80' lang='grc' dir='ltr'>χημα</span> <span class='ocrx_word' id='word_1_634' title='bbox 1107 1772 1200 1799; x_wconf 83' lang='grc' dir='ltr'>τοῦτον</span> <span class='ocrx_word' id='word_1_635' title='bbox 1211 1772 1295 1799; x_wconf 76' lang='grc' dir='ltr'>εἰπὼν</span> <span class='ocrx_word' id='word_1_636' title='bbox 1311 1771 1440 1806; x_wconf 80' lang='grc' dir='ltr'>τάγαθοῦ.</span> <span class='ocrx_word' id='word_1_637' title='bbox 1457 1771 1560 1806; x_wconf 84' lang='grc' dir='ltr'>Ὥσπερ</span> <span class='ocrx_word' id='word_1_638' title='bbox 1573 1771 1627 1806; x_wconf 87' lang='grc' dir='ltr'>γὰρ</span> <span class='ocrx_word' id='word_1_639' title='bbox 1642 1771 1670 1797; x_wconf 87' lang='grc' dir='ltr'>εῐ</span> <span class='ocrx_word' id='word_1_640' title='bbox 1686 1779 1727 1802; x_wconf 85' lang='grc' dir='ltr'>τις</span> <span class='ocrx_word' id='word_1_641' title='bbox 1742 1770 1808 1805; x_wconf 83' lang='grc' dir='ltr'>βοή-</span> 
     </span>
    </p>
   </div>
   <div class='ocr_carea' id='block_1_83' title="bbox 1019 1816 1806 1853">
    <p class='ocr_par' dir='ltr' id='par_1_83' title="bbox 1019 1816 1806 1853">
     <span class='ocr_line' id='line_1_83' title="bbox 1019 1816 1806 1853; baseline -0.005 -7"><span class='ocrx_word' id='word_1_642' title='bbox 1019 1828 1068 1851; x_wconf 84' lang='grc' dir='ltr'>σας</span> <span class='ocrx_word' id='word_1_643' title='bbox 1081 1819 1128 1846; x_wconf 77' lang='grc' dir='ltr'><strong>καὶ</strong></span> <span class='ocrx_word' id='word_1_644' title='bbox 1141 1818 1298 1853; x_wconf 82' lang='grc' dir='ltr'>ἀποκράξας</span> <span class='ocrx_word' id='word_1_645' title='bbox 1315 1818 1386 1844; x_wconf 86' lang='grc' dir='ltr'>εῐποι</span> <span class='ocrx_word' id='word_1_646' title='bbox 1403 1826 1439 1849; x_wconf 87' lang='grc' dir='ltr'><strong>τι,</strong></span> <span class='ocrx_word' id='word_1_647' title='bbox 1460 1817 1507 1844; x_wconf 79' lang='grc' dir='ltr'><strong>καὶ</strong></span> <span class='ocrx_word' id='word_1_648' title='bbox 1523 1817 1547 1844; x_wconf 82' lang='grc' dir='ltr'>οἱ</span> <span class='ocrx_word' id='word_1_649' title='bbox 1565 1817 1614 1852; x_wconf 87' lang='grc' dir='ltr'>μὲν</span> <span class='ocrx_word' id='word_1_650' title='bbox 1630 1816 1806 1852; x_wconf 80' lang='grc' dir='ltr'>παρεστῶτες</span> 
     </span>
    </p>
   </div>
   <div class='ocr_carea' id='block_1_84' title="bbox 1019 1860 1809 1900">
    <p class='ocr_par' dir='ltr' id='par_1_84' title="bbox 1019 1860 1809 1900">
     <span class='ocr_line' id='line_1_84' title="bbox 1019 1860 1809 1900; baseline -0.018 1"><span class='ocrx_word' id='word_1_651' title='bbox 1019 1864 1052 1891; x_wconf 71' lang='grc' dir='ltr'>θον</span> <span class='ocrx_word' id='word_1_652' title='bbox 1064 1864 1215 1900; x_wconf 61' lang='grc' dir='ltr'>ἐρρωμένοι</span> <span class='ocrx_word' id='word_1_653' title='bbox 1230 1863 1279 1895; x_wconf 73' lang='grc' dir='ltr'>τὰς</span> <span class='ocrx_word' id='word_1_654' title='bbox 1292 1863 1376 1895; x_wconf 79' lang='grc' dir='ltr'>ἀκοὰς</span> <span class='ocrx_word' id='word_1_655' title='bbox 1387 1860 1448 1895; x_wconf 65' lang='grc' dir='ltr'>ὦσιν</span> <span class='ocrx_word' id='word_1_656' title='bbox 1459 1863 1508 1898; x_wconf 84' lang='grc' dir='ltr'><strong>τῆς</strong></span> <span class='ocrx_word' id='word_1_657' title='bbox 1526 1863 1617 1898; x_wconf 78' lang='grc' dir='ltr'>φωνῆς</span> <span class='ocrx_word' id='word_1_658' title='bbox 1633 1863 1680 1890; x_wconf 75' lang='grc' dir='ltr'><strong>καὶ</strong></span> <span class='ocrx_word' id='word_1_659' title='bbox 1697 1862 1744 1889; x_wconf 81' lang='grc' dir='ltr'><strong>τοῦ</strong></span> <span class='ocrx_word' id='word_1_660' title='bbox 1761 1862 1809 1889; x_wconf 88' lang='grc' dir='ltr'>λε-</span> 
     </span>
    </p>
   </div>
   <div class='ocr_carea' id='block_1_85' title="bbox 1019 1908 1808 1945">
    <p class='ocr_par' dir='ltr' id='par_1_85' title="bbox 1019 1908 1808 1945">
     <span class='ocr_line' id='line_1_85' title="bbox 1019 1908 1808 1945; baseline -0.001 -9"><span class='ocrx_word' id='word_1_661' title='bbox 1019 1910 1128 1945; x_wconf 81' lang='grc' dir='ltr'>χθέντος</span> <span class='ocrx_word' id='word_1_662' title='bbox 1140 1909 1298 1936; x_wconf 81' lang='grc' dir='ltr'>ὰκούουσιν·</span> <span class='ocrx_word' id='word_1_663' title='bbox 1312 1910 1336 1935; x_wconf 75' lang='grc' dir='ltr'>οἰ</span> <span class='ocrx_word' id='word_1_664' title='bbox 1352 1909 1381 1935; x_wconf 81' lang='grc' dir='ltr'>δὲ</span> <span class='ocrx_word' id='word_1_665' title='bbox 1400 1909 1564 1944; x_wconf 73' lang='grc' dir='ltr'>ἀφεστῶτες,</span> <span class='ocrx_word' id='word_1_666' title='bbox 1578 1909 1639 1936; x_wconf 84' lang='grc' dir='ltr'>ὅσον</span> <span class='ocrx_word' id='word_1_667' title='bbox 1661 1908 1808 1944; x_wconf 77' lang='grc' dir='ltr'>ἀπέχουσι,</span> 
     </span>
    </p>
   </div>
   <div class='ocr_carea' id='block_1_86' title="bbox 1018 1954 1806 1991">
    <p class='ocr_par' dir='ltr' id='par_1_86' title="bbox 1018 1954 1806 1991">
     <span class='ocr_line' id='line_1_86' title="bbox 1018 1954 1806 1991; baseline 0 -10"><span class='ocrx_word' id='word_1_668' title='bbox 1018 1955 1144 1982; x_wconf 84' lang='grc' dir='ltr'>τοσοῦτον</span> <span class='ocrx_word' id='word_1_669' title='bbox 1156 1954 1350 1991; x_wconf 78' lang='grc' dir='ltr'>ἀδρανέστερον</span> <span class='ocrx_word' id='word_1_670' title='bbox 1371 1954 1418 1981; x_wconf 81' lang='grc' dir='ltr'>τοῦ</span> <span class='ocrx_word' id='word_1_671' title='bbox 1431 1954 1586 1990; x_wconf 84' lang='grc' dir='ltr'>φθέγματος</span> <span class='ocrx_word' id='word_1_672' title='bbox 1598 1954 1766 1991; x_wconf 81' lang='grc' dir='ltr'>ἀκροῶνται·</span> <span class='ocrx_word' id='word_1_673' title='bbox 1779 1955 1806 1981; x_wconf 77' lang='grc' dir='ltr'>οἱ</span> 
     </span>
    </p>
   </div>
   <div class='ocr_carea' id='block_1_87' title="bbox 1019 1999 1807 2035">
    <p class='ocr_par' dir='ltr' id='par_1_87' title="bbox 1019 1999 1807 2035">
     <span class='ocr_line' id='line_1_87' title="bbox 1019 1999 1807 2035; baseline 0 -9"><span class='ocrx_word' id='word_1_674' title='bbox 1019 2001 1049 2027; x_wconf 79' lang='grc' dir='ltr'>δὲ</span> <span class='ocrx_word' id='word_1_675' title='bbox 1060 2001 1107 2026; x_wconf 80' lang='grc' dir='ltr'><strong>ἐπὶ</strong></span> <span class='ocrx_word' id='word_1_676' title='bbox 1130 1999 1221 2035; x_wconf 77' lang='grc' dir='ltr'>μεῖζον</span> <span class='ocrx_word' id='word_1_677' title='bbox 1245 2000 1382 2035; x_wconf 89' lang='grc' dir='ltr'>διάστημα</span> <span class='ocrx_word' id='word_1_678' title='bbox 1405 2000 1598 2035; x_wconf 84' lang='grc' dir='ltr'>κεχωρισμένοι</span> <span class='ocrx_word' id='word_1_679' title='bbox 1620 2000 1807 2035; x_wconf 78' lang='grc' dir='ltr'>ἀμυδρότατον</span> 
     </span>
    </p>
   </div>
   <div class='ocr_carea' id='block_1_88' title="bbox 1019 2045 1806 2082">
    <p class='ocr_par' dir='ltr' id='par_1_88' title="bbox 1019 2045 1806 2082">
     <span class='ocr_line' id='line_1_88' title="bbox 1019 2045 1806 2082; baseline -0.001 -9"><span class='ocrx_word' id='word_1_680' title='bbox 1019 2046 1066 2073; x_wconf 86' lang='grc' dir='ltr'>τοῦ</span> <span class='ocrx_word' id='word_1_681' title='bbox 1081 2047 1259 2082; x_wconf 79' lang='grc' dir='ltr'>ἀπηχήματος</span> <span class='ocrx_word' id='word_1_682' title='bbox 1277 2045 1467 2080; x_wconf 79' lang='grc' dir='ltr'>λαμϐάνουσιν,</span> <span class='ocrx_word' id='word_1_683' title='bbox 1481 2046 1518 2077; x_wconf 84' lang='grc' dir='ltr'><strong>ὡς</strong></span> <span class='ocrx_word' id='word_1_684' title='bbox 1529 2046 1618 2081; x_wconf 88' lang='grc' dir='ltr'>φωνῆς</span> <span class='ocrx_word' id='word_1_685' title='bbox 1636 2046 1684 2081; x_wconf 83' lang='grc' dir='ltr'>μὲν</span> <span class='ocrx_word' id='word_1_686' title='bbox 1697 2046 1806 2081; x_wconf 82' lang='grc' dir='ltr'>ἀσήμου</span> 
     </span>
    </p>
   </div>
   <div class='ocr_carea' id='block_1_89' title="bbox 1018 2090 1810 2127">
    <p class='ocr_par' dir='ltr' id='par_1_89' title="bbox 1018 2090 1810 2127">
     <span class='ocr_line' id='line_1_89' title="bbox 1018 2090 1810 2127; baseline 0 -9"><span class='ocrx_word' id='word_1_687' title='bbox 1018 2092 1090 2124; x_wconf 84' lang='grc' dir='ltr'>τινὸς</span> <span class='ocrx_word' id='word_1_688' title='bbox 1109 2092 1229 2123; x_wconf 80' lang='grc' dir='ltr'>ἀκούειν,</span> <span class='ocrx_word' id='word_1_689' title='bbox 1255 2090 1292 2127; x_wconf 86' lang='grc' dir='ltr'>μὴ</span> <span class='ocrx_word' id='word_1_690' title='bbox 1311 2092 1381 2117; x_wconf 88' lang='grc' dir='ltr'>νοεῖν</span> <span class='ocrx_word' id='word_1_691' title='bbox 1399 2091 1472 2117; x_wconf 81' lang='grc' dir='ltr'>δὲτὸ</span> <span class='ocrx_word' id='word_1_692' title='bbox 1487 2091 1653 2126; x_wconf 81' lang='grc' dir='ltr'>ὲκφωνηθέν.</span> <span class='ocrx_word' id='word_1_693' title='bbox 1672 2091 1810 2118; x_wconf 67' lang='grc' dir='ltr'>Τοσοῦτόυ</span> 
     </span>
    </p>
   </div>
   <div class='ocr_carea' id='block_1_90' title="bbox 1019 2136 1807 2173">
    <p class='ocr_par' dir='ltr' id='par_1_90' title="bbox 1019 2136 1807 2173">
     <span class='ocr_line' id='line_1_90' title="bbox 1019 2136 1807 2173; baseline -0.001 -9"><span class='ocrx_word' id='word_1_694' title='bbox 1019 2139 1092 2164; x_wconf 77' lang='grc' dir='ltr'>ἐστιν</span> <span class='ocrx_word' id='word_1_695' title='bbox 1106 2137 1249 2164; x_wconf 71' lang='grc' dir='ltr'>ὑπολαϐεῖν</span> <span class='ocrx_word' id='word_1_696' title='bbox 1259 2137 1290 2164; x_wconf 80' lang='grc' dir='ltr'>τὸ</span> <span class='ocrx_word' id='word_1_697' title='bbox 1302 2137 1413 2172; x_wconf 80' lang='grc' dir='ltr'>ἡλιακὸν</span> <span class='ocrx_word' id='word_1_698' title='bbox 1424 2136 1481 2172; x_wconf 82' lang='grc' dir='ltr'><strong>φῶς</strong></span> <span class='ocrx_word' id='word_1_699' title='bbox 1487 2137 1554 2173; x_wconf 82' lang='grc' dir='ltr'>πρὸς</span> <span class='ocrx_word' id='word_1_700' title='bbox 1564 2137 1595 2163; x_wconf 86' lang='grc' dir='ltr'>τὸ</span> <span class='ocrx_word' id='word_1_701' title='bbox 1606 2136 1704 2173; x_wconf 77' lang='grc' dir='ltr'>ἀληθὲς</span> <span class='ocrx_word' id='word_1_702' title='bbox 1716 2137 1807 2164; x_wconf 76' lang='grc' dir='ltr'>ἐκεῖνο</span> 
     </span>
    </p>
   </div>
   <div class='ocr_carea' id='block_1_91' title="bbox 1019 2181 1807 2218">
    <p class='ocr_par' dir='ltr' id='par_1_91' title="bbox 1019 2181 1807 2218">
     <span class='ocr_line' id='line_1_91' title="bbox 1019 2181 1807 2218; baseline 0 -8"><span class='ocrx_word' id='word_1_703' title='bbox 1019 2185 1066 2210; x_wconf 73' lang='grc' dir='ltr'><strong>καὶ</strong></span> <span class='ocrx_word' id='word_1_704' title='bbox 1073 2184 1153 2216; x_wconf 85' lang='grc' dir='ltr'>θεῖον,</span> <span class='ocrx_word' id='word_1_705' title='bbox 1160 2183 1229 2210; x_wconf 83' lang='grc' dir='ltr'>ὥστε</span> <span class='ocrx_word' id='word_1_706' title='bbox 1236 2184 1282 2211; x_wconf 77' lang='grc' dir='ltr'>καὶ</span> <span class='ocrx_word' id='word_1_707' title='bbox 1288 2184 1400 2218; x_wconf 77' lang='grc' dir='ltr'>ἄπειρον</span> <span class='ocrx_word' id='word_1_708' title='bbox 1410 2183 1456 2210; x_wconf 82' lang='grc' dir='ltr'><strong>καὶ</strong></span> <span class='ocrx_word' id='word_1_709' title='bbox 1464 2183 1632 2218; x_wconf 78' lang='grc' dir='ltr'>ἀξύμϐλητον</span> <span class='ocrx_word' id='word_1_710' title='bbox 1641 2181 1710 2209; x_wconf 77' lang='grc' dir='ltr'>εἶναι</span> <span class='ocrx_word' id='word_1_711' title='bbox 1716 2183 1746 2209; x_wconf 86' lang='grc' dir='ltr'><strong>τὺ</strong></span> <span class='ocrx_word' id='word_1_712' title='bbox 1755 2183 1807 2218; x_wconf 83' lang='grc' dir='ltr'>μέ-</span> 
     </span>
    </p>
   </div>
   <div class='ocr_carea' id='block_1_92' title="bbox 184 2227 969 2266">
    <p class='ocr_par' dir='ltr' id='par_1_92' title="bbox 184 2227 967 2263">
     <span class='ocr_line' id='line_1_92' title="bbox 184 2227 967 2263; baseline 0.006 -9"><span class='ocrx_word' id='word_1_713' title='bbox 184 2227 321 2262; x_wconf 73' lang='lat' dir='ltr'><strong>telligaut.</strong></span> <span class='ocrx_word' id='word_1_714' title='bbox 348 2228 425 2257; x_wconf 90' lang='lat' dir='ltr'><strong>Unde</strong></span> <span class='ocrx_word' id='word_1_715' title='bbox 445 2229 572 2263; x_wconf 72' lang='lat' dir='ltr'><strong>colligere</strong></span> <span class='ocrx_word' id='word_1_716' title='bbox 597 2230 660 2257; x_wconf 86' lang='lat' dir='ltr'><strong>licet</strong></span> <span class='ocrx_word' id='word_1_717' title='bbox 684 2234 787 2257; x_wconf 88' lang='lat' dir='ltr'><strong>tantum</strong></span> <span class='ocrx_word' id='word_1_718' title='bbox 810 2237 868 2258; x_wconf 81' lang='lat' dir='ltr'><strong>esse</strong></span> <span class='ocrx_word' id='word_1_719' title='bbox 880 2231 967 2259; x_wconf 85' lang='lat' dir='ltr'><strong>solare</strong></span> 
     </span>
    </p>
   </div>
   <div class='ocr_carea' id='block_1_93' title="bbox 1020 2227 1807 2266">
    <p class='ocr_par' dir='ltr' id='par_1_93' title="bbox 1021 2228 1807 2266">
     <span class='ocr_line' id='line_1_93' title="bbox 1021 2228 1807 2266; baseline 0 -10"><span class='ocrx_word' id='word_1_720' title='bbox 1021 2239 1077 2257; x_wconf 90' lang='grc' dir='ltr'>σον.</span> <span class='ocrx_word' id='word_1_721' title='bbox 1093 2230 1205 2266; x_wconf 85' lang='grc' dir='ltr'>Ἐφεξῆς</span> <span class='ocrx_word' id='word_1_722' title='bbox 1218 2230 1291 2264; x_wconf 82' lang='grc' dir='ltr'>λέγει</span> <span class='ocrx_word' id='word_1_723' title='bbox 1305 2230 1363 2261; x_wconf 85' lang='grc' dir='ltr'><strong>πῶς</strong></span> <span class='ocrx_word' id='word_1_724' title='bbox 1378 2229 1503 2261; x_wconf 79' lang='grc' dir='ltr'>εἰκονίζει</span> <span class='ocrx_word' id='word_1_725' title='bbox 1514 2228 1544 2255; x_wconf 82' lang='grc' dir='ltr'>τὸ</span> <span class='ocrx_word' id='word_1_726' title='bbox 1555 2228 1630 2255; x_wconf 89' lang='grc' dir='ltr'><strong>Θείον</strong></span> <span class='ocrx_word' id='word_1_727' title='bbox 1639 2229 1748 2264; x_wconf 77' lang='grc' dir='ltr'>ὁῆλιος·</span> <span class='ocrx_word' id='word_1_728' title='bbox 1762 2229 1807 2256; x_wconf 75' lang='grc' dir='ltr'><strong>ὅτι</strong></span> 
     </span>
    </p>
   </div>
   <div class='ocr_carea' id='block_1_94' title="bbox 181 2273 968 2312">
    <p class='ocr_par' dir='ltr' id='par_1_94' title="bbox 181 2273 968 2312">
     <span class='ocr_line' id='line_1_94' title="bbox 181 2273 968 2312; baseline 0.008 -13"><span class='ocrx_word' id='word_1_729' title='bbox 181 2273 285 2305; x_wconf 89' lang='lat' dir='ltr'><strong>lumen,</strong></span> <span class='ocrx_word' id='word_1_730' title='bbox 298 2275 321 2301; x_wconf 92' lang='lat' dir='ltr'><strong>si</strong></span> <span class='ocrx_word' id='word_1_731' title='bbox 343 2283 404 2302; x_wconf 91' lang='lat' dir='ltr'><strong>cum</strong></span> <span class='ocrx_word' id='word_1_732' title='bbox 419 2283 483 2303; x_wconf 88' lang='lat' dir='ltr'><strong>vero</strong></span> <span class='ocrx_word' id='word_1_733' title='bbox 499 2276 545 2304; x_wconf 90' lang='lat' dir='ltr'><strong>illo</strong></span> <span class='ocrx_word' id='word_1_734' title='bbox 558 2284 590 2304; x_wconf 92' lang='lat' dir='ltr'><strong>ac</strong></span> <span class='ocrx_word' id='word_1_735' title='bbox 612 2276 704 2303; x_wconf 68' lang='lat' dir='ltr'><strong>divino</strong></span> <span class='ocrx_word' id='word_1_736' title='bbox 729 2282 911 2312; x_wconf 87' lang='lat' dir='ltr'><strong>comparetur,</strong></span> <span class='ocrx_word' id='word_1_737' title='bbox 937 2282 968 2305; x_wconf 88' lang='lat' dir='ltr'><strong>ut</strong></span> 
     </span>
    </p>
   </div>
   <div class='ocr_carea' id='block_1_95' title="bbox 183 2319 968 2357">
    <p class='ocr_par' dir='ltr' id='par_1_95' title="bbox 183 2319 968 2357">
     <span class='ocr_line' id='line_1_95' title="bbox 183 2319 968 2357; baseline 0.006 -12"><span class='ocrx_word' id='word_1_738' title='bbox 183 2319 357 2354; x_wconf 83' lang='lat' dir='ltr'><strong>intercapedo</strong></span> <span class='ocrx_word' id='word_1_739' title='bbox 372 2325 399 2348; x_wconf 92' lang='lat' dir='ltr'><strong>et</strong></span> <span class='ocrx_word' id='word_1_740' title='bbox 426 2321 529 2348; x_wconf 79' lang='lat' dir='ltr'><strong>inﬁnita</strong></span> <span class='ocrx_word' id='word_1_741' title='bbox 545 2322 580 2348; x_wconf 90' lang='lat' dir='ltr'><strong>sit</strong></span> <span class='ocrx_word' id='word_1_742' title='bbox 593 2327 623 2350; x_wconf 85' lang='lat' dir='ltr'><strong>et.</strong></span> <span class='ocrx_word' id='word_1_743' title='bbox 634 2323 869 2357; x_wconf 83' lang='lat' dir='ltr'><strong>incomparabilis.</strong></span> <span class='ocrx_word' id='word_1_744' title='bbox 885 2323 968 2350; x_wconf 84' lang='lat' dir='ltr'><strong>Dein-</strong></span> 
     </span>
    </p>
   </div>
   <div class='ocr_carea' id='block_1_96' title="bbox 183 2365 968 2402">
    <p class='ocr_par' dir='ltr' id='par_1_96' title="bbox 183 2365 968 2402">
     <span class='ocr_line' id='line_1_96' title="bbox 183 2365 968 2402; baseline 0.008 -13"><span class='ocrx_word' id='word_1_745' title='bbox 183 2365 217 2390; x_wconf 90' lang='lat' dir='ltr'><strong>de</strong></span> <span class='ocrx_word' id='word_1_746' title='bbox 241 2365 317 2396; x_wconf 87' lang='lat' dir='ltr'><strong>dicit,</strong></span> <span class='ocrx_word' id='word_1_747' title='bbox 343 2367 478 2400; x_wconf 88' lang='lat' dir='ltr'><strong>quomodo</strong></span> <span class='ocrx_word' id='word_1_748' title='bbox 504 2368 544 2393; x_wconf 89' lang='lat' dir='ltr'><strong>sol</strong></span> <span class='ocrx_word' id='word_1_749' title='bbox 570 2368 651 2395; x_wconf 89' lang='lat' dir='ltr'><strong>Deum</strong></span> <span class='ocrx_word' id='word_1_750' title='bbox 674 2368 792 2401; x_wconf 83' lang='lat' dir='ltr'><strong>referat;</strong></span> <span class='ocrx_word' id='word_1_751' title='bbox 809 2369 871 2402; x_wconf 85' lang='lat' dir='ltr'><strong>quia</strong></span> <span class='ocrx_word' id='word_1_752' title='bbox 897 2370 968 2396; x_wconf 89' lang='lat' dir='ltr'><strong>Deus</strong></span> 
     </span>
    </p>
   </div>
   <div class='ocr_carea' id='block_1_97' title="bbox 183 2411 966 2448">
    <p class='ocr_par' dir='ltr' id='par_1_97' title="bbox 183 2411 966 2448">
     <span class='ocr_line' id='line_1_97' title="bbox 183 2411 966 2448; baseline 0.005 -12"><span class='ocrx_word' id='word_1_753' title='bbox 183 2411 274 2437; x_wconf 89' lang='lat' dir='ltr'><strong>omnia</strong></span> <span class='ocrx_word' id='word_1_754' title='bbox 298 2418 467 2445; x_wconf 62' lang='lat' dir='ltr'><strong>quaecunque</strong></span> <span class='ocrx_word' id='word_1_755' title='bbox 492 2413 575 2446; x_wconf 87' lang='lat' dir='ltr'><strong>ipsius</strong></span> <span class='ocrx_word' id='word_1_756' title='bbox 606 2414 824 2448; x_wconf 88' lang='lat' dir='ltr'><strong>participationis</strong></span> <span class='ocrx_word' id='word_1_757' title='bbox 856 2415 966 2448; x_wconf 86' lang='lat' dir='ltr'><strong>capacia</strong></span> 
     </span>
    </p>
   </div>
   <div class='ocr_carea' id='block_1_98' title="bbox 183 2457 967 2492">
    <p class='ocr_par' dir='ltr' id='par_1_98' title="bbox 183 2457 967 2492">
     <span class='ocr_line' id='line_1_98' title="bbox 183 2457 967 2492; baseline 0.006 -11"><span class='ocrx_word' id='word_1_758' title='bbox 183 2460 259 2488; x_wconf 88' lang='lat' dir='ltr'><strong>sunt,</strong></span> <span class='ocrx_word' id='word_1_759' title='bbox 273 2463 322 2490; x_wconf 91' lang='lat' dir='ltr'><strong>per</strong></span> <span class='ocrx_word' id='word_1_760' title='bbox 334 2457 419 2484; x_wconf 88' lang='lat' dir='ltr'><strong>bonas</strong></span> <span class='ocrx_word' id='word_1_761' title='bbox 433 2458 618 2485; x_wconf 90' lang='lat' dir='ltr'><strong>institutiones</strong></span> <span class='ocrx_word' id='word_1_762' title='bbox 631 2462 712 2492; x_wconf 87' lang='lat' dir='ltr'><strong>atque</strong></span> <span class='ocrx_word' id='word_1_763' title='bbox 725 2459 846 2486; x_wconf 89' lang='lat' dir='ltr'><strong>actiones</strong></span> <span class='ocrx_word' id='word_1_764' title='bbox 863 2459 967 2486; x_wconf 67' lang='lat' dir='ltr'><strong>aliasve</strong></span> 
     </span>
    </p>
   </div>
   <div class='ocr_carea' id='block_1_99' title="bbox 184 2501 968 2538">
    <p class='ocr_par' dir='ltr' id='par_1_99' title="bbox 184 2501 968 2538">
     <span class='ocr_line' id='line_1_99' title="bbox 184 2501 968 2538; baseline 0.006 -12"><span class='ocrx_word' id='word_1_765' title='bbox 184 2501 289 2535; x_wconf 79' lang='lat' dir='ltr'><strong>aliquas</strong></span> <span class='ocrx_word' id='word_1_766' title='bbox 310 2502 502 2536; x_wconf 83' lang='lat' dir='ltr'><strong>dispositiones</strong></span> <span class='ocrx_word' id='word_1_767' title='bbox 527 2503 671 2536; x_wconf 79' lang='lat' dir='ltr'><strong>illuminat,</strong></span> <span class='ocrx_word' id='word_1_768' title='bbox 690 2509 718 2530; x_wconf 89' lang='lat' dir='ltr'><strong>et</strong></span> <span class='ocrx_word' id='word_1_769' title='bbox 740 2504 830 2530; x_wconf 90' lang='lat' dir='ltr'><strong>lumen</strong></span> <span class='ocrx_word' id='word_1_770' title='bbox 854 2505 968 2538; x_wconf 91' lang='lat' dir='ltr'><strong>desuper</strong></span> 
     </span>
    </p>
   </div>
   <div class='ocr_carea' id='block_1_100' title="bbox 183 2548 968 2584">
    <p class='ocr_par' dir='ltr' id='par_1_100' title="bbox 183 2548 968 2584">
     <span class='ocr_line' id='line_1_100' title="bbox 183 2548 968 2584; baseline 0.005 -11"><span class='ocrx_word' id='word_1_771' title='bbox 183 2554 334 2581; x_wconf 83' lang='lat' dir='ltr'><strong>expansum</strong></span> <span class='ocrx_word' id='word_1_772' title='bbox 351 2548 463 2581; x_wconf 86' lang='lat' dir='ltr'><strong>habens,</strong></span> <span class='ocrx_word' id='word_1_773' title='bbox 477 2550 551 2576; x_wconf 91' lang='lat' dir='ltr'><strong>omni</strong></span> <span class='ocrx_word' id='word_1_774' title='bbox 577 2550 677 2576; x_wconf 92' lang='lat' dir='ltr'><strong>mundo</strong></span> <span class='ocrx_word' id='word_1_775' title='bbox 692 2549 790 2576; x_wconf 80' lang='lat' dir='ltr'><strong>visibili</strong></span> <span class='ocrx_word' id='word_1_776' title='bbox 805 2557 835 2577; x_wconf 85' lang='lat' dir='ltr'><strong>se</strong></span> <span class='ocrx_word' id='word_1_777' title='bbox 849 2558 968 2584; x_wconf 79' lang='lat' dir='ltr'><strong>suosque</strong></span> 
     </span>
    </p>
   </div>
   <div class='ocr_carea' id='block_1_101' title="bbox 184 2593 967 2629">
    <p class='ocr_par' dir='ltr' id='par_1_101' title="bbox 184 2593 967 2629">
     <span class='ocr_line' id='line_1_101' title="bbox 184 2593 967 2629; baseline 0.004 -10"><span class='ocrx_word' id='word_1_778' title='bbox 184 2593 276 2620; x_wconf 76' lang='lat' dir='ltr'><strong>radios</strong></span> <span class='ocrx_word' id='word_1_779' title='bbox 293 2594 420 2628; x_wconf 78' lang='lat' dir='ltr'><strong>explicat,</strong></span> <span class='ocrx_word' id='word_1_780' title='bbox 436 2602 496 2621; x_wconf 90' lang='lat' dir='ltr'><strong>cum</strong></span> <span class='ocrx_word' id='word_1_781' title='bbox 516 2599 626 2629; x_wconf 89' lang='lat' dir='ltr'><strong>propter</strong></span> <span class='ocrx_word' id='word_1_782' title='bbox 640 2602 672 2621; x_wconf 85' lang='lat' dir='ltr'><strong>ea</strong></span> <span class='ocrx_word' id='word_1_783' title='bbox 688 2602 748 2629; x_wconf 72' lang='lat' dir='ltr'><strong>qua:</strong></span> <span class='ocrx_word' id='word_1_784' title='bbox 768 2595 857 2622; x_wconf 87' lang='lat' dir='ltr'><strong>anima</strong></span> <span class='ocrx_word' id='word_1_785' title='bbox 873 2603 967 2623; x_wconf 83' lang='lat' dir='ltr'><strong>sensu-</strong></span> 
     </span>
    </p>
   </div>
   <div class='ocr_carea' id='block_1_102' title="bbox 183 2641 968 2674">
    <p class='ocr_par' dir='ltr' id='par_1_102' title="bbox 183 2641 968 2674">
     <span class='ocr_line' id='line_1_102' title="bbox 183 2641 968 2674; baseline 0.004 -10"><span class='ocrx_word' id='word_1_786' title='bbox 183 2646 237 2672; x_wconf 87' lang='lat' dir='ltr'><strong>que</strong></span> <span class='ocrx_word' id='word_1_787' title='bbox 250 2644 356 2672; x_wconf 90' lang='lat' dir='ltr'><strong>carenl,</strong></span> <span class='ocrx_word' id='word_1_788' title='bbox 374 2645 429 2667; x_wconf 91' lang='lat' dir='ltr'><strong>tum</strong></span> <span class='ocrx_word' id='word_1_789' title='bbox 452 2646 562 2674; x_wconf 86' lang='lat' dir='ltr'><strong>propter</strong></span> <span class='ocrx_word' id='word_1_790' title='bbox 577 2647 607 2667; x_wconf 89' lang='lat' dir='ltr'><strong>ea</strong></span> <span class='ocrx_word' id='word_1_791' title='bbox 628 2647 688 2674; x_wconf 74' lang='lat' dir='ltr'><strong>(pne</strong></span> <span class='ocrx_word' id='word_1_792' title='bbox 710 2641 816 2668; x_wconf 88' lang='lat' dir='ltr'><strong>ratione</strong></span> <span class='ocrx_word' id='word_1_793' title='bbox 835 2645 863 2667; x_wconf 86' lang='lat' dir='ltr'><strong>et</strong></span> <span class='ocrx_word' id='word_1_794' title='bbox 888 2641 968 2668; x_wconf 83' lang='lat' dir='ltr'><strong>intel-</strong></span> 
     </span>
    </p>
   </div>
   <div class='ocr_carea' id='block_1_103' title="bbox 184 2686 967 2721">
    <p class='ocr_par' dir='ltr' id='par_1_103' title="bbox 184 2686 967 2721">
     <span class='ocr_line' id='line_1_103' title="bbox 184 2686 967 2721; baseline 0.003 -9"><span class='ocrx_word' id='word_1_795' title='bbox 184 2687 254 2713; x_wconf 87' lang='lat' dir='ltr'><strong>lectu</strong></span> <span class='ocrx_word' id='word_1_796' title='bbox 283 2687 394 2720; x_wconf 62' lang='lat' dir='ltr'><strong>praedita</strong></span> <span class='ocrx_word' id='word_1_797' title='bbox 429 2691 500 2713; x_wconf 85' lang='lat' dir='ltr'><strong>sunt.</strong></span> <span class='ocrx_word' id='word_1_798' title='bbox 535 2686 767 2719; x_wconf 87' lang='lat' dir='ltr'><strong>Quemadmodum</strong></span> <span class='ocrx_word' id='word_1_799' title='bbox 804 2687 899 2721; x_wconf 75' lang='lat' dir='ltr'><strong>igitur,</strong></span> <span class='ocrx_word' id='word_1_800' title='bbox 927 2688 967 2714; x_wconf 87' lang='lat' dir='ltr'><strong>sol</strong></span> 
     </span>
    </p>
   </div>
   <div class='ocr_carea' id='block_1_104' title="bbox 184 2732 968 2767">
    <p class='ocr_par' dir='ltr' id='par_1_104' title="bbox 184 2732 968 2767">
     <span class='ocr_line' id='line_1_104' title="bbox 184 2732 968 2767; baseline 0.003 -9"><span class='ocrx_word' id='word_1_801' title='bbox 184 2732 322 2759; x_wconf 85' lang='lat' dir='ltr'><strong>sensibilis</strong></span> <span class='ocrx_word' id='word_1_802' title='bbox 348 2733 437 2758; x_wconf 88' lang='lat' dir='ltr'><strong>omnia</strong></span> <span class='ocrx_word' id='word_1_803' title='bbox 472 2740 531 2767; x_wconf 62' lang='lat' dir='ltr'><strong>quae</strong></span> <span class='ocrx_word' id='word_1_804' title='bbox 569 2736 729 2765; x_wconf 88' lang='lat' dir='ltr'><strong>cernuntur,</strong></span> <span class='ocrx_word' id='word_1_805' title='bbox 758 2732 909 2767; x_wconf 88' lang='lat' dir='ltr'><strong>illuminat,</strong></span> <span class='ocrx_word' id='word_1_806' title='bbox 940 2737 968 2760; x_wconf 89' lang='lat' dir='ltr'><strong>et</strong></span> 
     </span>
    </p>
   </div>
   <div class='ocr_carea' id='block_1_105' title="bbox 184 2778 968 2813">
    <p class='ocr_par' dir='ltr' id='par_1_105' title="bbox 184 2778 968 2813">
     <span class='ocr_line' id='line_1_105' title="bbox 184 2778 968 2813; baseline 0.004 -11"><span class='ocrx_word' id='word_1_807' title='bbox 184 2784 351 2811; x_wconf 73' lang='lat' dir='ltr'><strong>quaecunque</strong></span> <span class='ocrx_word' id='word_1_808' title='bbox 388 2778 474 2804; x_wconf 86' lang='lat' dir='ltr'><strong>lucem</strong></span> <span class='ocrx_word' id='word_1_809' title='bbox 503 2778 560 2811; x_wconf 77' lang='lat' dir='ltr'><strong>eius</strong></span> <span class='ocrx_word' id='word_1_810' title='bbox 589 2785 642 2805; x_wconf 91' lang='lat' dir='ltr'><strong>non</strong></span> <span class='ocrx_word' id='word_1_811' title='bbox 680 2778 865 2812; x_wconf 85' lang='lat' dir='ltr'><strong>participant,</strong></span> <span class='ocrx_word' id='word_1_812' title='bbox 903 2786 968 2813; x_wconf 89' lang='lat' dir='ltr'><strong>pro-</strong></span> 
     </span>
    </p>
   </div>
   <div class='ocr_carea' id='block_1_106' title="bbox 183 2823 966 2859">
    <p class='ocr_par' dir='ltr' id='par_1_106' title="bbox 183 2823 966 2859">
     <span class='ocr_line' id='line_1_106' title="bbox 183 2823 966 2859; baseline 0.005 -11"><span class='ocrx_word' id='word_1_813' title='bbox 183 2828 244 2857; x_wconf 86' lang='lat' dir='ltr'><strong>pter</strong></span> <span class='ocrx_word' id='word_1_814' title='bbox 257 2823 392 2857; x_wconf 66' lang='lat' dir='ltr'><strong>propriam</strong></span> <span class='ocrx_word' id='word_1_815' title='bbox 407 2831 483 2850; x_wconf 75' lang='lat' dir='ltr'><strong>suam</strong></span> <span class='ocrx_word' id='word_1_816' title='bbox 499 2823 659 2858; x_wconf 61' lang='lat' dir='ltr'><strong>opacitatem</strong></span> <span class='ocrx_word' id='word_1_817' title='bbox 676 2824 735 2859; x_wconf 86' lang='lat' dir='ltr'><strong>ejus</strong></span> <span class='ocrx_word' id='word_1_818' title='bbox 754 2826 875 2858; x_wconf 83' lang='lat' dir='ltr'><strong>expertia</strong></span> <span class='ocrx_word' id='word_1_819' title='bbox 891 2824 966 2852; x_wconf 82' lang='lat' dir='ltr'><strong>exsi-</strong></span> 
     </span>
    </p>
   </div>
   <div class='ocr_carea' id='block_1_107' title="bbox 183 2870 968 2905">
    <p class='ocr_par' dir='ltr' id='par_1_107' title="bbox 183 2870 968 2905">
     <span class='ocr_line' id='line_1_107' title="bbox 183 2870 968 2905; baseline 0.005 -11"><span class='ocrx_word' id='word_1_820' title='bbox 183 2873 271 2902; x_wconf 78' lang='lat' dir='ltr'><strong>stunt;</strong></span> <span class='ocrx_word' id='word_1_821' title='bbox 289 2870 327 2897; x_wconf 80' lang='lat' dir='ltr'><strong>sic</strong></span> <span class='ocrx_word' id='word_1_822' title='bbox 350 2870 430 2897; x_wconf 82' lang='lat' dir='ltr'><strong>ctiam</strong></span> <span class='ocrx_word' id='word_1_823' title='bbox 457 2870 482 2897; x_wconf 94' lang='lat' dir='ltr'><strong>in</strong></span> <span class='ocrx_word' id='word_1_824' title='bbox 511 2871 574 2905; x_wconf 78' lang='lat' dir='ltr'><strong>Deo,</strong></span> <span class='ocrx_word' id='word_1_825' title='bbox 592 2878 652 2898; x_wconf 82' lang='lat' dir='ltr'><strong>cum</strong></span> <span class='ocrx_word' id='word_1_826' title='bbox 677 2877 736 2905; x_wconf 65' lang='lat' dir='ltr'><strong>ejus</strong></span> <span class='ocrx_word' id='word_1_827' title='bbox 760 2870 920 2898; x_wconf 87' lang='lat' dir='ltr'><strong>illuminatio</strong></span> <span class='ocrx_word' id='word_1_828' title='bbox 942 2876 968 2898; x_wconf 86' lang='lat' dir='ltr'><strong>et</strong></span> 
     </span>
    </p>
   </div>
   <div class='ocr_carea' id='block_1_108' title="bbox 1018 2274 1807 2311">
    <p class='ocr_par' dir='ltr' id='par_1_108' title="bbox 1018 2274 1807 2311">
     <span class='ocr_line' id='line_1_108' title="bbox 1018 2274 1807 2311; baseline -0.001 -9"><span class='ocrx_word' id='word_1_829' title='bbox 1018 2276 1049 2302; x_wconf 83' lang='grc' dir='ltr'>τὸ</span> <span class='ocrx_word' id='word_1_830' title='bbox 1061 2275 1147 2307; x_wconf 86' lang='grc' dir='ltr'>Θεϊον,</span> <span class='ocrx_word' id='word_1_831' title='bbox 1163 2276 1250 2302; x_wconf 87' lang='grc' dir='ltr'>πάντα</span> <span class='ocrx_word' id='word_1_832' title='bbox 1264 2276 1313 2302; x_wconf 85' lang='grc' dir='ltr'>ὃσα</span> <span class='ocrx_word' id='word_1_833' title='bbox 1330 2276 1451 2311; x_wconf 86' lang='grc' dir='ltr'>μετέχειν</span> <span class='ocrx_word' id='word_1_834' title='bbox 1458 2274 1568 2302; x_wconf 83' lang='grc' dir='ltr'>δύναται</span> <span class='ocrx_word' id='word_1_835' title='bbox 1578 2274 1725 2306; x_wconf 78' lang='grc' dir='ltr'>τούτου,δι’</span> <span class='ocrx_word' id='word_1_836' title='bbox 1738 2275 1807 2309; x_wconf 83' lang='grc' dir='ltr'>ἀγα-</span> 
     </span>
    </p>
   </div>
   <div class='ocr_carea' id='block_1_109' title="bbox 1020 2322 1806 2358">
    <p class='ocr_par' dir='ltr' id='par_1_109' title="bbox 1020 2322 1806 2358">
     <span class='ocr_line' id='line_1_109' title="bbox 1020 2322 1806 2358; baseline -0.001 -9"><span class='ocrx_word' id='word_1_837' title='bbox 1020 2322 1068 2358; x_wconf 84' lang='grc' dir='ltr'>θῆς</span> <span class='ocrx_word' id='word_1_838' title='bbox 1082 2323 1217 2355; x_wconf 84' lang='grc' dir='ltr'>πολιτείας</span> <span class='ocrx_word' id='word_1_839' title='bbox 1228 2323 1274 2349; x_wconf 77' lang='grc' dir='ltr'><strong>καὶ</strong></span> <span class='ocrx_word' id='word_1_840' title='bbox 1285 2323 1408 2358; x_wconf 84' lang='grc' dir='ltr'>πράξεως</span> <span class='ocrx_word' id='word_1_841' title='bbox 1424 2324 1470 2350; x_wconf 79' lang='grc' dir='ltr'><strong>καὶ</strong></span> <span class='ocrx_word' id='word_1_842' title='bbox 1480 2322 1561 2358; x_wconf 79' lang='grc' dir='ltr'>ἄλλης</span> <span class='ocrx_word' id='word_1_843' title='bbox 1573 2322 1645 2354; x_wconf 71' lang='grc' dir='ltr'>τινος</span> <span class='ocrx_word' id='word_1_844' title='bbox 1658 2322 1806 2357; x_wconf 75' lang='grc' dir='ltr'>ἐπιτηδειό-</span> 
     </span>
    </p>
   </div>
   <div class='ocr_carea' id='block_1_110' title="bbox 1018 2367 1807 2404">
    <p class='ocr_par' dir='ltr' id='par_1_110' title="bbox 1018 2367 1807 2404">
     <span class='ocr_line' id='line_1_110' title="bbox 1018 2367 1807 2404; baseline 0 -10"><span class='ocrx_word' id='word_1_845' title='bbox 1018 2377 1098 2404; x_wconf 84' lang='grc' dir='ltr'>τητος</span> <span class='ocrx_word' id='word_1_846' title='bbox 1119 2369 1244 2403; x_wconf 81' lang='grc' dir='ltr'>φωτίζει,</span> <span class='ocrx_word' id='word_1_847' title='bbox 1262 2369 1366 2404; x_wconf 79' lang='grc' dir='ltr'>ἔχωντὺ</span> <span class='ocrx_word' id='word_1_848' title='bbox 1378 2369 1435 2403; x_wconf 85' lang='grc' dir='ltr'><strong>φῶς</strong></span> <span class='ocrx_word' id='word_1_849' title='bbox 1447 2367 1676 2404; x_wconf 81' lang='grc' dir='ltr'>ὑπερηπλωμένον</span> <span class='ocrx_word' id='word_1_850' title='bbox 1693 2367 1807 2399; x_wconf 84' lang='grc' dir='ltr'>ὲξαπλοῐ</span> 
     </span>
    </p>
   </div>
   <div class='ocr_carea' id='block_1_111' title="bbox 1019 2413 1807 2450">
    <p class='ocr_par' dir='ltr' id='par_1_111' title="bbox 1019 2413 1807 2450">
     <span class='ocr_line' id='line_1_111' title="bbox 1019 2413 1807 2450; baseline -0.001 -9"><span class='ocrx_word' id='word_1_851' title='bbox 1019 2415 1085 2450; x_wconf 82' lang='grc' dir='ltr'>πρὸς</span> <span class='ocrx_word' id='word_1_852' title='bbox 1091 2415 1179 2441; x_wconf 85' lang='grc' dir='ltr'>πάντα</span> <span class='ocrx_word' id='word_1_853' title='bbox 1190 2415 1235 2441; x_wconf 85' lang='grc' dir='ltr'>τὸν</span> <span class='ocrx_word' id='word_1_854' title='bbox 1246 2415 1341 2450; x_wconf 81' lang='grc' dir='ltr'>ὁρατὸν</span> <span class='ocrx_word' id='word_1_855' title='bbox 1350 2415 1450 2450; x_wconf 86' lang='grc' dir='ltr'>κόσμον</span> <span class='ocrx_word' id='word_1_856' title='bbox 1460 2415 1506 2441; x_wconf 79' lang='grc' dir='ltr'><strong>καὶ</strong></span> <span class='ocrx_word' id='word_1_857' title='bbox 1519 2415 1568 2446; x_wconf 85' lang='grc' dir='ltr'>τὰς</span> <span class='ocrx_word' id='word_1_858' title='bbox 1579 2413 1723 2449; x_wconf 83' lang='grc' dir='ltr'>αὐγὰςτῶν</span> <span class='ocrx_word' id='word_1_859' title='bbox 1732 2414 1783 2440; x_wconf 87' lang='grc' dir='ltr'><strong>ὰκτ</strong></span> <span class='ocrx_word' id='word_1_860' title='bbox 1788 2415 1807 2440; x_wconf 92' lang='grc' dir='ltr'>ί-</span> 
     </span>
    </p>
   </div>
   <div class='ocr_carea' id='block_1_112' title="bbox 1019 2460 1809 2496">
    <p class='ocr_par' dir='ltr' id='par_1_112' title="bbox 1019 2460 1809 2496">
     <span class='ocr_line' id='line_1_112' title="bbox 1019 2460 1809 2496; baseline -0.001 -9"><span class='ocrx_word' id='word_1_861' title='bbox 1019 2469 1071 2487; x_wconf 87' lang='grc' dir='ltr'><strong>νων</strong></span> <span class='ocrx_word' id='word_1_862' title='bbox 1089 2461 1183 2493; x_wconf 84' lang='grc' dir='ltr'>αὐτοῦ,</span> <span class='ocrx_word' id='word_1_863' title='bbox 1196 2462 1282 2488; x_wconf 79' lang='grc' dir='ltr'>ἐκεῖνο</span> <span class='ocrx_word' id='word_1_864' title='bbox 1296 2461 1339 2487; x_wconf 79' lang='grc' dir='ltr'><strong>διὰ</strong></span> <span class='ocrx_word' id='word_1_865' title='bbox 1351 2461 1383 2487; x_wconf 88' lang='grc' dir='ltr'>τὰ</span> <span class='ocrx_word' id='word_1_866' title='bbox 1399 2461 1487 2496; x_wconf 73' lang='grc' dir='ltr'>ἀψυχα</span> <span class='ocrx_word' id='word_1_867' title='bbox 1497 2461 1543 2487; x_wconf 74' lang='grc' dir='ltr'>καὶ</span> <span class='ocrx_word' id='word_1_868' title='bbox 1555 2461 1713 2496; x_wconf 83' lang='grc' dir='ltr'>ἀναίσθητα,</span> <span class='ocrx_word' id='word_1_869' title='bbox 1727 2460 1809 2487; x_wconf 83' lang='grc' dir='ltr'>τοῦτο</span> 
     </span>
    </p>
   </div>
   <div class='ocr_carea' id='block_1_113' title="bbox 1018 2505 1804 2542">
    <p class='ocr_par' dir='ltr' id='par_1_113' title="bbox 1018 2505 1804 2542">
     <span class='ocr_line' id='line_1_113' title="bbox 1018 2505 1804 2542; baseline 0 -10"><span class='ocrx_word' id='word_1_870' title='bbox 1018 2506 1061 2532; x_wconf 86' lang='grc' dir='ltr'><strong>διὰ</strong></span> <span class='ocrx_word' id='word_1_871' title='bbox 1067 2507 1100 2532; x_wconf 83' lang='grc' dir='ltr'><strong>τὰ</strong></span> <span class='ocrx_word' id='word_1_872' title='bbox 1108 2507 1203 2541; x_wconf 80' lang='grc' dir='ltr'>λογικά</span> <span class='ocrx_word' id='word_1_873' title='bbox 1214 2515 1243 2532; x_wconf 84' lang='grc' dir='ltr'><strong>τε</strong></span> <span class='ocrx_word' id='word_1_874' title='bbox 1255 2507 1302 2532; x_wconf 78' lang='grc' dir='ltr'><strong>καὶ</strong></span> <span class='ocrx_word' id='word_1_875' title='bbox 1319 2506 1408 2542; x_wconf 86' lang='grc' dir='ltr'>νοερά.</span> <span class='ocrx_word' id='word_1_876' title='bbox 1429 2507 1472 2538; x_wconf 87' lang='grc' dir='ltr'><strong>Ὠς</strong></span> <span class='ocrx_word' id='word_1_877' title='bbox 1483 2505 1548 2540; x_wconf 80' lang='grc' dir='ltr'>γοῦν</span> <span class='ocrx_word' id='word_1_878' title='bbox 1566 2507 1580 2532; x_wconf 81' lang='grc' dir='ltr'>ὁ</span> <span class='ocrx_word' id='word_1_879' title='bbox 1592 2505 1719 2540; x_wconf 80' lang='grc' dir='ltr'>αἰσθητὸς</span> <span class='ocrx_word' id='word_1_880' title='bbox 1729 2506 1804 2541; x_wconf 80' lang='grc' dir='ltr'>ἥλιος</span> 
     </span>
    </p>
   </div>
   <div class='ocr_carea' id='block_1_114' title="bbox 1019 2550 1804 2587">
    <p class='ocr_par' dir='ltr' id='par_1_114' title="bbox 1019 2550 1804 2587">
     <span class='ocr_line' id='line_1_114' title="bbox 1019 2550 1804 2587; baseline 0 -10"><span class='ocrx_word' id='word_1_881' title='bbox 1019 2551 1108 2577; x_wconf 82' lang='grc' dir='ltr'>πάντα</span> <span class='ocrx_word' id='word_1_882' title='bbox 1119 2551 1153 2577; x_wconf 87' lang='grc' dir='ltr'>τὰ</span> <span class='ocrx_word' id='word_1_883' title='bbox 1168 2550 1251 2586; x_wconf 79' lang='grc' dir='ltr'>ὁρατὰ</span> <span class='ocrx_word' id='word_1_884' title='bbox 1272 2551 1392 2585; x_wconf 79' lang='grc' dir='ltr'>φωτίζει,</span> <span class='ocrx_word' id='word_1_885' title='bbox 1413 2552 1460 2578; x_wconf 74' lang='grc' dir='ltr'><strong>καὶ</strong></span> <span class='ocrx_word' id='word_1_886' title='bbox 1474 2551 1508 2577; x_wconf 85' lang='grc' dir='ltr'><strong>τὰ</strong></span> <span class='ocrx_word' id='word_1_887' title='bbox 1524 2552 1569 2587; x_wconf 81' lang='grc' dir='ltr'><strong>’μὴ</strong></span> <span class='ocrx_word' id='word_1_888' title='bbox 1589 2552 1735 2587; x_wconf 85' lang='grc' dir='ltr'>μετέχοντα</span> <span class='ocrx_word' id='word_1_889' title='bbox 1756 2551 1804 2577; x_wconf 75' lang='grc' dir='ltr'>τοῦ</span> 
     </span>
    </p>
   </div>
   <div class='ocr_carea' id='block_1_115' title="bbox 1018 2597 1804 2633">
    <p class='ocr_par' dir='ltr' id='par_1_115' title="bbox 1018 2597 1804 2633">
     <span class='ocr_line' id='line_1_115' title="bbox 1018 2597 1804 2633; baseline -0.001 -10"><span class='ocrx_word' id='word_1_890' title='bbox 1018 2598 1105 2631; x_wconf 73' lang='grc' dir='ltr'>φωτὸς</span> <span class='ocrx_word' id='word_1_891' title='bbox 1120 2598 1211 2629; x_wconf 84' lang='grc' dir='ltr'>αὐτοῦ,</span> <span class='ocrx_word' id='word_1_892' title='bbox 1227 2598 1261 2627; x_wconf 73' lang='grc' dir='ltr'><strong>δι’</strong></span> <span class='ocrx_word' id='word_1_893' title='bbox 1275 2597 1376 2624; x_wconf 80' lang='grc' dir='ltr'>οἰκείαν</span> <span class='ocrx_word' id='word_1_894' title='bbox 1392 2597 1533 2633; x_wconf 80' lang='grc' dir='ltr'>ἀδράνειαν</span> <span class='ocrx_word' id='word_1_895' title='bbox 1547 2598 1577 2624; x_wconf 75' lang='grc' dir='ltr'><strong>οὐ</strong></span> <span class='ocrx_word' id='word_1_896' title='bbox 1592 2597 1708 2632; x_wconf 79' lang='grc' dir='ltr'>μετέχει.</span> <span class='ocrx_word' id='word_1_897' title='bbox 1725 2597 1804 2622; x_wconf 79' lang='grc' dir='ltr'>Οὖτω</span> 
     </span>
    </p>
   </div>
   <div class='ocr_carea' id='block_1_116' title="bbox 1018 2641 1804 2678">
    <p class='ocr_par' dir='ltr' id='par_1_116' title="bbox 1018 2641 1804 2678">
     <span class='ocr_line' id='line_1_116' title="bbox 1018 2641 1804 2678; baseline -0.003 -9"><span class='ocrx_word' id='word_1_898' title='bbox 1018 2643 1065 2669; x_wconf 81' lang='grc' dir='ltr'>καὶ</span> <span class='ocrx_word' id='word_1_899' title='bbox 1078 2643 1123 2669; x_wconf 78' lang='grc' dir='ltr'><strong>ἐπὶ</strong></span> <span class='ocrx_word' id='word_1_900' title='bbox 1136 2643 1183 2669; x_wconf 80' lang='grc' dir='ltr'>τοῦ</span> <span class='ocrx_word' id='word_1_901' title='bbox 1196 2643 1264 2669; x_wconf 81' lang='grc' dir='ltr'>Θεοῦ</span> <span class='ocrx_word' id='word_1_902' title='bbox 1279 2643 1508 2678; x_wconf 80' lang='grc' dir='ltr'>ὑπερηπλωμένου</span> <span class='ocrx_word' id='word_1_903' title='bbox 1527 2643 1575 2669; x_wconf 84' lang='grc' dir='ltr'>τοῦ</span> <span class='ocrx_word' id='word_1_904' title='bbox 1598 2641 1735 2677; x_wconf 72' lang='grc' dir='ltr'>φωτισμοῦ</span> <span class='ocrx_word' id='word_1_905' title='bbox 1756 2643 1804 2668; x_wconf 73' lang='grc' dir='ltr'>καὶ</span> 
     </span>
    </p>
   </div>
   <div class='ocr_carea' id='block_1_117' title="bbox 1019 2688 1804 2724">
    <p class='ocr_par' dir='ltr' id='par_1_117' title="bbox 1019 2688 1804 2724">
     <span class='ocr_line' id='line_1_117' title="bbox 1019 2688 1804 2724; baseline -0.003 -9"><span class='ocrx_word' id='word_1_906' title='bbox 1019 2689 1152 2723; x_wconf 88' lang='grc' dir='ltr'>ἁγιασμοῦ</span> <span class='ocrx_word' id='word_1_907' title='bbox 1166 2689 1250 2720; x_wconf 76' lang='grc' dir='ltr'>ὅντος,</span> <span class='ocrx_word' id='word_1_908' title='bbox 1261 2690 1358 2720; x_wconf 86' lang='grc' dir='ltr'>πάντες</span> <span class='ocrx_word' id='word_1_909' title='bbox 1373 2690 1397 2715; x_wconf 92' lang='grc' dir='ltr'>οἱ</span> <span class='ocrx_word' id='word_1_910' title='bbox 1411 2689 1563 2724; x_wconf 83' lang='grc' dir='ltr'>βουλόμενοι</span> <span class='ocrx_word' id='word_1_911' title='bbox 1581 2688 1740 2722; x_wconf 79' lang='grc' dir='ltr'>φωτίζονται</span> <span class='ocrx_word' id='word_1_912' title='bbox 1757 2688 1804 2713; x_wconf 84' lang='grc' dir='ltr'><strong>καὶ</strong></span> 
     </span>
    </p>
   </div>
   <div class='ocr_carea' id='block_1_118' title="bbox 1018 2734 1803 2770">
    <p class='ocr_par' dir='ltr' id='par_1_118' title="bbox 1018 2734 1803 2770">
     <span class='ocr_line' id='line_1_118' title="bbox 1018 2734 1803 2770; baseline -0.001 -9"><span class='ocrx_word' id='word_1_913' title='bbox 1018 2734 1183 2769; x_wconf 75' lang='grc' dir='ltr'>ἁγιάζονται.</span> <span class='ocrx_word' id='word_1_914' title='bbox 1211 2735 1289 2761; x_wconf 81' lang='grc' dir='ltr'><strong>Ἀλλὰ</strong></span> <span class='ocrx_word' id='word_1_915' title='bbox 1304 2735 1351 2762; x_wconf 78' lang='grc' dir='ltr'>καὶ</span> <span class='ocrx_word' id='word_1_916' title='bbox 1365 2734 1455 2766; x_wconf 86' lang='grc' dir='ltr'>πάλιν,</span> <span class='ocrx_word' id='word_1_917' title='bbox 1467 2734 1560 2770; x_wconf 77' lang='grc' dir='ltr'>ὥσπερ</span> <span class='ocrx_word' id='word_1_918' title='bbox 1570 2735 1584 2761; x_wconf 83' lang='grc' dir='ltr'>ὁ</span> <span class='ocrx_word' id='word_1_919' title='bbox 1595 2734 1660 2766; x_wconf 82' lang='grc' dir='ltr'><strong>Θεὸς</strong></span> <span class='ocrx_word' id='word_1_920' title='bbox 1674 2734 1803 2770; x_wconf 82' lang='grc' dir='ltr'>δημιουρ-</span> 
     </span>
    </p>
   </div>
   <div class='ocr_carea' id='block_1_119' title="bbox 1017 2779 1802 2815">
    <p class='ocr_par' dir='ltr' id='par_1_119' title="bbox 1017 2779 1802 2815">
     <span class='ocr_line' id='line_1_119' title="bbox 1017 2779 1802 2815; baseline -0.003 -9"><span class='ocrx_word' id='word_1_921' title='bbox 1017 2781 1070 2814; x_wconf 83' lang='grc' dir='ltr'>γεῖ,</span> <span class='ocrx_word' id='word_1_922' title='bbox 1094 2780 1164 2807; x_wconf 80' lang='grc' dir='ltr'>οὕτω</span> <span class='ocrx_word' id='word_1_923' title='bbox 1181 2781 1252 2806; x_wconf 83' lang='grc' dir='ltr'><strong>καὶὸ</strong></span> <span class='ocrx_word' id='word_1_924' title='bbox 1271 2780 1344 2815; x_wconf 77' lang='grc' dir='ltr'>ἣλιος</span> <span class='ocrx_word' id='word_1_925' title='bbox 1368 2780 1435 2815; x_wconf 85' lang='grc' dir='ltr'>πρὸς</span> <span class='ocrx_word' id='word_1_926' title='bbox 1453 2780 1578 2814; x_wconf 86' lang='grc' dir='ltr'>γέννησιν</span> <span class='ocrx_word' id='word_1_927' title='bbox 1590 2779 1643 2805; x_wconf 86' lang='grc' dir='ltr'>τῶν</span> <span class='ocrx_word' id='word_1_928' title='bbox 1666 2779 1802 2814; x_wconf 80' lang='grc' dir='ltr'>αἰσθητῶν</span> 
     </span>
    </p>
   </div>
   <div class='ocr_carea' id='block_1_120' title="bbox 1019 2825 1802 2862">
    <p class='ocr_par' dir='ltr' id='par_1_120' title="bbox 1019 2825 1802 2862">
     <span class='ocr_line' id='line_1_120' title="bbox 1019 2825 1802 2862; baseline -0.003 -10"><span class='ocrx_word' id='word_1_929' title='bbox 1019 2827 1150 2861; x_wconf 87' lang='grc' dir='ltr'>σωμάτων</span> <span class='ocrx_word' id='word_1_930' title='bbox 1174 2826 1369 2862; x_wconf 68' lang='grc' dir='ltr'>συμϐάλλεται,</span> <span class='ocrx_word' id='word_1_931' title='bbox 1396 2827 1441 2853; x_wconf 72' lang='grc' dir='ltr'><strong>καὶ</strong></span> <span class='ocrx_word' id='word_1_932' title='bbox 1462 2826 1528 2861; x_wconf 79' lang='grc' dir='ltr'>πρὸς</span> <span class='ocrx_word' id='word_1_933' title='bbox 1553 2825 1624 2860; x_wconf 78' lang='grc' dir='ltr'>ζωὴν</span> <span class='ocrx_word' id='word_1_934' title='bbox 1652 2826 1730 2856; x_wconf 89' lang='grc' dir='ltr'>κινεῖ,</span> <span class='ocrx_word' id='word_1_935' title='bbox 1755 2826 1802 2850; x_wconf 77' lang='grc' dir='ltr'><strong>καὶ</strong></span> 
     </span>
    </p>
   </div>
   <div class='ocr_carea' id='block_1_121' title="bbox 1017 2870 1801 2908">
    <p class='ocr_par' dir='ltr' id='par_1_121' title="bbox 1017 2870 1801 2908">
     <span class='ocr_line' id='line_1_121' title="bbox 1017 2870 1801 2908; baseline -0.001 -11"><span class='ocrx_word' id='word_1_936' title='bbox 1017 2871 1099 2898; x_wconf 75' lang='grc' dir='ltr'>τᾶλλα</span> <span class='ocrx_word' id='word_1_937' title='bbox 1117 2872 1195 2903; x_wconf 76' lang='grc' dir='ltr'>ποιεῖ,</span> <span class='ocrx_word' id='word_1_938' title='bbox 1219 2871 1286 2906; x_wconf 82' lang='grc' dir='ltr'>πλὴν</span> <span class='ocrx_word' id='word_1_939' title='bbox 1303 2871 1350 2908; x_wconf 75' lang='grc' dir='ltr'><strong>οὐχ</strong></span> <span class='ocrx_word' id='word_1_940' title='bbox 1363 2872 1399 2904; x_wconf 76' lang='grc' dir='ltr'>ὡς</span> <span class='ocrx_word' id='word_1_941' title='bbox 1421 2871 1505 2902; x_wconf 77' lang='grc' dir='ltr'>αἴτιος</span> <span class='ocrx_word' id='word_1_942' title='bbox 1528 2871 1628 2898; x_wconf 76' lang='grc' dir='ltr'>τούτων</span> <span class='ocrx_word' id='word_1_943' title='bbox 1653 2870 1720 2897; x_wconf 83' lang='grc' dir='ltr'>κατά</span> <span class='ocrx_word' id='word_1_944' title='bbox 1741 2878 1801 2896; x_wconf 78' lang='grc' dir='ltr'>τινα</span> 
     </span>
    </p>
   </div>
  </div>
