1938 3065
142 111 198 138 757

426 112 472 140 DE
489 113 617 141 DIVINIS
634 112 834 145 NOLIINIBUS,
853 111 928 139 CAP.
947 111 992 140 Π.
1010 127 1045 132 -
1062 111 1234 139 PARAPIIR.
1253 109 1487 138 PACHYMERIE.

1719 110 1769 137 ἳδὸ

139 168 317 204 προαίρεσινι
339 168 397 195 ἀλλ’
415 169 493 201 είδὼς
519 170 534 195 ὁ
559 169 626 202 Θεδς
648 170 689 197 ὅτι
708 170 740 197 τὸ
763 170 812 206 μὲν
828 169 923 205 ψυχρὸη

982 169 1163 196 sanctificatio
1177 169 1293 203 desuper
1309 176 1427 203 expansa
1443 168 1489 202 sit,
1506 175 1600 196 omnes
1613 167 1768 202 quicunque

138 214 211 248 ἄγαν
223 214 329 248 ἄγονον,
340 214 371 241 τὸ
381 214 410 241 δὲ
430 215 594 251 συμμέτρως
615 216 715 252 Θερμὺν
734 217 929 252 γενεσιουργεῖ,

138 260 189 286 xui
199 260 240 286 ὃτι
252 259 286 287 τὰ
300 260 369 295 φυτὰ
383 261 430 286 καὶ
443 260 477 287 τὰ
496 261 640 297 σπέρματα
656 262 821 298 θερμότητος
834 262 929 293 δεῖται,

136 306 178 338 ὡς
197 306 244 333 xui
260 305 295 332 τὰ
319 305 432 342 σώματα
448 306 556 333 ἅπαντα
572 307 607 334 τὰ
623 307 695 343 ζωὴν
715 307 820 343 ἔχοντα,
836 307 930 334 τούτου

138 352 220 387 χάριν
240 352 285 378 τὸν
297 352 372 388 ἥλιον
390 351 475 384 οὕτως
493 353 565 388 ἔχειν
580 353 688 388 φύσεως
706 354 827 390 ἐποίησε.
846 354 931 381 Τοῦτο

137 398 170 424 τὸ
181 398 292 433 ἡλιακὸν
304 398 362 433 φῶς
368 400 428 425 κατ’
437 399 527 426 εἰκόνα
540 399 587 426 τοῦ
595 399 673 426 Θείου
684 399 731 426 τοῦ
743 400 819 432 ὄντος
833 400 930 432 αἰῶνος

137 443 188 469 καὶ
202 443 319 478 ἀριθμοῦ
331 442 379 470 τοῦ
400 444 509 477 παντὸς,
524 444 562 476 ὡς
584 444 750 480 δημιουργοῦ
768 445 816 471 καὶ
836 453 929 480 περιε-

137 487 239 518 κτικοῦ,
247 488 364 520 πάντων,
374 488 420 514 xui
430 488 527 525 μέτρον
543 489 601 516 ἐστὶ
609 489 657 515 xui
664 488 779 524 ἀριθμὸς
786 489 875 525 ὡρῶν,
883 490 929 516 xui

137 532 260 568 ἡμερῶν,
268 533 315 560 καὶ
327 533 426 565 παντὸς
438 533 485 560 τοῦ
497 533 558 561 καθ’
567 535 641 570 ἡμᾶς
648 535 744 570 χρόνου
752 543 758 549 ·
771 534 785 561 ὂ
798 535 845 561 καὶ
860 534 929 561 κατὰ

135 579 187 615 τὴν
197 579 294 614 τριάδα
305 580 360 607 τῶν
375 579 489 616 πρώτων
499 581 619 617 ἡμερῶν,
629 581 831 617 ἀσχημάτιστον
842 581 881 613 ὃν,
888 581 929 608 οὒ-

136 634 192 658 τως
200 625 305 658 ἐκείνας
312 626 361 659 τὰς
367 627 471 662 ἡμέρας
477 626 585 663 διώριζε
592 629 625 663 τῇ
639 628 754 664 συστολῇ
763 635 793 654 τι
802 628 850 654 καὶ
859 635 928 663 παρ-

136 672 264 704 εκτάσει,
287 672 378 704 καθὼς
406 673 482 708 δηλοί
509 674 555 700 xui
575 673 590 699 ὁ
603 673 812 709 ΘεῖοιιΜωὶἰσῆς⁹
825 674 928 705 ἐκεῖνος

136 718 193 753 γάρ
205 719 278 745 ἐστιν
294 719 308 745 ό
322 718 419 753 λέγων,
432 720 473 746 ὅτι
488 720 535 746 καὶ
552 720 661 755 ἐγένετο
682 721 774 756 ἡμέρα
791 721 840 756 μία
852 729 858 735 ·
881 722 928 749 xui

136 764 228 796 πάλιν,
243 764 365 800 δευτέρα,
381 765 428 792 καὶ
448 765 547 800 ἐφεξῆς
565 766 654 802 τρίτη.
676 767 731 792 Καὶ
750 766 843 803 ὥσπερ
858 767 927 804 πρὸς

137 810 260 846 ἐαυτὴνή
275 811 410 847 ἀγαθὰτης
418 811 575 846 ἐπιστρέφει
584 811 672 838 πάντα
679 811 714 838 τὰ
725 812 923 849 ἐσκεδασμένα,

983 214 1076 241 volunt
1092 214 1278 241 illuminantur
1293 221 1321 241 et
1336 214 1554 242 sanctiﬁcantur.
1571 215 1686 246 Rursus,
1700 215 1770 242 sicut

984 259 1055 287 Deus
1073 264 1158 292 creat,
1175 260 1215 287 sic
1230 261 1311 287 etiam
1330 260 1370 287 sol
1386 260 1419 287 ad
1442 260 1611 288 sensibilium
1624 268 1769 296 corporum

982 305 1186 340 generationem
1212 306 1352 339 conducit,
1368 311 1394 333 et
1416 306 1499 333 vitam
1526 311 1635 340 movet,
1661 306 1770 340 aliaque

981 351 1057 385 facit,
1075 359 1128 378 non
1145 356 1235 379 tamen
1253 357 1379 386 tanquam
1398 359 1491 379 eorum
1506 359 1588 379 causa
1604 352 1704 384 libera;
1721 359 1768 378 ve-

981 406 1041 426 rum
1058 397 1131 425 Deus
1145 398 1236 426 sciens
1253 398 1337 433 frigus
1353 405 1414 425 esse
1428 399 1506 426 valde
1520 398 1625 433 sterile,
1642 399 1769 426 modera-

981 449 1038 472 tutn
1052 449 1142 472 autem
1156 444 1276 472 calorem
1289 445 1322 472 ad
1337 445 1541 480 generationem
1567 445 1668 478 facere,
1685 449 1768 478 atque

981 491 1081 524 stirpes
1095 494 1123 518 et
1138 490 1242 517 semina
1259 489 1358 517 caloris
1377 489 1507 525 indigere,
1526 489 1597 517 sicut
1610 490 1691 516 etiam
1705 497 1767 517 cor-

981 544 1046 571 pora
1061 537 1153 565 omnia
1169 544 1230 571 quae
1245 536 1299 564 vita
1322 536 1459 568 fruuntur,
1475 536 1533 571 ejus
1557 536 1594 564 rei
1617 537 1703 571 gratia
1721 544 1766 562 sn.

980 583 1032 610 lem
1049 590 1079 610 se
1094 584 1130 610 ita
1147 584 1248 611 habere
1261 584 1337 611 fecit.
1354 583 1410 611 Hoc
1424 583 1514 610 lumen
1530 583 1607 614 solis,
1620 583 1767 610 secundum

981 629 1127 663 imaginem
1142 628 1201 662 Dei,
1218 630 1263 664 qui
1280 635 1409 664 tauquam
1427 633 1537 656 creator
1550 632 1577 656 et
1591 632 1770 655 conservator

979 675 1098 702 universi
1106 681 1192 701 sevum
1202 681 1234 701 ac
1245 681 1374 702 numerus
1381 674 1571 706 existit,etiam
1581 681 1708 701 mensura
1715 678 1767 706 est,

979 725 1006 748 et
1020 728 1150 748 numerus
1165 725 1356 755 tempestatum
1371 728 1403 748 ac
1415 720 1518 748 dierum
1533 725 1561 748 et
1573 720 1661 748 omnis
1679 719 1768 747 nostri

979 766 1121 801 temporis;
1128 766 1200 801 quod
1208 766 1290 793 etiam
1299 766 1447 801 primorum
1455 766 1559 792 dierum
1571 766 1770 796 triduum,tam-

977 812 1028 839 etsi
1046 818 1108 840 tunc
1123 819 1175 840 non
1189 817 1248 840 erat
1264 813 1421 847 figuratum,
1441 812 1627 840 contractione
1641 816 1668 839 et
1686 812 1768 839 inter-

133 857 173 889 ὡς
186 858 257 894 ἀρχὴ
274 859 321 886 xui
334 859 417 891 αἰτία,
434 859 481 886 xui
507 859 595 886 πάντα
619 859 721 895 ταύτης
746 860 861 894 ἐφίεται,
876 861 923 887 xui

975 857 1091 893 jectione
1102 857 1232 890 deﬁnivit,
1240 857 1277 884 uti
1285 858 1392 885 divinus
1403 864 1510 892 quoque
1523 856 1628 891 Moyses
1638 856 1768 890 declarat,

133 903 173 936 ὡς
187 904 283 939 ἀρχῆς,
299 904 329 937 ἐξ
345 902 376 932 οὗ
397 905 451 940 γὰρ
462 905 497 932 τὰ
510 906 607 938 πάντα,
620 906 729 941 φησὶνή
748 906 842 942 Γραφή
855 915 862 922 .
878 907 925 934 καὶ

133 948 172 980 ὥς
186 950 329 985 συνοχέως,
339 951 368 978 ἐν
380 947 402 984 ᾧ
412 951 467 987 γὰρ
480 950 514 978 τὰ
528 951 754 987 πάντα,δηλονότι
773 960 926 987 παντοκρα-

132 995 235 1030 τορικῷ
256 995 372 1031 πυθμένι
393 997 440 1023 xui
453 996 569 1032 θεμελίῳ
591 997 863 1034 περιφρουρούμεναο
879 999 925 1025 καὶ

132 1040 171 1073 ὡς
185 1041 288 1074 τέλους,
300 1042 339 1073 είς
356 1041 371 1068 ὂ
385 1042 439 1078 γὰρ
456 1043 491 1069 τὰ
503 1043 601 1076 πάντα,
613 1044 694 1070 οἱονεὶ
707 1044 802 1080 πέρας,
816 1045 923 1078 οἰκεῖον,

132 1087 163 1113 οὐ
176 1088 299 1121 φυσικὸν.
311 1088 378 1115 ἀλλὰ
390 1089 583 1125 δημιουργικόν
592 1098 598 1105 ·
611 1090 658 1117 καὶ
664 1088 694 1118 οὗ
706 1091 810 1125 ἐφίεται
826 1092 923 1124 πάντα,

132 1130 247 1158 ἕκαστον
259 1132 287 1158 δὲ
300 1132 370 1159 κατὰ
383 1134 432 1169 τὴν
451 1133 517 1160 ἰδίαν
529 1134 579 1169 τῆς
593 1135 701 1169 φύσεως
720 1136 806 1169 τάξιν,
822 1137 859 1168 ὡς
873 1137 925 1172 ἄγ-

133 1177 207 1211 γελοι
221 1179 268 1204 καὶ
281 1178 419 1215 ἄνθρωποι
437 1181 605 1214 γνωπικῶς,
621 1182 705 1217 ἄλογα
724 1181 780 1215 ζῶα
800 1183 925 1220 αίσθητι-

132 1222 205 1255 κῶςθ
220 1224 290 1258 φυτὰ
309 1226 340 1260 τῇ
355 1225 468 1261 ἐμφύτῳ
489 1227 595 1262 κινήσει
609 1228 657 1263 τῆς
671 1228 777 1256 ἑαυτῶν
791 1229 874 1265 ζωῆς,
890 1230 926 1256 τὰ

132 1267 161 1294 δὲ
174 1268 249 1300 ἄζωα
264 1270 311 1297 xui
325 1270 388 1297 ὂντα
404 1271 474 1298 κατὰ
486 1272 517 1298 τὸ
532 1270 612 1306 εἷναι,
625 1274 674 1310 οὐχ
685 1274 729 1301 ἶνα
742 1275 852 1309 γνῶσιν,
867 1275 924 1302 ἀλλ’

133 1314 177 1340 ἵνα
194 1315 294 1350 μένωσι
314 1317 346 1352 τῇ
368 1319 469 1353 φυσικῇ
485 1318 532 1344 xui.
554 1319 621 1355 μόνῃ
644 1320 811 1356 συνεχόμενα
834 1321 923 1356 φύσει.

132 1360 210 1388 Οὕτω
237 1362 284 1388 xui
303 1362 317 1388 ὁ
339 1362 414 1398 ἥλιος
434 1363 469 1390 τὰ
490 1364 541 1390 ὑπὸ
558 1365 608 1400 τῆς
632 1365 714 1393 αὑτοῦ
741 1368 925 1403 μαρμαρυγῆς

133 1407 299 1443 συνεχόμενα
318 1409 477 1444 ἐπιστρέφει
499 1411 566 1446 πρὸς
587 1412 697 1439 ἑαυτόν·
722 1412 761 1439 διὸ
783 1414 830 1440 καὶ
850 1413 925 1449 ἥλιος

131 1452 251 1488 λέγεται,
268 1454 309 1481 ὅτι
330 1455 418 1482 πάντα
438 1456 519 1492 ἀολλῆ
539 1457 587 1484 xui
608 1458 826 1494 συνηθροισμένα
844 1460 924 1493 ποιεῖ,

132 1500 180 1526 xui
204 1500 315 1535 συνάγει
335 1501 370 1528 τὰ
392 1502 622 1538 διεσκεδασμένα,
647 1505 695 1531 xui
718 1505 805 1532 πάντα
829 1506 924 1533 τούτου

131 1545 263 1580 ἐφίενται,
285 1546 320 1574 τὰ
337 1547 386 1582 μὲν
400 1548 457 1580 ζῶα
470 1548 508 1581 ὡς
525 1549 572 1575 τοῦ
599 1550 682 1586 ὁρᾷν,
701 1550 735 1577 τὰ
750 1551 779 1578 δὲ
801 1552 871 1587 φυτὰ
886 1552 925 1585 ὡς

130 1591 178 1618 τοῦ
201 1593 344 1627 κινεῖσθαι,
356 1593 390 1620 τὰ
402 1594 468 1622 ἄλλα
484 1594 522 1626 ὡς
540 1594 588 1621 τοῦ
601 1596 669 1628 ὅλως
685 1597 844 1633 συνέχεσθαι
857 1599 924 1634 παρ’

130 1637 213 1664 αὐτοῦ
226 1637 314 1673 φωτὸς
328 1638 473 1674 ἐφιέμενα..
483 1640 538 1666 Καὶ
554 1640 583 1667 οὐ
598 1640 685 1676 δήπου
699 1642 772 1678 φημὶ
795 1643 865 1670 κατά
877 1643 923 1670 τὸν

131 1683 246 1712 παλαιὸν
271 1686 317 1713 καί
339 1686 463 1723 λαμπρὸν
487 1687 602 1714 ὀδωδότα
623 1688 701 1723 λόγον
716 1689 761 1716 τὸν
783 1689 923 1725 ἐλληνικὺν

131 1729 209 1757 ὕθλον
222 1729 302 1767 (ἦσαν
313 1732 367 1768 γάρ
380 1742 444 1760 ποτε
458 1733 506 1760 καὶ
519 1734 668 1770 ἀμφότεροι
684 1734 824 1771 Ἕλληνες,
839 1735 877 1767 ὡς
892 1737 922 1762 ἐν

130 1777 192 1808 ταῖς
207 1776 328 1813 Πράξεσι
344 1778 398 1804 τῶν
410 1778 495 1813 ἁγίων
514 1778 669 1806 ἀποστόλων
680 1778 823 1815 δηλοῦται)
837 1780 854 1816 ἢ
869 1780 922 1816 μὴν

130 1821 176 1848 τδν
189 1823 295 1859 μωρόνε
310 1823 341 1850 τὸ
359 1823 413 1860 γὰρ
433 1825 524 1860 μωρὸν
547 1825 660 1861 ἀρχαῖον
679 1826 702 1852 oi
717 1825 846 1861 ’Έλληνες
866 1826 923 1853 ἐλε-

130 1877 194 1903 γον·
206 1869 303 1896 οὐκοῦν
321 1870 391 1897 κατὰ
411 1871 505 1897 τοῦτον
519 1871 565 1898 τὸν
584 1872 676 1908 μωρὸν
690 1871 768 1898 ὕθλον
787 1873 868 1907 φημὶ,
881 1873 922 1900 ὅτι

131 1915 146 1940 δ
158 1915 232 1950 ἥλιος
242 1936 249 1947 ,
266 1916 326 1948 θεὸς
349 1916 397 1949 ὣν,
413 1918 586 1953 ἐπιτροπεύει
599 1919 645 1945 τὸν
665 1918 767 1954 κόσμον
778 1927 784 1933 ·
802 1919 870 1946 ἀλλὰ
885 1919 922 1946 τὰ

130 1961 242 1996 ἀόρατα
253 1963 305 1990 τοῦ
314 1963 399 1996 Θεοῦ,
411 1963 482 1991 κατὰ
490 1964 536 1991 τὸν
550 1963 719 1996 Ἀπόστολον,
727 1963 786 1990 ἀπὸ
797 1964 922 1998 κτίσεως

129 2009 245 2043 κόσμου
265 2009 327 2043 τοῖς
342 2009 487 2045 ποιήμασι
509 2010 657 2045 νοούμενα
679 2008 857 2043 καθορᾶται,
876 2011 923 2038 xui

128 2055 146 2090 ἡ
171 2054 265 2090 θεότης
277 2055 360 2082 αὑτοῦ
373 2075 380 2088 ,
407 2056 454 2083 καὶ
480 2055 563 2088 ἀΐδιος
583 2055 697 2092 δύναμις
714 2055 768 2083 ἀπὸ
783 2054 830 2082 τοῦ
844 2055 921 2091 ἡλίου

130 2100 299 2135 ἐμφαίνεται.

976 902 1021 931 ille
1034 904 1105 931 enim
1122 904 1178 931 ait:
1193 903 1226 930 Et
1242 903 1312 932 facta
1326 907 1367 930 est
1376 903 1433 930 dies
1444 910 1508 934 una,
1519 907 1544 930 et
1556 904 1769 937 iterum,secnn-

976 950 1020 982 da,
1030 957 1061 978 ac
1072 949 1168 978 deinde
1181 950 1261 978 tertia
1273 948 1294 976 ι.
1305 949 1338 976 Ει
1349 950 1419 977 sicut
1429 949 1547 982 bonitas,
1559 953 1686 984 tanquam
1695 949 1769 983 prin-

976 996 1075 1030 cipiunt
1082 1000 1108 1023 et
1116 1000 1314 1029 causa,cuncta
1322 1002 1381 1029 quae
1395 995 1517 1030 dispersa
1527 999 1590 1022 sunt
1599 995 1632 1022 ad
1648 1002 1678 1022 se
1690 994 1768 1022 colli-

976 1043 1025 1078 git,
1039 1042 1184 1077 omniaque
1195 1042 1280 1077 ipsam
1297 1046 1443 1076 appetunt;
1459 1046 1487 1069 et
1505 1040 1717 1077 utprincipium,
1734 1049 1767 1067 ex

976 1095 1008 1115 ea
1025 1088 1098 1115 enim
1111 1087 1215 1119 omnia,
1226 1090 1257 1113 ut.
1267 1086 1305 1113 ait
1319 1086 1477 1120 Scriptura;
1491 1090 1558 1113 etut
1570 1085 1767 1116 continentem,

976 1133 1002 1160 iu
1017 1141 1071 1168 quo
1083 1132 1210 1160 nimirqu
1226 1132 1318 1159 omnia
1333 1131 1417 1158 veluti
1440 1130 1467 1157 in
1481 1131 1659 1158 omnitenenti
1682 1130 1766 1157 fundo

978 1187 1009 1206 ae
1023 1178 1197 1206 fundamento
1212 1177 1413 1210 custodiuntur,
1431 1180 1458 1204 et
1477 1181 1506 1203 ut
1530 1176 1622 1208 ﬁnem,
1637 1176 1670 1202 ad
1686 1183 1765 1211 quem

975 1225 1077 1256 omnia,
1092 1224 1170 1259 quasi
1195 1223 1228 1251 ad
1251 1223 1398 1250 terminum
1418 1230 1496 1250 suum
1519 1230 1575 1254 non
1601 1222 1766 1254 naturalem,

976 1271 1023 1298 sed
1038 1269 1191 1297 eﬂ‘ectivum
1215 1274 1354 1304 spectant;
1379 1273 1407 1296 et
1427 1268 1503 1303 cujus
1520 1267 1655 1295 desiderio
1674 1267 1764 1294 omnia

978 1321 1117 1349 tenentur,
1134 1316 1274 1350 quodlibet
1304 1316 1431 1343 nimirum
1455 1315 1603 1343 secundum
1627 1314 1766 1348 proprium

977 1368 1080 1391 naturae
1101 1362 1244 1396 ordinem,
1266 1366 1294 1388 ut
1313 1361 1401 1396 angeli
1415 1369 1418 1388 ;
1434 1365 1463 1388 et
1490 1361 1614 1388 homines
1638 1360 1766 1390 scienter,

976 1411 1056 1438 bruta
1071 1410 1221 1437 animantia
1235 1409 1385 1441 seusiliter,
1399 1408 1497 1443 stirpes
1510 1407 1592 1434 insito
1604 1406 1686 1442 390
1702 1406 1767 1439 ipsis

977 1461 1080 1484 naturae
1098 1460 1184 1488 motu,
1199 1455 1262 1482 vita:
1278 1462 1344 1482 vero
1362 1460 1513 1488 sensusque
1525 1454 1648 1488 expertia
1665 1460 1765 1480 secun—

977 1502 1040 1529 dum
1052 1508 1126 1535 esse,
1142 1508 1195 1529 non
1210 1506 1241 1529 ut
1255 1505 1434 1537 cognoscant,
1447 1501 1493 1529 sed
1509 1505 1538 1529 ut
1555 1500 1704 1535 persistant
1717 1507 1766 1527 na-

978 1548 1056 1576 turali
1070 1548 1260 1582 permansione
1273 1553 1418 1581 contenta;
1436 1547 1475 1575 sic
1499 1547 1582 1575 etiam
1605 1546 1691 1574 solea
1705 1553 1766 1581 qua:

976 1594 1026 1622 sub
1041 1594 1232 1629 splendoribus
1245 1594 1302 1629 ejus
1315 1595 1500 1626 continentur,
1517 1593 1551 1620 ad
1573 1599 1602 1620 se
1618 1593 1764 1620 convertit.

976 1644 1087 1675 propter
1100 1640 1172 1675 quod
1197 1641 1281 1667 etiam
1306 1639 1382 1674 ἦλιος
1399 1638 1560 1673 appellatur,
1576 1638 1648 1673 quod
1673 1637 1764 1665 omnia

974 1685 1058 1720 ἀολλῆ
1072 1692 1119 1713 seu
1134 1693 1301 1721 congregare
1317 1685 1409 1718 faciat,
1423 1688 1451 1712 et
1465 1684 1587 1719 dispersa
1603 1688 1762 1719 congreget,

976 1732 1124 1766 omniaque
1136 1732 1223 1766 ipsum
1237 1735 1376 1766 appetant,
1401 1730 1520 1758 viventia
1542 1730 1650 1764 quidem
1676 1734 1705 1756 ut
1724 1730 1763 1756 vi-

975 1778 1068 1812 deant,
1080 1777 1180 1813 stirpes
1192 1783 1222 1805 ut
1236 1782 1406 1809 moveantur.
1421 1781 1518 1804 caetera
1531 1781 1561 1803 ut
1574 1776 1607 1804 ab
1624 1777 1682 1811 ipso
1696 1784 1763 1803 con-

974 1829 1118 1852 serventur
1132 1825 1196 1852 dum
1219 1823 1310 1851 lumen
1327 1823 1387 1858 ejus
1404 1827 1544 1859 appetunt.
1561 1821 1618 1850 Non
1634 1822 1685 1849 hoc
1701 1823 1763 1849 dico

974 1868 1122 1895 secundum
1140 1868 1280 1903 antiquam
1301 1873 1327 1896 et
1345 1868 1513 1903 splendidam
1530 1867 1649 1895 fabulam
1664 1874 1696 1894 ac
1710 1875 1762 1894 nu-

974 1922 1066 1950 gacem
1079 1914 1219 1949 gentilium
1235 1921 1388 1942 sermonem
1406 1914 1497 1948 (erant
1520 1914 1591 1941 enim
1615 1914 1762 1948 aliquando

972 1961 1054 1988 etiam
1069 1960 1177 1995 utrique
1188 1959 1314 1995 gentiles,
1326 1966 1355 1987 ut
1367 1960 1392 1987 in
1407 1964 1562 1988 sanctorum
1577 1959 1760 1995 apostolorum

970 2007 1047 2035 Actis
1071 2006 1237 2042 declaratur)
1258 2006 1301 2033 vel
1321 2011 1395 2034 certe
1422 2005 1543 2040 fatuum;
1568 2014 1632 2035 nam
1654 2006 1759 2034 fatuum

969 2053 1085 2089 gentiles
1098 2053 1169 2081 idem
1183 2054 1255 2088 quod
1269 2052 1411 2088 antiquum
1433 2053 1569 2081 dicebant.
1595 2053 1689 2088 Itaque
1704 2060 1759 2080 non

969 2100 1120 2128 secundum
1140 2100 1210 2127 hanc
1221 2099 1322 2127 fatuam
1343 2099 1474 2132 fabulam,
1491 2099 1614 2134 inquam,
1628 2098 1759 2134 quoniam

130 2144 170 2172 sol
185 2145 253 2173 Deus
267 2151 318 2178 est,
338 2146 466 2174 mundum
482 2148 631 2181 convertit;
650 2154 742 2174 verum
754 2146 894 2174 invisibilia
913 2146 969 2179 Dei,
992 2146 1140 2174 secundutn
1166 2145 1341 2180 Apostolum,
1368 2153 1384 2172 α
1405 2149 1529 2172 creatura
1545 2144 1650 2178 mundi,
1666 2152 1712 2178 per
1725 2151 1758 2171 ea

128 2200 187 2226 quae
202 2192 272 2227 facta
284 2198 357 2226 mnt,
382 2193 526 2226 intellecta,
552 2195 751 2229 conspiciuntur
774 2199 804 2225 ³,
821 2199 848 2222 et
870 2193 998 2221 divinitas
1011 2192 1096 2228 ipsius
1113 2193 1254 2227 virtusque
1275 2192 1439 2227 sempiterna
1451 2199 1466 2219 a
1482 2191 1539 2219 sole
1553 2190 1754 2220 manifestatur.

164 2237 179 2273 §
201 2238 231 2266 V.
259 2239 337 2266 Ἀλλὰ
356 2239 442 2266 ταῦτα
458 2240 550 2276 μὲνέν
567 2240 619 2277 ίδίᾳ
633 2241 808 2277 πραγματείᾳ
830 2241 918 2268 τεθεο-

1006 2239 1021 2276 §
1044 2239 1075 2267 V.
1098 2239 1199 2267 Verum
1216 2241 1274 2267 hac
1291 2239 1318 2266 in
1340 2239 1449 2274 proprio
1465 2243 1581 2266 tractatu
1605 2238 1755 2274 theologice

127 2283 248 2320 λόγηται,
263 2285 310 2312 νῦν
325 2286 354 2313 δὲ
368 2287 465 2322 ῥητέον
476 2287 540 2322 περὶ
554 2286 601 2314 τοῦ
615 2287 709 2323 νοητοῦ
728 2287 914 2322 φωτόςΛέγε-

126 2338 170 2357 ται
181 2331 271 2358 τοίνυν
286 2332 300 2358 ὁ
311 2331 377 2364 Θεὸς
390 2332 457 2367 φῶς,
467 2332 534 2359 ἀλλὰ
548 2333 651 2368 νοητὸν,
666 2333 709 2360 διὰ
722 2334 753 2360 τὺ
763 2334 852 2361 πάντα
867 2335 916 2370 ἁγ-

126 2377 233 2411 γελικὸν
245 2377 308 2404 νοῦν
326 2379 461 2413 φωτίζειν,
481 2380 570 2407 πᾶσαν
587 2379 615 2406 δὲ
629 2379 739 2415 ἄγνοιαν
754 2380 917 2408 ἀπελαύνειν

127 2424 160 2449 ἐκ
171 2422 225 2449 τῶν
235 2422 337 2458 ψυχῶν,
353 2422 396 2455 αἷς
409 2423 441 2450 ἂν
454 2425 607 2461 ἐγγένηται.
623 2426 693 2461 Ὅρα
703 2425 741 2458 δὲ,
753 2426 793 2452 ὅτι
807 2426 853 2453 ἐπὶ
866 2427 914 2462 μὲν

126 2468 180 2495 τῶν
194 2468 317 2502 ἀγγέλων
328 2469 477 2502 εὐθυϐόλως
488 2468 549 2496 εἷπε
562 2470 688 2506 φωτίζειν
700 2471 731 2497 τὸ
746 2471 813 2505 φῶς,
828 2473 873 2498 ἐπὶ
886 2472 914 2498 δὲ

126 2513 180 2540 τῶν
193 2513 286 2549 ψυχῶν
301 2515 432 2550 πρότερον
444 2516 603 2543 ἀπελαύνειν
618 2517 648 2543 τὸ
667 2517 716 2551 τῆς
733 2517 835 2552 πλάνης
850 2518 913 2544 σκό-

126 2568 172 2592 τος
194 2559 240 2586 καὶ
261 2559 331 2586 οὕτω
352 2560 492 2594 φωτίζειν·
510 2563 535 2588 οἱ
558 2562 613 2598 γὰρ
633 2562 741 2597 ἄγγελοι
764 2562 844 2589 ἁπλοῖ
867 2563 914 2589 xui

129 2604 284 2641 μονοειδεῖς,
299 2605 346 2632 xui
365 2605 394 2639 ἐξ
413 2606 498 2642 ἀρχῆς
513 2607 543 2634 τὺ
558 2608 615 2642 φῶς
628 2609 782 2644 ἐσχηκότες,
794 2609 826 2644 τῇ
838 2609 915 2636 ἀκλι-

128 2653 168 2679 νεῖ
184 2651 312 2679 ἀνατάσει
325 2653 486 2687 φωτίζονται
504 2654 613 2686 τήντες,
625 2656 648 2681 οἱ
669 2655 692 2681 δ’
712 2655 859 2690 ἄνθρωποι,
875 2656 915 2683 δι-

128 2698 190 2725 πλοῖ
208 2698 300 2732 όντες,
322 2700 368 2726 xui
393 2700 481 2735 σάρκα
505 2702 706 2737 περιφέροντες,
717 2703 913 2739 συνειθισμένοι

129 2746 182 2773 elei
196 2747 257 2778 ταῖς
279 2748 424 2782 κοσμικαῖς
444 2748 565 2782 ἀγνοίαις
584 2749 630 2776 xui
651 2750 778 2782 πλάναις·
798 2750 844 2777 xui
864 2750 915 2777 οὐκ

171 2835 181 2855 ι
196 2835 264 2864 ch.
279 2844 298 2865 t.
337 2841 356 2852 “
367 2837 443 2866 Rom.
456 2846 475 2872 ι,
487 2837 531 2865 20.

969 2286 1176 2320 descripsimus,
1194 2286 1275 2313 modo
1292 2286 1434 2313 dicendum
1455 2286 1488 2312 de
1509 2285 1570 2313 luce
1594 2284 1755 2313 intellectili.

968 2333 1073 2361 Dicitur
1093 2332 1186 2367 itaque
1212 2333 1281 2360 Deus
1310 2332 1354 2360 lux
1369 2351 1377 2364 ,
1396 2332 1444 2360 sed
1473 2331 1658 2364 intellectilis,
1683 2332 1754 2366 quod

968 2386 1077 2406 omnem
1100 2378 1252 2414 angelicum
1276 2378 1444 2406 intellectum
1470 2377 1621 2410 illuminet,
1643 2385 1753 2404 omnem

970 2429 1060 2452 autem
1074 2424 1255 2459 ignorantiam
1277 2431 1312 2452 ex
1331 2424 1440 2456 animis,
1457 2423 1555 2458 quibus
1579 2424 1649 2451 inest
1663 2428 1754 2451 exter—

968 2472 1063 2500 minet.
1080 2472 1198 2500 Observa
1213 2478 1287 2504 vero,
1304 2470 1376 2505 quod
1390 2470 1417 2497 in
1433 2469 1537 2505 angelis
1556 2470 1664 2504 quidem
1679 2474 1753 2497 recta

967 2519 1122 2553 conjectura
1148 2517 1246 2545 dixerit
1272 2517 1359 2544 lucem
1377 2516 1541 2548 illuminare,
1558 2516 1585 2542 in
1608 2515 1754 2542 animabus

969 2571 1032 2591 vero
1050 2564 1128 2597 prius
1143 2563 1245 2591 erroris
1261 2562 1385 2590 tenebras
1399 2562 1507 2596 ejicere,
1523 2565 1550 2589 et
1574 2566 1629 2588 tum
1651 2561 1753 2588 illumi-

967 2617 1048 2643 nare;
1065 2617 1127 2637 nam
1146 2609 1233 2644 angeli
1246 2616 1308 2637 cum
1326 2609 1463 2644 simplices
1476 2616 1509 2635 ac
1523 2608 1672 2636 uniformes
1685 2608 1751 2639 sint,

966 2660 993 2684 et
1007 2657 1040 2684 ab
1056 2657 1133 2685 initio
1148 2656 1215 2684 lucis
1230 2656 1376 2691 participes
1389 2655 1554 2687 exstiterint,
1567 2655 1695 2682 continua
1711 2655 1752 2681 in-

968 2704 1089 2731 tentione
1104 2711 1198 2732 onmes
1219 2703 1422 2736 illuminantur;
1448 2702 1571 2730 homines
1591 2709 1653 2729 vero
1664 2721 1671 2733 .
1687 2709 1748 2728 cum

967 2749 1089 2785 duplices
1105 2751 1167 2783 sint,
1185 2755 1214 2778 et
1229 2757 1338 2778 carnem
1355 2748 1558 2781 circumferant,
1575 2747 1750 2775 saecularibus
