1938 3065
197 109 249 136 759

747 109 773 138 S.
794 109 943 138 DIONYSII
962 109 1194 138 AREOPAGITJE

1779 112 1836 139 760

196 166 357 201 ignorantiis
372 166 573 201 'erroribnsque
588 170 650 193 stmt
671 167 784 197 assueti.
800 174 853 193 non
870 174 969 200 possun

1034 167 1067 193 ἂν
1081 167 1240 202 φωτισοεῖεν
1250 166 1338 199 ἄλλως
1352 168 1376 194 εί
1390 166 1427 203 μὴ
1437 166 1468 193 τὸ
1480 166 1574 200 σκότος
1586 168 1737 205 ἀπελασθῇ.
1748 170 1835 198 Ὅθεν

194 213 273 241 aliter
297 213 463 245 illuminari,
481 212 531 240 nisi
549 213 667 239 tenebrae
682 214 798 247 depulsa:
823 215 886 240 sint.
904 214 980 242 Unde

194 267 256 287 cum
273 259 317 287 lux
343 265 437 287 natura
463 268 509 287 sua
534 260 614 286 simul
636 268 697 286 cum
718 260 836 287 tenebris
854 268 915 288 esse
931 268 977 288 ne-

193 311 285 340 queat,
300 307 401 334 idcirco
421 307 479 333 lttce
497 306 679 339 subintrante,
696 307 815 334 tenebrat
836 307 979 341 fugantur;

193 358 220 380 et
245 358 376 387 quantum
398 353 442 379 lux
468 353 628 385 ingreditur,
654 357 757 379 tantum
780 354 876 379 animm
895 353 979 387 ipsam

194 398 371 434 dcgustantes
385 400 471 434 magis
486 402 630 432 appetunt;
648 403 675 425 et
688 403 792 432 quanto
812 397 863 424 illa:
885 396 979 430 majori

192 445 328 472 desiderio
353 451 480 479 aguntur,
497 449 573 471 tanto
598 443 683 478 magis
709 443 754 470 lux
777 443 895 477 aﬂ‘ulget,
913 450 981 477 quo-

192 492 266 518 niam
283 491 435 518 dilexerunt
450 490 575 522 multum,
590 490 668 523 juxta
684 494 779 516 sancta
799 489 942 523 Evangelia
953 493 978 515 ιι.

192 536 250 564 Non
266 537 338 564 enim
354 541 465 570 repente
479 536 524 562 lux
549 535 668 569 allulget,
685 543 718 561 ne
741 535 848 569 quando
863 534 980 568 caligine

192 581 379 615 emundantur,
395 583 466 610 sicut
480 582 613 617 contingit
627 582 661 608 iis
676 582 722 616 qui
740 589 755 608 e
777 581 917 615 profundis
940 587 980 608 te-

191 627 285 656 nebris
296 627 380 655 solent
394 628 504 655 directis
519 628 606 655 oculis
621 627 719 653 intueri
736 627 841 658 volunt;
860 627 906 653 sed
918 633 980 653 sen-

192 673 255 706 sim,
267 673 344 707 juxta
357 673 493 700 modulum
508 681 602 700 eorutn
618 672 663 707 qui
676 672 766 698 lumen
784 671 931 705 excipiunt,
950 676 980 698 ut

190 727 279 753 tneque
292 720 351 746 luce
366 719 448 746 nimia
463 719 624 746 inlirminres
637 717 743 747 obruat.
760 724 848 751 neque
860 724 978 748 rursum,

190 771 302 800 propter
325 765 434 792 luminis
459 765 588 799 iuopiatu,
605 763 710 790 meritis
733 770 785 789 nou
804 762 978 796 respondeat,

190 814 238 838 sed
260 811 339 846 juxta
365 811 570 845 suscipientium
587 810 666 844 391
695 816 806 836 sursum
833 809 978 836 contuendi

1032 214 1079 240 καὶ
1096 213 1158 240 ἐπεὶ
1169 214 1219 239 οὐκ
1234 213 1290 248 ἔχει
1306 211 1386 248 φύσιν
1394 214 1424 240 τὸ
1431 213 1489 248 φῶς
1498 213 1537 249 τῷ
1547 215 1637 241 σκότει
1648 217 1779 248 συνεῖναι,
1786 216 1835 244 διὰ

1031 259 1110 286 τοῦτο
1121 259 1168 286 τοῦ
1184 259 1272 294 φωτὸς
1284 259 1523 295 ὑπεισερχομένου,
1537 260 1568 287 τὸ
1578 261 1672 293 σκότος
1682 261 1833 290 διώκεται.⁶

1032 307 1078 333 καὶ
1088 307 1150 332 ὅσον
1164 307 1195 333 τὸ
1209 307 1266 341 φῶς
1284 307 1482 343 ἐπεισέρχεται,
1497 307 1592 334 τούτου
1612 309 1640 334 αἱ
1659 307 1744 344 ψυχαὶ
1759 309 1834 336 ἀπο-

1031 352 1186 387 γευόμεναι,
1196 352 1294 388 μᾶλλον
1311 353 1431 388 ἐφίενται
1443 361 1450 369 ·
1466 353 1513 380 καὶ
1527 353 1636 389 μᾶλλον,
1646 353 1737 381 αὐτῶν
1753 355 1833 389 ἐφιε-

1033 399 1131 433 μένων,
1145 399 1244 434 μᾶλλον
1257 399 1443 435 ὲπιλάμπειτὸ
1455 399 1522 435 φῶς,
1531 400 1572 426 ὃτι
1584 400 1730 436 ἠγάπησαν
1745 401 1830 433 πολὺ,

1031 444 1101 471 κατὰ
1114 445 1148 471 τὰ
1162 445 1223 481 ἱερὰ
1234 446 1396 480 Εὑαγγέλια.
1413 447 1449 472 Οὐ
1465 446 1520 482 γὰρ
1533 446 1662 481 ἐξαίφνης
1673 446 1829 482 ἐπιλάμπει

1031 490 1061 517 τὸ
1078 490 1144 525 φῶς,
1160 491 1204 518 ἵνα
1228 492 1265 526 μή
1286 500 1344 523 πως
1365 491 1550 524 σκοτισθῶσιν,
1565 492 1659 528 ὥσπερ
1681 492 1830 528 συμϐαίνει

1030 537 1087 568 τοῖς
1101 536 1230 572 ἐξαίφνης
1243 537 1298 563 ἀπὸ
1314 537 1410 572 βαθέος
1425 537 1537 569 σκάτους
1555 537 1593 573 τῷ
1607 537 1674 573 ἡλίῳ
1690 539 1828 573 ὲπεντρα-

1031 581 1114 613 νίζειν
1130 582 1267 609 ἐθέλουσιν
1279 591 1286 598 ·
1303 582 1371 609 ἀλλὰ
1393 584 1452 610 κατ’
1466 583 1555 618 ὀλίγον
1575 584 1622 611 καὶ
1641 583 1709 619 πρὸς
1728 584 1759 610 τὸ
1774 584 1827 619 μέ-

1030 635 1094 663 τρον
1105 627 1160 654 τῶν
1175 628 1389 664 ὑποδεχομένων,
1400 629 1445 656 ὅτε
1456 629 1494 664 τῷ
1508 629 1659 665 πληθυσμῷ
1669 630 1733 661 τοὺς
1743 629 1827 656 ἀσθε-

1031 673 1173 709 νεστέρους
1189 675 1408 707 καταδαπτίζων,
1422 675 1576 703 οὕτε’πὰλιν
1593 676 1636 702 ἐπ’
1649 675 1759 702 ἔλαττον
1771 685 1826 702 πα-

1031 719 1066 755 ρὰ
1078 720 1132 746 τῶν
1145 720 1228 753 ἀξίων
1241 720 1423 756 χωρούμενον,
1437 721 1504 747 ἀλλὰ
1518 721 1588 748 κατὰ
1603 722 1651 757 τὴν
1660 721 1714 748 τῶν
1730 721 1826 748 ὑποδερ

1030 763 1151 799 χομένων
1167 766 1207 796 είς
1226 765 1370 793 ἁνάνευσιν
1384 766 1529 801 ἀναλογίαν
1542 776 1548 783 ·
1563 767 1643 794 τοῦτο
1660 767 1714 802 γάρ
1734 768 1822 800 ἐστιν,

1030 809 1044 835 ὃ
1057 811 1103 837 καὶ
1117 810 1245 846 ἀνωτέρω
1262 811 1346 846 λέγει,
1359 812 1400 839 ὃτι
1413 812 1488 846 τάξις
1504 813 1551 840 καὶ
1565 813 1664 849 μέτρον
1682 813 1759 849 ἡμῶν
1773 814 1822 840 ὲσ-

189 858 369 893 eapacitatem
386 862 566 892 temperetur;
582 857 632 884 hoc
651 857 722 883 ettim
738 862 781 883 est
803 856 876 890 quod
894 855 977 882 etiam
1019 865 1060 882 τιν
1072 857 1085 882 ὁ
1099 856 1175 888 Θεός.

189 905 315 939 superius
340 904 418 936 dixit,
442 904 525 930 Deum
548 910 608 930 esse
627 902 750 930 ordinem
779 907 808 930 et
832 908 988 928 mensuram
1006 907 1137 930 nostram.

220 949 234 986 §
250 950 297 978 Vl.
310 950 378 977 illud
392 949 463 984 quod
483 957 564 984 supra
587 957 662 976 omne
679 949 766 975 lumen
779 969 786 982 ,
812 948 913 976 bonum
938 948 971 974 lu-

1064 948 1077 984 §
1095 948 1137 975 Vl.
1155 950 1240 976 Τοῦτο
1252 950 1282 977 τὸ
1295 951 1370 985 ὑπὲρ
1380 950 1441 978 πᾶν
1454 951 1527 985 φῶς,
1549 951 1650 986 ἀγαθὸν
1666 951 1724 986 φῶς
1740 951 1821 986 λέγε-

188 1004 251 1023 men
269 996 384 1028 dicitur;
409 996 472 1029 quia
499 994 583 1021 etiam
610 1002 718 1022 omnem
746 999 864 1021 utentem
879 1001 977 1028 supra-

188 1043 365 1073 mundanam,
380 1041 492 1081 sciliceg
505 1041 637 1067 virtutum
655 1040 838 1075 superiorum,
856 1040 976 1067 circum-

188 1089 354 1115 ntundanam
383 1087 455 1115 illam
480 1087 644 1122 angelicam,
668 1087 695 1113 id
727 1092 769 1113 est
793 1093 888 1113 eorum
915 1086 974 1120 qui,

183 1135 261 1170 juxta
286 1134 446 1168 Apostolum
459 1137 483 1166 ο,
499 1133 527 1160 in
553 1133 738 1160 miuisteriutn
764 1132 851 1164 missi,
887 1136 915 1159 et
941 1132 975 1158 ad

186 1180 396 1207 aediﬁcationem
417 1183 445 1205 et
459 1178 620 1213 obsequium
635 1179 754 1206 ordinati
775 1183 839 1205 sunt
851 1178 890 1212 (id
901 1178 974 1205 enim

187 1229 269 1253 etiam
283 1226 309 1252 in
327 1225 396 1251 libro
414 1225 450 1250 De
466 1224 563 1251 cmlesti
578 1224 731 1250 hieran/tia
744 1224 838 1258 tradit)
850 1227 880 1251 et
893 1231 974 1250 mun-

187 1272 300 1302 dialem,
314 1271 420 1298 scilicet
442 1271 589 1297 humanatn
607 1277 638 1297 ex
655 1277 705 1296 sua
722 1269 892 1303 plenitudine
911 1269 974 1296 illu-

189 1318 288 1348 minat,
310 1316 389 1351 juxta
412 1316 533 1342 divinum
565 1314 718 1348 apostolum
736 1319 762 1341 et
778 1314 973 1349 evangelistam

186 1363 319 1389 Joannem
331 1367 354 1393 ι’,
368 1362 504 1388 dicentem
521 1371 527 1387 :
547 1360 579 1386 Ει
593 1369 625 1387 ea;
635 1360 799 1394 plenitudine
811 1361 868 1394 ejus
884 1368 973 1387 omnes

186 1409 345 1443 accepimus.
382 1407 427 1434 Vel
455 1407 705 1442 suptamundanam
736 1406 775 1432 ait
804 1406 971 1440 spiritalem;

185 1454 469 1486 circummtntdanam,
492 1452 655 1484 animalem;
674 1458 700 1480 ct
716 1452 894 1485 mundialem,
910 1460 971 1479 car-

184 1501 286 1529 nalem.
298 1499 346 1528 Vel
357 1500 440 1526 etiam
455 1499 543 1530 aliter,
558 1498 821 1531 supramuudialem,
836 1506 896 1524 eam
912 1505 973 1532 quae

184 1548 350 1581 theologiam
364 1547 458 1578 docet;
477 1543 763 1576 circummuudialem,
779 1551 839 1578 qua:
855 1548 969 1570 natura-

184 1595 238 1620 lcut
253 1592 528 1626 contemplationem;
547 1589 711 1617 mundialem
735 1597 795 1624 quae
820 1590 970 1625 practicam

184 1640 314 1665 virtmcm
332 1638 424 1665 tradit.
456 1637 528 1664 Deus
549 1637 647 1663 iterum
664 1635 710 1662 lux
727 1640 779 1667 est,
795 1635 860 1669 quia
876 1641 970 1661 otuttes
985 1655 1005 1682 Ο

184 1685 322 1713 intellectu
338 1685 467 1719 praeditas
481 1683 607 1715 virtutes,
623 1689 684 1709 cum
709 1681 834 1709 cwlestes
851 1685 907 1707 tum
923 1688 971 1707 no-

184 1736 257 1758 stras
285 1732 417 1764 rcnovat.1
429 1729 569 1763 Quomodo
596 1733 686 1754 autem
717 1732 830 1754 renovat.
859 1726 971 1753 lumen?

183 1777 316 1810 Quoniam
335 1776 463 1803 videlicet
489 1783 520 1802 ex
549 1774 725 1808 proportione
754 1780 843 1800 rerum
872 1779 970 1806 corpo-

183 1831 293 1851 rearum
307 1822 497 1857 intelliguntur
509 1829 539 1847 ea
553 1828 613 1855 qua:
632 1819 664 1846 ad
684 1819 805 1846 animum
831 1823 858 1845 et
884 1818 968 1845 inteL

184 1869 281 1895 lectum
307 1872 443 1903 spectant.
471 1866 705 1900 Quemadmodum
733 1865 816 1898 igitur
839 1864 969 1899 juventus

183 1919 236 1947 est,
259 1915 285 1942 in
308 1923 360 1949 qua
378 1921 478 1948 corpus
499 1913 602 1947 optime
622 1911 781 1938 functiones
799 1918 864 1938 suas
890 1911 970 1938 obire

182 1961 266 1993 valet,
282 1961 385 1987 senium
411 1967 485 1992 vero,
501 1959 527 1985 in
542 1966 597 1993 qtto
616 1967 667 1985 non
683 1958 766 1990 valet,
785 1957 824 1984 sic
840 1957 922 1984 etiam
942 1961 970 1983 et

183 2007 279 2033 anima:
301 2010 328 2033 et
345 2005 446 2032 mentis
467 2003 572 2030 senium
594 2003 703 2037 quidem
727 2007 779 2035 est,
800 2003 827 2029 in
845 2009 900 2036 quo
915 2009 968 2028 non

183 2055 271 2086 potest
284 2051 397 2084 exsequi
415 2056 513 2076 munus
526 2055 617 2079 suum,
631 2046 760 2080 juventus
781 2054 855 2077 vero,
873 2046 898 2072 in
913 2053 966 2077 qua

182 2101 280 2132 potest.
296 2098 362 2124 Dum
387 2097 478 2131 itaque
499 2102 576 2122 mens
599 2094 625 2119 in
645 2093 747 2120 erroris
767 2098 793 2120 et
807 2093 968 2127 lgnorantiie

183 2144 304 2170 tenebris
331 2149 467 2173 Versatur,
493 2141 695 2176 quodammodo
725 2139 906 2169 consenescit,
940 2143 968 2165 et

182 2191 255 2217 vires
271 2190 329 2223 ejus
348 2190 564 2222 obtorpescunt;
583 2194 676 2213 verum
693 2186 736 2213 ubi
756 2186 801 2212 lux
813 2184 968 2219 intelligihi-

182 2238 214 2264 l‘is
229 2235 350 2270 al‘l‘ulget,
366 2239 522 2265 renovatur,
547 2238 575 2259 et
597 2240 658 2267 qua:
686 2232 727 2259 sui
756 2233 879 2258 muneris
904 2234 967 2257 sunt

181 2283 295 2317 exsequi
314 2282 395 2309 valet.
411 2282 497 2308 Porro
513 2282 606 2308 radius
633 2279 678 2306 ille
697 2277 766 2305 lucis
786 2277 966 2311 intelligibilis

1027 1003 1082 1028 ται,
1099 995 1146 1022 καὶ
1164 996 1205 1023 ὃτι
1227 997 1316 1024 πάντα
1338 997 1401 1024 νοῦν
1422 998 1617 1034 ὐπερκόσμιον,
1635 997 1756 1034 δηλονότι
1770 998 1819 1024 τὸν

1026 1041 1080 1068 τῶν
1091 1042 1218 1078 ἀνωτέρω
1232 1043 1387 1078 δυνάμεων,
1405 1045 1583 1080 πρικὸσμιον
1597 1045 1644 1072 τὸν
1657 1043 1817 1079 ἀγγελικὺν,

1026 1087 1147 1114 τουτέστι
1161 1088 1216 1116 τῶν
1228 1090 1276 1116 ἐπὶ
1286 1089 1440 1126 λειτουργίᾳ
1457 1090 1704 1126 ἀποστελλομένων,
1716 1091 1764 1118 καὶ
1774 1092 1817 1122 εἰς

1025 1133 1166 1170 διοίκησιν,
1180 1135 1227 1162 καὶ
1244 1136 1379 1162 διακονίαν
1396 1137 1568 1172 τεταγμένων
1583 1137 1654 1164 κατὰ
1669 1137 1714 1164 τὸν
1735 1138 1818 1164 Ἀπό-

1026 1179 1117 1205 στολον
1138 1179 1218 1214 (οὕτω
1247 1181 1302 1216 γὰρ
1320 1181 1368 1208 καὶ
1392 1182 1422 1208 ὲν
1440 1182 1480 1217 τῷ
1502 1182 1574 1217 Περὶ
1597 1182 1652 1217 τῆς
1670 1183 1816 1216 οὐρανίου

1024 1226 1174 1260 ιεραρχίας
1191 1227 1258 1263 φησί
1269 1227 1287 1262 ·)
1311 1228 1358 1254 καὶ
1378 1229 1534 1263 ὲγκόσμιον,
1556 1229 1602 1255 τὸν
1631 1228 1815 1264 ἀνθρώπινον,

1024 1271 1056 1296 ἐκ
1071 1270 1119 1297 τοῦ
1141 1271 1241 1298 οἰκείου
1261 1272 1443 1308 πληρώματος
1466 1273 1647 1309 καταλάμπει,
1670 1274 1742 1301 κατὰ
1766 1275 1816 1301 τὸν

1025 1316 1094 1343 θεῖον
1110 1318 1258 1346 ἀπόστολον
1270 1320 1316 1345 καὶ
1327 1319 1523 1355 εὑαγγελιστὴν
1542 1320 1666 1355 Ἰωάννην
1681 1320 1813 1355 λέγοντα·

1024 1362 1078 1389 Καὶ
1090 1363 1124 1390 ἐκ
1135 1363 1188 1390 τοῦ
1199 1365 1395 1400 πληρώματος
1413 1365 1505 1392 αὐτοῦ
1523 1365 1633 1398 πάντες
1653 1365 1813 1401 ἐλάϐομεν.

1025 1409 1060 1435 ’³11
1076 1409 1262 1444 ὑπερκόσμιόν
1276 1418 1342 1446 φησι
1356 1410 1401 1437 τὸν
1417 1411 1601 1446 πνευματικόν
1611 1419 1617 1425 ’
1633 1411 1814 1446 περικὸσμιον

1022 1456 1068 1482 τὸν
1081 1456 1194 1491 ψυχικόν
1205 1465 1210 1471 ·
1227 1457 1381 1492 ὲγκόσμιον,
1391 1457 1435 1483 τὸν
1448 1457 1577 1493 σαρκικόν
1589 1478 1595 1484 .
1612 1458 1646 1484 Ἦ
1658 1458 1704 1484 καὶ
1712 1457 1812 1490 ἄλλως,

1023 1503 1205 1538 ὐπερκόσμιον
1227 1502 1272 1528 τὸν
1286 1503 1335 1538 τὴν
1353 1502 1492 1537 θεολογίαν
1518 1503 1716 1538 κατορθοῦντα”
1733 1511 1814 1539 περι-

1022 1548 1135 1583 κόσμιον
1152 1547 1198 1574 τὸν
1212 1547 1261 1583 τὴν
1274 1548 1389 1584 φυσικὴν
1401 1548 1516 1585 Θεωρίαν
1525 1541 1692 1584 ·’ἐγκόσμιον
1703 1549 1748 1575 τὸν
1760 1549 1813 1584 τὴν

1024 1593 1176 1629 τῳακτικὴν
1191 1594 1300 1630 ἀρετήν.
1313 1593 1371 1626 Φῶς
1385 1594 1466 1621 πάλιν
1479 1595 1493 1620 ὁ
1511 1594 1586 1627 Θεὸς,
1599 1595 1665 1621 διότι
1677 1594 1726 1627 τὰς
1745 1594 1812 1627 ὅλας

1023 1641 1118 1676 νοερὰς
1130 1641 1267 1676 δυνάμεις,
1281 1641 1331 1672 τάς
1350 1649 1379 1667 τε
1392 1643 1421 1667 ἐν
1433 1641 1537 1676 οὐρανῷ
1550 1642 1597 1668 καὶ
1609 1641 1658 1673 τὰς
1673 1642 1812 1677 ἡμετέρας

1023 1686 1172 1718 ἁνανεάζει.
1189 1687 1251 1719 Πῶς
1269 1687 1298 1713 δὲ
1321 1687 1462 1719 ἀνανεάζει
1476 1687 1506 1714 τὸ
1524 1687 1598 1722 φῶς;
1614 1687 1630 1722 ἢ
1645 1687 1764 1722 δηλονότι
1779 1687 1810 1720 ἐξ

1022 1732 1166 1766 ἀναλογίας
1188 1733 1243 1759 τῶν
1267 1733 1439 1768 σωματικῶν,
1462 1734 1510 1760 καὶ
1531 1733 1566 1759 τὰ
1588 1733 1691 1768 ψυχικά
1715 1742 1748 1759 τε
1761 1735 1810 1760 καὶ

1022 1776 1102 1811 νοερά
1120 1777 1346 1812 ὲκλαμόἀνονται.
1370 1777 1412 1809 Ὠς
1427 1778 1492 1811 γοῦν
1508 1778 1602 1812 νεότης
1613 1779 1682 1810 ἐστὶ,
1701 1778 1762 1804 καίΡ
1775 1779 1809 1814 ἣν

1020 1822 1050 1847 τὸ
1064 1822 1143 1857 σῶμα
1159 1822 1193 1849 τὰ
1207 1824 1294 1849 οἰκεῖα
1307 1823 1417 1850 δύναται
1439 1824 1571 1858 ἐνεργεῖν,
1584 1823 1671 1858 γῆρας
1687 1823 1726 1855 δὲ,
1745 1823 1807 1850 καθ’

1019 1869 1033 1895 ὃ
1049 1869 1078 1895 οὐ
1093 1868 1203 1896 δύναται
1213 1878 1219 1884 ⁸
1231 1868 1304 1895 οὕτω
1322 1869 1354 1905 δὴ
1367 1871 1413 1895 καὶ
1427 1869 1518 1906 ψυχῆς
1530 1870 1575 1895 καὶ
1588 1869 1633 1895 νοῦ
1643 1869 1730 1904 γῆρας
1745 1869 1806 1904 μὲν,

1020 1914 1081 1941 καθ’
1092 1915 1106 1940 ὃ
1119 1915 1149 1940 οὐ
1165 1914 1274 1941 δύναται
1288 1915 1409 1950 ἐνεργεῖν
1423 1914 1458 1940 τὰ
1470 1915 1566 1946 οἰκεῖα,
1589 1914 1682 1949 νεότης
1704 1914 1731 1940 δὲ
1744 1914 1806 1940 καθ’

1019 1961 1052 1996 ἢν
1064 1960 1183 1988 δύναται.
1205 1961 1249 1987 Ἐν
1261 1960 1326 1995 γοῦν
1340 1960 1378 1995 τῷ
1391 1961 1439 1996 τῆς
1454 1960 1558 1996 πλάνης
1572 1961 1617 1986 καὶ
1632 1960 1681 1994 τῆς
1694 1960 1806 1993 ἀγνοίας

1020 2006 1110 2032 σκότει
1129 2007 1143 2033 ό
1161 2005 1222 2038 νοῦς
1240 2005 1287 2038 ὢν,
1303 2007 1376 2042 γηρᾷ
1394 2003 1448 2032 οἷον
1461 2006 1507 2032 καὶ
1527 2006 1661 2040 ἀπρακτεῖ
1674 2004 1742 2031 κατά
1755 2004 1804 2036 τὰς

1019 2052 1120 2083 οἰκείας
1134 2052 1277 2086 δυνάμεις·
1293 2051 1339 2078 τοῦ
1361 2051 1455 2087 νοητοῦ
1480 2051 1508 2078 δὲ
1531 2051 1620 2085 φωτὸς
1639 2050 1806 2085 ἐπιλάμψαν-

1017 2107 1072 2130 τος,
1096 2097 1265 2127 ἀνανεοῦται,
1291 2098 1338 2124 καὶ
1358 2096 1393 2123 τὰ
1419 2097 1507 2123 οἰκεῖα
1527 2096 1655 2132 πράττειν
1676 2095 1801 2123 δύναται.

1017 2141 1090 2176 Αὕτη
1109 2140 1156 2167 τοῦ
1178 2140 1274 2176 νοητοῦ
1298 2142 1385 2176 φωτὸς
1402 2141 1418 2176 ἡ
1432 2141 1509 2172 ἀκτὶς
1520 2141 1624 2172 πάντας
1638 2140 1759 2176 περιέχει
1773 2141 1804 2168 ὲν

1016 2186 1054 2221 τῷ
1077 2186 1215 2221 ὑπερεῖναι
1234 2186 1341 2212 πάντων
1358 2187 1404 2212 καὶ
1421 2186 1457 2221 μὴ
1479 2184 1541 2220 παρ’
1554 2185 1659 2216 οὐδενὸς
1678 2184 1804 2220 περιέχε-

1018 2231 1088 2263 σθαι,
1105 2231 1152 2256 καὶ
1168 2230 1261 2262 ἁπλῶς
1284 2231 1374 2256 πᾶσαν
1401 2230 1451 2266 τῆς
1474 2229 1640 2264 φυπιστικῆς
1660 2229 1803 2264 δυνάμεως

1016 2276 1163 2311 κυριότητα
1184 2276 1230 2302 καὶ
1251 2275 1375 2308 ἐξουσίαν
1394 2275 1571 2306 συλλαϐοῦσα,
1588 2275 1634 2301 καὶ
1659 2275 1802 2310 ὑπερέχει,

181 2333 286 2356 tuentes
301 2335 396 2354 omnes
412 2328 546 2358 continet,
560 2334 620 2352 cutn
643 2332 725 2359 supra
737 2331 833 2350 omnes
844 2329 896 2354 est,
909 2328 936 2349 et
951 2330 966 2349 a

1023 2322 1057 2347 in
1071 2321 1141 2356 ὑπὲρ
1154 2322 1242 2348 πάντα
1254 2321 1289 2348 τὰ
1305 2321 1382 2355 φῶτά
1400 2322 1457 2348 ἐστι
1479 2321 1526 2347 καὶ
1546 2320 1683 2356 προσέχει,
1699 2321 1742 2346 ὅτι
1754 2321 1802 2356 δη-

181 2374 254 2402 nullo
276 2373 440 2405 continetur,
454 2378 536 2406 atque
558 2378 667 2398 omnem
691 2369 853 2404 simpliciter
869 2368 966 2395 illumi-

180 2420 264 2447 nandi
289 2418 427 2446 facultatis
455 2418 624 2445 dominatum
650 2423 682 2443 ac
713 2420 876 2450 potestatem
891 2421 966 2441 com-

181 2466 333 2499 prehendit,
354 2469 382 2491 et
407 2463 583 2499 supet‘habet,
609 2462 739 2496 quoniam
766 2468 846 2495 supra
872 2460 965 2487 omnia

181 2513 283 2538 lumina
303 2511 415 2542 existit;
428 2516 454 2537 et
469 2510 618 2544 pratltabet,
632 2509 762 2543 quoniam
777 2508 873 2534 harutn
885 2514 964 2533 crea-

181 2563 223 2584 tor
238 2562 288 2589 est,
308 2563 336 2584 et
356 2558 446 2584 omnia
468 2560 626 2591 congregat,
653 2560 680 2582 et
701 2555 727 2581 in
742 2562 823 2580 unutn
840 2553 959 2587 copulat.

179 2604 319 2636 Quomodo
333 2608 422 2630 autem
440 2603 483 2629 lux
500 2602 592 2629 omnia
607 2605 754 2636 congrege!
777 2605 805 2627 et
830 2599 856 2626 in
877 2607 960 2625 unum

179 2650 296 2684 copulet,
314 2649 410 2684 probat
426 2657 440 2675 a
452 2649 603 2675 contrario.
620 2647 696 2674 Sicut
714 2646 786 2673 enim
807 2645 960 2680 ignorantia

178 2702 302 2723 errantes
318 2695 414 2722 dividit
433 2695 488 2729 (qui
499 2694 570 2721 enim
586 2694 703 2727 ignorat,
721 2692 748 2718 in
765 2692 848 2718 multa
863 2691 962 2718 distra-

179 2743 278 2777 hitur),
291 2742 330 2769 sic
346 2741 456 2768 luminis
468 2739 689 2775 cognitionisque
703 2738 847 2772 prmsetttia
860 2736 963 2771 colligit

217 2833 304 2860 'Luc.
322 2840 366 2866 nt,
383 2831 426 2858 47,
467 2835 479 2848 ⁸
495 2830 594 2865 lipites.
612 2835 648 2861 tv,
666 2827 706 2854 l2.
746 2832 762 2852 ι’
776 2825 854 2853 Joau.
871 2833 890 2857 ιγ
909 2824 951 2853 l6.

1021 2368 1149 2403 μιουργδς
1167 2368 1269 2395 τούτων
1290 2368 1358 2399 ἐστὶ,
1372 2369 1419 2394 καὶ
1437 2368 1526 2394 πάντα
1538 2368 1647 2401 συνάγει
1659 2367 1705 2393 καὶ
1717 2366 1801 2402 ἀολλῆ

1019 2415 1098 2440 ποιεῖ.
1112 2415 1173 2446 Πῶς
1186 2415 1213 2440 δὲ
1224 2414 1306 2449 ἀολλῆ
1317 2414 1363 2440 καὶ
1377 2413 1592 2448 συνηθροισμένα
1605 2413 1677 2438 ποιεῖ
1689 2412 1719 2438 τὺ
1730 2412 1800 2446 φῶς,

1018 2461 1171 2496 συνίστησιν
1194 2461 1226 2487 ἐκ
1244 2460 1291 2487 τοῦ
1310 2460 1429 2486 ἐναντίου
1441 2467 1448 2474 δ
1460 2459 1497 2491 ὡς
1517 2458 1571 2494 γὰρ
1585 2460 1602 2494 ἡ
1623 2458 1718 2492 ἄγνοια
1729 2458 1800 2484 διαι-

1018 2508 1110 2542 ρετική
1125 2508 1182 2533 ἐστι
1204 2507 1258 2532 τῶν
1283 2505 1536 2540 πεπλανημένωνρῷ
1557 2504 1615 2540 γὰρ’
1629 2503 1733 2539 ἀγνοῶν
1759 2504 1800 2536 εἰς

1017 2552 1101 2578 πολλὰ
1116 2551 1274 2587 μερίζεται),
1295 2551 1409 2585 οὖτωςή
1429 2550 1563 2585 παρουσία
1580 2549 1626 2576 τοῦ
1646 2548 1732 2584 φωτὸς
1753 2549 1801 2575 καὶ

1013 2599 1061 2632 τῆς
1084 2597 1208 2631 γνώσεως
1227 2596 1381 2631 συναγωγός
1395 2597 1452 2622 ἐστι
1466 2595 1519 2621 τῶν
1539 2596 1742 2630 φωτιζομένων·
1758 2594 1799 2620 ἔτι

1013 2644 1041 2670 δὲ
1055 2644 1101 2670 καὶ
1126 2642 1334 2678 ἐπιστρεπτικὴ,
1356 2641 1557 2676 ἐπιστρέφουσα
1575 2641 1628 2667 ἀπὸ
1650 2640 1698 2674 τῆς
1716 2640 1799 2666 πολυ-

1014 2691 1088 2721 θεῖας
1106 2690 1172 2724 πρὸς
1185 2689 1217 2715 τὺ
1229 2688 1312 2720 ὅντως
1326 2688 1355 2714 ὃν
1369 2688 1472 2723 (ὥσπερ
1490 2687 1565 2722 ἡλίου
1583 2686 1796 2721 ἐπιλάμψαντος,

1014 2735 1120 2772 πρῶτος
1136 2736 1149 2762 ὁ
1163 2734 1267 2769 βλέπων
1279 2735 1318 2765 είς
1337 2733 1417 2760 αὑτὸν
1430 2732 1631 2768 ἐπιστρέφεται,
1644 2732 1688 2759 καὶ
1701 2731 1797 2758 τούτου
