1938 3065
106 143 143 171 76
148 144 160 172 1“

392 144 436 172 DE
453 144 582 174 DlVlNIS
599 143 796 177 NOMlNlBUS,
814 145 892 175 CAP.
912 146 955 173 IV.
972 162 1005 167 —
1019 146 1194 174 PARAPIIR.
1213 145 1452 176 PACllYMERIE.

1687 151 1740 178 762

104 201 361 238 ἀντιλαμϐάνεται·)
376 203 422 229 καὶ
435 203 475 234 είς
489 202 553 238 μίαν
566 202 688 238 καθαρὰν
702 203 802 237 γνῶσιν
818 203 885 229 συνά

949 211 980 230 ea
1002 211 1063 237 quae
1090 204 1294 237 illnminantur;
1311 205 1422 240 insuper
1438 213 1506 234 vero
1520 207 1604 234 etiam
1619 216 1739 236 conver-

103 257 203 283 γουσα,
225 249 275 284 τὴν
294 249 459 283 θεογνωσίαν
478 248 590 284 δηλαδὴ,
608 249 657 281 τὰς
678 249 802 281 ποικίλας
822 249 898 283 ὁψεις

102 296 156 328 τὰς
177 297 216 328 εἰς
235 295 320 322 πολλὰ
341 295 546 331 μεμερισμένας
565 296 695 332 δηλονότι.
716 294 793 327 Εἶτα,
806 296 867 322 ἐπεὶ
879 296 896 330 ἡ

103 341 167 376 ὄψις
180 341 371 377 αὺθυπάρκτου
385 341 547 376 πράγματος
562 339 804 375 ἀντιλαμϐάνεται,
817 339 852 365 τὰ
868 339 897 365 δὲ

103 388 202 421 εἴδωλα
223 389 274 415 οὐκ
298 389 367 415 είσὶν
388 389 492 420 εἰκόνες
516 388 614 420 τινῶν,
645 387 713 414 ἀλλὰ
735 387 896 414 πλάττονται

103 434 160 470 (διὰ
170 435 248 461 τοῦτο
259 434 313 470 γὰρ
330 435 377 461 καὶ
396 435 494 462 εἴδωλα
510 433 736 470 ὠνομάσθησαν),
749 434 831 469 φησιν
843 433 895 463 ὅτι,

103 481 270 517 κυριώτερον
281 481 309 508 δὲ
322 482 420 513 εἰπεῖν,
429 481 578 516 φαντασίας
586 481 668 507 οἱονεὶ
679 478 896 515 πλασματώδεις,

102 527 207 559 ἑννοίας
222 527 286 563 περὶ
303 527 337 554 τὰ
360 527 490 564 αἰσθητά·
506 526 586 554 εἴωθε
605 526 660 562 γὰρ
672 527 688 561 ἡ
701 525 835 560 φαντασία
849 525 896 552 καὶ

102 573 139 600 τὰ
152 573 188 609 μὴ
205 573 269 600 ὄντα
285 574 334 601 καὶ
351 570 388 600 ὧν
411 575 451 606 είς
470 573 572 609 γνῶσιν
591 573 608 608 ἢ
630 573 694 599 θέαν
713 573 764 599 οὐκ
775 572 893 608 ἤλθομεν

102 619 295 646 ἀναπλάττειν.

951 249 1024 276 tcndi
1040 249 1094 276 vim
1123 249 1215 281 habet,
1229 248 1294 276 dum
1311 257 1325 277 a
1350 251 1434 278 multa
1451 252 1558 280 visione
1577 254 1610 280 ad
1627 253 1653 282 id
1667 256 1739 290 quod

950 302 1015 322 vere
1028 298 1070 320 est
1083 295 1221 322 convertit
1244 294 1483 330 (quemadmodum
1510 298 1617 327 lucente
1637 301 1694 328 sole
1715 301 1739 329 is

950 340 995 374 qui
1022 340 1106 371 videt,
1129 340 1163 367 ad
1191 340 1280 374 ipsum
1310 340 1429 374 primum
1450 345 1632 376 convertitur,
1656 345 1738 382 392

948 385 1093 420 ipsumque
1108 386 1230 420 excipit).
1246 390 1273 413 et
1288 385 1321 412 ad
1338 394 1419 413 unam
1434 395 1529 421 puram
1543 391 1737 426 cognitionem,

950 431 1079 459 videlicet
1093 432 1127 458 ad
1149 432 1195 459 Dei
1212 432 1350 465 notitiam,
1379 433 1493 461 addttcit
1516 435 1590 463 varia
1611 436 1655 463 illa
1670 438 1736 470 visa,

950 486 1011 512 qua}
1032 479 1161 505 nimirum
1183 479 1217 506 ad
1240 478 1323 506 multa
1348 484 1412 507 sunt
1437 481 1580 509 distracta.
1603 483 1737 511 Gteterum

949 531 1010 552 cum
1029 524 1104 552 visus
1129 532 1186 552 rem
1212 531 1262 559 per
1278 532 1308 553 se
1334 526 1529 554 subsistentem
1545 529 1673 562 postulet,
1689 529 1738 565 ﬁg-

947 574 1037 598 menta
1054 575 1145 598 autem
1168 578 1222 598 non
1246 570 1301 598 sint
1313 570 1448 607 imagines
1463 581 1555 600 rerum
1571 574 1736 610 aliquarum,

945 617 992 644 sed
1015 617 1152 652 ﬁngantur
1174 616 1247 652 (nam
1267 617 1371 645 idcirco
1389 618 1517 653 ﬁgmenta
1537 621 1736 656 nominantur),

101 665 190 700 magis
203 666 312 701 proprie
328 667 487 702 phantasias
516 675 563 694 seu
595 667 804 702 imaginationes
818 665 911 692 vocari
930 672 1013 700 posse
1050 665 1128 698 dicit,
1166 670 1263 700 utpote
1289 665 1428 694 fabulosus
1453 667 1635 703 cogitationes
1663 669 1736 696 circa

100 711 227 744 sensilia;
243 713 312 739 solet
330 713 402 739 enim
426 713 585 748 imaginatio
600 713 681 740 etiam
704 720 735 740 ea
757 720 817 747 quae
832 720 885 739 non
902 716 978 746 sunt,
991 715 1019 739 et
1038 710 1067 738 in
1088 718 1204 746 quorum
1224 711 1409 746 cognitionem
1440 713 1481 740 vel
1511 719 1650 749 aspectum
1683 722 1736 742 non

101 758 237 789 venimus,
251 757 389 793 effingere.

136 805 150 841 §
165 804 219 832 VII.
234 804 320 832 Τοῦτο
337 806 368 833 τὸ
385 806 486 840 ἀγαθὸν
499 807 622 842 ὑμνεῖται
637 807 684 834 καὶ
696 807 734 838 ὡς
749 805 831 833 καλὸν
844 804 893 831 καὶ¹

981 799 995 836 §
1011 799 1066 830 νη,
1082 799 1139 828 Hoc
1153 801 1218 828 item
1239 801 1339 828 bonum
1366 801 1493 830 laudatur
1512 804 1596 832 etiam
1623 811 1652 832 ut
1673 807 1735 841 pill-

98 849 138 881 ὡς
157 849 264 881 κάλλος,
279 850 327 877 καὶ
347 851 385 883 ὡς
404 851 510 888 ἀγάπη,
532 853 578 879 καὶ
593 852 634 884 ,ὡς
651 852 803 888 ἀγαπητόν.
814 849 886 877 Εἶται

946 847 1055 878 chrum.
1067 852 1096 873 et
1119 851 1149 874 ut
1171 847 1357 882 pulchritudo,
1379 855 1406 876 et
1424 854 1452 876 ut
1468 849 1588 884 dilectio,
1601 857 1629 879 et
1643 858 1672 880 ut
1686 854 1731 881 di-

98 896 162 922 ἐπεὶ
176 895 256 922 καλὸν
276 897 324 932 μὲν
340 897 397 924 ἔστι
410 897 441 924 τὸ
454 897 500 924 τοῦ
516 897 631 930 κάλλους
656 898 779 933 μετέχον,
794 896 891 928 κάλλος

98 941 128 968 δὲ
146 941 211 968 αὐτὸ
230 942 260 968 τὸ
279 943 470 978 μετεχόμενον,
492 943 539 970 καὶ
563 943 704 979 ἀγαπητὸν
725 943 774 978 μὲν
790 943 821 970 τὺ
842 943 891 978 τῆς

97 986 210 1022 ἀγάπης
223 987 346 1022 μετέχον,
360 988 454 1024 ἀγάπη
468 989 495 1015 δὲ
510 989 576 1015 αὐτὸ
595 989 626 1015 τὸ
640 988 831 1024 μτεχόμενον,
844 988 892 1015 καὶ

97 1033 141 1067 ιφ*
155 1034 220 1069 ἡμῖν
240 1033 311 1060 κατὰ
326 1034 458 1071 διαίρεσιν
476 1035 564 1062 ταῦτα
577 1035 726 1070 φαίνονται,
740 1036 780 1062 ὅτι
793 1034 827 1062 τὰ
842 1035 891 1070 μέν

97 1081 168 1106 εἰσιν
180 1079 261 1113 ἔξεις,
273 1080 308 1107 τὰ
328 1080 356 1107 δὲ
368 1081 444 1113 ἑκτὰ,
457 1083 549 1117 φησιν,
564 1082 605 1108 ὅτι
617 1082 666 1117 οὐχ
679 1081 765 1113 οὕτως
776 1081 831 1116 ἔχει
844 1081 891 1108 καὶ

98 1126 145 1153 ἐπὶ
164 1127 215 1162 τῆς
235 1128 264 1153 ὲν
285 1128 324 1154 ἑνὶ
344 1127 379 1154 τὰ
395 1128 444 1154 ὅλα
465 1129 656 1164 συνειληφυίας
668 1128 766 1160 αἰτίας.
793 1128 837 1154 Ἐν
852 1128 891 1154 ἑνὶ

97 1172 153 1208 γὰρ
165 1173 211 1200 καὶ
222 1173 262 1208 τῷ
274 1173 349 1208 αὑτῷ
365 1174 413 1200 καὶ
426 1174 476 1206 τὰς
496 1174 569 1206 ἕξεις
581 1175 629 1200 καὶ
641 1174 675 1200 τὰ
688 1174 755 1201 ἑκτὰ
771 1173 891 1210 συλλαμ-

97 1216 215 1244 ϐάνουσα
227 1217 288 1244 οὔτε
299 1219 336 1251 ὡς
350 1220 438 1252 ἑκτὸν,
453 1219 515 1246 οὔτε
528 1220 565 1252 ὡς
576 1219 642 1253 ἕξις,
652 1219 708 1246 ἀλλ’
720 1219 790 1254 ὑπὲρ
804 1218 890 1245 ταῦτα

96 1260 174 1294 οὖσα,
187 1263 261 1290 αίτία
283 1266 340 1296 τοῖς
354 1265 444 1297 ἄλλοις
463 1265 519 1292 τῶν
538 1265 667 1292 τοιούτων
685 1265 795 1300 ἀγαθῶν
814 1266 889 1299 γίνε-

95 1317 151 1336 ται.
169 1310 249 1336 Ὅθεν
270 1311 316 1337 καὶ
338 1311 436 1343 κάλλος
459 1312 508 1347 μὲν
521 1311 632 1346 λέγεται
645 1312 690 1338 διὰ
702 1311 750 1347 τὴν
764 1311 794 1344 ἐξ
806 1310 889 1338 αὑτοῦ

95 1353 280 1391 διαδιδομένην
299 1357 366 1383 πᾶσι
389 1357 531 1393 καλλονὴν,
555 1358 602 1384 καὶ
622 1357 666 1384 διὰ
680 1358 710 1384 τὸ
723 1356 791 1384 εἶναι
803 1358 889 1390 αἴτιος

95 1401 187 1437 πάσης
208 1402 390 1438 εὐαρμοστίας
413 1404 460 1430 καὶ
480 1403 611 1438 ἀγλαΐας·
627 1404 734 1439 (κάλλος
756 1404 810 1440 γάρ
830 1405 888 1430 ἐστι

95 1447 253 1484 συμμετρία
274 1448 362 1484 μελῶν
383 1449 431 1476 καὶ
451 1449 543 1485 μερῶν
565 1449 633 1485 μετὰ
651 1450 700 1484 τῆς
720 1449 888 1484 ἐπανθούσης

94 1493 221 1529 εὑχροίας
262 1495 278 1528 ἢ
293 1495 338 1521 καὶ
350 1495 394 1521 διὰ
406 1495 437 1521 τὸ
450 1496 539 1522 πάντα
552 1496 619 1531 πρὸς
633 1495 714 1522 ἑαυτὸ
726 1495 829 1527 καλεῖν,
843 1495 889 1522 καὶ

92 1539 131 1571 ὡς
141 1540 184 1566 ἀεὶ
195 1540 224 1567 ὃν
238 1541 285 1567 καὶ
300 1541 367 1576 μηδέ
382 1550 447 1568 ποτε
462 1542 621 1578 μειούμενον
634 1542 650 1577 ἦ
661 1540 741 1575 αὔξον
751 1551 757 1557 ·
770 1542 819 1574 τὰς
833 1542 887 1578 γὰρ
901 1563 923 1593 C

93 1587 248 1622 ὑπερϐολὰς
262 1588 310 1614 καὶ
317 1587 448 1622 ἐλλείψεις
462 1588 563 1620 κακίας
577 1588 689 1624 οἴδαμεν
703 1588 804 1623 λέγειν.
819 1589 886 1616 Οὐδὲ

92 1633 165 1660 κατά
177 1642 204 1659 τι
218 1635 265 1660 καὶ
278 1633 329 1660 ἀνὰ
349 1634 431 1670 μέρος
451 1635 544 1667 καλὸν,
558 1635 619 1662 οὐδὲ
633 1636 702 1662 κατά
715 1644 776 1661 τινα
793 1637 887 1671 χρόνον

92 1678 186 1710 καλὸν,
211 1680 281 1707 κατά
303 1689 363 1706 τινα
389 1681 417 1707 δὲ
441 1680 489 1707 οὔ·
505 1681 566 1707 οὐδὲ
593 1681 661 1717 πρός
681 1690 707 1708 τι
721 1681 812 1713 καλὸν,
825 1681 886 1707 οὺδέ

93 1733 155 1756 που,
169 1724 229 1750 οὐδέ
241 1733 312 1751 τισιν
322 1733 328 1739 ·
345 1725 372 1760 (ἃ
385 1725 417 1761 δὴ
437 1726 525 1752 πάντα
546 1726 577 1752 τὸ
589 1726 686 1758 κάλλος
701 1727 886 1763 περιπέιςευγε

92 1771 212 1803 πάντως,
231 1770 278 1797 τοῦ
304 1771 365 1797 καθ’
378 1772 452 1806 ἡμᾶς
464 1772 547 1799 καλοῦ
563 1772 743 1808 ὑποκειμένου
756 1772 786 1804 ἐξ
802 1773 886 1807 ἀνάγ-

92 1826 145 1853 κης
163 1818 219 1848 τοῖς
244 1816 376 1848 τοιούτοις
396 1817 648 1853 προσδιορισμοῐς
670 1817 727 1844 ἀλλ’
738 1818 812 1850 ὼςτὺ
825 1819 885 1845 καθ’

91 1864 172 1889 ἑαυτὸ
188 1862 321 1898 μονοειδὲς
334 1863 378 1889 ἀεὶ
390 1862 419 1890 ὃν
439 1862 531 1895 καλὸν,
556 1863 617 1890 ἐπεὶ
632 1863 693 1889 οὔτε
709 1864 885 1891 σκεδάννυται

91 1911 132 1941 εἰς
145 1909 217 1941 ἔξεις
229 1918 259 1935 τε
279 1909 325 1936 καὶ
344 1909 475 1945 διαφορὰς
488 1909 676 1942 καλλοποιούς.
690 1910 725 1936 Τὸ
740 1911 799 1937 καθ’
812 1912 884 1947 ἡμᾶς

90 1955 147 1991 γὰρ
168 1955 265 1987 κάλλος
284 1956 471 1987 σκεδάννυται,
484 1955 548 1982 ἄλλο
568 1955 622 1992 γὰρ
634 1956 732 1988 κάλλος
744 1956 884 1993 ὀφθαλμοῦ

89 2001 182 2037 τυχὸν,
204 2002 251 2029 καὶ
275 2001 340 2029 ἄλλο
365 2002 462 2034 κάλλος
486 2001 570 2038 ῥινὸς,
584 2003 631 2029 καὶ
651 2002 715 2030 ἄλλο
738 2003 883 2039 προσώπου

91 2048 202 2079 παντὸς,
217 2048 264 2074 καὶ
276 2048 340 2074 ἄλλο
354 2048 462 2084 χειρῶν.
477 2047 546 2075 Οὕτε
558 2048 626 2084 πρὸς
644 2049 733 2081 ἐνίους
750 2049 781 2075 τὸ
802 2050 883 2076 καλόν

88 2094 159 2125 ἐστι,
173 2093 241 2129 πρὸς
259 2094 347 2126 ἐνίους
367 2094 396 2120 δὲ
417 2095 460 2126 o3,
473 2094 541 2121 ἀλλὰ
554 2095 691 2131 πανταχοῦ
704 2095 810 2129 πέφυκε
822 2097 884 2130 φαί-

89 2138 183 2165 νεσθαι
193 2139 240 2165 καὶ
250 2140 280 2166 ὲν
290 2140 384 2171 πᾶσιν,
397 2140 466 2176 ὅπερ
480 2140 530 2166 οὐκ
543 2140 599 2176 ἔχει
611 2141 642 2167 τὸ
655 2141 716 2168 καθ’
731 2142 804 2176 ἡμᾶς
818 2141 883 2168 κάλ-

88 2185 150 2216 λος·
172 2186 196 2211 εί
214 2185 270 2221 γὰρ
286 2187 343 2217 τοῖς
363 2186 430 2213 πᾶσι
451 2187 573 2221 πέφυκεν
587 2185 667 2220 εἶναι,
681 2188 722 2214 ὃτι
735 2187 781 2214 καὶ
793 2188 882 2215 πάντα

88 2231 159 2258 καλὰ
174 2232 245 2264 λίαν,
268 2232 325 2259 ἀλλ’
345 2233 375 2259 οὐ
400 2233 552 2268 μονοειδῶς.
569 2233 650 2260 Ἀλλο
669 2233 723 2269 γὰρ
736 2233 836 2266 κάλλος
849 2235 880 2270 ἠ-
895 2245 918 2273 D

87 2277 157 2309 λίου,
172 2278 220 2304 καὶ
240 2278 305 2305 ἄλλο
329 2279 427 2311 κάλλος
440 2279 500 2314 γῆς,
514 2279 561 2306 καὶ
573 2279 638 2306 ἄλλο
651 2279 756 2312 ὓδατος,
770 2279 881 2307 ποικίλα

86 2322 148 2349 τινὰ
163 2323 259 2359 κάλλη,
275 2325 322 2350 καὶ
341 2324 391 2352 οὑκ
408 2326 448 2357 είς
464 2324 494 2351 ἓν
513 2326 683 2361 συναγόμενα
693 2334 699 2341 ·
712 2326 743 2353 τὸ
755 2326 784 2353 δὲ
795 2326 880 2358 ὅντως

87 2369 196 2401 κάλλος,
214 2370 347 2405 μονοειδὲς
359 2370 399 2403 ὃν,
413 2370 580 2398 ποικίλλεται
603 2372 672 2408 πρὸς
690 2372 725 2399 τὰ
737 2372 881 2408 ὑποκείμε-

86 2423 131 2446 να,
146 2415 194 2440 καὶ
206 2415 251 2441 διὰ
263 2414 342 2442 τοῦτο
355 2416 481 2451 προέχειν
495 2417 524 2443 ἐν
536 2417 625 2452 ἑαυτῷ
638 2417 802 2452 λέγεταικαὶ
815 2418 880 2445 καλ-

86 2461 177 2496 λονὴν,
186 2461 224 2492 ὼς
235 2462 282 2487 καὶ
295 2462 362 2497 πρὸς
369 2461 424 2489 τῶν
430 2462 461 2498 δη
466 2472 581 2499 μιουργη
587 2464 678 2499 μάτων
688 2464 727 2496 ὃν,
738 2465 786 2491 καὶ
793 2465 879 2500 ὑπερ-

85 2507 187 2544 οχικῶς
200 2507 272 2542 ἒχειν
293 2507 324 2534 τὸ
343 2508 434 2540 καλὸν,
455 2510 493 2541 ὡς
513 2510 587 2546 πηγὴ
601 2511 647 2537 καὶ
661 2511 731 2546 ἀρχὴ
749 2511 804 2538 τῶν
831 2520 880 2538 κα-

85 2555 140 2581 λῶν
165 2554 304 2580 ἁπάντων.
322 2555 382 2582 Κᾶν
395 2555 449 2590 γὰρ
463 2555 547 2582 πολλὰ
566 2556 647 2588 καλὰ,
668 2557 727 2583 ἀλλ’
746 2557 776 2589 ἐξ
796 2558 878 2585 αὑτοῦ

84 2602 138 2627 εἰσι
151 2600 239 2627 καλά·
254 2601 322 2636 αὐτῇ
344 2600 399 2636 γὰρ
411 2603 444 2636 τῇ
459 2601 592 2637 ὑπερφυεῖ
611 2602 725 2638 καλλονῇ
741 2603 788 2629 καὶ
802 2603 879 2629 ἀναι-

84 2647 135 2681 τίῳ
149 2647 224 2674 πᾶσα
248 2646 364 2682 καλλονή
376 2647 424 2673 καὶ
437 2647 491 2673 πᾶν
511 2647 592 2674 καλὸν
614 2647 746 2680 αἱτιατῶς
759 2649 879 2684 προϋφέ-

85 2701 195 2729 στηκεν.
221 2693 349 2725 Ἐνοειδὲς
361 2693 389 2719 δὲ
403 2693 485 2720 καλὸν
496 2695 510 2720 ὁ
523 2694 599 2726 Θεὸς,
613 2695 674 2721 ἐπεὶ
693 2695 723 2721 οὐ
746 2694 817 2721 κατὰ
831 2703 879 2729 με-

83 2739 166 2775 τοχὴν
184 2739 232 2766 τοῦ
253 2740 378 2772 κάλλους,
391 2739 473 2772 καλός
494 2741 579 2772 ἐστιν,
602 2740 640 2772 ὡς
664 2740 827 2776 διαιρεῖσθαι
838 2742 877 2773 είς

84 2785 265 2820 ὑποκείμενόν
278 2795 305 2812 τι
319 2786 366 2813 καὶ
379 2786 519 2822 ποιότητα,
533 2785 590 2812 ἀλλ’
602 2786 684 2818 αὑτός
695 2788 753 2813 ἐστι
765 2787 812 2814 καὶ
829 2795 878 2813 κα-

83 2831 130 2857 λὸν
150 2831 197 2858 καὶ¹
216 2831 323 2865 κάλλος,
346 2833 391 2859 καὶ
412 2833 483 2869 ὑπὲρ
499 2833 600 2860 ταῦτα’
619 2834 653 2860 τὰ
667 2834 695 2860 δὲ
715 2834 768 2861 ἀπὸ
781 2834 877 2860 τούτου

85 2877 155 2904 κατὰ
174 2878 289 2914 μετοχὴν
305 2879 373 2907 καλὰ
392 2881 420 2907 ἐν
434 2881 557 2916 ποιότητι
574 2880 604 2907 τὸ
618 2880 698 2909 καλὸν
719 2882 875 2918 κέκτηνται.

908 1421 916 1482 ί

907 1484 911 1516 ί
939 1497 1001 1527 pter
1016 1500 1077 1519 eam
1093 1493 1326 1527 pulchritmlinem
1340 1503 1422 1530 quam
1439 1496 1566 1523 omnibus
1583 1497 1729 1532 clargitur.

944 892 1055 921 lectum.
1069 892 1203 920 Caeterum
1217 900 1279 920 cum
1295 895 1438 928 pulchrum
1451 897 1558 930 quidem
1573 898 1609 925 sit
1622 899 1647 925 id
1661 900 1735 934 qttod

942 940 1082 974 particeps
1099 943 1142 966 est
1159 939 1385 974 pulchritudinis,
1401 941 1577 976 pulchritudo
1600 950 1692 972 autem
1707 945 1735 973 id

942 985 1032 1019 ipsum
1049 985 1122 1020 quod
1136 987 1331 1021 participatur;
1344 992 1371 1014 et
1387 988 1515 1015 dilectum
1530 989 1640 1024 quidem
1656 991 1692 1018 sit
1706 991 1734 1021 id

943 1031 1015 1065 quod
1030 1031 1169 1066 particeps
1192 1037 1235 1060 est
1253 1033 1420 1067 dilectionis,
1436 1034 1548 1063 dilectio
1563 1043 1628 1063 vero
1645 1037 1670 1064 id
1692 1037 1735 1072 ip-

942 1085 1001 1104 sum
1019 1078 1092 1111 quod
1111 1079 1338 1110 communicatur.
1358 1085 1384 1107 et
1403 1080 1431 1107 in
1448 1080 1527 1108 nobis
1549 1081 1606 1109 haec
1631 1090 1732 1110 secun-

942 1123 1006 1150 dtun
1030 1124 1236 1152 distinctionem
1263 1131 1408 1160 apparem,
1434 1126 1566 1160 quoniam
1589 1127 1647 1154 lucc
1670 1132 1734 1155 sunt

942 1171 1062 1205 habitus,
1088 1171 1134 1198 illa
1159 1179 1225 1200 vero
1248 1173 1401 1205 habituata,
1425 1173 1502 1207 dicit,
1529 1174 1659 1208 quoniam
1678 1183 1733 1203 non

941 1217 1036 1244 eodem
1057 1217 1138 1245 modo
1160 1225 1189 1245 se
1212 1219 1324 1250 habent,
1352 1220 1435 1246 etiam
1457 1219 1485 1246 in
1509 1227 1604 1254 causa,
1626 1229 1686 1255 qua:
1704 1222 1732 1249 in

942 1271 995 1290 uno
1011 1263 1206 1298 complectitur
1228 1265 1368 1292 universa.
1388 1264 1455 1292 Nam
1479 1265 1506 1292 in
1528 1274 1581 1293 uno
1597 1271 1624 1293 et
1636 1267 1732 1294 eodem

940 1314 967 1336 et
985 1310 1096 1337 habitus
1110 1315 1137 1337 et
1149 1319 1210 1346 qua:
1232 1311 1372 1339 habituata
1387 1317 1450 1339 sunt
1463 1313 1666 1347 complectitur.
1681 1321 1730 1342 ne—

940 1362 993 1389 que
1012 1359 1041 1382 ut
1063 1355 1232 1383 habituatum
1254 1357 1329 1390 quidI
1352 1365 1403 1385 nec
1438 1361 1468 1384 ut
1489 1358 1609 1391 habitus,
1631 1359 1681 1386 sed
1702 1363 1733 1387 ut

939 1407 1020 1434 supra
1038 1400 1096 1427 lucc
1109 1401 1243 1435 existens,
1260 1402 1320 1429 aliis
1333 1402 1415 1429 etiam
1435 1411 1519 1430 causa
1533 1409 1575 1431 est
1594 1405 1733 1432 istiusmo-

940 1446 966 1473 di
990 1446 1134 1473 bonorum.
1152 1446 1230 1474 Unde
1246 1448 1329 1475 etiam
1354 1449 1529 1483 pulchritudo
1548 1451 1657 1483 dicitur,
1671 1458 1732 1486 pro-

939 1497 1001 1527 pter
1016 1500 1077 1519 eaut
1093 1494 1326 1527 pulchritmlinem
1340 1503 1422 1530 quant
1439 1496 1566 1523 omnibus
1583 1497 1729 1532 clargitur.
1762 1494 1767 1566 1

939 1542 966 1564 et
979 1538 1052 1572 quod
1067 1543 1164 1564 auctor
1184 1539 1220 1565 sit
1239 1539 1329 1566 omnis
1342 1540 1541 1568 concinnitatis
1556 1548 1587 1568 ac
1602 1542 1731 1576 splendo-
1742 1506 1763 1618 θ’
1813 1564 1842 1587 Α
1870 1580 1873 1581 ν

939 1583 978 1610 ris
1001 1582 1187 1618 (pulchritudo
1212 1584 1284 1611 enim
1313 1589 1354 1611 est
1379 1585 1521 1618 proportio
1543 1585 1762 1613 membrorum‘,
1812 1608 1813 1617 η
1858 1588 1873 1595 ⁴

939 1570 1187 1618 ris—(pulchritudo
1212 1584 1284 1611 enim
1313 1589 1354 1611 est
1379 1585 1521 1620 proportio
1543 1570 1763 1618 membrorum?!
1858 1580 1873 1595 ⁴

937 1637 969 1656 ac
983 1628 1102 1664 partium
1116 1637 1178 1656 cum
1193 1629 1284 1657 colore
1297 1629 1420 1666 ﬂorido),
1431 1630 1472 1657 vel
1485 1631 1567 1658 etiam
1582 1632 1653 1666 quod
1669 1640 1729 1659 om-
1834 1628 1839 1633 ’
1855 1638 1859 1650 δ

937 1676 981 1702 nia
1003 1675 1038 1704 ad
1059 1683 1089 1702 se
1110 1681 1199 1708 vocet,
1219 1680 1246 1703 et
1265 1677 1336 1711 quod
1358 1684 1467 1711 semper
1487 1677 1523 1704 sit
1541 1682 1568 1704 et
1581 1685 1723 1712 nunquam
1740 1673 1756 1719 ᾗ
1782 1688 1791 1691 λ·

937 1723 1077 1751 minuatur
1098 1723 1139 1750 vel
1163 1728 1315 1756 augeatur;
1336 1730 1398 1749 nam
1419 1730 1550 1750 excessus
1563 1728 1590 1751 et
1607 1724 1748 1752 defectus‘

937 1771 1059 1797 malitias
1094 1770 1148 1797 dici
1179 1776 1234 1796 non
1260 1769 1428 1804 ignoramus.
1455 1768 1548 1804 Neque
1576 1771 1727 1797 secundum

935 1813 1000 1848 quid
1014 1819 1041 1841 et
1056 1821 1087 1841 ex
1103 1819 1181 1848 parte
1213 1813 1368 1846 pulchrum,
1391 1821 1479 1848 neque
1499 1815 1646 1849 aliquando
1665 1816 1727 1850 pul-

935 1861 1043 1893 chrum,
1057 1860 1205 1894 aliquando
1218 1867 1284 1891 non,
1301 1867 1390 1894 neque
1403 1861 1436 1887 ad
1451 1860 1555 1895 aliquid
1569 1862 1727 1897 pulchrum,

935 1911 981 1933 aut
992 1906 1068 1939 alibi,
1083 1911 1131 1933 aut
1145 1906 1308 1940 quibusdam
1324 1907 1396 1940 (qua:
1409 1908 1502 1942 utique
1516 1908 1609 1935 omnia
1626 1910 1659 1936 ab
1673 1909 1728 1936 ista

934 1952 1143 1987 pulchritudine
1161 1953 1276 1979 omnino
1299 1952 1386 1980 aliena
1401 1958 1474 1984 sunt,
1490 1954 1535 1981 ubi
1560 1959 1651 1981 nostra
1665 1955 1728 1990 pul-

934 1997 1062 2025 chritudo
1085 2004 1119 2024 ex
1144 1998 1310 2024 necessitate
1335 1998 1491 2026 istiusmodi
1522 2000 1727 2028 deﬁnitionibus

934 2043 1056 2078 subjecta
1075 2044 1122 2078 sit)
1141 2044 1188 2071 sed
1209 2049 1237 2070 ut
1258 2044 1345 2078 ipsum
1363 2045 1514 2072 Secundum
1539 2054 1569 2073 se
1590 2047 1727 2075 uniforme

933 2097 1043 2125 semper
1058 2090 1181 2117 existens
1199 2090 1355 2125 pulchrum,
1371 2092 1500 2126 quoniam
1516 2100 1605 2127 neque
1625 2094 1726 2121 dividi-

935 2141 980 2163 tur
1001 2137 1027 2163 in
1049 2136 1159 2163 habitus
1180 2144 1213 2163 ac
1232 2137 1408 2171 pulchriﬁcas
1431 2137 1611 2166 differentias.
1625 2139 1724 2167 Nostra

933 2184 1006 2210 enim
1022 2183 1200 2218 pulchritudo
1213 2185 1390 2219 distinguitur
1401 2194 1407 2218 ;
1419 2193 1480 2212 nam
1495 2186 1558 2218 alia,
1572 2187 1647 2214 verbi
1661 2195 1725 2221 gra-

935 2229 985 2262 tia,
997 2234 1040 2256 est
1055 2229 1229 2264 pulchritudo
1242 2230 1327 2262 oculi,
1343 2235 1369 2257 et
1389 2231 1442 2257 alia
1466 2231 1640 2265 pulchritudo
1655 2232 1725 2264 nasi,

932 2280 960 2302 ct
980 2275 1032 2302 alia
1052 2276 1135 2303 totius
1155 2275 1247 2309 faciei,
1266 2281 1294 2303 et
1309 2276 1361 2303 alia
1388 2285 1530 2304 manuum.
1554 2277 1610 2305 Nec
1624 2283 1654 2305 ut
1665 2279 1728 2306 aliis

933 2321 1097 2356 formosum,
1112 2321 1173 2349 aliis
1186 2329 1250 2350 vero
1271 2330 1337 2356 non,
1353 2324 1400 2351 sed
1418 2323 1518 2358 ubique
1534 2330 1649 2359 apparet
1662 2325 1724 2360 pul-

932 2368 1038 2402 chrum,
1059 2375 1087 2396 et
1105 2369 1132 2396 in
1157 2370 1297 2402 omnibus.
1322 2371 1395 2405 quod
1426 2379 1480 2398 non
1511 2373 1596 2400 habet
1627 2379 1724 2400 nostra.

933 2415 1126 2450 pulchritudo;
1138 2417 1189 2444 etsi
1202 2417 1274 2444 enim
1293 2417 1320 2444 in
1337 2417 1465 2445 omnibus
1481 2425 1542 2446 esse
1555 2424 1637 2452 amet,
1654 2428 1725 2455 quo-

930 2461 1005 2487 niam
1030 2462 1114 2488 etiam
1139 2463 1230 2490 omnia
1254 2463 1336 2498 393
1358 2464 1471 2499 pulchra
1496 2465 1586 2498 valde,
1604 2467 1652 2494 sed
1667 2474 1721 2494 non

931 2507 1118 2535 unilorntiter.
1139 2508 1200 2536 Alia
1225 2514 1268 2536 est
1295 2510 1368 2537 enint
1393 2511 1573 2545 pulchritudo
1595 2513 1675 2546 solis,
1696 2517 1725 2540 et

931 2551 984 2578 alia
1006 2552 1181 2586 pulchritudo
1200 2559 1291 2588 terrae,
1315 2561 1343 2583 et
1373 2556 1426 2583 alia
1448 2563 1538 2591 aquae,
1563 2565 1623 2591 quae
1640 2559 1724 2594 varia:

930 2603 995 2625 sunt
1014 2600 1245 2634 pulchritudines,
1268 2609 1318 2629 nec
1343 2603 1377 2629 ad
1403 2610 1486 2629 unum
1508 2603 1672 2631 conducunt.
1693 2605 1722 2632 ld

929 2645 1001 2678 quod
1021 2651 1112 2672 autem
1128 2653 1192 2674 vere
1207 2647 1382 2682 pulchritudo
1397 2650 1540 2677 uniformis
1559 2651 1677 2681 exsistit.
1694 2652 1723 2677 in

931 2691 1064 2726 subjectis
1085 2694 1254 2730 variegatur,
1272 2695 1375 2723 idcirco
1396 2697 1422 2724 in
1441 2704 1472 2725 se
1488 2697 1720 2732 pulchritudinem

929 2739 1089 2774 prmhabere
1118 2742 1232 2776 dicitur.
1255 2744 1356 2779 quippe
1384 2745 1457 2779 quod
1484 2750 1548 2773 ante
1576 2750 1724 2773 creaturae

929 2788 1042 2821 existat,
1057 2794 1086 2816 et
1101 2791 1234 2825 quidquid
1251 2791 1395 2826 pulchrum
1415 2798 1458 2819 est
1479 2793 1579 2820 haheat
1593 2793 1719 2820 etuinen-

929 2838 982 2868 ter,
1011 2841 1141 2872 tanquam
1160 2838 1222 2866 fons
1240 2844 1268 2865 et
1282 2840 1445 2874 principium
1463 2841 1638 2875 pulchrorum
1662 2849 1720 2867 om-

906 2902 909 2904 μ
929 2881 1016 2911 nium.
1032 2882 1088 2912 Etsi
1104 2883 1176 2911 enim
1198 2885 1280 2913 multa
1297 2885 1410 2920 pulchra
1423 2886 1488 2920 sint,
1508 2891 1596 2912 tamen
1612 2892 1645 2912 ex
1660 2885 1720 2920 ipso
