1938 3065
212 160 264 186 ’1ΰό

803 150 832 178 S.
852 147 1001 177 DlONYSll
1018 145 1252 175 AREOPAGITAE

1793 137 1848 165 763

212 215 323 248 pulchra
348 218 426 246 sunt;
453 211 480 239 in
501 211 559 246 ipsa
574 209 646 237 enim
673 207 874 243 supernaturali
888 212 916 234 et
943 214 1004 241 qum

1055 205 1103 231 Διά
1131 204 1210 231 τοῦτο
1230 204 1262 230 τὸ
1287 202 1369 229 καλὸν
1394 201 1422 228 αί
1451 199 1506 228 τῶν
1535 198 1676 234 στοιχείων
1698 196 1850 231 γεγόνασιν

212 268 296 288 causa
314 263 391 287 caret
410 256 625 293 pulchritudine,
640 254 731 282 omnis
754 253 930 289 pulchritudo
944 259 1002 279 om—

213 313 303 340 neque
330 304 475 340 pulcltrum
502 303 652 330 secundum
688 308 798 328 causam
830 298 1000 334 prwexstitit.

211 351 358 379 Pulchrum
373 354 463 376 autem
482 348 620 375 uniforme
635 347 707 373 Deus
720 351 782 378 est;
802 345 933 380 quoniam
948 352 1001 371 non

210 404 261 432 per
274 395 511 431 participationem
527 392 738 429 pulchritudinis
750 391 864 425 pulcher
882 389 1000 422 exsistit,

212 448 242 471 ut
262 443 290 470 in
312 442 465 476 subjectum
491 439 603 474 aliquod
620 443 648 465 et
666 437 827 472 qualitatem
852 436 1000 466 dividatur,

211 489 259 517 sed
275 489 390 524 ipsemet
402 492 430 514 et
443 486 587 522 pulchrum
608 489 649 512 cst
672 489 699 511 et
712 483 898 518 pulchritudo,
916 482 1003 516 iisque

212 535 356 569 superior;
378 541 440 568 qua
461 538 553 559 autem
577 531 610 558 ab
625 531 676 557 hoc
696 537 744 564 per
765 528 1002 564 participationem

213 579 325 615 pulchra
340 579 487 610 exsistunt,
505 576 677 616 inlqualitate
692 574 782 609 aliqua
805 581 882 600 suam
901 572 1003 600 habent

215 625 460 661 pulchritudinem.
474 623 560 659 Hujus
574 622 680 658 pulchri
694 625 789 652 causa,
803 621 1001 648 elementorum

213 673 411 705 connexiones,
433 679 501 707 quas
522 671 709 706 coaptationes
729 672 839 700 vocant,
857 667 936 701 ﬁunt,
958 675 1002 695 re-

214 725 329 752 rumque
344 718 414 745 bene
429 717 561 745 ordinata:
577 716 764 749 colligationes
774 714 932 749 perdurant,
942 720 1003 748 qua

213 763 341 790 dicuntur
355 763 484 790 amicitiae
497 768 525 790 et
540 762 762 793 conmtnniones;
777 760 882 787 ratione
894 760 1002 794 quidem

213 810 389 844 przctlitorntn
404 810 437 837 ad
453 809 539 836 Deum
555 807 752 842 aspirationes,
772 805 1001 841 quemadmodum

213 855 336 882 hoclcsia
356 855 599 890 primogenitorum
621 853 647 880 in
671 852 754 885 caalo,
777 857 861 887 atque
877 852 959 879 etiam
976 852 1002 878 in

213 905 303 933 terra;
321 901 348 928 in
365 901 452 928 brutis
465 906 556 928 autem
580 899 704 936 gregales
730 899 887 931 societates,
903 898 930 925 in
944 898 1003 925 ina-

213 946 294 974 nimis
307 953 373 974 vero
390 951 491 973 mutua:
502 946 625 981 quaedam
640 945 740 980 quibus
753 945 920 980 colligantur
930 951 1003 978 sym-

213 990 328 1026 pathiaa;
342 992 398 1019 haec
413 991 497 1025 igitur
513 998 574 1018 cum
587 991 703 1025 pulchro
716 990 860 1023 uniuntur,
875 996 923 1024 per
938 996 1003 1023 par-

213 1037 400 1072 ticipationem
425 1037 459 1064 ad
487 1042 627 1065 auctorem
657 1045 802 1064 conversa.
827 1036 918 1065 Hocce
942 1035 1004 1071 pul-

1017 880 1040 910 Β

212 1083 309 1110 chrum
323 1088 365 1111 est
379 1084 500 1111 onmium
512 1084 676 1119 principium
695 1088 723 1110 ut
737 1090 820 1115 causa
829 1081 959 1115 elﬁciens,
977 1085 1004 1108 et

212 1133 242 1156 ut
261 1137 343 1157 causa
369 1130 458 1157 linalis
474 1130 507 1156 ad
523 1137 605 1163 quam
627 1130 715 1156 tendit
733 1136 814 1156 omne
836 1128 958 1155 studium
976 1132 1004 1154 et

213 1177 362 1211 appetitus.
383 1176 460 1203 Finis
476 1177 614 1208 omnium,
639 1176 711 1202 Deus
728 1175 800 1202 enim
822 1174 1004 1209 linisjdicitur

213 1227 343 1257 tanquam
364 1223 456 1249 omnia
477 1222 632 1254 continens,
655 1225 683 1248 et
703 1221 787 1248 veluti
802 1224 901 1248 cuncta
917 1219 944 1246 in
958 1226 1004 1245 se-

212 1269 332 1296 curitate
356 1268 554 1302 complectens,
585 1271 614 1295 et
634 1268 659 1294 in
688 1272 820 1302 quantum
842 1266 900 1300 ejus
922 1272 1003 1292 causa

214 1317 348 1352 producta
361 1319 425 1342 sunt
440 1315 580 1347 universa,
591 1319 620 1341 et
637 1314 739 1342 nullius
751 1314 864 1341 alterius
879 1313 1004 1347 indigue-

213 1366 279 1390 runt
299 1366 329 1388 ut
351 1361 564 1397 perﬁcerentur.
585 1360 631 1388 Sic
650 1361 733 1389 etiam
756 1359 875 1387 medium
892 1358 1004 1390 dicitur,

213 1408 296 1436 veluti
311 1408 534 1443 perdurationem
551 1407 578 1434 in
592 1408 769 1435 consistendo
785 1407 958 1439 concedens;
976 1411 1005 1433 et

215 1452 286 1484 linis,
300 1458 439 1488 quatenus
453 1452 547 1480 omnia
567 1452 594 1479 in
617 1453 677 1488 ejus
697 1452 839 1480 voluntate
853 1454 1005 1480 terminan-

214 1503 271 1531 tur,
296 1499 329 1526 ad
351 1506 431 1534 quem
460 1499 545 1526 etiarn
575 1503 785 1527 convertuntur.
813 1498 892 1526 Hunc
922 1500 1005 1527 etiam

213 1550 294 1572 vocat
308 1553 420 1573 causam
434 1545 630 1580 exemplarem,
645 1553 698 1580 qua
708 1545 830 1573 omnium
850 1546 1004 1574 futurorum
1019 1554 1041 1583 ε

213 1591 447 1626 ριωιιεῐὶιιίιίοηοε
474 1591 502 1618 in
534 1591 625 1626 seipso
644 1592 846 1626 praeconcepit,
869 1596 897 1620 et
920 1593 1002 1620 etiam

213 1641 276 1664 ante
292 1637 510 1671 productionem,
524 1642 554 1664 ut
567 1638 658 1672 inquit
680 1638 848 1672 Apostolus:
867 1638 940 1671 Quos
954 1648 1003 1666 au-

213 1688 265 1709 tem
285 1683 517 1717 prwdeslinauiM,
538 1687 567 1711 et
587 1691 648 1718 quae
671 1689 836 1718 sequuntur.
864 1685 911 1712 Sic
931 1686 1003 1714 enim

213 1728 256 1755 vir
268 1734 382 1756 sanctus
399 1728 491 1756 futura
510 1729 537 1756 in
562 1730 620 1765 ipso
637 1730 816 1765 prmscienter
835 1731 1004 1765 prmdelinita

213 1773 282 1801 dixit
296 1782 345 1809 per
367 1775 478 1802 unicam
503 1775 577 1802 illam
599 1776 810 1811 prmnotionem,
829 1784 883 1812 qua
904 1765 1003 1805 cuncta

214 1819 421 1854 complectitur.
443 1820 676 1854 Quemadmodum
692 1822 777 1856 igitur
793 1821 906 1855 bonum,
926 1823 965 1851 sic
977 1828 1004 1852 et

214 1867 358 1901 pulchrum
374 1867 468 1895 omnia
482 1872 631 1903 appetunt;
648 1873 678 1895 et
689 1868 758 1896 nihil
771 1874 814 1897 est
827 1869 911 1906 394
923 1869 949 1897 in
962 1877 1006 1898 re-

215 1913 267 1940 bus
283 1913 355 1948 quod
376 1921 430 1941 non
449 1914 559 1949 pulchri
575 1915 610 1942 sit
622 1915 763 1951 particeps
776 1915 802 1943 in
821 1918 878 1944 veri
893 1917 1002 1952 pulchri

213 1960 432 1995 participatione.
449 1960 568 1988 Audebit
586 1960 670 1989 etiam
691 1968 745 1989 non
761 1969 841 1990 nemo
859 1962 963 1996 dicere.
979 1963 1006 1991 id

214 2006 286 2040 quod
299 2014 351 2034 non
369 2011 412 2034 est
422 2006 505 2034 etiam
515 2006 659 2041 pulchrum
672 2008 849 2043 participare.
862 2008 1005 2043 Quomodo

214 2055 305 2078 autem
323 2051 389 2079 dicit
401 2052 569 2087 participare
583 2053 609 2080 id
620 2053 692 2087 quod
704 2060 756 2084 non
770 2054 831 2081 cst?
841 2054 909 2087 Quia
922 2056 1004 2082 etiam

214 2096 243 2124 in
266 2096 321 2125 Deo
340 2098 367 2124 id
387 2099 459 2133 quod
488 2106 542 2125 non
562 2102 604 2126 est
621 2105 670 2133 per
688 2099 810 2126 omnium
838 2100 1005 2128 ablationcm

215 2144 393 2176 praedicatur;
407 2149 436 2171 ut
447 2144 557 2178 quando
568 2145 631 2179 quis
644 2145 720 2177 dicit,
731 2145 808 2172 verbi
821 2146 922 2180 gratia,
934 2147 1006 2175 Deus

216 2196 270 2216 non
289 2195 331 2217 est
349 2190 402 2218 hoc
414 2190 454 2218 vel
466 2190 544 2224 illud,
555 2193 602 2218 sed
614 2198 696 2225 supra
714 2191 777 2218 ista.
788 2191 816 2218 ld
830 2192 922 2227 itaque
934 2194 1006 2228 quod

1054 251 1239 286 ἀλληλουχίαι,
1260 249 1293 281 ἃς
1317 247 1478 284 ὲφαρμογάς
1495 255 1572 282 φησι,
1586 245 1633 272 καὶ
1645 245 1671 271 al
1687 243 1742 270 τῶν
1759 242 1849 268 ὄντων

1053 297 1181 324 εὔτακτοι
1208 296 1355 327 συνδέσεις,
1370 296 1397 321 αἱ
1417 293 1562 328 λεγόμεναι
1576 291 1662 326 φιλίαι
1679 290 1726 316 καὶ
1748 296 1850 315 κοινω-

1053 342 1121 369 νίαι·
1136 341 1252 376 λογικῶν
1265 341 1324 376 μὲν,
1340 340 1367 366 αἱ
1383 339 1451 375 πρὸς
1465 338 1531 364 Θεὸν
1545 336 1698 367 ἀνατάσεις,
1710 334 1775 369 ὡςὴ
1791 333 1851 360 τῶν

1053 388 1232 423 πρωτοτόκων
1251 386 1397 421 Ἐκκλησία
1412 386 1440 411 ὲν
1457 383 1573 420 οὐρανῷ,
1598 383 1645 410 καὶ
1669 382 1749 408 πάλιν
1773 379 1848 414 αὕτη

1053 435 1070 469 ἡ
1084 434 1130 460 ἐπὶ
1143 434 1195 468 γῆς
1205 442 1211 448 ·
1228 433 1274 459 ἐπὶ
1288 433 1317 458 δὲ
1329 431 1383 458 τῶν
1398 430 1502 465 ἀλόγων
1515 431 1542 457 αι
1556 429 1678 464 ἀγελαῖαι
1694 427 1850 460 συνδιαγω-

1052 482 1114 517 γαί·
1131 482 1178 508 ἐπὶ
1192 481 1221 507 δὲ
1234 480 1288 507 τῶν
1309 479 1420 514 ἀψύχων
1435 477 1463 504 αἱ
1483 477 1550 512 πρὸς
1570 476 1671 511 ἄλληλα
1687 472 1850 500 συνδετικαὶ

1054 527 1236 563 συμπάθειαν
1257 525 1343 552 ταῦτα
1358 523 1404 551 οὖν
1423 524 1540 560 ῆνωνται
1555 522 1594 557 τῷ
1609 521 1694 556 καλῷ,
1714 520 1748 546 τὰ
1768 518 1852 554 μεθέ-

1054 574 1093 607 ξει
1109 574 1177 610 πρὸς
1184 574 1214 600 τὸ
1221 572 1307 599 αἴτιον
1321 569 1547 606 ἐπεστραμμένα.
1562 568 1648 594 Τοῦτο
1659 567 1689 593 τὸ
1701 566 1785 593 καλὸν
1799 564 1851 591 καὶ

1052 618 1090 650 ὡς
1104 618 1244 653 ποιητικὸν
1262 616 1333 653 ἀρχὴ
1356 616 1476 646 πάντων.
1499 615 1545 641 καὶ
1563 614 1601 646 ὡς
1621 612 1728 639 τελικὸν
1747 610 1850 641 αἴτιον,

1052 664 1094 698 ἐφ’
1110 663 1125 690 ὃ
1138 664 1220 690 τείνει
1237 664 1311 690 πᾶσα
1326 661 1427 697 σπουδὴ
1438 661 1484 688 καὶ
1495 660 1597 695 ἔφεσις.
1615 658 1706 694 Πέρας
1718 656 1833 684 πάντων
1842 663 1850 669 ·

1053 710 1140 746 πέρας
1156 709 1210 745 γὰρ
1229 710 1243 736 ὁ
1262 709 1329 741 Θεὸς
1344 708 1448 743 λέγοιτο
1465 707 1509 739 ἂν,
1526 706 1563 738 ὡς
1582 705 1700 740 συνέχων
1725 703 1761 730 τὰ
1776 702 1853 729 πάν-

1052 765 1087 783 τα
1117 756 1165 783 καὶ
1197 756 1306 783 πάντων
1334 756 1374 787 εἰς
1406 753 1556 788 ἀσφάλειαν
1584 749 1852 787 περιδεδραγμένος,

1053 803 1101 829 καὶ
1117 802 1155 834 ὡς
1168 801 1251 828 αὐτοῦ
1265 810 1297 836 γε
1308 801 1391 828 ἕνεκα
1403 800 1511 827 πάντων
1522 799 1561 830 εἰς
1574 798 1604 824 τὸ
1613 796 1682 824 εἶναι
1690 794 1854 831 παραχθέν-

1052 857 1116 881 των,
1131 849 1178 875 καὶ
1188 848 1281 884 ἑτέρου
1292 847 1365 880 τινὸς
1378 848 1418 879 εἰς
1429 846 1461 873 τὸ
1472 844 1648 879 τελειωθῆναι
1659 843 1689 870 οὐ
1697 841 1851 876 δεομένων.

1054 895 1132 922 Οὕτω
1146 895 1194 921 καὶ
1213 894 1304 930 μέσον,
1318 893 1356 925 ὡς
1371 892 1420 928 τὴν
1445 892 1485 923 εἰς
1497 891 1528 918 τὸ
1553 889 1712 917 συνεστάναι
1726 887 1852 922 παράτα-

1056 950 1097 968 σιν
1109 940 1197 972 διδούς
1208 948 1214 955 ·
1229 940 1277 966 καὶ
1294 938 1419 973 τελευτὴ,
1442 937 1480 970 ὡς
1496 938 1525 964 ὲν
1546 935 1586 971 τῷ
1603 935 1735 970 θελήματι
1762 930 1859 959 αὐτοῦ

1054 985 1265 1020 περατουμένων
1285 983 1340 1010 τῶν
1358 983 1453 1015 ὸντων,
1472 983 1514 1017 ἐφ’
1527 981 1556 1007 ὃν
1575 981 1622 1007 καὶ
1647 979 1854 1014 ὲπέστραπται.

1055 1030 1154 1058 Τοῦτον
1165 1030 1239 1065 λέγει
1250 1030 1298 1056 καὶ
1313 1027 1563 1065 παραδειγματικὸν
1573 1026 1670 1059 αἴτιον,
1685 1025 1723 1056 ὠς
1736 1024 1858 1050 πάντων

1054 1076 1109 1103 τῶν
1123 1076 1262 1112 ἐσομένων
1270 1076 1334 1108 τοὺς
1350 1074 1536 1112 προορισμοὺς
1547 1074 1594 1100 καὶ
1606 1073 1635 1099 ὲν
1648 1070 1737 1105 ἑαυτῷ
1754 1077 1855 1104 προει-

1055 1124 1170 1160 ληφότα,
1182 1123 1229 1150 καὶ
1241 1123 1306 1158 πρὶν
1317 1122 1334 1157 ἢ
1347 1121 1528 1157 παραγαγεῖν,
1544 1119 1581 1151 ὥς
1594 1118 1698 1153 φησινὸ
1718 1116 1856 1160 Ἀπόο-εο-

1055 1171 1110 1202 λος·
1126 1170 1185 1203 Οῦς
1198 1169 1232 1196 δὲ
1243 1167 1400 1203 προώρισε,
1414 1167 1462 1194 καὶ
1476 1166 1511 1192 τὰ
1525 1165 1597 1200 ἑξῆς.
1612 1163 1689 1190 Οὕτω
1701 1162 1756 1198 γὰρ
1771 1159 1853 1188 εἶπεν

1054 1218 1069 1243 ὁ
1082 1217 1169 1251 ἆγιος,
1189 1217 1218 1243 ἐν
1235 1215 1274 1250 τῷ
1299 1213 1467 1250 προωρίσθαι
1487 1214 1516 1239 ὲν
1536 1211 1610 1246 αὐτῷ
1634 1208 1853 1245 προγνωπικῶς

1055 1264 1090 1290 τὰ
1109 1263 1227 1299 ἐσόμενα
1250 1262 1294 1288 διὰ
1311 1261 1360 1296 τῆς
1386 1258 1565 1295 περιεχούσης
1584 1257 1618 1284 τὰ
1635 1257 1723 1283 πάντα
1744 1255 1854 1286 ένιαίας

1056 1308 1247 1346 προγνώσεως.
1266 1307 1310 1339 Ὧς
1324 1305 1389 1340 γοῦν
1402 1305 1450 1331 τοῦ
1464 1303 1577 1339 ἀγαθοῦ,
1594 1302 1664 1329 οὕτω
1677 1301 1724 1328 καὶ
1735 1300 1784 1327 τοῦ
1799 1309 1853 1326 και

1056 1356 1102 1383 λοῦ
1123 1356 1211 1382 πάντα
1229 1355 1344 1390 ἐφίεται,
1363 1353 1410 1380 καὶ
1423 1353 1473 1379 οὐκ
1487 1351 1544 1378 ἔστι
1557 1360 1583 1377 τι
1599 1350 1653 1377 τῶν
1671 1349 1765 1380 ὄντων,
1779 1349 1852 1383 ὅπερ

1056 1404 1086 1430 οὺ
1105 1402 1212 1438 μετέχει
1222 1400 1270 1428 τοῦ
1280 1400 1374 1431 καλοῦ,
1390 1401 1418 1426 ὲν
1433 1400 1466 1434 τῇ
1484 1397 1589 1433 μεθέξει
1603 1395 1650 1423 τοῦ
1665 1395 1738 1426 δντος
1751 1393 1849 1421 καλοῦ.

1057 1450 1194 1485 Τολμήσει
1216 1447 1244 1474 δέ
1263 1456 1305 1479 τις
1325 1447 1422 1478 εἰπεῖν,
1439 1445 1480 1472 ὅτι
1496 1444 1543 1471 ita).
1556 1443 1586 1470 τὸ
1599 1442 1637 1479 μὴ
1651 1442 1681 1468 ὃν
1701 1440 1748 1468 τοῦ
1762 1440 1851 1467 καλοῦ

1059 1494 1176 1531 μετέχει.
1193 1493 1255 1525 Πῶς
1268 1493 1297 1520 δὲ
1307 1492 1338 1518 τὸ
1352 1491 1388 1527 μὴ
1400 1490 1430 1517 ὃν
1444 1490 1568 1526 μετέχειν
1582 1487 1680 1524 φησίν;
1703 1487 1745 1513 ὅτι
1759 1487 1788 1512 έν
1809 1485 1854 1521 τῷ

1057 1542 1117 1578 Θεῷ
1133 1541 1181 1569 καὶ
1201 1541 1232 1568 τὸ
1252 1539 1289 1576 μὴ
1308 1539 1337 1566 ὸν
1355 1539 1421 1565 αὐτὸ
1438 1537 1509 1564 κατὰ
1522 1536 1571 1572 τὴν
1585 1535 1692 1562 πάντων
1702 1532 1852 1569 ἀφαίρεσιν

1056 1589 1190 1625 ὑμνεῖται,
1205 1588 1250 1614 ὅτε
1263 1586 1338 1621 λέγει
1350 1583 1450 1618 τις·οὐ
1465 1582 1560 1611 τοῦτο.
1574 1582 1625 1608 οὐκ
1637 1582 1726 1608 έκεῖνο
1740 1581 1801 1607 ἐστι
1818 1579 1852 1605 τὸ

1055 1640 1142 1671 Θεῖον,
1163 1638 1220 1666 ἀλλ’
1233 1637 1303 1673 ὑπὲρ
1312 1636 1408 1664 ταῦτα.
1423 1634 1508 1662 Τοῦτο
1521 1633 1586 1668 γοῦν
1599 1633 1630 1659 τὸ
1645 1632 1682 1668 μὴ
1694 1631 1734 1663 ὸν,
1747 1631 1764 1666 ὴ
1780 1631 1853 1657 πάν-

1054 1694 1108 1712 των
1122 1684 1280 1720 ἀφαίρεσις,
1299 1682 1406 1719 μετέχει
1423 1681 1471 1708 τοῦ
1485 1680 1557 1707 θείου
1571 1678 1655 1706 καλοῦ
1669 1678 1716 1704 καὶ
1728 1676 1847 1711 ἀγαθοῦ,

1056 1730 1124 1758 καθὸ
1147 1730 1184 1766 μὴ
1199 1729 1229 1757 ὸν
1242 1730 1273 1756 τὸ
1291 1728 1368 1755 Θετον
1389 1727 1562 1762 ὀνομάζεται.
1586 1725 1678 1760 Ἔχεις
1690 1724 1777 1750 εἰπεῖν
1800 1722 1851 1748 καὶ

1055 1777 1105 1812 τὴν
1118 1775 1185 1812 ὓλην
1201 1775 1239 1812 μὴ
1249 1774 1290 1808 ὃν,
1300 1774 1339 1806 ὠς
1355 1773 1391 1810 μὴ
1405 1773 1573 1809 μετέχουσαν
1589 1770 1637 1797 τοῦ
1651 1769 1735 1797 καλοῦ
1748 1769 1849 1800 εἴδους.

1050 1823 1152 1858 ’Ἔχεις
1175 1822 1263 1848 εἰπεῖν
1281 1820 1330 1848 καὶ
1341 1819 1372 1846 τὸ
1391 1818 1485 1851 κακὸν,
1499 1816 1536 1853 μὴ
1554 1816 1584 1843 ὸν
1594 1815 1705 1850 ἀγαθὸν,
1715 1814 1753 1846 ὼς
1769 1814 1851 1858 μετέ-

1055 1857 1159 1904 χειγκαὶ
1172 1865 1256 1894 τοῦτο
1273 1864 1320 1892 τοῦ
1333 1863 1426 1896 καλοῦ,
1440 1863 1481 1889 ὃτι
1497 1862 1542 1889 διά
1555 1870 1582 1887 τι
1592 1859 1753 1895 φαινόμενον
1765 1857 1855 1884 καλὸν

1056 1912 1073 1949 ἢ
1088 1912 1191 1947 ἀγαθὸν
1209 1911 1374 1948 πράττεται·
1388 1908 1445 1936 ἀλλ’
1462 1909 1479 1944 ἡ
1499 1905 1684 1942 ἐπιφερομένη
1697 1904 1854 1940 ἐπεξεργα-

1057 1959 1103 1986 cla
1118 1959 1148 1985 τὸ
1175 1958 1308 1994 πρότερον
1324 1956 1432 1983 δίδωσιν
1447 1954 1521 1991 ἡμᾶς
1546 1954 1657 1981 ἐννοεῖν.
1675 1951 1752 1978 Ἐπεὶ
1770 1951 1851 1977 συνέν-

1058 2003 1120 2040 μιξε
1130 2002 1169 2038 τῷ
1183 2002 1278 2038 ἀγαθῷ
1289 2001 1320 2028 τὸ
1336 2000 1433 2028 καλόν·
1454 1999 1502 2036 (ὡς
1515 1998 1572 2035 γὰρ
1588 1997 1704 2029 ἐκείνου,
1716 1996 1788 2023 οὕτω
1802 1998 1853 2023 καὶ

1055 2050 1150 2077 τούτου
1175 2049 1266 2076 πάντα
1287 2045 1419 2083 έφίεταν)
1444 2045 1523 2072 τοῦτό
1553 2052 1637 2080 φησι,
1664 2043 1773 2070 πάντων
1793 2042 1855 2068 τῶν

1055 2095 1184 2122 τοιούτων
1197 2093 1272 2120 ἐστὶν
1284 2092 1380 2124 αἴτιον,
1393 2089 1490 2122 ένικῶς
1505 2088 1636 2124 δηλονότι,
1652 2088 1675 2113 εί
1687 2086 1734 2113 mi.
1742 2085 1851 2112 ποικίλ-

1056 2141 1132 2168 λεται
1143 2139 1215 2167 κατὰ
1232 2139 1268 2166 τὰ
1290 2137 1351 2165 καθ’
1361 2137 1488 2169 ἕκαστον,
1506 2135 1563 2162 ἀλλ’
1575 2131 1622 2160 οὖν
1634 2132 1662 2160 ἓν
1681 2133 1729 2160 καὶ
1745 2131 1852 2159 ἁπλοῦν

1059 2188 1144 2224 μένει.
1162 2187 1206 2218 Ὧς
1218 2187 1232 2213 ὁ
1249 2185 1331 2217 αὐτὸς
1349 2183 1425 2219 ἥλιος
1436 2175 1592 2218 θερμαίνων
1607 2180 1655 2207 καὶ
1669 2179 1782 2215 πέτραν,
1803 2178 1853 2205 καὶ

215 2242 270 2262 ιιοιι
291 2240 343 2269 est,
363 2236 422 2264 sive
442 2237 565 2264 omnium
577 2237 689 2269 ablatio,
702 2238 840 2273 particeps
857 2225 900 2267 est
920 2225 1004 2267 divini

1059 2233 1177 2269 ἱμάτιον,
1190 2232 1239 2259 καὶ
1255 2231 1307 2267 γῆν
1329 2229 1527 2266 βεϐρεγμένην,
1542 2227 1590 2253 καὶ
1607 2226 1688 2262 ὕδωρ,
1703 2225 1773 2260 πλὴν
1788 2233 1851 2251 ποι-

215 2280 322 2315 pulchri
333 2289 366 2309 ac
376 2282 439 2309 boni
451 2282 477 2310 in
488 2287 619 2316 quantum
630 2283 755 2310 divinum
773 2291 875 2311 numen
892 2289 1007 2312 vocatur

217 2334 269 2354 non
288 2334 348 2355 esse
359 2328 426 2363 (60).
438 2328 531 2356 Possis
543 2329 634 2363 etiam
652 2330 798 2357 materiam
820 2337 872 2358 non
893 2338 942 2358 ens
961 2338 1009 2365 ap-

217 2373 330 2407 pellare,
343 2379 478 2408 quatenus
487 2383 585 2410 expers
594 2381 637 2404 est
647 2377 768 2412 pulchra:
789 2377 893 2404 forum.
916 2377 1008 2404 Possis

217 2419 301 2446 etiam
321 2420 421 2447 malum
442 2421 534 2449 dicere
555 2430 610 2449 non
630 2430 692 2450 esse
709 2423 822 2457 bonum,
835 2423 862 2450 in
874 2429 1006 2457 quantum

217 2466 299 2492 etiatn
331 2465 410 2500 hujus
437 2467 543 2500 pulchri
571 2468 711 2503 particeps
731 2469 853 2502 exsistit;
874 2469 938 2504 quia
958 2477 1008 2504 per

218 2511 326 2545 aliquod
349 2519 482 2546 apparens
503 2513 646 2547 pulchrum
674 2514 718 2541 vel
746 2515 846 2542 bonum
876 2514 1004 2549 tingitur;

219 2563 348 2590 expressa
370 2565 435 2584 vero
454 2558 605 2587 similitudo
624 2560 671 2587 dat
690 2560 769 2588 nobis
787 2560 964 2596 cogitandum
976 2561 1003 2588 id

219 2603 291 2636 quod
308 2604 385 2638 prius
405 2611 456 2632 est.
468 2605 535 2632 Cum
552 2608 760 2635 commiscuerit
775 2609 849 2637 bono
867 2608 1008 2643 pulchrum

219 2648 303 2682 (sicut
321 2649 394 2676 enim
416 2650 490 2683 illud,
503 2652 542 2679 sic
552 2658 580 2679 et
591 2653 641 2680 hoe
652 2659 752 2681 cuncta
769 2654 926 2689 appetunt),
941 2654 1007 2685 hoc.

220 2695 321 2729 inquit.
334 2695 427 2722 taliunt
448 2698 569 2725 omnium
587 2703 630 2726 est
649 2707 742 2733 causa,
764 2701 894 2728 nimirum
917 2701 1008 2734 unice.

222 2740 328 2767 tametsi
349 2741 376 2767 in
399 2741 514 2777 singulis
526 2745 658 2778 varietur,
670 2751 762 2775 tamen
775 2755 828 2775 una
840 2748 1010 2783 simplexque

290 2814 304 2834 ﬁ
316 2808 395 2837 Rom.
407 2817 467 2843 vut,
484 2810 529 2838 '50.

262 2886 319 2922 (40)
333 2887 444 2918 Scilicet
460 2889 511 2917 hoc
525 2889 568 2917 vel
587 2889 662 2917 illud.

1060 2280 1143 2312 κίλως
1155 2279 1223 2314 πρὸς
1242 2277 1278 2304 τὰ
1297 2277 1446 2312 δεχόμενα·
1462 2275 1495 2301 ὲκ
1509 2273 1604 2300 τούτου
1620 2273 1705 2299 πᾶσαι
1720 2271 1775 2298 τῶν
1792 2280 1851 2298 κτι-

1060 2325 1130 2353 στῶν
1142 2326 1169 2352 αἱ
1183 2323 1323 2355 οὑσιώδεις
1332 2320 1474 2358 ὑπάρξεις.
1483 2318 1581 2350 Καλῶς
1595 2318 1624 2345 δὲ
1636 2317 1667 2344 τὸ
1678 2316 1848 2349 οὐσιώδεις·

1060 2373 1088 2399 αι
1107 2372 1161 2407 γὰρ
1181 2369 1312 2405 ὑπάρξεις
1332 2367 1392 2395 καθ’
1404 2366 1502 2398 ἑαυτὰς
1527 2364 1660 2399 ἁνώτεραι
1682 2363 1736 2389 τῶν
1750 2362 1850 2389 οὐσιῶν

1059 2420 1141 2446 εἰσιν·
1161 2416 1279 2452 ὓπαρξις
1295 2415 1350 2450 γάρ
1364 2415 1437 2440 ὲστιν
1457 2411 1523 2439 αὐτὸ
1540 2411 1572 2438 τὸ
1587 2408 1658 2437 εἶναι
1671 2418 1712 2435 τι·
1728 2408 1808 2435 οὐσία
1819 2409 1850 2435 δέ

1061 2466 1118 2491 ἐστι
1132 2464 1163 2490 τὸ
1177 2463 1203 2490 τί
1216 2464 1274 2489 ἐστι
1292 2460 1341 2487 τοῦ
1357 2460 1443 2491 ὄντος.
1464 2457 1573 2493 Ἐπειδὴ
1583 2454 1630 2484 οὖν
1642 2454 1771 2489 περὶτῶν
1792 2463 1851 2481 κτι-

1061 2509 1130 2536 στῶν
1146 2517 1236 2544 φησιν,
1249 2506 1359 2537 εἰκότως
1365 2503 1557 2540 τῷὡπάρξεις
1570 2501 1721 2538 προσέθηκε
1754 2501 1784 2527 τὸ
1796 2501 1850 2528 οὺ-

1062 2557 1190 2589 σιώδεις.
1212 2554 1338 2586 Ἑνώσεις
1353 2553 1381 2580 δὲ
1393 2552 1525 2587 λέγονται,
1540 2551 1590 2586 οὐχ
1606 2551 1646 2576 ὃτι
1666 2548 1787 2584 σωρηδὸν
1801 2549 1851 2574 σὺν

1060 2603 1157 2638 ἐκείνῳ
1173 2603 1203 2629 ἓν
1219 2611 1245 2628 τι
1263 2599 1465 2630 ἀποτελοῦνται,
1478 2598 1536 2625 ἀλλ’
1548 2598 1590 2624 ὅτι
1611 2596 1686 2631 πηγὴ
1698 2595 1790 2622 αὐτῶν
1803 2595 1850 2621 καὶ

1061 2651 1132 2687 ἁρχὴ
1146 2652 1160 2677 ὁ
1175 2649 1252 2681 Θεὸς,
1275 2649 1324 2675 καὶ
1342 2647 1372 2680 ἐξ
1391 2645 1473 2673 αὐτοῦ
1497 2644 1675 2681 παρήχθησαν
1693 2642 1850 2669 ὑποστάντα

1060 2702 1120 2729 καθ’
1134 2700 1328 2732 ὑπόστασιν,ὼς
1341 2699 1388 2726 καὶ
1399 2699 1438 2730 εἱς
1449 2697 1597 2732 διακρίσεις
1609 2694 1784 2722 ὐποστάσεων
1799 2701 1851 2728 φα-

1061 2748 1148 2784 νῆναι.
1162 2745 1333 2781 Ταὺτότητες
1347 2744 1376 2771 δὲ
1392 2744 1419 2771 αἱ
1429 2741 1568 2777 ἀναγωγαὶ
1581 2740 1627 2768 καὶ
1639 2738 1768 2766 ένωτικαὶ
1781 2737 1855 2773 πρὸς
