  <div class='ocr_page' id='page_1' title='image "/cluster/home/n/w/nwhite01/storage/ocr_20150623/3/njp.32101077772356/478.png"; bbox 0 0 1938 3065; ppageno 0'>
   <div class='ocr_carea' id='block_1_1' title="bbox 78 151 145 181">
    <p class='ocr_par' dir='ltr' id='par_1_1' title="bbox 78 151 145 181">
     <span class='ocr_line' id='line_1_1' title="bbox 78 151 145 181; baseline 0.03 -2"><span class='ocrx_word' id='word_1_1' title='bbox 78 151 145 181; x_wconf 79' lang='grc'><strong>’165</strong></span> 
     </span>
    </p>
   </div>
   <div class='ocr_carea' id='block_1_2' title="bbox 377 150 873 184">
    <p class='ocr_par' dir='ltr' id='par_1_2' title="bbox 377 150 873 184">
     <span class='ocr_line' id='line_1_2' title="bbox 377 150 873 184; baseline 0.002 -5"><span class='ocrx_word' id='word_1_2' title='bbox 377 150 422 179; x_wconf 88' lang='lat' dir='ltr'><strong>DE</strong></span> <span class='ocrx_word' id='word_1_3' title='bbox 439 151 566 180; x_wconf 80' lang='lat' dir='ltr'><strong>DIVINIS</strong></span> <span class='ocrx_word' id='word_1_4' title='bbox 582 151 782 184; x_wconf 78' lang='lat' dir='ltr'><strong>NOMINIBUS,</strong></span> <span class='ocrx_word' id='word_1_5' title='bbox 801 152 873 181; x_wconf 28' lang='lat' dir='ltr'><strong>CAP,</strong></span> 
     </span>
    </p>
   </div>
   <div class='ocr_carea' id='block_1_3' title="bbox 924 150 1422 184">
    <p class='ocr_par' dir='ltr' id='par_1_3' title="bbox 924 151 1422 181">
     <span class='ocr_line' id='line_1_3' title="bbox 924 151 1422 181; baseline 0.002 -1"><span class='ocrx_word' id='word_1_6' title='bbox 924 152 979 180; x_wconf 76' lang='lat'><strong>&#39;.—</strong></span> <span class='ocrx_word' id='word_1_7' title='bbox 994 151 1167 181; x_wconf 75' lang='lat' dir='ltr'><strong>PARAPHR.</strong></span> <span class='ocrx_word' id='word_1_8' title='bbox 1185 151 1422 181; x_wconf 71' lang='grc' dir='ltr'><strong>ΡΑΟΠΫΜΕΚᾹΞ.</strong></span> 
     </span>
    </p>
   </div>
   <div class='ocr_carea' id='block_1_4' title="bbox 1664 153 1719 182">
    <p class='ocr_par' dir='ltr' id='par_1_4' title="bbox 1664 153 1719 182">
     <span class='ocr_line' id='line_1_4' title="bbox 1664 153 1719 182; baseline 0.036 -2"><span class='ocrx_word' id='word_1_9' title='bbox 1664 153 1719 182; x_wconf 70' lang='grc' dir='ltr'><strong>τοι</strong></span> 
     </span>
    </p>
   </div>
   <div class='ocr_carea' id='block_1_5' title="bbox 77 207 873 250">
    <p class='ocr_par' dir='ltr' id='par_1_5' title="bbox 77 207 873 250">
     <span class='ocr_line' id='line_1_5' title="bbox 77 207 873 250; baseline 0 -15"><span class='ocrx_word' id='word_1_10' title='bbox 77 208 161 250; x_wconf 63' lang='grc' dir='ltr'>Θεὸν</span> <span class='ocrx_word' id='word_1_11' title='bbox 180 207 310 244; x_wconf 85' lang='grc' dir='ltr'>δυνάμεις</span> <span class='ocrx_word' id='word_1_12' title='bbox 321 207 375 236; x_wconf 80' lang='grc' dir='ltr'><strong>τῶν</strong></span> <span class='ocrx_word' id='word_1_13' title='bbox 386 208 498 244; x_wconf 84' lang='grc' dir='ltr'><strong>νοητῶν,</strong></span> <span class='ocrx_word' id='word_1_14' title='bbox 510 208 548 241; x_wconf 82' lang='grc' dir='ltr'>ὡς</span> <span class='ocrx_word' id='word_1_15' title='bbox 564 210 611 236; x_wconf 82' lang='grc' dir='ltr'>καὶ</span> <span class='ocrx_word' id='word_1_16' title='bbox 629 208 797 244; x_wconf 82' lang='grc' dir='ltr'><strong>ὁμοιότητες,</strong></span> <span class='ocrx_word' id='word_1_17' title='bbox 810 210 873 235; x_wconf 74' lang='grc' dir='ltr'>ὲπει</span> 
     </span>
    </p>
   </div>
   <div class='ocr_carea' id='block_1_6' title="bbox 924 207 1715 250">
    <p class='ocr_par' dir='ltr' id='par_1_6' title="bbox 934 209 1715 246">
     <span class='ocr_line' id='line_1_6' title="bbox 934 209 1715 246; baseline 0.004 -10"><span class='ocrx_word' id='word_1_18' title='bbox 934 214 1086 244; x_wconf 86' lang='lat' dir='ltr'><strong>permanet.</strong></span> <span class='ocrx_word' id='word_1_19' title='bbox 1106 209 1184 237; x_wconf 85' lang='lat' dir='ltr'><strong>Sicut</strong></span> <span class='ocrx_word' id='word_1_20' title='bbox 1203 210 1273 237; x_wconf 89' lang='lat' dir='ltr'><strong>idem</strong></span> <span class='ocrx_word' id='word_1_21' title='bbox 1294 210 1333 237; x_wconf 84' lang='lat' dir='ltr'><strong>sol</strong></span> <span class='ocrx_word' id='word_1_22' title='bbox 1353 209 1516 238; x_wconf 69' lang='lat' dir='ltr'><strong>calefaciens</strong></span> <span class='ocrx_word' id='word_1_23' title='bbox 1543 215 1572 238; x_wconf 87' lang='lat' dir='ltr'><strong>et</strong></span> <span class='ocrx_word' id='word_1_24' title='bbox 1597 211 1715 246; x_wconf 85' lang='lat' dir='ltr'><strong>lapidem</strong></span> 
     </span>
    </p>
   </div>
   <div class='ocr_carea' id='block_1_7' title="bbox 77 254 883 291">
    <p class='ocr_par' dir='ltr' id='par_1_7' title="bbox 77 254 883 291">
     <span class='ocr_line' id='line_1_7' title="bbox 77 254 883 291; baseline -0.001 -9"><span class='ocrx_word' id='word_1_25' title='bbox 77 255 120 291; x_wconf 81' lang='grc' dir='ltr'>δὴ</span> <span class='ocrx_word' id='word_1_26' title='bbox 139 255 192 282; x_wconf 75' lang='grc' dir='ltr'>καὶ</span> <span class='ocrx_word' id='word_1_27' title='bbox 205 255 235 288; x_wconf 79' lang='grc' dir='ltr'>ἐξ</span> <span class='ocrx_word' id='word_1_28' title='bbox 248 254 331 282; x_wconf 80' lang='grc' dir='ltr'>αὑτοῦ</span> <span class='ocrx_word' id='word_1_29' title='bbox 345 256 398 282; x_wconf 80' lang='grc' dir='ltr'>εισι</span> <span class='ocrx_word' id='word_1_30' title='bbox 415 255 462 282; x_wconf 81' lang='grc' dir='ltr'>καὶ</span> <span class='ocrx_word' id='word_1_31' title='bbox 475 257 620 291; x_wconf 80' lang='grc' dir='ltr'>προσεχεῖς</span> <span class='ocrx_word' id='word_1_32' title='bbox 634 255 717 290; x_wconf 87' lang='grc' dir='ltr'>αὑτῷ,</span> <span class='ocrx_word' id='word_1_33' title='bbox 740 256 883 291; x_wconf 80' lang='grc' dir='ltr'>Ἐτερότη-</span> 
     </span>
    </p>
   </div>
   <div class='ocr_carea' id='block_1_8' title="bbox 77 301 883 336">
    <p class='ocr_par' dir='ltr' id='par_1_8' title="bbox 77 301 883 336">
     <span class='ocr_line' id='line_1_8' title="bbox 77 301 883 336; baseline 0 -9"><span class='ocrx_word' id='word_1_34' title='bbox 77 308 134 332; x_wconf 83' lang='grc' dir='ltr'><strong>τες</strong></span> <span class='ocrx_word' id='word_1_35' title='bbox 146 301 178 327; x_wconf 85' lang='grc' dir='ltr'>δὲ</span> <span class='ocrx_word' id='word_1_36' title='bbox 192 301 271 327; x_wconf 75' lang='grc' dir='ltr'>οίονεὶ</span> <span class='ocrx_word' id='word_1_37' title='bbox 286 302 300 327; x_wconf 82' lang='grc' dir='ltr'><strong><em>ὁ</em></strong></span> <span class='ocrx_word' id='word_1_38' title='bbox 322 301 477 336; x_wconf 83' lang='grc' dir='ltr'>μεριστικὺς</span> <span class='ocrx_word' id='word_1_39' title='bbox 494 301 653 336; x_wconf 76' lang='grc' dir='ltr'>πληθυσμὸς</span> <span class='ocrx_word' id='word_1_40' title='bbox 667 302 696 327; x_wconf 85' lang='grc' dir='ltr'>ὲν</span> <span class='ocrx_word' id='word_1_41' title='bbox 710 302 770 332; x_wconf 84' lang='grc' dir='ltr'>ταῖς</span> <span class='ocrx_word' id='word_1_42' title='bbox 785 301 883 327; x_wconf 74' lang='grc' dir='ltr'>ὑποϐε-</span> 
     </span>
    </p>
   </div>
   <div class='ocr_carea' id='block_1_9' title="bbox 79 346 881 382">
    <p class='ocr_par' dir='ltr' id='par_1_9' title="bbox 79 346 881 382">
     <span class='ocr_line' id='line_1_9' title="bbox 79 346 881 382; baseline 0.001 -10"><span class='ocrx_word' id='word_1_43' title='bbox 79 346 220 382; x_wconf 74' lang='grc' dir='ltr'>ϐηκυίαις</span> <span class='ocrx_word' id='word_1_44' title='bbox 235 346 357 382; x_wconf 85' lang='grc' dir='ltr'>προόδοις</span> <span class='ocrx_word' id='word_1_45' title='bbox 377 346 424 373; x_wconf 82' lang='grc' dir='ltr'>τοῦ</span> <span class='ocrx_word' id='word_1_46' title='bbox 441 346 513 373; x_wconf 82' lang='grc' dir='ltr'>θείου</span> <span class='ocrx_word' id='word_1_47' title='bbox 530 346 690 382; x_wconf 76' lang='grc' dir='ltr'><strong>θελήματος.</strong></span> <span class='ocrx_word' id='word_1_48' title='bbox 712 347 881 382; x_wconf 81' lang='grc' dir='ltr'>’Ᾱνομοιότη-</span> 
     </span>
    </p>
   </div>
   <div class='ocr_carea' id='block_1_10' title="bbox 78 391 882 427">
    <p class='ocr_par' dir='ltr' id='par_1_10' title="bbox 78 391 882 427">
     <span class='ocr_line' id='line_1_10' title="bbox 78 391 882 427; baseline 0.001 -10"><span class='ocrx_word' id='word_1_49' title='bbox 78 399 135 423; x_wconf 76' lang='grc' dir='ltr'>’τες</span> <span class='ocrx_word' id='word_1_50' title='bbox 148 391 191 424; x_wconf 84' lang='grc' dir='ltr'>δὲ,</span> <span class='ocrx_word' id='word_1_51' title='bbox 204 392 296 426; x_wconf 77' lang='grc' dir='ltr'>ἐπειδὴ</span> <span class='ocrx_word' id='word_1_52' title='bbox 308 391 338 418; x_wconf 83' lang='grc' dir='ltr'>τὸ</span> <span class='ocrx_word' id='word_1_53' title='bbox 349 391 488 427; x_wconf 84' lang='grc' dir='ltr'>γινόμενον</span> <span class='ocrx_word' id='word_1_54' title='bbox 503 391 595 427; x_wconf 67' lang='grc' dir='ltr'>ἕτερον</span> <span class='ocrx_word' id='word_1_55' title='bbox 606 392 652 418; x_wconf 85' lang='grc' dir='ltr'>τοῦ</span> <span class='ocrx_word' id='word_1_56' title='bbox 663 392 882 427; x_wconf 78' lang='grc' dir='ltr'>δημιουργήσαν-</span> 
     </span>
    </p>
   </div>
   <div class='ocr_carea' id='block_1_11' title="bbox 79 437 881 473">
    <p class='ocr_par' dir='ltr' id='par_1_11' title="bbox 79 437 881 473">
     <span class='ocr_line' id='line_1_11' title="bbox 79 437 881 473; baseline 0 -9"><span class='ocrx_word' id='word_1_57' title='bbox 79 446 146 470; x_wconf 79' lang='grc' dir='ltr'>τος.</span> <span class='ocrx_word' id='word_1_58' title='bbox 165 437 312 464; x_wconf 83' lang='grc' dir='ltr'>Κοινωνίαι</span> <span class='ocrx_word' id='word_1_59' title='bbox 330 437 384 463; x_wconf 86' lang='grc' dir='ltr'><strong>τῶν</strong></span> <span class='ocrx_word' id='word_1_60' title='bbox 398 438 526 464; x_wconf 75' lang='grc' dir='ltr'><strong>ἐναντίων</strong></span> <span class='ocrx_word' id='word_1_61' title='bbox 540 438 567 464; x_wconf 89' lang='grc' dir='ltr'>αἱ</span> <span class='ocrx_word' id='word_1_62' title='bbox 588 438 643 464; x_wconf 86' lang='grc' dir='ltr'><strong>τῶν</strong></span> <span class='ocrx_word' id='word_1_63' title='bbox 660 437 796 472; x_wconf 74' lang='grc' dir='ltr'><strong>στοιχείων</strong></span> <span class='ocrx_word' id='word_1_64' title='bbox 814 437 881 473; x_wconf 86' lang='grc' dir='ltr'>κρά-</span> 
     </span>
    </p>
   </div>
   <div class='ocr_carea' id='block_1_12' title="bbox 80 483 880 519">
    <p class='ocr_par' dir='ltr' id='par_1_12' title="bbox 80 483 880 519">
     <span class='ocr_line' id='line_1_12' title="bbox 80 483 880 519; baseline -0.003 -8"><span class='ocrx_word' id='word_1_65' title='bbox 80 493 148 516; x_wconf 85' lang='grc' dir='ltr'>σεις</span> <span class='ocrx_word' id='word_1_66' title='bbox 158 492 165 499; x_wconf 78' lang='grc'><strong><em>⁸</em></strong></span> <span class='ocrx_word' id='word_1_67' title='bbox 184 483 356 519; x_wconf 82' lang='grc' dir='ltr'>ἁλληλουχίαι</span> <span class='ocrx_word' id='word_1_68' title='bbox 371 484 388 519; x_wconf 84' lang='grc' dir='ltr'>ὴ</span> <span class='ocrx_word' id='word_1_69' title='bbox 399 483 446 509; x_wconf 78' lang='grc' dir='ltr'><strong>τοῦ</strong></span> <span class='ocrx_word' id='word_1_70' title='bbox 462 483 565 519; x_wconf 81' lang='grc' dir='ltr'><strong>κόσμου</strong></span> <span class='ocrx_word' id='word_1_71' title='bbox 580 483 680 515; x_wconf 83' lang='grc' dir='ltr'>παντὸς</span> <span class='ocrx_word' id='word_1_72' title='bbox 691 484 821 518; x_wconf 79' lang='grc' dir='ltr'><strong>συνάφεια</strong></span> <span class='ocrx_word' id='word_1_73' title='bbox 833 483 880 509; x_wconf 62' lang='grc' dir='ltr'><strong>καὶ¹</strong></span> 
     </span>
    </p>
   </div>
   <div class='ocr_carea' id='block_1_13' title="bbox 80 527 880 565">
    <p class='ocr_par' dir='ltr' id='par_1_13' title="bbox 80 527 880 565">
     <span class='ocr_line' id='line_1_13' title="bbox 80 527 880 565; baseline -0.003 -9"><span class='ocrx_word' id='word_1_74' title='bbox 80 529 260 565; x_wconf 79' lang='grc' dir='ltr'><strong>συμπάθεια.</strong></span> <span class='ocrx_word' id='word_1_75' title='bbox 281 529 454 564; x_wconf 81' lang='grc' dir='ltr'>Ἀσυμμιξίαι</span> <span class='ocrx_word' id='word_1_76' title='bbox 469 528 524 555; x_wconf 89' lang='grc' dir='ltr'><strong>τῶν</strong></span> <span class='ocrx_word' id='word_1_77' title='bbox 544 528 702 564; x_wconf 86' lang='grc' dir='ltr'>ήνωμένων,</span> <span class='ocrx_word' id='word_1_78' title='bbox 715 528 753 560; x_wconf 83' lang='grc' dir='ltr'><strong>ὡς</strong></span> <span class='ocrx_word' id='word_1_79' title='bbox 766 528 813 554; x_wconf 79' lang='grc' dir='ltr'><strong>ἐπὶ</strong></span> <span class='ocrx_word' id='word_1_80' title='bbox 829 527 880 563; x_wconf 84' lang='grc' dir='ltr'>τῆς</span> 
     </span>
    </p>
   </div>
   <div class='ocr_carea' id='block_1_14' title="bbox 78 570 881 610">
    <p class='ocr_par' dir='ltr' id='par_1_14' title="bbox 78 570 881 610">
     <span class='ocr_line' id='line_1_14' title="bbox 78 570 881 610; baseline -0.004 -9"><span class='ocrx_word' id='word_1_81' title='bbox 78 575 135 601; x_wconf 83' lang='grc' dir='ltr'>τοῦ</span> <span class='ocrx_word' id='word_1_82' title='bbox 148 574 319 610; x_wconf 83' lang='grc' dir='ltr'>ἀνθρωπείου</span> <span class='ocrx_word' id='word_1_83' title='bbox 332 574 426 609; x_wconf 82' lang='grc' dir='ltr'>γένους</span> <span class='ocrx_word' id='word_1_84' title='bbox 440 574 603 610; x_wconf 79' lang='grc' dir='ltr'><strong>κοινότητος,</strong></span> <span class='ocrx_word' id='word_1_85' title='bbox 616 574 662 600; x_wconf 72' lang='grc' dir='ltr'><strong>καὶ</strong></span> <span class='ocrx_word' id='word_1_86' title='bbox 670 574 720 608; x_wconf 85' lang='grc' dir='ltr'>τῆς</span> <span class='ocrx_word' id='word_1_87' title='bbox 727 573 789 600; x_wconf 83' lang='grc' dir='ltr'>καθ’</span> <span class='ocrx_word' id='word_1_88' title='bbox 812 570 881 598; x_wconf 83' lang='grc' dir='ltr'>’ἑκα-</span> 
     </span>
    </p>
   </div>
   <div class='ocr_carea' id='block_1_15' title="bbox 74 617 879 655">
    <p class='ocr_par' dir='ltr' id='par_1_15' title="bbox 74 617 879 655">
     <span class='ocr_line' id='line_1_15' title="bbox 74 617 879 655; baseline 0.001 -12"><span class='ocrx_word' id='word_1_89' title='bbox 74 625 149 644; x_wconf 80' lang='grc' dir='ltr'>στον</span> <span class='ocrx_word' id='word_1_90' title='bbox 157 619 300 655; x_wconf 74' lang='grc' dir='ltr'>ἄνθρωπον</span> <span class='ocrx_word' id='word_1_91' title='bbox 315 619 444 654; x_wconf 71' lang='grc' dir='ltr'><strong>ἰδιότητος</strong></span> <span class='ocrx_word' id='word_1_92' title='bbox 455 627 461 633; x_wconf 90' lang='grc'><strong>·</strong></span> <span class='ocrx_word' id='word_1_93' title='bbox 477 618 516 653; x_wconf 84' lang='grc' dir='ltr'>τῷ</span> <span class='ocrx_word' id='word_1_94' title='bbox 536 618 585 654; x_wconf 87' lang='grc' dir='ltr'>μὲν</span> <span class='ocrx_word' id='word_1_95' title='bbox 604 618 659 654; x_wconf 78' lang='grc' dir='ltr'>γὰρ</span> <span class='ocrx_word' id='word_1_96' title='bbox 678 617 760 653; x_wconf 89' lang='grc' dir='ltr'>κοινῷ</span> <span class='ocrx_word' id='word_1_97' title='bbox 771 618 822 653; x_wconf 86' lang='grc' dir='ltr'>τῆς</span> <span class='ocrx_word' id='word_1_98' title='bbox 833 627 879 645; x_wconf 84' lang='grc' dir='ltr'>ου-</span> 
     </span>
    </p>
   </div>
   <div class='ocr_carea' id='block_1_16' title="bbox 80 663 879 700">
    <p class='ocr_par' dir='ltr' id='par_1_16' title="bbox 80 663 879 700">
     <span class='ocr_line' id='line_1_16' title="bbox 80 663 879 700; baseline -0.001 -9"><span class='ocrx_word' id='word_1_99' title='bbox 80 665 151 696; x_wconf 80' lang='grc' dir='ltr'>σίας</span> <span class='ocrx_word' id='word_1_100' title='bbox 165 664 237 699; x_wconf 86' lang='grc' dir='ltr'>λόγῳ</span> <span class='ocrx_word' id='word_1_101' title='bbox 249 665 348 696; x_wconf 84' lang='grc' dir='ltr'>πάντες</span> <span class='ocrx_word' id='word_1_102' title='bbox 360 664 500 700; x_wconf 83' lang='grc' dir='ltr'><strong>ἡγώμεθα·</strong></span> <span class='ocrx_word' id='word_1_103' title='bbox 515 665 548 699; x_wconf 84' lang='grc' dir='ltr'><strong>τῇ</strong></span> <span class='ocrx_word' id='word_1_104' title='bbox 565 664 593 690; x_wconf 79' lang='grc' dir='ltr'>δὲ</span> <span class='ocrx_word' id='word_1_105' title='bbox 607 663 668 690; x_wconf 66' lang='grc' dir='ltr'>καθ’</span> <span class='ocrx_word' id='word_1_106' title='bbox 683 663 798 690; x_wconf 70' lang='grc' dir='ltr'>ἕκαστον</span> <span class='ocrx_word' id='word_1_107' title='bbox 815 664 879 690; x_wconf 82' lang='grc' dir='ltr'>ἰδιό-</span> 
     </span>
    </p>
   </div>
   <div class='ocr_carea' id='block_1_17' title="bbox 79 708 879 745">
    <p class='ocr_par' dir='ltr' id='par_1_17' title="bbox 79 708 879 745">
     <span class='ocr_line' id='line_1_17' title="bbox 79 708 879 745; baseline -0.001 -9"><span class='ocrx_word' id='word_1_108' title='bbox 79 718 151 745; x_wconf 86' lang='grc' dir='ltr'>τητι</span> <span class='ocrx_word' id='word_1_109' title='bbox 171 709 202 736; x_wconf 84' lang='grc' dir='ltr'>τὸ</span> <span class='ocrx_word' id='word_1_110' title='bbox 212 709 383 745; x_wconf 81' lang='grc' dir='ltr'>ἀσύμμικτον</span> <span class='ocrx_word' id='word_1_111' title='bbox 395 709 502 744; x_wconf 80' lang='grc' dir='ltr'>ἔχομεν.</span> <span class='ocrx_word' id='word_1_112' title='bbox 515 710 547 735; x_wconf 81' lang='grc' dir='ltr'><strong>Αἰ</strong></span> <span class='ocrx_word' id='word_1_113' title='bbox 566 709 674 735; x_wconf 79' lang='grc' dir='ltr'>πάντων</span> <span class='ocrx_word' id='word_1_114' title='bbox 686 708 879 745; x_wconf 82' lang='grc' dir='ltr'>ἀμετακίνητοι</span> 
     </span>
    </p>
   </div>
   <div class='ocr_carea' id='block_1_18' title="bbox 82 754 877 791">
    <p class='ocr_par' dir='ltr' id='par_1_18' title="bbox 82 754 877 791">
     <span class='ocr_line' id='line_1_18' title="bbox 82 754 877 791; baseline -0.001 -9"><span class='ocrx_word' id='word_1_115' title='bbox 82 756 189 790; x_wconf 81' lang='grc' dir='ltr'>μοναί-</span> <span class='ocrx_word' id='word_1_116' title='bbox 204 755 317 782; x_wconf 72' lang='grc' dir='ltr'>ἕκαστον</span> <span class='ocrx_word' id='word_1_117' title='bbox 335 755 390 791; x_wconf 84' lang='grc' dir='ltr'>γὰρ</span> <span class='ocrx_word' id='word_1_118' title='bbox 401 755 461 782; x_wconf 84' lang='grc' dir='ltr'>καθ’</span> <span class='ocrx_word' id='word_1_119' title='bbox 472 755 551 782; x_wconf 78' lang='grc' dir='ltr'>ἑαυτὸ</span> <span class='ocrx_word' id='word_1_120' title='bbox 569 756 727 782; x_wconf 83' lang='grc' dir='ltr'>συνίσταται</span> <span class='ocrx_word' id='word_1_121' title='bbox 743 754 790 781; x_wconf 81' lang='grc' dir='ltr'>καὶ</span> <span class='ocrx_word' id='word_1_122' title='bbox 809 754 877 781; x_wconf 76' lang='grc' dir='ltr'>ἐστι.</span> 
     </span>
    </p>
   </div>
   <div class='ocr_carea' id='block_1_19' title="bbox 78 799 878 837">
    <p class='ocr_par' dir='ltr' id='par_1_19' title="bbox 78 799 878 837">
     <span class='ocr_line' id='line_1_19' title="bbox 78 799 878 837; baseline -0.001 -9"><span class='ocrx_word' id='word_1_123' title='bbox 78 801 143 828; x_wconf 80' lang='grc' dir='ltr'><strong>Καὶ</strong></span> <span class='ocrx_word' id='word_1_124' title='bbox 167 799 255 833; x_wconf 79' lang='grc' dir='ltr'>αὖθις,</span> <span class='ocrx_word' id='word_1_125' title='bbox 282 802 309 827; x_wconf 75' lang='lat' dir='ltr'><strong>al</strong></span> <span class='ocrx_word' id='word_1_126' title='bbox 335 802 443 829; x_wconf 84' lang='grc' dir='ltr'>πάντων</span> <span class='ocrx_word' id='word_1_127' title='bbox 472 802 501 827; x_wconf 82' lang='grc' dir='ltr'>ὲν</span> <span class='ocrx_word' id='word_1_128' title='bbox 526 802 634 837; x_wconf 77' lang='grc' dir='ltr'>ἑκάστῳ</span> <span class='ocrx_word' id='word_1_129' title='bbox 654 801 800 828; x_wconf 79' lang='grc' dir='ltr'>κοινωνίαι.</span> <span class='ocrx_word' id='word_1_130' title='bbox 819 801 878 827; x_wconf 85' lang='grc' dir='ltr'><strong>Ἐν-</strong></span> 
     </span>
    </p>
   </div>
   <div class='ocr_carea' id='block_1_20' title="bbox 79 846 876 884">
    <p class='ocr_par' dir='ltr' id='par_1_20' title="bbox 79 846 876 884">
     <span class='ocr_line' id='line_1_20' title="bbox 79 846 876 884; baseline 0.001 -11"><span class='ocrx_word' id='word_1_131' title='bbox 79 846 183 874; x_wconf 79' lang='grc' dir='ltr'>τεῦθεν</span> <span class='ocrx_word' id='word_1_132' title='bbox 209 847 360 884; x_wconf 79' lang='grc' dir='ltr'>διορθοῦται</span> <span class='ocrx_word' id='word_1_133' title='bbox 389 849 436 875; x_wconf 81' lang='grc' dir='ltr'>καὶ</span> <span class='ocrx_word' id='word_1_134' title='bbox 471 849 548 881; x_wconf 78' lang='grc' dir='ltr'>δόξας</span> <span class='ocrx_word' id='word_1_135' title='bbox 579 849 651 875; x_wconf 87' lang='grc' dir='ltr'>δυοῖν</span> <span class='ocrx_word' id='word_1_136' title='bbox 677 849 801 875; x_wconf 78' lang='grc' dir='ltr'>παλαιῶν</span> <span class='ocrx_word' id='word_1_137' title='bbox 831 857 876 883; x_wconf 88' lang='grc' dir='ltr'>φι-</span> 
     </span>
    </p>
   </div>
   <div class='ocr_carea' id='block_1_21' title="bbox 931 255 1717 291">
    <p class='ocr_par' dir='ltr' id='par_1_21' title="bbox 931 255 1717 291">
     <span class='ocr_line' id='line_1_21' title="bbox 931 255 1717 291; baseline 0.004 -10"><span class='ocrx_word' id='word_1_138' title='bbox 931 259 959 282; x_wconf 89' lang='lat' dir='ltr'><strong>et</strong></span> <span class='ocrx_word' id='word_1_139' title='bbox 975 259 1090 285; x_wconf 87' lang='lat' dir='ltr'><strong>vestem,</strong></span> <span class='ocrx_word' id='word_1_140' title='bbox 1109 260 1136 281; x_wconf 91' lang='lat' dir='ltr'><strong>et</strong></span> <span class='ocrx_word' id='word_1_141' title='bbox 1155 260 1254 281; x_wconf 89' lang='lat' dir='ltr'><strong>terram</strong></span> <span class='ocrx_word' id='word_1_142' title='bbox 1275 255 1453 289; x_wconf 84' lang='lat' dir='ltr'><strong>complutain,</strong></span> <span class='ocrx_word' id='word_1_143' title='bbox 1473 261 1501 283; x_wconf 89' lang='lat' dir='ltr'><strong>et</strong></span> <span class='ocrx_word' id='word_1_144' title='bbox 1521 264 1631 291; x_wconf 88' lang='lat' dir='ltr'><strong>aquam,</strong></span> <span class='ocrx_word' id='word_1_145' title='bbox 1653 257 1717 285; x_wconf 90' lang='lat' dir='ltr'><strong>licet</strong></span> 
     </span>
    </p>
   </div>
   <div class='ocr_carea' id='block_1_22' title="bbox 931 300 1718 336">
    <p class='ocr_par' dir='ltr' id='par_1_22' title="bbox 931 300 1718 336">
     <span class='ocr_line' id='line_1_22' title="bbox 931 300 1718 336; baseline 0.005 -10"><span class='ocrx_word' id='word_1_146' title='bbox 931 300 1112 327; x_wconf 87' lang='lat' dir='ltr'><strong>diversimode</strong></span> <span class='ocrx_word' id='word_1_147' title='bbox 1130 308 1180 335; x_wconf 92' lang='lat' dir='ltr'><strong>pro</strong></span> <span class='ocrx_word' id='word_1_148' title='bbox 1199 302 1311 328; x_wconf 98' lang='lat' dir='ltr'><strong>materia</strong></span> <span class='ocrx_word' id='word_1_149' title='bbox 1331 302 1464 336; x_wconf 83' lang='lat' dir='ltr'><strong>subjecta,</strong></span> <span class='ocrx_word' id='word_1_150' title='bbox 1484 310 1517 329; x_wconf 84' lang='lat' dir='ltr'><strong>ex</strong></span> <span class='ocrx_word' id='word_1_151' title='bbox 1537 303 1588 330; x_wconf 88' lang='lat' dir='ltr'><strong>hoc</strong></span> <span class='ocrx_word' id='word_1_152' title='bbox 1606 309 1718 330; x_wconf 82' lang='lat' dir='ltr'><strong>creatu-</strong></span> 
     </span>
    </p>
   </div>
   <div class='ocr_carea' id='block_1_23' title="bbox 931 345 1715 375">
    <p class='ocr_par' dir='ltr' id='par_1_23' title="bbox 931 345 1715 375">
     <span class='ocr_line' id='line_1_23' title="bbox 931 345 1715 375; baseline 0.005 -4"><span class='ocrx_word' id='word_1_153' title='bbox 931 352 1022 372; x_wconf 87' lang='lat' dir='ltr'><strong>rarum</strong></span> <span class='ocrx_word' id='word_1_154' title='bbox 1045 346 1166 372; x_wconf 83' lang='lat' dir='ltr'><strong>omniutn</strong></span> <span class='ocrx_word' id='word_1_155' title='bbox 1199 345 1392 373; x_wconf 85' lang='lat' dir='ltr'><strong>substantiales</strong></span> <span class='ocrx_word' id='word_1_156' title='bbox 1410 347 1573 375; x_wconf 70' lang='lat' dir='ltr'><strong>existentite.</strong></span> <span class='ocrx_word' id='word_1_157' title='bbox 1597 347 1715 375; x_wconf 75' lang='lat' dir='ltr'><strong>Pulchre</strong></span> 
     </span>
    </p>
   </div>
   <div class='ocr_carea' id='block_1_24' title="bbox 930 391 1713 421">
    <p class='ocr_par' dir='ltr' id='par_1_24' title="bbox 930 391 1713 421">
     <span class='ocr_line' id='line_1_24' title="bbox 930 391 1713 421; baseline 0.005 -5"><span class='ocrx_word' id='word_1_158' title='bbox 930 396 1019 417; x_wconf 88' lang='lat' dir='ltr'><strong>autem</strong></span> <span class='ocrx_word' id='word_1_159' title='bbox 1048 391 1229 418; x_wconf 74' lang='lat' dir='ltr'><strong>subslunliales</strong></span> <span class='ocrx_word' id='word_1_160' title='bbox 1252 399 1261 418; x_wconf 92' lang='lat'><em>:</em></span> <span class='ocrx_word' id='word_1_161' title='bbox 1293 399 1355 418; x_wconf 91' lang='lat' dir='ltr'><strong>nam</strong></span> <span class='ocrx_word' id='word_1_162' title='bbox 1383 392 1537 419; x_wconf 64' lang='lat' dir='ltr'><strong>exis-tentia:</strong></span> <span class='ocrx_word' id='word_1_163' title='bbox 1563 394 1713 421; x_wconf 90' lang='lat' dir='ltr'><strong>secundum</strong></span> 
     </span>
    </p>
   </div>
   <div class='ocr_carea' id='block_1_25' title="bbox 931 437 1714 471">
    <p class='ocr_par' dir='ltr' id='par_1_25' title="bbox 931 437 1714 471">
     <span class='ocr_line' id='line_1_25' title="bbox 931 437 1714 471; baseline 0.003 -8"><span class='ocrx_word' id='word_1_164' title='bbox 931 437 1035 471; x_wconf 80' lang='lat' dir='ltr'><strong>seipsas</strong></span> <span class='ocrx_word' id='word_1_165' title='bbox 1046 437 1201 471; x_wconf 82' lang='lat' dir='ltr'><strong>superiores</strong></span> <span class='ocrx_word' id='word_1_166' title='bbox 1216 442 1278 463; x_wconf 88' lang='lat' dir='ltr'><strong>sunt</strong></span> <span class='ocrx_word' id='word_1_167' title='bbox 1289 437 1463 469; x_wconf 85' lang='lat' dir='ltr'><strong>substantiis;</strong></span> <span class='ocrx_word' id='word_1_168' title='bbox 1476 438 1621 465; x_wconf 78' lang='lat' dir='ltr'><strong>existentia</strong></span> <span class='ocrx_word' id='word_1_169' title='bbox 1640 439 1714 466; x_wconf 89' lang='lat' dir='ltr'><strong>enim</strong></span> 
     </span>
    </p>
   </div>
   <div class='ocr_carea' id='block_1_26' title="bbox 932 482 1714 516">
    <p class='ocr_par' dir='ltr' id='par_1_26' title="bbox 932 482 1714 516">
     <span class='ocr_line' id='line_1_26' title="bbox 932 482 1714 516; baseline 0.001 -7"><span class='ocrx_word' id='word_1_170' title='bbox 932 487 983 515; x_wconf 89' lang='lat' dir='ltr'><strong>est,</strong></span> <span class='ocrx_word' id='word_1_171' title='bbox 997 482 1142 516; x_wconf 87' lang='lat' dir='ltr'><strong>ipsumntet</strong></span> <span class='ocrx_word' id='word_1_172' title='bbox 1160 489 1220 509; x_wconf 89' lang='lat' dir='ltr'><strong>esse</strong></span> <span class='ocrx_word' id='word_1_173' title='bbox 1239 482 1353 516; x_wconf 85' lang='lat' dir='ltr'><strong>aliquid,</strong></span> <span class='ocrx_word' id='word_1_174' title='bbox 1368 482 1521 509; x_wconf 81' lang='lat' dir='ltr'><strong>substantia</strong></span> <span class='ocrx_word' id='word_1_175' title='bbox 1543 491 1607 510; x_wconf 86' lang='lat' dir='ltr'><strong>vero</strong></span> <span class='ocrx_word' id='word_1_176' title='bbox 1627 488 1668 510; x_wconf 89' lang='lat' dir='ltr'><strong>est</strong></span> <span class='ocrx_word' id='word_1_177' title='bbox 1687 483 1714 510; x_wconf 91' lang='lat' dir='ltr'><strong>id</strong></span> 
     </span>
    </p>
   </div>
   <div class='ocr_carea' id='block_1_27' title="bbox 931 527 1717 563">
    <p class='ocr_par' dir='ltr' id='par_1_27' title="bbox 931 527 1717 563">
     <span class='ocr_line' id='line_1_27' title="bbox 931 527 1717 563; baseline 0.003 -10"><span class='ocrx_word' id='word_1_178' title='bbox 931 527 1002 562; x_wconf 79' lang='lat' dir='ltr'><strong>quod</strong></span> <span class='ocrx_word' id='word_1_179' title='bbox 1021 527 1085 562; x_wconf 90' lang='lat' dir='ltr'><strong>quid</strong></span> <span class='ocrx_word' id='word_1_180' title='bbox 1105 533 1158 554; x_wconf 88' lang='lat' dir='ltr'><strong>est.</strong></span> <span class='ocrx_word' id='word_1_181' title='bbox 1173 527 1306 561; x_wconf 83' lang='lat' dir='ltr'><strong>Quoniam</strong></span> <span class='ocrx_word' id='word_1_182' title='bbox 1327 528 1419 561; x_wconf 87' lang='lat' dir='ltr'><strong>itaque</strong></span> <span class='ocrx_word' id='word_1_183' title='bbox 1431 528 1463 554; x_wconf 79' lang='lat' dir='ltr'><strong>tle</strong></span> <span class='ocrx_word' id='word_1_184' title='bbox 1474 529 1608 555; x_wconf 86' lang='lat' dir='ltr'><strong>creaturis</strong></span> <span class='ocrx_word' id='word_1_185' title='bbox 1628 529 1717 563; x_wconf 83' lang='lat' dir='ltr'><strong>loqui-</strong></span> 
     </span>
    </p>
   </div>
   <div class='ocr_carea' id='block_1_28' title="bbox 931 573 1716 609">
    <p class='ocr_par' dir='ltr' id='par_1_28' title="bbox 931 573 1716 609">
     <span class='ocr_line' id='line_1_28' title="bbox 931 573 1716 609; baseline 0.003 -10"><span class='ocrx_word' id='word_1_186' title='bbox 931 577 984 604; x_wconf 87' lang='lat' dir='ltr'><strong>tur,</strong></span> <span class='ocrx_word' id='word_1_187' title='bbox 1003 573 1101 601; x_wconf 90' lang='lat' dir='ltr'><strong>merito</strong></span> <span class='ocrx_word' id='word_1_188' title='bbox 1112 573 1223 600; x_wconf 79' lang='lat' dir='ltr'><strong>dictioni</strong></span> <span class='ocrx_word' id='word_1_189' title='bbox 1238 573 1378 608; x_wconf 77' lang='grc' dir='ltr'>ὑπάρξεις,</span> <span class='ocrx_word' id='word_1_190' title='bbox 1390 581 1436 600; x_wconf 88' lang='lat' dir='ltr'><strong>seu</strong></span> <span class='ocrx_word' id='word_1_191' title='bbox 1459 573 1618 607; x_wconf 66' lang='lat' dir='ltr'><strong>eminentiae,</strong></span> <span class='ocrx_word' id='word_1_192' title='bbox 1630 581 1716 609; x_wconf 87' lang='lat' dir='ltr'><strong>appo-</strong></span> 
     </span>
    </p>
   </div>
   <div class='ocr_carea' id='block_1_29' title="bbox 929 618 1715 650">
    <p class='ocr_par' dir='ltr' id='par_1_29' title="bbox 929 618 1715 650">
     <span class='ocr_line' id='line_1_29' title="bbox 929 618 1715 650; baseline 0.003 -6"><span class='ocrx_word' id='word_1_193' title='bbox 929 619 985 644; x_wconf 91' lang='lat' dir='ltr'><strong>suit</strong></span> <span class='ocrx_word' id='word_1_194' title='bbox 1002 618 1151 650; x_wconf 81' lang='grc' dir='ltr'>οὐσιώδεις,</span> <span class='ocrx_word' id='word_1_195' title='bbox 1176 626 1222 646; x_wconf 88' lang='lat' dir='ltr'><strong>seu</strong></span> <span class='ocrx_word' id='word_1_196' title='bbox 1250 619 1449 647; x_wconf 76' lang='lat' dir='ltr'><strong>substantiales.</strong></span> <span class='ocrx_word' id='word_1_197' title='bbox 1476 618 1596 646; x_wconf 87' lang='lat' dir='ltr'><strong>Uniones</strong></span> <span class='ocrx_word' id='word_1_198' title='bbox 1623 623 1715 646; x_wconf 86' lang='lat' dir='ltr'><strong>autem</strong></span> 
     </span>
    </p>
   </div>
   <div class='ocr_carea' id='block_1_30' title="bbox 929 663 1716 698">
    <p class='ocr_par' dir='ltr' id='par_1_30' title="bbox 929 663 1716 698">
     <span class='ocr_line' id='line_1_30' title="bbox 929 663 1716 698; baseline 0.001 -8"><span class='ocrx_word' id='word_1_199' title='bbox 929 663 1069 695; x_wconf 88' lang='lat' dir='ltr'><strong>dicuntur,</strong></span> <span class='ocrx_word' id='word_1_200' title='bbox 1081 672 1133 690; x_wconf 93' lang='lat' dir='ltr'><strong>non</strong></span> <span class='ocrx_word' id='word_1_201' title='bbox 1151 664 1221 698; x_wconf 93' lang='lat' dir='ltr'><strong>quod</strong></span> <span class='ocrx_word' id='word_1_202' title='bbox 1242 664 1323 691; x_wconf 86' lang='lat' dir='ltr'><strong>simul</strong></span> <span class='ocrx_word' id='word_1_203' title='bbox 1350 671 1410 691; x_wconf 90' lang='lat' dir='ltr'><strong>cum</strong></span> <span class='ocrx_word' id='word_1_204' title='bbox 1431 663 1478 690; x_wconf 91' lang='lat' dir='ltr'><strong>illo</strong></span> <span class='ocrx_word' id='word_1_205' title='bbox 1496 665 1643 691; x_wconf 82' lang='lat' dir='ltr'><strong>acervatim</strong></span> <span class='ocrx_word' id='word_1_206' title='bbox 1663 665 1716 692; x_wconf 57' lang='grc' dir='ltr'>ξιιμ</span> 
     </span>
    </p>
   </div>
   <div class='ocr_carea' id='block_1_31' title="bbox 929 710 1717 745">
    <p class='ocr_par' dir='ltr' id='par_1_31' title="bbox 929 710 1717 745">
     <span class='ocr_line' id='line_1_31' title="bbox 929 710 1717 745; baseline 0.001 -9"><span class='ocrx_word' id='word_1_207' title='bbox 929 710 993 744; x_wconf 90' lang='lat' dir='ltr'><strong>quid</strong></span> <span class='ocrx_word' id='word_1_208' title='bbox 1013 718 1095 736; x_wconf 89' lang='lat' dir='ltr'><strong>unum</strong></span> <span class='ocrx_word' id='word_1_209' title='bbox 1106 710 1232 742; x_wconf 84' lang='lat' dir='ltr'><strong>elliciant,</strong></span> <span class='ocrx_word' id='word_1_210' title='bbox 1246 711 1292 737; x_wconf 91' lang='lat' dir='ltr'><strong>sed</strong></span> <span class='ocrx_word' id='word_1_211' title='bbox 1313 711 1386 745; x_wconf 88' lang='lat' dir='ltr'><strong>qttod</strong></span> <span class='ocrx_word' id='word_1_212' title='bbox 1410 711 1481 738; x_wconf 81' lang='lat' dir='ltr'><strong>Deus</strong></span> <span class='ocrx_word' id='word_1_213' title='bbox 1499 716 1558 738; x_wconf 82' lang='lat' dir='ltr'><strong>erat</strong></span> <span class='ocrx_word' id='word_1_214' title='bbox 1576 711 1637 738; x_wconf 81' lang='lat' dir='ltr'><strong>fons</strong></span> <span class='ocrx_word' id='word_1_215' title='bbox 1656 711 1717 738; x_wconf 89' lang='lat' dir='ltr'><strong>illo-</strong></span> 
     </span>
    </p>
   </div>
   <div class='ocr_carea' id='block_1_32' title="bbox 928 757 1716 793">
    <p class='ocr_par' dir='ltr' id='par_1_32' title="bbox 928 757 1716 793">
     <span class='ocr_line' id='line_1_32' title="bbox 928 757 1716 793; baseline 0.005 -11"><span class='ocrx_word' id='word_1_216' title='bbox 928 763 988 783; x_wconf 88' lang='lat' dir='ltr'><strong>rum</strong></span> <span class='ocrx_word' id='word_1_217' title='bbox 1007 761 1034 783; x_wconf 90' lang='lat' dir='ltr'><strong>et</strong></span> <span class='ocrx_word' id='word_1_218' title='bbox 1051 757 1227 791; x_wconf 84' lang='lat' dir='ltr'><strong>principium,</strong></span> <span class='ocrx_word' id='word_1_219' title='bbox 1239 763 1267 784; x_wconf 91' lang='lat' dir='ltr'><strong>et</strong></span> <span class='ocrx_word' id='word_1_220' title='bbox 1277 764 1310 784; x_wconf 82' lang='lat' dir='ltr'><strong>ex</strong></span> <span class='ocrx_word' id='word_1_221' title='bbox 1323 757 1381 792; x_wconf 86' lang='lat' dir='ltr'><strong>ipso</strong></span> <span class='ocrx_word' id='word_1_222' title='bbox 1392 758 1523 792; x_wconf 89' lang='lat' dir='ltr'><strong>producta</strong></span> <span class='ocrx_word' id='word_1_223' title='bbox 1534 759 1591 785; x_wconf 87' lang='lat' dir='ltr'><strong>sint</strong></span> <span class='ocrx_word' id='word_1_224' title='bbox 1608 766 1639 786; x_wconf 88' lang='lat' dir='ltr'><strong>ca</strong></span> <span class='ocrx_word' id='word_1_225' title='bbox 1655 765 1716 793; x_wconf 81' lang='lat' dir='ltr'><strong>qua:</strong></span> 
     </span>
    </p>
   </div>
   <div class='ocr_carea' id='block_1_33' title="bbox 929 801 1715 835">
    <p class='ocr_par' dir='ltr' id='par_1_33' title="bbox 929 801 1715 835">
     <span class='ocr_line' id='line_1_33' title="bbox 929 801 1715 835; baseline 0.004 -8"><span class='ocrx_word' id='word_1_226' title='bbox 929 801 1082 827; x_wconf 85' lang='lat' dir='ltr'><strong>subsistunt</strong></span> <span class='ocrx_word' id='word_1_227' title='bbox 1102 801 1252 828; x_wconf 86' lang='lat' dir='ltr'><strong>secundum</strong></span> <span class='ocrx_word' id='word_1_228' title='bbox 1273 802 1492 835; x_wconf 87' lang='lat' dir='ltr'><strong>subsistentiam,</strong></span> <span class='ocrx_word' id='word_1_229' title='bbox 1519 803 1555 829; x_wconf 88' lang='lat' dir='ltr'><strong>ita</strong></span> <span class='ocrx_word' id='word_1_230' title='bbox 1577 807 1606 829; x_wconf 89' lang='grc' dir='ltr'><strong>ιιι</strong></span> <span class='ocrx_word' id='word_1_231' title='bbox 1631 803 1715 830; x_wconf 84' lang='lat' dir='ltr'><strong>etiam</strong></span> 
     </span>
    </p>
   </div>
   <div class='ocr_carea' id='block_1_34' title="bbox 929 846 1715 882">
    <p class='ocr_par' dir='ltr' id='par_1_34' title="bbox 929 846 1715 882">
     <span class='ocr_line' id='line_1_34' title="bbox 929 846 1715 882; baseline 0.003 -9"><span class='ocrx_word' id='word_1_232' title='bbox 929 846 963 873; x_wconf 91' lang='lat' dir='ltr'><strong>ad</strong></span> <span class='ocrx_word' id='word_1_233' title='bbox 984 846 1177 873; x_wconf 87' lang='lat' dir='ltr'><strong>distinctiones</strong></span> <span class='ocrx_word' id='word_1_234' title='bbox 1195 847 1400 881; x_wconf 82' lang='lat' dir='ltr'><strong>suppositarum</strong></span> <span class='ocrx_word' id='word_1_235' title='bbox 1412 853 1571 882; x_wconf 83' lang='lat' dir='ltr'><strong>appareant.</strong></span> <span class='ocrx_word' id='word_1_236' title='bbox 1584 848 1715 875; x_wconf 84' lang='lat' dir='ltr'><strong>ldentita—</strong></span> 
     </span>
    </p>
   </div>
   <div class='ocr_carea' id='block_1_35' title="bbox 80 885 873 929">
    <p class='ocr_par' dir='ltr' id='par_1_35' title="bbox 80 892 873 929">
     <span class='ocr_line' id='line_1_35' title="bbox 80 892 873 929; baseline 0.003 -11"><span class='ocrx_word' id='word_1_237' title='bbox 80 892 221 927; x_wconf 85' lang='grc' dir='ltr'>λοσόφων,</span> <span class='ocrx_word' id='word_1_238' title='bbox 247 893 462 928; x_wconf 77' lang='grc' dir='ltr'>Ἐμπεδοκλέους</span> <span class='ocrx_word' id='word_1_239' title='bbox 487 895 534 921; x_wconf 81' lang='grc' dir='ltr'><strong>καὶ</strong></span> <span class='ocrx_word' id='word_1_240' title='bbox 561 894 750 929; x_wconf 82' lang='grc' dir='ltr'>Ἀναξαγόρου.</span> <span class='ocrx_word' id='word_1_241' title='bbox 779 894 807 920; x_wconf 91' lang='lat'><strong>&#39;0</strong></span> <span class='ocrx_word' id='word_1_242' title='bbox 829 894 873 928; x_wconf 74' lang='grc' dir='ltr'>μὲν</span> 
     </span>
    </p>
   </div>
   <div class='ocr_carea' id='block_1_36' title="bbox 924 885 1715 929">
    <p class='ocr_par' dir='ltr' id='par_1_36' title="bbox 931 891 1715 921">
     <span class='ocr_line' id='line_1_36' title="bbox 931 891 1715 921; baseline 0.006 -5"><span class='ocrx_word' id='word_1_243' title='bbox 931 895 972 918; x_wconf 85' lang='lat' dir='ltr'><strong>tes</strong></span> <span class='ocrx_word' id='word_1_244' title='bbox 990 896 1082 917; x_wconf 88' lang='lat' dir='ltr'><strong>autent</strong></span> <span class='ocrx_word' id='word_1_245' title='bbox 1104 896 1166 917; x_wconf 84' lang='lat' dir='ltr'><strong>sunt</strong></span> <span class='ocrx_word' id='word_1_246' title='bbox 1185 891 1301 918; x_wconf 88' lang='lat' dir='ltr'><strong>virtutes</strong></span> <span class='ocrx_word' id='word_1_247' title='bbox 1326 891 1500 919; x_wconf 84' lang='lat' dir='ltr'><strong>adductrices</strong></span> <span class='ocrx_word' id='word_1_248' title='bbox 1529 899 1556 919; x_wconf 91' lang='lat' dir='ltr'><strong>et</strong></span> <span class='ocrx_word' id='word_1_249' title='bbox 1583 894 1715 921; x_wconf 86' lang='lat' dir='ltr'><strong>unitrices</strong></span> 
     </span>
    </p>
   </div>
   <div class='ocr_carea' id='block_1_37' title="bbox 80 938 877 976">
    <p class='ocr_par' dir='ltr' id='par_1_37' title="bbox 80 938 877 976">
     <span class='ocr_line' id='line_1_37' title="bbox 80 938 877 976; baseline 0.001 -11"><span class='ocrx_word' id='word_1_250' title='bbox 80 938 141 974; x_wconf 78' lang='grc' dir='ltr'><strong>γὰρ</strong></span> <span class='ocrx_word' id='word_1_251' title='bbox 167 939 350 975; x_wconf 83' lang='grc' dir='ltr'>Ἐμπεδοκλῆς</span> <span class='ocrx_word' id='word_1_252' title='bbox 370 942 487 976; x_wconf 83' lang='grc' dir='ltr'>σφαῖραν</span> <span class='ocrx_word' id='word_1_253' title='bbox 506 940 558 967; x_wconf 77' lang='grc' dir='ltr'><strong>ἀπὸ</strong></span> <span class='ocrx_word' id='word_1_254' title='bbox 574 941 625 975; x_wconf 84' lang='grc' dir='ltr'>τῆς</span> <span class='ocrx_word' id='word_1_255' title='bbox 643 940 769 966; x_wconf 85' lang='grc' dir='ltr'>ἁπάντων</span> <span class='ocrx_word' id='word_1_256' title='bbox 787 940 877 975; x_wconf 85' lang='grc' dir='ltr'>φιλίας</span> 
     </span>
    </p>
   </div>
   <div class='ocr_carea' id='block_1_38' title="bbox 80 984 878 1022">
    <p class='ocr_par' dir='ltr' id='par_1_38' title="bbox 80 984 878 1022">
     <span class='ocr_line' id='line_1_38' title="bbox 80 984 878 1022; baseline 0.001 -11"><span class='ocrx_word' id='word_1_257' title='bbox 80 985 134 1011; x_wconf 75' lang='grc' dir='ltr'>καὶ</span> <span class='ocrx_word' id='word_1_258' title='bbox 168 986 337 1021; x_wconf 81' lang='grc' dir='ltr'>συγκρίσεως</span> <span class='ocrx_word' id='word_1_259' title='bbox 368 986 469 1021; x_wconf 75' lang='grc' dir='ltr'>ἔλεγεν,</span> <span class='ocrx_word' id='word_1_260' title='bbox 491 986 561 1013; x_wconf 80' lang='grc' dir='ltr'>ὥστε</span> <span class='ocrx_word' id='word_1_261' title='bbox 589 986 626 1022; x_wconf 84' lang='grc' dir='ltr'>μὴ</span> <span class='ocrx_word' id='word_1_262' title='bbox 650 984 719 1012; x_wconf 76' lang='grc' dir='ltr'>εἶναι</span> <span class='ocrx_word' id='word_1_263' title='bbox 747 986 878 1021; x_wconf 89' lang='grc' dir='ltr'>διακρίνε-</span> 
     </span>
    </p>
   </div>
   <div class='ocr_carea' id='block_1_39' title="bbox 83 1030 876 1068">
    <p class='ocr_par' dir='ltr' id='par_1_39' title="bbox 83 1030 876 1068">
     <span class='ocr_line' id='line_1_39' title="bbox 83 1030 876 1068; baseline 0.001 -10"><span class='ocrx_word' id='word_1_264' title='bbox 83 1031 149 1058; x_wconf 84' lang='grc' dir='ltr'>σθαι</span> <span class='ocrx_word' id='word_1_265' title='bbox 168 1030 230 1057; x_wconf 73' lang='grc' dir='ltr'>καθ’</span> <span class='ocrx_word' id='word_1_266' title='bbox 240 1031 320 1057; x_wconf 79' lang='grc' dir='ltr'>ἑαυτὸ</span> <span class='ocrx_word' id='word_1_267' title='bbox 345 1031 459 1058; x_wconf 72' lang='grc' dir='ltr'>ἕκαστον</span> <span class='ocrx_word' id='word_1_268' title='bbox 477 1032 531 1058; x_wconf 84' lang='grc' dir='ltr'><strong>ἀπὸ</strong></span> <span class='ocrx_word' id='word_1_269' title='bbox 549 1031 640 1063; x_wconf 80' lang='grc' dir='ltr'>ἄλλου,</span> <span class='ocrx_word' id='word_1_270' title='bbox 660 1032 725 1068; x_wconf 77' lang='grc' dir='ltr'>πρὶν</span> <span class='ocrx_word' id='word_1_271' title='bbox 743 1032 774 1058; x_wconf 80' lang='grc' dir='ltr'><strong>τὸ</strong></span> <span class='ocrx_word' id='word_1_272' title='bbox 788 1034 876 1064; x_wconf 87' lang='grc' dir='ltr'>νεῖκος</span> 
     </span>
    </p>
   </div>
   <div class='ocr_carea' id='block_1_40' title="bbox 81 1077 876 1113">
    <p class='ocr_par' dir='ltr' id='par_1_40' title="bbox 81 1077 876 1113">
     <span class='ocr_line' id='line_1_40' title="bbox 81 1077 876 1113; baseline 0.004 -10"><span class='ocrx_word' id='word_1_273' title='bbox 81 1077 213 1111; x_wconf 74' lang='grc' dir='ltr'>γενέσθαι</span> <span class='ocrx_word' id='word_1_274' title='bbox 233 1077 279 1103; x_wconf 77' lang='grc' dir='ltr'>καὶ</span> <span class='ocrx_word' id='word_1_275' title='bbox 301 1077 349 1112; x_wconf 79' lang='grc' dir='ltr'>τὴν</span> <span class='ocrx_word' id='word_1_276' title='bbox 376 1077 509 1113; x_wconf 68' lang='grc' dir='ltr'>διάκρισιν</span> <span class='ocrx_word' id='word_1_277' title='bbox 537 1077 598 1104; x_wconf 82' lang='grc' dir='ltr'>καθ’</span> <span class='ocrx_word' id='word_1_278' title='bbox 617 1077 649 1112; x_wconf 84' lang='grc' dir='ltr'>ἥν</span> <span class='ocrx_word' id='word_1_279' title='bbox 676 1078 778 1113; x_wconf 78' lang='grc' dir='ltr'>ὑπέστη</span> <span class='ocrx_word' id='word_1_280' title='bbox 798 1080 812 1105; x_wconf 86' lang='grc' dir='ltr'>ὁ</span> <span class='ocrx_word' id='word_1_281' title='bbox 831 1079 876 1106; x_wconf 83' lang='grc' dir='ltr'>κό-</span> 
     </span>
    </p>
   </div>
   <div class='ocr_carea' id='block_1_41' title="bbox 83 1121 873 1159">
    <p class='ocr_par' dir='ltr' id='par_1_41' title="bbox 83 1121 873 1159">
     <span class='ocr_line' id='line_1_41' title="bbox 83 1121 873 1159; baseline 0.003 -11"><span class='ocrx_word' id='word_1_282' title='bbox 83 1131 164 1157; x_wconf 88' lang='grc' dir='ltr'>σμος.</span> <span class='ocrx_word' id='word_1_283' title='bbox 175 1122 203 1148; x_wconf 83' lang='grc' dir='ltr'>Ὀ</span> <span class='ocrx_word' id='word_1_284' title='bbox 213 1122 240 1148; x_wconf 85' lang='grc' dir='ltr'>δὲ</span> <span class='ocrx_word' id='word_1_285' title='bbox 257 1122 448 1159; x_wconf 77' lang='grc' dir='ltr'>Ἀναξαγόρας,</span> <span class='ocrx_word' id='word_1_286' title='bbox 466 1121 526 1150; x_wconf 79' lang='grc' dir='ltr'><em>Ἦν</em></span> <span class='ocrx_word' id='word_1_287' title='bbox 536 1123 608 1157; x_wconf 82' lang='grc' dir='ltr'>ὁμοῦ</span> <span class='ocrx_word' id='word_1_288' title='bbox 620 1123 755 1158; x_wconf 77' lang='grc' dir='ltr'>χρήματα</span> <span class='ocrx_word' id='word_1_289' title='bbox 767 1124 873 1157; x_wconf 76' lang='grc' dir='ltr'>πάντα,</span> 
     </span>
    </p>
   </div>
   <div class='ocr_carea' id='block_1_42' title="bbox 82 1168 874 1203">
    <p class='ocr_par' dir='ltr' id='par_1_42' title="bbox 82 1168 874 1203">
     <span class='ocr_line' id='line_1_42' title="bbox 82 1168 874 1203; baseline 0.003 -9"><span class='ocrx_word' id='word_1_290' title='bbox 82 1168 174 1203; x_wconf 74' lang='grc' dir='ltr'>ἔλεγε.</span> <span class='ocrx_word' id='word_1_291' title='bbox 192 1169 273 1203; x_wconf 81' lang='grc' dir='ltr'>Λέγει</span> <span class='ocrx_word' id='word_1_292' title='bbox 297 1170 372 1203; x_wconf 78' lang='grc' dir='ltr'>γοῦν,</span> <span class='ocrx_word' id='word_1_293' title='bbox 393 1170 433 1196; x_wconf 83' lang='grc' dir='ltr'>ὅτι</span> <span class='ocrx_word' id='word_1_294' title='bbox 460 1169 508 1196; x_wconf 58' lang='grc' dir='ltr'><strong>καλ⁵</strong></span> <span class='ocrx_word' id='word_1_295' title='bbox 534 1170 594 1196; x_wconf 86' lang='grc' dir='ltr'>κατ’</span> <span class='ocrx_word' id='word_1_296' title='bbox 605 1169 674 1196; x_wconf 72' lang='grc' dir='ltr'>αὐτὰ</span> <span class='ocrx_word' id='word_1_297' title='bbox 692 1170 722 1196; x_wconf 83' lang='grc' dir='ltr'>τὸ</span> <span class='ocrx_word' id='word_1_298' title='bbox 740 1171 794 1196; x_wconf 76' lang='grc' dir='ltr'><strong>πᾶν</strong></span> <span class='ocrx_word' id='word_1_299' title='bbox 810 1179 874 1196; x_wconf 86' lang='grc' dir='ltr'>συν-</span> 
     </span>
    </p>
   </div>
   <div class='ocr_carea' id='block_1_43' title="bbox 85 1213 874 1252">
    <p class='ocr_par' dir='ltr' id='par_1_43' title="bbox 85 1213 874 1252">
     <span class='ocr_line' id='line_1_43' title="bbox 85 1213 874 1252; baseline 0.003 -12"><span class='ocrx_word' id='word_1_300' title='bbox 85 1213 219 1246; x_wconf 79' lang='grc' dir='ltr'>ίστανται,</span> <span class='ocrx_word' id='word_1_301' title='bbox 248 1214 296 1240; x_wconf 76' lang='grc' dir='ltr'><strong>καὶ</strong></span> <span class='ocrx_word' id='word_1_302' title='bbox 320 1215 386 1241; x_wconf 85' lang='grc' dir='ltr'>πᾶσι</span> <span class='ocrx_word' id='word_1_303' title='bbox 413 1215 502 1241; x_wconf 88' lang='grc' dir='ltr'>πάντα</span> <span class='ocrx_word' id='word_1_304' title='bbox 526 1215 716 1247; x_wconf 82' lang='grc' dir='ltr'>κοινωνοῦντα,</span> <span class='ocrx_word' id='word_1_305' title='bbox 742 1215 803 1242; x_wconf 74' lang='grc' dir='ltr'>οὔτε</span> <span class='ocrx_word' id='word_1_306' title='bbox 825 1217 874 1252; x_wconf 85' lang='grc' dir='ltr'>τῆς</span> 
     </span>
    </p>
   </div>
   <div class='ocr_carea' id='block_1_44' title="bbox 82 1258 874 1296">
    <p class='ocr_par' dir='ltr' id='par_1_44' title="bbox 82 1258 874 1296">
     <span class='ocr_line' id='line_1_44' title="bbox 82 1258 874 1296; baseline 0.005 -12"><span class='ocrx_word' id='word_1_307' title='bbox 82 1258 188 1290; x_wconf 74' lang='grc' dir='ltr'>οἰκείας</span> <span class='ocrx_word' id='word_1_308' title='bbox 210 1259 292 1294; x_wconf 84' lang='grc' dir='ltr'>μονῆς</span> <span class='ocrx_word' id='word_1_309' title='bbox 310 1259 463 1291; x_wconf 79' lang='grc' dir='ltr'>ἐξίστανται</span> <span class='ocrx_word' id='word_1_310' title='bbox 480 1261 518 1292; x_wconf 86' lang='grc' dir='ltr'>ὡς</span> <span class='ocrx_word' id='word_1_311' title='bbox 538 1263 654 1296; x_wconf 79' lang='grc' dir='ltr'>σφαῖραν</span> <span class='ocrx_word' id='word_1_312' title='bbox 664 1261 800 1295; x_wconf 84' lang='grc' dir='ltr'>γίνεσθαι·</span> <span class='ocrx_word' id='word_1_313' title='bbox 813 1261 874 1288; x_wconf 81' lang='grc' dir='ltr'>οὕτε</span> 
     </span>
    </p>
   </div>
   <div class='ocr_carea' id='block_1_45' title="bbox 85 1304 873 1342">
    <p class='ocr_par' dir='ltr' id='par_1_45' title="bbox 85 1304 873 1342">
     <span class='ocr_line' id='line_1_45' title="bbox 85 1304 873 1342; baseline 0.005 -12"><span class='ocrx_word' id='word_1_314' title='bbox 85 1304 142 1339; x_wconf 82' lang='grc' dir='ltr'>μὴν</span> <span class='ocrx_word' id='word_1_315' title='bbox 161 1305 354 1341; x_wconf 83' lang='grc' dir='ltr'>πραγματικὴν</span> <span class='ocrx_word' id='word_1_316' title='bbox 372 1306 420 1341; x_wconf 85' lang='grc' dir='ltr'>τὴν</span> <span class='ocrx_word' id='word_1_317' title='bbox 446 1307 586 1333; x_wconf 85' lang='grc' dir='ltr'>κοινωνίαν</span> <span class='ocrx_word' id='word_1_318' title='bbox 606 1307 722 1342; x_wconf 73' lang='grc' dir='ltr'>ἔχουσιν,</span> <span class='ocrx_word' id='word_1_319' title='bbox 741 1307 779 1339; x_wconf 85' lang='grc' dir='ltr'>ὡς</span> <span class='ocrx_word' id='word_1_320' title='bbox 805 1304 873 1334; x_wconf 69' lang='grc' dir='ltr'>εἶναι</span> 
     </span>
    </p>
   </div>
   <div class='ocr_carea' id='block_1_46' title="bbox 83 1349 875 1389">
    <p class='ocr_par' dir='ltr' id='par_1_46' title="bbox 83 1349 875 1389">
     <span class='ocr_line' id='line_1_46' title="bbox 83 1349 875 1389; baseline 0.005 -14"><span class='ocrx_word' id='word_1_321' title='bbox 83 1350 115 1375; x_wconf 82' lang='grc' dir='ltr'>ἐν</span> <span class='ocrx_word' id='word_1_322' title='bbox 133 1349 172 1384; x_wconf 84' lang='grc' dir='ltr'>τῷ</span> <span class='ocrx_word' id='word_1_323' title='bbox 189 1350 263 1386; x_wconf 75' lang='grc' dir='ltr'>ἄρτῳ</span> <span class='ocrx_word' id='word_1_324' title='bbox 280 1351 359 1386; x_wconf 80' lang='grc' dir='ltr'>τυχὸν</span> <span class='ocrx_word' id='word_1_325' title='bbox 377 1352 424 1378; x_wconf 82' lang='grc' dir='ltr'>καὶ</span> <span class='ocrx_word' id='word_1_326' title='bbox 442 1352 551 1387; x_wconf 83' lang='grc' dir='ltr'>χρυσὸν,</span> <span class='ocrx_word' id='word_1_327' title='bbox 571 1353 617 1379; x_wconf 65' lang='grc' dir='ltr'><strong>καὶ⁴</strong></span> <span class='ocrx_word' id='word_1_328' title='bbox 637 1352 724 1384; x_wconf 81' lang='grc' dir='ltr'>ξύλον,</span> <span class='ocrx_word' id='word_1_329' title='bbox 736 1354 783 1379; x_wconf 77' lang='grc' dir='ltr'>καὶ</span> <span class='ocrx_word' id='word_1_330' title='bbox 801 1353 875 1389; x_wconf 87' lang='grc' dir='ltr'>σίδη-</span> 
     </span>
    </p>
   </div>
   <div class='ocr_carea' id='block_1_47' title="bbox 85 1395 871 1434">
    <p class='ocr_par' dir='ltr' id='par_1_47' title="bbox 85 1395 871 1434">
     <span class='ocr_line' id='line_1_47' title="bbox 85 1395 871 1434; baseline 0.006 -13"><span class='ocrx_word' id='word_1_331' title='bbox 85 1404 143 1430; x_wconf 82' lang='grc' dir='ltr'>ρον,</span> <span class='ocrx_word' id='word_1_332' title='bbox 154 1395 243 1431; x_wconf 77' lang='grc' dir='ltr'>ἄτομά</span> <span class='ocrx_word' id='word_1_333' title='bbox 260 1405 320 1423; x_wconf 83' lang='grc' dir='ltr'>τινα</span> <span class='ocrx_word' id='word_1_334' title='bbox 340 1398 386 1424; x_wconf 75' lang='grc' dir='ltr'>καὶ</span> <span class='ocrx_word' id='word_1_335' title='bbox 406 1398 450 1424; x_wconf 81' lang='grc' dir='ltr'><strong>διὰ</strong></span> <span class='ocrx_word' id='word_1_336' title='bbox 470 1398 639 1433; x_wconf 75' lang='grc' dir='ltr'>σμικρότητα</span> <span class='ocrx_word' id='word_1_337' title='bbox 657 1399 686 1424; x_wconf 77' lang='grc' dir='ltr'>οὐ</span> <span class='ocrx_word' id='word_1_338' title='bbox 708 1399 871 1434; x_wconf 84' lang='grc' dir='ltr'>βλεπόμενα,</span> 
     </span>
    </p>
   </div>
   <div class='ocr_carea' id='block_1_48' title="bbox 83 1440 872 1479">
    <p class='ocr_par' dir='ltr' id='par_1_48' title="bbox 83 1440 872 1479">
     <span class='ocr_line' id='line_1_48' title="bbox 83 1440 872 1479; baseline 0.006 -13"><span class='ocrx_word' id='word_1_339' title='bbox 83 1440 123 1472; x_wconf 84' lang='grc' dir='ltr'>ὡς</span> <span class='ocrx_word' id='word_1_340' title='bbox 140 1441 154 1466; x_wconf 78' lang='grc' dir='ltr'><strong>ό</strong></span> <span class='ocrx_word' id='word_1_341' title='bbox 169 1441 352 1477; x_wconf 65' lang='grc' dir='ltr'>Ἀναξαγόρας</span> <span class='ocrx_word' id='word_1_342' title='bbox 369 1443 504 1475; x_wconf 80' lang='grc' dir='ltr'>ἐδόξασεν,</span> <span class='ocrx_word' id='word_1_343' title='bbox 515 1443 544 1475; x_wconf 82' lang='grc' dir='ltr'>ὃς</span> <span class='ocrx_word' id='word_1_344' title='bbox 564 1445 610 1471; x_wconf 79' lang='grc' dir='ltr'>καὶ</span> <span class='ocrx_word' id='word_1_345' title='bbox 627 1444 677 1479; x_wconf 85' lang='grc' dir='ltr'>τὴν</span> <span class='ocrx_word' id='word_1_346' title='bbox 691 1445 797 1479; x_wconf 87' lang='grc' dir='ltr'>γένεσιν</span> <span class='ocrx_word' id='word_1_347' title='bbox 813 1444 872 1471; x_wconf 86' lang='grc' dir='ltr'>διά-</span> 
     </span>
    </p>
   </div>
   <div class='ocr_carea' id='block_1_49' title="bbox 84 1486 872 1525">
    <p class='ocr_par' dir='ltr' id='par_1_49' title="bbox 84 1486 872 1525">
     <span class='ocr_line' id='line_1_49' title="bbox 84 1486 872 1525; baseline 0.005 -14"><span class='ocrx_word' id='word_1_348' title='bbox 84 1493 175 1520; x_wconf 83' lang='grc' dir='ltr'>κρισιν</span> <span class='ocrx_word' id='word_1_349' title='bbox 193 1486 299 1520; x_wconf 79' lang='grc' dir='ltr'>ἔλεγεν·</span> <span class='ocrx_word' id='word_1_350' title='bbox 319 1486 439 1513; x_wconf 75' lang='grc' dir='ltr'>ἀλλἐίσὶ</span> <span class='ocrx_word' id='word_1_351' title='bbox 467 1488 516 1522; x_wconf 83' lang='grc' dir='ltr'>μὲν</span> <span class='ocrx_word' id='word_1_352' title='bbox 542 1489 571 1514; x_wconf 81' lang='grc' dir='ltr'>ὲν</span> <span class='ocrx_word' id='word_1_353' title='bbox 591 1489 728 1525; x_wconf 78' lang='grc' dir='ltr'>κοινωνίᾳ,</span> <span class='ocrx_word' id='word_1_354' title='bbox 759 1489 872 1524; x_wconf 85' lang='grc' dir='ltr'>δυνάμει</span> 
     </span>
    </p>
   </div>
   <div class='ocr_carea' id='block_1_50' title="bbox 83 1529 871 1571">
    <p class='ocr_par' dir='ltr' id='par_1_50' title="bbox 83 1529 871 1571">
     <span class='ocr_line' id='line_1_50' title="bbox 83 1529 871 1571; baseline 0.009 -15"><span class='ocrx_word' id='word_1_355' title='bbox 83 1529 113 1556; x_wconf 81' lang='grc' dir='ltr'>δὲ</span> <span class='ocrx_word' id='word_1_356' title='bbox 131 1532 163 1566; x_wconf 85' lang='grc' dir='ltr'><strong>τῇ</strong></span> <span class='ocrx_word' id='word_1_357' title='bbox 182 1532 253 1558; x_wconf 87' lang='grc' dir='ltr'>κατὰ</span> <span class='ocrx_word' id='word_1_358' title='bbox 269 1533 407 1568; x_wconf 84' lang='grc' dir='ltr'>ποιότητα,</span> <span class='ocrx_word' id='word_1_359' title='bbox 419 1533 456 1565; x_wconf 83' lang='grc' dir='ltr'>ὡς</span> <span class='ocrx_word' id='word_1_360' title='bbox 475 1534 613 1568; x_wconf 82' lang='grc' dir='ltr'>δύνασθαι,</span> <span class='ocrx_word' id='word_1_361' title='bbox 631 1535 697 1571; x_wconf 84' lang='grc' dir='ltr'>φέρε</span> <span class='ocrx_word' id='word_1_362' title='bbox 715 1537 812 1569; x_wconf 77' lang='grc' dir='ltr'>εἰπεῖν,</span> <span class='ocrx_word' id='word_1_363' title='bbox 824 1537 871 1564; x_wconf 79' lang='grc' dir='ltr'>καὶ</span> 
     </span>
    </p>
   </div>
   <div class='ocr_carea' id='block_1_51' title="bbox 83 1577 871 1618">
    <p class='ocr_par' dir='ltr' id='par_1_51' title="bbox 83 1577 871 1618">
     <span class='ocr_line' id='line_1_51' title="bbox 83 1577 871 1618; baseline 0.009 -16"><span class='ocrx_word' id='word_1_364' title='bbox 83 1577 150 1603; x_wconf 78' lang='grc' dir='ltr'>αὐτὸ</span> <span class='ocrx_word' id='word_1_365' title='bbox 160 1577 254 1610; x_wconf 80' lang='grc' dir='ltr'>ὓδατος</span> <span class='ocrx_word' id='word_1_366' title='bbox 271 1579 396 1612; x_wconf 84' lang='grc' dir='ltr'>γενέσθαι</span> <span class='ocrx_word' id='word_1_367' title='bbox 415 1580 483 1615; x_wconf 84' lang='grc' dir='ltr'>ἀέρα</span> <span class='ocrx_word' id='word_1_368' title='bbox 503 1580 549 1606; x_wconf 76' lang='grc' dir='ltr'>καὶ</span> <span class='ocrx_word' id='word_1_369' title='bbox 568 1581 632 1616; x_wconf 75' lang='grc' dir='ltr'>πῦρ,</span> <span class='ocrx_word' id='word_1_370' title='bbox 644 1582 690 1607; x_wconf 82' lang='grc' dir='ltr'><strong>καὶ</strong></span> <span class='ocrx_word' id='word_1_371' title='bbox 708 1582 762 1608; x_wconf 78' lang='grc' dir='ltr'><strong>ἀπὸ</strong></span> <span class='ocrx_word' id='word_1_372' title='bbox 780 1583 871 1618; x_wconf 81' lang='grc' dir='ltr'><strong>γῆςῦ-</strong></span> 
     </span>
    </p>
   </div>
   <div class='ocr_carea' id='block_1_52' title="bbox 83 1621 870 1660">
    <p class='ocr_par' dir='ltr' id='par_1_52' title="bbox 83 1621 870 1660">
     <span class='ocr_line' id='line_1_52' title="bbox 83 1621 870 1660; baseline 0.009 -12"><span class='ocrx_word' id='word_1_373' title='bbox 83 1621 149 1657; x_wconf 73' lang='grc' dir='ltr'>δωρ,</span> <span class='ocrx_word' id='word_1_374' title='bbox 161 1623 208 1649; x_wconf 83' lang='grc' dir='ltr'>καὶ</span> <span class='ocrx_word' id='word_1_375' title='bbox 225 1623 279 1650; x_wconf 82' lang='grc' dir='ltr'><strong>ἀπὸ</strong></span> <span class='ocrx_word' id='word_1_376' title='bbox 296 1624 350 1650; x_wconf 88' lang='grc' dir='ltr'><strong>τῶν</strong></span> <span class='ocrx_word' id='word_1_377' title='bbox 367 1625 475 1659; x_wconf 79' lang='grc' dir='ltr'>τροφῶν</span> <span class='ocrx_word' id='word_1_378' title='bbox 495 1626 609 1660; x_wconf 82' lang='grc' dir='ltr'>σάρκας,</span> <span class='ocrx_word' id='word_1_379' title='bbox 625 1627 671 1653; x_wconf 79' lang='grc' dir='ltr'>καὶ</span> <span class='ocrx_word' id='word_1_380' title='bbox 688 1627 788 1654; x_wconf 71' lang='grc' dir='ltr'>τᾶλλα*</span> <span class='ocrx_word' id='word_1_381' title='bbox 799 1628 870 1655; x_wconf 79' lang='grc' dir='ltr'>ὥστε</span> 
     </span>
    </p>
   </div>
   <div class='ocr_carea' id='block_1_53' title="bbox 83 1668 870 1710">
    <p class='ocr_par' dir='ltr' id='par_1_53' title="bbox 83 1668 870 1710">
     <span class='ocr_line' id='line_1_53' title="bbox 83 1668 870 1710; baseline 0.01 -16"><span class='ocrx_word' id='word_1_382' title='bbox 83 1668 132 1694; x_wconf 81' lang='grc' dir='ltr'>καὶ</span> <span class='ocrx_word' id='word_1_383' title='bbox 149 1668 197 1704; x_wconf 84' lang='grc' dir='ltr'><strong>τὴν</strong></span> <span class='ocrx_word' id='word_1_384' title='bbox 216 1669 308 1703; x_wconf 87' lang='grc' dir='ltr'>φιλίαν</span> <span class='ocrx_word' id='word_1_385' title='bbox 326 1669 478 1705; x_wconf 79' lang='grc' dir='ltr'>ἀσύγχυτον</span> <span class='ocrx_word' id='word_1_386' title='bbox 506 1669 585 1703; x_wconf 79' lang='grc' dir='ltr'>εῖναι,</span> <span class='ocrx_word' id='word_1_387' title='bbox 606 1673 653 1699; x_wconf 75' lang='grc' dir='ltr'>καὶ</span> <span class='ocrx_word' id='word_1_388' title='bbox 679 1673 728 1709; x_wconf 82' lang='grc' dir='ltr'>τὴν</span> <span class='ocrx_word' id='word_1_389' title='bbox 756 1675 870 1710; x_wconf 82' lang='grc' dir='ltr'>συνοχὴν</span> 
     </span>
    </p>
   </div>
   <div class='ocr_carea' id='block_1_54' title="bbox 82 1712 869 1753">
    <p class='ocr_par' dir='ltr' id='par_1_54' title="bbox 82 1712 869 1753">
     <span class='ocr_line' id='line_1_54' title="bbox 82 1712 869 1753; baseline 0.009 -14"><span class='ocrx_word' id='word_1_390' title='bbox 82 1712 231 1740; x_wconf 75' lang='grc' dir='ltr'>ἀδιάλυτον.</span> <span class='ocrx_word' id='word_1_391' title='bbox 249 1714 451 1747; x_wconf 78' lang='grc' dir='ltr'>Ἀνεκλείπτους</span> <span class='ocrx_word' id='word_1_392' title='bbox 469 1716 498 1742; x_wconf 84' lang='grc' dir='ltr'>δὲ</span> <span class='ocrx_word' id='word_1_393' title='bbox 515 1715 564 1747; x_wconf 83' lang='grc' dir='ltr'><strong>τὰς</strong></span> <span class='ocrx_word' id='word_1_394' title='bbox 582 1717 705 1752; x_wconf 80' lang='grc' dir='ltr'>διαδοχὰς</span> <span class='ocrx_word' id='word_1_395' title='bbox 723 1718 778 1745; x_wconf 86' lang='grc' dir='ltr'><strong>τῶν</strong></span> <span class='ocrx_word' id='word_1_396' title='bbox 796 1727 869 1753; x_wconf 90' lang='grc' dir='ltr'>γινο-</span> 
     </span>
    </p>
   </div>
   <div class='ocr_carea' id='block_1_55' title="bbox 85 1757 870 1795">
    <p class='ocr_par' dir='ltr' id='par_1_55' title="bbox 85 1757 870 1795">
     <span class='ocr_line' id='line_1_55' title="bbox 85 1757 870 1795; baseline 0.009 -12"><span class='ocrx_word' id='word_1_397' title='bbox 85 1757 172 1793; x_wconf 78' lang='grc' dir='ltr'>μένων</span> <span class='ocrx_word' id='word_1_398' title='bbox 191 1759 287 1793; x_wconf 78' lang='grc' dir='ltr'>φησιν’</span> <span class='ocrx_word' id='word_1_399' title='bbox 299 1759 376 1791; x_wconf 84' lang='grc' dir='ltr'>’Ἕως</span> <span class='ocrx_word' id='word_1_400' title='bbox 394 1759 449 1794; x_wconf 83' lang='grc' dir='ltr'><strong>γὰρ</strong></span> <span class='ocrx_word' id='word_1_401' title='bbox 466 1759 531 1793; x_wconf 77' lang='grc' dir='ltr'>ἄρτι</span> <span class='ocrx_word' id='word_1_402' title='bbox 555 1760 715 1795; x_wconf 77' lang='grc' dir='ltr'>ἐργάζεται.</span> <span class='ocrx_word' id='word_1_403' title='bbox 736 1763 768 1789; x_wconf 88' lang='lat' dir='ltr'><strong>El.</strong></span> <span class='ocrx_word' id='word_1_404' title='bbox 787 1764 835 1790; x_wconf 76' lang='grc' dir='ltr'>καὶ</span> <span class='ocrx_word' id='word_1_405' title='bbox 854 1765 870 1790; x_wconf 84' lang='grc' dir='ltr'><strong>ό</strong></span> 
     </span>
    </p>
   </div>
   <div class='ocr_carea' id='block_1_56' title="bbox 90 1802 883 1841">
    <p class='ocr_par' dir='ltr' id='par_1_56' title="bbox 90 1802 883 1841">
     <span class='ocr_line' id='line_1_56' title="bbox 90 1802 883 1841; baseline 0.008 -13"><span class='ocrx_word' id='word_1_406' title='bbox 90 1802 274 1838; x_wconf 72' lang='grc' dir='ltr'>Ἀριστοτέλης</span> <span class='ocrx_word' id='word_1_407' title='bbox 292 1803 438 1838; x_wconf 76' lang='grc' dir='ltr'>ὲπαπορῶν</span> <span class='ocrx_word' id='word_1_408' title='bbox 447 1804 547 1840; x_wconf 77' lang='grc' dir='ltr'>ἑτέρως</span> <span class='ocrx_word' id='word_1_409' title='bbox 558 1804 625 1838; x_wconf 82' lang='grc' dir='ltr'>λύει,</span> <span class='ocrx_word' id='word_1_410' title='bbox 643 1806 720 1839; x_wconf 83' lang='grc' dir='ltr'>διότι,</span> <span class='ocrx_word' id='word_1_411' title='bbox 731 1806 828 1841; x_wconf 85' lang='grc' dir='ltr'>λέγων,</span> <span class='ocrx_word' id='word_1_412' title='bbox 839 1808 883 1840; x_wconf 77' lang='grc' dir='ltr'><strong>ἐξ·</strong></span> 
     </span>
    </p>
   </div>
   <div class='ocr_carea' id='block_1_57' title="bbox 82 1847 869 1887">
    <p class='ocr_par' dir='ltr' id='par_1_57' title="bbox 82 1847 869 1887">
     <span class='ocr_line' id='line_1_57' title="bbox 82 1847 869 1887; baseline 0.008 -13"><span class='ocrx_word' id='word_1_413' title='bbox 82 1847 203 1883; x_wconf 78' lang='grc' dir='ltr'>ἀλλήλων</span> <span class='ocrx_word' id='word_1_414' title='bbox 222 1848 352 1882; x_wconf 83' lang='grc' dir='ltr'>γίνονται,</span> <span class='ocrx_word' id='word_1_415' title='bbox 364 1849 412 1875; x_wconf 80' lang='grc' dir='ltr'>καὶ</span> <span class='ocrx_word' id='word_1_416' title='bbox 429 1849 446 1884; x_wconf 84' lang='grc' dir='ltr'>ὴ</span> <span class='ocrx_word' id='word_1_417' title='bbox 465 1848 551 1885; x_wconf 80' lang='grc' dir='ltr'>φθορὰ</span> <span class='ocrx_word' id='word_1_418' title='bbox 569 1850 675 1884; x_wconf 83' lang='grc' dir='ltr'>τούτου,</span> <span class='ocrx_word' id='word_1_419' title='bbox 695 1851 776 1879; x_wconf 81' lang='grc' dir='ltr'>ἄλλου</span> <span class='ocrx_word' id='word_1_420' title='bbox 794 1853 869 1887; x_wconf 80' lang='grc' dir='ltr'>γένε-</span> 
     </span>
    </p>
   </div>
   <div class='ocr_carea' id='block_1_58' title="bbox 84 1892 869 1934">
    <p class='ocr_par' dir='ltr' id='par_1_58' title="bbox 84 1892 869 1934">
     <span class='ocr_line' id='line_1_58' title="bbox 84 1892 869 1934; baseline 0.009 -15"><span class='ocrx_word' id='word_1_421' title='bbox 84 1892 127 1924; x_wconf 84' lang='grc' dir='ltr'><strong>σίς</strong></span> <span class='ocrx_word' id='word_1_422' title='bbox 144 1894 201 1919; x_wconf 74' lang='grc' dir='ltr'>ἐστι</span> <span class='ocrx_word' id='word_1_423' title='bbox 219 1894 267 1920; x_wconf 78' lang='grc' dir='ltr'>καὶ</span> <span class='ocrx_word' id='word_1_424' title='bbox 285 1893 366 1920; x_wconf 73' lang='grc' dir='ltr'>ἄλλον</span> <span class='ocrx_word' id='word_1_425' title='bbox 386 1893 592 1930; x_wconf 83' lang='grc' dir='ltr'>φθορὰ,τούτου</span> <span class='ocrx_word' id='word_1_426' title='bbox 611 1897 728 1931; x_wconf 82' lang='grc' dir='ltr'>γένεσις,</span> <span class='ocrx_word' id='word_1_427' title='bbox 740 1899 787 1925; x_wconf 82' lang='grc' dir='ltr'>καὶ</span> <span class='ocrx_word' id='word_1_428' title='bbox 805 1900 869 1934; x_wconf 66' lang='grc' dir='ltr'><strong>ὲφες</strong></span> 
     </span>
    </p>
   </div>
   <div class='ocr_carea' id='block_1_59' title="bbox 83 1939 869 1978">
    <p class='ocr_par' dir='ltr' id='par_1_59' title="bbox 83 1939 869 1978">
     <span class='ocr_line' id='line_1_59' title="bbox 83 1939 869 1978; baseline 0.008 -13"><span class='ocrx_word' id='word_1_429' title='bbox 83 1939 132 1974; x_wconf 81' lang='grc' dir='ltr'>ξῆς</span> <span class='ocrx_word' id='word_1_430' title='bbox 148 1939 244 1972; x_wconf 76' lang='grc' dir='ltr'>οὕτως,</span> <span class='ocrx_word' id='word_1_431' title='bbox 263 1939 334 1966; x_wconf 82' lang='grc' dir='ltr'>ὥστε</span> <span class='ocrx_word' id='word_1_432' title='bbox 356 1940 393 1975; x_wconf 82' lang='grc' dir='ltr'>μὴ</span> <span class='ocrx_word' id='word_1_433' title='bbox 411 1940 561 1968; x_wconf 73' lang='grc' dir='ltr'>ἐπιλείπειν</span> <span class='ocrx_word' id='word_1_434' title='bbox 575 1941 624 1978; x_wconf 84' lang='grc' dir='ltr'>τὴν</span> <span class='ocrx_word' id='word_1_435' title='bbox 641 1943 759 1977; x_wconf 80' lang='grc' dir='ltr'>γένεσιν.</span> <span class='ocrx_word' id='word_1_436' title='bbox 779 1943 869 1971; x_wconf 82' lang='grc' dir='ltr'>Ἐπει-</span> 
     </span>
    </p>
   </div>
   <div class='ocr_carea' id='block_1_60' title="bbox 81 1985 867 2022">
    <p class='ocr_par' dir='ltr' id='par_1_60' title="bbox 81 1985 867 2022">
     <span class='ocr_line' id='line_1_60' title="bbox 81 1985 867 2022; baseline 0.006 -11"><span class='ocrx_word' id='word_1_437' title='bbox 81 1985 115 2020; x_wconf 78' lang='grc' dir='ltr'>δὴ</span> <span class='ocrx_word' id='word_1_438' title='bbox 139 1985 167 2011; x_wconf 85' lang='grc' dir='ltr'>δὲ</span> <span class='ocrx_word' id='word_1_439' title='bbox 193 1985 288 2017; x_wconf 81' lang='grc' dir='ltr'>στάσις</span> <span class='ocrx_word' id='word_1_440' title='bbox 315 1986 375 2012; x_wconf 74' lang='grc' dir='ltr'>ἐστὶ</span> <span class='ocrx_word' id='word_1_441' title='bbox 401 1986 448 2012; x_wconf 83' lang='grc' dir='ltr'>καὶ</span> <span class='ocrx_word' id='word_1_442' title='bbox 475 1987 581 2022; x_wconf 85' lang='grc' dir='ltr'>κίνησις</span> <span class='ocrx_word' id='word_1_443' title='bbox 599 1988 726 2015; x_wconf 81' lang='grc' dir='ltr'>ἁπάντων</span> <span class='ocrx_word' id='word_1_444' title='bbox 743 1989 773 2016; x_wconf 81' lang='grc' dir='ltr'><strong>τὸ</strong></span> <span class='ocrx_word' id='word_1_445' title='bbox 791 1989 867 2016; x_wconf 81' lang='grc' dir='ltr'>Θετον</span> 
     </span>
    </p>
   </div>
   <div class='ocr_carea' id='block_1_61' title="bbox 82 2030 867 2071">
    <p class='ocr_par' dir='ltr' id='par_1_61' title="bbox 82 2030 867 2071">
     <span class='ocr_line' id='line_1_61' title="bbox 82 2030 867 2071; baseline 0.008 -15"><span class='ocrx_word' id='word_1_446' title='bbox 82 2030 151 2066; x_wconf 79' lang='grc' dir='ltr'>ὑπὲρ</span> <span class='ocrx_word' id='word_1_447' title='bbox 170 2031 264 2058; x_wconf 85' lang='grc' dir='ltr'>στάσιν</span> <span class='ocrx_word' id='word_1_448' title='bbox 281 2031 328 2058; x_wconf 76' lang='grc' dir='ltr'>καὶ</span> <span class='ocrx_word' id='word_1_449' title='bbox 345 2031 462 2067; x_wconf 84' lang='grc' dir='ltr'>κίνησιν,</span> <span class='ocrx_word' id='word_1_450' title='bbox 481 2032 519 2064; x_wconf 87' lang='grc' dir='ltr'>ὼς</span> <span class='ocrx_word' id='word_1_451' title='bbox 541 2033 655 2060; x_wconf 75' lang='grc' dir='ltr'>ἕκαστον</span> <span class='ocrx_word' id='word_1_452' title='bbox 683 2035 764 2062; x_wconf 75' lang='grc' dir='ltr'>ἱστῶν</span> <span class='ocrx_word' id='word_1_453' title='bbox 781 2036 810 2062; x_wconf 81' lang='grc' dir='ltr'>ὲν</span> <span class='ocrx_word' id='word_1_454' title='bbox 828 2035 867 2071; x_wconf 81' lang='grc' dir='ltr'>τῷ</span> 
     </span>
    </p>
   </div>
   <div class='ocr_carea' id='block_1_62' title="bbox 82 2076 866 2118">
    <p class='ocr_par' dir='ltr' id='par_1_62' title="bbox 82 2076 866 2118">
     <span class='ocr_line' id='line_1_62' title="bbox 82 2076 866 2118; baseline 0.008 -15"><span class='ocrx_word' id='word_1_455' title='bbox 82 2077 171 2112; x_wconf 74' lang='grc' dir='ltr'>οἰκείῳ</span> <span class='ocrx_word' id='word_1_456' title='bbox 188 2076 268 2113; x_wconf 87' lang='grc' dir='ltr'>λόγῳ,</span> <span class='ocrx_word' id='word_1_457' title='bbox 279 2077 327 2104; x_wconf 77' lang='grc' dir='ltr'>καὶ</span> <span class='ocrx_word' id='word_1_458' title='bbox 344 2077 435 2104; x_wconf 85' lang='grc' dir='ltr'>κινοῦν</span> <span class='ocrx_word' id='word_1_459' title='bbox 452 2079 499 2105; x_wconf 76' lang='grc' dir='ltr'><strong>ἐπὶ</strong></span> <span class='ocrx_word' id='word_1_460' title='bbox 516 2079 564 2114; x_wconf 83' lang='grc' dir='ltr'><strong>τὴν</strong></span> <span class='ocrx_word' id='word_1_461' title='bbox 574 2080 679 2107; x_wconf 81' lang='grc' dir='ltr'>οἰκείαν</span> <span class='ocrx_word' id='word_1_462' title='bbox 695 2081 810 2118; x_wconf 88' lang='grc' dir='ltr'>κίνησιν,</span> <span class='ocrx_word' id='word_1_463' title='bbox 822 2083 866 2109; x_wconf 84' lang='grc' dir='ltr'><strong>διὰ</strong></span> 
     </span>
    </p>
   </div>
   <div class='ocr_carea' id='block_1_63' title="bbox 81 2122 865 2163">
    <p class='ocr_par' dir='ltr' id='par_1_63' title="bbox 81 2122 865 2163">
     <span class='ocr_line' id='line_1_63' title="bbox 81 2122 865 2163; baseline 0.008 -15"><span class='ocrx_word' id='word_1_464' title='bbox 81 2122 157 2149; x_wconf 81' lang='grc' dir='ltr'>τοῦτο</span> <span class='ocrx_word' id='word_1_465' title='bbox 173 2123 256 2157; x_wconf 81' lang='grc' dir='ltr'>λέγει,</span> <span class='ocrx_word' id='word_1_466' title='bbox 277 2124 306 2150; x_wconf 79' lang='grc' dir='ltr'>αἱ</span> <span class='ocrx_word' id='word_1_467' title='bbox 324 2123 434 2155; x_wconf 85' lang='grc' dir='ltr'>στάσεις</span> <span class='ocrx_word' id='word_1_468' title='bbox 452 2125 538 2151; x_wconf 81' lang='grc' dir='ltr'>πᾶσαι</span> <span class='ocrx_word' id='word_1_469' title='bbox 556 2127 603 2153; x_wconf 85' lang='grc' dir='ltr'><strong>καὶ</strong></span> <span class='ocrx_word' id='word_1_470' title='bbox 621 2128 649 2153; x_wconf 79' lang='grc' dir='ltr'>αἱ</span> <span class='ocrx_word' id='word_1_471' title='bbox 668 2128 798 2163; x_wconf 84' lang='grc' dir='ltr'>κινήσεις,</span> <span class='ocrx_word' id='word_1_472' title='bbox 809 2127 865 2154; x_wconf 73' lang='grc' dir='ltr'>εἴτε</span> 
     </span>
    </p>
   </div>
   <div class='ocr_carea' id='block_1_64' title="bbox 82 2168 864 2208">
    <p class='ocr_par' dir='ltr' id='par_1_64' title="bbox 82 2168 864 2208">
     <span class='ocr_line' id='line_1_64' title="bbox 82 2168 864 2208; baseline 0.009 -14"><span class='ocrx_word' id='word_1_473' title='bbox 82 2168 200 2202; x_wconf 83' lang='grc' dir='ltr'>ἀγγέλων</span> <span class='ocrx_word' id='word_1_474' title='bbox 217 2169 316 2202; x_wconf 88' lang='grc' dir='ltr'>εῐποις,</span> <span class='ocrx_word' id='word_1_475' title='bbox 329 2171 384 2197; x_wconf 84' lang='grc' dir='ltr'>εἴτε</span> <span class='ocrx_word' id='word_1_476' title='bbox 403 2170 506 2206; x_wconf 80' lang='grc' dir='ltr'>ψυχῶν,</span> <span class='ocrx_word' id='word_1_477' title='bbox 517 2171 572 2198; x_wconf 72' lang='grc' dir='ltr'>εἴτε</span> <span class='ocrx_word' id='word_1_478' title='bbox 592 2173 736 2208; x_wconf 84' lang='grc' dir='ltr'>σωμάτων,</span> <span class='ocrx_word' id='word_1_479' title='bbox 752 2175 786 2200; x_wconf 83' lang='grc' dir='ltr'>ὲκ</span> <span class='ocrx_word' id='word_1_480' title='bbox 803 2175 864 2201; x_wconf 83' lang='grc' dir='ltr'>τού-</span> 
     </span>
    </p>
   </div>
   <div class='ocr_carea' id='block_1_65' title="bbox 930 935 1715 970">
    <p class='ocr_par' dir='ltr' id='par_1_65' title="bbox 930 935 1715 970">
     <span class='ocr_line' id='line_1_65' title="bbox 930 935 1715 970; baseline 0.004 -8"><span class='ocrx_word' id='word_1_481' title='bbox 930 943 1021 963; x_wconf 92' lang='lat' dir='ltr'><strong>rerum</strong></span> <span class='ocrx_word' id='word_1_482' title='bbox 1045 935 1256 970; x_wconf 80' lang='lat' dir='ltr'><strong>iutclligibilinm</strong></span> <span class='ocrx_word' id='word_1_483' title='bbox 1280 937 1311 962; x_wconf 83' lang='lat' dir='ltr'><strong>atl</strong></span> <span class='ocrx_word' id='word_1_484' title='bbox 1333 937 1431 969; x_wconf 90' lang='lat' dir='ltr'><strong>Deum,</strong></span> <span class='ocrx_word' id='word_1_485' title='bbox 1453 938 1491 964; x_wconf 87' lang='lat' dir='ltr'><strong>uti</strong></span> <span class='ocrx_word' id='word_1_486' title='bbox 1510 942 1537 964; x_wconf 90' lang='lat' dir='ltr'><strong>et</strong></span> <span class='ocrx_word' id='word_1_487' title='bbox 1556 938 1715 966; x_wconf 82' lang='lat' dir='ltr'><strong>similitudi-</strong></span> 
     </span>
    </p>
   </div>
   <div class='ocr_carea' id='block_1_66' title="bbox 929 982 1716 1018">
    <p class='ocr_par' dir='ltr' id='par_1_66' title="bbox 929 982 1716 1018">
     <span class='ocr_line' id='line_1_66' title="bbox 929 982 1716 1018; baseline 0.005 -10"><span class='ocrx_word' id='word_1_488' title='bbox 929 989 992 1015; x_wconf 85' lang='lat' dir='ltr'><strong>nes;</strong></span> <span class='ocrx_word' id='word_1_489' title='bbox 1013 982 1233 1017; x_wconf 81' lang='lat' dir='ltr'><strong>quandoquidem</strong></span> <span class='ocrx_word' id='word_1_490' title='bbox 1254 987 1281 1009; x_wconf 91' lang='lat' dir='ltr'><strong>et</strong></span> <span class='ocrx_word' id='word_1_491' title='bbox 1301 991 1334 1010; x_wconf 82' lang='lat' dir='ltr'><strong>ex</strong></span> <span class='ocrx_word' id='word_1_492' title='bbox 1356 983 1414 1017; x_wconf 89' lang='lat' dir='ltr'><strong>ipso</strong></span> <span class='ocrx_word' id='word_1_493' title='bbox 1442 985 1507 1016; x_wconf 88' lang='lat' dir='ltr'><strong>sint,</strong></span> <span class='ocrx_word' id='word_1_494' title='bbox 1529 985 1609 1018; x_wconf 83' lang='lat' dir='ltr'><strong>eique</strong></span> <span class='ocrx_word' id='word_1_495' title='bbox 1627 985 1716 1013; x_wconf 69' lang='lat' dir='ltr'><strong>inhae-</strong></span> 
     </span>
    </p>
   </div>
   <div class='ocr_carea' id='block_1_67' title="bbox 928 1028 1716 1064">
    <p class='ocr_par' dir='ltr' id='par_1_67' title="bbox 928 1028 1716 1064">
     <span class='ocr_line' id='line_1_67' title="bbox 928 1028 1716 1064; baseline 0.004 -10"><span class='ocrx_word' id='word_1_496' title='bbox 928 1032 1016 1055; x_wconf 87' lang='lat' dir='ltr'><strong>reant.</strong></span> <span class='ocrx_word' id='word_1_497' title='bbox 1030 1028 1208 1054; x_wconf 88' lang='lat' dir='ltr'><strong>Diversitates</strong></span> <span class='ocrx_word' id='word_1_498' title='bbox 1226 1032 1318 1054; x_wconf 78' lang='lat' dir='ltr'><strong>autent</strong></span> <span class='ocrx_word' id='word_1_499' title='bbox 1339 1033 1403 1055; x_wconf 91' lang='lat' dir='ltr'><strong>sunt</strong></span> <span class='ocrx_word' id='word_1_500' title='bbox 1421 1031 1499 1063; x_wconf 88' lang='lat' dir='ltr'><strong>quasi</strong></span> <span class='ocrx_word' id='word_1_501' title='bbox 1521 1030 1622 1063; x_wconf 89' lang='lat' dir='ltr'><strong>partita</strong></span> <span class='ocrx_word' id='word_1_502' title='bbox 1640 1037 1716 1064; x_wconf 68' lang='lat' dir='ltr'><strong>qure-</strong></span> 
     </span>
    </p>
   </div>
   <div class='ocr_carea' id='block_1_68' title="bbox 927 1073 1712 1107">
    <p class='ocr_par' dir='ltr' id='par_1_68' title="bbox 927 1073 1712 1107">
     <span class='ocr_line' id='line_1_68' title="bbox 927 1073 1712 1107; baseline 0.004 -8"><span class='ocrx_word' id='word_1_503' title='bbox 927 1073 988 1099; x_wconf 79' lang='lat' dir='ltr'><strong>(lam</strong></span> <span class='ocrx_word' id='word_1_504' title='bbox 1016 1073 1205 1107; x_wconf 81' lang='lat' dir='ltr'><strong>multiplicatio</strong></span> <span class='ocrx_word' id='word_1_505' title='bbox 1235 1073 1333 1100; x_wconf 76' lang='lat' dir='ltr'><strong>divina:</strong></span> <span class='ocrx_word' id='word_1_506' title='bbox 1353 1075 1502 1101; x_wconf 84' lang='lat' dir='ltr'><strong>voluntatis</strong></span> <span class='ocrx_word' id='word_1_507' title='bbox 1522 1075 1555 1101; x_wconf 85' lang='lat' dir='ltr'><strong>ad</strong></span> <span class='ocrx_word' id='word_1_508' title='bbox 1582 1075 1712 1102; x_wconf 78' lang='lat' dir='ltr'><strong>inferiora</strong></span> 
     </span>
    </p>
   </div>
   <div class='ocr_carea' id='block_1_69' title="bbox 927 1117 1713 1153">
    <p class='ocr_par' dir='ltr' id='par_1_69' title="bbox 927 1117 1713 1153">
     <span class='ocr_line' id='line_1_69' title="bbox 927 1117 1713 1153; baseline 0.006 -10"><span class='ocrx_word' id='word_1_509' title='bbox 927 1118 1109 1152; x_wconf 78' lang='lat' dir='ltr'><strong>procedentis.</strong></span> <span class='ocrx_word' id='word_1_510' title='bbox 1141 1117 1384 1145; x_wconf 84' lang='lat' dir='ltr'><strong>Dissimilitudines</strong></span> <span class='ocrx_word' id='word_1_511' title='bbox 1414 1126 1496 1152; x_wconf 84' lang='lat' dir='ltr'><strong>vero,</strong></span> <span class='ocrx_word' id='word_1_512' title='bbox 1528 1121 1657 1153; x_wconf 84' lang='lat' dir='ltr'><strong>quoniam</strong></span> <span class='ocrx_word' id='word_1_513' title='bbox 1686 1121 1713 1149; x_wconf 84' lang='lat' dir='ltr'><strong>id</strong></span> 
     </span>
    </p>
   </div>
   <div class='ocr_carea' id='block_1_70' title="bbox 927 1165 1714 1198">
    <p class='ocr_par' dir='ltr' id='par_1_70' title="bbox 927 1165 1714 1198">
     <span class='ocr_line' id='line_1_70' title="bbox 927 1165 1714 1198; baseline 0.005 -8"><span class='ocrx_word' id='word_1_514' title='bbox 927 1165 999 1198; x_wconf 92' lang='lat' dir='ltr'><strong>quod</strong></span> <span class='ocrx_word' id='word_1_515' title='bbox 1016 1169 1125 1191; x_wconf 91' lang='lat' dir='ltr'><strong>creatur</strong></span> <span class='ocrx_word' id='word_1_516' title='bbox 1136 1165 1274 1192; x_wconf 86' lang='lat' dir='ltr'><strong>diversum</strong></span> <span class='ocrx_word' id='word_1_517' title='bbox 1286 1169 1330 1191; x_wconf 86' lang='lat' dir='ltr'><strong>est</strong></span> <span class='ocrx_word' id='word_1_518' title='bbox 1351 1172 1365 1191; x_wconf 93' lang='lat' dir='ltr'><strong>a</strong></span> <span class='ocrx_word' id='word_1_519' title='bbox 1378 1169 1512 1192; x_wconf 82' lang='lat' dir='ltr'><strong>creatore.</strong></span> <span class='ocrx_word' id='word_1_520' title='bbox 1524 1165 1637 1193; x_wconf 77' lang='lat' dir='ltr'><strong>Foedera</strong></span> <span class='ocrx_word' id='word_1_521' title='bbox 1648 1172 1714 1194; x_wconf 87' lang='lat' dir='ltr'><strong>sunt</strong></span> 
     </span>
    </p>
   </div>
   <div class='ocr_carea' id='block_1_71' title="bbox 926 1210 1714 1246">
    <p class='ocr_par' dir='ltr' id='par_1_71' title="bbox 926 1210 1714 1246">
     <span class='ocr_line' id='line_1_71' title="bbox 926 1210 1714 1246; baseline 0.003 -8"><span class='ocrx_word' id='word_1_522' title='bbox 926 1210 1126 1238; x_wconf 76' lang='lat' dir='ltr'><strong>Contrariorum</strong></span> <span class='ocrx_word' id='word_1_523' title='bbox 1155 1211 1352 1238; x_wconf 89' lang='lat' dir='ltr'><strong>elementorum</strong></span> <span class='ocrx_word' id='word_1_524' title='bbox 1384 1212 1714 1246; x_wconf 68' lang='lat' dir='ltr'><strong>tetnperationeszcoltaz-</strong></span> 
     </span>
    </p>
   </div>
   <div class='ocr_carea' id='block_1_72' title="bbox 926 1256 1711 1286">
    <p class='ocr_par' dir='ltr' id='par_1_72' title="bbox 926 1256 1711 1286">
     <span class='ocr_line' id='line_1_72' title="bbox 926 1256 1711 1286; baseline 0.003 -3"><span class='ocrx_word' id='word_1_525' title='bbox 926 1257 1022 1284; x_wconf 66' lang='lat' dir='ltr'><strong>rentia:</strong></span> <span class='ocrx_word' id='word_1_526' title='bbox 1043 1261 1105 1284; x_wconf 87' lang='lat' dir='ltr'><strong>sunt</strong></span> <span class='ocrx_word' id='word_1_527' title='bbox 1125 1257 1208 1283; x_wconf 87' lang='lat' dir='ltr'><strong>totius</strong></span> <span class='ocrx_word' id='word_1_528' title='bbox 1228 1256 1322 1283; x_wconf 87' lang='lat' dir='ltr'><strong>tnumli</strong></span> <span class='ocrx_word' id='word_1_529' title='bbox 1345 1258 1479 1284; x_wconf 82' lang='lat' dir='ltr'><strong>connexio</strong></span> <span class='ocrx_word' id='word_1_530' title='bbox 1499 1262 1527 1284; x_wconf 91' lang='lat' dir='ltr'><strong>et</strong></span> <span class='ocrx_word' id='word_1_531' title='bbox 1550 1265 1711 1286; x_wconf 83' lang='lat' dir='ltr'><strong>consensus.</strong></span> 
     </span>
    </p>
   </div>
   <div class='ocr_carea' id='block_1_73' title="bbox 926 1301 1711 1336">
    <p class='ocr_par' dir='ltr' id='par_1_73' title="bbox 926 1301 1711 1336">
     <span class='ocr_line' id='line_1_73' title="bbox 926 1301 1711 1336; baseline 0.003 -7"><span class='ocrx_word' id='word_1_532' title='bbox 926 1302 1028 1329; x_wconf 81' lang='lat' dir='ltr'><strong>Rerum</strong></span> <span class='ocrx_word' id='word_1_533' title='bbox 1059 1303 1198 1329; x_wconf 89' lang='lat' dir='ltr'><strong>unitarum</strong></span> <span class='ocrx_word' id='word_1_534' title='bbox 1239 1301 1475 1336; x_wconf 86' lang='lat' dir='ltr'><strong>impermistiones</strong></span> <span class='ocrx_word' id='word_1_535' title='bbox 1503 1309 1569 1331; x_wconf 85' lang='lat' dir='ltr'><strong>sunt</strong></span> <span class='ocrx_word' id='word_1_536' title='bbox 1588 1304 1660 1331; x_wconf 84' lang='lat' dir='ltr'><strong>sicut</strong></span> <span class='ocrx_word' id='word_1_537' title='bbox 1684 1305 1711 1331; x_wconf 92' lang='lat' dir='ltr'><strong>in</strong></span> 
     </span>
    </p>
   </div>
   <div class='ocr_carea' id='block_1_74' title="bbox 925 1348 1712 1384">
    <p class='ocr_par' dir='ltr' id='par_1_74' title="bbox 925 1348 1712 1384">
     <span class='ocr_line' id='line_1_74' title="bbox 925 1348 1712 1384; baseline 0.003 -9"><span class='ocrx_word' id='word_1_538' title='bbox 925 1348 1035 1375; x_wconf 88' lang='lat' dir='ltr'><strong>humatti</strong></span> <span class='ocrx_word' id='word_1_539' title='bbox 1049 1348 1159 1382; x_wconf 77' lang='lat' dir='ltr'><strong>generis</strong></span> <span class='ocrx_word' id='word_1_540' title='bbox 1177 1349 1388 1381; x_wconf 80' lang='lat' dir='ltr'><strong>communitate,</strong></span> <span class='ocrx_word' id='word_1_541' title='bbox 1401 1354 1429 1376; x_wconf 89' lang='lat' dir='ltr'><strong>ct</strong></span> <span class='ocrx_word' id='word_1_542' title='bbox 1440 1349 1573 1384; x_wconf 87' lang='lat' dir='ltr'><strong>cujusque</strong></span> <span class='ocrx_word' id='word_1_543' title='bbox 1593 1350 1712 1378; x_wconf 86' lang='lat' dir='ltr'><strong>hominis</strong></span> 
     </span>
    </p>
   </div>
   <div class='ocr_carea' id='block_1_75' title="bbox 924 1394 1711 1428">
    <p class='ocr_par' dir='ltr' id='par_1_75' title="bbox 924 1394 1711 1428">
     <span class='ocr_line' id='line_1_75' title="bbox 924 1394 1711 1428; baseline 0.004 -8"><span class='ocrx_word' id='word_1_544' title='bbox 924 1394 1108 1428; x_wconf 86' lang='lat' dir='ltr'><strong>proprietate;</strong></span> <span class='ocrx_word' id='word_1_545' title='bbox 1120 1395 1257 1422; x_wconf 87' lang='lat' dir='ltr'><strong>communi</strong></span> <span class='ocrx_word' id='word_1_546' title='bbox 1271 1396 1344 1422; x_wconf 91' lang='lat' dir='ltr'><strong>enim</strong></span> <span class='ocrx_word' id='word_1_547' title='bbox 1357 1395 1485 1422; x_wconf 77' lang='lat' dir='ltr'><strong>essentia:</strong></span> <span class='ocrx_word' id='word_1_548' title='bbox 1501 1395 1604 1422; x_wconf 86' lang='lat' dir='ltr'><strong>ratione</strong></span> <span class='ocrx_word' id='word_1_549' title='bbox 1614 1403 1711 1424; x_wconf 83' lang='lat' dir='ltr'><strong>omnes</strong></span> 
     </span>
    </p>
   </div>
   <div class='ocr_carea' id='block_1_76' title="bbox 923 1437 1712 1476">
    <p class='ocr_par' dir='ltr' id='par_1_76' title="bbox 923 1437 1712 1476">
     <span class='ocr_line' id='line_1_76' title="bbox 923 1437 1712 1476; baseline 0.005 -11"><span class='ocrx_word' id='word_1_550' title='bbox 923 1437 1003 1473; x_wconf 80' lang='lat'><strong>395</strong></span> <span class='ocrx_word' id='word_1_551' title='bbox 1019 1439 1087 1466; x_wconf 91' lang='lat' dir='ltr'><strong>uniti</strong></span> <span class='ocrx_word' id='word_1_552' title='bbox 1107 1447 1211 1471; x_wconf 88' lang='lat' dir='ltr'><strong>sutnus,</strong></span> <span class='ocrx_word' id='word_1_553' title='bbox 1236 1441 1451 1476; x_wconf 77' lang='lat' dir='ltr'><strong>uniuscujusque</strong></span> <span class='ocrx_word' id='word_1_554' title='bbox 1466 1448 1531 1468; x_wconf 89' lang='lat' dir='ltr'><strong>vero</strong></span> <span class='ocrx_word' id='word_1_555' title='bbox 1544 1442 1712 1476; x_wconf 76' lang='lat' dir='ltr'><strong>proprietate</strong></span> 
     </span>
    </p>
   </div>
   <div class='ocr_carea' id='block_1_77' title="bbox 923 1485 1710 1514">
    <p class='ocr_par' dir='ltr' id='par_1_77' title="bbox 923 1485 1710 1514">
     <span class='ocr_line' id='line_1_77' title="bbox 923 1485 1710 1514; baseline 0.005 -4"><span class='ocrx_word' id='word_1_556' title='bbox 923 1485 1035 1512; x_wconf 87' lang='lat' dir='ltr'><strong>minime</strong></span> <span class='ocrx_word' id='word_1_557' title='bbox 1058 1486 1282 1513; x_wconf 82' lang='lat' dir='ltr'><strong>connuiscemur.</strong></span> <span class='ocrx_word' id='word_1_558' title='bbox 1311 1485 1467 1514; x_wconf 84' lang='lat' dir='ltr'><strong>lmmohiles</strong></span> <span class='ocrx_word' id='word_1_559' title='bbox 1488 1486 1610 1514; x_wconf 89' lang='lat' dir='ltr'><strong>omnium</strong></span> <span class='ocrx_word' id='word_1_560' title='bbox 1634 1495 1710 1514; x_wconf 86' lang='lat' dir='ltr'><strong>man-</strong></span> 
     </span>
    </p>
   </div>
   <div class='ocr_carea' id='block_1_78' title="bbox 923 1530 1767 1565">
    <p class='ocr_par' dir='ltr' id='par_1_78' title="bbox 923 1530 1767 1565">
     <span class='ocr_line' id='line_1_78' title="bbox 923 1530 1767 1565; baseline 0.005 -9"><span class='ocrx_word' id='word_1_561' title='bbox 923 1530 1024 1562; x_wconf 85' lang='lat' dir='ltr'><strong>siones,</strong></span> <span class='ocrx_word' id='word_1_562' title='bbox 1039 1530 1171 1565; x_wconf 85' lang='lat' dir='ltr'><strong>quidlibet</strong></span> <span class='ocrx_word' id='word_1_563' title='bbox 1193 1531 1266 1558; x_wconf 87' lang='lat' dir='ltr'><strong>ettint</strong></span> <span class='ocrx_word' id='word_1_564' title='bbox 1290 1538 1338 1565; x_wconf 88' lang='lat' dir='ltr'><strong>per</strong></span> <span class='ocrx_word' id='word_1_565' title='bbox 1359 1538 1389 1558; x_wconf 90' lang='lat' dir='ltr'><strong>se</strong></span> <span class='ocrx_word' id='word_1_566' title='bbox 1410 1532 1537 1559; x_wconf 80' lang='lat' dir='ltr'><strong>subsistit</strong></span> <span class='ocrx_word' id='word_1_567' title='bbox 1553 1538 1581 1559; x_wconf 86' lang='lat' dir='ltr'><strong>et</strong></span> <span class='ocrx_word' id='word_1_568' title='bbox 1603 1536 1655 1559; x_wconf 81' lang='lat' dir='ltr'><strong>est.</strong></span> <span class='ocrx_word' id='word_1_569' title='bbox 1676 1532 1710 1560; x_wconf 85' lang='lat' dir='ltr'><strong>Et</strong></span> <span class='ocrx_word' id='word_1_570' title='bbox 1765 1536 1767 1542; x_wconf 98' lang='lat'>‘</span> 
     </span>
    </p>
   </div>
   <div class='ocr_carea' id='block_1_79' title="bbox 923 1577 1709 1612">
    <p class='ocr_par' dir='ltr' id='par_1_79' title="bbox 923 1577 1709 1612">
     <span class='ocr_line' id='line_1_79' title="bbox 923 1577 1709 1612; baseline 0.003 -9"><span class='ocrx_word' id='word_1_571' title='bbox 923 1584 1030 1609; x_wconf 85' lang='lat' dir='ltr'><strong>rursus,</strong></span> <span class='ocrx_word' id='word_1_572' title='bbox 1056 1577 1178 1604; x_wconf 89' lang='lat' dir='ltr'><strong>omnium</strong></span> <span class='ocrx_word' id='word_1_573' title='bbox 1214 1577 1241 1604; x_wconf 91' lang='lat' dir='ltr'><strong>iu</strong></span> <span class='ocrx_word' id='word_1_574' title='bbox 1263 1577 1384 1612; x_wconf 90' lang='lat' dir='ltr'><strong>quolibet</strong></span> <span class='ocrx_word' id='word_1_575' title='bbox 1403 1579 1621 1605; x_wconf 87' lang='lat' dir='ltr'><strong>communiones.</strong></span> <span class='ocrx_word' id='word_1_576' title='bbox 1638 1577 1709 1606; x_wconf 78' lang='lat' dir='ltr'><strong>Hinc</strong></span> 
     </span>
    </p>
   </div>
   <div class='ocr_carea' id='block_1_80' title="bbox 921 1622 1714 1658">
    <p class='ocr_par' dir='ltr' id='par_1_80' title="bbox 921 1622 1714 1658">
     <span class='ocr_line' id='line_1_80' title="bbox 921 1622 1714 1658; baseline 0.003 -10"><span class='ocrx_word' id='word_1_577' title='bbox 921 1622 1102 1656; x_wconf 90' lang='lat' dir='ltr'><strong>corriguntur</strong></span> <span class='ocrx_word' id='word_1_578' title='bbox 1112 1623 1195 1650; x_wconf 85' lang='lat' dir='ltr'><strong>etiam</strong></span> <span class='ocrx_word' id='word_1_579' title='bbox 1206 1623 1350 1657; x_wconf 91' lang='lat' dir='ltr'><strong>opiniones</strong></span> <span class='ocrx_word' id='word_1_580' title='bbox 1370 1623 1488 1650; x_wconf 89' lang='lat' dir='ltr'><strong>duornrn</strong></span> <span class='ocrx_word' id='word_1_581' title='bbox 1505 1627 1629 1650; x_wconf 88' lang='lat' dir='ltr'><strong>veterutn</strong></span> <span class='ocrx_word' id='word_1_582' title='bbox 1651 1623 1714 1658; x_wconf 86' lang='lat' dir='ltr'><strong>phi-</strong></span> 
     </span>
    </p>
   </div>
   <div class='ocr_carea' id='block_1_81' title="bbox 921 1667 1707 1704">
    <p class='ocr_par' dir='ltr' id='par_1_81' title="bbox 921 1667 1707 1704">
     <span class='ocr_line' id='line_1_81' title="bbox 921 1667 1707 1704; baseline 0.003 -10"><span class='ocrx_word' id='word_1_583' title='bbox 921 1667 1104 1702; x_wconf 89' lang='lat' dir='ltr'><strong>losophorum,</strong></span> <span class='ocrx_word' id='word_1_584' title='bbox 1129 1668 1300 1703; x_wconf 82' lang='lat' dir='ltr'><strong>Empedoclis</strong></span> <span class='ocrx_word' id='word_1_585' title='bbox 1318 1674 1345 1696; x_wconf 90' lang='lat' dir='ltr'><strong>et</strong></span> <span class='ocrx_word' id='word_1_586' title='bbox 1365 1669 1546 1704; x_wconf 64' lang='lat' dir='ltr'><strong>Anaxagorm.</strong></span> <span class='ocrx_word' id='word_1_587' title='bbox 1568 1669 1707 1704; x_wconf 85' lang='lat' dir='ltr'><strong>Siquidem</strong></span> 
     </span>
    </p>
   </div>
   <div class='ocr_carea' id='block_1_82' title="bbox 920 1712 1707 1748">
    <p class='ocr_par' dir='ltr' id='par_1_82' title="bbox 920 1712 1707 1748">
     <span class='ocr_line' id='line_1_82' title="bbox 920 1712 1707 1748; baseline 0 -8"><span class='ocrx_word' id='word_1_588' title='bbox 920 1712 1098 1747; x_wconf 87' lang='lat' dir='ltr'><strong>Empedocles</strong></span> <span class='ocrx_word' id='word_1_589' title='bbox 1111 1714 1249 1748; x_wconf 65' lang='lat' dir='ltr'><strong>sphaeram</strong></span> <span class='ocrx_word' id='word_1_590' title='bbox 1272 1714 1307 1741; x_wconf 90' lang='lat' dir='ltr'><strong>ab</strong></span> <span class='ocrx_word' id='word_1_591' title='bbox 1318 1714 1441 1741; x_wconf 91' lang='lat' dir='ltr'><strong>omnium</strong></span> <span class='ocrx_word' id='word_1_592' title='bbox 1457 1714 1579 1741; x_wconf 86' lang='lat' dir='ltr'><strong>amicitia</strong></span> <span class='ocrx_word' id='word_1_593' title='bbox 1591 1718 1619 1741; x_wconf 90' lang='lat' dir='ltr'><strong>et</strong></span> <span class='ocrx_word' id='word_1_594' title='bbox 1629 1721 1707 1741; x_wconf 87' lang='lat' dir='ltr'><strong>com-</strong></span> 
     </span>
    </p>
   </div>
   <div class='ocr_carea' id='block_1_83' title="bbox 920 1759 1708 1794">
    <p class='ocr_par' dir='ltr' id='par_1_83' title="bbox 920 1759 1708 1794">
     <span class='ocr_line' id='line_1_83' title="bbox 920 1759 1708 1794; baseline 0.003 -9"><span class='ocrx_word' id='word_1_595' title='bbox 920 1759 1049 1786; x_wconf 86' lang='lat' dir='ltr'><strong>mistione</strong></span> <span class='ocrx_word' id='word_1_596' title='bbox 1064 1760 1228 1791; x_wconf 82' lang='lat' dir='ltr'><strong>nominavit,</strong></span> <span class='ocrx_word' id='word_1_597' title='bbox 1243 1761 1279 1786; x_wconf 89' lang='lat' dir='ltr'><strong>ita</strong></span> <span class='ocrx_word' id='word_1_598' title='bbox 1298 1764 1327 1786; x_wconf 92' lang='lat' dir='ltr'><strong>ut</strong></span> <span class='ocrx_word' id='word_1_599' title='bbox 1340 1760 1474 1794; x_wconf 86' lang='lat' dir='ltr'><strong>quidlibet</strong></span> <span class='ocrx_word' id='word_1_600' title='bbox 1493 1767 1541 1794; x_wconf 92' lang='lat' dir='ltr'><strong>per</strong></span> <span class='ocrx_word' id='word_1_601' title='bbox 1561 1768 1589 1786; x_wconf 82' lang='lat' dir='ltr'><strong>se</strong></span> <span class='ocrx_word' id='word_1_602' title='bbox 1609 1760 1643 1786; x_wconf 86' lang='lat' dir='ltr'><strong>ab</strong></span> <span class='ocrx_word' id='word_1_603' title='bbox 1654 1759 1708 1787; x_wconf 86' lang='lat' dir='ltr'><strong>alio</strong></span> 
     </span>
    </p>
   </div>
   <div class='ocr_carea' id='block_1_84' title="bbox 919 1805 1704 1841">
    <p class='ocr_par' dir='ltr' id='par_1_84' title="bbox 919 1805 1704 1841">
     <span class='ocr_line' id='line_1_84' title="bbox 919 1805 1704 1841; baseline 0.001 -9"><span class='ocrx_word' id='word_1_604' title='bbox 919 1805 1037 1832; x_wconf 86' lang='lat' dir='ltr'><strong>discerni</strong></span> <span class='ocrx_word' id='word_1_605' title='bbox 1053 1810 1181 1840; x_wconf 81' lang='lat' dir='ltr'><strong>nequeat,</strong></span> <span class='ocrx_word' id='word_1_606' title='bbox 1201 1811 1346 1841; x_wconf 79' lang='lat' dir='ltr'><strong>antequam</strong></span> <span class='ocrx_word' id='word_1_607' title='bbox 1368 1813 1455 1841; x_wconf 81' lang='lat' dir='ltr'><strong>pugna</strong></span> <span class='ocrx_word' id='word_1_608' title='bbox 1480 1806 1527 1832; x_wconf 81' lang='lat' dir='ltr'><strong>[lat</strong></span> <span class='ocrx_word' id='word_1_609' title='bbox 1547 1809 1575 1832; x_wconf 86' lang='lat' dir='ltr'><strong>et</strong></span> <span class='ocrx_word' id='word_1_610' title='bbox 1594 1805 1704 1838; x_wconf 86' lang='lat' dir='ltr'><strong>divisio,</strong></span> 
     </span>
    </p>
   </div>
   <div class='ocr_carea' id='block_1_85' title="bbox 917 1850 1706 1886">
    <p class='ocr_par' dir='ltr' id='par_1_85' title="bbox 917 1850 1706 1886">
     <span class='ocr_line' id='line_1_85' title="bbox 917 1850 1706 1886; baseline 0.001 -10"><span class='ocrx_word' id='word_1_611' title='bbox 917 1850 1068 1878; x_wconf 87' lang='lat' dir='ltr'><strong>secundum</strong></span> <span class='ocrx_word' id='word_1_612' title='bbox 1075 1858 1156 1885; x_wconf 85' lang='lat' dir='ltr'><strong>quam</strong></span> <span class='ocrx_word' id='word_1_613' title='bbox 1167 1853 1282 1878; x_wconf 83' lang='lat' dir='ltr'><strong>mundus</strong></span> <span class='ocrx_word' id='word_1_614' title='bbox 1288 1850 1413 1878; x_wconf 85' lang='lat' dir='ltr'><strong>subsistit</strong></span> <span class='ocrx_word' id='word_1_615' title='bbox 1423 1859 1430 1884; x_wconf 82' lang='lat'><strong>;</strong></span> <span class='ocrx_word' id='word_1_616' title='bbox 1439 1852 1617 1886; x_wconf 75' lang='lat' dir='ltr'><strong>Anaxagoras</strong></span> <span class='ocrx_word' id='word_1_617' title='bbox 1629 1857 1706 1884; x_wconf 85' lang='lat' dir='ltr'><strong>vero,</strong></span> 
     </span>
    </p>
   </div>
   <div class='ocr_carea' id='block_1_86' title="bbox 920 1896 1705 1932">
    <p class='ocr_par' dir='ltr' id='par_1_86' title="bbox 920 1896 1705 1932">
     <span class='ocr_line' id='line_1_86' title="bbox 920 1896 1705 1932; baseline -0.003 -7"><span class='ocrx_word' id='word_1_618' title='bbox 920 1897 1017 1925; x_wconf 77' lang='lat' dir='ltr'><strong>Omnia</strong></span> <span class='ocrx_word' id='word_1_619' title='bbox 1037 1896 1117 1924; x_wconf 74' lang='lat' dir='ltr'><strong>simul</strong></span> <span class='ocrx_word' id='word_1_620' title='bbox 1129 1902 1221 1930; x_wconf 82' lang='lat' dir='ltr'><strong>erant,</strong></span> <span class='ocrx_word' id='word_1_621' title='bbox 1233 1898 1335 1925; x_wconf 81' lang='lat' dir='ltr'><strong>aiebat.</strong></span> <span class='ocrx_word' id='word_1_622' title='bbox 1345 1897 1390 1924; x_wconf 88' lang='lat' dir='ltr'><strong>Ait</strong></span> <span class='ocrx_word' id='word_1_623' title='bbox 1406 1897 1508 1932; x_wconf 87' lang='lat' dir='ltr'><strong>itaque,</strong></span> <span class='ocrx_word' id='word_1_624' title='bbox 1524 1904 1571 1932; x_wconf 86' lang='lat' dir='ltr'><strong>per</strong></span> <span class='ocrx_word' id='word_1_625' title='bbox 1583 1904 1613 1924; x_wconf 90' lang='lat' dir='ltr'><strong>se</strong></span> <span class='ocrx_word' id='word_1_626' title='bbox 1624 1897 1705 1932; x_wconf 79' lang='lat' dir='ltr'><strong>quid-</strong></span> 
     </span>
    </p>
   </div>
   <div class='ocr_carea' id='block_1_87' title="bbox 917 1942 1703 1977">
    <p class='ocr_par' dir='ltr' id='par_1_87' title="bbox 917 1942 1703 1977">
     <span class='ocr_line' id='line_1_87' title="bbox 917 1942 1703 1977; baseline -0.001 -8"><span class='ocrx_word' id='word_1_627' title='bbox 917 1942 984 1970; x_wconf 87' lang='lat' dir='ltr'><strong>libet</strong></span> <span class='ocrx_word' id='word_1_628' title='bbox 1001 1943 1164 1977; x_wconf 86' lang='lat' dir='ltr'><strong>subsistere,</strong></span> <span class='ocrx_word' id='word_1_629' title='bbox 1178 1947 1206 1970; x_wconf 93' lang='lat' dir='ltr'><strong>et</strong></span> <span class='ocrx_word' id='word_1_630' title='bbox 1226 1943 1320 1971; x_wconf 88' lang='lat' dir='ltr'><strong>omnia</strong></span> <span class='ocrx_word' id='word_1_631' title='bbox 1335 1943 1463 1970; x_wconf 86' lang='lat' dir='ltr'><strong>omnibus</strong></span> <span class='ocrx_word' id='word_1_632' title='bbox 1490 1943 1703 1974; x_wconf 88' lang='lat' dir='ltr'><strong>communicare,</strong></span> 
     </span>
    </p>
   </div>
   <div class='ocr_carea' id='block_1_88' title="bbox 917 1988 1702 2024">
    <p class='ocr_par' dir='ltr' id='par_1_88' title="bbox 917 1988 1702 2024">
     <span class='ocr_line' id='line_1_88' title="bbox 917 1988 1702 2024; baseline -0.004 -7"><span class='ocrx_word' id='word_1_633' title='bbox 917 1996 1006 2023; x_wconf 87' lang='lat' dir='ltr'><strong>neque</strong></span> <span class='ocrx_word' id='word_1_634' title='bbox 1018 1997 1033 2017; x_wconf 90' lang='lat' dir='ltr'><strong>a</strong></span> <span class='ocrx_word' id='word_1_635' title='bbox 1049 1990 1160 2024; x_wconf 89' lang='lat' dir='ltr'><strong>propria</strong></span> <span class='ocrx_word' id='word_1_636' title='bbox 1180 1991 1321 2018; x_wconf 87' lang='lat' dir='ltr'><strong>mansione</strong></span> <span class='ocrx_word' id='word_1_637' title='bbox 1345 1990 1507 2020; x_wconf 83' lang='lat' dir='ltr'><strong>desciscere,</strong></span> <span class='ocrx_word' id='word_1_638' title='bbox 1519 1994 1546 2016; x_wconf 91' lang='lat' dir='ltr'><strong>et</strong></span> <span class='ocrx_word' id='word_1_639' title='bbox 1558 1988 1599 2015; x_wconf 90' lang='lat' dir='ltr'><strong>sic</strong></span> <span class='ocrx_word' id='word_1_640' title='bbox 1611 1989 1702 2022; x_wconf 68' lang='lat' dir='ltr'><strong>sphae-</strong></span> 
     </span>
    </p>
   </div>
   <div class='ocr_carea' id='block_1_89' title="bbox 917 2035 1705 2064">
    <p class='ocr_par' dir='ltr' id='par_1_89' title="bbox 917 2035 1705 2064">
     <span class='ocr_line' id='line_1_89' title="bbox 917 2035 1705 2064; baseline -0.005 0"><span class='ocrx_word' id='word_1_641' title='bbox 917 2043 975 2063; x_wconf 86' lang='lat' dir='ltr'><strong>ram</strong></span> <span class='ocrx_word' id='word_1_642' title='bbox 993 2037 1115 2064; x_wconf 80' lang='lat' dir='ltr'><strong>existere</strong></span> <span class='ocrx_word' id='word_1_643' title='bbox 1129 2045 1136 2063; x_wconf 88' lang='lat'><strong>:</strong></span> <span class='ocrx_word' id='word_1_644' title='bbox 1148 2044 1202 2064; x_wconf 90' lang='lat' dir='ltr'><strong>non</strong></span> <span class='ocrx_word' id='word_1_645' title='bbox 1223 2040 1314 2063; x_wconf 88' lang='lat' dir='ltr'><strong>tamen</strong></span> <span class='ocrx_word' id='word_1_646' title='bbox 1337 2035 1438 2063; x_wconf 82' lang='lat' dir='ltr'><strong>realem</strong></span> <span class='ocrx_word' id='word_1_647' title='bbox 1456 2035 1526 2061; x_wconf 91' lang='lat' dir='ltr'><strong>inter</strong></span> <span class='ocrx_word' id='word_1_648' title='bbox 1537 2042 1567 2062; x_wconf 89' lang='lat' dir='ltr'><strong>se</strong></span> <span class='ocrx_word' id='word_1_649' title='bbox 1584 2042 1705 2062; x_wconf 71' lang='lat' dir='ltr'><strong>commu-</strong></span> 
     </span>
    </p>
   </div>
   <div class='ocr_carea' id='block_1_90' title="bbox 917 2080 1701 2115">
    <p class='ocr_par' dir='ltr' id='par_1_90' title="bbox 917 2080 1701 2115">
     <span class='ocr_line' id='line_1_90' title="bbox 917 2080 1701 2115; baseline -0.001 -6"><span class='ocrx_word' id='word_1_650' title='bbox 917 2083 1026 2109; x_wconf 91' lang='lat' dir='ltr'><strong>nionem</strong></span> <span class='ocrx_word' id='word_1_651' title='bbox 1047 2082 1161 2115; x_wconf 88' lang='lat' dir='ltr'><strong>habent,</strong></span> <span class='ocrx_word' id='word_1_652' title='bbox 1179 2083 1215 2109; x_wconf 85' lang='lat' dir='ltr'><strong>ita</strong></span> <span class='ocrx_word' id='word_1_653' title='bbox 1231 2087 1260 2109; x_wconf 93' lang='lat' dir='ltr'><strong>ut</strong></span> <span class='ocrx_word' id='word_1_654' title='bbox 1277 2081 1353 2110; x_wconf 84' lang='lat' dir='ltr'><strong>verbi</strong></span> <span class='ocrx_word' id='word_1_655' title='bbox 1368 2081 1457 2115; x_wconf 81' lang='lat' dir='ltr'><strong>gratia</strong></span> <span class='ocrx_word' id='word_1_656' title='bbox 1476 2081 1559 2107; x_wconf 89' lang='lat' dir='ltr'><strong>etiam</strong></span> <span class='ocrx_word' id='word_1_657' title='bbox 1580 2080 1606 2107; x_wconf 90' lang='lat' dir='ltr'><strong>in</strong></span> <span class='ocrx_word' id='word_1_658' title='bbox 1619 2087 1701 2114; x_wconf 83' lang='lat' dir='ltr'><strong>pane,</strong></span> 
     </span>
    </p>
   </div>
   <div class='ocr_carea' id='block_1_91' title="bbox 917 2126 1704 2163">
    <p class='ocr_par' dir='ltr' id='par_1_91' title="bbox 917 2126 1704 2163">
     <span class='ocr_line' id='line_1_91' title="bbox 917 2126 1704 2163; baseline -0.004 -8"><span class='ocrx_word' id='word_1_659' title='bbox 917 2136 1025 2160; x_wconf 86' lang='lat' dir='ltr'><strong>aurum,</strong></span> <span class='ocrx_word' id='word_1_660' title='bbox 1042 2132 1069 2155; x_wconf 90' lang='lat' dir='ltr'><strong>et</strong></span> <span class='ocrx_word' id='word_1_661' title='bbox 1089 2128 1202 2163; x_wconf 84' lang='lat' dir='ltr'><strong>lignum,</strong></span> <span class='ocrx_word' id='word_1_662' title='bbox 1225 2133 1254 2156; x_wconf 89' lang='lat' dir='ltr'><strong>et</strong></span> <span class='ocrx_word' id='word_1_663' title='bbox 1272 2127 1376 2155; x_wconf 77' lang='lat' dir='ltr'><strong>ferrum</strong></span> <span class='ocrx_word' id='word_1_664' title='bbox 1401 2126 1457 2154; x_wconf 88' lang='lat' dir='ltr'><strong>sint</strong></span> <span class='ocrx_word' id='word_1_665' title='bbox 1472 2127 1556 2154; x_wconf 83' lang='lat' dir='ltr'><strong>atomi</strong></span> <span class='ocrx_word' id='word_1_666' title='bbox 1579 2126 1704 2161; x_wconf 84' lang='lat' dir='ltr'><strong>quidam,</strong></span> 
     </span>
    </p>
   </div>
   <div class='ocr_carea' id='block_1_92' title="bbox 915 2172 1702 2210">
    <p class='ocr_par' dir='ltr' id='par_1_92' title="bbox 915 2172 1702 2210">
     <span class='ocr_line' id='line_1_92' title="bbox 915 2172 1702 2210; baseline -0.005 -8"><span class='ocrx_word' id='word_1_667' title='bbox 915 2176 961 2209; x_wconf 90' lang='lat' dir='ltr'><strong>qui</strong></span> <span class='ocrx_word' id='word_1_668' title='bbox 971 2179 1083 2210; x_wconf 91' lang='lat' dir='ltr'><strong>propter</strong></span> <span class='ocrx_word' id='word_1_669' title='bbox 1095 2174 1262 2209; x_wconf 86' lang='lat' dir='ltr'><strong>parvitatem</strong></span> <span class='ocrx_word' id='word_1_670' title='bbox 1278 2173 1392 2201; x_wconf 86' lang='lat' dir='ltr'><strong>minime</strong></span> <span class='ocrx_word' id='word_1_671' title='bbox 1402 2174 1559 2205; x_wconf 81' lang='lat' dir='ltr'><strong>videantur,</strong></span> <span class='ocrx_word' id='word_1_672' title='bbox 1575 2173 1613 2199; x_wconf 92' lang='lat' dir='ltr'><strong>uti</strong></span> <span class='ocrx_word' id='word_1_673' title='bbox 1626 2172 1702 2199; x_wconf 81' lang='lat' dir='ltr'><strong>Ana-</strong></span> 
     </span>
    </p>
   </div>
   <div class='ocr_carea' id='block_1_93' title="bbox 81 2215 873 2256">
    <p class='ocr_par' dir='ltr' id='par_1_93' title="bbox 81 2215 866 2256">
     <span class='ocr_line' id='line_1_93' title="bbox 81 2215 866 2256; baseline 0.009 -16"><span class='ocrx_word' id='word_1_674' title='bbox 81 2222 127 2240; x_wconf 80' lang='grc' dir='ltr'><strong>του</strong></span> <span class='ocrx_word' id='word_1_675' title='bbox 146 2215 206 2241; x_wconf 82' lang='grc' dir='ltr'>είσί.</span> <span class='ocrx_word' id='word_1_676' title='bbox 219 2215 297 2242; x_wconf 85' lang='grc' dir='ltr'><strong>Νοῶν</strong></span> <span class='ocrx_word' id='word_1_677' title='bbox 312 2215 377 2250; x_wconf 82' lang='grc' dir='ltr'>γοῦν</span> <span class='ocrx_word' id='word_1_678' title='bbox 397 2217 492 2249; x_wconf 85' lang='grc' dir='ltr'>στάσις</span> <span class='ocrx_word' id='word_1_679' title='bbox 511 2218 570 2244; x_wconf 76' lang='grc' dir='ltr'>ἐστὶ</span> <span class='ocrx_word' id='word_1_680' title='bbox 580 2218 611 2244; x_wconf 82' lang='grc' dir='ltr'>τὸ</span> <span class='ocrx_word' id='word_1_681' title='bbox 622 2218 744 2254; x_wconf 79' lang='grc' dir='ltr'>ἱδρῦσθαι</span> <span class='ocrx_word' id='word_1_682' title='bbox 753 2222 786 2256; x_wconf 80' lang='grc' dir='ltr'>τῇ</span> <span class='ocrx_word' id='word_1_683' title='bbox 797 2221 866 2256; x_wconf 82' lang='grc' dir='ltr'>πρὸς</span> 
     </span>
    </p>
   </div>
   <div class='ocr_carea' id='block_1_94' title="bbox 924 2215 1702 2256">
    <p class='ocr_par' dir='ltr' id='par_1_94' title="bbox 924 2219 1702 2256">
     <span class='ocr_line' id='line_1_94' title="bbox 924 2219 1702 2256; baseline -0.003 -9"><span class='ocrx_word' id='word_1_684' title='bbox 924 2228 1025 2256; x_wconf 74' lang='lat' dir='ltr'><strong>ragora:</strong></span> <span class='ocrx_word' id='word_1_685' title='bbox 1036 2220 1148 2255; x_wconf 87' lang='lat' dir='ltr'><strong>placuit,</strong></span> <span class='ocrx_word' id='word_1_686' title='bbox 1163 2221 1209 2255; x_wconf 92' lang='lat' dir='ltr'><strong>qui</strong></span> <span class='ocrx_word' id='word_1_687' title='bbox 1232 2221 1435 2254; x_wconf 76' lang='lat' dir='ltr'><strong>generationem</strong></span> <span class='ocrx_word' id='word_1_688' title='bbox 1458 2219 1618 2246; x_wconf 85' lang='lat' dir='ltr'><strong>divisionem</strong></span> <span class='ocrx_word' id='word_1_689' title='bbox 1632 2225 1702 2245; x_wconf 89' lang='lat' dir='ltr'><strong>nun-</strong></span> 
     </span>
    </p>
   </div>
   <div class='ocr_carea' id='block_1_95' title="bbox 81 2260 862 2295">
    <p class='ocr_par' dir='ltr' id='par_1_95' title="bbox 81 2260 862 2295">
     <span class='ocr_line' id='line_1_95' title="bbox 81 2260 862 2295; baseline 0.01 -9"><span class='ocrx_word' id='word_1_690' title='bbox 81 2260 144 2287; x_wconf 80' lang='grc' dir='ltr'>Θεὸν</span> <span class='ocrx_word' id='word_1_691' title='bbox 161 2261 298 2293; x_wconf 78' lang='grc' dir='ltr'>ἀνατάσει,</span> <span class='ocrx_word' id='word_1_692' title='bbox 309 2263 362 2289; x_wconf 78' lang='grc' dir='ltr'>κᾶν</span> <span class='ocrx_word' id='word_1_693' title='bbox 380 2264 585 2290; x_wconf 82' lang='grc' dir='ltr'>ἀποστέλλοιντο</span> <span class='ocrx_word' id='word_1_694' title='bbox 601 2265 649 2291; x_wconf 66' lang='grc' dir='ltr'><strong>καὶ⁷</strong></span> <span class='ocrx_word' id='word_1_695' title='bbox 674 2267 862 2295; x_wconf 75' lang='grc' dir='ltr'>καταδαίνοιεν</span> 
     </span>
    </p>
   </div>
   <div class='ocr_carea' id='block_1_96' title="bbox 80 2306 862 2349">
    <p class='ocr_par' dir='ltr' id='par_1_96' title="bbox 80 2306 862 2349">
     <span class='ocr_line' id='line_1_96' title="bbox 80 2306 862 2349; baseline 0.009 -17"><span class='ocrx_word' id='word_1_696' title='bbox 80 2306 125 2332; x_wconf 63' lang='lat' dir='ltr'><strong>sui</strong></span> <span class='ocrx_word' id='word_1_697' title='bbox 133 2306 165 2333; x_wconf 80' lang='grc' dir='ltr'><strong>τὰ</strong></span> <span class='ocrx_word' id='word_1_698' title='bbox 175 2307 364 2343; x_wconf 78' lang='grc' dir='ltr'>ὑποϐεϐηκότα</span> <span class='ocrx_word' id='word_1_699' title='bbox 382 2311 509 2345; x_wconf 89' lang='grc' dir='ltr'>προνοίας</span> <span class='ocrx_word' id='word_1_700' title='bbox 520 2311 599 2346; x_wconf 84' lang='grc' dir='ltr'>χάριν</span> <span class='ocrx_word' id='word_1_701' title='bbox 615 2311 670 2337; x_wconf 82' lang='grc' dir='ltr'><strong>τῶν</strong></span> <span class='ocrx_word' id='word_1_702' title='bbox 687 2311 862 2349; x_wconf 73' lang='grc' dir='ltr'>ὠφεληθησο-</span> 
     </span>
    </p>
   </div>
   <div class='ocr_carea' id='block_1_97' title="bbox 81 2351 174 2386">
    <p class='ocr_par' dir='ltr' id='par_1_97' title="bbox 81 2351 174 2386">
     <span class='ocr_line' id='line_1_97' title="bbox 81 2351 174 2386; baseline 0 -9"><span class='ocrx_word' id='word_1_703' title='bbox 81 2351 174 2386; x_wconf 83' lang='grc' dir='ltr'>μένων.</span> 
     </span>
    </p>
   </div>
   <div class='ocr_carea' id='block_1_98' title="bbox 916 2267 1701 2302">
    <p class='ocr_par' dir='ltr' id='par_1_98' title="bbox 916 2267 1701 2302">
     <span class='ocr_line' id='line_1_98' title="bbox 916 2267 1701 2302; baseline -0.003 -8"><span class='ocrx_word' id='word_1_704' title='bbox 916 2267 1042 2302; x_wconf 83' lang='lat' dir='ltr'><strong>cupavit;</strong></span> <span class='ocrx_word' id='word_1_705' title='bbox 1054 2271 1245 2295; x_wconf 84' lang='lat' dir='ltr'><strong>verumtamen</strong></span> <span class='ocrx_word' id='word_1_706' title='bbox 1261 2267 1467 2294; x_wconf 88' lang='lat' dir='ltr'><strong>communicant</strong></span> <span class='ocrx_word' id='word_1_707' title='bbox 1485 2267 1586 2293; x_wconf 88' lang='lat' dir='ltr'><strong>virtute</strong></span> <span class='ocrx_word' id='word_1_708' title='bbox 1601 2273 1701 2292; x_wconf 87' lang='lat' dir='ltr'><strong>secun-</strong></span> 
     </span>
    </p>
   </div>
   <div class='ocr_carea' id='block_1_99' title="bbox 915 2310 1699 2348">
    <p class='ocr_par' dir='ltr' id='par_1_99' title="bbox 915 2310 1699 2348">
     <span class='ocr_line' id='line_1_99' title="bbox 915 2310 1699 2348; baseline -0.004 -9"><span class='ocrx_word' id='word_1_709' title='bbox 915 2314 980 2339; x_wconf 88' lang='lat' dir='ltr'><strong>dum</strong></span> <span class='ocrx_word' id='word_1_710' title='bbox 1005 2313 1177 2348; x_wconf 81' lang='lat' dir='ltr'><strong>qualitatem,</strong></span> <span class='ocrx_word' id='word_1_711' title='bbox 1198 2318 1228 2340; x_wconf 95' lang='lat' dir='ltr'><strong>ut</strong></span> <span class='ocrx_word' id='word_1_712' title='bbox 1242 2313 1444 2347; x_wconf 86' lang='lat' dir='ltr'><strong>quodammodo</strong></span> <span class='ocrx_word' id='word_1_713' title='bbox 1468 2312 1521 2339; x_wconf 86' lang='lat' dir='ltr'><strong>dici</strong></span> <span class='ocrx_word' id='word_1_714' title='bbox 1546 2311 1645 2346; x_wconf 84' lang='lat' dir='ltr'><strong>possit,</strong></span> <span class='ocrx_word' id='word_1_715' title='bbox 1671 2310 1699 2337; x_wconf 91' lang='lat' dir='ltr'><strong>id</strong></span> 
     </span>
    </p>
   </div>
   <div class='ocr_carea' id='block_1_100' title="bbox 914 2358 1698 2397">
    <p class='ocr_par' dir='ltr' id='par_1_100' title="bbox 914 2358 1698 2397">
     <span class='ocr_line' id='line_1_100' title="bbox 914 2358 1698 2397; baseline -0.001 -13"><span class='ocrx_word' id='word_1_716' title='bbox 914 2358 1002 2392; x_wconf 89' lang='lat' dir='ltr'><strong>ipsum</strong></span> <span class='ocrx_word' id='word_1_717' title='bbox 1022 2359 1096 2393; x_wconf 89' lang='lat' dir='ltr'><strong>quod</strong></span> <span class='ocrx_word' id='word_1_718' title='bbox 1108 2363 1150 2386; x_wconf 89' lang='lat' dir='ltr'><strong>est</strong></span> <span class='ocrx_word' id='word_1_719' title='bbox 1159 2366 1236 2393; x_wconf 72' lang='lat' dir='ltr'><strong>aqua:</strong></span> <span class='ocrx_word' id='word_1_720' title='bbox 1247 2359 1305 2397; x_wconf 87' lang='lat' dir='ltr'><strong>lieri</strong></span> <span class='ocrx_word' id='word_1_721' title='bbox 1319 2366 1407 2386; x_wconf 79' lang='lat' dir='ltr'><strong>aerem</strong></span> <span class='ocrx_word' id='word_1_722' title='bbox 1423 2363 1450 2385; x_wconf 88' lang='lat' dir='ltr'><strong>et</strong></span> <span class='ocrx_word' id='word_1_723' title='bbox 1462 2358 1561 2392; x_wconf 90' lang='lat' dir='ltr'><strong>ignem,</strong></span> <span class='ocrx_word' id='word_1_724' title='bbox 1581 2361 1608 2384; x_wconf 85' lang='lat' dir='ltr'><strong>et</strong></span> <span class='ocrx_word' id='word_1_725' title='bbox 1619 2361 1698 2384; x_wconf 87' lang='lat' dir='ltr'><strong>ater-</strong></span> 
     </span>
    </p>
   </div>
   <div class='ocr_carea' id='block_1_101' title="bbox 83 2401 1695 2438">
    <p class='ocr_par' dir='ltr' id='par_1_101' title="bbox 83 2401 1695 2438">
     <span class='ocr_line' id='line_1_101' title="bbox 83 2401 1695 2438; baseline -0.002 -6"><span class='ocrx_word' id='word_1_726' title='bbox 83 2405 111 2424; x_wconf 67' lang='grc' dir='ltr'><strong><em>η</em></strong></span> <span class='ocrx_word' id='word_1_727' title='bbox 127 2406 232 2432; x_wconf 65' lang='lat' dir='ltr'><strong>aquam.</strong></span> <span class='ocrx_word' id='word_1_728' title='bbox 246 2404 272 2427; x_wconf 86' lang='lat' dir='ltr'><strong>et</strong></span> <span class='ocrx_word' id='word_1_729' title='bbox 293 2408 307 2427; x_wconf 91' lang='lat' dir='ltr'><strong>a</strong></span> <span class='ocrx_word' id='word_1_730' title='bbox 328 2401 397 2429; x_wconf 91' lang='lat' dir='ltr'><strong>cibis</strong></span> <span class='ocrx_word' id='word_1_731' title='bbox 410 2409 519 2435; x_wconf 72' lang='lat' dir='ltr'><strong>carnes,</strong></span> <span class='ocrx_word' id='word_1_732' title='bbox 547 2407 575 2431; x_wconf 87' lang='lat' dir='ltr'><strong>et</strong></span> <span class='ocrx_word' id='word_1_733' title='bbox 600 2408 714 2437; x_wconf 68' lang='lat' dir='ltr'><strong>caetera;</strong></span> <span class='ocrx_word' id='word_1_734' title='bbox 743 2405 780 2432; x_wconf 92' lang='lat' dir='ltr'><strong>ita</strong></span> <span class='ocrx_word' id='word_1_735' title='bbox 792 2410 823 2433; x_wconf 89' lang='lat' dir='ltr'><strong>ut</strong></span> <span class='ocrx_word' id='word_1_736' title='bbox 841 2405 962 2433; x_wconf 90' lang='lat' dir='ltr'><strong>amicitia</strong></span> <span class='ocrx_word' id='word_1_737' title='bbox 981 2406 1016 2432; x_wconf 90' lang='lat' dir='ltr'><strong>sit</strong></span> <span class='ocrx_word' id='word_1_738' title='bbox 1044 2405 1207 2438; x_wconf 80' lang='lat' dir='ltr'><strong>ineonfusa,</strong></span> <span class='ocrx_word' id='word_1_739' title='bbox 1236 2411 1263 2433; x_wconf 91' lang='lat' dir='ltr'><strong>et</strong></span> <span class='ocrx_word' id='word_1_740' title='bbox 1305 2404 1461 2438; x_wconf 81' lang='lat' dir='ltr'><strong>complexus</strong></span> <span class='ocrx_word' id='word_1_741' title='bbox 1488 2402 1695 2430; x_wconf 83' lang='lat' dir='ltr'><strong>indissolubilis.</strong></span> 
     </span>
    </p>
   </div>
   <div class='ocr_carea' id='block_1_102' title="bbox 79 2445 1698 2487">
    <p class='ocr_par' dir='ltr' id='par_1_102' title="bbox 79 2445 1698 2487">
     <span class='ocr_line' id='line_1_102' title="bbox 79 2445 1698 2487; baseline 0.002 -15"><span class='ocrx_word' id='word_1_742' title='bbox 79 2445 260 2473; x_wconf 79' lang='lat' dir='ltr'><strong>lndeticientes</strong></span> <span class='ocrx_word' id='word_1_743' title='bbox 286 2452 376 2474; x_wconf 82' lang='lat' dir='ltr'><strong>autent</strong></span> <span class='ocrx_word' id='word_1_744' title='bbox 401 2449 438 2475; x_wconf 87' lang='lat' dir='ltr'><strong>ait</strong></span> <span class='ocrx_word' id='word_1_745' title='bbox 464 2456 524 2477; x_wconf 86' lang='lat' dir='ltr'><strong>esse</strong></span> <span class='ocrx_word' id='word_1_746' title='bbox 553 2451 741 2479; x_wconf 84' lang='lat' dir='ltr'><strong>successiones</strong></span> <span class='ocrx_word' id='word_1_747' title='bbox 762 2458 856 2479; x_wconf 87' lang='lat' dir='ltr'><strong>eorum</strong></span> <span class='ocrx_word' id='word_1_748' title='bbox 886 2460 948 2487; x_wconf 63' lang='lat' dir='ltr'><strong>qua;</strong></span> <span class='ocrx_word' id='word_1_749' title='bbox 972 2453 1059 2480; x_wconf 87' lang='lat' dir='ltr'><strong>llunt:</strong></span> <span class='ocrx_word' id='word_1_750' title='bbox 1090 2451 1179 2487; x_wconf 78' lang='lat' dir='ltr'><strong>Usque</strong></span> <span class='ocrx_word' id='word_1_751' title='bbox 1192 2453 1264 2479; x_wconf 88' lang='lat' dir='ltr'><strong>enim</strong></span> <span class='ocrx_word' id='word_1_752' title='bbox 1281 2451 1359 2478; x_wconf 82' lang='lat' dir='ltr'><strong>modo</strong></span> <span class='ocrx_word' id='word_1_753' title='bbox 1372 2455 1528 2486; x_wconf 77' lang='lat' dir='ltr'><strong>operatur&#39;.</strong></span> <span class='ocrx_word' id='word_1_754' title='bbox 1544 2449 1698 2476; x_wconf 83' lang='lat' dir='ltr'><strong>EtAristo-</strong></span> 
     </span>
    </p>
   </div>
   <div class='ocr_carea' id='block_1_103' title="bbox 81 2491 1698 2533">
    <p class='ocr_par' dir='ltr' id='par_1_103' title="bbox 81 2491 1698 2533">
     <span class='ocr_line' id='line_1_103' title="bbox 81 2491 1698 2533; baseline 0.001 -15"><span class='ocrx_word' id='word_1_755' title='bbox 81 2491 144 2518; x_wconf 85' lang='lat' dir='ltr'><strong>teles</strong></span> <span class='ocrx_word' id='word_1_756' title='bbox 158 2491 222 2517; x_wconf 92' lang='lat' dir='ltr'><strong>illud</strong></span> <span class='ocrx_word' id='word_1_757' title='bbox 242 2492 352 2519; x_wconf 90' lang='lat' dir='ltr'><strong>dubium</strong></span> <span class='ocrx_word' id='word_1_758' title='bbox 367 2494 447 2521; x_wconf 85' lang='lat' dir='ltr'><strong>aliter</strong></span> <span class='ocrx_word' id='word_1_759' title='bbox 460 2495 557 2528; x_wconf 87' lang='lat' dir='ltr'><strong>solvit,</strong></span> <span class='ocrx_word' id='word_1_760' title='bbox 575 2497 636 2524; x_wconf 89' lang='lat' dir='ltr'><strong>dum</strong></span> <span class='ocrx_word' id='word_1_761' title='bbox 651 2497 700 2530; x_wconf 87' lang='lat' dir='ltr'><strong>ait,</strong></span> <span class='ocrx_word' id='word_1_762' title='bbox 731 2498 824 2524; x_wconf 84' lang='lat' dir='ltr'><strong>omnia</strong></span> <span class='ocrx_word' id='word_1_763' title='bbox 850 2499 884 2526; x_wconf 87' lang='lat' dir='ltr'><strong>ab</strong></span> <span class='ocrx_word' id='word_1_764' title='bbox 916 2499 1033 2527; x_wconf 90' lang='lat' dir='ltr'><strong>invicem</strong></span> <span class='ocrx_word' id='word_1_765' title='bbox 1045 2499 1126 2532; x_wconf 87' lang='lat' dir='ltr'><strong>oriri,</strong></span> <span class='ocrx_word' id='word_1_766' title='bbox 1141 2503 1168 2526; x_wconf 90' lang='lat' dir='ltr'><strong>et</strong></span> <span class='ocrx_word' id='word_1_767' title='bbox 1184 2499 1264 2533; x_wconf 82' lang='lat' dir='ltr'><strong>hujus</strong></span> <span class='ocrx_word' id='word_1_768' title='bbox 1276 2497 1479 2531; x_wconf 88' lang='lat' dir='ltr'><strong>corruptionent</strong></span> <span class='ocrx_word' id='word_1_769' title='bbox 1499 2495 1614 2522; x_wconf 88' lang='lat' dir='ltr'><strong>alterius</strong></span> <span class='ocrx_word' id='word_1_770' title='bbox 1636 2500 1698 2520; x_wconf 71' lang='lat' dir='ltr'><strong>csso</strong></span> 
     </span>
    </p>
   </div>
   <div class='ocr_carea' id='block_1_104' title="bbox 80 2538 1697 2582">
    <p class='ocr_par' dir='ltr' id='par_1_104' title="bbox 80 2538 1697 2582">
     <span class='ocr_line' id='line_1_104' title="bbox 80 2538 1697 2582; baseline 0.002 -19"><span class='ocrx_word' id='word_1_771' title='bbox 80 2538 288 2571; x_wconf 76' lang='lat' dir='ltr'><strong>generationem,</strong></span> <span class='ocrx_word' id='word_1_772' title='bbox 300 2544 327 2566; x_wconf 85' lang='lat' dir='ltr'><strong>et</strong></span> <span class='ocrx_word' id='word_1_773' title='bbox 344 2541 456 2569; x_wconf 85' lang='lat' dir='ltr'><strong>alterius</strong></span> <span class='ocrx_word' id='word_1_774' title='bbox 467 2546 670 2579; x_wconf 88' lang='lat' dir='ltr'><strong>corruptionem</strong></span> <span class='ocrx_word' id='word_1_775' title='bbox 692 2546 772 2580; x_wconf 79' lang='lat' dir='ltr'><strong>huius</strong></span> <span class='ocrx_word' id='word_1_776' title='bbox 790 2554 852 2575; x_wconf 81' lang='lat' dir='ltr'><strong>esse</strong></span> <span class='ocrx_word' id='word_1_777' title='bbox 868 2548 1084 2582; x_wconf 79' lang='lat' dir='ltr'><strong>generationem,</strong></span> <span class='ocrx_word' id='word_1_778' title='bbox 1110 2551 1137 2574; x_wconf 92' lang='lat' dir='ltr'><strong>et</strong></span> <span class='ocrx_word' id='word_1_779' title='bbox 1151 2547 1191 2574; x_wconf 88' lang='lat' dir='ltr'><strong>sic</strong></span> <span class='ocrx_word' id='word_1_780' title='bbox 1204 2545 1345 2580; x_wconf 80' lang='lat' dir='ltr'><strong>subjungit</strong></span> <span class='ocrx_word' id='word_1_781' title='bbox 1371 2544 1516 2576; x_wconf 88' lang='lat' dir='ltr'><strong>rationem,</strong></span> <span class='ocrx_word' id='word_1_782' title='bbox 1535 2550 1569 2569; x_wconf 93' lang='lat' dir='ltr'><strong>ne</strong></span> <span class='ocrx_word' id='word_1_783' title='bbox 1593 2541 1697 2568; x_wconf 87' lang='lat' dir='ltr'><strong>scilicet</strong></span> 
     </span>
    </p>
   </div>
   <div class='ocr_carea' id='block_1_105' title="bbox 81 2583 1695 2627">
    <p class='ocr_par' dir='ltr' id='par_1_105' title="bbox 81 2583 1695 2627">
     <span class='ocr_line' id='line_1_105' title="bbox 81 2583 1695 2627; baseline 0.002 -18"><span class='ocrx_word' id='word_1_784' title='bbox 81 2583 180 2610; x_wconf 81' lang='lat' dir='ltr'><strong>deﬁciat</strong></span> <span class='ocrx_word' id='word_1_785' title='bbox 194 2586 345 2619; x_wconf 85' lang='lat' dir='ltr'><strong>generatio.</strong></span> <span class='ocrx_word' id='word_1_786' title='bbox 355 2587 421 2614; x_wconf 85' lang='lat' dir='ltr'><strong>Cum</strong></span> <span class='ocrx_word' id='word_1_787' title='bbox 444 2594 535 2616; x_wconf 88' lang='lat' dir='ltr'><strong>autem</strong></span> <span class='ocrx_word' id='word_1_788' title='bbox 550 2595 637 2618; x_wconf 86' lang='lat' dir='ltr'><strong>status</strong></span> <span class='ocrx_word' id='word_1_789' title='bbox 650 2593 686 2619; x_wconf 90' lang='lat' dir='ltr'><strong>sit</strong></span> <span class='ocrx_word' id='word_1_790' title='bbox 707 2598 735 2620; x_wconf 92' lang='lat' dir='ltr'><strong>et</strong></span> <span class='ocrx_word' id='word_1_791' title='bbox 759 2598 847 2621; x_wconf 91' lang='lat' dir='ltr'><strong>motus</strong></span> <span class='ocrx_word' id='word_1_792' title='bbox 862 2594 983 2621; x_wconf 86' lang='lat' dir='ltr'><strong>omnium</strong></span> <span class='ocrx_word' id='word_1_793' title='bbox 995 2593 1079 2625; x_wconf 79' lang='lat' dir='ltr'><strong>Deus.</strong></span> <span class='ocrx_word' id='word_1_794' title='bbox 1092 2600 1174 2627; x_wconf 90' lang='lat' dir='ltr'><strong>supra</strong></span> <span class='ocrx_word' id='word_1_795' title='bbox 1186 2593 1331 2619; x_wconf 86' lang='lat' dir='ltr'><strong>stationem</strong></span> <span class='ocrx_word' id='word_1_796' title='bbox 1357 2594 1385 2617; x_wconf 89' lang='lat' dir='ltr'><strong>ct</strong></span> <span class='ocrx_word' id='word_1_797' title='bbox 1409 2589 1558 2616; x_wconf 90' lang='lat' dir='ltr'><strong>motionem</strong></span> <span class='ocrx_word' id='word_1_798' title='bbox 1576 2585 1695 2620; x_wconf 79' lang='lat' dir='ltr'><strong>exsistit,</strong></span> 
     </span>
    </p>
   </div>
   <div class='ocr_carea' id='block_1_106' title="bbox 81 2632 1690 2673">
    <p class='ocr_par' dir='ltr' id='par_1_106' title="bbox 81 2632 1690 2673">
     <span class='ocr_line' id='line_1_106' title="bbox 81 2632 1690 2673; baseline 0.001 -17"><span class='ocrx_word' id='word_1_799' title='bbox 81 2634 202 2663; x_wconf 87' lang='lat' dir='ltr'><strong>tanquam</strong></span> <span class='ocrx_word' id='word_1_800' title='bbox 217 2638 274 2658; x_wconf 92' lang='lat' dir='ltr'><strong>rem</strong></span> <span class='ocrx_word' id='word_1_801' title='bbox 290 2632 439 2667; x_wconf 84' lang='lat' dir='ltr'><strong>quamlibet</strong></span> <span class='ocrx_word' id='word_1_802' title='bbox 453 2635 480 2661; x_wconf 94' lang='lat' dir='ltr'><strong>in</strong></span> <span class='ocrx_word' id='word_1_803' title='bbox 491 2637 599 2670; x_wconf 86' lang='lat' dir='ltr'><strong>propria</strong></span> <span class='ocrx_word' id='word_1_804' title='bbox 611 2637 717 2665; x_wconf 89' lang='lat' dir='ltr'><strong>ratione</strong></span> <span class='ocrx_word' id='word_1_805' title='bbox 738 2638 860 2670; x_wconf 83' lang='lat' dir='ltr'><strong>ﬁrmans,</strong></span> <span class='ocrx_word' id='word_1_806' title='bbox 880 2644 907 2666; x_wconf 89' lang='lat' dir='ltr'><strong>et</strong></span> <span class='ocrx_word' id='word_1_807' title='bbox 924 2645 1036 2665; x_wconf 88' lang='lat' dir='ltr'><strong>movens</strong></span> <span class='ocrx_word' id='word_1_808' title='bbox 1055 2639 1089 2666; x_wconf 87' lang='lat' dir='ltr'><strong>ad</strong></span> <span class='ocrx_word' id='word_1_809' title='bbox 1125 2639 1265 2673; x_wconf 87' lang='lat' dir='ltr'><strong>propriam</strong></span> <span class='ocrx_word' id='word_1_810' title='bbox 1285 2637 1450 2667; x_wconf 86' lang='lat' dir='ltr'><strong>motionem;</strong></span> <span class='ocrx_word' id='word_1_811' title='bbox 1490 2633 1593 2661; x_wconf 91' lang='lat' dir='ltr'><strong>i&#39;dcirco</strong></span> <span class='ocrx_word' id='word_1_812' title='bbox 1613 2632 1690 2664; x_wconf 85' lang='lat' dir='ltr'><strong>dicit,</strong></span> 
     </span>
    </p>
   </div>
   <div class='ocr_carea' id='block_1_107' title="bbox 80 2678 1690 2718">
    <p class='ocr_par' dir='ltr' id='par_1_107' title="bbox 80 2678 1690 2718">
     <span class='ocr_line' id='line_1_107' title="bbox 80 2678 1690 2718; baseline 0.001 -16"><span class='ocrx_word' id='word_1_813' title='bbox 80 2683 166 2703; x_wconf 86' lang='lat' dir='ltr'><strong>omnes</strong></span> <span class='ocrx_word' id='word_1_814' title='bbox 185 2678 319 2706; x_wconf 85' lang='lat' dir='ltr'><strong>stationes</strong></span> <span class='ocrx_word' id='word_1_815' title='bbox 337 2687 370 2706; x_wconf 87' lang='lat' dir='ltr'><strong>ac</strong></span> <span class='ocrx_word' id='word_1_816' title='bbox 383 2681 528 2715; x_wconf 87' lang='lat' dir='ltr'><strong>motiones,</strong></span> <span class='ocrx_word' id='word_1_817' title='bbox 549 2683 608 2710; x_wconf 90' lang='lat' dir='ltr'><strong>sive</strong></span> <span class='ocrx_word' id='word_1_818' title='bbox 629 2684 788 2718; x_wconf 85' lang='lat' dir='ltr'><strong>angelorum</strong></span> <span class='ocrx_word' id='word_1_819' title='bbox 818 2685 906 2717; x_wconf 88' lang='lat' dir='ltr'><strong>dicas,</strong></span> <span class='ocrx_word' id='word_1_820' title='bbox 933 2686 992 2712; x_wconf 84' lang='lat' dir='ltr'><strong>sive</strong></span> <span class='ocrx_word' id='word_1_821' title='bbox 1006 2687 1171 2716; x_wconf 86' lang='lat' dir='ltr'><strong>animarum,</strong></span> <span class='ocrx_word' id='word_1_822' title='bbox 1201 2684 1259 2711; x_wconf 88' lang='lat' dir='ltr'><strong>sive</strong></span> <span class='ocrx_word' id='word_1_823' title='bbox 1292 2689 1449 2717; x_wconf 89' lang='lat' dir='ltr'><strong>corporum,</strong></span> <span class='ocrx_word' id='word_1_824' title='bbox 1480 2688 1515 2710; x_wconf 74' lang='lat' dir='ltr'><strong>ex</strong></span> <span class='ocrx_word' id='word_1_825' title='bbox 1536 2680 1594 2714; x_wconf 89' lang='lat' dir='ltr'><strong>ipso</strong></span> <span class='ocrx_word' id='word_1_826' title='bbox 1616 2682 1690 2705; x_wconf 85' lang='lat' dir='ltr'><strong>sunt.</strong></span> 
     </span>
    </p>
   </div>
   <div class='ocr_carea' id='block_1_108' title="bbox 80 2722 1693 2765">
    <p class='ocr_par' dir='ltr' id='par_1_108' title="bbox 80 2722 1693 2765">
     <span class='ocr_line' id='line_1_108' title="bbox 80 2722 1693 2765; baseline 0.002 -16"><span class='ocrx_word' id='word_1_827' title='bbox 80 2722 201 2751; x_wconf 83' lang='lat' dir='ltr'><strong>Mentium</strong></span> <span class='ocrx_word' id='word_1_828' title='bbox 227 2725 310 2759; x_wconf 81' lang='lat' dir='ltr'><strong>igitur</strong></span> <span class='ocrx_word' id='word_1_829' title='bbox 333 2726 417 2754; x_wconf 87' lang='lat' dir='ltr'><strong>statio</strong></span> <span class='ocrx_word' id='word_1_830' title='bbox 438 2732 497 2760; x_wconf 88' lang='lat' dir='ltr'><strong>est,</strong></span> <span class='ocrx_word' id='word_1_831' title='bbox 528 2729 629 2756; x_wconf 89' lang='lat' dir='ltr'><strong>lirmari</strong></span> <span class='ocrx_word' id='word_1_832' title='bbox 657 2730 686 2759; x_wconf 92' lang='lat' dir='ltr'><strong>in</strong></span> <span class='ocrx_word' id='word_1_833' title='bbox 705 2730 881 2759; x_wconf 87' lang='lat' dir='ltr'><strong>contentione</strong></span> <span class='ocrx_word' id='word_1_834' title='bbox 898 2731 933 2758; x_wconf 84' lang='lat' dir='ltr'><strong>ad</strong></span> <span class='ocrx_word' id='word_1_835' title='bbox 962 2731 1056 2764; x_wconf 85' lang='lat' dir='ltr'><strong>Deum,</strong></span> <span class='ocrx_word' id='word_1_836' title='bbox 1076 2732 1128 2759; x_wconf 84' lang='lat' dir='ltr'><strong>etsi</strong></span> <span class='ocrx_word' id='word_1_837' title='bbox 1145 2731 1305 2765; x_wconf 83' lang='lat' dir='ltr'><strong>delegentur</strong></span> <span class='ocrx_word' id='word_1_838' title='bbox 1324 2734 1353 2758; x_wconf 85' lang='lat' dir='ltr'><strong>ct</strong></span> <span class='ocrx_word' id='word_1_839' title='bbox 1381 2727 1548 2756; x_wconf 86' lang='lat' dir='ltr'><strong>descendant</strong></span> <span class='ocrx_word' id='word_1_840' title='bbox 1568 2726 1604 2753; x_wconf 82' lang='lat' dir='ltr'><strong>ad</strong></span> <span class='ocrx_word' id='word_1_841' title='bbox 1623 2726 1693 2754; x_wconf 81' lang='lat' dir='ltr'><strong>inie-</strong></span> 
     </span>
    </p>
   </div>
   <div class='ocr_carea' id='block_1_109' title="bbox 80 2768 640 2808">
    <p class='ocr_par' dir='ltr' id='par_1_109' title="bbox 80 2768 640 2808">
     <span class='ocr_line' id='line_1_109' title="bbox 80 2768 640 2808; baseline 0.016 -14"><span class='ocrx_word' id='word_1_842' title='bbox 80 2768 155 2801; x_wconf 85' lang='lat' dir='ltr'><strong>riora,</strong></span> <span class='ocrx_word' id='word_1_843' title='bbox 170 2775 198 2796; x_wconf 91' lang='lat' dir='ltr'><strong>ut</strong></span> <span class='ocrx_word' id='word_1_844' title='bbox 213 2777 265 2804; x_wconf 87' lang='lat' dir='ltr'><strong>ope</strong></span> <span class='ocrx_word' id='word_1_845' title='bbox 278 2771 458 2807; x_wconf 78' lang='lat' dir='ltr'><strong>indigentibus</strong></span> <span class='ocrx_word' id='word_1_846' title='bbox 471 2774 640 2808; x_wconf 87' lang='lat' dir='ltr'><strong>provideant.</strong></span> 
     </span>
    </p>
   </div>
   <div class='ocr_carea' id='block_1_110' title="bbox 113 2856 312 2890">
    <p class='ocr_par' dir='ltr' id='par_1_110' title="bbox 113 2856 312 2890">
     <span class='ocr_line' id='line_1_110' title="bbox 113 2856 312 2890; baseline 0.015 -7"><span class='ocrx_word' id='word_1_847' title='bbox 113 2860 123 2874; x_wconf 79' lang='grc' dir='ltr'><em>τ</em></span> <span class='ocrx_word' id='word_1_848' title='bbox 136 2856 198 2884; x_wconf 79' lang='lat' dir='ltr'><strong>Joan</strong></span> <span class='ocrx_word' id='word_1_849' title='bbox 226 2866 250 2890; x_wconf 85' lang='grc' dir='ltr'><strong>ν,</strong></span> <span class='ocrx_word' id='word_1_850' title='bbox 269 2859 312 2886; x_wconf 82' lang='lat' dir='ltr'><strong>l7.</strong></span> 
     </span>
    </p>
   </div>
  </div>
