1938 3065
214 136 267 164 ἸιίῚ

800 145 828 174 S.
847 145 995 175 DIONYSII
1011 148 1245 178 AREOPAGITE

1801 153 1861 180 768

249 196 343 232 §Vlll.
360 197 427 225 Cum
451 203 542 226 autem
568 201 714 236 triiificiter
734 209 824 233 motus
847 206 908 240 ﬂat,
934 207 998 241 ipsis

1090 209 1103 244 §
1121 209 1188 236 VIII.
1205 209 1280 236 Ἐπεὶ
1293 209 1322 236 δὲ
1332 209 1434 246 τριχῶς
1444 210 1462 246 ἡ
1472 209 1579 246 κίνησις
1591 210 1708 245 γίνεται,
1720 211 1778 238 ἐστι
1792 212 1863 239 τοὺ-

212 243 296 270 etiam
314 243 412 278 triplex
441 245 485 272 bic
513 251 606 275 motus
628 253 680 276 est.
707 249 857 279 Circularis
882 253 1005 288 quidem,

213 289 276 316 dum
291 290 395 317 circum
417 292 557 326 semetipsi
573 300 789 330 convertuntur;
814 304 905 326 rectus
927 307 1003 332 vero,

211 334 322 367 quando
350 336 384 362 ad
412 336 589 366 inferiaribus
617 340 815 374 providendum
842 345 1004 378 procedunt.

210 378 280 406 Cum
300 380 372 407 enim
401 381 529 414 qutelibet
553 390 619 410 cura
637 384 718 413 ﬁnem
747 387 846 415 habeat
861 392 904 423 (eo
932 390 1004 424 quod

211 429 288 452 recto
303 430 377 452 motu
402 426 509 454 cientur
532 429 644 457 omnino
668 431 751 459 ﬁnem
766 432 893 469 habente)
908 443 1005 462 secun-

211 469 274 497 dum
290 471 363 498 hunc
387 477 539 505 moventur,
556 479 583 501 et
598 477 755 509 providendi
771 483 864 513 partes
875 481 1001 515 explent;

209 524 270 543 cum
292 524 358 545 vero
380 517 407 545 in
430 520 593 554 semetipsos
610 521 710 550 iterum
733 525 922 560 revolvantur,
940 534 1004 555 ecce

210 561 248 588 ibi
264 562 392 598 obliquus
408 569 498 593 motus
517 566 656 595 subsistit.

244 631 314 668 §lX.
323 632 406 669 396
413 633 524 667 lterum,
534 636 633 664 animae
641 642 729 666 status
738 645 780 667 est
789 640 965 669 immobilitas
976 646 1004 670 et

208 677 347 706 stabilitas
365 681 483 714 propriae
505 681 675 710 substantiae.
702 683 791 712 Motus
805 691 896 714 autem
911 688 1002 715 circu-

209 723 275 751 laris
300 725 409 758 quidem
433 730 486 759 est,
512 729 622 761 quando
649 731 748 758 mentis
772 735 1001 768 contemplatione

207 769 306 802 cietur,
331 774 359 798 et
383 771 410 798 in
436 772 528 807 seipso
553 773 653 806 factus,
675 783 708 802 ex
731 778 889 806 extrinseco
906 787 1002 808 errore

206 821 337 842 sensuum
353 818 573 853 conglomeratur
588 825 616 847 et
634 821 753 854 primum
776 824 802 850 in
819 825 938 859 seipsum
953 834 1000 854 co-

206 861 291 897 gitur,
307 869 334 890 et
347 864 448 891 exinde
465 865 498 893 ad
511 866 596 894 Deum
614 869 819 897 manuducitur.
837 870 871 898 Et
886 872 944 899 btet:
958 878 1001 900 est

206 907 319 943 obliqua
343 911 442 939 mentis
466 913 602 947 operatio,
618 917 728 948 quando
749 918 873 951 procedit
889 921 1000 953 quidem

205 953 239 980 ad
255 961 286 980 ea
303 962 364 988 qua:
379 957 528 984 secundum
545 964 649 992 partem
664 960 899 999 exsistunt,capit
911 970 1001 994 autem

204 998 333 1027 notiones
353 1009 526 1037 nequaquam
547 1004 772 1034 intellectualiter
791 1013 819 1036 et
841 998 933 1044 unite;
952 1013 1003 1040 hoc

204 1045 278 1072 enim
294 1046 452 1081 angelorum
469 1054 522 1082 est,
540 1051 587 1084 qui
605 1054 756 1079 secundum
769 1055 895 1084 crebram
912 1063 1001 1085 muta-

202 1091 305 1119 tionem
314 1099 446 1127 supernas
455 1095 577 1124 visiones
584 1105 616 1125 ac
626 1098 822 1129 illustrationes
834 1102 1000 1139 intelligunt,

201 1136 268 1165 dum
281 1146 330 1173 pro
340 1147 434 1167 eorum
449 1146 528 1176 captu
545 1144 713 1173 revelantur.
726 1147 824 1175 Anima
840 1156 906 1177 vero
918 1151 1001 1178 ratio-

203 1184 343 1213 cinatioue
353 1191 380 1213 et
393 1189 563 1222 evagatione,
577 1189 603 1216 id
617 1196 660 1217 est
673 1192 699 1218 in
713 1192 890 1226 particularia
902 1195 999 1228 divisa,

204 1237 286 1264 atque
300 1239 334 1259 ex
353 1234 600 1262 communicatione
612 1237 756 1266 adtliscens
769 1239 905 1275 intelligit,
923 1249 1000 1269 mens

204 1277 278 1305 t-uim
305 1279 338 1305 ad
357 1280 583 1309 ratiocinatiories
605 1284 774 1313 descendens
801 1286 892 1321 aliquo
920 1290 1000 1317 tundo

205 1324 347 1357 dividitur,
365 1330 393 1352 et
414 1326 539 1360 pluribus
560 1330 765 1363 exemplaribus
789 1339 836 1360 seu
855 1335 999 1368 speciebus

204 1370 321 1406 indiget,
347 1371 411 1398 dum
432 1373 502 1401 ratio
527 1375 635 1402 modtnn
664 1377 789 1411 inquirit,
813 1383 842 1406 ut
863 1382 999 1415 exprimat

204 1418 277 1451 quod
291 1418 435 1446 intellexit.
453 1419 538 1454 Igitur
557 1422 649 1449 anima
665 1425 833 1453 commistim
855 1430 884 1454 et
909 1431 999 1455 trans-

204 1463 306 1490 cursim
322 1471 462 1498 operatur,
477 1467 559 1493 etiam
583 1469 693 1502 quando
714 1471 937 1501 intellectualiter
956 1474 998 1501 iu-

204 1508 312 1543 telligit,
334 1511 469 1544 siquidem
490 1513 539 1540 hoc
561 1514 659 1541 anima:
682 1517 824 1552 proprium
845 1523 908 1552 est;
929 1527 998 1554 qua-

1056 263 1112 287 τοις
1134 256 1180 282 καὶ
1201 255 1231 282 τὸ
1250 256 1357 292 τριττὸν
1377 256 1427 292 τῆς
1449 257 1594 293 κινήσεως.
1617 257 1764 290 Κυκλικῶς
1790 258 1864 294 μὲν,

1055 300 1100 327 ὅτε
1113 301 1178 336 περὶ
1191 302 1303 333 ἑαυτοὺς
1316 302 1526 338 ἐπιστρέφονται
1539 312 1546 319 ·
1564 303 1665 336 εὐθέως
1680 305 1719 337 δὲ,
1732 305 1800 332 ὅταν
1815 306 1862 337 είς

1055 346 1104 381 τὴν
1125 347 1180 373 τῶν
1198 348 1420 384 καταδεεστέρων
1444 349 1555 385 προΐασι
1578 350 1752 386 κηδεμονίαν.
1776 351 1861 378 Ἐπεὶ

1055 393 1109 428 γὰρ
1128 394 1229 429 ἑκάστη
1252 395 1401 430 κηδεμονία
1421 396 1498 428 τέλος
1513 396 1580 432 ἔχει,
1596 396 1716 432 (πάντως
1737 397 1788 433 τῆς
1810 398 1860 424 ἐπ’

1055 439 1162 471 εὐθείας
1182 441 1316 476 κινήσεως
1339 441 1414 473 τέλος
1437 441 1575 478 ἐχούσης.)
1597 442 1667 469 κατὰ
1684 442 1788 477 ταύτην
1813 452 1860 470 κι-

1055 487 1154 517 νοῖντο,
1167 486 1214 512 καὶ
1227 486 1262 512 τὰ
1273 487 1324 522 τῆς
1343 488 1470 523 προνοίας
1484 488 1637 524 περαίνοιεν
1649 497 1656 503 ·
1673 489 1733 515 ἐπεὶ
1748 489 1778 515 δὲ
1797 489 1861 516 πὰ-

1054 531 1096 558 λιν
1110 533 1150 564 εἰς
1169 533 1282 565 ἑαυτοὺς
1297 533 1489 567 ἀνακυκλοῦσι,
1504 535 1551 562 καὶ
1567 535 1621 561 ἰδοὺ
1637 535 1684 562 καὶ
1701 536 1719 571 ἡ
1735 535 1858 562 ἑλικοει-

1053 576 1101 612 δὴς
1115 577 1271 604 συνίσταται
1281 579 1396 614 κίνησις.

1089 645 1103 682 §
1124 646 1171 674 IX.
1188 647 1273 674 Πάλιν
1298 648 1387 684 ψυχῆς
1409 649 1505 681 στάσις
1527 649 1559 676 τὸ
1580 650 1782 686 ἀμετακίνητον
1805 652 1859 678 καὶ

1053 691 1160 728 ἑδραῖον
1179 693 1229 729 τῆς
1250 693 1319 726 ιδίας
1336 694 1441 728 οὐσίας.
1460 696 1576 731 Κίνησις
1599 696 1628 722 δὲ
1650 696 1767 732 κυκλικὴ
1789 696 1857 732 μὲν,

1052 739 1116 766 ὅταν
1131 740 1164 775 τῇ
1186 740 1259 766 κατὰ
1281 740 1343 768 νοῦν
1365 741 1467 778 θεωρίᾳ
1485 743 1604 778 κινῆται,
1626 743 1673 769 καὶ
1693 744 1732 775 εἰς
1750 743 1858 779 ἑαυτὴν

1048 785 1193 821 γινομένη,
1216 787 1248 813 ὲκ
1268 787 1317 822 τῆς
1330 787 1383 820 ἐξω
1396 788 1450 814 τῶν
1471 788 1624 824 αἰσθήσεων
1648 788 1752 823 πλάνης
1775 797 1859 815 συνε-

1052 830 1188 867 λίσσηται,
1215 832 1262 859 καὶ
1288 832 1396 869 πρῶτον
1410 835 1450 866 είς
1475 834 1574 870 ἑαυτὴν
1598 835 1760 870 συνάγηται,
1786 835 1858 861 κὰνα

1017 875 1146 920 Βτεῦθεν
1171 877 1306 912 ἀνάγηται
1329 878 1399 913 πρὸς
1426 878 1492 905 Θεὸν
1519 878 1773 914 χειραγωγουμένη.
1796 877 1858 904 Καὶ

1052 921 1131 948 τοῦτό
1146 922 1220 949 ἐστιν
1240 923 1256 958 ἡ
1272 922 1343 949 κατά
1358 922 1421 950 νοῦν
1439 923 1566 959 ἐργασία,
1581 922 1730 958 ἑλικοειδὴς
1745 922 1785 955 δὲ,
1807 922 1856 948 ὅτε

1053 968 1160 1004 πρόεισι
1176 969 1225 1004 μὲν
1238 970 1278 1001 είς
1291 969 1326 996 τὰ
1344 969 1414 996 κατά
1427 970 1519 1005 μέρος,
1533 969 1667 1005 λαμὸάνει
1677 969 1706 996 δὲ
1717 968 1767 1001 τὰς
1781 973 1858 1003 γνω-

1053 1023 1121 1047 σεις,
1139 1015 1200 1051 οὐχὶ
1213 1015 1315 1052 νοερῶς
1333 1016 1381 1042 καὶ
1395 1016 1503 1048 ἑνιαίως
1513 1024 1519 1031 ·
1532 1015 1611 1042 τοῦτο
1625 1015 1679 1051 γὰρ
1693 1014 1747 1041 τῶν
1768 1015 1858 1049 ἀγγέ-

1052 1061 1116 1093 λων,
1133 1062 1230 1094 οἵτινες
1243 1061 1314 1088 κατὰ
1330 1061 1432 1098 ἀθρόαν
1452 1061 1609 1097 μεταϐολὴν
1621 1061 1671 1093 τὰς
1685 1060 1858 1096 ὑπερκειμέ-

1052 1115 1101 1138 νας
1112 1106 1186 1139 θείας
1196 1106 1343 1142 ὲλλάμψεις
1355 1107 1446 1134 νοοῦσι
1463 1106 1533 1134 κατὰ
1546 1106 1577 1133 τὸ
1591 1106 1656 1133 αὐτὸ
1671 1106 1769 1142 μέτρον
1783 1106 1856 1133 ἀπο-

1052 1152 1268 1187 καλυτιτομένας.
1287 1152 1320 1178 Ἠ
1333 1153 1362 1179 δὲ
1383 1152 1456 1188 ψυχὴ
1476 1152 1604 1187 λογικῶς,
1624 1153 1672 1179 καὶ
1684 1151 1854 1185 διεξοδικῶς,

1051 1198 1190 1224 τουτέστιν
1212 1198 1252 1229 είς
1272 1198 1400 1234 μερικὴν,
1417 1197 1597 1233 μεριζομένην
1618 1198 1664 1224 καὶ
1676 1198 1708 1224 ἐκ
1732 1197 1855 1233 μετοχῆς

1051 1241 1265 1278 διδασκομένην’
1290 1243 1304 1269 ὁ
1327 1242 1382 1277 γὰρ
1406 1242 1479 1275 νοῦς,
1504 1243 1544 1274 είς
1569 1242 1715 1278 λογισμοὺς
1735 1243 1854 1274 κατιὼν,

1050 1287 1133 1314 οἱονεὶ
1150 1288 1290 1323 μερίζεται
1306 1289 1353 1315 καὶ
1370 1288 1460 1315 δέεται
1476 1288 1523 1315 τοῦ
1545 1289 1589 1315 διὰ
1606 1288 1736 1315 πλειόνων
1760 1297 1857 1325 παρα-

1050 1335 1205 1371 δειγμάτων
1219 1335 1413 1369 διεξοδεὺοντος
1426 1336 1506 1371 λόγου
1523 1337 1593 1372 πρὸς
1613 1336 1787 1372 παράστασιν
1801 1335 1853 1362 τοῦ

1051 1382 1207 1417 νοουμένου.
1220 1382 1385 1418 Συμμίκτως
1396 1380 1442 1409 οὖν
1458 1383 1566 1419 ἐνεργεῖ
1579 1382 1651 1418 ψυχὴ
1669 1383 1716 1409 καὶ
1731 1381 1853 1418 μεταϐα-

1050 1427 1145 1460 τικῶς,
1161 1429 1206 1455 ὅτε
1226 1429 1274 1456 καὶ
1290 1428 1392 1464 νοερῶς
1406 1431 1462 1456 νοεῖ
1473 1437 1479 1444 ·
1494 1429 1525 1455 τὸ
1543 1429 1597 1464 γὰρ
1612 1428 1704 1464 νοερὸν
1718 1428 1784 1454 ἴδιον
1799 1427 1851 1463 τῆς

1049 1473 1153 1510 ψυχῆς·
1169 1474 1237 1502 διότι
1259 1475 1339 1510 μόνον
1360 1474 1430 1501 αὐτὰ
1447 1476 1502 1502 νοεῖ
1520 1474 1555 1501 τά
1575 1473 1794 1510 ὑπερϐεϐηκότα.
1810 1473 1850 1500 Οὑ

1049 1521 1152 1548 νοεῖται
1163 1520 1192 1547 δὲ
1211 1521 1276 1557 παρ’
1291 1521 1397 1554 οὐδενὸς
1410 1521 1480 1548 ὥστε
1495 1519 1566 1548 εἷναι
1586 1521 1633 1547 καὶ¹
1648 1521 1757 1557 νοητὸν,
1778 1520 1849 1547 πάν-

204 1559 316 1589 propter
329 1555 416 1583 solum
436 1557 562 1593 intelligit
575 1566 607 1586 ea
624 1567 684 1594 qua:
708 1564 919 1592 transcendunt.
937 1564 995 1592 Non

1050 1575 1104 1594 των
1123 1567 1177 1604 γὰρ
1198 1555 1258 1594 τῶν
1272 1567 1377 1603 νοητῶν
1396 1568 1497 1603 ἐσχάτη
1522 1568 1607 1599 ἐστὶν,
1623 1555 1694 1594 ὥστε
1718 1567 1850 1599 τοιούτως

205 1601 367 1637 intelligitur
380 1608 470 1630 autem
483 1605 518 1631 ab
530 1604 635 1639 aliquo,
649 1614 681 1633 ac
694 1607 718 1634 si
731 1614 804 1636 esset
815 1610 896 1636 etiam
914 1611 996 1638 intel-

204 1646 328 1682 ligibilis,
348 1656 410 1675 cum
426 1649 461 1676 sit
477 1651 600 1678 omnium
617 1652 830 1688 iutelligibilium
845 1662 996 1690 postrema,

203 1696 234 1718 ut
247 1691 287 1720 vel
304 1692 368 1721 hinc
379 1694 461 1721 etiam
476 1695 655 1731 intelligibilis
670 1699 836 1733 appelletur;
851 1709 904 1728 non
917 1709 998 1730 secus

202 1745 235 1764 ac
251 1742 320 1765 testa
337 1739 363 1766 in
379 1739 554 1776 inexplebilis
571 1742 656 1769 maris
670 1743 756 1772 fundo
771 1747 919 1774 constituta
933 1755 997 1776 sen-

201 1783 290 1811 sibilis
304 1789 356 1816 est,
375 1785 415 1811 vel
430 1786 521 1821 potius
536 1787 653 1822 ipsamet
677 1798 749 1824 aqua
768 1799 830 1826 quae
843 1801 925 1828 supra
938 1802 996 1822 cm-

201 1829 242 1856 los
256 1830 359 1858 existit.
376 1831 460 1859 Recto
471 1838 563 1860 autem
579 1839 652 1862 motu
666 1836 757 1863 anima
772 1837 873 1872 cietur,
888 1841 998 1874 quando

203 1876 231 1902 iu
246 1879 422 1913 semetipsum
440 1887 495 1906 non
514 1880 666 1914 ingreditur
682 1880 746 1916 (hoc
763 1884 837 1911 enim
854 1890 896 1912 est
910 1886 999 1913 circu-

201 1921 301 1950 lariter
311 1925 438 1959 moveri),
450 1926 496 1953 sed
510 1928 709 1962 progrediendo
727 1937 757 1957 ea
773 1937 833 1964 qua:
845 1931 949 1959 circum
970 1937 998 1960 et

202 1975 280 1997 extra
296 1970 383 2005 ipsam
407 1978 472 2000 sunt
488 1974 657 2007 considerat,
675 1975 701 2002 iu
724 1983 785 2011 quae
811 1981 944 2013 tanquam
971 1979 997 2006 in

201 2017 323 2051 symbola
337 2020 461 2053 quaedam
473 2021 590 2056 directa,
607 2031 641 2051 ex
660 2025 703 2052 his
717 2025 815 2051 iterum
833 2030 909 2052 motu
923 2031 998 2053 recto

201 2063 236 2090 ad
252 2064 392 2099 simplices
406 2069 655 2103 contemplationes
671 2071 828 2105 adducitur,
844 2079 898 2099 non
913 2073 998 2100 ratio-

201 2111 328 2147 cinando,
349 2121 439 2148 neque
454 2116 633 2144 scientiﬁcatn
652 2118 788 2145 rationem
815 2119 995 2153 inquirendo,

202 2159 280 2191 quasi
301 2160 450 2188 scientilice
473 2163 656 2190 adduceretur
677 2173 683 2191 ;
706 2172 769 2190 nam
786 2165 826 2192 sic
852 2165 937 2192 etiam
955 2173 999 2194 res

202 2203 300 2231 divinat
318 2207 475 2235 scientilica:
486 2209 634 2244 cognitioni
653 2210 841 2245 subjacerent,
857 2217 884 2239 et
901 2218 995 2240 motus

1050 1613 1164 1649 κληθείη
1188 1613 1221 1640 ἂν
1234 1614 1305 1648 αὑτὴ
1325 1614 1419 1649 νοητὴ,
1432 1613 1470 1645 ὡς
1489 1613 1520 1640 τὸ
1536 1613 1589 1640 ὑπὸ
1607 1613 1685 1648 βυθὸν
1707 1613 1848 1649 ἀπλήστου

1050 1659 1186 1695 θαλάσσης
1200 1660 1325 1695 κείμενον
1342 1659 1484 1695 ὄστρακον,
1500 1659 1639 1695 αἰσθητὸν,
1652 1660 1669 1695 ἢ
1693 1659 1794 1695 μᾶλλον
1816 1660 1849 1686 τὸ

1050 1706 1178 1742 ὑπεράνω
1192 1706 1247 1733 τῶν
1260 1706 1384 1741 οὐρανῶν
1398 1705 1481 1742 ὕδωρ.
1494 1706 1563 1733 Κατ’
1575 1706 1684 1732 εὐθεῖαν
1696 1705 1725 1731 δὲ
1738 1705 1848 1742 κίνησιν

1050 1754 1164 1779 κινεῖται
1184 1752 1267 1788 ψυχὴ,
1290 1753 1354 1779 ὅταν
1373 1752 1423 1778 οὐκ
1442 1753 1482 1784 εὶς
1500 1752 1586 1787 αὑτὴν
1608 1751 1740 1783 εἰσιοῦσα,
1756 1752 1848 1788 (τοῦτο

1050 1798 1106 1833 γάρ
1120 1798 1178 1824 ἐστι
1200 1797 1231 1825 τὺ
1252 1796 1324 1823 κατὰ
1347 1796 1468 1832 κύκλον,)
1482 1796 1550 1823 ἀλλὰ
1568 1796 1701 1832 προϊοῦσα
1724 1797 1759 1823 τὰ
1779 1797 1847 1832 περὶ

1049 1845 1135 1880 αὐτὴν
1147 1845 1245 1880 σκοπῇ,
1258 1843 1305 1871 καὶ
1323 1843 1357 1870 τὰ
1373 1841 1482 1875 ἔξωθεν,
1494 1844 1534 1875 είς
1545 1842 1617 1879 ἅπερ
1628 1843 1741 1878 ἀρθεῖσα
1755 1843 1794 1875 ὡς
1805 1845 1848 1876 εἰς

1051 1889 1174 1926 σύμϐολα
1188 1899 1259 1922 τινα,
1271 1890 1304 1916 ἐκ
1320 1889 1423 1917 τούτων
1436 1887 1514 1920 αὖθις
1527 1889 1587 1916 κατ’
1601 1888 1719 1921 εὐθεῖαν,
1734 1891 1781 1916 ἐπὶ
1795 1890 1848 1922 τὰς

1050 1936 1138 1968 ἁπλᾶς
1151 1936 1267 1972 θεωρίας
1284 1936 1417 1972 ἀνάγηται
1430 1937 1460 1962 οὐ
1475 1936 1697 1972 συλλογιζομένη,
1713 1937 1768 1963 οὐδ’
1782 1938 1843 1964 ἐπι-

1051 1983 1212 2018 στημονικδν
1226 1983 1344 2018 ζητοῦσα
1358 1983 1446 2017 λόγον,
1460 1983 1497 2015 ὼς
1512 1983 1545 2010 ἂν
1567 1983 1757 2019 ἐπιστημόνως
1777 1984 1844 2010 ἁνα-

1050 2028 1138 2064 χθείη,
1152 2028 1233 2065 (οὕτω
1245 2028 1340 2064 γὰρᾶν
1355 2029 1402 2055 καὶ
1414 2028 1448 2055 τὰ
1459 2028 1518 2055 θεῖα
1531 2029 1728 2065 ἐπιστημονικῇ
1742 2028 1846 2063 γνώσει

1050 2075 1204 2108 ὑπέκειντο,
1218 2075 1266 2101 καὶ
1286 2076 1303 2110 ἡ
1325 2074 1430 2110 κίνησις
1445 2074 1474 2101 οὐ
1498 2076 1558 2101 κατ’
1578 2075 1696 2108 εὐθεῖαν,
1713 2075 1771 2102 ἀλλ’
1788 2075 1844 2102 ἑλι-

1051 2122 1158 2157 κοειδὴς
1171 2121 1274 2155 ἐγίνετο
1286 2129 1293 2136 ο
1303 2121 1312 2157 )
1324 2120 1382 2147 ἀλλ’
1392 2120 1446 2146 ἀπὸ
1458 2121 1573 2152 κτίσεως
1584 2121 1686 2156 κόσμου
1695 2121 1730 2147 τὰ
1740 2121 1847 2157 ἀόρατα

1049 2168 1097 2195 τοῦ
1112 2167 1180 2194 Θεοῦ
1202 2167 1302 2200 ἁπλαῖς
1318 2167 1366 2194 καὶ
1385 2167 1503 2199 εὐθείαις
1522 2167 1660 2199 ἐπιϐολαῖς
1679 2168 1725 2194 καί
1742 2168 1844 2194 ἀπολυ-

1051 2215 1252 2250 πραγμονήτως
1267 2213 1375 2246 νοοῦσα,
1391 2214 1461 2250 ὑπὲρ
1475 2215 1564 2240 πᾶσαν
1578 2213 1751 2249 διανοητικὴν
1765 2215 1843 2248 ὲνέρ-

202 2249 248 2276 itle
259 2250 330 2278 haud
348 2257 450 2285 rectus,
466 2255 512 2281 sed
525 2255 652 2289 obliquus
669 2262 753 2283 esset.
770 2256 871 2285 Verum
885 2267 899 2284 ιι
916 2265 995 2286 crea-

1050 2269 1126 2294 γειαν
1137 2260 1185 2287 καὶ
1197 2260 1346 2294 ἀπόδειξιν.

201 2300 262 2322 tura
279 2298 370 2324 mundi
386 2298 532 2327 invisibilia
548 2300 596 2328 Dei
613 2302 786 2337 simplicibus
801 2309 846 2340 get
877 2305 960 2332 rectis
993 2307 1282 2341 apprehensionibus,
1310 2311 1335 2334 el
1365 2315 1418 2334 non
1454 2313 1584 2340 operose,
1609 2305 1748 2334 intellecta
1778 2312 1843 2335 sunt

200 2349 282 2377 supra
305 2351 414 2373 Omnem
438 2347 593 2375 intellectus
617 2351 804 2383 operationem
827 2359 859 2378 ac
875 2353 1152 2382 demonstrationem.

236 2389 250 2425 §
266 2389 298 2418 Χ.
311 2391 413 2419 Harum
430 2394 511 2428 igitur
525 2397 609 2423 trium
623 2398 786 2431 motionum,
799 2399 906 2427 scilicet
917 2409 993 2428 meu-

202 2436 270 2463 tium
284 2442 312 2464 et
325 2438 489 2473 animarum,
505 2445 532 2468 et
546 2441 725 2476 ipsarummet
738 2445 821 2471 trium
839 2446 991 2475 motionum

201 2489 261 2515 quae
277 2482 304 2510 in
318 2483 467 2512 sensilibus
480 2489 667 2521 reperiuntur,
683 2494 712 2516 et
737 2490 822 2518 multo
846 2492 931 2527 prius,
946 2501 992 2521 cu-

198 2525 298 2561 jusque
309 2529 396 2563 angeli
408 2533 438 2557 et
450 2531 558 2565 animae,
573 2533 668 2568 reique
679 2535 798 2570 sensilis,
808 2525 994 2572 mansionum,

201 2577 231 2599 et
247 2574 407 2607 stationum,
423 2582 450 2603 et
467 2576 627 2606 ﬁrmitatum
651 2581 773 2608 vicissim
797 2582 881 2610 etiam
909 2591 993 2613 causa

201 2622 243 2644 est
259 2618 340 2647 Deus.
357 2621 500 2654 Quomodo
513 2628 605 2652 autem
622 2626 706 2653 multo
722 2627 797 2661 prius
820 2630 992 2658 mansionum

201 2671 283 2699 quam
296 2666 467 2696 motionum?
477 2670 540 2704 quia
554 2671 681 2700 videlicet
694 2672 719 2700 id
733 2675 805 2708 quod
819 2680 912 2703 manet
925 2684 994 2711 prte-

201 2714 319 2741 stantius
341 2713 423 2750 397
447 2721 491 2744 est
511 2725 544 2745 eo
559 2719 633 2753 quod
657 2726 803 2755 movetur;
823 2724 894 2750 unde
907 2723 990 2751 etiam

201 2767 262 2793 quae
275 2760 366 2789 divina
389 2767 462 2796 sunt,
482 2769 546 2791 sunt
560 2764 721 2799 immobilia,
740 2769 872 2796 nostratia
898 2774 991 2797 autern

202 2807 313 2834 mobilia
328 2813 390 2836 sunt
403 2815 430 2837 et
443 2811 634 2845 nominantur;
648 2813 778 2847 quoniam
790 2822 900 2849 quoque
910 2822 992 2842 omne

206 2853 231 2879 id
250 2855 321 2888 quod
341 2862 468 2884 movetur
493 2858 528 2885 ab
551 2858 682 2887 immobili
707 2866 852 2895 movetur;
868 2867 895 2889 et
918 2862 990 2896 quod

204 2902 341 2929 tmmobile
366 2908 417 2938 est,
441 2912 495 2933 non
517 2913 585 2941 opus
608 2906 688 2935 habet
706 2915 738 2936 eo
763 2910 835 2943 quod
854 2915 988 2938 movetur.

1083 2403 1097 2438 ς
1110 2403 1144 2429 Χ.
1162 2403 1271 2430 Τούτων
1287 2401 1333 2430 οὖν
1346 2403 1401 2430 τῶν
1412 2403 1496 2439 τριῶν
1511 2402 1610 2438 δηλαδὴ
1624 2402 1768 2437 κινήσεων,
1784 2402 1843 2429 τῶν

1047 2449 1114 2476 νοῶν
1128 2449 1250 2485 δηλονότι
1269 2449 1317 2476 καὶ
1334 2449 1389 2476 τῶν
1409 2448 1513 2484 ψυχῶν,
1533 2449 1580 2475 καὶ
1598 2448 1688 2474 αὐτῶν
1701 2447 1732 2483 δὴ
1744 2447 1799 2474 τῶν
1811 2448 1841 2474 ὲν

1045 2497 1102 2528 τοῖς
1115 2495 1254 2531 αἰσθητοῖς
1273 2495 1357 2531 τριῶν
1371 2496 1516 2530 κινήσεων,
1535 2495 1583 2522 καὶ
1597 2493 1687 2529 πολλῷ
1708 2494 1844 2530 πρότερον

1045 2541 1084 2577 τῷ
1097 2542 1224 2574 ἑκάστου,
1244 2541 1361 2576 ἀγγέλου
1379 2541 1500 2577 δηλονότι
1518 2542 1565 2568 καὶ
1584 2541 1673 2576 ψυχῆς
1685 2541 1733 2567 καὶ
1743 2540 1841 2576 αἰσθη-

1045 2587 1103 2620 τοῦ,
1118 2587 1206 2623 μονῶν
1219 2587 1267 2614 καὶ
1279 2587 1400 2614 στάσεων
1412 2587 1460 2613 καὶ
1471 2586 1611 2622 ἱδρύσεων.
1623 2587 1655 2613 ὲκ
1666 2585 1839 2621 παραλλήλου

1045 2635 1092 2661 καὶ
1109 2633 1190 2665 αὐτὰ,
1203 2633 1289 2660 αἴτιόν
1309 2634 1381 2659 ἐστιν
1403 2634 1418 2660 ὁ
1433 2633 1509 2664 Θεός.
1529 2632 1593 2664 Πῶς
1614 2632 1643 2659 δὲ
1664 2631 1754 2667 πολλῷ
1773 2631 1841 2667 πρό-

1045 2686 1125 2713 τερον
1142 2677 1196 2704 τῶν
1210 2677 1299 2713 μονῶν
1311 2677 1327 2713 ἢ
1341 2676 1396 2704 τῶν
1410 2677 1562 2712 κινήσεων;
1576 2678 1592 2713 ἢ
1611 2676 1734 2712 δηλονότι
1746 2677 1777 2703 τὸ
1791 2677 1839 2712 μέ-

1046 2732 1092 2750 νον
1099 2723 1147 2750 τοῦ
1160 2724 1188 2750 ὲν
1196 2725 1303 2759 κινήσει
1311 2723 1507 2759 προτιμότερον
1518 2722 1595 2756 ;ὂθεν
1601 2723 1648 2749 καὶ
1658 2723 1694 2749 τὰ
1705 2722 1764 2749 θεῖα
1775 2722 1838 2750 ἀκί-

1045 2778 1124 2805 νητα,
1138 2769 1173 2796 τὰ
1185 2769 1213 2796 δὲ
1227 2769 1287 2796 καθ’
1299 2770 1373 2804 ἡμᾶς
1390 2769 1538 2804 κινούμενά
1558 2769 1611 2795 stat
1635 2777 1663 2795 τε
1677 2769 1724 2796 καὶ
1746 2768 1838 2803 λέγον-

1044 2825 1101 2847 ται,
1118 2817 1165 2842 καὶ
1176 2816 1216 2842 ὅτι
1229 2816 1283 2842 πᾶν
1295 2815 1325 2842 τὸ
1336 2814 1493 2850 κινούμενον
1504 2814 1556 2841 ὑπὸ
1566 2815 1696 2850 ἀκινήτου
1708 2815 1836 2846 κινεῖται,

1045 2862 1075 2888 τὺ
1092 2862 1120 2887 δὲ
1143 2861 1270 2897 ἀκίνητον
1290 2862 1321 2887 οὑ
1344 2861 1438 2897 χρείαν
1452 2861 1508 2896 ἔχει
1527 2860 1574 2886 τοῦ
1587 2860 1757 2895 κινουμένου.
1773 2859 1835 2892 Πώς

1043 2908 1071 2934 δὲ
1083 2908 1138 2943 ἔχει
1151 2908 1196 2934 καὶ
1210 2907 1238 2934 τὸ
1249 2907 1375 2942 αἰσθητὸν
1387 2906 1436 2939 τὰς
1447 2907 1520 2942 τρεῖς
1532 2906 1662 2942 κινήσεις,
1674 2905 1690 2941 ἢ
1702 2905 1833 2940 δηλονότι,
