  <div class='ocr_page' id='page_1' title='image "/cluster/home/n/w/nwhite01/storage/ocr_20150623/3/njp.32101077772356/480.png"; bbox 0 0 1938 3065; ppageno 0'>
   <div class='ocr_carea' id='block_1_1' title="bbox 72 146 144 175">
    <p class='ocr_par' dir='ltr' id='par_1_1' title="bbox 72 146 144 175">
     <span class='ocr_line' id='line_1_1' title="bbox 72 146 144 175; baseline 0.042 -3"><span class='ocrx_word' id='word_1_1' title='bbox 72 146 144 175; x_wconf 77' lang='grc'><strong>769-</strong></span> 
     </span>
    </p>
   </div>
   <div class='ocr_carea' id='block_1_2' title="bbox 367 146 1444 182">
    <p class='ocr_par' dir='ltr' id='par_1_2' title="bbox 367 146 1444 182">
     <span class='ocr_line' id='line_1_2' title="bbox 367 146 1444 182; baseline 0.002 -7"><span class='ocrx_word' id='word_1_2' title='bbox 367 147 412 176; x_wconf 83' lang='lat' dir='ltr'><strong>DE</strong></span> <span class='ocrx_word' id='word_1_3' title='bbox 429 148 556 178; x_wconf 80' lang='lat' dir='ltr'><strong>DWINIS</strong></span> <span class='ocrx_word' id='word_1_4' title='bbox 572 147 771 182; x_wconf 73' lang='lat' dir='ltr'><strong>NOMINIBUS,</strong></span> <span class='ocrx_word' id='word_1_5' title='bbox 789 147 857 176; x_wconf 77' lang='lat' dir='ltr'><strong>CAP</strong></span> <span class='ocrx_word' id='word_1_6' title='bbox 891 147 934 174; x_wconf 85' lang='lat' dir='ltr'><strong>IV.</strong></span> <span class='ocrx_word' id='word_1_7' title='bbox 953 163 987 169; x_wconf 93' lang='lat'><strong>—</strong></span> <span class='ocrx_word' id='word_1_8' title='bbox 1003 146 1178 175; x_wconf 73' lang='lat' dir='ltr'><strong>PARAPHR.</strong></span> <span class='ocrx_word' id='word_1_9' title='bbox 1196 147 1444 177; x_wconf 61' lang='lat' dir='ltr'><strong>PACIIYMERIE.</strong></span> 
     </span>
    </p>
   </div>
   <div class='ocr_carea' id='block_1_3' title="bbox 1667 148 1726 175">
    <p class='ocr_par' dir='ltr' id='par_1_3' title="bbox 1667 148 1726 175">
     <span class='ocr_line' id='line_1_3' title="bbox 1667 148 1726 175; baseline -0.017 0"><span class='ocrx_word' id='word_1_10' title='bbox 1667 148 1726 175; x_wconf 82' lang='grc'><strong>770</strong></span> 
     </span>
    </p>
   </div>
   <div class='ocr_carea' id='block_1_4' title="bbox 51 203 863 246">
    <p class='ocr_par' dir='ltr' id='par_1_4' title="bbox 51 205 860 244">
     <span class='ocr_line' id='line_1_4' title="bbox 51 205 860 244; baseline 0.001 -11"><span class='ocrx_word' id='word_1_11' title='bbox 51 221 54 224; x_wconf 85' lang='grc'><strong>·</strong></span> <span class='ocrx_word' id='word_1_12' title='bbox 69 205 112 233; x_wconf 80' lang='grc' dir='ltr'><strong>τὰ</strong></span> <span class='ocrx_word' id='word_1_13' title='bbox 133 206 185 242; x_wconf 78' lang='grc' dir='ltr'>μὲν</span> <span class='ocrx_word' id='word_1_14' title='bbox 200 207 319 242; x_wconf 81' lang='grc' dir='ltr'>στοιχεῖα</span> <span class='ocrx_word' id='word_1_15' title='bbox 332 207 382 243; x_wconf 80' lang='grc' dir='ltr'>τὴν</span> <span class='ocrx_word' id='word_1_16' title='bbox 395 208 455 234; x_wconf 81' lang='grc' dir='ltr'>κατ’</span> <span class='ocrx_word' id='word_1_17' title='bbox 467 207 574 234; x_wconf 67' lang='grc' dir='ltr'>εὐθεῖαν</span> <span class='ocrx_word' id='word_1_18' title='bbox 587 216 594 223; x_wconf 88' lang='grc'>·</span> <span class='ocrx_word' id='word_1_19' title='bbox 609 208 640 234; x_wconf 77' lang='grc' dir='ltr'>τὸ</span> <span class='ocrx_word' id='word_1_20' title='bbox 655 207 705 244; x_wconf 81' lang='grc' dir='ltr'>μὲν</span> <span class='ocrx_word' id='word_1_21' title='bbox 724 206 790 243; x_wconf 81' lang='grc' dir='ltr'>πῦρ,</span> <span class='ocrx_word' id='word_1_22' title='bbox 805 207 860 234; x_wconf 81' lang='grc' dir='ltr'>ἄνω</span> 
     </span>
    </p>
   </div>
   <div class='ocr_carea' id='block_1_5' title="bbox 920 203 1721 246">
    <p class='ocr_par' dir='ltr' id='par_1_5' title="bbox 929 203 1721 238">
     <span class='ocr_line' id='line_1_5' title="bbox 929 203 1721 238; baseline 0.005 -6"><span class='ocrx_word' id='word_1_23' title='bbox 929 203 1071 238; x_wconf 83' lang='lat' dir='ltr'><strong>Quomodo</strong></span> <span class='ocrx_word' id='word_1_24' title='bbox 1086 210 1177 232; x_wconf 86' lang='lat' dir='ltr'><strong>autem</strong></span> <span class='ocrx_word' id='word_1_25' title='bbox 1201 213 1245 233; x_wconf 81' lang='lat' dir='ltr'><strong>res</strong></span> <span class='ocrx_word' id='word_1_26' title='bbox 1261 205 1398 233; x_wconf 84' lang='lat' dir='ltr'><strong>sensibilis</strong></span> <span class='ocrx_word' id='word_1_27' title='bbox 1411 209 1469 234; x_wconf 82' lang='lat' dir='ltr'><strong>tres</strong></span> <span class='ocrx_word' id='word_1_28' title='bbox 1481 206 1565 235; x_wconf 80' lang='lat' dir='ltr'><strong>hasce</strong></span> <span class='ocrx_word' id='word_1_29' title='bbox 1583 207 1721 236; x_wconf 84' lang='lat' dir='ltr'><strong>motiones</strong></span> 
     </span>
    </p>
   </div>
   <div class='ocr_carea' id='block_1_6' title="bbox 70 251 875 289">
    <p class='ocr_par' dir='ltr' id='par_1_6' title="bbox 70 251 875 289">
     <span class='ocr_line' id='line_1_6' title="bbox 70 251 875 289; baseline -0.001 -10"><span class='ocrx_word' id='word_1_30' title='bbox 70 251 90 287; x_wconf 80' lang='grc' dir='ltr'>ἢ</span> <span class='ocrx_word' id='word_1_31' title='bbox 105 251 140 278; x_wconf 77' lang='grc' dir='ltr'><strong>δὲ</strong></span> <span class='ocrx_word' id='word_1_32' title='bbox 155 251 200 287; x_wconf 85' lang='grc' dir='ltr'>γῆ,</span> <span class='ocrx_word' id='word_1_33' title='bbox 210 251 286 279; x_wconf 79' lang='grc' dir='ltr'>κάτω</span> <span class='ocrx_word' id='word_1_34' title='bbox 297 260 304 267; x_wconf 89' lang='grc'>·</span> <span class='ocrx_word' id='word_1_35' title='bbox 319 252 348 278; x_wconf 82' lang='grc' dir='ltr'>τὸ</span> <span class='ocrx_word' id='word_1_36' title='bbox 357 251 385 278; x_wconf 80' lang='grc' dir='ltr'><strong>δὲ</strong></span> <span class='ocrx_word' id='word_1_37' title='bbox 398 252 461 283; x_wconf 84' lang='grc' dir='ltr'>πᾶν,</span> <span class='ocrx_word' id='word_1_38' title='bbox 472 252 520 288; x_wconf 83' lang='grc' dir='ltr'><strong>τὴν</strong></span> <span class='ocrx_word' id='word_1_39' title='bbox 531 252 624 289; x_wconf 80' lang='grc' dir='ltr'>κύκλῳ</span> <span class='ocrx_word' id='word_1_40' title='bbox 636 261 642 268; x_wconf 74' lang='grc' dir='ltr'><strong><em>σ</em></strong></span> <span class='ocrx_word' id='word_1_41' title='bbox 655 254 680 279; x_wconf 82' lang='grc' dir='ltr'>οἱ</span> <span class='ocrx_word' id='word_1_42' title='bbox 689 253 717 279; x_wconf 78' lang='grc' dir='ltr'><strong>δὲ</strong></span> <span class='ocrx_word' id='word_1_43' title='bbox 730 252 875 288; x_wconf 77' lang='grc' dir='ltr'>πλανῆται,</span> 
     </span>
    </p>
   </div>
   <div class='ocr_carea' id='block_1_7' title="bbox 67 297 876 335">
    <p class='ocr_par' dir='ltr' id='par_1_7' title="bbox 67 297 876 335">
     <span class='ocr_line' id='line_1_7' title="bbox 67 297 876 335; baseline 0.001 -11"><span class='ocrx_word' id='word_1_44' title='bbox 67 297 129 334; x_wconf 76' lang='grc' dir='ltr'>τὴν</span> <span class='ocrx_word' id='word_1_45' title='bbox 143 298 277 334; x_wconf 78' lang='grc' dir='ltr'><strong>ἑλικοειδῆ</strong></span> <span class='ocrx_word' id='word_1_46' title='bbox 289 298 358 325; x_wconf 84' lang='grc' dir='ltr'><strong>καθὸ</strong></span> <span class='ocrx_word' id='word_1_47' title='bbox 370 299 424 326; x_wconf 77' lang='grc' dir='ltr'>ἀπὸ</span> <span class='ocrx_word' id='word_1_48' title='bbox 436 298 489 326; x_wconf 89' lang='grc' dir='ltr'><strong>τῶν</strong></span> <span class='ocrx_word' id='word_1_49' title='bbox 501 299 597 326; x_wconf 79' lang='grc' dir='ltr'><strong>νοτίων</strong></span> <span class='ocrx_word' id='word_1_50' title='bbox 609 300 655 326; x_wconf 77' lang='grc' dir='ltr'><strong>ἐπὶ</strong></span> <span class='ocrx_word' id='word_1_51' title='bbox 666 298 701 326; x_wconf 83' lang='grc' dir='ltr'><strong>τὰ</strong></span> <span class='ocrx_word' id='word_1_52' title='bbox 712 298 815 335; x_wconf 82' lang='grc' dir='ltr'>βόρεια,</span> <span class='ocrx_word' id='word_1_53' title='bbox 829 299 876 325; x_wconf 78' lang='grc' dir='ltr'><strong>καὶ</strong></span> 
     </span>
    </p>
   </div>
   <div class='ocr_carea' id='block_1_8' title="bbox 68 343 876 381">
    <p class='ocr_par' dir='ltr' id='par_1_8' title="bbox 68 343 876 381">
     <span class='ocr_line' id='line_1_8' title="bbox 68 343 876 381; baseline 0 -11"><span class='ocrx_word' id='word_1_54' title='bbox 68 343 135 370; x_wconf 81' lang='grc' dir='ltr'><strong>ἀπὸ</strong></span> <span class='ocrx_word' id='word_1_55' title='bbox 150 343 205 370; x_wconf 86' lang='grc' dir='ltr'><strong>τῶν</strong></span> <span class='ocrx_word' id='word_1_56' title='bbox 217 343 330 380; x_wconf 78' lang='grc' dir='ltr'><strong>βορείων</strong></span> <span class='ocrx_word' id='word_1_57' title='bbox 343 344 389 370; x_wconf 72' lang='grc' dir='ltr'>ἐπὶ</span> <span class='ocrx_word' id='word_1_58' title='bbox 400 344 436 371; x_wconf 83' lang='grc' dir='ltr'><strong>τὰ</strong></span> <span class='ocrx_word' id='word_1_59' title='bbox 448 345 523 372; x_wconf 81' lang='grc' dir='ltr'>νότια</span> <span class='ocrx_word' id='word_1_60' title='bbox 534 345 583 381; x_wconf 84' lang='grc' dir='ltr'>τὴν</span> <span class='ocrx_word' id='word_1_61' title='bbox 596 345 702 380; x_wconf 87' lang='grc' dir='ltr'>κίνησιν</span> <span class='ocrx_word' id='word_1_62' title='bbox 715 344 816 380; x_wconf 76' lang='grc' dir='ltr'>ἔχουσι,</span> <span class='ocrx_word' id='word_1_63' title='bbox 829 344 876 370; x_wconf 66' lang='grc' dir='ltr'><strong>καὶ¹</strong></span> 
     </span>
    </p>
   </div>
   <div class='ocr_carea' id='block_1_9' title="bbox 68 389 876 426">
    <p class='ocr_par' dir='ltr' id='par_1_9' title="bbox 68 389 876 426">
     <span class='ocr_line' id='line_1_9' title="bbox 68 389 876 426; baseline 0.001 -11"><span class='ocrx_word' id='word_1_64' title='bbox 68 390 117 421; x_wconf 83' lang='grc' dir='ltr'><strong>εἰς</strong></span> <span class='ocrx_word' id='word_1_65' title='bbox 137 389 170 416; x_wconf 79' lang='grc' dir='ltr'><strong>τὸ</strong></span> <span class='ocrx_word' id='word_1_66' title='bbox 182 390 248 416; x_wconf 74' lang='grc' dir='ltr'>αὐτὸ</span> <span class='ocrx_word' id='word_1_67' title='bbox 265 392 377 426; x_wconf 85' lang='grc' dir='ltr'>σημεῖον</span> <span class='ocrx_word' id='word_1_68' title='bbox 391 390 472 418; x_wconf 81' lang='grc' dir='ltr'>πάλιν</span> <span class='ocrx_word' id='word_1_69' title='bbox 489 390 707 418; x_wconf 82' lang='grc' dir='ltr'>ὲπανακυκλοῦσι</span> <span class='ocrx_word' id='word_1_70' title='bbox 721 399 728 424; x_wconf 87' lang='grc'>;</span> <span class='ocrx_word' id='word_1_71' title='bbox 747 390 803 417; x_wconf 80' lang='grc' dir='ltr'><strong>Καὶ</strong></span> <span class='ocrx_word' id='word_1_72' title='bbox 821 390 876 426; x_wconf 78' lang='grc' dir='ltr'><strong>γὰρ</strong></span> 
     </span>
    </p>
   </div>
   <div class='ocr_carea' id='block_1_10' title="bbox 67 434 876 472">
    <p class='ocr_par' dir='ltr' id='par_1_10' title="bbox 67 434 876 472">
     <span class='ocr_line' id='line_1_10' title="bbox 67 434 876 472; baseline 0.002 -12"><span class='ocrx_word' id='word_1_73' title='bbox 67 434 107 460; x_wconf 81' lang='grc' dir='ltr'>ἐκ</span> <span class='ocrx_word' id='word_1_74' title='bbox 123 434 175 461; x_wconf 78' lang='grc' dir='ltr'>τοῦ</span> <span class='ocrx_word' id='word_1_75' title='bbox 188 435 256 461; x_wconf 83' lang='grc' dir='ltr'><strong>Θεοῦ</strong></span> <span class='ocrx_word' id='word_1_76' title='bbox 269 435 304 462; x_wconf 87' lang='grc' dir='ltr'><strong>τά</strong></span> <span class='ocrx_word' id='word_1_77' title='bbox 315 436 404 462; x_wconf 80' lang='grc' dir='ltr'>πάντα</span> <span class='ocrx_word' id='word_1_78' title='bbox 422 437 469 463; x_wconf 78' lang='grc' dir='ltr'><strong>καὶ</strong></span> <span class='ocrx_word' id='word_1_79' title='bbox 481 436 515 463; x_wconf 78' lang='grc' dir='ltr'>δι’</span> <span class='ocrx_word' id='word_1_80' title='bbox 528 435 621 469; x_wconf 75' lang='grc' dir='ltr'>αὑτοῦ,</span> <span class='ocrx_word' id='word_1_81' title='bbox 635 435 687 462; x_wconf 84' lang='grc' dir='ltr'>κᾶν</span> <span class='ocrx_word' id='word_1_82' title='bbox 709 435 814 472; x_wconf 82' lang='grc' dir='ltr'>σμικρά</span> <span class='ocrx_word' id='word_1_83' title='bbox 835 444 876 467; x_wconf 85' lang='grc' dir='ltr'><strong>τις</strong></span> 
     </span>
    </p>
   </div>
   <div class='ocr_carea' id='block_1_11' title="bbox 66 479 876 519">
    <p class='ocr_par' dir='ltr' id='par_1_11' title="bbox 66 479 876 519">
     <span class='ocr_line' id='line_1_11' title="bbox 66 479 876 519; baseline 0.004 -13"><span class='ocrx_word' id='word_1_84' title='bbox 66 479 162 514; x_wconf 77' lang='grc' dir='ltr'>φύσις</span> <span class='ocrx_word' id='word_1_85' title='bbox 175 480 204 518; x_wconf 86' lang='grc' dir='ltr'>ᾖ,</span> <span class='ocrx_word' id='word_1_86' title='bbox 217 480 268 508; x_wconf 80' lang='grc' dir='ltr'>κᾶν</span> <span class='ocrx_word' id='word_1_87' title='bbox 281 481 396 519; x_wconf 79' lang='grc' dir='ltr'><strong>μεγάλη,</strong></span> <span class='ocrx_word' id='word_1_88' title='bbox 411 482 462 509; x_wconf 77' lang='grc' dir='ltr'>κᾶν</span> <span class='ocrx_word' id='word_1_89' title='bbox 479 482 523 519; x_wconf 82' lang='grc' dir='ltr'><strong>ίοη</strong></span> <span class='ocrx_word' id='word_1_90' title='bbox 535 484 591 515; x_wconf 82' lang='grc' dir='ltr'>τοῖς</span> <span class='ocrx_word' id='word_1_91' title='bbox 605 482 704 515; x_wconf 80' lang='grc' dir='ltr'>ἄλλοις,</span> <span class='ocrx_word' id='word_1_92' title='bbox 719 482 769 510; x_wconf 83' lang='grc' dir='ltr'>κᾶν</span> <span class='ocrx_word' id='word_1_93' title='bbox 782 483 810 509; x_wconf 79' lang='grc' dir='ltr'>ἐν</span> <span class='ocrx_word' id='word_1_94' title='bbox 828 482 876 518; x_wconf 80' lang='grc' dir='ltr'><strong>μὲ-</strong></span> 
     </span>
    </p>
   </div>
   <div class='ocr_carea' id='block_1_12' title="bbox 65 526 875 564">
    <p class='ocr_par' dir='ltr' id='par_1_12' title="bbox 65 526 875 564">
     <span class='ocr_line' id='line_1_12' title="bbox 65 526 875 564; baseline 0.004 -12"><span class='ocrx_word' id='word_1_95' title='bbox 65 534 135 562; x_wconf 83' lang='grc' dir='ltr'><strong>τρῳ</strong></span> <span class='ocrx_word' id='word_1_96' title='bbox 149 527 203 553; x_wconf 81' lang='grc' dir='ltr'>τινὶ</span> <span class='ocrx_word' id='word_1_97' title='bbox 214 526 368 563; x_wconf 75' lang='grc' dir='ltr'>ὡρισμένῳ,</span> <span class='ocrx_word' id='word_1_98' title='bbox 381 528 409 554; x_wconf 79' lang='grc' dir='ltr'>αἱ</span> <span class='ocrx_word' id='word_1_99' title='bbox 428 528 483 555; x_wconf 88' lang='grc' dir='ltr'><strong>τῶν</strong></span> <span class='ocrx_word' id='word_1_100' title='bbox 497 528 661 564; x_wconf 84' lang='grc' dir='ltr'><strong>σωματικῶν</strong></span> <span class='ocrx_word' id='word_1_101' title='bbox 672 528 812 562; x_wconf 86' lang='grc' dir='ltr'>ἅναλογίαι</span> <span class='ocrx_word' id='word_1_102' title='bbox 827 537 875 564; x_wconf 82' lang='grc' dir='ltr'>με-</span> 
     </span>
    </p>
   </div>
   <div class='ocr_carea' id='block_1_13' title="bbox 67 569 875 610">
    <p class='ocr_par' dir='ltr' id='par_1_13' title="bbox 67 569 875 610">
     <span class='ocr_line' id='line_1_13' title="bbox 67 569 875 610; baseline 0.006 -14"><span class='ocrx_word' id='word_1_103' title='bbox 67 569 147 606; x_wconf 84' lang='grc' dir='ltr'>ρῶν,</span> <span class='ocrx_word' id='word_1_104' title='bbox 169 572 198 599; x_wconf 84' lang='grc' dir='ltr'><strong>αί</strong></span> <span class='ocrx_word' id='word_1_105' title='bbox 210 572 350 608; x_wconf 84' lang='grc' dir='ltr'><strong>ἁρμονίαι,</strong></span> <span class='ocrx_word' id='word_1_106' title='bbox 362 574 390 600; x_wconf 82' lang='grc' dir='ltr'>αἱ</span> <span class='ocrx_word' id='word_1_107' title='bbox 403 573 457 600; x_wconf 88' lang='grc' dir='ltr'><strong>τῶν</strong></span> <span class='ocrx_word' id='word_1_108' title='bbox 471 573 566 610; x_wconf 84' lang='grc' dir='ltr'>χυμῶν</span> <span class='ocrx_word' id='word_1_109' title='bbox 579 574 701 610; x_wconf 84' lang='grc' dir='ltr'><strong>κράσεις,</strong></span> <span class='ocrx_word' id='word_1_110' title='bbox 716 574 750 601; x_wconf 84' lang='grc' dir='ltr'><strong>τὰ</strong></span> <span class='ocrx_word' id='word_1_111' title='bbox 768 575 827 606; x_wconf 83' lang='grc' dir='ltr'>ὂλα,</span> <span class='ocrx_word' id='word_1_112' title='bbox 840 574 875 602; x_wconf 86' lang='grc' dir='ltr'><strong>τὰ</strong></span> 
     </span>
    </p>
   </div>
   <div class='ocr_carea' id='block_1_14' title="bbox 67 615 875 656">
    <p class='ocr_par' dir='ltr' id='par_1_14' title="bbox 67 615 875 656">
     <span class='ocr_line' id='line_1_14' title="bbox 67 615 875 656; baseline 0.006 -14"><span class='ocrx_word' id='word_1_113' title='bbox 67 615 163 652; x_wconf 76' lang='grc' dir='ltr'>μέρη,</span> <span class='ocrx_word' id='word_1_114' title='bbox 176 618 230 644; x_wconf 77' lang='grc' dir='ltr'><strong>πᾶν</strong></span> <span class='ocrx_word' id='word_1_115' title='bbox 242 617 271 644; x_wconf 88' lang='grc' dir='ltr'>ἒν</span> <span class='ocrx_word' id='word_1_116' title='bbox 283 618 330 644; x_wconf 78' lang='grc' dir='ltr'>καὶ</span> <span class='ocrx_word' id='word_1_117' title='bbox 342 618 453 654; x_wconf 87' lang='grc' dir='ltr'>πλῆθος.</span> <span class='ocrx_word' id='word_1_118' title='bbox 472 620 550 646; x_wconf 83' lang='grc' dir='ltr'>Ἔστι</span> <span class='ocrx_word' id='word_1_119' title='bbox 567 619 622 656; x_wconf 83' lang='grc' dir='ltr'><strong>γὰρ</strong></span> <span class='ocrx_word' id='word_1_120' title='bbox 634 621 681 647; x_wconf 77' lang='grc' dir='ltr'><strong>καὶ</strong></span> <span class='ocrx_word' id='word_1_121' title='bbox 693 620 722 646; x_wconf 81' lang='grc' dir='ltr'>ἓν</span> <span class='ocrx_word' id='word_1_122' title='bbox 738 620 809 647; x_wconf 89' lang='grc' dir='ltr'><strong>κατά</strong></span> <span class='ocrx_word' id='word_1_123' title='bbox 825 620 875 656; x_wconf 84' lang='grc' dir='ltr'>τὴν</span> 
     </span>
    </p>
   </div>
   <div class='ocr_carea' id='block_1_15' title="bbox 66 661 875 700">
    <p class='ocr_par' dir='ltr' id='par_1_15' title="bbox 66 661 875 700">
     <span class='ocr_line' id='line_1_15' title="bbox 66 661 875 700; baseline 0.005 -12"><span class='ocrx_word' id='word_1_124' title='bbox 66 661 205 690; x_wconf 84' lang='grc' dir='ltr'><strong>σύνδεσιν</strong></span> <span class='ocrx_word' id='word_1_125' title='bbox 215 663 270 690; x_wconf 77' lang='grc' dir='ltr'><strong>τῶν</strong></span> <span class='ocrx_word' id='word_1_126' title='bbox 282 663 383 699; x_wconf 83' lang='grc' dir='ltr'>μερῶν,</span> <span class='ocrx_word' id='word_1_127' title='bbox 392 663 430 696; x_wconf 81' lang='grc' dir='ltr'>ὡς</span> <span class='ocrx_word' id='word_1_128' title='bbox 439 664 591 700; x_wconf 76' lang='grc' dir='ltr'>ἄνθρωπος,</span> <span class='ocrx_word' id='word_1_129' title='bbox 607 665 671 697; x_wconf 83' lang='grc' dir='ltr'><strong>βοῦς</strong></span> <span class='ocrx_word' id='word_1_130' title='bbox 683 674 689 680; x_wconf 82' lang='grc'><strong>”</strong></span> <span class='ocrx_word' id='word_1_131' title='bbox 702 665 774 692; x_wconf 76' lang='grc' dir='ltr'>ἐστιν</span> <span class='ocrx_word' id='word_1_132' title='bbox 786 665 816 692; x_wconf 74' lang='grc' dir='ltr'>ἓν</span> <span class='ocrx_word' id='word_1_133' title='bbox 827 665 875 692; x_wconf 71' lang='grc' dir='ltr'><strong>κα)⁴</strong></span> 
     </span>
    </p>
   </div>
   <div class='ocr_carea' id='block_1_16' title="bbox 65 708 873 748">
    <p class='ocr_par' dir='ltr' id='par_1_16' title="bbox 65 708 873 748">
     <span class='ocr_line' id='line_1_16' title="bbox 65 708 873 748; baseline 0.004 -13"><span class='ocrx_word' id='word_1_134' title='bbox 65 708 149 735; x_wconf 80' lang='grc' dir='ltr'>κατὰ</span> <span class='ocrx_word' id='word_1_135' title='bbox 162 708 212 745; x_wconf 84' lang='grc' dir='ltr'>τὴν</span> <span class='ocrx_word' id='word_1_136' title='bbox 224 709 271 736; x_wconf 85' lang='grc' dir='ltr'>τοῦ</span> <span class='ocrx_word' id='word_1_137' title='bbox 291 709 409 746; x_wconf 81' lang='grc' dir='ltr'>πλήθους</span> <span class='ocrx_word' id='word_1_138' title='bbox 429 710 536 744; x_wconf 72' lang='grc' dir='ltr'>ἕνωσιν,</span> <span class='ocrx_word' id='word_1_139' title='bbox 555 711 592 744; x_wconf 87' lang='grc' dir='ltr'>ὠς</span> <span class='ocrx_word' id='word_1_140' title='bbox 612 711 707 747; x_wconf 82' lang='grc' dir='ltr'>δῆμος,</span> <span class='ocrx_word' id='word_1_141' title='bbox 731 712 873 748; x_wconf 78' lang='grc' dir='ltr'>ἐκκλησία,</span> 
     </span>
    </p>
   </div>
   <div class='ocr_carea' id='block_1_17' title="bbox 65 755 874 794">
    <p class='ocr_par' dir='ltr' id='par_1_17' title="bbox 65 755 874 794">
     <span class='ocr_line' id='line_1_17' title="bbox 65 755 874 794; baseline 0.006 -14"><span class='ocrx_word' id='word_1_142' title='bbox 65 755 192 791; x_wconf 77' lang='grc' dir='ltr'><strong>ποίμνη.</strong></span> <span class='ocrx_word' id='word_1_143' title='bbox 207 755 243 781; x_wconf 87' lang='grc' dir='ltr'><strong>Τὸ</strong></span> <span class='ocrx_word' id='word_1_144' title='bbox 258 755 334 782; x_wconf 77' lang='grc' dir='ltr'>ποιὸν</span> <span class='ocrx_word' id='word_1_145' title='bbox 350 757 475 789; x_wconf 77' lang='grc' dir='ltr'><strong>ἑκάστου,</strong></span> <span class='ocrx_word' id='word_1_146' title='bbox 486 757 517 784; x_wconf 82' lang='grc' dir='ltr'>τὸ</span> <span class='ocrx_word' id='word_1_147' title='bbox 535 757 618 784; x_wconf 78' lang='grc' dir='ltr'>ποσόν</span> <span class='ocrx_word' id='word_1_148' title='bbox 628 766 634 773; x_wconf 90' lang='grc'><strong>·</strong></span> <span class='ocrx_word' id='word_1_149' title='bbox 656 757 736 784; x_wconf 84' lang='grc' dir='ltr'>τοῦτο</span> <span class='ocrx_word' id='word_1_150' title='bbox 751 759 805 794; x_wconf 84' lang='grc' dir='ltr'>γάρ</span> <span class='ocrx_word' id='word_1_151' title='bbox 816 759 874 785; x_wconf 82' lang='grc' dir='ltr'>ἐστι</span> 
     </span>
    </p>
   </div>
   <div class='ocr_carea' id='block_1_18' title="bbox 65 800 872 841">
    <p class='ocr_par' dir='ltr' id='par_1_18' title="bbox 65 800 872 841">
     <span class='ocr_line' id='line_1_18' title="bbox 65 800 872 841; baseline 0.006 -15"><span class='ocrx_word' id='word_1_152' title='bbox 65 800 100 827; x_wconf 79' lang='grc' dir='ltr'>τὸ</span> <span class='ocrx_word' id='word_1_153' title='bbox 114 800 244 836; x_wconf 80' lang='grc' dir='ltr'><strong>πηλίκον,</strong></span> <span class='ocrx_word' id='word_1_154' title='bbox 255 803 283 828; x_wconf 81' lang='grc' dir='ltr'>αἱ</span> <span class='ocrx_word' id='word_1_155' title='bbox 295 801 349 829; x_wconf 86' lang='grc' dir='ltr'><strong>τῶν</strong></span> <span class='ocrx_word' id='word_1_156' title='bbox 360 803 499 838; x_wconf 87' lang='grc' dir='ltr'>στοιχείων</span> <span class='ocrx_word' id='word_1_157' title='bbox 510 804 647 830; x_wconf 76' lang='grc' dir='ltr'>κοινωνίαι</span> <span class='ocrx_word' id='word_1_158' title='bbox 659 805 705 831; x_wconf 79' lang='grc' dir='ltr'>καὶ</span> <span class='ocrx_word' id='word_1_159' title='bbox 712 804 872 841; x_wconf 82' lang='grc' dir='ltr'>διακρίσεις.</span> 
     </span>
    </p>
   </div>
   <div class='ocr_carea' id='block_1_19' title="bbox 65 845 872 883">
    <p class='ocr_par' dir='ltr' id='par_1_19' title="bbox 65 845 872 883">
     <span class='ocr_line' id='line_1_19' title="bbox 65 845 872 883; baseline 0.006 -11"><span class='ocrx_word' id='word_1_160' title='bbox 65 845 154 873; x_wconf 77' lang='grc' dir='ltr'>Καθδ</span> <span class='ocrx_word' id='word_1_161' title='bbox 176 846 230 881; x_wconf 74' lang='grc' dir='ltr'>γὰρ</span> <span class='ocrx_word' id='word_1_162' title='bbox 252 847 338 883; x_wconf 73' lang='grc' dir='ltr'>ἑτέρῳ</span> <span class='ocrx_word' id='word_1_163' title='bbox 361 848 471 875; x_wconf 79' lang='grc' dir='ltr'>ἑνοῦται</span> <span class='ocrx_word' id='word_1_164' title='bbox 493 857 532 881; x_wconf 87' lang='grc' dir='ltr'><strong>τι,</strong></span> <span class='ocrx_word' id='word_1_165' title='bbox 557 848 746 877; x_wconf 86' lang='grc' dir='ltr'>ἀποδιίσταται</span> <span class='ocrx_word' id='word_1_166' title='bbox 771 851 851 878; x_wconf 81' lang='grc' dir='ltr'>ἄλλου</span> <span class='ocrx_word' id='word_1_167' title='bbox 865 859 872 867; x_wconf 88' lang='grc'>·</span> 
     </span>
    </p>
   </div>
   <div class='ocr_carea' id='block_1_20' title="bbox 931 251 1722 287">
    <p class='ocr_par' dir='ltr' id='par_1_20' title="bbox 931 251 1722 287">
     <span class='ocr_line' id='line_1_20' title="bbox 931 251 1722 287; baseline 0.001 -9"><span class='ocrx_word' id='word_1_168' title='bbox 931 251 1023 283; x_wconf 84' lang='lat' dir='ltr'><strong>habet,</strong></span> <span class='ocrx_word' id='word_1_169' title='bbox 1039 251 1092 278; x_wconf 86' lang='lat' dir='ltr'><strong>nisi</strong></span> <span class='ocrx_word' id='word_1_170' title='bbox 1106 251 1169 286; x_wconf 89' lang='lat' dir='ltr'><strong>quia</strong></span> <span class='ocrx_word' id='word_1_171' title='bbox 1182 251 1309 279; x_wconf 85' lang='lat' dir='ltr'><strong>videlicet</strong></span> <span class='ocrx_word' id='word_1_172' title='bbox 1323 251 1456 279; x_wconf 85' lang='lat' dir='ltr'><strong>elementa</strong></span> <span class='ocrx_word' id='word_1_173' title='bbox 1475 253 1585 287; x_wconf 80' lang='lat' dir='ltr'><strong>quidem</strong></span> <span class='ocrx_word' id='word_1_174' title='bbox 1603 257 1722 287; x_wconf 72' lang='lat' dir='ltr'><strong>rectum,</strong></span> 
     </span>
    </p>
   </div>
   <div class='ocr_carea' id='block_1_21' title="bbox 930 296 1719 332">
    <p class='ocr_par' dir='ltr' id='par_1_21' title="bbox 930 296 1719 332">
     <span class='ocr_line' id='line_1_21' title="bbox 930 296 1719 332; baseline 0.003 -9"><span class='ocrx_word' id='word_1_175' title='bbox 930 301 960 324; x_wconf 85' lang='grc' dir='ltr'><strong>ιιι</strong></span> <span class='ocrx_word' id='word_1_176' title='bbox 979 296 1055 332; x_wconf 77' lang='lat' dir='ltr'><strong>ignis</strong></span> <span class='ocrx_word' id='word_1_177' title='bbox 1077 304 1199 330; x_wconf 83' lang='lat' dir='ltr'><strong>sursum,</strong></span> <span class='ocrx_word' id='word_1_178' title='bbox 1213 301 1286 324; x_wconf 88' lang='lat' dir='ltr'><strong>terra</strong></span> <span class='ocrx_word' id='word_1_179' title='bbox 1299 296 1439 329; x_wconf 86' lang='lat' dir='ltr'><strong>deonsum,</strong></span> <span class='ocrx_word' id='word_1_180' title='bbox 1454 298 1609 325; x_wconf 85' lang='lat' dir='ltr'><strong>universum</strong></span> <span class='ocrx_word' id='word_1_181' title='bbox 1627 303 1719 325; x_wconf 85' lang='lat' dir='ltr'><strong>autent</strong></span> 
     </span>
    </p>
   </div>
   <div class='ocr_carea' id='block_1_22' title="bbox 927 342 1719 379">
    <p class='ocr_par' dir='ltr' id='par_1_22' title="bbox 927 342 1719 379">
     <span class='ocr_line' id='line_1_22' title="bbox 927 342 1719 379; baseline 0 -9"><span class='ocrx_word' id='word_1_182' title='bbox 927 342 979 371; x_wconf 79' lang='lat' dir='ltr'><strong>ltoc</strong></span> <span class='ocrx_word' id='word_1_183' title='bbox 1004 342 1184 377; x_wconf 89' lang='lat' dir='ltr'><strong>circularem,</strong></span> <span class='ocrx_word' id='word_1_184' title='bbox 1211 342 1328 377; x_wconf 75' lang='lat' dir='ltr'><strong>pianctae</strong></span> <span class='ocrx_word' id='word_1_185' title='bbox 1356 351 1422 370; x_wconf 81' lang='lat' dir='ltr'><strong>vero</strong></span> <span class='ocrx_word' id='word_1_186' title='bbox 1450 343 1588 379; x_wconf 83' lang='lat' dir='ltr'><strong>obliquum</strong></span> <span class='ocrx_word' id='word_1_187' title='bbox 1615 350 1719 371; x_wconf 88' lang='lat' dir='ltr'><strong>motum</strong></span> 
     </span>
    </p>
   </div>
   <div class='ocr_carea' id='block_1_23' title="bbox 928 389 1720 425">
    <p class='ocr_par' dir='ltr' id='par_1_23' title="bbox 928 389 1720 425">
     <span class='ocr_line' id='line_1_23' title="bbox 928 389 1720 425; baseline -0.001 -8"><span class='ocrx_word' id='word_1_188' title='bbox 928 389 1041 422; x_wconf 82' lang='lat' dir='ltr'><strong>habent,</strong></span> <span class='ocrx_word' id='word_1_189' title='bbox 1058 389 1279 425; x_wconf 79' lang='lat' dir='ltr'><strong>quandoquidem</strong></span> <span class='ocrx_word' id='word_1_190' title='bbox 1304 390 1338 418; x_wconf 89' lang='lat' dir='ltr'><strong>ab</strong></span> <span class='ocrx_word' id='word_1_191' title='bbox 1361 390 1464 418; x_wconf 84' lang='lat' dir='ltr'><strong>Austro</strong></span> <span class='ocrx_word' id='word_1_192' title='bbox 1479 399 1574 418; x_wconf 75' lang='lat' dir='ltr'><strong>versus</strong></span> <span class='ocrx_word' id='word_1_193' title='bbox 1590 390 1720 422; x_wconf 82' lang='lat' dir='ltr'><strong>Boream,</strong></span> 
     </span>
    </p>
   </div>
   <div class='ocr_carea' id='block_1_24' title="bbox 926 435 1721 470">
    <p class='ocr_par' dir='ltr' id='par_1_24' title="bbox 926 435 1721 470">
     <span class='ocr_line' id='line_1_24' title="bbox 926 435 1721 470; baseline 0 -6"><span class='ocrx_word' id='word_1_194' title='bbox 926 441 954 464; x_wconf 90' lang='lat' dir='ltr'><strong>et</strong></span> <span class='ocrx_word' id='word_1_195' title='bbox 969 436 1089 464; x_wconf 78' lang='lat' dir='ltr'><strong>vicissim</strong></span> <span class='ocrx_word' id='word_1_196' title='bbox 1106 444 1120 463; x_wconf 91' lang='lat' dir='ltr'><strong>a</strong></span> <span class='ocrx_word' id='word_1_197' title='bbox 1135 435 1220 463; x_wconf 81' lang='lat' dir='ltr'><strong>Borea</strong></span> <span class='ocrx_word' id='word_1_198' title='bbox 1246 444 1342 464; x_wconf 87' lang='lat' dir='ltr'><strong>versus</strong></span> <span class='ocrx_word' id='word_1_199' title='bbox 1358 436 1488 464; x_wconf 82' lang='lat' dir='ltr'><strong>Austrum</strong></span> <span class='ocrx_word' id='word_1_200' title='bbox 1514 441 1669 470; x_wconf 77' lang='lat' dir='ltr'><strong>moventur,</strong></span> <span class='ocrx_word' id='word_1_201' title='bbox 1691 441 1721 464; x_wconf 91' lang='lat' dir='ltr'><strong>et</strong></span> 
     </span>
    </p>
   </div>
   <div class='ocr_carea' id='block_1_25' title="bbox 927 481 1720 516">
    <p class='ocr_par' dir='ltr' id='par_1_25' title="bbox 927 481 1720 516">
     <span class='ocr_line' id='line_1_25' title="bbox 927 481 1720 516; baseline 0 -7"><span class='ocrx_word' id='word_1_202' title='bbox 927 481 962 509; x_wconf 87' lang='lat' dir='ltr'><strong>ad</strong></span> <span class='ocrx_word' id='word_1_203' title='bbox 979 482 1049 509; x_wconf 88' lang='lat' dir='ltr'><strong>idem</strong></span> <span class='ocrx_word' id='word_1_204' title='bbox 1065 488 1196 515; x_wconf 84' lang='lat' dir='ltr'><strong>punctum</strong></span> <span class='ocrx_word' id='word_1_205' title='bbox 1213 482 1303 510; x_wconf 89' lang='lat' dir='ltr'><strong>denuo</strong></span> <span class='ocrx_word' id='word_1_206' title='bbox 1319 482 1520 510; x_wconf 84' lang='lat' dir='ltr'><strong>revolvuntur?</strong></span> <span class='ocrx_word' id='word_1_207' title='bbox 1533 482 1674 516; x_wconf 80' lang='lat' dir='ltr'><strong>Siquidem</strong></span> <span class='ocrx_word' id='word_1_208' title='bbox 1685 490 1720 509; x_wconf 76' lang='lat' dir='ltr'><strong>ex</strong></span> 
     </span>
    </p>
   </div>
   <div class='ocr_carea' id='block_1_26' title="bbox 927 526 1720 562">
    <p class='ocr_par' dir='ltr' id='par_1_26' title="bbox 927 526 1720 562">
     <span class='ocr_line' id='line_1_26' title="bbox 927 526 1720 562; baseline -0.003 -8"><span class='ocrx_word' id='word_1_209' title='bbox 927 527 982 554; x_wconf 90' lang='lat' dir='ltr'><strong>Deo</strong></span> <span class='ocrx_word' id='word_1_210' title='bbox 998 531 1027 555; x_wconf 90' lang='lat' dir='ltr'><strong>et</strong></span> <span class='ocrx_word' id='word_1_211' title='bbox 1037 535 1085 562; x_wconf 86' lang='lat' dir='ltr'><strong>per</strong></span> <span class='ocrx_word' id='word_1_212' title='bbox 1094 527 1178 554; x_wconf 90' lang='lat' dir='ltr'><strong>Deum</strong></span> <span class='ocrx_word' id='word_1_213' title='bbox 1191 532 1254 554; x_wconf 90' lang='lat' dir='ltr'><strong>sunt</strong></span> <span class='ocrx_word' id='word_1_214' title='bbox 1271 527 1373 560; x_wconf 88' lang='lat' dir='ltr'><strong>omnia,</strong></span> <span class='ocrx_word' id='word_1_215' title='bbox 1385 527 1560 562; x_wconf 76' lang='lat' dir='ltr'><strong>quantumvis</strong></span> <span class='ocrx_word' id='word_1_216' title='bbox 1575 530 1671 553; x_wconf 87' lang='lat' dir='ltr'><strong>natura</strong></span> <span class='ocrx_word' id='word_1_217' title='bbox 1685 526 1720 553; x_wconf 85' lang='lat' dir='ltr'><strong>sit</strong></span> 
     </span>
    </p>
   </div>
   <div class='ocr_carea' id='block_1_27' title="bbox 925 573 1720 609">
    <p class='ocr_par' dir='ltr' id='par_1_27' title="bbox 925 573 1720 609">
     <span class='ocr_line' id='line_1_27' title="bbox 925 573 1720 609; baseline -0.001 -10"><span class='ocrx_word' id='word_1_218' title='bbox 925 581 1021 609; x_wconf 81' lang='lat' dir='ltr'><strong>parva,</strong></span> <span class='ocrx_word' id='word_1_219' title='bbox 1038 573 1081 600; x_wconf 92' lang='lat' dir='ltr'><strong>vel</strong></span> <span class='ocrx_word' id='word_1_220' title='bbox 1095 581 1203 609; x_wconf 81' lang='lat' dir='ltr'><strong>magna,</strong></span> <span class='ocrx_word' id='word_1_221' title='bbox 1217 573 1258 601; x_wconf 91' lang='lat' dir='ltr'><strong>vel</strong></span> <span class='ocrx_word' id='word_1_222' title='bbox 1269 573 1383 609; x_wconf 62' lang='lat' dir='ltr'><strong>mqualis</strong></span> <span class='ocrx_word' id='word_1_223' title='bbox 1398 573 1476 606; x_wconf 80' lang='lat' dir='ltr'><strong>aliis;</strong></span> <span class='ocrx_word' id='word_1_224' title='bbox 1499 578 1528 600; x_wconf 89' lang='lat' dir='ltr'><strong>et</strong></span> <span class='ocrx_word' id='word_1_225' title='bbox 1549 575 1627 600; x_wconf 66' lang='lat' dir='ltr'><strong>modo</strong></span> <span class='ocrx_word' id='word_1_226' title='bbox 1642 579 1720 600; x_wconf 87' lang='lat' dir='ltr'><strong>certo</strong></span> 
     </span>
    </p>
   </div>
   <div class='ocr_carea' id='block_1_28' title="bbox 925 619 1720 654">
    <p class='ocr_par' dir='ltr' id='par_1_28' title="bbox 925 619 1720 654">
     <span class='ocr_line' id='line_1_28' title="bbox 925 619 1720 654; baseline 0 -8"><span class='ocrx_word' id='word_1_227' title='bbox 925 619 1048 653; x_wconf 85' lang='lat' dir='ltr'><strong>deﬁnita,</strong></span> <span class='ocrx_word' id='word_1_228' title='bbox 1061 627 1255 654; x_wconf 87' lang='lat' dir='ltr'><strong>eorporearum</strong></span> <span class='ocrx_word' id='word_1_229' title='bbox 1272 627 1381 654; x_wconf 84' lang='lat' dir='ltr'><strong>quoque</strong></span> <span class='ocrx_word' id='word_1_230' title='bbox 1392 620 1511 654; x_wconf 87' lang='lat' dir='ltr'><strong>partium</strong></span> <span class='ocrx_word' id='word_1_231' title='bbox 1523 619 1720 654; x_wconf 76' lang='lat' dir='ltr'><strong>proportiones</strong></span> 
     </span>
    </p>
   </div>
   <div class='ocr_carea' id='block_1_29' title="bbox 925 665 1718 700">
    <p class='ocr_par' dir='ltr' id='par_1_29' title="bbox 925 665 1718 700">
     <span class='ocr_line' id='line_1_29' title="bbox 925 665 1718 700; baseline -0.003 -7"><span class='ocrx_word' id='word_1_232' title='bbox 925 670 954 693; x_wconf 90' lang='lat' dir='ltr'><strong>et.</strong></span> <span class='ocrx_word' id='word_1_233' title='bbox 982 666 1178 700; x_wconf 59' lang='lat' dir='ltr'><strong>congruentius,</strong></span> <span class='ocrx_word' id='word_1_234' title='bbox 1203 666 1349 692; x_wconf 87' lang='lat' dir='ltr'><strong>btttnorum</strong></span> <span class='ocrx_word' id='word_1_235' title='bbox 1382 665 1618 700; x_wconf 82' lang='lat' dir='ltr'><strong>temperationes,</strong></span> <span class='ocrx_word' id='word_1_236' title='bbox 1649 669 1718 697; x_wconf 86' lang='lat' dir='ltr'><strong>tota,</strong></span> 
     </span>
    </p>
   </div>
   <div class='ocr_carea' id='block_1_30' title="bbox 925 711 1718 746">
    <p class='ocr_par' dir='ltr' id='par_1_30' title="bbox 925 711 1718 746">
     <span class='ocr_line' id='line_1_30' title="bbox 925 711 1718 746; baseline -0.003 -7"><span class='ocrx_word' id='word_1_237' title='bbox 925 717 1032 746; x_wconf 87' lang='lat' dir='ltr'><strong>partes,</strong></span> <span class='ocrx_word' id='word_1_238' title='bbox 1046 719 1126 739; x_wconf 86' lang='lat' dir='ltr'><strong>omne</strong></span> <span class='ocrx_word' id='word_1_239' title='bbox 1141 720 1226 738; x_wconf 93' lang='lat' dir='ltr'><strong>unum</strong></span> <span class='ocrx_word' id='word_1_240' title='bbox 1240 717 1266 739; x_wconf 90' lang='lat' dir='ltr'><strong>ct</strong></span> <span class='ocrx_word' id='word_1_241' title='bbox 1283 711 1441 739; x_wconf 83' lang='lat' dir='ltr'><strong>multitudo.</strong></span> <span class='ocrx_word' id='word_1_242' title='bbox 1464 712 1512 739; x_wconf 87' lang='lat' dir='ltr'><strong>Est</strong></span> <span class='ocrx_word' id='word_1_243' title='bbox 1537 716 1629 738; x_wconf 85' lang='lat' dir='ltr'><strong>autem</strong></span> <span class='ocrx_word' id='word_1_244' title='bbox 1653 711 1718 745; x_wconf 84' lang='lat' dir='ltr'><strong>quid</strong></span> 
     </span>
    </p>
   </div>
   <div class='ocr_carea' id='block_1_31' title="bbox 925 757 1718 793">
    <p class='ocr_par' dir='ltr' id='par_1_31' title="bbox 925 757 1718 793">
     <span class='ocr_line' id='line_1_31' title="bbox 925 757 1718 793; baseline -0.003 -7"><span class='ocrx_word' id='word_1_245' title='bbox 925 766 1007 786; x_wconf 90' lang='lat' dir='ltr'><strong>unum</strong></span> <span class='ocrx_word' id='word_1_246' title='bbox 1029 759 1179 786; x_wconf 86' lang='lat' dir='ltr'><strong>secundum</strong></span> <span class='ocrx_word' id='word_1_247' title='bbox 1204 758 1406 793; x_wconf 69' lang='lat' dir='ltr'><strong>colligationem</strong></span> <span class='ocrx_word' id='word_1_248' title='bbox 1431 757 1560 793; x_wconf 83' lang='lat' dir='ltr'><strong>partium.</strong></span> <span class='ocrx_word' id='word_1_249' title='bbox 1579 762 1608 785; x_wconf 91' lang='lat' dir='ltr'><strong>nt</strong></span> <span class='ocrx_word' id='word_1_250' title='bbox 1624 758 1718 789; x_wconf 79' lang='lat' dir='ltr'><strong>homo.</strong></span> 
     </span>
    </p>
   </div>
   <div class='ocr_carea' id='block_1_32' title="bbox 924 804 1718 837">
    <p class='ocr_par' dir='ltr' id='par_1_32' title="bbox 924 804 1718 837">
     <span class='ocr_line' id='line_1_32' title="bbox 924 804 1718 837; baseline -0.003 -5"><span class='ocrx_word' id='word_1_251' title='bbox 924 804 994 837; x_wconf 86' lang='lat' dir='ltr'><strong>bos;</strong></span> <span class='ocrx_word' id='word_1_252' title='bbox 1011 810 1038 832; x_wconf 88' lang='lat' dir='ltr'><strong>et</strong></span> <span class='ocrx_word' id='word_1_253' title='bbox 1055 809 1096 832; x_wconf 88' lang='lat' dir='ltr'><strong>est</strong></span> <span class='ocrx_word' id='word_1_254' title='bbox 1110 813 1193 832; x_wconf 91' lang='lat' dir='ltr'><strong>unum</strong></span> <span class='ocrx_word' id='word_1_255' title='bbox 1208 805 1358 833; x_wconf 84' lang='lat' dir='ltr'><strong>secundum</strong></span> <span class='ocrx_word' id='word_1_256' title='bbox 1380 804 1563 832; x_wconf 83' lang='lat' dir='ltr'><strong>multitudinis</strong></span> <span class='ocrx_word' id='word_1_257' title='bbox 1576 805 1718 836; x_wconf 84' lang='lat' dir='ltr'><strong>unionem,</strong></span> 
     </span>
    </p>
   </div>
   <div class='ocr_carea' id='block_1_33' title="bbox 925 849 1717 885">
    <p class='ocr_par' dir='ltr' id='par_1_33' title="bbox 925 849 1717 885">
     <span class='ocr_line' id='line_1_33' title="bbox 925 849 1717 885; baseline 0 -10"><span class='ocrx_word' id='word_1_258' title='bbox 925 853 956 876; x_wconf 90' lang='lat' dir='ltr'><strong>ut</strong></span> <span class='ocrx_word' id='word_1_259' title='bbox 969 849 1095 884; x_wconf 86' lang='lat' dir='ltr'><strong>populus,</strong></span> <span class='ocrx_word' id='word_1_260' title='bbox 1113 850 1299 885; x_wconf 71' lang='lat' dir='ltr'><strong>congregatio,</strong></span> <span class='ocrx_word' id='word_1_261' title='bbox 1315 857 1394 884; x_wconf 79' lang='lat' dir='ltr'><strong>grex.</strong></span> <span class='ocrx_word' id='word_1_262' title='bbox 1410 849 1550 884; x_wconf 85' lang='lat' dir='ltr'><strong>Cujnsque</strong></span> <span class='ocrx_word' id='word_1_263' title='bbox 1571 850 1634 876; x_wconf 87' lang='lat' dir='ltr'><strong>item</strong></span> <span class='ocrx_word' id='word_1_264' title='bbox 1648 856 1717 883; x_wconf 81' lang='lat' dir='ltr'><strong>qua—</strong></span> 
     </span>
    </p>
   </div>
   <div class='ocr_carea' id='block_1_34' title="bbox 66 892 863 933">
    <p class='ocr_par' dir='ltr' id='par_1_34' title="bbox 66 892 863 933">
     <span class='ocr_line' id='line_1_34' title="bbox 66 892 863 933; baseline 0.006 -14"><span class='ocrx_word' id='word_1_265' title='bbox 66 892 148 920; x_wconf 80' lang='grc' dir='ltr'><strong>κατά</strong></span> <span class='ocrx_word' id='word_1_266' title='bbox 169 892 224 930; x_wconf 85' lang='grc' dir='ltr'><strong>γὰρ</strong></span> <span class='ocrx_word' id='word_1_267' title='bbox 236 893 267 920; x_wconf 84' lang='grc' dir='ltr'>τὸ</span> <span class='ocrx_word' id='word_1_268' title='bbox 283 894 384 930; x_wconf 78' lang='grc' dir='ltr'>θερμὸν</span> <span class='ocrx_word' id='word_1_269' title='bbox 404 895 436 922; x_wconf 81' lang='grc' dir='ltr'>τὸ</span> <span class='ocrx_word' id='word_1_270' title='bbox 451 894 507 931; x_wconf 80' lang='grc' dir='ltr'>πῦρ</span> <span class='ocrx_word' id='word_1_271' title='bbox 519 896 558 931; x_wconf 86' lang='grc' dir='ltr'>τῷ</span> <span class='ocrx_word' id='word_1_272' title='bbox 572 896 633 932; x_wconf 84' lang='grc' dir='ltr'><strong>ἀέρι</strong></span> <span class='ocrx_word' id='word_1_273' title='bbox 655 897 807 933; x_wconf 74' lang='grc' dir='ltr'>ἑνούμενον,</span> <span class='ocrx_word' id='word_1_274' title='bbox 821 897 863 924; x_wconf 78' lang='grc' dir='ltr'>τοὶ</span> 
     </span>
    </p>
   </div>
   <div class='ocr_carea' id='block_1_35' title="bbox 920 892 1716 933">
    <p class='ocr_par' dir='ltr' id='par_1_35' title="bbox 921 893 1716 929">
     <span class='ocr_line' id='line_1_35' title="bbox 921 893 1716 929; baseline 0 -8"><span class='ocrx_word' id='word_1_275' title='bbox 921 893 985 922; x_wconf 85' lang='lat' dir='ltr'><strong>litas</strong></span> <span class='ocrx_word' id='word_1_276' title='bbox 996 902 1029 922; x_wconf 88' lang='lat' dir='ltr'><strong>ac</strong></span> <span class='ocrx_word' id='word_1_277' title='bbox 1041 895 1181 929; x_wconf 81' lang='lat' dir='ltr'><strong>quantitas</strong></span> <span class='ocrx_word' id='word_1_278' title='bbox 1194 903 1201 922; x_wconf 88' lang='lat'><strong>:</strong></span> <span class='ocrx_word' id='word_1_279' title='bbox 1212 896 1263 922; x_wconf 93' lang='lat' dir='ltr'><strong>boc</strong></span> <span class='ocrx_word' id='word_1_280' title='bbox 1274 895 1347 922; x_wconf 86' lang='lat' dir='ltr'><strong>enim</strong></span> <span class='ocrx_word' id='word_1_281' title='bbox 1359 899 1401 922; x_wconf 89' lang='lat' dir='ltr'><strong>est</strong></span> <span class='ocrx_word' id='word_1_282' title='bbox 1413 897 1504 929; x_wconf 87' lang='lat' dir='ltr'><strong>quale,</strong></span> <span class='ocrx_word' id='word_1_283' title='bbox 1518 893 1716 922; x_wconf 86' lang='lat' dir='ltr'><strong>elementorum</strong></span> 
     </span>
    </p>
   </div>
   <div class='ocr_carea' id='block_1_36' title="bbox 66 938 869 979">
    <p class='ocr_par' dir='ltr' id='par_1_36' title="bbox 66 938 869 979">
     <span class='ocr_line' id='line_1_36' title="bbox 66 938 869 979; baseline 0.006 -14"><span class='ocrx_word' id='word_1_284' title='bbox 66 938 173 971; x_wconf 78' lang='grc' dir='ltr'>ὕδατος</span> <span class='ocrx_word' id='word_1_285' title='bbox 185 939 340 975; x_wconf 82' lang='grc' dir='ltr'>χωρίζεται.</span> <span class='ocrx_word' id='word_1_286' title='bbox 356 940 388 967; x_wconf 83' lang='grc' dir='ltr'><strong>Ἠ</strong></span> <span class='ocrx_word' id='word_1_287' title='bbox 398 941 428 968; x_wconf 82' lang='grc' dir='ltr'>ἐν</span> <span class='ocrx_word' id='word_1_288' title='bbox 438 942 495 973; x_wconf 83' lang='grc' dir='ltr'>τοῖς</span> <span class='ocrx_word' id='word_1_289' title='bbox 509 941 652 977; x_wconf 81' lang='grc' dir='ltr'>μεγέθεσιν</span> <span class='ocrx_word' id='word_1_290' title='bbox 664 943 787 979; x_wconf 87' lang='grc' dir='ltr'>ἀπειρία,</span> <span class='ocrx_word' id='word_1_291' title='bbox 798 943 869 970; x_wconf 82' lang='grc' dir='ltr'><strong>κατά</strong></span> 
     </span>
    </p>
   </div>
   <div class='ocr_carea' id='block_1_37' title="bbox 65 983 870 1024">
    <p class='ocr_par' dir='ltr' id='par_1_37' title="bbox 65 983 870 1024">
     <span class='ocr_line' id='line_1_37' title="bbox 65 983 870 1024; baseline 0.007 -15"><span class='ocrx_word' id='word_1_292' title='bbox 65 983 122 1019; x_wconf 83' lang='grc' dir='ltr'>τὴν</span> <span class='ocrx_word' id='word_1_293' title='bbox 136 983 270 1020; x_wconf 80' lang='grc' dir='ltr'>διαίρεσιν</span> <span class='ocrx_word' id='word_1_294' title='bbox 282 994 288 1000; x_wconf 79' lang='lat'><strong>&#39;</strong></span> <span class='ocrx_word' id='word_1_295' title='bbox 305 985 322 1020; x_wconf 87' lang='grc' dir='ltr'>ἠ</span> <span class='ocrx_word' id='word_1_296' title='bbox 342 985 437 1018; x_wconf 80' lang='grc' dir='ltr'>ἐντοῖς</span> <span class='ocrx_word' id='word_1_297' title='bbox 457 986 584 1022; x_wconf 84' lang='grc' dir='ltr'>ἀριθμοῖς</span> <span class='ocrx_word' id='word_1_298' title='bbox 603 987 715 1023; x_wconf 84' lang='grc' dir='ltr'>ἀπειρία</span> <span class='ocrx_word' id='word_1_299' title='bbox 736 987 806 1015; x_wconf 88' lang='grc' dir='ltr'><strong>κατά</strong></span> <span class='ocrx_word' id='word_1_300' title='bbox 820 989 870 1024; x_wconf 83' lang='grc' dir='ltr'>τὴν</span> 
     </span>
    </p>
   </div>
   <div class='ocr_carea' id='block_1_38' title="bbox 65 1030 869 1068">
    <p class='ocr_par' dir='ltr' id='par_1_38' title="bbox 65 1030 869 1068">
     <span class='ocr_line' id='line_1_38' title="bbox 65 1030 869 1068; baseline 0.006 -12"><span class='ocrx_word' id='word_1_301' title='bbox 65 1030 223 1066; x_wconf 78' lang='grc' dir='ltr'>πρόσθεσιν</span> <span class='ocrx_word' id='word_1_302' title='bbox 232 1039 238 1046; x_wconf 89' lang='grc'><strong>·</strong></span> <span class='ocrx_word' id='word_1_303' title='bbox 253 1032 305 1058; x_wconf 71' lang='grc' dir='ltr'><strong>πᾶν</strong></span> <span class='ocrx_word' id='word_1_304' title='bbox 320 1032 416 1067; x_wconf 81' lang='grc' dir='ltr'>πέρας,</span> <span class='ocrx_word' id='word_1_305' title='bbox 426 1033 450 1059; x_wconf 77' lang='grc' dir='ltr'>οἱ</span> <span class='ocrx_word' id='word_1_306' title='bbox 462 1033 654 1068; x_wconf 75' lang='grc' dir='ltr'>ὲρμηνευτικοὶ</span> <span class='ocrx_word' id='word_1_307' title='bbox 665 1033 739 1068; x_wconf 84' lang='grc' dir='ltr'>λόγοι</span> <span class='ocrx_word' id='word_1_308' title='bbox 751 1035 869 1068; x_wconf 84' lang='grc' dir='ltr'>πάντων,</span> 
     </span>
    </p>
   </div>
   <div class='ocr_carea' id='block_1_39' title="bbox 65 1075 871 1115">
    <p class='ocr_par' dir='ltr' id='par_1_39' title="bbox 65 1075 871 1115">
     <span class='ocr_line' id='line_1_39' title="bbox 65 1075 871 1115; baseline 0.007 -13"><span class='ocrx_word' id='word_1_309' title='bbox 65 1077 98 1102; x_wconf 80' lang='grc' dir='ltr'>αἱ</span> <span class='ocrx_word' id='word_1_310' title='bbox 111 1075 217 1109; x_wconf 78' lang='grc' dir='ltr'><strong>τάξεις,</strong></span> <span class='ocrx_word' id='word_1_311' title='bbox 232 1078 259 1104; x_wconf 81' lang='grc' dir='ltr'>αι</span> <span class='ocrx_word' id='word_1_312' title='bbox 278 1077 346 1114; x_wconf 74' lang='grc' dir='ltr'>πρὸς</span> <span class='ocrx_word' id='word_1_313' title='bbox 359 1078 461 1114; x_wconf 73' lang='grc' dir='ltr'>ἄλληλα</span> <span class='ocrx_word' id='word_1_314' title='bbox 473 1079 617 1115; x_wconf 76' lang='grc' dir='ltr'>ὑπεροχαὶ,</span> <span class='ocrx_word' id='word_1_315' title='bbox 632 1081 707 1107; x_wconf 72' lang='grc' dir='ltr'>πᾶσα</span> <span class='ocrx_word' id='word_1_316' title='bbox 722 1080 810 1113; x_wconf 81' lang='grc' dir='ltr'>οὐσία,</span> <span class='ocrx_word' id='word_1_317' title='bbox 823 1082 871 1109; x_wconf 77' lang='grc' dir='ltr'>καὶ</span> 
     </span>
    </p>
   </div>
   <div class='ocr_carea' id='block_1_40' title="bbox 65 1121 870 1162">
    <p class='ocr_par' dir='ltr' id='par_1_40' title="bbox 65 1121 870 1162">
     <span class='ocr_line' id='line_1_40' title="bbox 65 1121 870 1162; baseline 0.009 -15"><span class='ocrx_word' id='word_1_318' title='bbox 65 1122 83 1156; x_wconf 85' lang='grc' dir='ltr'>ἡ</span> <span class='ocrx_word' id='word_1_319' title='bbox 99 1121 133 1148; x_wconf 87' lang='grc' dir='ltr'>ὲν</span> <span class='ocrx_word' id='word_1_320' title='bbox 155 1122 223 1158; x_wconf 82' lang='grc' dir='ltr'>αὐτῇ</span> <span class='ocrx_word' id='word_1_321' title='bbox 237 1122 302 1155; x_wconf 73' lang='grc' dir='ltr'>ἕξις,</span> <span class='ocrx_word' id='word_1_322' title='bbox 325 1124 373 1150; x_wconf 81' lang='grc' dir='ltr'>καὶ</span> <span class='ocrx_word' id='word_1_323' title='bbox 394 1125 469 1151; x_wconf 79' lang='grc' dir='ltr'>πᾶσα</span> <span class='ocrx_word' id='word_1_324' title='bbox 482 1124 596 1161; x_wconf 86' lang='grc' dir='ltr'>δύναμις</span> <span class='ocrx_word' id='word_1_325' title='bbox 609 1126 656 1152; x_wconf 81' lang='grc' dir='ltr'><strong>καὶ</strong></span> <span class='ocrx_word' id='word_1_326' title='bbox 674 1126 810 1162; x_wconf 75' lang='grc' dir='ltr'>ἐνέργεια,</span> <span class='ocrx_word' id='word_1_327' title='bbox 823 1127 870 1154; x_wconf 80' lang='grc' dir='ltr'>καὶ</span> 
     </span>
    </p>
   </div>
   <div class='ocr_carea' id='block_1_41' title="bbox 66 1167 868 1208">
    <p class='ocr_par' dir='ltr' id='par_1_41' title="bbox 66 1167 868 1208">
     <span class='ocr_line' id='line_1_41' title="bbox 66 1167 868 1208; baseline 0.01 -16"><span class='ocrx_word' id='word_1_328' title='bbox 66 1167 151 1193; x_wconf 80' lang='grc' dir='ltr'>πᾶσα</span> <span class='ocrx_word' id='word_1_329' title='bbox 163 1168 299 1204; x_wconf 72' lang='grc' dir='ltr'>αἴσθησις,</span> <span class='ocrx_word' id='word_1_330' title='bbox 312 1169 360 1196; x_wconf 76' lang='grc' dir='ltr'><strong>καὶ</strong></span> <span class='ocrx_word' id='word_1_331' title='bbox 371 1169 458 1204; x_wconf 85' lang='grc' dir='ltr'>λόγος,</span> <span class='ocrx_word' id='word_1_332' title='bbox 474 1171 522 1198; x_wconf 76' lang='grc' dir='ltr'><strong>καὶ</strong></span> <span class='ocrx_word' id='word_1_333' title='bbox 533 1171 636 1208; x_wconf 80' lang='grc' dir='ltr'>ἐπαφὴ,</span> <span class='ocrx_word' id='word_1_334' title='bbox 655 1172 739 1208; x_wconf 73' lang='grc' dir='ltr'>ἠγουν</span> <span class='ocrx_word' id='word_1_335' title='bbox 758 1172 868 1208; x_wconf 85' lang='grc' dir='ltr'>γνῶσις,</span> 
     </span>
    </p>
   </div>
   <div class='ocr_carea' id='block_1_42' title="bbox 66 1213 870 1258">
    <p class='ocr_par' dir='ltr' id='par_1_42' title="bbox 66 1213 870 1258">
     <span class='ocr_line' id='line_1_42' title="bbox 66 1213 870 1258; baseline 0.01 -18"><span class='ocrx_word' id='word_1_336' title='bbox 66 1213 119 1240; x_wconf 76' lang='grc' dir='ltr'>καὶ</span> <span class='ocrx_word' id='word_1_337' title='bbox 133 1214 285 1251; x_wconf 78' lang='grc' dir='ltr'>ἐπιστήμη,</span> <span class='ocrx_word' id='word_1_338' title='bbox 298 1217 345 1243; x_wconf 82' lang='grc' dir='ltr'>καὶ</span> <span class='ocrx_word' id='word_1_339' title='bbox 368 1218 442 1244; x_wconf 76' lang='grc' dir='ltr'>πᾶσα</span> <span class='ocrx_word' id='word_1_340' title='bbox 460 1218 556 1252; x_wconf 75' lang='grc' dir='ltr'>ἔνωσις</span> <span class='ocrx_word' id='word_1_341' title='bbox 574 1219 608 1246; x_wconf 72' lang='grc' dir='ltr'><strong>δι’</strong></span> <span class='ocrx_word' id='word_1_342' title='bbox 628 1220 765 1254; x_wconf 83' lang='grc' dir='ltr'>ἀγνωσίας</span> <span class='ocrx_word' id='word_1_343' title='bbox 786 1230 870 1258; x_wconf 86' lang='grc' dir='ltr'>προσ-</span> 
     </span>
    </p>
   </div>
   <div class='ocr_carea' id='block_1_43' title="bbox 67 1261 869 1300">
    <p class='ocr_par' dir='ltr' id='par_1_43' title="bbox 67 1261 869 1300">
     <span class='ocr_line' id='line_1_43' title="bbox 67 1261 869 1300; baseline 0.01 -13"><span class='ocrx_word' id='word_1_344' title='bbox 67 1261 211 1289; x_wconf 74' lang='grc' dir='ltr'>ϐάλλουσα</span> <span class='ocrx_word' id='word_1_345' title='bbox 221 1265 278 1295; x_wconf 82' lang='grc' dir='ltr'>τοῖς</span> <span class='ocrx_word' id='word_1_346' title='bbox 297 1264 444 1300; x_wconf 77' lang='grc' dir='ltr'>κρείττοσι,</span> <span class='ocrx_word' id='word_1_347' title='bbox 456 1266 504 1292; x_wconf 77' lang='grc' dir='ltr'>καὶ</span> <span class='ocrx_word' id='word_1_348' title='bbox 514 1267 568 1293; x_wconf 84' lang='grc' dir='ltr'><strong>πᾶν</strong></span> <span class='ocrx_word' id='word_1_349' title='bbox 580 1266 619 1299; x_wconf 80' lang='grc' dir='ltr'>ὃν,</span> <span class='ocrx_word' id='word_1_350' title='bbox 639 1266 668 1299; x_wconf 80' lang='grc' dir='ltr'>ἐξ</span> <span class='ocrx_word' id='word_1_351' title='bbox 680 1268 772 1300; x_wconf 80' lang='grc' dir='ltr'>αὑτοῦ,</span> <span class='ocrx_word' id='word_1_352' title='bbox 781 1269 828 1295; x_wconf 83' lang='grc' dir='ltr'><strong>καὶ</strong></span> <span class='ocrx_word' id='word_1_353' title='bbox 840 1269 869 1295; x_wconf 74' lang='grc' dir='ltr'>ἐν</span> 
     </span>
    </p>
   </div>
   <div class='ocr_carea' id='block_1_44' title="bbox 67 1308 868 1350">
    <p class='ocr_par' dir='ltr' id='par_1_44' title="bbox 67 1308 868 1350">
     <span class='ocr_line' id='line_1_44' title="bbox 67 1308 868 1350; baseline 0.011 -16"><span class='ocrx_word' id='word_1_354' title='bbox 67 1308 161 1344; x_wconf 86' lang='grc' dir='ltr'>αὐτῷ,</span> <span class='ocrx_word' id='word_1_355' title='bbox 176 1310 224 1336; x_wconf 79' lang='grc' dir='ltr'><strong>καὶ</strong></span> <span class='ocrx_word' id='word_1_356' title='bbox 236 1312 276 1342; x_wconf 84' lang='grc' dir='ltr'>εὶς</span> <span class='ocrx_word' id='word_1_357' title='bbox 288 1311 363 1345; x_wconf 81' lang='grc' dir='ltr'>αὐτὸ,</span> <span class='ocrx_word' id='word_1_358' title='bbox 377 1313 425 1339; x_wconf 81' lang='grc' dir='ltr'><strong>καὶ</strong></span> <span class='ocrx_word' id='word_1_359' title='bbox 435 1313 503 1349; x_wconf 82' lang='grc' dir='ltr'>πρὸς</span> <span class='ocrx_word' id='word_1_360' title='bbox 515 1314 580 1341; x_wconf 76' lang='grc' dir='ltr'>αὐτὸ</span> <span class='ocrx_word' id='word_1_361' title='bbox 593 1315 654 1350; x_wconf 84' lang='grc' dir='ltr'>ὁρᾷ,</span> <span class='ocrx_word' id='word_1_362' title='bbox 668 1316 714 1342; x_wconf 80' lang='grc' dir='ltr'><strong>καὶ</strong></span> <span class='ocrx_word' id='word_1_363' title='bbox 726 1316 772 1342; x_wconf 86' lang='grc' dir='ltr'><strong>ὑπ’</strong></span> <span class='ocrx_word' id='word_1_364' title='bbox 785 1315 868 1342; x_wconf 83' lang='grc' dir='ltr'>αὑτοῦ</span> 
     </span>
    </p>
   </div>
   <div class='ocr_carea' id='block_1_45' title="bbox 67 1355 869 1398">
    <p class='ocr_par' dir='ltr' id='par_1_45' title="bbox 67 1355 869 1398">
     <span class='ocr_line' id='line_1_45' title="bbox 67 1355 869 1398; baseline 0.011 -17"><span class='ocrx_word' id='word_1_365' title='bbox 67 1355 227 1391; x_wconf 79' lang='grc' dir='ltr'>συνέχεται,</span> <span class='ocrx_word' id='word_1_366' title='bbox 245 1357 293 1384; x_wconf 73' lang='grc' dir='ltr'>καὶ</span> <span class='ocrx_word' id='word_1_367' title='bbox 313 1358 342 1384; x_wconf 80' lang='grc' dir='ltr'>ὲν</span> <span class='ocrx_word' id='word_1_368' title='bbox 370 1359 444 1395; x_wconf 83' lang='grc' dir='ltr'><strong>αὑτῷ</strong></span> <span class='ocrx_word' id='word_1_369' title='bbox 460 1360 534 1387; x_wconf 78' lang='grc' dir='ltr'>πᾶσα</span> <span class='ocrx_word' id='word_1_370' title='bbox 547 1361 659 1397; x_wconf 82' lang='grc' dir='ltr'>ἀρχὴ,ἢ</span> <span class='ocrx_word' id='word_1_371' title='bbox 680 1362 869 1398; x_wconf 85' lang='grc' dir='ltr'>παραδειγμα-</span> 
     </span>
    </p>
   </div>
   <div class='ocr_carea' id='block_1_46' title="bbox 67 1402 867 1445">
    <p class='ocr_par' dir='ltr' id='par_1_46' title="bbox 67 1402 867 1445">
     <span class='ocr_line' id='line_1_46' title="bbox 67 1402 867 1445; baseline 0.01 -17"><span class='ocrx_word' id='word_1_372' title='bbox 67 1402 149 1437; x_wconf 83' lang='grc' dir='ltr'>τικὴ,</span> <span class='ocrx_word' id='word_1_373' title='bbox 164 1403 232 1438; x_wconf 82' lang='grc' dir='ltr'>πρὸς</span> <span class='ocrx_word' id='word_1_374' title='bbox 244 1403 278 1439; x_wconf 78' lang='grc' dir='ltr'>ἢν</span> <span class='ocrx_word' id='word_1_375' title='bbox 289 1405 393 1438; x_wconf 84' lang='grc' dir='ltr'>γίνεται</span> <span class='ocrx_word' id='word_1_376' title='bbox 405 1406 436 1432; x_wconf 84' lang='grc' dir='ltr'>τὸ</span> <span class='ocrx_word' id='word_1_377' title='bbox 456 1407 597 1442; x_wconf 82' lang='grc' dir='ltr'>γινόμενον</span> <span class='ocrx_word' id='word_1_378' title='bbox 606 1416 613 1422; x_wconf 89' lang='grc'><strong>·</strong></span> <span class='ocrx_word' id='word_1_379' title='bbox 630 1407 711 1434; x_wconf 78' lang='grc' dir='ltr'>τοῦτο</span> <span class='ocrx_word' id='word_1_380' title='bbox 722 1408 751 1435; x_wconf 82' lang='grc' dir='ltr'><strong>δέ</strong></span> <span class='ocrx_word' id='word_1_381' title='bbox 764 1409 837 1436; x_wconf 70' lang='grc' dir='ltr'>ἐστιν</span> <span class='ocrx_word' id='word_1_382' title='bbox 851 1410 867 1445; x_wconf 78' lang='grc' dir='ltr'>ἡ</span> 
     </span>
    </p>
   </div>
   <div class='ocr_carea' id='block_1_47' title="bbox 69 1448 866 1490">
    <p class='ocr_par' dir='ltr' id='par_1_47' title="bbox 69 1448 866 1490">
     <span class='ocr_line' id='line_1_47' title="bbox 69 1448 866 1490; baseline 0.013 -16"><span class='ocrx_word' id='word_1_383' title='bbox 69 1448 143 1480; x_wconf 68' lang='grc' dir='ltr'>ἰδέα,</span> <span class='ocrx_word' id='word_1_384' title='bbox 157 1450 218 1485; x_wconf 81' lang='grc' dir='ltr'>ἥτις</span> <span class='ocrx_word' id='word_1_385' title='bbox 241 1451 300 1478; x_wconf 73' lang='grc' dir='ltr'>ἐστὶ</span> <span class='ocrx_word' id='word_1_386' title='bbox 324 1452 417 1488; x_wconf 83' lang='grc' dir='ltr'>νόησις</span> <span class='ocrx_word' id='word_1_387' title='bbox 437 1453 592 1490; x_wconf 72' lang='grc' dir='ltr'>αὐτοτελὴς,</span> <span class='ocrx_word' id='word_1_388' title='bbox 609 1455 693 1488; x_wconf 75' lang='grc' dir='ltr'>ἀΐδιος</span> <span class='ocrx_word' id='word_1_389' title='bbox 714 1456 761 1482; x_wconf 85' lang='grc' dir='ltr'>τοῦ</span> <span class='ocrx_word' id='word_1_390' title='bbox 783 1457 866 1483; x_wconf 78' lang='grc' dir='ltr'>ἀϊδίου</span> 
     </span>
    </p>
   </div>
   <div class='ocr_carea' id='block_1_48' title="bbox 922 940 1716 974">
    <p class='ocr_par' dir='ltr' id='par_1_48' title="bbox 922 940 1716 974">
     <span class='ocr_line' id='line_1_48' title="bbox 922 940 1716 974; baseline 0 -7"><span class='ocrx_word' id='word_1_391' title='bbox 922 941 1129 969; x_wconf 86' lang='lat' dir='ltr'><strong>connnuniones</strong></span> <span class='ocrx_word' id='word_1_392' title='bbox 1137 949 1169 968; x_wconf 85' lang='lat' dir='ltr'><strong>ac</strong></span> <span class='ocrx_word' id='word_1_393' title='bbox 1180 941 1378 968; x_wconf 87' lang='lat' dir='ltr'><strong>distinctiones.</strong></span> <span class='ocrx_word' id='word_1_394' title='bbox 1390 941 1625 974; x_wconf 83' lang='lat' dir='ltr'><strong>Quemadmodum</strong></span> <span class='ocrx_word' id='word_1_395' title='bbox 1641 940 1716 968; x_wconf 87' lang='lat' dir='ltr'><strong>enim</strong></span> 
     </span>
    </p>
   </div>
   <div class='ocr_carea' id='block_1_49' title="bbox 922 987 1716 1022">
    <p class='ocr_par' dir='ltr' id='par_1_49' title="bbox 922 987 1716 1022">
     <span class='ocr_line' id='line_1_49' title="bbox 922 987 1716 1022; baseline -0.001 -8"><span class='ocrx_word' id='word_1_396' title='bbox 922 987 1023 1022; x_wconf 89' lang='lat' dir='ltr'><strong>aliquid</strong></span> <span class='ocrx_word' id='word_1_397' title='bbox 1050 987 1131 1015; x_wconf 84' lang='lat' dir='ltr'><strong>alteri</strong></span> <span class='ocrx_word' id='word_1_398' title='bbox 1158 987 1260 1020; x_wconf 85' lang='lat' dir='ltr'><strong>unitur,</strong></span> <span class='ocrx_word' id='word_1_399' title='bbox 1278 987 1319 1014; x_wconf 90' lang='lat' dir='ltr'><strong>sic</strong></span> <span class='ocrx_word' id='word_1_400' title='bbox 1332 987 1366 1014; x_wconf 87' lang='lat' dir='ltr'><strong>ab</strong></span> <span class='ocrx_word' id='word_1_401' title='bbox 1389 987 1475 1014; x_wconf 80' lang='lat' dir='ltr'><strong>altero</strong></span> <span class='ocrx_word' id='word_1_402' title='bbox 1498 992 1660 1021; x_wconf 76' lang='lat' dir='ltr'><strong>separatur;</strong></span> <span class='ocrx_word' id='word_1_403' title='bbox 1676 987 1716 1014; x_wconf 89' lang='lat' dir='ltr'><strong>sic</strong></span> 
     </span>
    </p>
   </div>
   <div class='ocr_carea' id='block_1_50' title="bbox 922 1034 1715 1069">
    <p class='ocr_par' dir='ltr' id='par_1_50' title="bbox 922 1034 1715 1069">
     <span class='ocr_line' id='line_1_50' title="bbox 922 1034 1715 1069; baseline -0.001 -8"><span class='ocrx_word' id='word_1_404' title='bbox 922 1034 992 1069; x_wconf 78' lang='lat' dir='ltr'><strong>ignis</strong></span> <span class='ocrx_word' id='word_1_405' title='bbox 1006 1035 1157 1062; x_wconf 91' lang='lat' dir='ltr'><strong>secundum</strong></span> <span class='ocrx_word' id='word_1_406' title='bbox 1177 1035 1298 1063; x_wconf 88' lang='lat' dir='ltr'><strong>calorem</strong></span> <span class='ocrx_word' id='word_1_407' title='bbox 1315 1039 1343 1062; x_wconf 87' lang='lat' dir='ltr'><strong>et</strong></span> <span class='ocrx_word' id='word_1_408' title='bbox 1356 1035 1413 1062; x_wconf 86' lang='lat' dir='ltr'><strong>aeri</strong></span> <span class='ocrx_word' id='word_1_409' title='bbox 1436 1035 1528 1061; x_wconf 91' lang='lat' dir='ltr'><strong>nnitnr</strong></span> <span class='ocrx_word' id='word_1_410' title='bbox 1550 1039 1578 1061; x_wconf 90' lang='lat' dir='ltr'><strong>et</strong></span> <span class='ocrx_word' id='word_1_411' title='bbox 1596 1034 1630 1060; x_wconf 80' lang='lat' dir='ltr'><strong>ab</strong></span> <span class='ocrx_word' id='word_1_412' title='bbox 1643 1041 1715 1068; x_wconf 81' lang='lat' dir='ltr'><strong>aqua</strong></span> 
     </span>
    </p>
   </div>
   <div class='ocr_carea' id='block_1_51' title="bbox 921 1081 1715 1116">
    <p class='ocr_par' dir='ltr' id='par_1_51' title="bbox 921 1081 1715 1116">
     <span class='ocr_line' id='line_1_51' title="bbox 921 1081 1715 1116; baseline -0.003 -8"><span class='ocrx_word' id='word_1_413' title='bbox 921 1086 1091 1116; x_wconf 63' lang='lat' dir='ltr'><strong>segregatum</strong></span> <span class='ocrx_word' id='word_1_414' title='bbox 1115 1081 1239 1109; x_wconf 83' lang='lat' dir='ltr'><strong>lnﬁnitas</strong></span> <span class='ocrx_word' id='word_1_415' title='bbox 1264 1082 1291 1108; x_wconf 91' lang='lat' dir='ltr'><strong>in</strong></span> <span class='ocrx_word' id='word_1_416' title='bbox 1308 1081 1543 1116; x_wconf 77' lang='lat' dir='ltr'><strong>magnitudinibus</strong></span> <span class='ocrx_word' id='word_1_417' title='bbox 1563 1081 1715 1108; x_wconf 86' lang='lat' dir='ltr'><strong>secundum</strong></span> 
     </span>
    </p>
   </div>
   <div class='ocr_carea' id='block_1_52' title="bbox 921 1127 1716 1159">
    <p class='ocr_par' dir='ltr' id='par_1_52' title="bbox 921 1127 1716 1159">
     <span class='ocr_line' id='line_1_52' title="bbox 921 1127 1716 1159; baseline -0.001 -5"><span class='ocrx_word' id='word_1_418' title='bbox 921 1127 1096 1159; x_wconf 82' lang='lat' dir='ltr'><strong>divisionem,</strong></span> <span class='ocrx_word' id='word_1_419' title='bbox 1113 1128 1139 1155; x_wconf 93' lang='lat' dir='ltr'><strong>in</strong></span> <span class='ocrx_word' id='word_1_420' title='bbox 1156 1128 1278 1155; x_wconf 85' lang='lat' dir='ltr'><strong>numeris</strong></span> <span class='ocrx_word' id='word_1_421' title='bbox 1294 1128 1443 1155; x_wconf 88' lang='lat' dir='ltr'><strong>secundum</strong></span> <span class='ocrx_word' id='word_1_422' title='bbox 1459 1127 1638 1159; x_wconf 81' lang='lat' dir='ltr'><strong>additionetu,</strong></span> <span class='ocrx_word' id='word_1_423' title='bbox 1654 1134 1716 1153; x_wconf 88' lang='lat' dir='ltr'><strong>om-</strong></span> 
     </span>
    </p>
   </div>
   <div class='ocr_carea' id='block_1_53' title="bbox 921 1172 1714 1209">
    <p class='ocr_par' dir='ltr' id='par_1_53' title="bbox 921 1172 1714 1209">
     <span class='ocr_line' id='line_1_53' title="bbox 921 1172 1714 1209; baseline -0.005 -7"><span class='ocrx_word' id='word_1_424' title='bbox 921 1175 964 1202; x_wconf 90' lang='lat' dir='ltr'><strong>nis</strong></span> <span class='ocrx_word' id='word_1_425' title='bbox 977 1174 1048 1206; x_wconf 81' lang='lat' dir='ltr'><strong>linis,</strong></span> <span class='ocrx_word' id='word_1_426' title='bbox 1058 1174 1274 1209; x_wconf 82' lang='lat' dir='ltr'><strong>interpretantes</strong></span> <span class='ocrx_word' id='word_1_427' title='bbox 1288 1181 1430 1201; x_wconf 83' lang='lat' dir='ltr'><strong>sermones</strong></span> <span class='ocrx_word' id='word_1_428' title='bbox 1443 1173 1575 1205; x_wconf 91' lang='lat' dir='ltr'><strong>omnium,</strong></span> <span class='ocrx_word' id='word_1_429' title='bbox 1590 1172 1714 1203; x_wconf 79' lang='lat' dir='ltr'><strong>ordines,</strong></span> 
     </span>
    </p>
   </div>
   <div class='ocr_carea' id='block_1_54' title="bbox 921 1217 1715 1254">
    <p class='ocr_par' dir='ltr' id='par_1_54' title="bbox 921 1217 1715 1254">
     <span class='ocr_line' id='line_1_54' title="bbox 921 1217 1715 1254; baseline -0.005 -5"><span class='ocrx_word' id='word_1_430' title='bbox 921 1226 1022 1249; x_wconf 64' lang='lat' dir='ltr'><strong>mutua:</strong></span> <span class='ocrx_word' id='word_1_431' title='bbox 1035 1222 1214 1254; x_wconf 64' lang='lat' dir='ltr'><strong>excellentiae,</strong></span> <span class='ocrx_word' id='word_1_432' title='bbox 1230 1221 1321 1249; x_wconf 88' lang='lat' dir='ltr'><strong>omnis</strong></span> <span class='ocrx_word' id='word_1_433' title='bbox 1332 1220 1498 1252; x_wconf 60' lang='lat' dir='ltr'><strong>substantia,</strong></span> <span class='ocrx_word' id='word_1_434' title='bbox 1514 1224 1544 1246; x_wconf 89' lang='lat' dir='ltr'><strong>et</strong></span> <span class='ocrx_word' id='word_1_435' title='bbox 1558 1219 1648 1246; x_wconf 89' lang='lat' dir='ltr'><strong>omnis</strong></span> <span class='ocrx_word' id='word_1_436' title='bbox 1664 1217 1715 1245; x_wconf 88' lang='lat' dir='ltr'><strong>ha-</strong></span> 
     </span>
    </p>
   </div>
   <div class='ocr_carea' id='block_1_55' title="bbox 920 1265 1716 1303">
    <p class='ocr_par' dir='ltr' id='par_1_55' title="bbox 920 1265 1716 1303">
     <span class='ocr_line' id='line_1_55' title="bbox 920 1265 1716 1303; baseline -0.004 -9"><span class='ocrx_word' id='word_1_437' title='bbox 920 1267 994 1296; x_wconf 86' lang='lat' dir='ltr'><strong>bitus</strong></span> <span class='ocrx_word' id='word_1_438' title='bbox 1016 1268 1064 1303; x_wconf 89' lang='lat' dir='ltr'><strong>qui</strong></span> <span class='ocrx_word' id='word_1_439' title='bbox 1084 1268 1112 1295; x_wconf 91' lang='lat' dir='ltr'><strong>in</strong></span> <span class='ocrx_word' id='word_1_440' title='bbox 1123 1275 1155 1295; x_wconf 90' lang='lat' dir='ltr'><strong>ea</strong></span> <span class='ocrx_word' id='word_1_441' title='bbox 1177 1273 1229 1300; x_wconf 82' lang='lat' dir='ltr'><strong>est,</strong></span> <span class='ocrx_word' id='word_1_442' title='bbox 1247 1273 1275 1296; x_wconf 88' lang='lat' dir='ltr'><strong>et</strong></span> <span class='ocrx_word' id='word_1_443' title='bbox 1289 1268 1380 1295; x_wconf 84' lang='lat' dir='ltr'><strong>omnis</strong></span> <span class='ocrx_word' id='word_1_444' title='bbox 1403 1267 1444 1293; x_wconf 89' lang='lat' dir='ltr'><strong>vis</strong></span> <span class='ocrx_word' id='word_1_445' title='bbox 1467 1271 1494 1294; x_wconf 92' lang='lat' dir='ltr'><strong>et</strong></span> <span class='ocrx_word' id='word_1_446' title='bbox 1512 1265 1673 1297; x_wconf 81' lang='lat' dir='ltr'><strong>ellicacitas,</strong></span> <span class='ocrx_word' id='word_1_447' title='bbox 1686 1270 1716 1292; x_wconf 87' lang='lat' dir='ltr'><strong>et</strong></span> 
     </span>
    </p>
   </div>
   <div class='ocr_carea' id='block_1_56' title="bbox 920 1311 1714 1346">
    <p class='ocr_par' dir='ltr' id='par_1_56' title="bbox 920 1311 1714 1346">
     <span class='ocr_line' id='line_1_56' title="bbox 920 1311 1714 1346; baseline -0.003 -7"><span class='ocrx_word' id='word_1_448' title='bbox 920 1313 1011 1341; x_wconf 85' lang='lat' dir='ltr'><strong>omnis</strong></span> <span class='ocrx_word' id='word_1_449' title='bbox 1028 1321 1136 1346; x_wconf 88' lang='lat' dir='ltr'><strong>sensus,</strong></span> <span class='ocrx_word' id='word_1_450' title='bbox 1157 1318 1186 1341; x_wconf 90' lang='lat' dir='ltr'><strong>et</strong></span> <span class='ocrx_word' id='word_1_451' title='bbox 1216 1313 1296 1345; x_wconf 85' lang='lat' dir='ltr'><strong>ratio,</strong></span> <span class='ocrx_word' id='word_1_452' title='bbox 1325 1317 1353 1340; x_wconf 88' lang='lat' dir='ltr'><strong>et</strong></span> <span class='ocrx_word' id='word_1_453' title='bbox 1378 1317 1467 1339; x_wconf 86' lang='lat' dir='ltr'><strong>tactus</strong></span> <span class='ocrx_word' id='word_1_454' title='bbox 1494 1312 1552 1338; x_wconf 76' lang='lat' dir='ltr'><strong>sive</strong></span> <span class='ocrx_word' id='word_1_455' title='bbox 1579 1311 1664 1343; x_wconf 89' lang='lat' dir='ltr'><strong>notio,</strong></span> <span class='ocrx_word' id='word_1_456' title='bbox 1685 1314 1714 1337; x_wconf 86' lang='lat' dir='ltr'><strong>et</strong></span> 
     </span>
    </p>
   </div>
   <div class='ocr_carea' id='block_1_57' title="bbox 919 1357 1715 1394">
    <p class='ocr_par' dir='ltr' id='par_1_57' title="bbox 919 1357 1715 1394">
     <span class='ocr_line' id='line_1_57' title="bbox 919 1357 1715 1394; baseline -0.004 -7"><span class='ocrx_word' id='word_1_457' title='bbox 919 1360 1046 1392; x_wconf 85' lang='lat' dir='ltr'><strong>scientia,</strong></span> <span class='ocrx_word' id='word_1_458' title='bbox 1060 1364 1088 1387; x_wconf 86' lang='lat' dir='ltr'><strong>et</strong></span> <span class='ocrx_word' id='word_1_459' title='bbox 1105 1360 1195 1387; x_wconf 90' lang='lat' dir='ltr'><strong>omnis</strong></span> <span class='ocrx_word' id='word_1_460' title='bbox 1208 1360 1272 1387; x_wconf 93' lang='lat' dir='ltr'><strong>unio</strong></span> <span class='ocrx_word' id='word_1_461' title='bbox 1284 1367 1343 1394; x_wconf 79' lang='lat' dir='ltr'><strong>quae</strong></span> <span class='ocrx_word' id='word_1_462' title='bbox 1358 1366 1406 1393; x_wconf 89' lang='lat' dir='ltr'><strong>per</strong></span> <span class='ocrx_word' id='word_1_463' title='bbox 1419 1357 1615 1393; x_wconf 76' lang='lat' dir='ltr'><strong>ignorationem</strong></span> <span class='ocrx_word' id='word_1_464' title='bbox 1633 1357 1715 1384; x_wconf 87' lang='lat' dir='ltr'><strong>rebus</strong></span> 
     </span>
    </p>
   </div>
   <div class='ocr_carea' id='block_1_58' title="bbox 919 1404 1714 1441">
    <p class='ocr_par' dir='ltr' id='par_1_58' title="bbox 919 1404 1714 1441">
     <span class='ocr_line' id='line_1_58' title="bbox 919 1404 1714 1441; baseline -0.003 -8"><span class='ocrx_word' id='word_1_465' title='bbox 919 1406 1031 1440; x_wconf 83' lang='lat' dir='ltr'><strong>optimis</strong></span> <span class='ocrx_word' id='word_1_466' title='bbox 1048 1405 1200 1441; x_wconf 83' lang='lat' dir='ltr'><strong>conjungit,</strong></span> <span class='ocrx_word' id='word_1_467' title='bbox 1218 1410 1246 1432; x_wconf 89' lang='lat' dir='ltr'><strong>et</strong></span> <span class='ocrx_word' id='word_1_468' title='bbox 1260 1412 1340 1432; x_wconf 88' lang='lat' dir='ltr'><strong>omne</strong></span> <span class='ocrx_word' id='word_1_469' title='bbox 1358 1406 1430 1440; x_wconf 83' lang='lat' dir='ltr'><strong>quod</strong></span> <span class='ocrx_word' id='word_1_470' title='bbox 1449 1410 1499 1437; x_wconf 84' lang='lat' dir='ltr'><strong>est,</strong></span> <span class='ocrx_word' id='word_1_471' title='bbox 1513 1412 1545 1432; x_wconf 79' lang='lat' dir='ltr'><strong>ex</strong></span> <span class='ocrx_word' id='word_1_472' title='bbox 1561 1404 1630 1438; x_wconf 89' lang='lat' dir='ltr'><strong>ipso,</strong></span> <span class='ocrx_word' id='word_1_473' title='bbox 1644 1404 1714 1432; x_wconf 90' lang='lat' dir='ltr'><strong>etin</strong></span> 
     </span>
    </p>
   </div>
   <div class='ocr_carea' id='block_1_59' title="bbox 919 1451 1714 1487">
    <p class='ocr_par' dir='ltr' id='par_1_59' title="bbox 919 1451 1714 1487">
     <span class='ocr_line' id='line_1_59' title="bbox 919 1451 1714 1487; baseline -0.003 -8"><span class='ocrx_word' id='word_1_474' title='bbox 919 1452 990 1486; x_wconf 83' lang='lat' dir='ltr'><strong>ipso,</strong></span> <span class='ocrx_word' id='word_1_475' title='bbox 1004 1458 1033 1479; x_wconf 85' lang='lat' dir='ltr'><strong>et</strong></span> <span class='ocrx_word' id='word_1_476' title='bbox 1048 1453 1081 1479; x_wconf 84' lang='lat' dir='ltr'><strong>ad</strong></span> <span class='ocrx_word' id='word_1_477' title='bbox 1095 1452 1185 1487; x_wconf 87' lang='lat' dir='ltr'><strong>ipsum</strong></span> <span class='ocrx_word' id='word_1_478' title='bbox 1208 1457 1261 1485; x_wconf 77' lang='lat' dir='ltr'><strong>est,</strong></span> <span class='ocrx_word' id='word_1_479' title='bbox 1278 1457 1306 1479; x_wconf 88' lang='lat' dir='ltr'><strong>et</strong></span> <span class='ocrx_word' id='word_1_480' title='bbox 1318 1457 1435 1487; x_wconf 78' lang='lat' dir='ltr'><strong>spectat,</strong></span> <span class='ocrx_word' id='word_1_481' title='bbox 1451 1456 1479 1478; x_wconf 87' lang='lat' dir='ltr'><strong>et</strong></span> <span class='ocrx_word' id='word_1_482' title='bbox 1493 1452 1526 1478; x_wconf 88' lang='lat' dir='ltr'><strong>ab</strong></span> <span class='ocrx_word' id='word_1_483' title='bbox 1547 1451 1606 1486; x_wconf 91' lang='lat' dir='ltr'><strong>ipso</strong></span> <span class='ocrx_word' id='word_1_484' title='bbox 1624 1451 1714 1479; x_wconf 78' lang='lat' dir='ltr'><strong>conti-</strong></span> 
     </span>
    </p>
   </div>
   <div class='ocr_carea' id='block_1_60' title="bbox 67 1493 863 1536">
    <p class='ocr_par' dir='ltr' id='par_1_60' title="bbox 67 1493 863 1536">
     <span class='ocr_line' id='line_1_60' title="bbox 67 1493 863 1536; baseline 0.011 -16"><span class='ocrx_word' id='word_1_485' title='bbox 67 1493 142 1521; x_wconf 81' lang='grc' dir='ltr'>Θεοῦ</span> <span class='ocrx_word' id='word_1_486' title='bbox 156 1503 163 1510; x_wconf 66' lang='grc' dir='ltr'><strong>ι</strong></span> <span class='ocrx_word' id='word_1_487' title='bbox 183 1495 200 1531; x_wconf 84' lang='grc' dir='ltr'>ἢ</span> <span class='ocrx_word' id='word_1_488' title='bbox 213 1495 317 1533; x_wconf 81' lang='grc' dir='ltr'>τελικὴ,</span> <span class='ocrx_word' id='word_1_489' title='bbox 332 1498 380 1524; x_wconf 77' lang='grc' dir='ltr'>καὶ</span> <span class='ocrx_word' id='word_1_490' title='bbox 392 1495 427 1534; x_wconf 87' lang='grc' dir='ltr'>ἦς</span> <span class='ocrx_word' id='word_1_491' title='bbox 446 1499 527 1526; x_wconf 82' lang='grc' dir='ltr'>ἓνεκα</span> <span class='ocrx_word' id='word_1_492' title='bbox 548 1500 578 1527; x_wconf 78' lang='grc' dir='ltr'>τὸ</span> <span class='ocrx_word' id='word_1_493' title='bbox 591 1500 732 1536; x_wconf 82' lang='grc' dir='ltr'>γινόμενον</span> <span class='ocrx_word' id='word_1_494' title='bbox 749 1502 863 1529; x_wconf 82' lang='grc' dir='ltr'>τελειοῦ-</span> 
     </span>
    </p>
   </div>
   <div class='ocr_carea' id='block_1_61' title="bbox 920 1493 1714 1536">
    <p class='ocr_par' dir='ltr' id='par_1_61' title="bbox 920 1498 1714 1533">
     <span class='ocr_line' id='line_1_61' title="bbox 920 1498 1714 1533; baseline -0.001 -7"><span class='ocrx_word' id='word_1_495' title='bbox 920 1503 1011 1531; x_wconf 84' lang='lat' dir='ltr'><strong>netnr,</strong></span> <span class='ocrx_word' id='word_1_496' title='bbox 1040 1503 1068 1526; x_wconf 91' lang='lat' dir='ltr'><strong>et</strong></span> <span class='ocrx_word' id='word_1_497' title='bbox 1089 1500 1117 1526; x_wconf 92' lang='lat' dir='ltr'><strong>in</strong></span> <span class='ocrx_word' id='word_1_498' title='bbox 1149 1498 1208 1533; x_wconf 90' lang='lat' dir='ltr'><strong>ipso</strong></span> <span class='ocrx_word' id='word_1_499' title='bbox 1234 1499 1327 1526; x_wconf 82' lang='lat' dir='ltr'><strong>existit</strong></span> <span class='ocrx_word' id='word_1_500' title='bbox 1353 1505 1434 1525; x_wconf 89' lang='lat' dir='ltr'><strong>omne</strong></span> <span class='ocrx_word' id='word_1_501' title='bbox 1460 1498 1624 1532; x_wconf 87' lang='lat' dir='ltr'><strong>principium</strong></span> <span class='ocrx_word' id='word_1_502' title='bbox 1653 1498 1714 1525; x_wconf 82' lang='lat' dir='ltr'><strong>sive</strong></span> 
     </span>
    </p>
   </div>
   <div class='ocr_carea' id='block_1_62' title="bbox 66 1541 863 1582">
    <p class='ocr_par' dir='ltr' id='par_1_62' title="bbox 66 1541 863 1582">
     <span class='ocr_line' id='line_1_62' title="bbox 66 1541 863 1582; baseline 0.01 -16"><span class='ocrx_word' id='word_1_503' title='bbox 66 1548 116 1567; x_wconf 83' lang='grc' dir='ltr'><strong>ται</strong></span> <span class='ocrx_word' id='word_1_504' title='bbox 129 1549 137 1556; x_wconf 90' lang='grc'><strong>·</strong></span> <span class='ocrx_word' id='word_1_505' title='bbox 158 1541 174 1577; x_wconf 82' lang='grc' dir='ltr'><strong>ἢ</strong></span> <span class='ocrx_word' id='word_1_506' title='bbox 188 1543 327 1579; x_wconf 82' lang='grc' dir='ltr'>ποιητικὴ,</span> <span class='ocrx_word' id='word_1_507' title='bbox 340 1544 356 1580; x_wconf 83' lang='grc' dir='ltr'>ἡ</span> <span class='ocrx_word' id='word_1_508' title='bbox 369 1546 557 1582; x_wconf 74' lang='grc' dir='ltr'>κεχωρισμένη</span> <span class='ocrx_word' id='word_1_509' title='bbox 570 1545 617 1573; x_wconf 82' lang='grc' dir='ltr'>τοῦ</span> <span class='ocrx_word' id='word_1_510' title='bbox 631 1547 848 1582; x_wconf 79' lang='grc' dir='ltr'>ἀποτελέσματος</span> <span class='ocrx_word' id='word_1_511' title='bbox 857 1556 863 1562; x_wconf 92' lang='grc'><strong>·</strong></span> 
     </span>
    </p>
   </div>
   <div class='ocr_carea' id='block_1_63' title="bbox 920 1541 1713 1582">
    <p class='ocr_par' dir='ltr' id='par_1_63' title="bbox 920 1543 1713 1579">
     <span class='ocr_line' id='line_1_63' title="bbox 920 1543 1713 1579; baseline -0.001 -8"><span class='ocrx_word' id='word_1_512' title='bbox 920 1546 1088 1579; x_wconf 79' lang='lat' dir='ltr'><strong>exemplare,</strong></span> <span class='ocrx_word' id='word_1_513' title='bbox 1104 1545 1254 1572; x_wconf 86' lang='lat' dir='ltr'><strong>secundum</strong></span> <span class='ocrx_word' id='word_1_514' title='bbox 1271 1544 1344 1578; x_wconf 89' lang='lat' dir='ltr'><strong>quod</strong></span> <span class='ocrx_word' id='word_1_515' title='bbox 1359 1544 1388 1570; x_wconf 92' lang='lat' dir='ltr'><strong>ﬁt</strong></span> <span class='ocrx_word' id='word_1_516' title='bbox 1405 1544 1430 1570; x_wconf 88' lang='lat' dir='ltr'><strong>id</strong></span> <span class='ocrx_word' id='word_1_517' title='bbox 1446 1544 1518 1578; x_wconf 90' lang='lat' dir='ltr'><strong>quod</strong></span> <span class='ocrx_word' id='word_1_518' title='bbox 1530 1543 1560 1570; x_wconf 85' lang='lat' dir='ltr'><strong>ﬁt</strong></span> <span class='ocrx_word' id='word_1_519' title='bbox 1573 1551 1582 1577; x_wconf 83' lang='lat'><strong>;</strong></span> <span class='ocrx_word' id='word_1_520' title='bbox 1597 1543 1648 1571; x_wconf 86' lang='lat' dir='ltr'><strong>ltoc</strong></span> <span class='ocrx_word' id='word_1_521' title='bbox 1662 1551 1713 1570; x_wconf 76' lang='lat' dir='ltr'><strong>an-</strong></span> 
     </span>
    </p>
   </div>
   <div class='ocr_carea' id='block_1_64' title="bbox 66 1575 863 1628">
    <p class='ocr_par' dir='ltr' id='par_1_64' title="bbox 66 1575 863 1628">
     <span class='ocr_line' id='line_1_64' title="bbox 66 1575 863 1628; baseline 0.009 -16"><span class='ocrx_word' id='word_1_522' title='bbox 66 1585 86 1622; x_wconf 72' lang='grc' dir='ltr'><strong>ἦ</strong></span> <span class='ocrx_word' id='word_1_523' title='bbox 99 1575 201 1623; x_wconf 80' lang='grc' dir='ltr'>εἰδικὴ,</span> <span class='ocrx_word' id='word_1_524' title='bbox 214 1588 227 1614; x_wconf 77' lang='grc' dir='ltr'><strong>ὃ</strong></span> <span class='ocrx_word' id='word_1_525' title='bbox 240 1575 386 1623; x_wconf 45' lang='grc' dir='ltr'>γίνεται-τὸ</span> <span class='ocrx_word' id='word_1_526' title='bbox 397 1575 557 1626; x_wconf 42' lang='grc' dir='ltr'>γινομεινονί</span> <span class='ocrx_word' id='word_1_527' title='bbox 574 1592 591 1628; x_wconf 82' lang='grc' dir='ltr'><strong>ἢ</strong></span> <span class='ocrx_word' id='word_1_528' title='bbox 611 1575 793 1628; x_wconf 44' lang='grc' dir='ltr'>στοιχειώδη-ς,</span> <span class='ocrx_word' id='word_1_529' title='bbox 811 1575 863 1619; x_wconf 78' lang='grc' dir='ltr'>οἱο-</span> 
     </span>
    </p>
   </div>
   <div class='ocr_carea' id='block_1_65' title="bbox 920 1575 1711 1628">
    <p class='ocr_par' dir='ltr' id='par_1_65' title="bbox 920 1588 1711 1625">
     <span class='ocr_line' id='line_1_65' title="bbox 920 1588 1711 1625; baseline 0 -8"><span class='ocrx_word' id='word_1_530' title='bbox 920 1595 973 1617; x_wconf 78' lang='lat' dir='ltr'><strong>tem</strong></span> <span class='ocrx_word' id='word_1_531' title='bbox 989 1588 1030 1618; x_wconf 84' lang='lat' dir='ltr'><strong>est</strong></span> <span class='ocrx_word' id='word_1_532' title='bbox 1051 1590 1123 1623; x_wconf 88' lang='lat' dir='ltr'><strong>idea,</strong></span> <span class='ocrx_word' id='word_1_533' title='bbox 1143 1598 1205 1625; x_wconf 64' lang='lat' dir='ltr'><strong>qua:</strong></span> <span class='ocrx_word' id='word_1_534' title='bbox 1226 1595 1269 1618; x_wconf 88' lang='lat' dir='ltr'><strong>est</strong></span> <span class='ocrx_word' id='word_1_535' title='bbox 1297 1589 1444 1617; x_wconf 82' lang='lat' dir='ltr'><strong>intellectio</strong></span> <span class='ocrx_word' id='word_1_536' title='bbox 1462 1597 1511 1624; x_wconf 81' lang='lat' dir='ltr'><strong>per</strong></span> <span class='ocrx_word' id='word_1_537' title='bbox 1524 1597 1553 1617; x_wconf 84' lang='lat' dir='ltr'><strong>se</strong></span> <span class='ocrx_word' id='word_1_538' title='bbox 1579 1590 1711 1624; x_wconf 79' lang='lat' dir='ltr'><strong>perfecta,</strong></span> 
     </span>
    </p>
   </div>
   <div class='ocr_carea' id='block_1_66' title="bbox 67 1630 863 1674">
    <p class='ocr_par' dir='ltr' id='par_1_66' title="bbox 67 1633 863 1674">
     <span class='ocr_line' id='line_1_66' title="bbox 67 1633 863 1674; baseline 0.009 -15"><span class='ocrx_word' id='word_1_539' title='bbox 67 1633 112 1660; x_wconf 79' lang='grc' dir='ltr'><strong>νεὶ</strong></span> <span class='ocrx_word' id='word_1_540' title='bbox 131 1633 212 1670; x_wconf 82' lang='grc' dir='ltr'>ὑλικὴ</span> <span class='ocrx_word' id='word_1_541' title='bbox 225 1635 254 1669; x_wconf 72' lang='grc' dir='ltr'>ἐξ</span> <span class='ocrx_word' id='word_1_542' title='bbox 274 1633 304 1662; x_wconf 74' lang='grc' dir='ltr'><strong>οὗ</strong></span> <span class='ocrx_word' id='word_1_543' title='bbox 321 1637 521 1673; x_wconf 77' lang='grc' dir='ltr'>ἐνυπάρχοντος</span> <span class='ocrx_word' id='word_1_544' title='bbox 539 1639 642 1673; x_wconf 81' lang='grc' dir='ltr'>γίνεται</span> <span class='ocrx_word' id='word_1_545' title='bbox 660 1639 690 1666; x_wconf 86' lang='grc' dir='ltr'>τὸ</span> <span class='ocrx_word' id='word_1_546' title='bbox 712 1639 863 1674; x_wconf 83' lang='grc' dir='ltr'>γινόμενον.</span> 
     </span>
    </p>
   </div>
   <div class='ocr_carea' id='block_1_67' title="bbox 920 1630 1713 1674">
    <p class='ocr_par' dir='ltr' id='par_1_67' title="bbox 920 1630 1713 1673">
     <span class='ocr_line' id='line_1_67' title="bbox 920 1630 1713 1673; baseline -0.003 -7"><span class='ocrx_word' id='word_1_547' title='bbox 920 1638 1096 1673; x_wconf 86' lang='lat' dir='ltr'><strong>sempiterna,</strong></span> <span class='ocrx_word' id='word_1_548' title='bbox 1115 1630 1275 1672; x_wconf 73' lang='lat' dir='ltr'><strong>sempiterni</strong></span> <span class='ocrx_word' id='word_1_549' title='bbox 1308 1636 1374 1670; x_wconf 87' lang='lat' dir='ltr'><strong>Dei;</strong></span> <span class='ocrx_word' id='word_1_550' title='bbox 1397 1636 1454 1664; x_wconf 85' lang='lat' dir='ltr'><strong>sive</strong></span> <span class='ocrx_word' id='word_1_551' title='bbox 1468 1636 1567 1669; x_wconf 84' lang='lat' dir='ltr'><strong>ﬁnale,</strong></span> <span class='ocrx_word' id='word_1_552' title='bbox 1583 1641 1610 1663; x_wconf 92' lang='lat' dir='ltr'><strong>et</strong></span> <span class='ocrx_word' id='word_1_553' title='bbox 1634 1636 1713 1670; x_wconf 85' lang='lat' dir='ltr'><strong>cujus</strong></span> 
     </span>
    </p>
   </div>
   <div class='ocr_carea' id='block_1_68' title="bbox 68 1679 863 1720">
    <p class='ocr_par' dir='ltr' id='par_1_68' title="bbox 68 1679 863 1717">
     <span class='ocr_line' id='line_1_68' title="bbox 68 1679 863 1717; baseline 0.009 -12"><span class='ocrx_word' id='word_1_554' title='bbox 68 1679 127 1706; x_wconf 72' lang='grc' dir='ltr'><strong>Καὶ</strong></span> <span class='ocrx_word' id='word_1_555' title='bbox 149 1681 239 1708; x_wconf 78' lang='grc' dir='ltr'>πάντα</span> <span class='ocrx_word' id='word_1_556' title='bbox 257 1682 291 1708; x_wconf 84' lang='grc' dir='ltr'><strong>τὰ</strong></span> <span class='ocrx_word' id='word_1_557' title='bbox 303 1682 368 1709; x_wconf 74' lang='grc' dir='ltr'>ὄντα</span> <span class='ocrx_word' id='word_1_558' title='bbox 380 1684 413 1710; x_wconf 79' lang='grc' dir='ltr'>ὲκ</span> <span class='ocrx_word' id='word_1_559' title='bbox 424 1683 471 1710; x_wconf 84' lang='grc' dir='ltr'>τοῦ</span> <span class='ocrx_word' id='word_1_560' title='bbox 488 1684 571 1711; x_wconf 81' lang='grc' dir='ltr'>καλοῦ</span> <span class='ocrx_word' id='word_1_561' title='bbox 590 1686 657 1717; x_wconf 72' lang='grc' dir='ltr'>ἐστι,</span> <span class='ocrx_word' id='word_1_562' title='bbox 670 1685 716 1711; x_wconf 76' lang='grc' dir='ltr'>καὶ</span> <span class='ocrx_word' id='word_1_563' title='bbox 730 1685 818 1712; x_wconf 81' lang='grc' dir='ltr'>πάντα</span> <span class='ocrx_word' id='word_1_564' title='bbox 830 1684 863 1712; x_wconf 81' lang='grc' dir='ltr'><strong>τὰ</strong></span> 
     </span>
    </p>
   </div>
   <div class='ocr_carea' id='block_1_69' title="bbox 920 1679 1712 1720">
    <p class='ocr_par' dir='ltr' id='par_1_69' title="bbox 920 1681 1712 1720">
     <span class='ocr_line' id='line_1_69' title="bbox 920 1681 1712 1720; baseline -0.001 -9"><span class='ocrx_word' id='word_1_565' title='bbox 920 1684 1007 1720; x_wconf 76' lang='lat' dir='ltr'><strong>gratia</strong></span> <span class='ocrx_word' id='word_1_566' title='bbox 1022 1684 1049 1711; x_wconf 90' lang='lat' dir='ltr'><strong>id</strong></span> <span class='ocrx_word' id='word_1_567' title='bbox 1065 1683 1138 1718; x_wconf 91' lang='lat' dir='ltr'><strong>quod</strong></span> <span class='ocrx_word' id='word_1_568' title='bbox 1154 1683 1185 1711; x_wconf 88' lang='lat' dir='ltr'><strong>lit</strong></span> <span class='ocrx_word' id='word_1_569' title='bbox 1196 1683 1346 1718; x_wconf 89' lang='lat' dir='ltr'><strong>perlicitur,</strong></span> <span class='ocrx_word' id='word_1_570' title='bbox 1364 1683 1423 1710; x_wconf 88' lang='lat' dir='ltr'><strong>sive</strong></span> <span class='ocrx_word' id='word_1_571' title='bbox 1438 1681 1571 1715; x_wconf 79' lang='lat' dir='ltr'><strong>elliciens,</strong></span> <span class='ocrx_word' id='word_1_572' title='bbox 1588 1683 1660 1717; x_wconf 88' lang='lat' dir='ltr'><strong>quod</strong></span> <span class='ocrx_word' id='word_1_573' title='bbox 1676 1683 1712 1710; x_wconf 82' lang='lat' dir='ltr'><strong>ab</strong></span> 
     </span>
    </p>
   </div>
   <div class='ocr_carea' id='block_1_70' title="bbox 67 1726 863 1767">
    <p class='ocr_par' dir='ltr' id='par_1_70' title="bbox 67 1726 863 1767">
     <span class='ocr_line' id='line_1_70' title="bbox 67 1726 863 1767; baseline 0.009 -16"><span class='ocrx_word' id='word_1_574' title='bbox 67 1726 121 1752; x_wconf 85' lang='grc' dir='ltr'>οὐκ</span> <span class='ocrx_word' id='word_1_575' title='bbox 142 1726 208 1754; x_wconf 73' lang='grc' dir='ltr'>ὄντα</span> <span class='ocrx_word' id='word_1_576' title='bbox 226 1728 258 1754; x_wconf 82' lang='grc' dir='ltr'>ὲκ</span> <span class='ocrx_word' id='word_1_577' title='bbox 280 1729 327 1756; x_wconf 84' lang='grc' dir='ltr'>τοῦ</span> <span class='ocrx_word' id='word_1_578' title='bbox 347 1729 431 1756; x_wconf 80' lang='grc' dir='ltr'>καλοῦ</span> <span class='ocrx_word' id='word_1_579' title='bbox 454 1730 504 1766; x_wconf 85' lang='grc' dir='ltr'>μὲν</span> <span class='ocrx_word' id='word_1_580' title='bbox 522 1731 552 1757; x_wconf 84' lang='grc' dir='ltr'>οὐ</span> <span class='ocrx_word' id='word_1_581' title='bbox 572 1730 707 1765; x_wconf 79' lang='grc' dir='ltr'>λέγονται,</span> <span class='ocrx_word' id='word_1_582' title='bbox 729 1731 790 1757; x_wconf 78' lang='grc' dir='ltr'><strong>οὐδὲ</strong></span> <span class='ocrx_word' id='word_1_583' title='bbox 809 1731 863 1767; x_wconf 86' lang='grc' dir='ltr'><strong>γὰρ</strong></span> 
     </span>
    </p>
   </div>
   <div class='ocr_carea' id='block_1_71' title="bbox 920 1726 1712 1767">
    <p class='ocr_par' dir='ltr' id='par_1_71' title="bbox 920 1728 1712 1765">
     <span class='ocr_line' id='line_1_71' title="bbox 920 1728 1712 1765; baseline -0.005 -6"><span class='ocrx_word' id='word_1_584' title='bbox 920 1732 1015 1760; x_wconf 77' lang='lat' dir='ltr'><strong>ellectu</strong></span> <span class='ocrx_word' id='word_1_585' title='bbox 1042 1734 1198 1765; x_wconf 86' lang='lat' dir='ltr'><strong>separatum</strong></span> <span class='ocrx_word' id='word_1_586' title='bbox 1221 1735 1280 1763; x_wconf 79' lang='lat' dir='ltr'><strong>est;</strong></span> <span class='ocrx_word' id='word_1_587' title='bbox 1305 1729 1364 1756; x_wconf 86' lang='lat' dir='ltr'><strong>sive</strong></span> <span class='ocrx_word' id='word_1_588' title='bbox 1388 1728 1514 1760; x_wconf 77' lang='lat' dir='ltr'><strong>formate,</strong></span> <span class='ocrx_word' id='word_1_589' title='bbox 1539 1728 1611 1763; x_wconf 89' lang='lat' dir='ltr'><strong>quod</strong></span> <span class='ocrx_word' id='word_1_590' title='bbox 1632 1728 1663 1755; x_wconf 90' lang='lat' dir='ltr'><strong>ﬁt</strong></span> <span class='ocrx_word' id='word_1_591' title='bbox 1685 1729 1712 1756; x_wconf 91' lang='lat' dir='ltr'><strong>id</strong></span> 
     </span>
    </p>
   </div>
   <div class='ocr_carea' id='block_1_72' title="bbox 68 1772 863 1815">
    <p class='ocr_par' dir='ltr' id='par_1_72' title="bbox 68 1772 863 1815">
     <span class='ocr_line' id='line_1_72' title="bbox 68 1772 863 1815; baseline 0.008 -16"><span class='ocrx_word' id='word_1_592' title='bbox 68 1772 165 1808; x_wconf 74' lang='grc' dir='ltr'>ἔχουσι</span> <span class='ocrx_word' id='word_1_593' title='bbox 183 1774 323 1808; x_wconf 87' lang='grc' dir='ltr'>σύστασιν,</span> <span class='ocrx_word' id='word_1_594' title='bbox 336 1776 395 1804; x_wconf 82' lang='grc' dir='ltr'>ἀλλ’</span> <span class='ocrx_word' id='word_1_595' title='bbox 406 1777 435 1804; x_wconf 83' lang='grc' dir='ltr'>ὲν</span> <span class='ocrx_word' id='word_1_596' title='bbox 451 1777 490 1812; x_wconf 84' lang='grc' dir='ltr'>τῷ</span> <span class='ocrx_word' id='word_1_597' title='bbox 508 1777 582 1813; x_wconf 87' lang='grc' dir='ltr'>καλῷ</span> <span class='ocrx_word' id='word_1_598' title='bbox 595 1779 647 1804; x_wconf 81' lang='grc' dir='ltr'>εισι</span> <span class='ocrx_word' id='word_1_599' title='bbox 659 1786 666 1793; x_wconf 80' lang='lat'>&#39;</span> <span class='ocrx_word' id='word_1_600' title='bbox 685 1778 792 1813; x_wconf 76' lang='grc' dir='ltr'>λέγεται</span> <span class='ocrx_word' id='word_1_601' title='bbox 810 1778 863 1815; x_wconf 87' lang='grc' dir='ltr'><strong>γάρ</strong></span> 
     </span>
    </p>
   </div>
   <div class='ocr_carea' id='block_1_73' title="bbox 920 1772 1711 1815">
    <p class='ocr_par' dir='ltr' id='par_1_73' title="bbox 920 1775 1711 1814">
     <span class='ocr_line' id='line_1_73' title="bbox 920 1775 1711 1814; baseline -0.005 -8"><span class='ocrx_word' id='word_1_602' title='bbox 920 1780 989 1814; x_wconf 80' lang='lat' dir='ltr'><strong>quod</strong></span> <span class='ocrx_word' id='word_1_603' title='bbox 1011 1778 1190 1814; x_wconf 81' lang='lat' dir='ltr'><strong>producitur;</strong></span> <span class='ocrx_word' id='word_1_604' title='bbox 1216 1777 1275 1805; x_wconf 83' lang='lat' dir='ltr'><strong>sive</strong></span> <span class='ocrx_word' id='word_1_605' title='bbox 1296 1776 1465 1804; x_wconf 88' lang='lat' dir='ltr'><strong>elementare</strong></span> <span class='ocrx_word' id='word_1_606' title='bbox 1486 1783 1534 1803; x_wconf 85' lang='lat' dir='ltr'><strong>seu</strong></span> <span class='ocrx_word' id='word_1_607' title='bbox 1557 1775 1711 1810; x_wconf 82' lang='lat' dir='ltr'><strong>materiale,</strong></span> 
     </span>
    </p>
   </div>
   <div class='ocr_carea' id='block_1_74' title="bbox 67 1819 863 1860">
    <p class='ocr_par' dir='ltr' id='par_1_74' title="bbox 67 1819 722 1860">
     <span class='ocr_line' id='line_1_74' title="bbox 67 1819 722 1860; baseline 0.008 -15"><span class='ocrx_word' id='word_1_608' title='bbox 67 1819 100 1846; x_wconf 84' lang='grc' dir='ltr'>τὸ</span> <span class='ocrx_word' id='word_1_609' title='bbox 112 1820 196 1848; x_wconf 86' lang='grc' dir='ltr'>καλὸν</span> <span class='ocrx_word' id='word_1_610' title='bbox 208 1821 286 1849; x_wconf 84' lang='grc' dir='ltr'>τοῦτο</span> <span class='ocrx_word' id='word_1_611' title='bbox 298 1823 525 1860; x_wconf 82' lang='grc' dir='ltr'>ἀφαιρεματικῶς</span> <span class='ocrx_word' id='word_1_612' title='bbox 538 1825 592 1851; x_wconf 87' lang='grc' dir='ltr'>ἀπὸ</span> <span class='ocrx_word' id='word_1_613' title='bbox 603 1825 722 1852; x_wconf 84' lang='grc' dir='ltr'>πάντων.</span> 
     </span>
    </p>
   </div>
   <div class='ocr_carea' id='block_1_75' title="bbox 920 1819 1712 1860">
    <p class='ocr_par' dir='ltr' id='par_1_75' title="bbox 920 1821 1712 1860">
     <span class='ocr_line' id='line_1_75' title="bbox 920 1821 1712 1860; baseline -0.005 -8"><span class='ocrx_word' id='word_1_614' title='bbox 920 1833 950 1853; x_wconf 75' lang='lat' dir='ltr'><strong>ex</strong></span> <span class='ocrx_word' id='word_1_615' title='bbox 971 1824 1050 1860; x_wconf 85' lang='lat' dir='ltr'><strong>cujus</strong></span> <span class='ocrx_word' id='word_1_616' title='bbox 1069 1823 1200 1858; x_wconf 29' lang='lat' dir='ltr'><strong>subjecto.</strong></span> <span class='ocrx_word' id='word_1_617' title='bbox 1215 1823 1245 1850; x_wconf 87' lang='lat' dir='ltr'><strong>ﬁt</strong></span> <span class='ocrx_word' id='word_1_618' title='bbox 1270 1822 1296 1849; x_wconf 91' lang='lat' dir='ltr'><strong>id</strong></span> <span class='ocrx_word' id='word_1_619' title='bbox 1314 1823 1386 1857; x_wconf 87' lang='lat' dir='ltr'><strong>quod</strong></span> <span class='ocrx_word' id='word_1_620' title='bbox 1403 1821 1444 1849; x_wconf 87' lang='lat' dir='ltr'><strong>ﬁt.</strong></span> <span class='ocrx_word' id='word_1_621' title='bbox 1462 1821 1496 1848; x_wconf 84' lang='lat' dir='ltr'><strong>Et</strong></span> <span class='ocrx_word' id='word_1_622' title='bbox 1517 1821 1608 1849; x_wconf 84' lang='lat' dir='ltr'><strong>omnia</strong></span> <span class='ocrx_word' id='word_1_623' title='bbox 1632 1829 1712 1857; x_wconf 74' lang='lat' dir='ltr'><strong>quae-</strong></span> 
     </span>
    </p>
   </div>
   <div class='ocr_carea' id='block_1_76' title="bbox 68 1868 1711 1908">
    <p class='ocr_par' dir='ltr' id='par_1_76' title="bbox 68 1868 1711 1908">
     <span class='ocr_line' id='line_1_76' title="bbox 68 1868 1711 1908; baseline 0.002 -16"><span class='ocrx_word' id='word_1_624' title='bbox 68 1872 181 1902; x_wconf 90' lang='lat' dir='ltr'><strong>cunque</strong></span> <span class='ocrx_word' id='word_1_625' title='bbox 207 1874 272 1896; x_wconf 91' lang='lat' dir='ltr'><strong>sunt</strong></span> <span class='ocrx_word' id='word_1_626' title='bbox 300 1877 334 1898; x_wconf 78' lang='lat' dir='ltr'><strong>ex</strong></span> <span class='ocrx_word' id='word_1_627' title='bbox 368 1871 441 1899; x_wconf 89' lang='lat' dir='ltr'><strong>bono</strong></span> <span class='ocrx_word' id='word_1_628' title='bbox 455 1876 528 1903; x_wconf 85' lang='lat' dir='ltr'><strong>sunt,</strong></span> <span class='ocrx_word' id='word_1_629' title='bbox 556 1876 584 1899; x_wconf 93' lang='lat' dir='ltr'><strong>et</strong></span> <span class='ocrx_word' id='word_1_630' title='bbox 618 1879 788 1908; x_wconf 57' lang='lat' dir='ltr'><strong>quaecunque</strong></span> <span class='ocrx_word' id='word_1_631' title='bbox 817 1880 870 1900; x_wconf 84' lang='lat' dir='ltr'><strong>non</strong></span> <span class='ocrx_word' id='word_1_632' title='bbox 900 1876 965 1900; x_wconf 79' lang='lat' dir='ltr'><strong>Sunt</strong></span> <span class='ocrx_word' id='word_1_633' title='bbox 997 1878 1013 1898; x_wconf 89' lang='lat' dir='ltr'><strong>a</strong></span> <span class='ocrx_word' id='word_1_634' title='bbox 1041 1870 1158 1906; x_wconf 83' lang='lat' dir='ltr'><strong>pulchro</strong></span> <span class='ocrx_word' id='word_1_635' title='bbox 1185 1869 1296 1904; x_wconf 87' lang='lat' dir='ltr'><strong>quidem</strong></span> <span class='ocrx_word' id='word_1_636' title='bbox 1324 1876 1378 1896; x_wconf 87' lang='lat' dir='ltr'><strong>non</strong></span> <span class='ocrx_word' id='word_1_637' title='bbox 1413 1868 1646 1901; x_wconf 79' lang='lat' dir='ltr'><strong>denominantur,</strong></span> <span class='ocrx_word' id='word_1_638' title='bbox 1671 1869 1711 1896; x_wconf 87' lang='lat' dir='ltr'><strong>si-</strong></span> 
     </span>
    </p>
   </div>
   <div class='ocr_carea' id='block_1_77' title="bbox 69 1913 1711 1953">
    <p class='ocr_par' dir='ltr' id='par_1_77' title="bbox 69 1913 1711 1953">
     <span class='ocr_line' id='line_1_77' title="bbox 69 1913 1711 1953; baseline 0.001 -13"><span class='ocrx_word' id='word_1_639' title='bbox 69 1913 183 1947; x_wconf 87' lang='lat' dir='ltr'><strong>quidem</strong></span> <span class='ocrx_word' id='word_1_640' title='bbox 201 1922 254 1942; x_wconf 91' lang='lat' dir='ltr'><strong>non</strong></span> <span class='ocrx_word' id='word_1_641' title='bbox 275 1915 377 1944; x_wconf 82' lang='lat' dir='ltr'><strong>habent</strong></span> <span class='ocrx_word' id='word_1_642' title='bbox 403 1921 517 1951; x_wconf 88' lang='lat' dir='ltr'><strong>statum,</strong></span> <span class='ocrx_word' id='word_1_643' title='bbox 532 1917 580 1945; x_wconf 86' lang='lat' dir='ltr'><strong>sed</strong></span> <span class='ocrx_word' id='word_1_644' title='bbox 601 1918 630 1945; x_wconf 94' lang='lat' dir='ltr'><strong>in</strong></span> <span class='ocrx_word' id='word_1_645' title='bbox 656 1918 771 1953; x_wconf 80' lang='lat' dir='ltr'><strong>pulchro</strong></span> <span class='ocrx_word' id='word_1_646' title='bbox 788 1924 870 1953; x_wconf 86' lang='lat' dir='ltr'><strong>sunt;</strong></span> <span class='ocrx_word' id='word_1_647' title='bbox 892 1919 994 1947; x_wconf 86' lang='lat' dir='ltr'><strong>dicitur</strong></span> <span class='ocrx_word' id='word_1_648' title='bbox 1011 1921 1104 1945; x_wconf 86' lang='lat' dir='ltr'><strong>autem</strong></span> <span class='ocrx_word' id='word_1_649' title='bbox 1126 1916 1179 1945; x_wconf 88' lang='lat' dir='ltr'><strong>hoc</strong></span> <span class='ocrx_word' id='word_1_650' title='bbox 1200 1916 1347 1952; x_wconf 88' lang='lat' dir='ltr'><strong>pulchrum</strong></span> <span class='ocrx_word' id='word_1_651' title='bbox 1364 1916 1398 1943; x_wconf 88' lang='lat' dir='ltr'><strong>de</strong></span> <span class='ocrx_word' id='word_1_652' title='bbox 1419 1914 1548 1943; x_wconf 89' lang='lat' dir='ltr'><strong>omnibus</strong></span> <span class='ocrx_word' id='word_1_653' title='bbox 1570 1922 1619 1950; x_wconf 86' lang='lat' dir='ltr'><strong>per</strong></span> <span class='ocrx_word' id='word_1_654' title='bbox 1634 1915 1711 1943; x_wconf 72' lang='lat' dir='ltr'><strong>abla-</strong></span> 
     </span>
    </p>
   </div>
   <div class='ocr_carea' id='block_1_78' title="bbox 69 1961 188 1989">
    <p class='ocr_par' dir='ltr' id='par_1_78' title="bbox 69 1961 188 1989">
     <span class='ocr_line' id='line_1_78' title="bbox 69 1961 188 1989; baseline 0 -1"><span class='ocrx_word' id='word_1_655' title='bbox 69 1961 188 1989; x_wconf 85' lang='lat' dir='ltr'><strong>tionem.</strong></span> 
     </span>
    </p>
   </div>
   <div class='ocr_carea' id='block_1_79' title="bbox 105 2006 860 2046">
    <p class='ocr_par' dir='ltr' id='par_1_79' title="bbox 105 2006 860 2046">
     <span class='ocr_line' id='line_1_79' title="bbox 105 2006 860 2046; baseline 0.004 -12"><span class='ocrx_word' id='word_1_656' title='bbox 105 2007 120 2044; x_wconf 83' lang='lat'>§</span> <span class='ocrx_word' id='word_1_657' title='bbox 133 2008 181 2034; x_wconf 86' lang='lat' dir='ltr'><strong>XI.</strong></span> <span class='ocrx_word' id='word_1_658' title='bbox 209 2007 348 2035; x_wconf 80' lang='grc' dir='ltr'>Ἐντεῦθεν</span> <span class='ocrx_word' id='word_1_659' title='bbox 360 2006 495 2034; x_wconf 76' lang='grc' dir='ltr'>είσὸάλλει</span> <span class='ocrx_word' id='word_1_660' title='bbox 509 2009 574 2044; x_wconf 77' lang='grc' dir='ltr'>περὶ</span> <span class='ocrx_word' id='word_1_661' title='bbox 593 2008 703 2045; x_wconf 77' lang='grc' dir='ltr'>ἔρωτος,</span> <span class='ocrx_word' id='word_1_662' title='bbox 717 2009 765 2037; x_wconf 87' lang='grc' dir='ltr'><strong>καί</strong></span> <span class='ocrx_word' id='word_1_663' title='bbox 777 2018 844 2046; x_wconf 85' lang='grc' dir='ltr'>φησι</span> <span class='ocrx_word' id='word_1_664' title='bbox 854 2019 860 2025; x_wconf 90' lang='grc'><strong>·</strong></span> 
     </span>
    </p>
   </div>
   <div class='ocr_carea' id='block_1_80' title="bbox 68 2051 863 2092">
    <p class='ocr_par' dir='ltr' id='par_1_80' title="bbox 68 2051 863 2092">
     <span class='ocr_line' id='line_1_80' title="bbox 68 2051 863 2092; baseline 0.005 -13"><span class='ocrx_word' id='word_1_665' title='bbox 68 2053 159 2080; x_wconf 76' lang='grc' dir='ltr'>Πᾶσιν</span> <span class='ocrx_word' id='word_1_666' title='bbox 174 2051 220 2080; x_wconf 81' lang='grc' dir='ltr'>οὖν</span> <span class='ocrx_word' id='word_1_667' title='bbox 232 2053 291 2080; x_wconf 78' lang='grc' dir='ltr'>ἐστι</span> <span class='ocrx_word' id='word_1_668' title='bbox 307 2053 338 2080; x_wconf 81' lang='grc' dir='ltr'>τὸ</span> <span class='ocrx_word' id='word_1_669' title='bbox 350 2052 432 2080; x_wconf 82' lang='grc' dir='ltr'>καλὸν</span> <span class='ocrx_word' id='word_1_670' title='bbox 451 2054 497 2080; x_wconf 75' lang='grc' dir='ltr'>καὶ</span> <span class='ocrx_word' id='word_1_671' title='bbox 508 2054 614 2089; x_wconf 78' lang='grc' dir='ltr'>ἐφετὸν,</span> <span class='ocrx_word' id='word_1_672' title='bbox 627 2055 674 2082; x_wconf 79' lang='grc' dir='ltr'><strong>καὶ</strong></span> <span class='ocrx_word' id='word_1_673' title='bbox 690 2056 814 2092; x_wconf 77' lang='grc' dir='ltr'>ὲραστὺν,</span> <span class='ocrx_word' id='word_1_674' title='bbox 827 2056 863 2084; x_wconf 70' lang='grc' dir='ltr'><strong>δι’</strong></span> 
     </span>
    </p>
   </div>
   <div class='ocr_carea' id='block_1_81' title="bbox 68 2099 863 2138">
    <p class='ocr_par' dir='ltr' id='par_1_81' title="bbox 68 2099 863 2138">
     <span class='ocr_line' id='line_1_81' title="bbox 68 2099 863 2138; baseline 0.003 -11"><span class='ocrx_word' id='word_1_675' title='bbox 68 2100 149 2132; x_wconf 76' lang='grc' dir='ltr'>αὐτὸ,</span> <span class='ocrx_word' id='word_1_676' title='bbox 163 2100 210 2127; x_wconf 79' lang='grc' dir='ltr'>καὶ</span> <span class='ocrx_word' id='word_1_677' title='bbox 217 2100 299 2127; x_wconf 84' lang='grc' dir='ltr'>αὑτοῦ</span> <span class='ocrx_word' id='word_1_678' title='bbox 309 2099 454 2133; x_wconf 75' lang='grc' dir='ltr'>ἓνεκα,καὶ</span> <span class='ocrx_word' id='word_1_679' title='bbox 468 2101 498 2127; x_wconf 82' lang='grc' dir='ltr'>οὐ</span> <span class='ocrx_word' id='word_1_680' title='bbox 506 2100 540 2127; x_wconf 83' lang='grc' dir='ltr'><strong>δι’</strong></span> <span class='ocrx_word' id='word_1_681' title='bbox 546 2101 610 2128; x_wconf 81' lang='grc' dir='ltr'>ἄλλο</span> <span class='ocrx_word' id='word_1_682' title='bbox 624 2110 661 2134; x_wconf 85' lang='grc' dir='ltr'><strong>τι,</strong></span> <span class='ocrx_word' id='word_1_683' title='bbox 670 2102 717 2128; x_wconf 74' lang='grc' dir='ltr'>καὶ</span> <span class='ocrx_word' id='word_1_684' title='bbox 732 2100 770 2137; x_wconf 83' lang='grc' dir='ltr'>μὴ</span> <span class='ocrx_word' id='word_1_685' title='bbox 783 2102 863 2138; x_wconf 88' lang='grc' dir='ltr'>μόνον</span> 
     </span>
    </p>
   </div>
   <div class='ocr_carea' id='block_1_82' title="bbox 67 2145 862 2183">
    <p class='ocr_par' dir='ltr' id='par_1_82' title="bbox 67 2145 862 2183">
     <span class='ocr_line' id='line_1_82' title="bbox 67 2145 862 2183; baseline 0.004 -11"><span class='ocrx_word' id='word_1_686' title='bbox 67 2145 104 2172; x_wconf 81' lang='grc' dir='ltr'><strong>δι’</strong></span> <span class='ocrx_word' id='word_1_687' title='bbox 122 2146 205 2173; x_wconf 81' lang='grc' dir='ltr'>αὐτοῦ</span> <span class='ocrx_word' id='word_1_688' title='bbox 224 2147 314 2174; x_wconf 81' lang='grc' dir='ltr'>πάντα</span> <span class='ocrx_word' id='word_1_689' title='bbox 329 2146 398 2182; x_wconf 81' lang='grc' dir='ltr'>πρὸς</span> <span class='ocrx_word' id='word_1_690' title='bbox 417 2146 519 2183; x_wconf 83' lang='grc' dir='ltr'>ἄλληλα</span> <span class='ocrx_word' id='word_1_691' title='bbox 532 2146 579 2174; x_wconf 86' lang='grc' dir='ltr'>τδν</span> <span class='ocrx_word' id='word_1_692' title='bbox 593 2146 682 2183; x_wconf 76' lang='grc' dir='ltr'>ἔρωτα</span> <span class='ocrx_word' id='word_1_693' title='bbox 704 2147 806 2183; x_wconf 72' lang='grc' dir='ltr'>ἔχουσι.</span> <span class='ocrx_word' id='word_1_694' title='bbox 822 2148 862 2176; x_wconf 85' lang='grc' dir='ltr'><strong>Τὰ</strong></span> 
     </span>
    </p>
   </div>
   <div class='ocr_carea' id='block_1_83' title="bbox 70 2190 863 2229">
    <p class='ocr_par' dir='ltr' id='par_1_83' title="bbox 70 2190 863 2229">
     <span class='ocr_line' id='line_1_83' title="bbox 70 2190 863 2229; baseline 0.003 -11"><span class='ocrx_word' id='word_1_695' title='bbox 70 2190 122 2226; x_wconf 82' lang='grc' dir='ltr'>μὲν</span> <span class='ocrx_word' id='word_1_696' title='bbox 131 2191 205 2226; x_wconf 78' lang='grc' dir='ltr'>ἥττω</span> <span class='ocrx_word' id='word_1_697' title='bbox 216 2191 271 2218; x_wconf 84' lang='grc' dir='ltr'><strong>τῶν</strong></span> <span class='ocrx_word' id='word_1_698' title='bbox 283 2192 445 2228; x_wconf 79' lang='grc' dir='ltr'>κρειττόνων</span> <span class='ocrx_word' id='word_1_699' title='bbox 458 2192 676 2227; x_wconf 78' lang='grc' dir='ltr'>ὲπιστρεπτικῶς</span> <span class='ocrx_word' id='word_1_700' title='bbox 686 2212 693 2224; x_wconf 96' lang='grc'><strong>,</strong></span> <span class='ocrx_word' id='word_1_701' title='bbox 707 2192 742 2219; x_wconf 89' lang='grc' dir='ltr'><strong>τά</strong></span> <span class='ocrx_word' id='word_1_702' title='bbox 756 2192 784 2219; x_wconf 78' lang='grc' dir='ltr'><strong>δὲ</strong></span> <span class='ocrx_word' id='word_1_703' title='bbox 798 2194 863 2229; x_wconf 83' lang='grc' dir='ltr'><strong>ὀμό-</strong></span> 
     </span>
    </p>
   </div>
   <div class='ocr_carea' id='block_1_84' title="bbox 69 2227 900 2275">
    <p class='ocr_par' dir='ltr' id='par_1_84' title="bbox 69 2227 900 2275">
     <span class='ocr_line' id='line_1_84' title="bbox 69 2227 900 2275; baseline 0.004 -12"><span class='ocrx_word' id='word_1_704' title='bbox 69 2244 165 2272; x_wconf 83' lang='grc' dir='ltr'>στοιχα</span> <span class='ocrx_word' id='word_1_705' title='bbox 184 2237 238 2264; x_wconf 85' lang='grc' dir='ltr'><strong>τῶν</strong></span> <span class='ocrx_word' id='word_1_706' title='bbox 258 2237 402 2273; x_wconf 83' lang='grc' dir='ltr'>ὁμοταγῶν</span> <span class='ocrx_word' id='word_1_707' title='bbox 423 2238 600 2271; x_wconf 83' lang='grc' dir='ltr'>κοινωνικῶς,</span> <span class='ocrx_word' id='word_1_708' title='bbox 619 2239 666 2265; x_wconf 76' lang='grc' dir='ltr'>καὶ</span> <span class='ocrx_word' id='word_1_709' title='bbox 686 2238 721 2266; x_wconf 86' lang='grc' dir='ltr'><strong>τά</strong></span> <span class='ocrx_word' id='word_1_710' title='bbox 744 2227 861 2275; x_wconf 75' lang='grc' dir='ltr'>κρείττω</span> <span class='ocrx_word' id='word_1_711' title='bbox 878 2227 900 2255; x_wconf 82' lang='lat' dir='ltr'><strong>D</strong></span> 
     </span>
    </p>
   </div>
   <div class='ocr_carea' id='block_1_85' title="bbox 67 2281 862 2320">
    <p class='ocr_par' dir='ltr' id='par_1_85' title="bbox 67 2281 862 2320">
     <span class='ocr_line' id='line_1_85' title="bbox 67 2281 862 2320; baseline 0.006 -13"><span class='ocrx_word' id='word_1_712' title='bbox 67 2281 124 2308; x_wconf 87' lang='grc' dir='ltr'><strong>τῶν</strong></span> <span class='ocrx_word' id='word_1_713' title='bbox 142 2282 259 2318; x_wconf 77' lang='grc' dir='ltr'>ἡττόνων</span> <span class='ocrx_word' id='word_1_714' title='bbox 280 2283 478 2320; x_wconf 85' lang='grc' dir='ltr'>προνοητικῶς,</span> <span class='ocrx_word' id='word_1_715' title='bbox 502 2283 570 2311; x_wconf 85' lang='grc' dir='ltr'>ἀλλὰ</span> <span class='ocrx_word' id='word_1_716' title='bbox 591 2285 639 2311; x_wconf 78' lang='grc' dir='ltr'>καὶ</span> <span class='ocrx_word' id='word_1_717' title='bbox 662 2284 732 2312; x_wconf 80' lang='grc' dir='ltr'>αὐτὰ</span> <span class='ocrx_word' id='word_1_718' title='bbox 757 2285 862 2312; x_wconf 81' lang='grc' dir='ltr'>ἑαυτῶν</span> 
     </span>
    </p>
   </div>
   <div class='ocr_carea' id='block_1_86' title="bbox 69 2328 862 2365">
    <p class='ocr_par' dir='ltr' id='par_1_86' title="bbox 69 2328 862 2365">
     <span class='ocr_line' id='line_1_86' title="bbox 69 2328 862 2365; baseline 0.005 -12"><span class='ocrx_word' id='word_1_719' title='bbox 69 2328 248 2361; x_wconf 85' lang='grc' dir='ltr'>συνεκτικῶς,</span> <span class='ocrx_word' id='word_1_720' title='bbox 271 2329 320 2356; x_wconf 77' lang='grc' dir='ltr'>καὶ</span> <span class='ocrx_word' id='word_1_721' title='bbox 342 2329 443 2363; x_wconf 79' lang='grc' dir='ltr'>πάντα,</span> <span class='ocrx_word' id='word_1_722' title='bbox 458 2330 526 2365; x_wconf 82' lang='grc' dir='ltr'>πρὸς</span> <span class='ocrx_word' id='word_1_723' title='bbox 542 2329 573 2356; x_wconf 79' lang='grc' dir='ltr'>τὸ</span> <span class='ocrx_word' id='word_1_724' title='bbox 595 2329 677 2357; x_wconf 80' lang='grc' dir='ltr'>καλὸν</span> <span class='ocrx_word' id='word_1_725' title='bbox 699 2331 746 2357; x_wconf 83' lang='grc' dir='ltr'><strong>καὶ</strong></span> <span class='ocrx_word' id='word_1_726' title='bbox 761 2330 862 2365; x_wconf 83' lang='grc' dir='ltr'>ἀγαθὸν</span> 
     </span>
    </p>
   </div>
   <div class='ocr_carea' id='block_1_87' title="bbox 69 2376 862 2412">
    <p class='ocr_par' dir='ltr' id='par_1_87' title="bbox 69 2376 862 2412">
     <span class='ocr_line' id='line_1_87' title="bbox 69 2376 862 2412; baseline 0 -8"><span class='ocrx_word' id='word_1_727' title='bbox 69 2376 288 2412; x_wconf 81' lang='grc' dir='ltr'>ἀπευθυνόμενα,</span> <span class='ocrx_word' id='word_1_728' title='bbox 303 2377 411 2404; x_wconf 81' lang='grc' dir='ltr'>ποιοῦσι</span> <span class='ocrx_word' id='word_1_729' title='bbox 421 2377 469 2404; x_wconf 83' lang='grc' dir='ltr'>καὶ</span> <span class='ocrx_word' id='word_1_730' title='bbox 481 2376 621 2412; x_wconf 84' lang='grc' dir='ltr'>βούλονται</span> <span class='ocrx_word' id='word_1_731' title='bbox 631 2377 681 2404; x_wconf 82' lang='grc' dir='ltr'>ὅσα</span> <span class='ocrx_word' id='word_1_732' title='bbox 692 2377 800 2404; x_wconf 83' lang='grc' dir='ltr'>ποιοῦσι</span> <span class='ocrx_word' id='word_1_733' title='bbox 815 2378 862 2404; x_wconf 85' lang='grc' dir='ltr'>καὶ</span> 
     </span>
    </p>
   </div>
   <div class='ocr_carea' id='block_1_88' title="bbox 70 2420 861 2459">
    <p class='ocr_par' dir='ltr' id='par_1_88' title="bbox 70 2420 861 2459">
     <span class='ocr_line' id='line_1_88' title="bbox 70 2420 861 2459; baseline 0.004 -13"><span class='ocrx_word' id='word_1_734' title='bbox 70 2420 228 2456; x_wconf 85' lang='grc' dir='ltr'>βούλονται·</span> <span class='ocrx_word' id='word_1_735' title='bbox 240 2420 288 2447; x_wconf 74' lang='grc' dir='ltr'>καὶ</span> <span class='ocrx_word' id='word_1_736' title='bbox 299 2421 390 2453; x_wconf 82' lang='grc' dir='ltr'>ἁπλῶς</span> <span class='ocrx_word' id='word_1_737' title='bbox 402 2423 492 2449; x_wconf 82' lang='grc' dir='ltr'>πάντα</span> <span class='ocrx_word' id='word_1_738' title='bbox 504 2422 626 2459; x_wconf 80' lang='grc' dir='ltr'>ἀλλήλων</span> <span class='ocrx_word' id='word_1_739' title='bbox 634 2423 681 2449; x_wconf 76' lang='grc' dir='ltr'><strong>καὶ</strong></span> <span class='ocrx_word' id='word_1_740' title='bbox 689 2423 792 2450; x_wconf 80' lang='grc' dir='ltr'>ἑαυτῶν</span> <span class='ocrx_word' id='word_1_741' title='bbox 800 2423 861 2458; x_wconf 80' lang='grc' dir='ltr'>ἐρᾷ,</span> 
     </span>
    </p>
   </div>
   <div class='ocr_carea' id='block_1_89' title="bbox 70 2465 861 2505">
    <p class='ocr_par' dir='ltr' id='par_1_89' title="bbox 70 2465 861 2505">
     <span class='ocr_line' id='line_1_89' title="bbox 70 2465 861 2505; baseline 0.003 -13"><span class='ocrx_word' id='word_1_742' title='bbox 70 2466 120 2493; x_wconf 79' lang='grc' dir='ltr'>καὶ</span> <span class='ocrx_word' id='word_1_743' title='bbox 134 2466 149 2492; x_wconf 78' lang='grc' dir='ltr'><strong>ὁ</strong></span> <span class='ocrx_word' id='word_1_744' title='bbox 158 2465 224 2497; x_wconf 87' lang='grc' dir='ltr'>Θεὸς</span> <span class='ocrx_word' id='word_1_745' title='bbox 239 2465 347 2493; x_wconf 81' lang='grc' dir='ltr'>πάντων</span> <span class='ocrx_word' id='word_1_746' title='bbox 358 2467 420 2502; x_wconf 84' lang='grc' dir='ltr'>ὲρᾷ,</span> <span class='ocrx_word' id='word_1_747' title='bbox 434 2468 477 2494; x_wconf 83' lang='grc' dir='ltr'>ἵνα</span> <span class='ocrx_word' id='word_1_748' title='bbox 490 2467 524 2495; x_wconf 77' lang='grc' dir='ltr'>τὰ</span> <span class='ocrx_word' id='word_1_749' title='bbox 539 2467 628 2495; x_wconf 78' lang='grc' dir='ltr'>πάντα</span> <span class='ocrx_word' id='word_1_750' title='bbox 645 2467 735 2502; x_wconf 83' lang='grc' dir='ltr'>ἀγαθά</span> <span class='ocrx_word' id='word_1_751' title='bbox 747 2468 861 2505; x_wconf 73' lang='grc' dir='ltr'>ποιήσῃ.</span> 
     </span>
    </p>
   </div>
   <div class='ocr_carea' id='block_1_90' title="bbox 71 2511 862 2549">
    <p class='ocr_par' dir='ltr' id='par_1_90' title="bbox 71 2511 862 2549">
     <span class='ocr_line' id='line_1_90' title="bbox 71 2511 862 2549; baseline 0.004 -11"><span class='ocrx_word' id='word_1_752' title='bbox 71 2511 121 2538; x_wconf 85' lang='grc' dir='ltr'>Διὰ</span> <span class='ocrx_word' id='word_1_753' title='bbox 133 2511 212 2539; x_wconf 79' lang='grc' dir='ltr'>τοῦτό</span> <span class='ocrx_word' id='word_1_754' title='bbox 220 2513 278 2539; x_wconf 82' lang='grc' dir='ltr'>ἐστι</span> <span class='ocrx_word' id='word_1_755' title='bbox 286 2513 333 2539; x_wconf 83' lang='grc' dir='ltr'>καὶ</span> <span class='ocrx_word' id='word_1_756' title='bbox 342 2513 433 2546; x_wconf 83' lang='grc' dir='ltr'>ὁθεῖος</span> <span class='ocrx_word' id='word_1_757' title='bbox 441 2513 510 2549; x_wconf 71' lang='grc' dir='ltr'>ἔρως</span> <span class='ocrx_word' id='word_1_758' title='bbox 526 2515 573 2541; x_wconf 77' lang='grc' dir='ltr'><strong>καὶ</strong></span> <span class='ocrx_word' id='word_1_759' title='bbox 583 2514 694 2549; x_wconf 82' lang='grc' dir='ltr'>ἀγαθὸς,</span> <span class='ocrx_word' id='word_1_760' title='bbox 701 2515 748 2541; x_wconf 76' lang='grc' dir='ltr'>καὶ</span> <span class='ocrx_word' id='word_1_761' title='bbox 759 2513 862 2548; x_wconf 78' lang='grc' dir='ltr'>ἀγαθοῦ</span> 
     </span>
    </p>
   </div>
   <div class='ocr_carea' id='block_1_91' title="bbox 71 2558 861 2595">
    <p class='ocr_par' dir='ltr' id='par_1_91' title="bbox 71 2558 861 2595">
     <span class='ocr_line' id='line_1_91' title="bbox 71 2558 861 2595; baseline 0.001 -10"><span class='ocrx_word' id='word_1_762' title='bbox 71 2558 235 2594; x_wconf 82' lang='grc' dir='ltr'>πράγματος</span> <span class='ocrx_word' id='word_1_763' title='bbox 245 2559 396 2595; x_wconf 73' lang='grc' dir='ltr'>ἐπιτηδείου</span> <span class='ocrx_word' id='word_1_764' title='bbox 406 2561 446 2593; x_wconf 84' lang='grc' dir='ltr'><strong>είς</strong></span> <span class='ocrx_word' id='word_1_765' title='bbox 454 2560 468 2586; x_wconf 82' lang='grc' dir='ltr'><strong>ὃ</strong></span> <span class='ocrx_word' id='word_1_766' title='bbox 474 2560 586 2594; x_wconf 78' lang='grc' dir='ltr'>ἀγαθὸν,</span> <span class='ocrx_word' id='word_1_767' title='bbox 595 2562 642 2588; x_wconf 80' lang='grc' dir='ltr'><strong>καὶ</strong></span> <span class='ocrx_word' id='word_1_768' title='bbox 649 2561 693 2588; x_wconf 82' lang='grc' dir='ltr'>διὰ</span> <span class='ocrx_word' id='word_1_769' title='bbox 703 2561 734 2588; x_wconf 83' lang='grc' dir='ltr'>τὸ</span> <span class='ocrx_word' id='word_1_770' title='bbox 741 2560 844 2595; x_wconf 86' lang='grc' dir='ltr'>ἀγαθόν</span> <span class='ocrx_word' id='word_1_771' title='bbox 853 2569 861 2576; x_wconf 70' lang='grc' dir='ltr'><strong>ν</strong></span> 
     </span>
    </p>
   </div>
   <div class='ocr_carea' id='block_1_92' title="bbox 72 2604 861 2643">
    <p class='ocr_par' dir='ltr' id='par_1_92' title="bbox 72 2604 861 2643">
     <span class='ocr_line' id='line_1_92' title="bbox 72 2604 861 2643; baseline 0.004 -12"><span class='ocrx_word' id='word_1_772' title='bbox 72 2604 117 2631; x_wconf 74' lang='grc' dir='ltr'>ἴνα</span> <span class='ocrx_word' id='word_1_773' title='bbox 133 2605 189 2642; x_wconf 87' lang='grc' dir='ltr'><strong>γὰρ</strong></span> <span class='ocrx_word' id='word_1_774' title='bbox 210 2604 341 2641; x_wconf 85' lang='grc' dir='ltr'>τελειώσῃ</span> <span class='ocrx_word' id='word_1_775' title='bbox 358 2606 405 2632; x_wconf 76' lang='grc' dir='ltr'>καὶ</span> <span class='ocrx_word' id='word_1_776' title='bbox 427 2605 535 2642; x_wconf 80' lang='grc' dir='ltr'>συνέξῃ,</span> <span class='ocrx_word' id='word_1_777' title='bbox 554 2606 602 2633; x_wconf 76' lang='grc' dir='ltr'>καὶ</span> <span class='ocrx_word' id='word_1_778' title='bbox 620 2607 732 2643; x_wconf 82' lang='grc' dir='ltr'>ἁγιάσῃ,</span> <span class='ocrx_word' id='word_1_779' title='bbox 747 2607 861 2642; x_wconf 85' lang='grc' dir='ltr'>γίνεται.</span> 
     </span>
    </p>
   </div>
   <div class='ocr_carea' id='block_1_93' title="bbox 73 2648 862 2690">
    <p class='ocr_par' dir='ltr' id='par_1_93' title="bbox 73 2648 862 2690">
     <span class='ocr_line' id='line_1_93' title="bbox 73 2648 862 2690; baseline 0.003 -12"><span class='ocrx_word' id='word_1_780' title='bbox 73 2648 157 2684; x_wconf 76' lang='grc' dir='ltr'>Οὗτος</span> <span class='ocrx_word' id='word_1_781' title='bbox 175 2651 230 2688; x_wconf 81' lang='grc' dir='ltr'><strong>γὰρ</strong></span> <span class='ocrx_word' id='word_1_782' title='bbox 243 2653 257 2679; x_wconf 85' lang='grc' dir='ltr'>ὁ</span> <span class='ocrx_word' id='word_1_783' title='bbox 271 2651 341 2687; x_wconf 73' lang='grc' dir='ltr'>ἔρως</span> <span class='ocrx_word' id='word_1_784' title='bbox 359 2652 449 2679; x_wconf 78' lang='grc' dir='ltr'>καὶτὸ</span> <span class='ocrx_word' id='word_1_785' title='bbox 463 2652 541 2679; x_wconf 89' lang='grc' dir='ltr'><strong>Θείον</strong></span> <span class='ocrx_word' id='word_1_786' title='bbox 564 2652 689 2688; x_wconf 76' lang='grc' dir='ltr'>ἐκίνησεν</span> <span class='ocrx_word' id='word_1_787' title='bbox 709 2654 749 2686; x_wconf 84' lang='grc' dir='ltr'><strong>είς</strong></span> <span class='ocrx_word' id='word_1_788' title='bbox 770 2662 862 2690; x_wconf 88' lang='grc' dir='ltr'>παρα-</span> 
     </span>
    </p>
   </div>
   <div class='ocr_carea' id='block_1_94' title="bbox 73 2698 863 2736">
    <p class='ocr_par' dir='ltr' id='par_1_94' title="bbox 73 2698 863 2736">
     <span class='ocr_line' id='line_1_94' title="bbox 73 2698 863 2736; baseline 0.004 -12"><span class='ocrx_word' id='word_1_789' title='bbox 73 2698 166 2734; x_wconf 84' lang='grc' dir='ltr'>γωγὴν</span> <span class='ocrx_word' id='word_1_790' title='bbox 178 2698 258 2735; x_wconf 80' lang='grc' dir='ltr'>ἡμῶν</span> <span class='ocrx_word' id='word_1_791' title='bbox 270 2700 317 2726; x_wconf 74' lang='grc' dir='ltr'><strong>καὶ</strong></span> <span class='ocrx_word' id='word_1_792' title='bbox 336 2699 472 2736; x_wconf 82' lang='grc' dir='ltr'>πρόνοιαν,</span> <span class='ocrx_word' id='word_1_793' title='bbox 485 2700 529 2726; x_wconf 79' lang='grc' dir='ltr'>ἵνα</span> <span class='ocrx_word' id='word_1_794' title='bbox 543 2700 590 2726; x_wconf 75' lang='grc' dir='ltr'>καὶ</span> <span class='ocrx_word' id='word_1_795' title='bbox 603 2701 753 2735; x_wconf 80' lang='grc' dir='ltr'>πρακτικὸν</span> <span class='ocrx_word' id='word_1_796' title='bbox 767 2701 863 2736; x_wconf 81' lang='grc' dir='ltr'>ἕσηται</span> 
     </span>
    </p>
   </div>
   <div class='ocr_carea' id='block_1_95' title="bbox 74 2744 864 2782">
    <p class='ocr_par' dir='ltr' id='par_1_95' title="bbox 74 2744 864 2782">
     <span class='ocr_line' id='line_1_95' title="bbox 74 2744 864 2782; baseline 0.003 -11"><span class='ocrx_word' id='word_1_797' title='bbox 74 2744 121 2771; x_wconf 76' lang='grc' dir='ltr'>καὶ</span> <span class='ocrx_word' id='word_1_798' title='bbox 134 2745 302 2780; x_wconf 77' lang='grc' dir='ltr'>κινούμενον,</span> <span class='ocrx_word' id='word_1_799' title='bbox 320 2746 367 2772; x_wconf 72' lang='grc' dir='ltr'>καὶ</span> <span class='ocrx_word' id='word_1_800' title='bbox 384 2745 422 2781; x_wconf 84' lang='grc' dir='ltr'>μὴ</span> <span class='ocrx_word' id='word_1_801' title='bbox 435 2745 513 2782; x_wconf 81' lang='grc' dir='ltr'>μείνῃ</span> <span class='ocrx_word' id='word_1_802' title='bbox 528 2746 633 2780; x_wconf 84' lang='grc' dir='ltr'>ἄγονον.</span> <span class='ocrx_word' id='word_1_803' title='bbox 653 2746 732 2773; x_wconf 81' lang='grc' dir='ltr'><strong>Ἀλλὰ</strong></span> <span class='ocrx_word' id='word_1_804' title='bbox 745 2755 864 2782; x_wconf 84' lang='grc' dir='ltr'>σημειω-</span> 
     </span>
    </p>
   </div>
   <div class='ocr_carea' id='block_1_96' title="bbox 74 2789 863 2830">
    <p class='ocr_par' dir='ltr' id='par_1_96' title="bbox 74 2789 863 2830">
     <span class='ocr_line' id='line_1_96' title="bbox 74 2789 863 2830; baseline 0.004 -14"><span class='ocrx_word' id='word_1_805' title='bbox 74 2789 143 2824; x_wconf 77' lang='grc' dir='ltr'>τέον,</span> <span class='ocrx_word' id='word_1_806' title='bbox 158 2791 197 2818; x_wconf 74' lang='grc' dir='ltr'><strong>ὂτι</strong></span> <span class='ocrx_word' id='word_1_807' title='bbox 212 2791 243 2817; x_wconf 81' lang='grc' dir='ltr'>οὐ</span> <span class='ocrx_word' id='word_1_808' title='bbox 256 2791 297 2817; x_wconf 86' lang='grc' dir='ltr'><strong>δεῖ</strong></span> <span class='ocrx_word' id='word_1_809' title='bbox 307 2794 451 2827; x_wconf 80' lang='grc' dir='ltr'>προσέχειν</span> <span class='ocrx_word' id='word_1_810' title='bbox 470 2793 530 2824; x_wconf 79' lang='grc' dir='ltr'>ταῖς</span> <span class='ocrx_word' id='word_1_811' title='bbox 545 2791 660 2825; x_wconf 77' lang='grc' dir='ltr'>λέξεσιν,</span> <span class='ocrx_word' id='word_1_812' title='bbox 676 2792 744 2819; x_wconf 85' lang='grc' dir='ltr'>ἀλλὰ</span> <span class='ocrx_word' id='word_1_813' title='bbox 765 2794 798 2830; x_wconf 76' lang='grc' dir='ltr'><strong>τῇ</strong></span> <span class='ocrx_word' id='word_1_814' title='bbox 818 2792 863 2818; x_wconf 86' lang='grc' dir='ltr'><strong>δυ-</strong></span> 
     </span>
    </p>
   </div>
   <div class='ocr_carea' id='block_1_97' title="bbox 75 2835 861 2874">
    <p class='ocr_par' dir='ltr' id='par_1_97' title="bbox 75 2835 861 2874">
     <span class='ocr_line' id='line_1_97' title="bbox 75 2835 861 2874; baseline 0.005 -12"><span class='ocrx_word' id='word_1_815' title='bbox 75 2835 154 2871; x_wconf 83' lang='grc' dir='ltr'>νάμει</span> <span class='ocrx_word' id='word_1_816' title='bbox 167 2837 213 2863; x_wconf 80' lang='grc' dir='ltr'>τοῦ</span> <span class='ocrx_word' id='word_1_817' title='bbox 228 2837 340 2864; x_wconf 84' lang='grc' dir='ltr'>σκοποῦ.</span> <span class='ocrx_word' id='word_1_818' title='bbox 353 2837 437 2870; x_wconf 84' lang='grc' dir='ltr'>Θείως</span> <span class='ocrx_word' id='word_1_819' title='bbox 449 2837 503 2874; x_wconf 76' lang='grc' dir='ltr'>γὰρ</span> <span class='ocrx_word' id='word_1_820' title='bbox 518 2838 587 2865; x_wconf 85' lang='grc' dir='ltr'>αὐτά</span> <span class='ocrx_word' id='word_1_821' title='bbox 599 2839 613 2865; x_wconf 77' lang='grc' dir='ltr'>ὁ</span> <span class='ocrx_word' id='word_1_822' title='bbox 627 2838 705 2873; x_wconf 84' lang='grc' dir='ltr'>λόγος</span> <span class='ocrx_word' id='word_1_823' title='bbox 719 2838 845 2872; x_wconf 78' lang='grc' dir='ltr'>διέξεισιν</span> <span class='ocrx_word' id='word_1_824' title='bbox 854 2847 861 2854; x_wconf 93' lang='grc'><strong>·</strong></span> 
     </span>
    </p>
   </div>
   <div class='ocr_carea' id='block_1_98' title="bbox 75 2882 861 2921">
    <p class='ocr_par' dir='ltr' id='par_1_98' title="bbox 75 2882 861 2921">
     <span class='ocr_line' id='line_1_98' title="bbox 75 2882 861 2921; baseline 0.003 -12"><span class='ocrx_word' id='word_1_825' title='bbox 75 2882 133 2910; x_wconf 77' lang='grc' dir='ltr'><strong>οὐδὲ</strong></span> <span class='ocrx_word' id='word_1_826' title='bbox 147 2887 201 2920; x_wconf 76' lang='grc' dir='ltr'>γὰρ</span> <span class='ocrx_word' id='word_1_827' title='bbox 223 2883 408 2920; x_wconf 56' lang='grc' dir='ltr'>πρεσϐεύομεν</span> <span class='ocrx_word' id='word_1_828' title='bbox 428 2883 476 2920; x_wconf 83' lang='grc' dir='ltr'>τὴν</span> <span class='ocrx_word' id='word_1_829' title='bbox 499 2884 655 2921; x_wconf 80' lang='grc' dir='ltr'>ἐπωνυμίαν</span> <span class='ocrx_word' id='word_1_830' title='bbox 678 2883 725 2911; x_wconf 82' lang='grc' dir='ltr'>τοῦ</span> <span class='ocrx_word' id='word_1_831' title='bbox 751 2884 861 2920; x_wconf 77' lang='grc' dir='ltr'>ἔρωτος,</span> 
     </span>
    </p>
   </div>
   <div class='ocr_carea' id='block_1_99' title="bbox 953 2008 1710 2048">
    <p class='ocr_par' dir='ltr' id='par_1_99' title="bbox 953 2008 1710 2048">
     <span class='ocr_line' id='line_1_99' title="bbox 953 2008 1710 2048; baseline -0.004 -9"><span class='ocrx_word' id='word_1_832' title='bbox 953 2011 1027 2048; x_wconf 70' lang='lat' dir='ltr'><strong>5X].</strong></span> <span class='ocrx_word' id='word_1_833' title='bbox 1044 2011 1129 2048; x_wconf 76' lang='lat'><strong>398</strong></span> <span class='ocrx_word' id='word_1_834' title='bbox 1144 2010 1194 2038; x_wconf 84' lang='lat' dir='ltr'><strong>Hic</strong></span> <span class='ocrx_word' id='word_1_835' title='bbox 1210 2010 1244 2038; x_wconf 89' lang='lat' dir='ltr'><strong>de</strong></span> <span class='ocrx_word' id='word_1_836' title='bbox 1264 2017 1360 2038; x_wconf 81' lang='lat' dir='ltr'><strong>arnore</strong></span> <span class='ocrx_word' id='word_1_837' title='bbox 1375 2015 1532 2037; x_wconf 84' lang='lat' dir='ltr'><strong>sermonem</strong></span> <span class='ocrx_word' id='word_1_838' title='bbox 1549 2008 1710 2042; x_wconf 88' lang='lat' dir='ltr'><strong>introducit,</strong></span> 
     </span>
    </p>
   </div>
   <div class='ocr_carea' id='block_1_100' title="bbox 917 2054 1709 2092">
    <p class='ocr_par' dir='ltr' id='par_1_100' title="bbox 917 2054 1709 2092">
     <span class='ocr_line' id='line_1_100' title="bbox 917 2054 1709 2092; baseline -0.004 -8"><span class='ocrx_word' id='word_1_839' title='bbox 917 2065 949 2086; x_wconf 81' lang='lat' dir='ltr'><strong>ac</strong></span> <span class='ocrx_word' id='word_1_840' title='bbox 964 2058 1004 2085; x_wconf 82' lang='lat' dir='ltr'><strong>ait</strong></span> <span class='ocrx_word' id='word_1_841' title='bbox 1018 2067 1026 2085; x_wconf 85' lang='lat'><strong>:</strong></span> <span class='ocrx_word' id='word_1_842' title='bbox 1042 2057 1175 2086; x_wconf 82' lang='lat' dir='ltr'><strong>Omnibus</strong></span> <span class='ocrx_word' id='word_1_843' title='bbox 1187 2056 1269 2092; x_wconf 77' lang='lat' dir='ltr'><strong>igitur</strong></span> <span class='ocrx_word' id='word_1_844' title='bbox 1284 2055 1428 2091; x_wconf 83' lang='lat' dir='ltr'><strong>pulchrum</strong></span> <span class='ocrx_word' id='word_1_845' title='bbox 1441 2059 1470 2082; x_wconf 88' lang='lat' dir='ltr'><strong>et</strong></span> <span class='ocrx_word' id='word_1_846' title='bbox 1485 2054 1666 2082; x_wconf 85' lang='lat' dir='ltr'><strong>desiderabile</strong></span> <span class='ocrx_word' id='word_1_847' title='bbox 1679 2059 1709 2082; x_wconf 89' lang='lat' dir='ltr'><strong>et</strong></span> 
     </span>
    </p>
   </div>
   <div class='ocr_carea' id='block_1_101' title="bbox 917 2101 1711 2136">
    <p class='ocr_par' dir='ltr' id='par_1_101' title="bbox 917 2101 1711 2136">
     <span class='ocr_line' id='line_1_101' title="bbox 917 2101 1711 2136; baseline -0.001 -8"><span class='ocrx_word' id='word_1_848' title='bbox 917 2101 1033 2129; x_wconf 84' lang='lat' dir='ltr'><strong>amabile</strong></span> <span class='ocrx_word' id='word_1_849' title='bbox 1046 2106 1089 2129; x_wconf 91' lang='lat' dir='ltr'><strong>est</strong></span> <span class='ocrx_word' id='word_1_850' title='bbox 1103 2106 1215 2136; x_wconf 78' lang='lat' dir='ltr'><strong>propter</strong></span> <span class='ocrx_word' id='word_1_851' title='bbox 1226 2108 1256 2129; x_wconf 88' lang='lat' dir='ltr'><strong>se</strong></span> <span class='ocrx_word' id='word_1_852' title='bbox 1270 2105 1298 2128; x_wconf 93' lang='lat' dir='ltr'><strong>et</strong></span> <span class='ocrx_word' id='word_1_853' title='bbox 1312 2101 1354 2128; x_wconf 83' lang='lat' dir='ltr'><strong>sui</strong></span> <span class='ocrx_word' id='word_1_854' title='bbox 1369 2108 1464 2133; x_wconf 86' lang='lat' dir='ltr'><strong>causa,</strong></span> <span class='ocrx_word' id='word_1_855' title='bbox 1481 2104 1509 2127; x_wconf 88' lang='lat' dir='ltr'><strong>et</strong></span> <span class='ocrx_word' id='word_1_856' title='bbox 1522 2107 1576 2128; x_wconf 91' lang='lat' dir='ltr'><strong>non</strong></span> <span class='ocrx_word' id='word_1_857' title='bbox 1599 2105 1711 2135; x_wconf 83' lang='lat' dir='ltr'><strong>propter</strong></span> 
     </span>
    </p>
   </div>
   <div class='ocr_carea' id='block_1_102' title="bbox 917 2146 1710 2182">
    <p class='ocr_par' dir='ltr' id='par_1_102' title="bbox 917 2146 1710 2182">
     <span class='ocr_line' id='line_1_102' title="bbox 917 2146 1710 2182; baseline 0 -9"><span class='ocrx_word' id='word_1_858' title='bbox 917 2147 1018 2182; x_wconf 80' lang='lat' dir='ltr'><strong>aliquid</strong></span> <span class='ocrx_word' id='word_1_859' title='bbox 1033 2147 1120 2180; x_wconf 80' lang='lat' dir='ltr'><strong>aliud,</strong></span> <span class='ocrx_word' id='word_1_860' title='bbox 1142 2150 1171 2175; x_wconf 87' lang='lat' dir='ltr'><strong>et</strong></span> <span class='ocrx_word' id='word_1_861' title='bbox 1185 2155 1238 2174; x_wconf 93' lang='lat' dir='ltr'><strong>non</strong></span> <span class='ocrx_word' id='word_1_862' title='bbox 1253 2146 1340 2174; x_wconf 87' lang='lat' dir='ltr'><strong>solum</strong></span> <span class='ocrx_word' id='word_1_863' title='bbox 1356 2153 1405 2180; x_wconf 87' lang='lat' dir='ltr'><strong>per</strong></span> <span class='ocrx_word' id='word_1_864' title='bbox 1419 2153 1449 2173; x_wconf 87' lang='lat' dir='ltr'><strong>se</strong></span> <span class='ocrx_word' id='word_1_865' title='bbox 1463 2146 1554 2173; x_wconf 90' lang='lat' dir='ltr'><strong>omnia</strong></span> <span class='ocrx_word' id='word_1_866' title='bbox 1578 2146 1612 2173; x_wconf 92' lang='lat' dir='ltr'><strong>ad</strong></span> <span class='ocrx_word' id='word_1_867' title='bbox 1637 2146 1710 2173; x_wconf 85' lang='lat' dir='ltr'><strong>invi-</strong></span> 
     </span>
    </p>
   </div>
   <div class='ocr_carea' id='block_1_103' title="bbox 915 2192 1710 2227">
    <p class='ocr_par' dir='ltr' id='par_1_103' title="bbox 915 2192 1710 2227">
     <span class='ocr_line' id='line_1_103' title="bbox 915 2192 1710 2227; baseline 0 -7"><span class='ocrx_word' id='word_1_868' title='bbox 915 2201 974 2221; x_wconf 85' lang='lat' dir='ltr'><strong>cem</strong></span> <span class='ocrx_word' id='word_1_869' title='bbox 999 2200 1121 2221; x_wconf 89' lang='lat' dir='ltr'><strong>amorem</strong></span> <span class='ocrx_word' id='word_1_870' title='bbox 1145 2193 1256 2221; x_wconf 80' lang='lat' dir='ltr'><strong>habent.</strong></span> <span class='ocrx_word' id='word_1_871' title='bbox 1273 2193 1307 2219; x_wconf 88' lang='lat' dir='ltr'><strong>Et</strong></span> <span class='ocrx_word' id='word_1_872' title='bbox 1331 2192 1462 2220; x_wconf 81' lang='lat' dir='ltr'><strong>inferiora</strong></span> <span class='ocrx_word' id='word_1_873' title='bbox 1481 2192 1591 2227; x_wconf 89' lang='lat' dir='ltr'><strong>quidem</strong></span> <span class='ocrx_word' id='word_1_874' title='bbox 1615 2198 1710 2220; x_wconf 78' lang='lat' dir='ltr'><strong>autaut</strong></span> 
     </span>
    </p>
   </div>
   <div class='ocr_carea' id='block_1_104' title="bbox 915 2237 1709 2273">
    <p class='ocr_par' dir='ltr' id='par_1_104' title="bbox 915 2237 1709 2273">
     <span class='ocr_line' id='line_1_104' title="bbox 915 2237 1709 2273; baseline 0 -8"><span class='ocrx_word' id='word_1_875' title='bbox 915 2237 1068 2273; x_wconf 84' lang='lat' dir='ltr'><strong>superiora,</strong></span> <span class='ocrx_word' id='word_1_876' title='bbox 1083 2237 1269 2265; x_wconf 76' lang='lat' dir='ltr'><strong>convertenda</strong></span> <span class='ocrx_word' id='word_1_877' title='bbox 1285 2245 1316 2264; x_wconf 91' lang='lat' dir='ltr'><strong>se</strong></span> <span class='ocrx_word' id='word_1_878' title='bbox 1330 2237 1364 2264; x_wconf 90' lang='lat' dir='ltr'><strong>ad</strong></span> <span class='ocrx_word' id='word_1_879' title='bbox 1376 2244 1408 2264; x_wconf 89' lang='lat' dir='ltr'><strong>ea</strong></span> <span class='ocrx_word' id='word_1_880' title='bbox 1421 2245 1430 2270; x_wconf 86' lang='lat'><strong>;</strong></span> <span class='ocrx_word' id='word_1_881' title='bbox 1446 2241 1476 2264; x_wconf 89' lang='lat' dir='ltr'><strong>et</strong></span> <span class='ocrx_word' id='word_1_882' title='bbox 1487 2244 1547 2272; x_wconf 63' lang='lat' dir='ltr'><strong>quae</strong></span> <span class='ocrx_word' id='word_1_883' title='bbox 1560 2241 1624 2264; x_wconf 85' lang='lat' dir='ltr'><strong>sunt</strong></span> <span class='ocrx_word' id='word_1_884' title='bbox 1635 2237 1709 2271; x_wconf 74' lang='lat' dir='ltr'><strong>ejus-</strong></span> 
     </span>
    </p>
   </div>
   <div class='ocr_carea' id='block_1_105' title="bbox 914 2283 1706 2315">
    <p class='ocr_par' dir='ltr' id='par_1_105' title="bbox 914 2283 1706 2315">
     <span class='ocr_line' id='line_1_105' title="bbox 914 2283 1706 2315; baseline 0 -4"><span class='ocrx_word' id='word_1_885' title='bbox 914 2285 975 2312; x_wconf 78' lang='lat' dir='ltr'><strong>dem</strong></span> <span class='ocrx_word' id='word_1_886' title='bbox 987 2283 1103 2315; x_wconf 87' lang='lat' dir='ltr'><strong>ordinis,</strong></span> <span class='ocrx_word' id='word_1_887' title='bbox 1115 2288 1212 2311; x_wconf 91' lang='lat' dir='ltr'><strong>amant</strong></span> <span class='ocrx_word' id='word_1_888' title='bbox 1232 2285 1273 2312; x_wconf 84' lang='lat' dir='ltr'><strong>sui</strong></span> <span class='ocrx_word' id='word_1_889' title='bbox 1290 2283 1403 2315; x_wconf 86' lang='lat' dir='ltr'><strong>similia,</strong></span> <span class='ocrx_word' id='word_1_890' title='bbox 1419 2291 1481 2310; x_wconf 94' lang='lat' dir='ltr'><strong>cnm</strong></span> <span class='ocrx_word' id='word_1_891' title='bbox 1497 2283 1531 2311; x_wconf 90' lang='lat' dir='ltr'><strong>iis</strong></span> <span class='ocrx_word' id='word_1_892' title='bbox 1548 2285 1706 2311; x_wconf 89' lang='lat' dir='ltr'><strong>communi-</strong></span> 
     </span>
    </p>
   </div>
   <div class='ocr_carea' id='block_1_106' title="bbox 913 2330 1708 2367">
    <p class='ocr_par' dir='ltr' id='par_1_106' title="bbox 913 2330 1708 2367">
     <span class='ocr_line' id='line_1_106' title="bbox 913 2330 1708 2367; baseline -0.003 -9"><span class='ocrx_word' id='word_1_893' title='bbox 913 2331 1021 2359; x_wconf 85' lang='lat' dir='ltr'><strong>cando:</strong></span> <span class='ocrx_word' id='word_1_894' title='bbox 1041 2336 1069 2358; x_wconf 90' lang='lat' dir='ltr'><strong>et</strong></span> <span class='ocrx_word' id='word_1_895' title='bbox 1085 2331 1225 2367; x_wconf 86' lang='lat' dir='ltr'><strong>superiora</strong></span> <span class='ocrx_word' id='word_1_896' title='bbox 1248 2330 1391 2362; x_wconf 81' lang='lat' dir='ltr'><strong>interiora,</strong></span> <span class='ocrx_word' id='word_1_897' title='bbox 1407 2330 1576 2365; x_wconf 88' lang='lat' dir='ltr'><strong>providendo</strong></span> <span class='ocrx_word' id='word_1_898' title='bbox 1593 2330 1662 2363; x_wconf 90' lang='lat' dir='ltr'><strong>illis;</strong></span> <span class='ocrx_word' id='word_1_899' title='bbox 1679 2335 1708 2357; x_wconf 91' lang='lat' dir='ltr'><strong>et</strong></span> 
     </span>
    </p>
   </div>
   <div class='ocr_carea' id='block_1_107' title="bbox 913 2376 1708 2413">
    <p class='ocr_par' dir='ltr' id='par_1_107' title="bbox 913 2376 1708 2413">
     <span class='ocr_line' id='line_1_107' title="bbox 913 2376 1708 2413; baseline -0.001 -9"><span class='ocrx_word' id='word_1_900' title='bbox 913 2377 1021 2413; x_wconf 75' lang='lat' dir='ltr'><strong>singula</strong></span> <span class='ocrx_word' id='word_1_901' title='bbox 1040 2384 1070 2405; x_wconf 85' lang='lat' dir='ltr'><strong>se</strong></span> <span class='ocrx_word' id='word_1_902' title='bbox 1093 2378 1163 2413; x_wconf 84' lang='lat' dir='ltr'><strong>ipsa,</strong></span> <span class='ocrx_word' id='word_1_903' title='bbox 1180 2376 1370 2405; x_wconf 83' lang='lat' dir='ltr'><strong>conservando</strong></span> <span class='ocrx_word' id='word_1_904' title='bbox 1386 2383 1428 2408; x_wconf 83' lang='lat' dir='ltr'><strong>se.</strong></span> <span class='ocrx_word' id='word_1_905' title='bbox 1444 2381 1472 2404; x_wconf 91' lang='lat' dir='ltr'><strong>et</strong></span> <span class='ocrx_word' id='word_1_906' title='bbox 1487 2377 1579 2403; x_wconf 84' lang='lat' dir='ltr'><strong>omnia</strong></span> <span class='ocrx_word' id='word_1_907' title='bbox 1591 2377 1625 2403; x_wconf 86' lang='lat' dir='ltr'><strong>ad</strong></span> <span class='ocrx_word' id='word_1_908' title='bbox 1645 2377 1708 2412; x_wconf 83' lang='lat' dir='ltr'><strong>pul—</strong></span> 
     </span>
    </p>
   </div>
   <div class='ocr_carea' id='block_1_108' title="bbox 913 2419 1708 2455">
    <p class='ocr_par' dir='ltr' id='par_1_108' title="bbox 913 2419 1708 2455">
     <span class='ocr_line' id='line_1_108' title="bbox 913 2419 1708 2455; baseline -0.005 -5"><span class='ocrx_word' id='word_1_909' title='bbox 913 2424 1010 2450; x_wconf 87' lang='lat' dir='ltr'><strong>chrum</strong></span> <span class='ocrx_word' id='word_1_910' title='bbox 1023 2427 1051 2450; x_wconf 93' lang='lat' dir='ltr'><strong>et</strong></span> <span class='ocrx_word' id='word_1_911' title='bbox 1066 2422 1167 2454; x_wconf 82' lang='lat' dir='ltr'><strong>bonum</strong></span> <span class='ocrx_word' id='word_1_912' title='bbox 1184 2421 1286 2448; x_wconf 85' lang='lat' dir='ltr'><strong>directa</strong></span> <span class='ocrx_word' id='word_1_913' title='bbox 1304 2419 1410 2448; x_wconf 79' lang='lat' dir='ltr'><strong>faciunt</strong></span> <span class='ocrx_word' id='word_1_914' title='bbox 1424 2428 1457 2447; x_wconf 89' lang='lat' dir='ltr'><strong>ac</strong></span> <span class='ocrx_word' id='word_1_915' title='bbox 1471 2422 1567 2448; x_wconf 88' lang='lat' dir='ltr'><strong>volunt</strong></span> <span class='ocrx_word' id='word_1_916' title='bbox 1578 2427 1708 2455; x_wconf 65' lang='lat' dir='ltr'><strong>quaecun-</strong></span> 
     </span>
    </p>
   </div>
   <div class='ocr_carea' id='block_1_109' title="bbox 914 2465 1708 2504">
    <p class='ocr_par' dir='ltr' id='par_1_109' title="bbox 914 2465 1708 2504">
     <span class='ocr_line' id='line_1_109' title="bbox 914 2465 1708 2504; baseline -0.004 -8"><span class='ocrx_word' id='word_1_917' title='bbox 914 2476 967 2504; x_wconf 89' lang='lat' dir='ltr'><strong>que</strong></span> <span class='ocrx_word' id='word_1_918' title='bbox 992 2468 1098 2496; x_wconf 80' lang='lat' dir='ltr'><strong>faciunt</strong></span> <span class='ocrx_word' id='word_1_919' title='bbox 1121 2476 1152 2496; x_wconf 91' lang='lat' dir='ltr'><strong>ac</strong></span> <span class='ocrx_word' id='word_1_920' title='bbox 1178 2467 1289 2499; x_wconf 87' lang='lat' dir='ltr'><strong>volunt;</strong></span> <span class='ocrx_word' id='word_1_921' title='bbox 1307 2471 1335 2495; x_wconf 93' lang='lat' dir='ltr'><strong>et</strong></span> <span class='ocrx_word' id='word_1_922' title='bbox 1360 2466 1531 2502; x_wconf 87' lang='lat' dir='ltr'><strong>simpliciter,</strong></span> <span class='ocrx_word' id='word_1_923' title='bbox 1558 2465 1652 2493; x_wconf 89' lang='lat' dir='ltr'><strong>omnia</strong></span> <span class='ocrx_word' id='word_1_924' title='bbox 1677 2473 1708 2494; x_wconf 79' lang='lat' dir='ltr'><strong>se</strong></span> 
     </span>
    </p>
   </div>
   <div class='ocr_carea' id='block_1_110' title="bbox 915 2512 1708 2551">
    <p class='ocr_par' dir='ltr' id='par_1_110' title="bbox 915 2512 1708 2551">
     <span class='ocr_line' id='line_1_110' title="bbox 915 2512 1708 2551; baseline -0.008 -7"><span class='ocrx_word' id='word_1_925' title='bbox 915 2520 1010 2544; x_wconf 89' lang='lat' dir='ltr'><strong>mutuo</strong></span> <span class='ocrx_word' id='word_1_926' title='bbox 1029 2521 1059 2544; x_wconf 90' lang='lat' dir='ltr'><strong>et</strong></span> <span class='ocrx_word' id='word_1_927' title='bbox 1083 2516 1175 2551; x_wconf 85' lang='lat' dir='ltr'><strong>seipsa</strong></span> <span class='ocrx_word' id='word_1_928' title='bbox 1195 2518 1300 2548; x_wconf 80' lang='lat' dir='ltr'><strong>amant,</strong></span> <span class='ocrx_word' id='word_1_929' title='bbox 1326 2517 1354 2541; x_wconf 89' lang='lat' dir='ltr'><strong>et</strong></span> <span class='ocrx_word' id='word_1_930' title='bbox 1377 2513 1450 2540; x_wconf 86' lang='lat' dir='ltr'><strong>Deus</strong></span> <span class='ocrx_word' id='word_1_931' title='bbox 1471 2516 1546 2539; x_wconf 83' lang='lat' dir='ltr'><strong>amat</strong></span> <span class='ocrx_word' id='word_1_932' title='bbox 1560 2512 1663 2546; x_wconf 82' lang='lat' dir='ltr'><strong>omnia,</strong></span> <span class='ocrx_word' id='word_1_933' title='bbox 1678 2517 1708 2539; x_wconf 92' lang='lat' dir='ltr'><strong>nt</strong></span> 
     </span>
    </p>
   </div>
   <div class='ocr_carea' id='block_1_111' title="bbox 913 2558 1707 2594">
    <p class='ocr_par' dir='ltr' id='par_1_111' title="bbox 913 2558 1707 2594">
     <span class='ocr_line' id='line_1_111' title="bbox 913 2558 1707 2594; baseline -0.005 -5"><span class='ocrx_word' id='word_1_934' title='bbox 913 2562 1006 2589; x_wconf 88' lang='lat' dir='ltr'><strong>omnia</strong></span> <span class='ocrx_word' id='word_1_935' title='bbox 1025 2561 1096 2589; x_wconf 87' lang='lat' dir='ltr'><strong>bona</strong></span> <span class='ocrx_word' id='word_1_936' title='bbox 1120 2562 1226 2589; x_wconf 85' lang='lat' dir='ltr'><strong>reddat.</strong></span> <span class='ocrx_word' id='word_1_937' title='bbox 1243 2559 1378 2594; x_wconf 85' lang='lat' dir='ltr'><strong>Quocirca</strong></span> <span class='ocrx_word' id='word_1_938' title='bbox 1395 2559 1480 2586; x_wconf 85' lang='lat' dir='ltr'><strong>etiam</strong></span> <span class='ocrx_word' id='word_1_939' title='bbox 1503 2558 1613 2586; x_wconf 88' lang='lat' dir='ltr'><strong>divinus</strong></span> <span class='ocrx_word' id='word_1_940' title='bbox 1627 2565 1707 2585; x_wconf 87' lang='lat' dir='ltr'><strong>amor</strong></span> 
     </span>
    </p>
   </div>
   <div class='ocr_carea' id='block_1_112' title="bbox 914 2605 1705 2641">
    <p class='ocr_par' dir='ltr' id='par_1_112' title="bbox 914 2605 1705 2641">
     <span class='ocr_line' id='line_1_112' title="bbox 914 2605 1705 2641; baseline -0.005 -6"><span class='ocrx_word' id='word_1_941' title='bbox 914 2612 942 2635; x_wconf 85' lang='lat' dir='ltr'><strong>et</strong></span> <span class='ocrx_word' id='word_1_942' title='bbox 956 2609 1044 2636; x_wconf 87' lang='lat' dir='ltr'><strong>bonus</strong></span> <span class='ocrx_word' id='word_1_943' title='bbox 1065 2613 1116 2641; x_wconf 87' lang='lat' dir='ltr'><strong>est,</strong></span> <span class='ocrx_word' id='word_1_944' title='bbox 1136 2613 1163 2636; x_wconf 91' lang='lat' dir='ltr'><strong>et</strong></span> <span class='ocrx_word' id='word_1_945' title='bbox 1179 2607 1219 2635; x_wconf 87' lang='lat' dir='ltr'><strong>rei</strong></span> <span class='ocrx_word' id='word_1_946' title='bbox 1240 2607 1319 2634; x_wconf 73' lang='lat' dir='ltr'><strong>bona:</strong></span> <span class='ocrx_word' id='word_1_947' title='bbox 1344 2607 1377 2634; x_wconf 87' lang='lat' dir='ltr'><strong>ad</strong></span> <span class='ocrx_word' id='word_1_948' title='bbox 1393 2606 1493 2634; x_wconf 89' lang='lat' dir='ltr'><strong>bonum</strong></span> <span class='ocrx_word' id='word_1_949' title='bbox 1514 2605 1705 2637; x_wconf 72' lang='lat' dir='ltr'><strong>conducentia,</strong></span> 
     </span>
    </p>
   </div>
   <div class='ocr_carea' id='block_1_113' title="bbox 914 2651 1706 2689">
    <p class='ocr_par' dir='ltr' id='par_1_113' title="bbox 914 2651 1706 2689">
     <span class='ocr_line' id='line_1_113' title="bbox 914 2651 1706 2689; baseline -0.005 -8"><span class='ocrx_word' id='word_1_950' title='bbox 914 2658 942 2681; x_wconf 90' lang='lat' dir='ltr'><strong>et</strong></span> <span class='ocrx_word' id='word_1_951' title='bbox 960 2659 1071 2689; x_wconf 87' lang='lat' dir='ltr'><strong>propter</strong></span> <span class='ocrx_word' id='word_1_952' title='bbox 1087 2654 1208 2687; x_wconf 88' lang='lat' dir='ltr'><strong>bonum;</strong></span> <span class='ocrx_word' id='word_1_953' title='bbox 1227 2654 1257 2681; x_wconf 87' lang='lat' dir='ltr'><strong>ﬁt</strong></span> <span class='ocrx_word' id='word_1_954' title='bbox 1281 2654 1354 2682; x_wconf 92' lang='lat' dir='ltr'><strong>enim</strong></span> <span class='ocrx_word' id='word_1_955' title='bbox 1369 2658 1399 2680; x_wconf 89' lang='lat' dir='ltr'><strong>ut</strong></span> <span class='ocrx_word' id='word_1_956' title='bbox 1417 2651 1552 2687; x_wconf 88' lang='lat' dir='ltr'><strong>perﬁciat,</strong></span> <span class='ocrx_word' id='word_1_957' title='bbox 1571 2654 1599 2678; x_wconf 91' lang='lat' dir='ltr'><strong>et</strong></span> <span class='ocrx_word' id='word_1_958' title='bbox 1617 2651 1706 2678; x_wconf 91' lang='lat' dir='ltr'><strong>conti-</strong></span> 
     </span>
    </p>
   </div>
   <div class='ocr_carea' id='block_1_114' title="bbox 915 2697 1704 2735">
    <p class='ocr_par' dir='ltr' id='par_1_114' title="bbox 915 2697 1704 2735">
     <span class='ocr_line' id='line_1_114' title="bbox 915 2697 1704 2735; baseline -0.004 -9"><span class='ocrx_word' id='word_1_959' title='bbox 915 2704 993 2732; x_wconf 87' lang='lat' dir='ltr'><strong>neat,</strong></span> <span class='ocrx_word' id='word_1_960' title='bbox 1006 2704 1033 2727; x_wconf 91' lang='lat' dir='ltr'><strong>et</strong></span> <span class='ocrx_word' id='word_1_961' title='bbox 1045 2700 1209 2728; x_wconf 81' lang='lat' dir='ltr'><strong>sanctiﬁcet.</strong></span> <span class='ocrx_word' id='word_1_962' title='bbox 1220 2699 1362 2735; x_wconf 86' lang='lat' dir='ltr'><strong>Siquidem</strong></span> <span class='ocrx_word' id='word_1_963' title='bbox 1376 2699 1420 2726; x_wconf 83' lang='lat' dir='ltr'><strong>hic</strong></span> <span class='ocrx_word' id='word_1_964' title='bbox 1433 2705 1511 2725; x_wconf 89' lang='lat' dir='ltr'><strong>amor</strong></span> <span class='ocrx_word' id='word_1_965' title='bbox 1524 2697 1607 2724; x_wconf 84' lang='lat' dir='ltr'><strong>etiam</strong></span> <span class='ocrx_word' id='word_1_966' title='bbox 1621 2697 1704 2724; x_wconf 89' lang='lat' dir='ltr'><strong>Deum</strong></span> 
     </span>
    </p>
   </div>
   <div class='ocr_carea' id='block_1_115' title="bbox 915 2744 1705 2782">
    <p class='ocr_par' dir='ltr' id='par_1_115' title="bbox 915 2744 1705 2782">
     <span class='ocr_line' id='line_1_115' title="bbox 915 2744 1705 2782; baseline -0.004 -9"><span class='ocrx_word' id='word_1_967' title='bbox 915 2747 1001 2773; x_wconf 80' lang='lat' dir='ltr'><strong>movit</strong></span> <span class='ocrx_word' id='word_1_968' title='bbox 1018 2746 1052 2773; x_wconf 79' lang='lat' dir='ltr'><strong>ad</strong></span> <span class='ocrx_word' id='word_1_969' title='bbox 1069 2746 1153 2774; x_wconf 87' lang='lat' dir='ltr'><strong>nostri</strong></span> <span class='ocrx_word' id='word_1_970' title='bbox 1169 2747 1378 2782; x_wconf 90' lang='lat' dir='ltr'><strong>productionem</strong></span> <span class='ocrx_word' id='word_1_971' title='bbox 1398 2753 1430 2773; x_wconf 89' lang='lat' dir='ltr'><strong>ac</strong></span> <span class='ocrx_word' id='word_1_972' title='bbox 1448 2744 1661 2780; x_wconf 85' lang='lat' dir='ltr'><strong>providentiam,</strong></span> <span class='ocrx_word' id='word_1_973' title='bbox 1675 2748 1705 2770; x_wconf 88' lang='lat' dir='ltr'><strong>ut</strong></span> 
     </span>
    </p>
   </div>
   <div class='ocr_carea' id='block_1_116' title="bbox 915 2790 1702 2828">
    <p class='ocr_par' dir='ltr' id='par_1_116' title="bbox 915 2790 1702 2828">
     <span class='ocr_line' id='line_1_116' title="bbox 915 2790 1702 2828; baseline -0.003 -9"><span class='ocrx_word' id='word_1_974' title='bbox 915 2791 1000 2820; x_wconf 88' lang='lat' dir='ltr'><strong>etiam</strong></span> <span class='ocrx_word' id='word_1_975' title='bbox 1024 2798 1117 2828; x_wconf 77' lang='lat' dir='ltr'><strong>ageret</strong></span> <span class='ocrx_word' id='word_1_976' title='bbox 1131 2800 1163 2820; x_wconf 92' lang='lat' dir='ltr'><strong>ac</strong></span> <span class='ocrx_word' id='word_1_977' title='bbox 1176 2796 1343 2826; x_wconf 85' lang='lat' dir='ltr'><strong>moveretur,</strong></span> <span class='ocrx_word' id='word_1_978' title='bbox 1357 2799 1407 2819; x_wconf 87' lang='lat' dir='ltr'><strong>nec</strong></span> <span class='ocrx_word' id='word_1_979' title='bbox 1422 2790 1524 2818; x_wconf 86' lang='lat' dir='ltr'><strong>sterilis</strong></span> <span class='ocrx_word' id='word_1_980' title='bbox 1538 2795 1702 2818; x_wconf 85' lang='lat' dir='ltr'><strong>remaneret.</strong></span> 
     </span>
    </p>
   </div>
   <div class='ocr_carea' id='block_1_117' title="bbox 915 2836 1702 2874">
    <p class='ocr_par' dir='ltr' id='par_1_117' title="bbox 915 2836 1702 2874">
     <span class='ocr_line' id='line_1_117' title="bbox 915 2836 1702 2874; baseline -0.003 -9"><span class='ocrx_word' id='word_1_981' title='bbox 915 2837 1069 2866; x_wconf 82' lang='lat' dir='ltr'><strong>Notandum</strong></span> <span class='ocrx_word' id='word_1_982' title='bbox 1096 2843 1198 2872; x_wconf 86' lang='lat' dir='ltr'><strong>autem,</strong></span> <span class='ocrx_word' id='word_1_983' title='bbox 1225 2846 1280 2866; x_wconf 94' lang='lat' dir='ltr'><strong>non</strong></span> <span class='ocrx_word' id='word_1_984' title='bbox 1307 2840 1381 2874; x_wconf 83' lang='lat' dir='ltr'><strong>ipsas</strong></span> <span class='ocrx_word' id='word_1_985' title='bbox 1402 2837 1548 2870; x_wconf 85' lang='lat' dir='ltr'><strong>dictiones,</strong></span> <span class='ocrx_word' id='word_1_986' title='bbox 1569 2836 1617 2863; x_wconf 83' lang='lat' dir='ltr'><strong>sed</strong></span> <span class='ocrx_word' id='word_1_987' title='bbox 1647 2837 1702 2863; x_wconf 86' lang='lat' dir='ltr'><strong>vim</strong></span> 
     </span>
    </p>
   </div>
   <div class='ocr_carea' id='block_1_118' title="bbox 914 2883 1704 2920">
    <p class='ocr_par' dir='ltr' id='par_1_118' title="bbox 914 2883 1704 2920">
     <span class='ocr_line' id='line_1_118' title="bbox 914 2883 1704 2920; baseline -0.001 -8"><span class='ocrx_word' id='word_1_988' title='bbox 914 2885 988 2920; x_wconf 88' lang='lat' dir='ltr'><strong>scopi</strong></span> <span class='ocrx_word' id='word_1_989' title='bbox 1020 2885 1213 2913; x_wconf 73' lang='lat' dir='ltr'><strong>attendendum</strong></span> <span class='ocrx_word' id='word_1_990' title='bbox 1237 2891 1308 2913; x_wconf 86' lang='lat' dir='ltr'><strong>esse.</strong></span> <span class='ocrx_word' id='word_1_991' title='bbox 1337 2884 1431 2912; x_wconf 81' lang='lat' dir='ltr'><strong>Divine</strong></span> <span class='ocrx_word' id='word_1_992' title='bbox 1458 2883 1532 2910; x_wconf 83' lang='lat' dir='ltr'><strong>enim</strong></span> <span class='ocrx_word' id='word_1_993' title='bbox 1562 2883 1621 2911; x_wconf 69' lang='lat' dir='ltr'><strong>hac</strong></span> <span class='ocrx_word' id='word_1_994' title='bbox 1645 2883 1704 2918; x_wconf 78' lang='lat' dir='ltr'><strong>ipse</strong></span> 
     </span>
    </p>
   </div>
  </div>
