1938 3065
251 161 299 187 τη

837 160 867 189 S.
886 159 1039 188 DIONYSII
1056 160 1292 189 AREOPAGITE

1831 161 1888 188 772

249 225 338 245 sermo
348 217 474 253 explicat.
493 225 545 245 non
564 217 637 245 enim
653 217 814 246 invocamus
833 219 922 254 ipsum
939 226 1024 246 nomen

1088 219 1126 250 ὡς
1139 219 1164 245 οἰ
1184 219 1332 255 Ἕλληνες·
1350 218 1411 246 οὐδὲ
1425 219 1480 254 γάρ
1503 219 1561 246 ἐστι
1576 218 1657 246 τ.ῦτο
1679 218 1745 246 [διον
1767 217 1826 245 τῶν
1849 219 1887 245 τά

247 264 360 295 amaris.
373 269 402 291 ut
413 264 546 299 gentiles;
561 271 650 298 neque
666 265 717 291 huc
730 266 868 299 proprium
884 271 928 292 est
941 274 1035 294 eorum

248 310 294 344 qui
312 317 355 337 res
372 310 478 337 divinas
495 310 647 344 intelligere
660 311 784 345 cupiunt.
798 312 845 339 sed
860 319 942 340 sonos
952 313 1037 340 exiles

249 363 396 384 auretenus
414 357 572 389 admittunt,
590 365 641 385 nec
655 365 703 385 eos
719 358 884 386 intrinsecus
900 359 1036 387 admissos

249 402 336 437 ipsam
347 404 465 430 animam
480 409 625 438 penetrare
637 404 742 437 sinunt,
752 412 839 439 neque
851 405 1033 438 scirevolunt,

246 450 486 484 :equipollentilms
511 451 594 477 etiam
621 450 808 484 dictionibus,
834 459 896 486 qua
920 453 1035 480 multum

246 496 350 522 terreni
366 496 485 530 sapiunt,
498 504 542 524 res
557 496 666 523 divinas
677 498 800 531 expromi
817 498 928 526 minime
943 499 1036 534 prohi-

247 541 320 574 beri;
336 542 384 568 sed
401 542 499 569 stolide
517 542 662 570 elementis
681 551 714 570 ac
732 544 897 572 dictionibus
911 549 938 572 et
953 545 1034 580 sylla-

246 584 288 612 bis
314 586 432 612 animum
461 595 515 613 non
545 587 760 621 penetrantibus,
787 589 834 615 sed
861 590 1034 618 extrinsecus

242 638 326 658 aures
347 631 508 659 ferientibus
531 632 655 659 tenacius
667 633 868 665 adlimrcntmc
882 635 904 662 si
925 644 978 663 non
1000 636 1033 662 li-

243 683 305 704 ceat
325 684 442 712 quatuor
456 686 503 712 per
519 678 561 706 bis
578 679 632 706 duo
646 679 812 714 signiﬁcare,
827 686 874 708 aut
895 682 1033 716 simplices

243 722 332 750 lineas
353 728 453 750 rectas.
471 722 573 751 Similis
594 724 680 756 enim,
696 725 751 751 imo
765 725 860 753 eadem
885 732 959 759 sunt,
973 727 1033 755 sive

242 769 304 804 quis
329 769 480 797 secundum
502 770 647 797 Cretenses
670 770 796 798 matriam
815 770 901 803 dicat,
917 772 976 801 sive
990 781 1033 800 sev

242 815 361 842 cundum
382 822 432 843 nos
451 816 580 850 patriam,
595 820 623 842 et
636 816 676 843 sic
689 815 723 843 de
736 816 854 844 caeteris.
870 817 910 845 Ne
923 818 1031 854 singula

240 869 445 893 recenseamus,
463 862 602 889 sciendum
616 870 666 889 cur
681 862 770 890 verbis
785 867 814 890 et
828 864 954 892 sensibus
968 869 1030 892 uta-

1088 263 1147 290 θεῖα
1161 267 1230 291 νοεῖν
1243 265 1398 296 ἐθελόντων,
1409 265 1466 291 ἀλλ’
1479 265 1590 291 ἐκείνων
1600 265 1654 291 τῶν
1669 265 1733 296 τοὺς
1747 265 1832 300 ἤχους
1844 264 1888 290 δε-

1087 310 1209 345 χομένων
1225 311 1305 347 μέχρι
1319 311 1372 338 τῶν
1383 311 1470 342 ὢτων,
1485 312 1532 338 καὶ
1545 312 1704 343 ἀδιαϐάτους
1715 311 1818 344 ἔξωθεν
1831 311 1886 346 τῆς

1086 355 1175 391 ψυχῆς
1190 357 1357 392 συνεχόντων
1374 358 1481 389 αὐτοὺς,
1496 358 1544 385 καὶ
1561 357 1598 393 μή
1623 357 1753 384 θελόντων
1768 357 1883 388 εἰδέναι.

1085 401 1125 427 ὅτι
1148 402 1196 428 καὶ
1215 401 1258 428 διὰ
1283 402 1450 438 ἰσοδυνάμων
1472 403 1571 436 λέξεων
1602 403 1669 430 πολὺ
1694 403 1726 430 τὸ
1755 403 1884 439 χαμηλὸν

1085 446 1204 482 ἐχουσῶν
1218 448 1248 474 οὐ
1269 447 1429 483 κωλυόμεθα
1454 449 1585 483 ἐκφωνεῖν
1599 449 1649 481 τὰς
1671 448 1746 481 θείας
1771 449 1880 482 λέξεις·

1085 493 1316 529 προσ-πασχόντων
1330 494 1358 520 δὲ
1371 495 1493 530 ἀνοήτως
1505 495 1646 530 στοιχείοις
1658 496 1706 522 καὶ
1717 495 1818 529 λέξεσι,
1832 496 1882 522 καὶ

1085 539 1230 571 συλλαϐαῖς
1245 541 1282 575 μὴ
1295 540 1498 573 διαδαινούσαις
1510 543 1550 573 εἰς
1564 542 1663 578 ψυχὴν¹
1679 542 1735 569 ἀλλ’
1749 542 1804 576 ἔξω
1827 551 1881 569 που

1084 585 1149 620 περὶ
1164 585 1199 612 τὰ
1213 582 1270 612 ὦτα
1282 586 1489 621 περιηκούσαις,
1505 586 1599 623 ὥσπερ
1609 588 1634 613 εἰ
1653 587 1689 623 μὴ
1705 585 1738 622 ἦν
1755 586 1817 619 ἐξὸν
1832 587 1882 614 τδν

1083 631 1204 667 τέσσαρα
1225 631 1313 658 εἰπεῖν
1337 631 1382 658 διά
1405 631 1453 658 τοῦ
1476 632 1517 664 δίς
1531 632 1618 668 δύο,ῆ
1635 633 1669 659 τὰ
1692 632 1882 668 εὐθύγραμμα

1083 676 1262 713 όρθόγραμμα
1271 696 1281 704 .
1292 677 1392 712 Ὅμοια
1401 677 1456 714 γὰρ
1467 678 1514 705 καὶ
1524 678 1558 706 τά
1572 679 1678 715 αὐτὰ,ἢ
1693 679 1743 715 τὴν
1759 679 1882 715 μητρίδα

1084 722 1154 749 κατά
1170 723 1234 756 τοὺς
1254 724 1368 760 Κρῆτας
1384 724 1504 760 πατρίδα
1527 726 1613 752 εἰπεῖν
1638 725 1699 752 καθ’
1724 726 1808 761 ὑμᾶς,
1831 725 1882 752 καὶ

1081 767 1177 799 τᾶλλα,
1186 768 1229 795 ἵνα
1244 769 1281 805 μὴ
1295 770 1356 796 καθ’
1364 770 1479 797 ἕκαστον
1489 770 1681 806 διατρίϐωμεν,
1690 771 1750 798 δέον
1763 771 1879 803 εἰδέναι,

1082 813 1123 840 ὁτι
1136 816 1192 846 τοῖς
1207 814 1296 849 λόγοις
1317 815 1362 842 διὰ
1386 816 1436 848 τάς
1455 817 1595 853 αἰσθήσεις
1615 816 1755 853 χρώμεθα.
1779 817 1880 844 Ἡνίκα

1082 859 1137 895 γὰρ
1147 861 1192 887 τὸν
1207 862 1373 897 προφορικὺν
1383 862 1477 890 τοῦτον
1488 863 1567 898 λόγον
1582 863 1711 899 κινοῦμεν
1724 864 1790 900 περί
1802 873 1879 896 τινος

240 915 313 934 mur.
338 906 453 940 Quando
478 907 552 934 enim
575 914 731 935 sermonem
753 908 800 942 qui
827 910 1024 943 pronuntiatur.

1080 905 1134 932 τῶν
1151 906 1297 942 αἰσθητῶν,
1317 907 1377 934 τότε
1400 908 1500 941 λέξεων
1525 909 1572 936 καὶ
1586 909 1700 945 γραφῶν
1720 910 1767 936 καὶ
1787 909 1878 944 λόγων

239 960 382 980 moi/emus
395 953 428 980 de
443 953 537 981 sensili
553 953 658 987 aliquo,
673 960 729 981 tum
744 954 913 983 dictionibus
924 961 953 984 et
965 957 1030 984 scri-

237 999 327 1034 pturis
349 1003 376 1025 et
398 998 491 1026 verbis
511 1006 579 1034 opus
595 999 729 1027 habemus
740 1001 774 1028 ad
786 1000 857 1034 ejus,
873 1003 945 1037 quod
960 1003 1029 1030 dici-

239 1051 294 1077 tur,
311 1045 536 1074 declarationem.
550 1046 579 1073 Si
601 1050 693 1074 autem
718 1047 812 1074 anima
838 1055 854 1075 a
880 1048 971 1084 seipse
994 1050 1029 1078 ad

238 1091 429 1126 lntelligibilia.
442 1097 586 1124 movetur;
607 1092 634 1119 in
660 1092 746 1120 rectis
762 1095 968 1128 operationibus
980 1103 1029 1123 su-

237 1138 331 1172 perﬂui
345 1142 410 1165 sunt
421 1144 484 1165 cum
515 1135 662 1166 sensil.bus
685 1146 794 1173 sensus,
811 1140 936 1168 sublimia
954 1141 1026 1169 enim

237 1185 412 1220 imaginatur.
429 1185 542 1218 Quando
557 1190 647 1214 autem
663 1186 805 1214 deiformis
821 1187 918 1215 eﬂ'ecta
943 1188 1027 1216 fuerit

236 1230 436 1258 elcvationibus
452 1230 585 1265 paulatim
602 1231 762 1266 proﬁciens,
779 1237 863 1267 atque
881 1240 930 1267 per
946 1233 1027 1268 igno-

237 1279 292 1300 tam
308 1274 436 1302 unionem
448 1274 646 1302 intellectiones
656 1283 720 1303 suas
732 1276 758 1303 in
771 1276 912 1305 inaccesso
925 1277 1028 1307 lmniue

235 1319 373 1352 babuerit,
392 1324 447 1346 tum
471 1320 556 1347 etiam
575 1320 758 1356 intelligibiles
772 1323 949 1357 operationcs
964 1329 1028 1351 sunt

235 1364 390 1399 superﬂuae,
406 1366 477 1393 sicut
491 1370 518 1392 et
533 1373 638 1398 sensus,
656 1367 785 1402 quoniam
811 1369 853 1396 bis
866 1370 1026 1398 sublimiora

235 1413 339 1446 cogitat
356 1413 445 1440 anima
458 1412 514 1448 jam
532 1413 586 1440 Deo
609 1414 696 1440 unita.
710 1414 793 1450 399
807 1415 920 1448 Quando
933 1421 1025 1444 autem

236 1466 315 1486 meus
325 1458 399 1486 humi
417 1459 537 1493 repentia
550 1466 597 1487 seu
615 1461 757 1488 terrestria
772 1461 984 1495 imaginatur,et
998 1463 1025 1491 in

234 1503 329 1532 sensili
345 1503 437 1538 aliquo
456 1504 558 1531 moveri
575 1505 678 1537 studet,
696 1510 761 1533 tunc
774 1505 905 1534 clarim'es
922 1515 1026 1535 sermo-

235 1558 296 1582 nes,
310 1554 337 1577 et
357 1558 417 1584 qua:
438 1550 464 1577 in
483 1550 564 1578 rebus
580 1550 732 1578 visibilibus
748 1553 866 1579 maxime
882 1554 1025 1588 perspicua

234 1600 313 1627 sunt,
324 1596 441 1629 seligere
454 1601 573 1630 oportet.
587 1597 689 1632 quippe
706 1597 812 1634 quando
826 1597 870 1624 illa
890 1606 952 1633 qua!
962 1606 1024 1627 sen-

232 1642 310 1669 sibus
321 1641 426 1675 objecta
439 1647 502 1669 sunt
518 1643 629 1670 minime
645 1643 760 1678 liquent,
773 1649 802 1671 et
817 1643 934 1672 obseura
949 1645 1026 1673 exsi-

232 1692 321 1720 stunt.
338 1693 394 1715 tum
418 1688 513 1722 utique
529 1695 626 1716 sensus
642 1696 673 1716 ea
687 1696 748 1723 quae
765 1695 923 1723 occurrunt,
939 1691 1023 1718 menti

232 1735 375 1769 porrigere
391 1741 443 1761 non
460 1739 538 1762 recte
555 1739 692 1769 poterunt.

267 1779 281 1815 ς
298 1779 354 1807 XII.
376 1780 429 1808 Sed
449 1788 484 1808 ne
507 1780 564 1807 haec
585 1780 678 1808 dicere
697 1781 839 1808 videamur
860 1782 893 1808 ad
913 1782 1022 1810 divinas

232 1825 391 1860 Scripturas
402 1826 599 1859 immutandas,
609 1827 776 1865 agedum_ex
789 1828 856 1862 ipsis
869 1827 1022 1864 Scripturis

232 1874 339 1900 amoris
362 1880 460 1900 nomen
480 1878 647 1901 astruamus.
659 1874 775 1901 Adducit
792 1874 912 1909 igiturin
925 1879 1021 1902 testem

231 1919 319 1953 ipsum
343 1918 521 1947 Salomonem
533 1923 565 1951 et,
576 1927 704 1955 magnum
720 1919 854 1955 lgnatium
864 1940 872 1954 ,
888 1925 920 1957 et
933 1921 1022 1949 denuo

230 1965 406 1993 Salomonem
418 1986 427 1999 ,
448 1965 526 2000 cujus
545 1966 628 1993 etiam
647 1967 731 1994 verba
754 1967 907 1995 divinorum
933 1968 1022 1997 intro-

230 2012 375 2040 ductiones
391 2011 564 2040 oraculorum
577 2016 605 2039 et
621 2012 732 2039 umbras
744 2012 840 2047 gratia;
850 2020 910 2040 esse
923 2013 1019 2048 tradit;

230 2064 265 2085 ne
284 2056 348 2091 quid
364 2057 445 2091 igitur
459 2063 508 2084 nos
538 2057 564 2084 in
583 2057 634 2084 hoc
647 2061 750 2084 terreat
765 2056 806 2084 vel
819 2057 970 2092 perturbet,
984 2058 1022 2085 si-

229 2103 340 2137 quidem
369 2102 486 2137 ιιιεοίοεί
516 2109 662 2130 commune
695 2107 807 2130 censent
834 2110 896 2130 esse
922 2111 1019 2131 nomen

229 2149 332 2177 amoris
346 2153 374 2176 et
394 2149 564 2181 dilectionis;
580 2148 730 2182 quinetiam
750 2148 872 2176 nonnulli
903 2149 1020 2176 divinius

229 2203 290 2228 esse
304 2201 403 2230 putant
417 2203 514 2223 nomen
526 2195 639 2227 amoris,
653 2199 782 2229 tanquam
801 2195 950 2228 occultius,
967 2195 1020 2224 sio-

229 2247 260 2270 ut
283 2242 367 2269 etiam
392 2241 478 2276 magis
503 2241 646 2269 absonum.
664 2241 800 2274 Quantum
819 2241 892 2268 enim
911 2241 1019 2270 videtur

228 2287 360 2320 indecens
373 2292 401 2314 et
415 2286 516 2314 divinis
543 2294 596 2314 non
613 2286 790 2319 conveniens,
805 2291 909 2314 tantum
932 2292 974 2315 est
992 2292 1020 2315 et

229 2333 390 2366 occultum,
409 2333 472 2360 dum
496 2333 643 2368 quaerimus
661 2333 797 2367 quomodo
823 2337 851 2360 et
875 2341 957 2368 quam
985 2334 1019 2362 ob

231 2387 342 2409 causam
358 2379 397 2407 sic
411 2384 533 2407 vocetur.
548 2379 615 2406 Cum
633 2379 683 2406 hoc
697 2379 804 2414 itaque,
822 2383 853 2406 ut
867 2379 950 2406 Deum
970 2379 1018 2407 de-

230 2429 285 2458 cet,
300 2433 315 2452 a
332 2425 410 2453 nobis
427 2424 529 2451 dictum
547 2424 594 2456 sit,
610 2423 705 2458 vulgus
719 2423 876 2456 hominum,
887 2431 948 2451 cum
963 2431 1018 2452 non

228 2472 318 2506 capiat
333 2471 551 2498 uniformilatem
573 2470 697 2497 amatorii
722 2469 841 2496 nominis
856 2469 955 2502 divini,
975 2470 1018 2496 vel

227 2518 379 2546 secundum
395 2524 476 2551 quam
493 2516 564 2542 Deus
581 2520 656 2542 amat
681 2514 783 2549 omnia,
797 2515 843 2548 qui
861 2519 904 2542 est
922 2515 1020 2542 unicus

228 2568 256 2594 et
277 2563 408 2598 simplex;
423 2567 452 2590 et
470 2570 552 2597 supra
569 2561 662 2589 omnia
689 2569 777 2595 amor,
792 2568 879 2596 neque
894 2566 936 2588 cst
949 2561 1013 2589 divi-

228 2617 276 2639 sus
292 2610 319 2637 in
334 2610 403 2637 lines
419 2609 535 2640 multos,
558 2608 606 2635 sed
627 2608 654 2635 in
683 2615 766 2634 unum
779 2627 787 2640 ,
810 2607 873 2634 dum
892 2607 1018 2635 omnibus

227 2657 298 2685 bene
319 2656 403 2689 facit;
426 2656 470 2683 vel
493 2655 645 2683 secundum
665 2663 746 2689 quam
763 2661 812 2683 nos
834 2656 920 2690 ipsum
942 2662 1017 2681 ama-

227 2711 306 2737 mus;
325 2710 388 2730 nam
403 2702 486 2730 etiatn
503 2701 548 2728 hic
561 2709 639 2729 amor
653 2702 726 2729 illius
737 2702 881 2728 uniformis
894 2709 954 2728 esse
966 2701 1015 2728 de-

226 2751 284 2783 bet,
305 2749 384 2783 juxta
406 2748 492 2776 illud:
508 2748 606 2783 Diliges
625 2748 768 2775 Dominum
788 2747 872 2774 Deum
895 2752 969 2774 tuum
983 2756 1015 2774 ex

219 2799 283 2822 .tota
293 2798 445 2826 mentum,
459 2800 483 2820 et
497 2801 531 2820 es:
547 2798 601 2819 tota
616 2794 706 2820 anima
718 2798 775 2826 tua,
794 2799 818 2820 et
835 2800 868 2820 ea:
881 2794 942 2820 tatis
953 2793 1015 2820 viri-

225 2840 273 2868 bus
288 2840 372 2873 ιιιὶιι,
388 2839 425 2867 ita
441 2844 471 2867 ut
487 2839 514 2866 in
530 2839 619 2866 anima
642 2839 707 2866 nulli
719 2839 809 2875 lalteri
825 2839 914 2867 atuori
938 2837 1013 2866 locus

267 2899 281 2917 ⁸
293 2896 371 2925 Deut.
383 2904 420 2930 vn,
436 2896 464 2930 5;
479 2896 573 2925 Matth.
590 2905 657 2932 xm,
671 2897 714 2926 57.

1039 1579 1062 1610 C

1080 951 1196 987 δεόμεθα
1215 952 1284 988 πρὸς
1306 953 1422 989 δήλωσιν
1444 954 1492 981 τοῦ
1513 955 1691 991 καλουμένου.
1719 956 1750 982 Εἰ
1772 956 1802 982 δέ
1828 957 1878 991 ἀφ’

1080 998 1178 1034 ἑαυτῆς
1198 1000 1215 1034 ή
1232 999 1304 1036 ψυχὴ
1318 1001 1386 1036 πρὸς
1403 1001 1438 1028 τά
1454 1001 1536 1036 νοητά
1552 1003 1666 1028 κινεῖται
1688 1002 1732 1028 διά
1746 1002 1801 1029 τῶν
1827 1003 1876 1038 ὀρ-

1080 1044 1134 1071 θῶν
1147 1045 1303 1081 ἐνεργειῶν,
1320 1047 1446 1082 περιτταὶ
1462 1047 1530 1082 μετά
1544 1047 1600 1075 τῶν
1621 1048 1760 1084 αἰσθητῶν
1779 1050 1808 1075 αἱ
1833 1050 1877 1076 αἰ-

1079 1090 1189 1127 σθήσεις
1201 1099 1208 1106 °
1230 1091 1321 1128 ὑψηλά
1338 1092 1393 1128 γὰρ
1408 1093 1581 1128 φαντάζεται.
1601 1095 1683 1122 Ὅταν
1703 1095 1732 1122 δέ
1754 1095 1876 1132 θεοειδὴς

1079 1136 1191 1172 γένηται
1214 1137 1406 1172 προκύπτουσα
1432 1141 1493 1170 ταῖς
1517 1139 1586 1174 μετά
1605 1139 1702 1174 μικρὸν
1725 1140 1874 1168 ἀνατάσεσι

1078 1183 1125 1210 καὶ
1135 1182 1170 1209 δι’
1182 1182 1304 1216 ἐνώσεως
1319 1184 1457 1218 ἀγνώστου
1472 1185 1540 1221 πρὸς
1552 1185 1582 1212 τὸ
1594 1185 1740 1221 ἀπρόσιτον
1751 1186 1811 1221 φῶς
1822 1187 1874 1220 τὰς

1078 1229 1206 1261 ἐπιϐολὰς
1221 1229 1281 1266 ἔχῃ,
1295 1230 1356 1256 τότε
1371 1231 1418 1256 καὶ
1433 1231 1460 1257 αἰ
1481 1231 1572 1267 νοεραὶ
1590 1231 1725 1267 ἐνέργειαι
1746 1233 1874 1268 περιτταί

1077 1275 1157 1306 εἰσιν,
1175 1275 1213 1306 ὡς
1226 1276 1274 1302 καὶ
1288 1276 1315 1302 αἰ
1329 1275 1479 1312 αἰσθήσεις,
1494 1277 1586 1314 ἐπειδὴ
1596 1278 1630 1304 τὰ
1643 1277 1797 1314 ὑψηλότερα
1809 1278 1873 1305 τού-

1076 1328 1131 1346 των
1145 1321 1162 1356 ή
1176 1320 1249 1356 ψυχὴ
1264 1320 1418 1353 διανοεῖται,
1432 1321 1523 1348 λοιπὸν
1547 1323 1673 1358 ἡνωμένη
1696 1322 1765 1357 Θεῷ.
1784 1323 1872 1350 ὀταν

1077 1367 1106 1394 δέ
1128 1369 1143 1396 ό
1159 1369 1221 1400 νοῦς
1236 1367 1393 1404 χαμαίζηλα
1414 1368 1564 1404 φαντασθῇ,
1582 1369 1630 1395 καὶ
1642 1369 1705 1404 περί
1725 1377 1799 1400 τινος
1817 1369 1872 1396 ἀπὸ

1076 1416 1130 1443 τῶν
1155 1415 1293 1452 αἰσθητῶν
1320 1415 1423 1452 σπεύδῃ
1443 1415 1597 1450 κινηθῆναι,
1611 1415 1671 1442 τότε
1697 1416 1761 1448 τοὺς
1786 1425 1872 1451 σαφε-

1077 1461 1188 1496 στέρους
1201 1461 1297 1495 λόγους
1319 1461 1366 1487 καὶ
1387 1460 1421 1487 τὰ
1444 1460 1594 1502 τρανότερα
1612 1460 1666 1487 τῶν
1689 1461 1796 1497 ὁρατῶν
1816 1462 1871 1497 χρὴ

1076 1507 1265 1542 ἐπιλέγεσθαι·
1278 1508 1344 1534 διότι
1356 1507 1532 1543 ἁτρανώτων,
1543 1508 1589 1534 καὶ
1603 1507 1707 1543 ἀδήλων
1716 1507 1772 1535 τῶν
1783 1518 1872 1545 παρα·

1077 1552 1210 1588 κειμένων
1224 1554 1284 1584 ταῖς
1298 1552 1455 1588 αἰσθήσεσιν
1467 1552 1551 1579 ὄντων
1565 1553 1625 1579 οὐδὲ
1637 1552 1706 1579 αὐτὰ
1724 1553 1751 1579 αἰ
1768 1553 1870 1590 αἰσθή-

1077 1607 1135 1630 σεις
1150 1598 1309 1634 δυνήσονται
1328 1598 1419 1631 καλῶς
1439 1599 1612 1635 παραστῆσαι
1632 1598 1672 1634 τῷ
1685 1598 1723 1635 νῷ
1742 1599 1778 1626 τὰ
1801 1600 1871 1628 ὕπο-

1075 1644 1200 1679 κείμενα.

1111 1778 1125 1814 ς
1145 1780 1203 1807 XII.
1225 1779 1297 1815 Πλὴν
1321 1780 1365 1808 ἴνα
1391 1780 1428 1816 μὴ
1453 1778 1576 1815 δοκῶμεν
1593 1779 1807 1815 παρακινοῦντες
1832 1781 1867 1808 τὰ

1075 1824 1134 1851 θεῖα
1149 1824 1237 1859 λόγια,
1254 1825 1304 1859 ἄγε
1317 1826 1372 1852 ἀπὸ
1389 1825 1444 1852 τῶν
1465 1824 1581 1860 Γραφῶν
1597 1826 1819 1861 παραστήσωμεν
1835 1827 1866 1853 τὸ

1073 1871 1120 1898 τοῦ
1137 1871 1237 1906 ἔρωτος
1256 1871 1351 1907 ὄνομα.
1368 1871 1448 1907 Φέρει
1465 1871 1531 1906 γοῦν
1547 1871 1593 1898 τὸν
1609 1871 1769 1906 Σολομῶντα
1794 1873 1864 1908 μάρ-

1073 1925 1143 1952 τυρα
1154 1937 1162 1950 ,
1177 1918 1225 1944 κειί⁹
1240 1917 1286 1944 τὸν
1302 1917 1388 1953 μέγαν
1406 1918 1534 1952 Ἰγνάτιον
1545 1926 1551 1932 ·
1570 1918 1617 1944 καὶ
1631 1917 1711 1944 πάλιν
1727 1918 1772 1944 τὸν
1787 1917 1865 1944 Σολο-

1075 1963 1168 1998 μῶντα
1179 1984 1187 1996 ,
1204 1961 1234 1990 οῦ
1247 1965 1295 1990 καὶ
1312 1963 1346 1990 τὰ
1364 1964 1474 2000 ῥήματα
1488 1963 1697 2000 προεισαγωγάς
1712 1964 1766 1991 τῶν
1784 1964 1865 1991 θείων

1072 2008 1168 2043 λογίων
1185 2009 1285 2044 φησὶν,
1305 2009 1343 2041 ὡς
1364 2009 1443 2041 σκιὰς
1458 2010 1508 2045 τῆς
1524 2010 1635 2045 χάριτος
1646 2019 1653 2025 ⁸
1674 2010 1744 2037 ὥστε
1767 2011 1805 2046 μή
1821 2019 1864 2043 τις

1072 2055 1146 2090 ἡμᾶς
1161 2055 1347 2090 δεδιττόμενος
1361 2055 1409 2082 καὶ
1423 2055 1548 2090 ἐκφοὸῶν
1565 2056 1713 2091 θορυδείτω
1725 2057 1790 2092 περὶ
1802 2057 1864 2084 τοὺ-

1070 2109 1135 2127 του·
1155 2101 1179 2128 οἰ
1193 2101 1248 2137 γὰρ
1267 2101 1386 2136 θεολόγοι
1411 2102 1500 2128 κοινὸν
1517 2101 1603 2138 ὄνομα
1618 2102 1737 2129 τίθενται
1758 2103 1790 2129 τὸ
1813 2104 1863 2139 τῆς

1071 2147 1182 2184 ἀγάπης
1193 2147 1241 2174 καὶ
1255 2147 1286 2174 τὸ
1301 2147 1348 2174 τοῦ
1362 2148 1462 2184 ἔρωτος
1477 2168 1485 2180 ,
1497 2148 1568 2180 τινὲς
1579 2148 1607 2174 δὲ
1619 2147 1721 2174 τούτων
1733 2148 1780 2175 καὶ
1791 2148 1862 2175 θειό-

1070 2202 1148 2229 τερον
1159 2194 1245 2229 ὄνομα
1257 2193 1376 2220 τίθενται
1389 2194 1420 2220 τὺ
1427 2194 1475 2220 τοῦ
1489 2193 1600 2228 ἔρωτος,
1611 2193 1649 2226 ὡς
1662 2195 1862 2230 κρυφιωδέστε-

1073 2248 1128 2275 ρον,
1145 2239 1213 2266 καθὸ
1228 2240 1276 2266 καὶ
1288 2239 1470 2275 ἀτοπώτερον.
1483 2240 1564 2266 Ὀσον
1583 2240 1638 2275 γὰρ
1657 2240 1781 2276 ἀπρεπὲς
1801 2242 1863 2276 φαί-

1073 2294 1147 2312 νεται
1159 2285 1206 2312 καὶ
1220 2286 1276 2317 τοῖς
1298 2285 1379 2317 θείοις
1390 2285 1501 2321 ἀπᾷδον,
1515 2286 1641 2313 τοσοῦτόν
1655 2288 1713 2313 ἐστι
1729 2287 1778 2314 καὶ
1793 2288 1861 2323 κρύ-

1073 2341 1134 2367 φιον
1145 2352 1151 2364 ,
1168 2332 1321 2368 ζητούντων
1333 2332 1411 2368 ἡμῶν
1422 2353 1430 2365 ,
1445 2332 1518 2364 ὅπως
1540 2333 1586 2359 καὶ
1603 2331 1637 2360 δι’
1649 2332 1683 2368 ἥν
1700 2332 1751 2368 τὴν
1769 2333 1862 2360 αἰτίαν

1072 2378 1142 2405 οὕτω
1152 2378 1270 2414 λέγεται.
1282 2378 1384 2405 Τούτου
1396 2377 1461 2413 γοῦν
1473 2378 1632 2413 θεοπρεπῶς
1647 2379 1710 2414 παρ’
1723 2378 1802 2414 ἡμῶν
1817 2378 1861 2405 λε-

1071 2427 1188 2462 γομένου
1201 2447 1208 2459 ,
1226 2426 1261 2453 τά
1277 2426 1366 2461 πλήθη
1385 2425 1422 2461 μὴ
1447 2426 1607 2462 χωρήσαντα
1625 2425 1656 2452 τὸ
1677 2425 1792 2457 ἐνοειδές
1811 2425 1861 2461 τῆς

1071 2473 1206 2508 ἐρωτικῆς
1218 2472 1380 2508 θεωνυμίας,
1392 2471 1409 2507 ἢ
1419 2471 1479 2498 καθ’
1491 2471 1524 2507 ἢν
1535 2473 1550 2498 ό
1560 2471 1626 2503 Θεὸς
1640 2472 1691 2506 ἐρᾷ
1703 2470 1758 2497 τῶν
1773 2470 1860 2497 ἀπάν-

1070 2527 1134 2551 των,
1148 2519 1162 2545 ό
1173 2520 1288 2551 ἐνιαῖος,
1303 2518 1350 2545 καὶ
1363 2517 1483 2549 ἁπλοῦς,
1499 2517 1547 2544 καὶ
1559 2517 1629 2552 ὑπὲρ
1646 2517 1700 2543 πᾶν
1722 2516 1792 2551 ἐρως
1812 2517 1859 2543 καὶ

1071 2563 1108 2598 μὴ
1122 2563 1318 2599 ἐσκεδασμένος
1332 2563 1372 2594 εἰς
1393 2561 1456 2597 τέλη
1477 2561 1563 2588 πολλὰ
1573 2581 1581 2593 ,
1601 2560 1659 2588 ἀλλ’
1677 2561 1717 2592 εἰς
1731 2559 1761 2587 ἓν
1777 2560 1808 2586 τὸ
1822 2559 1858 2586 τὰ

1070 2609 1158 2636 πάντα
1174 2608 1371 2643 ἀγαθοποιῆσαι
1381 2628 1389 2639 ,
1406 2608 1423 2644 ἢ
1440 2607 1501 2634 καθ’
1515 2607 1549 2643 ἢν
1568 2607 1675 2642 ἐρῶμεν
1697 2606 1778 2633 αὐτοῦ
1789 2615 1796 2621 θ
1810 2606 1857 2633 καὶ

1068 2653 1144 2687 οὗτος
1159 2654 1213 2690 γὰρ
1226 2654 1241 2680 ὀ
1252 2653 1321 2689 ἔρως
1332 2652 1414 2680 αὑτοῦ
1424 2652 1541 2687 ἐνοειδὴς
1553 2651 1689 2686 ὀφείλεται
1701 2649 1770 2678 εἶναι
1787 2651 1856 2679 κατά

1068 2702 1099 2728 τό
1110 2709 1117 2716 ·
1127 2699 1305 2736 Ἀγαπήσεις
1314 2699 1423 2733 Κύριον
1436 2699 1489 2726 τὸν
1497 2699 1571 2726 Θεόν
1584 2706 1643 2726 σου
1661 2697 1695 2730 ἐξ
1712 2697 1788 2731 ὅλης
1802 2697 1856 2732 τῆς

1068 2746 1202 2778 διανοίας
1215 2754 1283 2777 σου,
1296 2745 1345 2772 καὶ
1358 2745 1392 2777 ἐξ
1407 2744 1482 2779 ὅλης
1497 2744 1552 2778 τῆς
1563 2743 1667 2779 ψυχῆς
1675 2752 1744 2775 σου,
1757 2743 1805 2770 καὶ
1820 2744 1854 2776 ἐξ

1069 2792 1144 2826 ὅλης
1157 2791 1212 2826 τῆς
1224 2791 1330 2826 ἰσχύος
1341 2797 1411 2822 σου,
1422 2790 1458 2826 μὴ
1470 2790 1577 2826 ἔχοντος
1587 2790 1678 2826 χώραν
1686 2789 1780 2826 ἐτέρου
1791 2789 1855 2825 ἐρω-

1068 2847 1114 2871 τος
1130 2839 1158 2865 ἐν
1174 2839 1208 2873 τῇ
1221 2837 1268 2864 τοῦ
1285 2836 1352 2864 Θεοῦ
1367 2836 1457 2873 ἐρώει-ῃ
1468 2836 1550 2872 ψυχῇ.
1566 2835 1674 2872 Ταύτην
1684 2833 1731 2864 οὖν
1742 2837 1792 2874 τήν
1808 2836 1854 2864 τοῦ

1901 447 1916 489 ’t
