1938 3065
102 181 159 209 1'75

387 178 431 206 DE
448 177 576 206 DlVlNlS
591 177 790 211 NOMINIBUS,
811 176 888 205 CAP.
906 176 951 205 iV.
971 192 1006 198 -
1022 177 1197 205 PARAPHR.
1215 177 1455 206 PACllYMERIE.

1690 176 1743 204 77³

101 239 206 274 ἔρωτος
219 237 373 273 θεωνυμίαν
384 236 418 264 τὰ
428 235 518 272 πλήθη
530 235 559 262 οὑ
572 235 745 271 χωρήσαντα,
758 233 900 269 ὲξὼλισθον

955 235 1087 270 sitquam
1104 235 1189 262 amori
1213 235 1317 262 divino.
1344 234 1401 262 Hoc
1425 234 1507 270 igitur
1531 235 1615 263 divini
1642 235 1746 262 alnoris

102 285 152 311 ἐπὶ
167 284 212 310 τὸν
229 282 435 319 σωματοπρεπῆ
448 283 495 309 καὶ
511 282 676 318 διῃρημένον
687 282 734 308 καὶ
752 281 879 316 μεριστόν
889 289 895 296 ·

98 330 184 362 ἄλλος
197 329 252 365 γάρ
266 328 346 356 ἄλλου
362 329 429 364 ἐρᾷ,
444 329 491 355 καὶ
506 327 584 359 ἄλλος
603 327 683 355 ἄλλου
704 327 810 362 ἐφίεται
827 326 897 352 κατὰ

102 375 153 403 τὸν
169 375 289 402 τοιοῦτον
305 374 405 410 ἔρωτα,
426 373 456 406 ὃς
467 374 517 400 οὐκ
528 373 600 400 ἐστιν
617 372 720 408 ἀληθὴς
733 372 813 408 ἔρως,
830 371 898 398 ἀλλὰ

105 422 207 458 μᾶλλον
217 422 337 454 εἴδωλον,
346 422 363 457 ἢ
377 421 514 454 ἔκπτωσις
525 421 572 448 τοῦ
583 421 656 449 θείου
670 420 780 457 ἔρωτος.
790 421 834 452 Ὧς
843 420 898 457 γὰρ

103 468 122 502 ὴ
141 468 304 503 κομμωτικὴ
319 468 370 503 τῆς
385 467 574 503 γυμναστικῆς
587 467 695 493 εἴδωλόν
711 467 780 499 ἐστι,
792 467 823 493 τὸ
837 475 899 501 φαι-

103 515 218 550 νόμενον
234 514 456 550 ὲπιχρωννύουσα
476 514 583 546 κάλλος,
602 514 671 550 ὅπερ
684 514 755 540 κατὰ
771 513 899 548 ἀλήθειαν

104 562 125 598 ὴ
136 561 308 598 γυμναστικὴ
320 562 400 593 ποιεῖ,
412 562 487 598 καὶὴ
505 561 673 597 ὸψαρτυτικὴ
690 561 741 595 τῆς
759 561 897 597 ίατρικῆς-

105 607 178 635 οὕτω
201 608 248 635 καὶ
270 608 285 634 6
311 607 482 642 σωματικὸς,
508 607 609 643 ἔρωτος
629 607 676 634 τοῦ
693 607 766 633 θείου
791 606 900 634 εἴδωλόν

105 654 192 686 ἐστιν,
211 653 330 681 ἐκκαίων
348 654 394 681 καὶ
412 650 489 686 οὗτος
502 654 551 690 τὴν
565 653 664 689 ψυχὴν,
685 653 742 680 ἀλλ’
763 654 804 686 είς
825 653 900 680 οὐδὲν

105 700 247 735 ἀγαπητὸν
262 699 310 726 καὶ
327 699 452 736 μόνιμον,
474 700 491 736 ἢ
512 699 610 735 μᾶλλον
626 699 779 732 ἔκπτωσις·
796 700 901 732 ἐκεῖνος

104 746 162 782 γὰρ
176 747 191 773 6
201 746 271 778 θεῖος
288 746 358 782 ἔρως
375 746 474 778 οἰκεῖός
488 747 547 772 ἐστι
563 746 596 781 τῇ
613 745 704 781 ψυχῇ,
717 743 794 778 οὗτος
810 746 838 773 δὲ
855 746 902 773 άλ-

104 791 212 828 λότριος
233 793 280 819 καὶ
300 792 443 824 ἀνοίκειος.
454 791 535 818 ’Ὀθεν
552 792 660 827 καὶτῆς
673 791 762 827 ψυχῆς
779 791 901 826 φυσικῶς

106 837 154 864 καὶ
173 837 244 864 κατὰ
264 837 344 873 χάριν
361 837 477 873 ἐχούσης
493 837 618 872 ἐφίεσθαι
635 837 682 864 τοῦ
702 837 787 869 ὅντως
806 836 899 869 καλοῦ,

105 883 154 910 καὶ
171 883 238 919 πρὸς
247 883 292 910 τὸν
305 882 384 918 ζῆλον
401 882 483 910 αὐτοῦ
494 882 743 918 διαθερμαίνεσθαι,
762 882 899 916 ἰγγίνεται

108 928 158 964 μὲν
177 929 194 964 ἡ
207 928 318 964 τοιαύτη
335 928 423 964 θέρμη
441 928 488 955 καὶ
507 928 628 964 κίνησις·
647 928 718 964 πλὴν
735 928 864 955 ἐκπίπτει
883 930 897 955 ὁ

105 975 170 1007 νοῦς
179 974 228 1009 τῆς
238 974 368 1010 ἀληθινῆς
384 974 510 1010 κρίσεως,
529 974 577 1001 καὶ
594 974 627 1000 δι’
644 974 760 1010 ὀρέξεως
774 974 897 1008 συλαγω-

105 1021 205 1054 γεῖται,
220 1020 268 1047 καὶ
281 1020 312 1046 τὸ
327 1019 439 1056 μισητὸν
455 1019 525 1046 κατὰ
542 1019 622 1054 φύσιν
636 1019 759 1046 ποθεινὸν
776 1020 894 1054 ἡγεῖται,

105 1065 154 1091 καὶ
167 1064 204 1096 ὡς
219 1064 297 1099 μένον
311 1065 341 1091 τὸ
356 1064 561 1100 παρερχόμενον
578 1065 698 1100 στέργει,
720 1064 810 1096 καθὼς
822 1064 898 1100 εἴρη-

105 1118 169 1136 ται·
189 1110 231 1141 Ὠς
250 1109 354 1136 ἑστῶτα
375 1109 548 1143 ὲλογίσαντο,
564 1109 612 1136 καὶ
625 1109 674 1144 οὐχ
687 1108 725 1140 ὡς
750 1108 895 1143 φεύγοντα.

105 1157 163 1184 Καὶ
177 1156 256 1183 τοῦτό
269 1157 344 1183 ἐστιν
387 1155 433 1182 τοῦ
445 1155 518 1182 θείου
532 1155 632 1191 ἔρωτος
645 1155 791 1187 ἔκπτωσις,
804 1156 837 1182 ὲκ
848 1155 896 1182 τοῦ

105 1201 228 1234 ἀπαθοῦς
246 1203 286 1234 είς
301 1202 348 1229 τὸν
364 1202 485 1238 ἐμπαθῆ,
497 1203 530 1229 ὲκ
537 1202 584 1229 τοῦ
601 1202 674 1229 θείου
686 1202 726 1234 είς
739 1202 785 1229 τὸν
801 1211 896 1237 σωμα-

105 1248 192 1279 τικὸν,
212 1248 245 1274 ὲκ
258 1246 305 1273 τοῦ
330 1247 411 1274 ἀῦλου
430 1248 470 1279 είς
490 1247 536 1274 τὸν
557 1247 650 1274 ένυλον
664 1257 670 1263 ·
688 1247 830 1283 άχώρητον
843 1248 898 1283 γάρ

106 1292 166 1318 ἐστι
180 1292 218 1327 τῷ
231 1292 286 1319 τῶν
299 1293 404 1319 πολλῶν
418 1292 515 1328 πλήθει
530 1293 561 1319 τὸ
576 1293 675 1319 ἐνιαῖον
688 1292 735 1319 τοῦ
747 1292 819 1319 θείου
829 1292 898 1329 ἐρω-

106 1345 164 1369 τος,
182 1338 228 1364 καὶ
242 1338 286 1365 διὰ
305 1338 394 1371 τοῦτο,
416 1339 454 1371 ὡς
468 1339 678 1375 δυσχερέστερον
695 1339 742 1365 καὶ
755 1338 898 1374 διαϐεϐλη-

111 1383 193 1418 μένον
209 1384 255 1410 ὲπὶ
265 1384 312 1411 τοῦ
326 1383 404 1416 Θεοῦ,
415 1384 542 1411 τάττεται
558 1384 626 1420 πρὸς
641 1384 672 1410 τὸ
683 1383 777 1417 ἀνάξαι
793 1384 899 1416 τούτοις

108 1430 149 1460 εἰς
161 1429 210 1465 τὴν
222 1430 268 1456 τοῦ
282 1430 365 1462 ὅντως
378 1430 478 1466 έρωτος
489 1430 599 1464 γνῶσιν,
613 1432 660 1457 καὶ
674 1430 746 1458 ὥστε
760 1430 899 1466 συντόμως

108 1475 277 1511 ἀπολυθῆναι
289 1477 338 1512 τῆς
350 1476 476 1512 τοιαύτης
495 1477 692 1513 διεψευσμένης
705 1477 784 1513 δόξης
804 1478 837 1503 ὲκ
851 1477 899 1503 τοῦ

107 1522 254 1555 γινώσκειν
272 1522 487 1559 διαϐεϐλημένην
506 1524 556 1560 τὴν
573 1523 645 1557 λέξιν
657 1523 704 1550 τοῦ
716 1523 816 1559 ἔρωτος
827 1542 834 1554 ,
852 1523 900 1549 καὶ

108 1567 208 1602 ἥκιστα
220 1567 259 1603 τῷ
271 1567 331 1603 Θεῷ
348 1569 514 1604 πρέπουσαν.
537 1569 614 1596 Οὕτω
630 1569 686 1605 γὰρ
697 1571 744 1596 καὶ
764 1571 793 1596 ὲν
808 1572 841 1606 τῇ
856 1571 900 1597 οὺ-
914 1586 935 1615 C

111 1614 197 1649 ρανίῳ
211 1615 338 1650 ίεραρχίᾳ
352 1615 445 1650 φησιν,
458 1615 498 1642 ὅτι
516 1615 547 1642 τὸ
560 1615 659 1651 μᾶλλον
672 1616 724 1642 ἀπε
729 1614 843 1651 μφαῖνον
857 1617 901 1642 εὐ-

107 1660 189 1695 χερές
209 1661 284 1687 ἐστιν
302 1662 348 1687 ὲπὶ
366 1661 433 1688 Θεοῦ
444 1661 588 1696 λέγεσθαι,
602 1662 649 1688 καὶ
665 1661 746 1688 πλέον
762 1661 808 1688 τοῦ
821 1658 902 1697 ἦττον

108 1705 248 1738 τοιούτου,
262 1706 299 1738 ὡς
317 1707 493 1742 ἀπαγομένης
512 1707 636 1734 ἐντεῦθεν
653 1708 703 1743 τῆς
716 1706 833 1739 διανοίας
854 1707 902 1734 εὐ-

109 1752 207 1785 κόλως,
220 1753 261 1779 ὅτι
273 1753 303 1779 οὺ
317 1753 397 1779 τοῦτό
411 1754 485 1780 ὲοητιν
498 1755 512 1780 6
526 1753 602 1786 Θεὸς,
614 1753 682 1780 ἀλλὰ
693 1753 764 1780 κατά
778 1762 839 1780 τινα
856 1753 902 1780 λό-

108 1807 158 1834 γον
173 1798 275 1834 ὑψηλὸν
286 1798 357 1825 οὕτω
367 1799 484 1834 λέγεται.
498 1800 546 1831 Τίς
556 1799 611 1835 γὰρ
624 1800 767 1834 ὑπονοήσει
778 1799 824 1826 τὸν
836 1799 903 1826 Θεὸν

110 1844 239 1880 πάνθηρα
249 1864 257 1876 ,
271 1845 287 1880 ἦ
306 1845 400 1871 λέοντα
412 1853 418 1877 ;
438 1845 498 1878 Φῶς
519 1845 547 1872 δὲ
558 1866 564 1878 ,
578 1845 595 1881 ἢ
609 1846 665 1882 πῦρ
679 1866 686 1878 ,
701 1846 717 1881 ἢ
732 1845 841 1881 πνεῦμα
856 1846 902 1872 ἐπὶ

109 1890 178 1916 Θεοῦ
194 1890 340 1926 λεγόμενον
354 1889 453 1926 μᾶλλον
472 1891 563 1926 ἀπατᾷ
580 1891 630 1927 τὴν
652 1891 781 1923 διάνοιαν,
798 1890 902 1926 μήποτέ

109 1945 138 1962 τι
153 1936 255 1963 τούτων
269 1936 336 1963 ἐστί.
350 1936 402 1963 Τὸν
415 1936 495 1964 αὐτὸν
510 1937 610 1972 τρόπον
621 1937 668 1964 καὶ
681 1937 728 1964 ἐπὶ
739 1936 786 1963 τοῦ
802 1936 902 1972 ἔρωτος

109 1981 161 2016 τῆς
182 1981 322 2017 ὰγάπης⁹ο
345 1982 391 2008 ἐπὶ
405 1982 454 2017 μὲν
475 1981 542 2008 Θεοῦ
561 1982 592 2009 τὸ
602 1982 729 2018 δυσχερὲς
745 1982 830 2018 ὄνομα
854 1983 902 2010 τοῦ

110 2027 212 2063 ἔρωτος
233 2028 360 2055 τάττεται
374 2048 382 2060 ,
402 2029 445 2063 ἐφ’
465 2028 544 2064 ἡμῶν
561 2028 607 2061 δὲ,
623 2028 688 2055 ἔνθα
706 2028 752 2055 καὶ
765 2028 866 2056 ἄτοπόν
876 2038 902 2056 τι

112 2073 242 2105 πολλάκις
252 2071 286 2109 ἦν
296 2074 421 2109 οἰηθῆναι
434 2082 510 2106 τινας
521 2074 576 2101 τῶν
591 2074 768 2111 χαμαιζήλων
781 2075 828 2102 καλ¹
842 2084 904 2111 μοχ-

111 2117 213 2154 θηρῶν,
226 2119 243 2154 ή
255 2119 394 2154 ἀγάπησις
407 2119 515 2154 λέγεται
536 2120 734 2155 εὐφημότερον,
750 2120 820 2147 κατὰ
831 2121 862 2147 τὸ
873 2121 903 2147 ἐν

110 2166 144 2200 τῇ
158 2164 253 2201 πρώτῃ
269 2166 324 2193 τῶν
341 2166 488 2194 Βασιλειῶν
506 2166 581 2202 παρὰ
600 2166 648 2193 τοῦ
665 2166 747 2194 Δαυῒδ
763 2167 830 2204 πρὸς
847 2168 903 2195 Ἰω-

111 2210 203 2246 νάθαμ
224 2211 379 2247 λεγόμενον.
402 2212 479 2239 Ἐπεὶ
500 2213 557 2245 τοῖς
576 2213 664 2248 ὀρθῶς
685 2213 813 2241 ἀκούουσι
835 2214 903 2250 πρὸς

952 289 1050 308 nomen
1069 281 1166 317 vulgus
1187 290 1240 309 non
1265 282 1431 316 intelligens,
1453 281 1486 308 ad
1507 289 1625 309 amorem
1642 288 1726 314 corpo

952 337 1028 356 reum
1044 333 1071 356 et
1084 328 1243 356 distractum
1262 336 1294 355 ac
1311 327 1430 355 divisum
1445 327 1578 361 dilapsum
1592 332 1649 360 est;
1673 326 1745 353 alius

950 375 1024 402 enim
1044 375 1118 402 aliud
1137 379 1229 406 amatI
1254 378 1282 402 et
1296 374 1367 401 alius
1381 373 1454 401 aliud
1470 373 1574 408 appetit
1592 373 1742 401 secundum

951 422 1104 449 istiusmodi
1129 429 1269 453 amorem,
1286 421 1332 456 qui
1352 428 1404 447 non
1421 425 1463 447 est
1483 428 1563 448 verus
1583 428 1672 453 amor,
1693 421 1742 448 sed

952 468 1039 503 magis
1061 467 1238 495 simulacrum
1258 467 1299 494 vel
1324 466 1462 502 prolapsio
1477 466 1511 493 ab
1523 474 1617 494 amore
1638 467 1730 494 divino

952 512 1029 540 Sicut
1041 513 1114 540 enim
1139 519 1185 540 ars
1204 511 1311 540 fucandi
1334 511 1509 538 simulacrum
1532 516 1575 538 est
1598 512 1666 539 artis
1691 519 1742 547 gy-

952 559 1106 592 mnasticze,
1123 559 1187 586 dum
1201 558 1265 585 fuco
1279 558 1380 586 coloris
1393 558 1621 593 pulchritudinem
1641 558 1726 585 menti

954 610 1009 638 tur,
1021 612 1104 640 quam
1129 610 1226 632 revera
1247 611 1293 631 ars
1314 603 1484 631 exercitandi
1499 608 1526 631 et
1537 603 1672 631 culinaria
1686 611 1744 631 me-

951 649 1042 677 dicina
1060 648 1221 682 coni'erunt;
1250 650 1290 676 sic
1304 649 1386 676 etiam
1403 656 1483 676 amor
1497 655 1646 683 corporeus
1659 649 1744 676 simu-

952 696 1056 723 lacrum
1073 700 1116 723 est
1128 695 1232 722 amoris
1247 695 1330 721 divini
1342 715 1349 726 ,
1376 703 1438 722 cum
1467 694 1511 722 hic
1527 695 1609 722 etiam
1624 695 1743 722 animam

952 740 1095 774 accendat,
1117 741 1164 768 sed
1185 740 1219 767 ad
1241 740 1310 767 nihil
1332 740 1465 775 diligibile
1487 747 1519 768 ac
1540 739 1658 772 stabile,
1677 740 1743 775 quin

952 789 1042 824 potius
1067 787 1169 815 amoris
1192 787 1284 821 lapsus
1307 791 1375 815 est:
1403 787 1538 822 siquidem
1565 786 1676 814 divinus
1699 786 1744 814 ille

952 843 1030 863 amor
1055 835 1183 870 proprius
1202 839 1245 861 est
1271 833 1386 867 animae,
1407 834 1451 860 hic
1474 838 1564 860 autem
1592 833 1697 860 alienus
1716 837 1745 861 et

953 885 1110 908 extraneus.
1123 879 1201 908 Unde
1213 880 1295 906 etiam
1318 880 1416 906 animae
1431 879 1593 906 naturaliter
1605 884 1633 906 et
1645 887 1730 907 secuit

951 927 1014 954 dum
1040 929 1158 962 gratiam
1180 926 1292 954 insitum
1309 930 1369 958 est,
1384 929 1415 952 ut
1428 931 1522 952 verum
1536 925 1619 961 ωο
1639 926 1744 953 bonum

948 977 1058 1007 appetat
1081 977 1109 1000 et
1129 972 1163 999 ad
1187 971 1324 999 fervorem
1342 970 1401 1005 ejus
1422 971 1587 1004 incalescat,
1611 972 1740 1006 quoniam

948 1018 1104 1046 istiusmodi
1118 1019 1238 1046 calorem
1255 1025 1288 1045 ac
1303 1022 1408 1045 motum
1421 1017 1532 1051 inserit;
1548 1025 1643 1045 verum
1664 1024 1742 1045 mens

948 1073 963 1092 a
983 1072 1048 1092 vero
1071 1064 1177 1099 judicio
1203 1065 1336 1096 aberrat,
1369 1068 1397 1091 et
1419 1070 1467 1099 per
1490 1062 1741 1099 concupiscentiam

948 1113 1096 1146 avertitur,
1114 1117 1142 1139 et
1159 1111 1185 1139 id
1200 1112 1273 1146 quod
1298 1110 1452 1138 secundum
1468 1115 1594 1138 naturam
1611 1110 1674 1138 odio
1693 1110 1745 1137 ha-

949 1158 1068 1186 bcndum
1085 1162 1143 1192 est,
1158 1158 1302 1185 existimat
1319 1156 1531 1184 desiderandum
1548 1164 1610 1184 esse
1620 1176 1628 1188 ,
1639 1161 1666 1184 et
1681 1161 1742 1183 tan-

949 1212 1030 1240 quam
1055 1204 1119 1239 quid
1145 1210 1308 1239 permanens
1332 1203 1359 1230 id
1384 1203 1457 1237 quod
1479 1202 1669 1230 transitorium
1689 1206 1743 1235 est,

949 1250 1136 1286 amplectitur,
1166 1250 1238 1277 sicut
1253 1249 1357 1277 dictum
1378 1253 1437 1280 est,
1460 1248 1524 1283 quia
1541 1253 1670 1281 tanquam
1689 1252 1745 1275 sta-

950 1297 1031 1324 bilem
1048 1297 1171 1328 amabat,
1187 1300 1216 1323 et
1231 1303 1283 1323 non
1301 1299 1430 1329 tauquam
1446 1293 1583 1328 fugacem.
1596 1292 1629 1320 Et
1643 1293 1689 1320 hic
1702 1298 1744 1320 est

950 1341 1036 1369 divini
1053 1342 1154 1368 amoris
1169 1341 1273 1376 lapsus,
1287 1348 1322 1367 ex
1339 1339 1503 1374 impassibili
1524 1339 1551 1366 in
1572 1338 1744 1374 passibileln,

950 1395 984 1415 ex
1003 1388 1096 1415 divino
1120 1388 1147 1414 in
1171 1394 1333 1421 corporeum
1345 1406 1353 1419 ,
1375 1393 1409 1413 ex
1424 1385 1601 1413 immateriali
1617 1385 1643 1413 in
1662 1390 1745 1413 mate-

951 1433 1064 1465 rialem;
1084 1432 1155 1468 vulgi
1174 1432 1248 1460 enim
1267 1432 1345 1459 turba
1372 1439 1424 1459 non
1451 1431 1524 1466 capit
1545 1432 1657 1458 unicum
1678 1430 1744 1458 illud

951 1478 1036 1505 divini
1051 1478 1163 1510 amoris,
1185 1481 1212 1504 et
1234 1477 1346 1508 idcirco,
1359 1481 1488 1510 tanquam
1504 1476 1530 1503 id
1556 1477 1628 1511 quod
1649 1477 1744 1503 durius

951 1526 987 1552 sit
1007 1530 1035 1552 et
1058 1525 1144 1560 magis
1162 1532 1275 1551 exosum
1289 1544 1296 1557 ,
1320 1525 1353 1551 de
1379 1523 1432 1550 Deo
1457 1523 1577 1558 ponitur,
1602 1530 1632 1550 ut
1650 1523 1744 1558 vulgus

953 1571 1029 1598 hisce
1044 1570 1071 1597 in
1093 1570 1150 1596 veri
1173 1569 1274 1596 amoris
1286 1569 1469 1602 cognitionem
1485 1569 1649 1600 adducatur,
1661 1573 1744 1602 utque

952 1615 1115 1650 compendio
1131 1616 1165 1642 ab
1189 1615 1342 1642 istiusmodi
1360 1614 1428 1641 falsa
1442 1615 1572 1646 opinione
1595 1614 1743 1646 liberetur,

955 1663 1018 1690 dum
1036 1661 1182 1696 intelligit,
1198 1661 1281 1688 etiam
1298 1668 1411 1688 exosum
1433 1660 1501 1687 alias
1527 1661 1628 1687 amoris
1647 1667 1745 1687 nomen

953 1714 982 1737 et
1004 1708 1096 1736 inﬁma
1121 1715 1236 1747 quaeque
1259 1708 1309 1742 ipsi
1335 1708 1390 1735 Deo
1417 1712 1585 1741 competere.
1607 1706 1653 1734 Sic
1670 1707 1743 1734 enim

953 1755 1035 1782 etiam
1052 1755 1080 1781 in
1095 1754 1199 1781 Caelesti
1213 1754 1364 1780 hiemi-chio
1377 1753 1433 1780 ait:
1449 1761 1458 1778 ι
1473 1753 1499 1779 ld
1514 1752 1585 1787 quod
1600 1753 1686 1786 magis
1696 1752 1746 1779 ab-

954 1807 1050 1826 sonum
1070 1804 1114 1826 est
1129 1804 1281 1834 opportune
1294 1800 1327 1826 de
1339 1798 1395 1826 Deo
1407 1798 1472 1831 dici,
1486 1805 1574 1833 eoque
1593 1799 1678 1834 magis
1688 1806 1743 1834 quo

954 1845 1035 1872 vilius
1045 1845 1157 1878 existit;
1170 1845 1298 1879 quoniam
1320 1844 1384 1871 hinc
1400 1844 1480 1872 facile
1495 1852 1572 1872 mens
1587 1845 1743 1875 abducitur.

955 1896 985 1917 ut
997 1890 1110 1926 cogitet,
1126 1891 1209 1918 Deum
1223 1898 1275 1918 non
1288 1898 1349 1918 esse
1357 1891 1520 1923 istiusmodi.
1532 1890 1578 1918 sed
1590 1890 1741 1918 secundum

955 1937 1098 1964 sublimem
1109 1937 1227 1972 aliquem
1243 1944 1352 1965 sensum
1369 1937 1410 1964 sic
1419 1937 1558 1972 appellari.
1566 1946 1575 1963 ι
1585 1937 1652 1971 Quis
1664 1937 1739 1965 enim

954 1983 1113 2018 opinabitur
1131 1982 1214 2010 Deum
1231 1983 1394 2017 pantheram
1405 1990 1467 2010 esse
1479 1982 1523 2010 vel
1542 1983 1670 2010 leonem?
1685 1982 1743 2011 Lux

954 2034 1044 2056 autem
1060 2029 1103 2056 vel
1118 2028 1192 2063 ignis
1209 2029 1253 2056 vel
1275 2029 1389 2064 spiritus
1403 2036 1464 2056 cum
1483 2029 1516 2056 de
1532 2029 1587 2056 Deo
1602 2029 1743 2061 dicuntur,

953 2075 1061 2103 facilius
1090 2079 1210 2103 mentem
1234 2076 1364 2103 aberrare
1387 2074 1508 2110 faciunt,
1530 2082 1565 2103 ne
1586 2074 1658 2103 forte
1678 2075 1744 2111 quid

955 2124 1052 2151 horum
1075 2123 1120 2151 sit.
1138 2123 1239 2150 Eodem
1257 2122 1337 2150 modo
1354 2123 1437 2150 etiam
1453 2123 1486 2150 de
1510 2130 1604 2150 amore
1624 2130 1657 2150 ac
1676 2122 1745 2151 dile-

954 2169 1059 2202 ctione;
1082 2169 1108 2195 in
1122 2168 1177 2195 Deo
1191 2167 1301 2202 quidem
1316 2175 1428 2196 exosum
1445 2167 1510 2195 illud
1526 2176 1627 2196 nomen
1640 2169 1743 2196 amoris

954 2215 1076 2250 ponitur,
1093 2215 1120 2242 in
1144 2215 1221 2242 nobis
1236 2220 1340 2247 autem,
1365 2215 1410 2242 ubi
1435 2222 1622 2249 saepenumero
1642 2215 1743 2250 aliquid

109 2257 166 2284 τῶν
185 2258 265 2293 ἱερῶν
289 2258 419 2294 θεολόγων
433 2259 623 2295 ταὺτοδὺναμα
642 2261 781 2288 τάττονται
800 2261 835 2287 τά
854 2261 900 2288 δύο

954 2262 1102 2289 absurdum
1125 2262 1250 2289 homines
1267 2266 1350 2289 terno
1372 2261 1443 2288 allixi
1463 2262 1597 2296 suspicari
1622 2267 1743 2296 possent,

110 2303 198 2331 ταῦτα
211 2305 329 2341 ὀνόματα
340 2307 380 2337 είς
396 2306 446 2338 τὰς
466 2306 540 2338 θείας
551 2306 743 2342 ὲκφαντορίας,
758 2308 805 2334 καὶ
827 2307 902 2342 δηλοῖ

110 2347 161 2384 τὴν
185 2349 305 2376 ἑνοποιὸν
326 2350 372 2377 καὶ
393 2351 580 2387 συγκρατικὴν
603 2351 716 2387 δύναμιν
734 2353 763 2379 ὲν
786 2352 825 2388 τῷ
841 2352 902 2388 Θεῷ

111 2394 327 2430 προῦφεστῶσαν
338 2416 346 2428 ,
360 2395 403 2422 διὰ
420 2396 452 2423 τὸ
483 2396 565 2423 καλὸν
583 2397 631 2424 καὶ
646 2397 757 2432 ἀγαθὸν,
776 2398 820 2425 ἵνα
835 2407 901 2433 συγ-

112 2439 258 2473 κιρνῶνται
272 2440 371 2476 δηλαδὴ
381 2441 416 2467 τὰ
432 2441 520 2468 πάντα
532 2441 570 2474 ὡς
583 2442 690 2478 ἐρῶντα
698 2463 706 2475 ,
718 2443 806 2478 τούτῳ
819 2444 851 2479 δὴ
863 2444 903 2479 τῷ

110 2483 173 2519 Θεῷ
186 2484 223 2516 ὡς
237 2484 369 2520 ἐρωμένῳ
384 2485 459 2521 καλῷ
478 2487 525 2513 καὶ
537 2488 642 2524 ἀγαθῷ,
656 2489 704 2515 καὶ
717 2490 750 2516 ὲκ
769 2489 816 2516 τοῦ
834 2490 902 2516 Θεοῦ

112 2529 284 2565 ἐνδιδομένην
294 2529 338 2557 διὰ
345 2530 376 2557 τὸ
387 2531 468 2558 καλὸν
480 2532 560 2559 πάλιν
571 2534 619 2560 καὶ
629 2534 742 2568 ἀγαθὸν,
754 2535 797 2561 ἵνα
810 2535 903 2571 δηλον-

112 2575 154 2602 ότι
177 2575 244 2611 πρὸς
264 2575 364 2611 ἄλληλα
376 2576 411 2603 τὰ
425 2577 472 2612 μὲν
487 2579 608 2614 ὁμοταγῆ
622 2579 783 2614 συνέχωνται
800 2580 837 2612 ὡς
852 2579 903 2607 ἀνὰ

114 2621 197 2657 μέρος
209 2621 315 2657 ἐρῶντά
327 2630 356 2648 τε
368 2622 415 2649 καὶ
426 2623 551 2658 έρώμενα
560 2632 566 2638 ·
580 2624 614 2651 τὰ
627 2624 655 2651 δὲ
672 2625 768 2661 πρῶτα
785 2626 853 2661 πρὸς
869 2627 903 2654 τὰ

113 2668 247 2703 ὑφειμένα
265 2669 381 2695 κινοῖντο
403 2670 450 2696 καὶ
469 2669 556 2706 ὲρῷεν
578 2671 680 2698 τούτων
704 2674 902 2709 προνοούμενα,

113 2715 157 2741 ἵνα
171 2714 208 2746 ὡς
220 2715 303 2741 ἑαυτὰ
315 2715 428 2742 κάκεῖνα
444 2717 594 2752 ποιήσωσι·
613 2717 647 2744 τὰ
660 2717 688 2744 δὲ
705 2719 903 2756 καταδεέστερα

114 2759 182 2796 πρὸς
194 2760 228 2787 τά
239 2761 377 2797 ὑπέρτερα
388 2762 567 2798 άγαπητικῶς
576 2763 662 2800 ἔχοιεν
672 2765 903 2802 ὲπιστρεφόμενα,

115 2806 159 2833 lvd
171 2807 294 2842 κάκεῖνα,
314 2807 352 2841 ὡς
364 2808 536 2846 δυνατὸν,τῆς
558 2810 711 2847 ὑπερτέρας
731 2811 814 2845 ἕξεως
834 2813 903 2841 dmo-

115 2851 242 2880 λαύωσιν.

954 2308 1064 2335 dilectio
1087 2308 1204 2340 dicitur;
1237 2307 1309 2342 quod
1335 2315 1432 2334 nomen
1457 2307 1600 2334 honestius
1626 2308 1742 2339 videtur,

950 2354 1030 2390 juxta
1050 2353 1115 2381 illud
1135 2353 1207 2388 quod
1229 2354 1257 2380 in
1278 2354 1368 2388 primo
1386 2353 1491 2388 Regum
1507 2361 1522 2380 a
1535 2353 1636 2381 Davide
1649 2355 1682 2380 ad
1695 2352 1743 2380 Jo-

953 2399 1065 2426 natham
1081 2398 1192 2426 dicitur.
1210 2399 1278 2426 Cum
1303 2403 1393 2426 autem
1414 2399 1440 2426 in
1464 2400 1552 2427 sacris
1566 2399 1598 2427 de
1613 2400 1667 2428 Deo
1686 2407 1744 2426 ser-

954 2445 1081 2473 monibus
1100 2452 1113 2471 a
1127 2451 1202 2472 recte
1218 2444 1402 2472 sentientibus
1419 2446 1472 2472 duo
1484 2446 1543 2473 haec
1560 2447 1682 2478 nomina,
1694 2453 1743 2473 ceu

953 2492 1158 2527 azquipollentia
1175 2491 1277 2518 divinis
1289 2492 1539 2526 explanationibus,
1549 2493 1743 2523 adhibeantur.

953 2543 981 2565 et
995 2538 1121 2566 uniiicam
1137 2538 1287 2573 quamdam
1311 2538 1441 2565 virtutem
1461 2545 1508 2565 seu
1522 2539 1666 2573 eopulandi
1688 2540 1742 2566 vim

955 2585 1187 2620 signiﬁcent,quae
1198 2585 1226 2612 in
1236 2585 1292 2612 Deo
1304 2585 1463 2620 prmexistit,
1476 2590 1587 2619 propter
1600 2585 1744 2620 pulchrum

954 2636 982 2658 et
996 2631 1107 2662 bonum,
1144 2637 1173 2659 ut
1188 2632 1316 2658 nimirum
1333 2639 1392 2666 quae
1405 2631 1511 2659 ordinis
1528 2635 1592 2658 sunt
1609 2632 1742 2666 ejusdem,

956 2677 1030 2704 velut
1049 2677 1172 2704 vicissim
1199 2677 1317 2704 amantia
1334 2682 1361 2705 et
1377 2682 1483 2710 amata,
1504 2684 1535 2704 se
1551 2682 1645 2704 mutuo
1668 2684 1744 2704 com-

956 2722 1127 2757 plectantur;
1140 2723 1228 2758 prima
1241 2731 1307 2751 vero
1319 2723 1450 2750 inferiora
1464 2727 1594 2751 moveant
1604 2728 1743 2755 etamenl.

955 2769 989 2796 iis
1000 2769 1179 2803 providendo,
1190 2774 1219 2796 ut
1230 2769 1275 2796 illa
1289 2770 1330 2797 sui
1347 2769 1446 2798 similia
1462 2769 1588 2802 ciliciant;
1612 2769 1743 2796 inferiora

955 2821 1021 2841 vero
1037 2813 1070 2840 ad
1089 2814 1232 2849 superiora
1250 2814 1408 2842 amabiliter
1423 2814 1520 2842 ail‘ecta
1534 2819 1742 2848 convertantur,

955 2865 984 2886 ut
1007 2864 1034 2887 et
1056 2860 1120 2893 illa,
1135 2861 1226 2895 quoad
1247 2861 1307 2889 ﬁeri
1327 2865 1434 2896 potest,
1451 2861 1622 2896 superiorem
1641 2864 1744 2889 statum

956 2911 1168 2941 consequantur.
