1938 3065
219 178 273 207 775

802 175 831 204 S.
850 175 1004 205 DIONYSII
1020 176 1256 205 AREOPAGITJE

1795 174 1858 206 ’776

254 236 349 274 §Xlll.
371 237 417 266 Est
437 242 569 273 przeterea
589 236 698 263 divinus
709 244 789 264 amor
804 237 970 268 exstaticus;
990 244 1001 264 ιι

1095 236 1108 271 §
1125 237 1196 263 XIII.
1219 236 1313 262 Ἔστιν
1335 236 1350 262 ὁ
1367 235 1439 268 θεῖος
1457 235 1527 272 ἔρως
1548 236 1597 263 καὶ
1609 236 1785 269 ἐκστατικός·
1811 236 1860 268 ti-

214 290 246 310 se
265 283 331 318 ipsis
347 283 421 311 enim
445 283 580 312 excedere
602 282 668 310 facit
690 282 771 318 40],
789 287 924 316 amantes,
939 282 1004 310 dum

213 330 308 356 vivunt
330 334 358 356 et
377 334 522 356 moventur
548 338 600 357 non
623 330 695 366 ipsi,
721 329 769 356 sed
786 329 812 356 in
836 329 904 363 ips’s
919 329 937 356 ii
956 328 1004 364 qui

212 380 348 402 amantur.
363 375 394 402 Et
407 377 464 403 hzec
480 376 621 403 declarant
654 375 697 402 illa
710 383 770 411 quae
783 376 911 410 praedicta
929 380 1003 408 sunt,

212 422 299 457 magis
313 427 403 450 autem
420 431 534 457 magnus
548 422 594 449 ille
608 422 720 454 Paulus.
738 423 833 450 divino
846 423 898 450 hoc
911 430 1005 450 amore

212 472 368 502 correptus.
390 469 486 496 aiens:
504 468 567 495 Vivo
581 476 628 503 ego
638 467 697 502 jam
722 476 773 494 nan
795 476 853 503 ego,
869 468 929 496 vivit
945 477 1004 496 vero

211 517 239 542 in
262 522 302 540 me
326 514 483 546 Christus‘,
508 519 638 549 tanquam
662 522 744 542 verus
769 519 886 548 amator,
910 519 937 542 et
958 515 1004 549 qui

211 559 341 591 excessit,
359 563 388 586 ut
415 560 473 594 ipse
497 564 625 592 testatur.
647 568 662 587 a
686 568 716 588 se
741 560 811 589 Deo:
832 565 860 588 et
884 569 1002 591 rursum,

211 605 296 632 veluti
310 606 430 632 vicissim
446 613 460 632 a
477 613 605 640 supremo
623 606 677 633 Deo
691 607 803 640 provide
816 611 934 637 amatus,
950 615 1003 634 non

213 659 302 684 suam,
317 651 364 678 sed
388 653 471 678 amati
485 652 571 679 vitam
596 653 710 686 ducens,
727 653 783 680 ait:
798 653 933 688 Tanquam
949 662 1005 680 mo—

211 697 321 729 rientes,
343 702 367 724 et
388 705 447 724 ecce
472 698 616 725 vivimus“.
638 698 705 725 Nam
720 699 874 726 audendum
890 704 933 726 est
953 699 1005 726 hoc

210 742 293 769 etiam
305 747 435 777 tauquam
446 751 540 770 verum
555 744 658 776 dicere,
669 745 742 778 qttod
758 745 873 779 ipsemet
882 746 1003 773 omnium

211 787 294 819 Deus,
311 793 421 823 propter
441 796 585 816 excessum
601 789 745 822 bonitatis,
761 795 838 818 extra
851 799 880 818 se
895 800 1003 826 per.re-

211 840 273 860 rum
291 834 474 869 providentias
489 835 616 866 exsistat,
632 841 660 863 et
673 836 701 863 in
716 836 867 864 istiusmodi
884 838 1005 866 bonitate

211 879 261 906 sibi
274 881 349 913 quasi
364 881 552 915 complaceat;
575 883 613 909 ait
636 884 708 909 enim
721 890 729 909 :
743 882 776 910 Et
800 884 863 918 quid
879 885 936 911 vola
954 885 1005 912 ιιίδὶ

1056 281 1205 320 ίστησιγὰρ
1214 281 1319 309 ἑαυτῶν
1329 281 1392 314 τοὺς
1406 282 1538 317 ἐρῶντας,
1547 283 1585 315 ὡς
1598 282 1648 319 ζῇν
1658 283 1705 310 καὶ
1719 285 1858 312 κινεῖσθαι

1057 327 1108 353 οὐκ
1128 327 1260 358 ἐκείνους,
1285 326 1343 352 ἀλλ’
1366 327 1396 352 ὲν
1417 327 1510 359 αὐτοῖς
1525 327 1589 360 τοὺς
1615 328 1781 364 ἐρωμένους.
1800 329 1858 357 Καὶ

1056 372 1167 408 δηλοῦσι
1184 372 1217 399 τὰ
1245 372 1447 408 προλεχθέντα,
1463 373 1562 408 μᾶλλον
1573 374 1602 401 δὲ
1619 375 1634 400 ὁ
1649 375 1734 410 μέγας
1749 375 1857 407 Παῦλος

1056 419 1096 454 τῷ
1114 419 1179 454 οείῳ
1195 418 1283 454 τούτῳ
1301 420 1484 455 κατεχόμενος
1509 420 1606 455 ἔρωτι,
1619 408 1667 448 καὶ
1683 408 1787 456 λέγων·
1808 423 1856 450 Ζῶ
1873 408 1890 454 ἦ

1056 464 1113 498 ἐγὼ
1131 463 1242 495 οὐκέτι,
1257 464 1291 498 ζῇ
1301 463 1335 490 δὲ
1345 465 1380 491 ἐν
1393 465 1458 500 ἐμοὶ
1470 466 1606 499 Χριστὸς,
1621 466 1659 499 ὡς
1674 467 1777 504 ἀληθὴς
1790 469 1857 504 ἐρα·

1058 510 1132 546 στὴς,
1145 511 1191 537 καὶ
1202 509 1358 545 ἐξεστηκὼς
1370 512 1431 538 κατ’
1445 512 1525 538 αὑτὸν
1536 512 1659 547 λέγοντα,
1675 514 1723 541 καὶ
1742 514 1855 550 ἐξεστη-

1056 557 1134 589 κότες
1153 557 1227 592 θεῷ·
1241 559 1288 584 καὶ
1301 558 1382 585 πάλιν
1403 559 1441 591 ὡς
1455 558 1506 586 ἀνὰ
1523 559 1606 596 μέρος
1623 560 1761 597 ἐρώμενος
1777 561 1855 597 παρὰ

1055 604 1102 631 τοῦ
1114 604 1265 640 ὑπερτέρου
1278 605 1346 631 Θεοῦ
1362 606 1561 641 προνοητικῶς,
1580 607 1611 633 οὐ
1627 607 1682 640 ζῶν
1692 608 1742 644 τὴν
1754 608 1854 636 ἑαυτοῦ

1057 649 1140 685 ζωὴν,
1162 649 1229 677 ἀλλὰ
1249 650 1298 686 τὴν
1313 650 1358 677 τοῦ
1372 651 1507 686 ἐραστοῦ,
1532 652 1578 679 ὅτε
1593 652 1684 687 λέγει·
1705 654 1754 688 Ὧς
1776 655 1855 682 ἀπο-

1056 694 1259 729 θνήσκοντες,
1274 696 1324 723 καὶ
1341 696 1405 723 ἰδοὺ
1432 696 1536 731 ζῶμεν.
1550 698 1706 734 Τολμητέον
1724 700 1780 736 γὰρ
1806 701 1855 728 καὶ

1056 741 1135 768 τοῦτο
1155 742 1192 774 ὠς
1210 742 1337 778 ἀληθινὸν
1360 743 1448 769 εἰπεῖν
1470 743 1511 770 ὅτι
1529 744 1576 770 καὶ
1588 745 1668 778 αὐτὺς
1685 746 1699 772 ό
1713 746 1768 772 τῶν
1783 747 1855 774 ὅλων

1056 787 1122 820 Θεὸς
1142 788 1335 825 δι’ὑπερίῖολὴν
1354 789 1538 825 ἀγαθότητος,
1557 790 1610 824 ἔξω
1625 792 1721 818 ἑαυτοῦ
1749 793 1855 827 γίνεται

1056 836 1115 866 ταῖς
1130 835 1170 867 εἰς
1185 835 1219 861 τὰ
1235 835 1300 863 ὄντα
1316 837 1458 872 προνοίαις
1469 858 1476 869 ,
1491 837 1538 864 καὶ
1556 835 1613 864 οἷον
1634 837 1758 872 θέλγεται
1773 839 1803 865 ὲν
1819 840 1854 874 τῇ

1056 882 1170 918 τοιαύτῃ
1191 882 1341 918 ἀγαθότητι
1351 892 1358 898 ·
1368 883 1441 917 λέγει
1460 883 1515 919 γάρ
1525 892 1531 898 ·
1544 883 1636 910 Καὶτί
1647 883 1734 916 θέλω,
1757 885 1782 911 εὶ
1793 884 1853 918 ἤδη

210 930 240 953 ut
255 927 464 954 accendatur"?
485 927 517 953 Et
535 935 595 967 cum
612 928 647 954 sit
661 935 693 955 ex
707 929 834 956 omnibus
848 935 1001 964 exemptus,

1056 928 1176 962 ἀναφθῇ
1187 937 1196 960 ;
1212 930 1266 956 Καὶ
1282 930 1314 956 ὲκ
1333 929 1380 956 τοῦ
1398 930 1469 966 ὑπὲρ
1483 931 1572 957 πάντα
1587 930 1757 966 ὲξῃρημένου
1772 932 1855 958 ἀνεκ-

210 974 245 1000 ad
273 974 363 1000 omnia
392 973 552 1004 deducitur,
575 974 646 1000 unde
666 974 748 1001 etiam
767 974 886 1002 Zelolcm
914 976 1002 1010 ipsqu

211 1020 358 1054 appellant,
381 1025 411 1046 ut
426 1020 471 1054 qui
494 1021 608 1047 Inuitum
628 1020 653 1047 in
669 1021 769 1048 divinis
781 1022 864 1049 rebus
879 1029 1003 1050 amorem

207 1066 348 1098 ostendat,
361 1070 389 1093 et
403 1065 480 1100 quasi
496 1065 529 1092 ad
545 1065 587 1091 sui
607 1065 775 1093 desiderium
793 1067 1003 1102 excitet-,quod-

210 1120 263 1146 quc
277 1112 321 1139 illa
337 1119 396 1147 qua:
419 1112 453 1139 ab
474 1113 533 1147 ipso
547 1113 740 1141 desiderantur
755 1120 787 1140 ac
809 1118 1002 1147 prorurantur,

208 1159 385 1187 aemulatione
401 1160 482 1194 digna
494 1161 552 1187 sint
567 1164 594 1187 et
611 1160 701 1188 beata.
720 1159 775 1187 Nisi
793 1161 864 1186 enim
879 1160 943 1186 talia
959 1167 1004 1187 es-

209 1210 282 1237 sent,
298 1213 471 1240 nequaquam
493 1206 689 1242 indignaretur
703 1207 774 1241 quod
794 1207 829 1234 ab
843 1207 901 1241 ipso
916 1206 1002 1234 decli-

208 1255 292 1284 nent,
313 1255 340 1278 et
365 1252 426 1280 aliis
445 1259 475 1280 se
499 1253 660 1289 adjungant.
689 1253 723 1280 Et
738 1254 904 1283 universim.
927 1261 1004 1281 amor

209 1295 315 1330 pulchri
338 1301 394 1329 est;
416 1305 479 1324 cum
503 1299 575 1325 enim
595 1299 709 1334 pulcher
742 1300 788 1332 sit,
813 1304 887 1327 amat
911 1300 1004 1327 istius-

210 1343 282 1369 modi
298 1343 454 1378 pulchrum.
468 1349 494 1371 et
509 1345 535 1371 in
552 1345 667 1380 pulchro
682 1350 784 1377 manet,
801 1350 828 1373 et
842 1345 1003 1373 diﬂ'unditur

208 1391 405 1416 consumendo.
424 1389 564 1424 Siquidem
579 1398 688 1418 amores
707 1399 866 1426 corporum,
881 1400 942 1419 ctnu
960 1401 1004 1420 re-

209 1441 270 1460 rum
297 1434 354 1461 sint
375 1434 520 1466 ﬂuxarum,
540 1443 592 1462 non
614 1443 694 1463 secus
715 1445 747 1464 ac
768 1438 843 1464 verni
861 1438 942 1465 ﬂores
957 1439 1004 1465 de-

209 1479 310 1513 ﬂuunt;
330 1488 438 1508 amores
463 1489 527 1508 vero
558 1481 643 1508 divini
669 1490 817 1518 rerumque
835 1484 1001 1516 divinarum,

211 1530 339 1560 tanquam
358 1529 592 1561 permanentium,
607 1528 658 1564 ipsi
675 1537 784 1564 quoque
798 1535 960 1564 permanent
975 1531 1000 1558 in

209 1580 366 1607 possessore
380 1582 440 1607 suo,
453 1579 480 1601 et
494 1575 599 1608 pulchri
608 1583 690 1603 causa
705 1576 858 1610 exsistunt;
871 1577 1000 1612 quoniam

207 1626 287 1646 amor
304 1619 350 1647 ille
365 1625 408 1647 est
428 1621 461 1647 ad
486 1627 575 1648 amata
589 1622 798 1650 condecoranda
808 1642 816 1657 ,
830 1630 899 1651 neve
914 1628 1000 1651 mate-

209 1665 256 1692 rize
272 1665 389 1693 colluvie
403 1671 634 1701 conspurcentur.

245 1712 341 1748 §XIV.
363 1713 467 1746 Qtnerit
502 1714 547 1742 hic
569 1715 670 1749 etiam,
697 1715 791 1750 utquid
819 1715 935 1752 theologi
952 1716 1002 1744 ali-

208 1759 317 1793 quando
331 1761 440 1794 quidem
467 1768 589 1788 amorem
612 1768 643 1788 ac
659 1761 854 1795 dilectionem,
879 1763 1002 1797 quando-

207 1813 262 1840 que
280 1813 344 1833 vero
367 1807 513 1834 amabilem
540 1816 572 1835 ac
597 1808 757 1843 diligibilem
783 1808 886 1836 dicant.
910 1809 943 1836 Et
963 1817 1002 1836 re-

208 1850 316 1880 solvens
336 1853 531 1888 quaestionem,
549 1854 603 1886 ait,
626 1855 698 1889 quod
723 1855 851 1890 Quidem,
869 1860 1001 1890 tanquam

207 1903 308 1925 auctor
323 1905 356 1926 ac
371 1899 480 1933 genitor
497 1900 599 1927 amoris
615 1900 718 1932 divini,
731 1908 809 1928 amor
826 1901 999 1936 appelletur;

208 1945 235 1972 in
248 1949 382 1979 quantum
398 1952 464 1973 vero
478 1945 536 1980 ipse
551 1950 595 1973 est
613 1945 640 1972 id
658 1946 730 1980 quod
746 1950 866 1977 amatur,
877 1946 1002 1973 amabilis

208 1991 334 2023 dicatur;
348 1996 374 2018 et
389 1991 540 2018 secundum
557 1992 622 2019 illud
639 1992 749 2027 quidem
765 1997 890 2019 movetur
902 1992 935 2019 ad
949 1993 1001 2019 alia

206 2038 337 2070 amanda,
349 2038 499 2066 secundum
516 2039 567 2066 hoc
583 2047 648 2066 vero
665 2043 754 2066 movet
768 2038 818 2065 alia
833 2039 866 2066 ad
879 2046 1001 2065 amorum

207 2091 300 2112 suum.
319 2084 366 2112 Vel
383 2085 509 2112 amabilis
526 2085 638 2118 dicitur,
662 2084 725 2120 quia
738 2085 794 2111 vim
814 2085 898 2111 habet
913 2084 1002 2111 addu-

207 2131 286 2158 cendi
310 2139 342 2158 ac
364 2132 491 2159 movendi
518 2131 552 2158 ad
575 2132 736 2158 amatorium
756 2131 782 2158 iu
809 2132 910 2166 spiritu
935 2139 1002 2159 con-

206 2177 389 2211 iunctionem,
406 2178 432 2205 id
447 2183 488 2205 est
500 2178 572 2212 quod
590 2177 671 2212 hujus
697 2178 832 2205 mediator
843 2183 870 2205 et
888 2178 1002 2213 ipsemet

208 2224 372 2251 conciliator
388 2224 424 2251 sit
447 2225 566 2256 amoris,
583 2232 637 2259 quo
661 2232 675 2251 a
701 2225 757 2252 suis
785 2225 921 2252 creaturis
938 2226 1002 2251 ada-

1055 976 1191 1010 ιροιτήτως
1205 976 1251 1002 ἐπὶ
1267 976 1355 1002 πάντα
1369 978 1520 1011 κατάγεται
1530 986 1536 992 “
1547 977 1587 1004 διὸ
1602 979 1650 1005 καὶ
1662 977 1792 1014 Ζηλωτὴν
1808 978 1855 1004 αὒ-

1053 1018 1100 1044 τὸν
1114 1019 1244 1046 καλοῦσιν
1253 1040 1260 1050 .
1280 1020 1318 1052 ὡς
1333 1020 1400 1048 πολὺ
1422 1021 1619 1049 ἀποδεικνύντα
1629 1023 1675 1049 τὸν
1685 1024 1726 1054 εἰς
1739 1024 1774 1049 τὰ
1792 1023 1854 1049 οεῖα

1054 1062 1161 1098 ἔρωτα,
1185 1065 1231 1091 καὶ
1245 1064 1282 1096 ὡς
1299 1065 1465 1102 διεγερτικδν
1485 1067 1534 1102 τῆς
1557 1067 1677 1102 ἐφέσεως
1693 1068 1787 1100 αὑτοῦ,
1805 1068 1854 1094 καὶ

1054 1110 1095 1136 ὅτι
1111 1110 1144 1137 τὰ
1163 1111 1296 1146 ἐφιέμενα
1309 1112 1355 1138 καὶ
1367 1113 1554 1149 προνοούμενα
1570 1114 1636 1150 παρ’
1648 1114 1730 1141 αὐτοῦ
1743 1114 1853 1150 ζηλωτὰ

1054 1157 1101 1182 καὶ
1117 1157 1240 1192 μακάρια
1255 1159 1333 1185 εἰσιν.
1350 1159 1381 1185 Εἰ
1399 1159 1454 1195 γὰρ
1470 1159 1507 1195 μὴ
1524 1158 1593 1196 ἦσαν
1607 1160 1728 1192 τοιαῦτα,
1746 1161 1798 1187 οὐκ
1819 1161 1853 1188 ἂν

1053 1202 1215 1238 ἐζηλοτύπει
1234 1204 1303 1240 πρὸς
1318 1204 1404 1234 ταῦτα
1415 1226 1422 1237 ,
1436 1206 1478 1232 ὅτι
1494 1206 1663 1233 ἐκκλίνουσιν
1683 1207 1766 1233 αὑτοῦ
1778 1227 1785 1239 ,
1805 1207 1854 1234 καὶ

1054 1248 1144 1280 ἄλλοις
1161 1250 1361 1285 προστίθενται.
1384 1251 1439 1278 Καὶ
1460 1252 1528 1284 ὅλως
1540 1273 1547 1284 ,
1572 1253 1586 1279 ὁ
1604 1252 1674 1288 ἔρως
1692 1252 1742 1279 τοῦ
1766 1252 1852 1280 καλοῦ

1054 1296 1111 1322 ἐστι
1124 1304 1130 1310 ·
1148 1295 1228 1328 καλὸς
1239 1297 1294 1332 γὰρ
1307 1296 1344 1323 ῶν
1353 1318 1359 1329 ,
1374 1298 1424 1333 ἐρᾷ
1436 1298 1483 1324 τοῦ
1506 1298 1626 1325 τοιούτου
1644 1298 1727 1325 καλοῦ
1737 1319 1745 1331 ,
1760 1298 1808 1325 καὶ
1822 1299 1853 1326 ὲν

1053 1341 1091 1376 τῷ
1104 1341 1179 1377 καλῷ
1201 1342 1275 1378 μένει
1294 1343 1340 1369 καὶ
1352 1343 1509 1379 διακέχυται
1526 1343 1729 1380 δαπανώμενος.
1750 1345 1782 1371 Οί
1795 1344 1852 1381 γὰρ

1055 1388 1190 1423 σωμάτων
1201 1388 1312 1424 ἔρωτες,
1325 1390 1418 1425 ἐπειδὴ
1432 1390 1548 1426 ῥεόντων
1564 1391 1645 1422 εἰσὶν,
1666 1390 1712 1417 ῐσα
1727 1391 1774 1418 καὶ
1788 1391 1853 1427 ἠρι-

1053 1434 1108 1465 vni;
1123 1434 1293 1470 διαρρέουσιν
1307 1435 1414 1462 ἄνθεσιν
1424 1445 1430 1450 ·
1449 1437 1473 1462 οί
1495 1436 1523 1462 δὲ
1545 1436 1611 1463 θεῖοι
1626 1437 1672 1463 καὶ
1686 1436 1740 1463 τῶν
1756 1437 1850 1470 οείων,

1052 1479 1090 1511 ὡς
1108 1480 1244 1515 μενόντων
1263 1481 1377 1513 τούτων,
1397 1490 1411 1508 ο
1431 1491 1469 1508 τω
1482 1482 1601 1508 κάκεῖνοι
1621 1482 1750 1518 μένουσιν
1764 1483 1793 1509 ὲν
1810 1482 1852 1519 τῲ

1052 1525 1151 1562 ἔχοντι,
1172 1528 1218 1554 καὶ
1228 1527 1272 1555 διὰ
1282 1527 1313 1555 τὺ
1324 1528 1405 1555 καλὸν
1416 1529 1534 1563 γίνονται
1546 1538 1552 1544 ·
1564 1529 1608 1555 ἵνα
1621 1529 1676 1565 γέιρ
1689 1529 1851 1567 καλλοποιη-

1053 1572 1121 1599 ϐῶσι
1142 1573 1176 1600 τὰ
1200 1573 1344 1610 ὲρώμενα,
1364 1576 1411 1602 καὶ
1431 1575 1468 1611 μὴ
1487 1575 1713 1611 ἐμπεριληφοῶσι
1736 1575 1775 1612 τῷ
1797 1576 1850 1612 τῆς

1014 1603 1036 1633 C
1054 1618 1121 1656 ὕλης
1135 1603 1234 1656 αἴσχει,
1274 1603 1343 1657 ἔρως
1358 1603 1470 1655 γίνεταιί

1090 1715 1104 1751 §
1120 1714 1190 1742 XIV.
1218 1715 1359 1743 Ἐντεῦθεν
1378 1717 1495 1752 ἀπορεῖ,
1521 1716 1568 1743 καὶ
1583 1716 1610 1742 τί
1628 1716 1727 1752 δήποτε
1745 1715 1770 1742 οξ
1787 1714 1849 1741 θεο-

1051 1761 1129 1796 λόγοι
1141 1762 1206 1790 me
1218 1762 1268 1798 μὲν
1280 1761 1370 1798 ἔρωτα
1382 1763 1428 1789 καὶ
1437 1762 1548 1798 ἀγάπην
1560 1762 1641 1789 αὑτὸν
1651 1761 1771 1796 λέγουσι,
1785 1761 1850 1788 ποτὲ

1052 1808 1080 1834 δὲ
1098 1808 1210 1844 ὲραστὸν
1225 1808 1272 1834 καί⁴
1288 1808 1437 1844 ἀγαπητόν.
1461 1809 1516 1836 Καὶ
1531 1808 1601 1834 λύων
1624 1808 1715 1842 λέγει,
1737 1808 1794 1840 ὅτι,
1811 1808 1850 1840 ὡς

1055 1853 1105 1889 μὲν
1122 1853 1208 1886 αἴτιος
1223 1854 1271 1880 καὶ
1283 1854 1423 1890 γεννήτωρ
1436 1854 1482 1881 τοῦ
1496 1854 1569 1880 ϐείου
1586 1853 1703 1889 ἔρωτος,
1719 1853 1789 1887 ἔρως
1803 1853 1849 1880 λέ-

1053 1908 1146 1934 γεται·
1159 1899 1196 1931 ὡς
1213 1899 1241 1926 δὲ
1259 1899 1340 1931 αὐτὸς
1354 1899 1392 1926 ὢν
1402 1899 1432 1926 τὸ
1446 1899 1572 1936 ὲραστδν,
1590 1899 1704 1935 ὲραοτὸν
1720 1899 1850 1933 λέγεται,

1053 1946 1100 1972 καὶ
1111 1946 1169 1972 κατ’
1183 1947 1272 1972 ὲκεῖνο
1293 1945 1344 1980 μὲν
1367 1947 1480 1973 κινεῖται
1496 1947 1535 1978 είς
1549 1946 1580 1973 τὸ
1594 1946 1648 1973 τῶν
1664 1946 1752 1973 ἄλλων
1770 1947 1848 1982 ὲρᾷν,

1053 1991 1124 2017 κατὰ
1146 1991 1227 2017 τοῦτο
1249 1991 1278 2018 δὲ
1299 1992 1370 2018 κινεῖ
1388 1991 1421 2018 τὰ
1437 1992 1504 2019 ἄλλα
1521 1993 1561 2024 είς
1577 1992 1607 2018 τὸ
1621 1993 1687 2028 ὲρᾷν
1702 1992 1797 2019 αὑτοῦ.
1813 1993 1850 2019 Ἣ

1053 2037 1167 2073 ὲραστὸν
1181 2037 1307 2072 λέγεται,
1321 2037 1387 2065 διότι
1410 2039 1601 2074 προαγωγικὸν
1612 2059 1618 2070 ,
1642 2040 1689 2066 καὶ
1706 2039 1851 2075 κινητικὸν

1053 2082 1150 2109 ἑαυτοῦ
1166 2083 1223 2110 ἐστι
1241 2083 1309 2119 πρὸς
1324 2084 1458 2120 ἐρωτικὴν
1481 2085 1626 2118 συνάψειαν
1644 2085 1692 2120 τὴν
1709 2086 1739 2111 ὲν
1762 2085 1850 2112 πνεύ-

1054 2137 1130 2165 ματι,
1148 2130 1272 2156 τουτέστι
1287 2130 1399 2166 μεσίτης
1410 2131 1521 2166 ταύτης,
1536 2131 1583 2158 καὶ
1595 2131 1662 2167 πρὸς
1675 2131 1773 2158 ἑαυτὸν
1786 2140 1850 2158 συν-

1053 2176 1192 2211 αρμοστής
1213 2177 1271 2202 ἐστι
1294 2175 1342 2203 τοῦ
1366 2177 1481 2212 ἐρᾶσθαι
1506 2177 1587 2204 αὐτὸν
1617 2177 1670 2204 ὑπὸ
1693 2177 1747 2204 τῶν
1773 2178 1850 2217 ἰδίων

1053 2222 1223 2258 ποιημάτων.
1236 2223 1384 2259 Κινητικὺν
1398 2223 1426 2250 δέ
1443 2232 1538 2259 φησιν,
1552 2224 1589 2256 ὡς
1601 2224 1728 2251 κινοῦντα
1741 2225 1849 2251 ἕκαστα

209 2276 311 2298 luatur.
331 2271 402 2298 Dicit
426 2277 517 2298 autem
539 2271 641 2298 habere
658 2272 712 2298 vim
737 2271 881 2302 movendi,
908 2276 936 2298 ut
953 2271 999 2306 qui

1054 2269 1124 2295 κατὰ
1137 2268 1182 2295 τὸν
1194 2270 1294 2296 οἰκεῖον
1309 2270 1386 2304 λόγον
1401 2270 1468 2306 πρὸς
1480 2271 1562 2298 αὑτὸν
1577 2271 1800 2307 ἐπιστρέφεσθαι.
1811 2272 1849 2298 Τὸ

207 2317 316 2352 singula
345 2323 454 2344 moveat
470 2318 618 2345 secundum
636 2317 775 2351 propriam
797 2318 948 2349 rationem,
970 2323 1001 2345 ut

209 2364 244 2390 ad
267 2363 356 2398 ipsum
379 2368 588 2392 convertantur.
615 2362 703 2391 Porro
727 2371 825 2392 nomen
851 2365 916 2392 illud
937 2372 999 2399 pro-

209 2409 346 2437 ductionis
368 2416 416 2436 seu
442 2410 662 2443 prostitutiouis,
689 2410 741 2437 etsi
771 2410 842 2444 apud
870 2410 1000 2444 profanus

209 2464 266 2483 rem
284 2456 417 2490 impuram
433 2455 581 2489 signiﬁcet.
595 2455 676 2491 $02
692 2461 880 2483 verumtamen
903 2456 947 2482 hic
964 2457 1002 2482 di-

208 2505 246 2530 cit
261 2503 486 2530 iutcrcessionem
499 2502 715 2529 conciliatricem
731 2502 840 2529 unionis
852 2510 915 2529 cum
933 2502 998 2534 Deo,

208 2553 236 2575 et
257 2548 307 2575 hoc
332 2549 411 2575 modo
437 2548 547 2582 quidem
565 2547 691 2575 amabilis
705 2548 824 2581 dicitur;
842 2555 919 2575 amor
935 2555 1000 2575 vero

209 2602 304 2622 rursus
317 2599 345 2621 et
357 2594 478 2626 dilectio,
499 2599 629 2630 tauquam
643 2595 684 2622 vis
706 2595 816 2625 ntotrix.
843 2599 870 2622 et
888 2602 997 2622 sursum

209 2641 243 2668 ad
262 2648 292 2668 se
310 2641 421 2667 trahens
447 2641 511 2668 illud
531 2641 603 2675 quod
625 2640 713 2667 solum
736 2646 763 2667 et
783 2648 830 2675 per
851 2648 880 2667 se
898 2641 998 2667 bonum

209 2692 265 2719 est,
283 2687 394 2722 etquod
409 2688 466 2722 ipse
480 2687 515 2714 sit
530 2687 716 2714 manilestatio
730 2695 771 2714 sm
789 2686 874 2721 ipsius
890 2694 939 2721 per
954 2695 999 2714 se-

209 2736 308 2770 ipsum,
327 2734 400 2761 nullo
414 2735 468 2762 alio
493 2735 642 2767 mediante,
658 2743 708 2762 nec
722 2735 831 2761 aliunde
844 2742 936 2761 amore
949 2733 998 2761 ali-

208 2788 264 2816 quo
291 2779 470 2813 adveniente,
493 2781 544 2808 nisi
566 2790 580 2807 a
606 2789 636 2808 se
660 2781 718 2815 ipso
741 2781 767 2807 in
792 2780 926 2814 seipsum;
945 2779 998 2806 tale

209 2827 283 2854 enim
303 2831 345 2854 est
365 2827 389 2854 id
413 2827 485 2861 quod
508 2835 556 2863 per
578 2835 608 2856 se
634 2828 777 2863 pulchrum
791 2832 842 2855 est.
860 2827 995 2860 Quemad-

288 2916 295 2933 ι
316 2914 410 2950 Calui,
424 2916 468 2944 20.

515 2926 527 2940 ιι
545 2919 641 2948 llCor.
661 2925 696 2950 vt,
711 2917 738 2946 9.
779 2923 790 2937 "
807 2917 872 2946 Luc.
893 2926 945 2951 xtl,
978 2918 1002 2944 9.

1051 2315 1080 2341 δὲ
1094 2315 1145 2349 τῆς
1165 2317 1356 2351 προαγωγείας
1372 2316 1468 2352 ὄνομα,
1484 2318 1509 2343 εί
1521 2318 1568 2344 καὶ
1580 2317 1656 2353 παρὰ
1668 2319 1726 2349 τοῖς
1745 2317 1849 2350 ἔξωθεν

1052 2362 1167 2397 πρᾶγμα
1185 2362 1312 2398 σημαίνει
1324 2363 1374 2389 οὐκ
1387 2363 1495 2397 εὐαγὲς,
1508 2363 1565 2390 ἀλλ’
1577 2363 1694 2390 ἐνταῦθα
1707 2363 1757 2400 τὴν
1779 2364 1849 2400 πρό-

1053 2407 1128 2439 ξενον
1140 2407 1190 2442 τῆς
1209 2409 1238 2434 ὲν
1250 2407 1309 2443 Θεῷ
1331 2408 1454 2441 ὲνώσεως
1469 2409 1608 2444 μεσιτείαν
1621 2410 1698 2444 φησὶ,
1713 2410 1760 2436 καὶ
1773 2409 1847 2436 οὕτω

1053 2454 1102 2488 μὲν
1114 2453 1229 2489 ὲραστὺν
1246 2453 1355 2488 λέγεται
1365 2463 1371 2469 ·
1389 2454 1465 2498 ἐρῶς’
1478 2455 1506 2481 δὲ
1518 2454 1598 2482 πάλιν
1613 2455 1660 2482 καὶ
1675 2456 1769 2490 ἀγάπη
1780 2477 1787 2487 ,
1806 2456 1846 2488 ὡς

1052 2501 1178 2536 κινητική
1192 2510 1234 2533 τις
1248 2500 1362 2535 δύναμις
1380 2501 1421 2535 ἐφ’
1446 2501 1545 2537 ἑαυτὴν
1560 2501 1698 2535 ἀνάγουσα
1714 2502 1745 2528 τὸ
1764 2503 1847 2537 μόνον

1052 2546 1099 2572 καὶ
1119 2547 1154 2573 δι’
1169 2548 1249 2573 ἑαυτὸ
1262 2548 1377 2581 ἀγαθὸν,
1400 2548 1446 2574 καὶ
1462 2548 1503 2574 ὅτι
1522 2547 1653 2582 ἕκφανσίς
1669 2549 1743 2574 ἐστιν
1763 2548 1849 2581 αὐτὸς

1051 2594 1148 2620 ἑαυτοῦ
1160 2594 1193 2620 δι’
1210 2594 1305 2620 ἑαυτοῦ
1318 2615 1325 2626 ,
1341 2594 1391 2621 οὑκ
1410 2594 1490 2621 ἄλλου
1508 2594 1703 2630 μεσιτεύοντος,
1719 2594 1779 2621 οὐδὲ
1800 2595 1849 2622 ἆλ-

1052 2639 1128 2666 λοθεν
1147 2641 1332 2676 ἐπερχομένου
1349 2640 1396 2667 τοῦ
1416 2641 1533 2676 ἔρωτος,
1556 2640 1612 2667 ἀλλ’
1629 2641 1676 2666 ἀπ’
1698 2639 1780 2666 αὑτοῦ
1809 2641 1849 2671 εἰς

1052 2686 1132 2712 αὐτόν
1143 2694 1149 2700 '
1169 2687 1289 2712 τοιοῦτον
1301 2686 1355 2721 γὰρ
1366 2687 1396 2713 τὸ
1414 2687 1447 2712 δι’
1464 2687 1543 2712 ἑαυτὸ
1557 2685 1647 2712 καλόν.
1663 2686 1768 2721 ’Ὠσπερ
1793 2684 1849 2719 γὰρ

1051 2733 1158 2768 ἐρῶμεν
1172 2734 1222 2769 τῆς
1236 2733 1283 2760 τοῦ
1299 2734 1406 2769 μέλιτος
1422 2732 1599 2768 γλυκύτητος,
1615 2733 1666 2758 οὐκ
1678 2731 1788 2758 ἄλλοθεν
1806 2740 1847 2757 κι-

1050 2781 1175 2816 νούμενοι
1190 2783 1214 2809 εἰ
1229 2782 1265 2818 μὴ
1280 2782 1345 2817 παρ’
1359 2782 1452 2813 αὐτοῦ,
1465 2782 1512 2809 καὶ
1527 2782 1556 2807 οὺ
1570 2781 1604 2807 δι’
1615 2779 1679 2806 ἄλλο
1693 2780 1716 2805 εἰ
1729 2778 1766 2814 μὴ
1778 2781 1836 2804 κατ

1050 2825 1135 2861 αὐτὴν
1169 2827 1218 2863 τὴν
1234 2827 1405 2863 γλυκύτητα·
1421 2828 1468 2854 καὶ⁴
1485 2826 1528 2854 διὰ
1549 2825 1628 2852 τοῦτο
1645 2823 1840 2858 ἁνεξάγγελτάς
