1938 3065
112 147 165 175 777

396 147 440 174 DE
458 147 585 175 DlVlNlS
601 146 801 178 NOMINIBUS,
818 146 896 175 CAP.
914 147 960 175 IV.
971 162 1006 167 —
1023 146 1197 175 PARAPIIR.
1215 147 1452 176 PACHYMERE.

1694 149 1744 178 778

112 206 186 233 ἐστιν
200 207 217 241 ἠ
232 205 369 241 γλυκύτης
383 207 441 237 τοῖς
453 205 596 240 ἀγνοοῦσιν
606 212 613 220 ’
627 205 652 231 εἰ
665 204 720 240 γὰρ
734 205 799 240 παρ’
815 204 903 231 ἄλλων

962 204 1071 230 modum
1095 204 1167 230 enim
1193 203 1281 231 mellis
1314 204 1485 232 dulcedinem
1510 212 1650 238 amamus,
1688 214 1744 234 non

113 253 193 280 τινῶν
208 252 370 288 ἐκινούμεθα
383 253 424 284 εἰς
438 251 528 283 τοῦτο,
543 252 615 286 τάχα
631 250 664 278 ἂν
677 251 710 278 ἐκ
722 250 825 277 τούτων
837 251 905 286 εἴχο-

114 307 166 335 μεν
181 298 268 333 λέγειν
278 307 315 330 τι,
331 299 378 325 καὶ
389 299 414 325 οἱ
427 297 589 332 ἀγνοοῦντες
601 299 634 324 ἐκ
649 297 752 324 τούτων
766 296 902 324 συνίεσαν.

113 344 193 372 Οὕτω
212 344 266 371 νόει
284 345 332 372 καὶ
346 344 393 371 ἐπὶ
412 343 460 370 τοῦ
480 343 552 371 θείου
567 344 615 370 καὶ
630 343 714 375 ὗντως
734 342 903 379 γλυκασμοῦ,

113 390 152 417 ὅτι
168 389 198 422 ἐξ
212 389 294 416 αὐτοῦ
315 391 329 417 6
347 390 432 426 ἔρως·
449 389 497 417 καὶ
510 389 577 416 αὑτό
590 389 649 416 ἐστι
663 389 694 416 τὸ
712 389 837 425 ἐραστὺν,
857 389 905 416 καὶ

113 436 148 464 δι’
163 436 257 468 αὑτοῦ,
274 437 321 463 καὶ
336 435 397 463 καθ’
412 436 547 468 adventui
561 435 591 462 οὺ
607 434 640 462 δι’
656 434 734 462 ἄλλο’
748 434 904 471 ἐξῃρημένη

113 483 171 519 γάρ
187 483 246 509 ἐστι
267 482 376 509 πάντων
392 483 408 518 ἡ
421 481 535 517 τοιαύτη
547 482 662 514 ἕνωσις,
683 480 730 507 καὶ
753 480 826 516 ἁπλῆ
836 501 843 512 ,
859 482 906 508 καὶ

114 528 264 556 ἀπἀὑτοῦ
283 528 331 555 τοῦ
346 527 463 563 ἐραστοῦ
483 527 640 563 κινουμένη.
662 527 796 562 ’Δναρχον
816 526 844 553 δὲ
859 526 907 553 καὶ

114 574 294 609 ἀτελεύτητον
304 574 350 601 τὸν
363 573 434 600 θεῖον
444 573 534 609 ἔρωτα
547 573 631 608 λέγει,
644 572 683 605 ὡς
693 574 727 599 ἐκ
740 572 788 599 τοῦ
803 573 906 607 ἀγαθοῦ

115 620 255 657 προϊόντα,
271 619 319 646 καὶ
333 619 402 655 πρὸς
418 619 448 646 τὸ
461 618 563 653 ἀγαθὸν
577 618 823 654 ὲπαναστρέφοντα·
836 618 907 645 κατὰ

117 666 211 702 σχῆμα
226 665 356 692 κυκλικὸν
375 664 450 700 (ἐπεὶ
467 665 514 691 καὶ
528 665 545 700 ὴ
559 663 606 690 τοῦ
626 663 727 690 κύκλου
742 663 859 700 γραμμὴ
876 664 905 690 οὐ

115 713 255 749 γνώριμον
266 712 326 747 ὕψει
337 711 399 739 ὅθεν
413 710 516 747 ἤρξατο
529 731 537 743 ,
557 710 605 737 καὶ
623 706 654 736 οὗ
673 709 817 745 κατέληξε)
828 717 835 724 '
860 711 908 737 καὶ

116 760 172 797 γὰρ
184 760 213 794 ἐξ
226 758 307 786 αὑτοῦ
320 759 337 795 ἡ
352 757 470 792 τάγαθοῦ
492 757 600 793 ἔφεσις,
617 757 664 783 καὶ
683 757 723 788 εἰς
737 756 804 783 αὐτὸ
828 756 908 784 πάλιν

115 807 178 842 ὁρᾷ,
193 807 222 834 ἐν
236 804 310 840 αὑτῷ
323 804 352 831 δέ
362 804 479 831 ἐστικαὶ
496 803 571 839 μένει
584 802 614 829 τὸ
625 803 691 838 ἐρᾷν
703 802 753 838 τῆς
768 802 908 838 συμφυοῦς

116 851 296 887 ὰγαθότητος,
317 849 365 877 καὶ
374 849 428 876 τῶν
441 849 509 884 πρὸς
520 848 550 875 τὸ
564 847 665 882 ἀγαθὸν
682 848 906 883 ἀνατεινομένων.

956 249 1065 277 aliunde
1092 250 1157 277 moti
1180 257 1262 284 quam
1285 250 1320 277 ab
1351 252 1407 285 ipsa
1424 272 1433 284 ,
1462 259 1512 279 nec
1539 259 1651 288 propter
1672 253 1745 280 aliud

955 303 1039 331 quam
1070 295 1142 323 illam
1183 296 1330 331 ipsammet
1357 297 1546 331 dulcedinem,
1577 305 1745 334 quapropter

956 342 1038 369 etiam
1055 341 1256 376 inexplicabilis
1268 346 1312 370 est
1328 342 1443 371 dulcedo
1459 344 1532 371 illam
1545 345 1743 380 ignorantibus;

956 387 980 416 si
999 388 1074 415 enim
1097 389 1132 415 ab
1155 388 1217 416 aliis
1237 388 1401 423 quibusdam
1427 390 1461 417 ad
1487 390 1539 418 hoc
1558 398 1743 422 moveremnr.

932 443 938 449 ι
957 433 1051 468 utique
1065 441 1099 461 ex
1113 434 1156 462 his
1167 434 1270 470 aliquid
1283 435 1374 462 dicere
1400 443 1558 471 possemus,
1572 438 1643 466 unde
1660 438 1744 466 etiam

959 480 1117 515 ignorantes
1139 487 1346 515 cognoscerem.
1374 481 1421 509 Sic
1439 483 1529 517 cogita
1550 485 1633 511 etiam
1654 485 1680 512 in
1704 485 1747 511 di-

960 528 1022 554 vina
1032 533 1150 561 veraque
1160 526 1302 554 dulcedine
1312 535 1432 554 amorem
1448 535 1480 555 ex
1494 528 1550 564 ipsa
1565 530 1707 560 exsistere,
1719 537 1746 558 ct

959 575 1046 608 ipsam
1063 580 1124 601 esse
1139 573 1285 601 amabilem
1300 582 1362 601 cum
1384 579 1495 609 propter
1513 583 1553 608 se,
1571 581 1625 603 tum
1644 584 1693 611 per
1705 585 1745 610 se,

957 624 985 646 et
1009 626 1061 646 non
1086 625 1200 654 propter
1224 619 1316 653 aliud,
1343 628 1405 647 nam
1435 621 1590 649 istiusmodi
1622 623 1687 650 uuio
1713 623 1747 650 ab

957 666 1085 692 omnibus
1100 670 1225 701 exempta
1242 671 1295 698 est,
1328 671 1356 694 et
1378 668 1505 702 simplex,
1528 672 1556 695 et
1574 668 1607 695 ab
1630 669 1747 704 ipsemet

958 711 1067 738 amabili
1086 715 1170 738 mota.
1198 711 1283 739 Porro
1301 712 1368 739 dicit
1395 719 1514 741 amorem
1539 713 1611 741 hunc
1624 713 1746 742 divinum

958 756 1094 791 principio
1110 757 1217 792 [ineque
1229 765 1334 789 carere,
1351 763 1446 794 utpote
1470 766 1503 786 ex
1522 760 1595 787 bono
1609 760 1748 795 prodeun-

959 807 1012 830 tem
1024 823 1031 836 ,
1043 807 1070 831 et
1086 804 1119 831 ad
1136 804 1236 831 bonum
1252 812 1282 832 se
1297 809 1502 833 convertentem
1513 828 1520 841 ,
1544 808 1694 835 secundum
1713 808 1747 835 ll—

959 857 1055 884 guram
1087 850 1250 877 circularem
1288 851 1534 887 (quemadmodum
1561 862 1649 889 neque
1674 855 1745 882 linea

125 897 238 933 Ἐφεεῆς
249 897 339 932 τίθησι
354 896 402 922 καὶ¹
415 894 567 931 μαρτυρίαν
577 894 632 921 τῶν
647 894 801 930 λεγομένων
815 895 849 921 ἐκ
860 894 907 921 τοῦ

962 895 1056 922 circuli
1076 896 1203 931 cognosci
1216 901 1303 931 potest
1315 898 1388 925 unde
1401 898 1564 934 incteperit‘,
1581 887 1622 928 vel
1639 901 1683 928 ubi
1699 902 1748 928 de-

118 944 193 971 θείου
207 943 348 980 Ἰεροθέου.

962 941 1050 976 sierit)
1063 942 1164 969 etenim
1182 949 1216 969 ex
1229 943 1288 978 ipso
1300 944 1556 979 boniﬂesiderium,
1571 951 1598 974 et
1613 947 1646 974 ad
1659 947 1747 982 ipsum

119 992 218 1018 iterum
245 990 349 1022 tendit;
380 989 407 1016 in
434 987 493 1023 ipso
507 995 573 1015 vero
599 992 640 1014 est
662 991 690 1014 ct
718 992 811 1014 manet
829 995 908 1014 amor
935 993 1041 1022 agnata:
1064 989 1208 1021 bonitatis,
1238 991 1416 1026 omniumque
1436 992 1469 1020 ad
1485 993 1583 1021 bonum
1605 993 1655 1022 hoc
1676 995 1749 1029 aspi-

119 1037 250 1066 rantium.
265 1036 367 1063 Deinde
378 1034 490 1070 apponit
501 1034 583 1061 etiam
600 1034 785 1061 testimonium
801 1041 894 1061 eorum
911 1041 972 1069 quae
985 1034 1058 1062 dicta
1076 1039 1141 1062 sunt
1155 1042 1189 1062 ex
1204 1036 1265 1063 divo
1282 1036 1439 1066 Hierotbeo.

438 1092 592 1126 Ἰεροθέου.

153 1150 234 1188 μιν.
251 1150 412 1186 Ἐπίστησον
423 1149 500 1180 ὅπως
511 1149 526 1175 ὁ
543 1148 630 1184 μέγας
650 1148 778 1183 ’ῐερόθεος
792 1147 826 1175 τὰ
843 1147 908 1183 περὶ

118 1197 166 1225 τοῦ
181 1196 324 1226 ἐπαινετοῦ
338 1196 439 1232 ἔρωτος
452 1196 550 1231 ἄριστα
567 1195 721 1236 φιλρροφεῖ·
738 1195 845 1231 πρῶτον
858 1195 908 1230 μὲν

119 1244 191 1271 θεῖον
209 1243 289 1270 αὺτὸν
303 1242 389 1277 λέγων
398 1262 405 1274 ,
420 1242 514 1277 ἐπειδὴ
531 1242 576 1268 καὶ
589 1241 694 1277 πρῶτον
708 1240 793 1268 αἴτιον
807 1240 908 1277 ἔρωτος

118 1291 134 1316 6
147 1289 212 1321 Θεύς
222 1290 296 1316 ἐστιν
311 1287 488 1325 ἐξῃρημένως
501 1288 548 1314 καὶ
565 1287 702 1319 ἀναιτίως.
714 1287 807 1322 Εἰγὰρ
818 1286 908 1323 ὸὲρως

119 1335 201 1367 αὑτός
213 1335 286 1362 ἐστιν
298 1335 315 1370 ἡ
329 1335 422 1369 ἀγάπη
435 1354 442 1367 ,
454 1334 492 1367 ὼς
503 1335 673 1371 προείρηται,
693 1335 846 1371 γέγραπται
860 1334 889 1361 δέ
899 1343 906 1349 ·

121 1382 186 1408 Ὅτι
201 1383 218 1408 ό
233 1381 304 1414 Θεὸς
317 1380 416 1416 ἀγάπη
428 1381 494 1408 ἐστὶ
504 1401 511 1412 ,
531 1380 652 1416 δηλονότι
668 1381 775 1408 πάντων
788 1380 910 1413 ἐνοποιὺς

120 1426 200 1462 ἔρως,
213 1427 272 1462 ἦτοι
282 1426 377 1462 ἀγάπη
392 1428 407 1454 6
418 1427 484 1460 Θεός
496 1428 580 1454 ἐστιν.
597 1427 716 1453 Ἐκεῖθεν
730 1424 777 1453 οὖν
792 1426 910 1462 μεταϐα-

119 1472 204 1504 τικῶς
216 1473 338 1509 πρόεισιν
352 1473 396 1498 ἐπ’
406 1472 553 1507 ἀγγέλους,
568 1472 630 1499 ὅθεν
650 1472 697 1500 καὶ
707 1471 851 1506 ἀγγελικὸν
865 1471 911 1498 αὑ-

119 1518 167 1545 τόν
183 1526 274 1554 φησιν,
291 1517 355 1544 ἔνθα
368 1517 485 1553 μάλιστα
497 1517 545 1544 καὶ
559 1517 604 1544 τὸν
624 1517 673 1553 τῆς
694 1516 818 1552 ἐνότητος
831 1515 908 1552 εὖροι

1279 1093 1427 1122 Hiemi/cei.

996 1147 1082 1184 §XV.
1109 1148 1230 1177 Observa
1252 1158 1334 1185 quam
1362 1151 1492 1186 praeclare
1518 1159 1631 1187 magnus
1653 1153 1750 1182 llicro~

961 1193 1040 1221 tbeus
1058 1193 1093 1221 de
1117 1194 1245 1222 laudabili
1270 1203 1364 1223 amore
1384 1196 1521 1230 disserat,
1549 1199 1666 1232 primum
1687 1201 1751 1234 qui-

962 1240 1023 1267 dem
1038 1241 1159 1268 divinutn
1182 1242 1270 1276 ipsum
1293 1249 1436 1277 asserens,
1450 1244 1579 1278 quoniam
1606 1245 1677 1273 Deus
1692 1247 1750 1280 ipse

961 1287 1065 1321 primus
1082 1291 1178 1314 auctor
1190 1291 1233 1315 est
1254 1288 1373 1322 amoris,
1392 1288 1472 1324 idque
1493 1297 1543 1324 per
1558 1291 1748 1320 excellentiam

961 1335 989 1358 et
1009 1332 1068 1359 sine
1082 1339 1175 1359 causa.
1199 1331 1227 1359 Si
1241 1333 1313 1360 enim
1329 1340 1408 1360 amor
1434 1334 1492 1369 ipse
1506 1335 1626 1363 charitas
1641 1340 1691 1366 est.
1709 1337 1748 1364 uti

962 1377 1141 1411 praedictum,
1163 1378 1294 1413 scriptum
1321 1379 1357 1406 sit
1380 1385 1493 1408 autem:
1515 1380 1648 1413 Quoniam
1679 1382 1748 1409 Deus

962 1422 1080 1450 charitaa
1093 1428 1130 1450 est
1142 1430 1167 1457 ι,
1185 1424 1212 1451 id
1227 1429 1269 1452 est
1282 1432 1361 1452 amor
1373 1425 1495 1453 omnium
1509 1427 1642 1460 unilicus,
1657 1429 1750 1464 utique

962 1469 1083 1497 cliaritas
1099 1470 1169 1498 Deus
1191 1474 1242 1498 est.
1264 1470 1367 1498 lstltinc
1387 1472 1469 1506 igitur
1483 1480 1532 1507 per
1553 1476 1750 1509 transgressio-

962 1522 1025 1542 nem
1048 1516 1221 1551 progreditur
1237 1516 1272 1544 ad
1293 1517 1422 1552 angelos,
1439 1518 1511 1546 unde
1535 1519 1622 1553 ipsum
1641 1527 1749 1555 quoque

118 1572 163 1596 τις
176 1563 209 1590 ἂν
222 1563 310 1600 ἔρωτα
325 1563 396 1590 θεῖον
405 1571 412 1578 ο
428 1563 504 1590 οὐδὲν
519 1562 574 1599 γὰρ
588 1562 752 1598 ἀσύμφωνον
765 1562 782 1598 ἢ
800 1561 908 1589 στασιά-

962 1561 1114 1595 angelicum
1127 1562 1211 1596 dicit,
1222 1563 1266 1590 tibi
1280 1564 1399 1591 maxime
1416 1564 1477 1599 quis
1494 1566 1610 1600 reperiat
1625 1566 1748 1594 divinum

121 1611 167 1643 ζον
183 1611 241 1637 ἐστὶ
254 1610 319 1646 παρ’
333 1610 434 1642 αὐτοῖς.
455 1608 522 1637 Εἶτα
538 1609 596 1645 μετ’
611 1608 742 1644 ἀγγέλους
755 1609 802 1636 καὶ
820 1608 912 1644 νοερόν

121 1665 205 1692 φησιν
217 1657 316 1693 ἔρωτα,
336 1656 460 1683 τουτέστι
474 1656 549 1692 παρὰ
566 1655 650 1688 θείοις
663 1655 777 1691 ἀνδράσι
790 1655 847 1687 τοῖς
860 1654 912 1689 τῆς

127 1702 290 1738 Ἐκκλησεας
297 1702 407 1738 δηλαδὴ,
414 1702 483 1737 πρὸς
495 1701 543 1733 οὓς
552 1701 567 1727 6
580 1701 685 1732 Παῦλός
695 1707 788 1736 φησιν·
798 1700 864 1726 Ἵνα
878 1698 912 1726 τὸ

119 1749 195 1777 αὐτὸ
205 1748 320 1784 λέγητε·
336 1749 383 1775 καὶ
395 1748 409 1775 6
422 1747 526 1783 Κύριος
537 1755 544 1762 ·
559 1747 625 1774 Ἵνα
637 1746 713 1773 ὦσιν
725 1745 770 1774 ἔν.
784 1743 851 1772 Εἶτα
865 1744 913 1771 καὶ

121 1794 198 1830 παρὰ
208 1795 264 1826 τοῖς
277 1793 368 1826 ἄλλοις
383 1793 538 1830 ἀνθρώποις
548 1813 555 1824 ,
567 1793 596 1819 ἐν
609 1789 649 1824 οἷς
661 1793 675 1819 6
688 1791 752 1828 περὶ
767 1790 857 1826 φιλίας
869 1789 912 1816 λό-

121 1848 170 1874 γος
193 1839 267 1866 ἐιιτι⁸
282 1839 328 1866 τὸν
347 1838 402 1875 γὰρ
420 1838 490 1865 κατὰ
511 1838 562 1870 τὰς
580 1836 692 1872 λογικὰς
712 1835 804 1871 ψυχὰς
822 1835 912 1871 ἔρωτα

121 1884 213 1920 νοερὸν
227 1882 298 1917 εἶπε,
317 1883 432 1919 ψυχικὸν
444 1883 473 1910 δέ
484 1882 615 1909 ἐκάλεσεν
629 1881 718 1918 ἔρωτα
729 1880 774 1907 τὸν
785 1881 839 1907 τῶν
851 1880 912 1907 ἀλό-

119 1938 187 1965 γων.
208 1930 255 1956 Ἐκ
275 1929 330 1966 γὰρ
350 1930 400 1965 τῆς
420 1929 555 1965 ἐρωτικῆς
577 1927 678 1963 ταύτης
700 1927 842 1962 δυνάμεως
865 1927 912 1953 καὶ

121 1975 212 2011 πτηνὰ
225 1976 355 2012 ἀγεληδὸν
370 1976 498 2003 ἵπτανται
507 1996 514 2008 ,
527 1974 574 2003 καὶ
588 1974 670 2008 πεζὰ,
685 1974 732 2001 καὶ
747 1973 834 2009 νηκτὰ
849 1983 907 2001 συν-

120 2022 258 2058 νέμονται.
271 2022 386 2049 Φυσικὸν
399 2021 488 2058 ἔρωτά
502 2030 569 2058 φησι
579 2021 624 2047 τὸν
650 2020 705 2047 τῶν
716 2020 846 2056 ἐμψύχων
866 2021 913 2046 καὶ

120 2068 300 2105 ἀναισθήτων,
317 2069 364 2095 καὶ
377 2068 450 2101 ἰδίως
465 2067 519 2095 τῶν
533 2067 703 2103 ἀναισθήτων
716 2065 788 2093 κατὰ
801 2066 851 2102 τὴν
864 2065 912 2093 ἐκ·

120 2116 200 2153 τικὴν
213 2115 419 2152 ἐπιτηδειότητα
437 2114 563 2151 ἐρώντων
582 2114 630 2140 τοῦ
648 2112 815 2149 δημιουργοῦ
825 2111 869 2139 διὰ
881 2112 912 2139 τὸ

121 2162 168 2188 ὑπ’
192 2161 274 2189 αὐτοῦ
286 2161 462 2189 συνεστάναι·
478 2161 549 2188 κατὰ
559 2159 614 2196 γὰρ
629 2159 679 2195 τὴν
690 2158 808 2194 φυσικὴν
821 2157 912 2185 αὐτῶν

120 2207 239 2244 κίνησιν,
254 2208 302 2236 καὶ
315 2209 386 2236 αὐτὰ
401 2208 469 2244 πρὸς
485 2208 531 2234 τὸν
545 2207 611 2233 Θεὸν
627 2206 826 2242 ἐπέστραπται.

963 1607 1038 1634 ἰΙΙυιη
1065 1615 1188 1636 amorem
1215 1609 1346 1643 unitatis;
1382 1611 1449 1638 nihil
1474 1612 1546 1638 enim
1581 1613 1651 1646 apud
1676 1613 1749 1648 ipsus

963 1653 1102 1681 dissonum
1115 1659 1164 1682 aut
1178 1655 1349 1684 seditiosum.
1365 1655 1470 1684 Deinde
1487 1662 1549 1691 post
1567 1658 1690 1693 angelos.
1705 1659 1748 1686 in-

963 1699 1130 1734 telligentem
1153 1707 1262 1735 quoque
1279 1708 1400 1728 amorem
1416 1707 1634 1736 commemorat,
1658 1703 1685 1730 id
1707 1708 1750 1731 est

963 1745 1008 1780 qui
1024 1745 1090 1773 insit
1102 1746 1168 1773 virls
1183 1746 1282 1774 divinis
1301 1747 1439 1780 Ecclesiae,
1455 1748 1488 1775 ad
1508 1755 1577 1782 quos
1591 1748 1691 1777 Paulus
1708 1751 1749 1777 ait

964 1795 992 1817 ut
1014 1791 1084 1817 idem
1102 1791 1197 1818 dicatis
1210 1795 1242 1825 1;
1266 1796 1295 1819 et
1318 1792 1450 1819 Dominus
1469 1801 1477 1819 :
1500 1791 1532 1820 Ut
1556 1793 1611 1820 sint
1632 1799 1748 1821 unum‘.

963 1837 1060 1864 Postea
1078 1838 1161 1865 etiam
1186 1838 1302 1875 de.aliis
1317 1837 1474 1867 hominibus
1492 1839 1538 1874 qui
1553 1840 1682 1868 amicitiae
1702 1848 1748 1868 ra-

964 1883 1062 1910 tionem
1078 1883 1159 1919 M3
1178 1883 1295 1916 habent;
1310 1892 1371 1911 nam
1391 1892 1513 1912 amorem
1534 1885 1581 1920 qui
1596 1889 1638 1912 est
1651 1893 1750 1913 secun-

962 1928 1026 1955 dum
1052 1931 1159 1957 animas
1179 1929 1342 1962 rationales,
1367 1930 1562 1965 intelligentcm
1585 1931 1747 1961 nominavit.

962 1973 1107 2001 animalem
1143 1982 1208 2002 vero
1233 1975 1343 2003 vocavit
1373 1983 1494 2003 amorem
1529 1976 1681 2003 brutorum.
1708 1975 1749 2003 Ex

961 2021 1092 2048 amatoria
1115 2021 1167 2049 hac
1188 2021 1290 2049 virtute
1303 2026 1332 2049 et
1350 2022 1474 2049 volucres
1493 2022 1627 2057 gregatim
1642 2021 1747 2053 volant,

961 2069 990 2093 et
1003 2066 1144 2094 terrestria
1156 2067 1334 2102 natatiliaque
1348 2069 1560 2104 conjunguntur.
1575 2067 1661 2095 Porro
1672 2074 1748 2094 amo-

963 2119 1020 2139 rem
1045 2113 1199 2141 naturalem
1221 2120 1301 2142 vocat
1317 2113 1394 2142 illum
1411 2122 1501 2142 rerum
1517 2115 1700 2142 animatarum
1720 2118 1749 2140 et

962 2165 1044 2187 sensu
1058 2160 1224 2193 carentium,
1234 2167 1296 2188 curn
1311 2169 1393 2189 sensu
1407 2160 1530 2188 carentia
1542 2159 1747 2194 etiamproprie

963 2205 1143 2233 babitudiuali
1179 2207 1331 2242 aptitudine
1355 2206 1513 2234 Creatorem
1548 2210 1657 2237 ament,
1683 2214 1744 2241 pro-

122 2261 214 2291 pterea
226 2257 298 2292 quod
312 2258 346 2284 ab
363 2257 422 2292 ipso
444 2257 578 2292 producta
593 2256 665 2287 sint;
681 2261 745 2281 nam
777 2253 927 2280 secundum
943 2254 1097 2281 naturalem
1125 2261 1203 2282 suum
1236 2260 1339 2282 morum
1365 2255 1446 2282 etiam
1473 2255 1588 2290 ipsamct
1608 2254 1642 2281 ad
1663 2253 1746 2282 Deum

121 2309 330 2332 convertuntur.

427 2360 482 2388 Τοῦ
500 2360 603 2387 αὑτοῦ.

158 2417 172 2453 §
191 2416 260 2444 XVI.
289 2414 401 2451 Ἐπειδὴ
414 2417 446 2443 ἐκ
458 2415 506 2443 τοῦ
528 2416 628 2443 ἐνιαίου
644 2417 692 2443 καὶ
705 2416 789 2449 ὅντως
808 2417 909 2453 ἔρωτος

119 2463 168 2491 τοῦ
188 2462 256 2490 Θεοῦ
272 2462 386 2494 πολλοὺς
406 2462 510 2498 ἔρωτας
529 2462 725 2501 συνετάξαμεν,
747 2463 810 2495 τοὺς
825 2463 910 2497 ἀγγε-

121 2510 225 2542 λικους,
241 2509 305 2541 τοὺς
318 2509 438 2544 νοεροὺς,
455 2508 520 2541 τοὺς
531 2508 674 2544 ψυχικοὺς,
686 2509 750 2542 τοὺς
765 2509 908 2545 φυσικοὺς,

121 2554 205 2593 (οὗτοι
219 2557 273 2592 γάρ
286 2557 355 2583 εἰσιν
364 2556 388 2582 οἱ
402 2556 450 2591 μὲν
468 2555 609 2591 ἐγκόσμιοι
620 2576 627 2588 ,
642 2556 668 2583 οἱ
687 2556 715 2583 δὲ
727 2556 908 2592 ὑπερκόσμιοι

121 2603 232 2638 ἔρωτες,
240 2598 278 2628 ὦν
289 2601 465 2636 ὑπερέχουσιν
472 2601 501 2628 αἱ
511 2601 565 2628 τῶν
573 2601 674 2637 νοερῶν
685 2610 714 2628 τε
725 2600 772 2628 καὶ
783 2601 909 2637 νοητῶν)

122 2648 190 2685 φέρε
212 2647 392 2683 συνελέξωμεν
411 2647 534 2678 ἅπαντας
553 2647 600 2674 ἐπὶ
612 2647 658 2674 τὸν
676 2647 786 2683 Πατέρα
808 2646 908 2673 αὐτῶν.

122 2694 278 2730 Σημειωσαι
288 2693 328 2725 δὲ,
344 2694 384 2720 ὅτι
397 2693 478 2729 νοερὰ
493 2694 545 2720 εἰσι
558 2693 592 2720 τὰ
603 2692 727 2725 νοοῦντα,
742 2692 825 2729 νοητὰ
833 2693 862 2719 δὲ
874 2692 908 2719 τὰ

121 2741 271 2776 νοούμενα·
295 2740 342 2767 καὶ
363 2739 573 2776 ὑπερῦαινονται
595 2738 629 2765 τὰ
651 2738 732 2774 νοερὰ
756 2738 831 2774 παρὰ
853 2737 908 2764 τῶν

123 2785 236 2821 νοητῶν,
250 2784 312 2812 ὅθεν
332 2786 379 2813 καὶ
394 2786 481 2821 τροφή
502 2786 561 2812 ἐστι
573 2785 628 2812 τῶν
638 2785 770 2812 νοούντων
782 2784 817 2811 τὰ
829 2783 907 2810 νοού-

159 2879 174 2897 ι
189 2873 197 2901 l
210 2873 288 2901 Joan.
303 2881 341 2907 tv,
360 2873 390 2906 8,
409 2873 525 2901 lectione
538 2874 625 2904 varia.
639 2873 679 2902 Ci.
700 2873 729 2901 P.
746 2873 873 2901 Sabatier
881 2876 935 2900 vct.
948 2871 1079 2899 Italicam.
1117 2874 1133 2895 1
1145 2869 1245 2904 Philip.
1261 2877 1292 2902 ιι,
1309 2868 1335 2896 2.

242 2922 368 2952 ΡΑτιιοι.
395 2922 454 2952 Gn.
483 2921 538 2952 Ill.

1280 2355 1420 2390 Ejusdem.

999 2413 1013 2450 §
1039 2413 1108 2441 XVI.
1132 2413 1265 2447 Quoniam
1297 2421 1329 2440 ex
1362 2421 1416 2440 uno
1439 2420 1472 2440 ac
1494 2420 1559 2440 vero
1580 2421 1673 2441 amore
1699 2414 1746 2452 Dei

962 2461 1062 2488 multos
1071 2467 1179 2488 amores
1191 2460 1425 2492 coordinavimus,
1435 2459 1585 2494 angelicos,
1595 2459 1747 2495 intelligen-

963 2509 1018 2537 tes,
1042 2505 1184 2537 animales,
1209 2503 1350 2532 naturales
1374 2503 1520 2539 (siquidem
1541 2502 1640 2531 borum
1662 2503 1744 2537 aliqui

963 2552 1115 2580 mundiales
1136 2555 1211 2584 sunt,
1227 2550 1273 2578 alii
1289 2557 1355 2578 vero
1374 2557 1483 2578 amores
1498 2549 1744 2585 supramundiales,

962 2598 1034 2626 inter
1048 2605 1116 2633 quos
1140 2598 1348 2633 intelligentium
1368 2601 1397 2624 et
1421 2596 1636 2632 intelligibilium
1654 2596 1745 2622 excel-

961 2644 1043 2677 lunt),
1062 2644 1177 2678 agedum
1193 2650 1288 2671 omnes
1310 2643 1344 2670 ad
1359 2642 1518 2670 eorumdem
1535 2641 1644 2670 Patrem
1660 2641 1744 2668 colle-

959 2691 1024 2717 ctim
1042 2691 1214 2718 reducamus.
1234 2690 1303 2717 Nota
1317 2693 1421 2722 autem,
1439 2687 1617 2723 intelligentia
1634 2694 1695 2714 esse
1711 2694 1742 2713 ea

960 2743 1020 2771 qum
1042 2735 1209 2770 intelligunt.
1228 2733 1409 2770 intelligibilia
1429 2740 1493 2760 vero
1515 2741 1546 2760 ea
1561 2740 1621 2767 quae.
1643 2732 1742 2761 intelli-

960 2786 1072 2817 guntur,
1090 2785 1118 2809 et
1133 2781 1314 2816 intelligentia
1328 2779 1362 2807 ab
1375 2779 1593 2814 intelligibilibus
1607 2778 1743 2813 superari,

1381 2873 1391 2887 ²
1408 2875 1484 2896 Joan.
1502 2876 1567 2899 xvn,
1586 2867 1631 2894 21-

1586 2914 1625 2944 25
