1938 3065
207 185 258 214 ’185
792 186 820 213 S.
839 184 972 214 DlONYSi

1068 185 1239 215 ΞΟΡΑΟΙΤᾸΞ
1779 187 1833 216 784

205 243 296 272 omnia
310 243 410 270 bouum
424 247 574 278 appetunt;
597 247 624 270 et
638 243 658 271 si
673 243 739 278 quid
765 243 806 274 iit,
821 243 862 271 vel
880 247 970 279 propte

1068 252 1098 275 ιι,
1113 243 1129 279 ἢ
1149 244 1193 271 διὰ
1209 244 1239 271 τὸ
1255 244 1366 279 ἀγαθὸν,
1382 244 1399 281 ἢ
1412 244 1456 272 διὰ
1471 245 1502 272 τὸ
1518 245 1614 272 δοκοῦν
1633 245 1748 280 γίνεται,
1773 247 1833 281 (καὶ

206 290 306 316 bonum
322 289 362 321 iit.
377 289 419 316 vel
434 293 545 324 propter
558 289 584 316 id
600 289 670 324 quod
683 290 790 316 videtur
800 289 901 316 bonum
917 291 971 324 (nat

1067 290 1124 322 ὒτδς
1134 291 1189 327 γὰρ
1205 292 1219 317 ὁ
1234 291 1329 325 φθόνος
1339 290 1384 317 διά
1397 300 1423 317 τι
1437 291 1532 319 δοκοῦν
1543 291 1642 326 ἀγαθὸν
1653 292 1767 326 γίνεται,
1785 293 1832 319 καί

205 339 234 363 et
253 336 369 371 ipsamet
382 335 482 363 invidia
500 335 590 363 oritur
604 340 716 370 propter
735 336 761 362 id
778 336 850 370 quod
878 343 970 370 appart

1066 338 1098 369 ἃς
1115 338 1129 364 ὀ
1145 337 1200 364 τῶν
1223 337 1308 364 ὀντων
1331 337 1430 369 σκοπὸς
1451 337 1537 374 ἀρχὴν
1554 337 1610 373 ἔχει
1634 338 1680 364 καὶ
1702 338 1778 371 τέλος
1801 339 1831 365 τὸ

204 387 317 416 bonum,
331 387 358 409 et
372 382 461 409 omnis
473 389 564 409 rerum
579 389 678 417 scopus
690 383 852 418 principium
865 390 895 410 ac
908 384 969 410 tinet

1065 383 1143 417 γαθόν
1155 383 1174 419 ·)
1198 383 1254 416 ἕξει
1272 383 1317 410 καὶ
1336 383 1366 410 τὸ
1383 383 1476 415 κακὸν,
1495 383 1589 410 καθότι
1608 384 1675 415 ἐστὶ,
1694 384 1744 420 τὴν
1761 385 1830 419 πρὸς

205 430 288 456 habet
306 429 436 463 bonum);
456 429 539 456 etiam
553 429 666 462 malum,
683 429 709 456 in
727 435 859 464 quantum
873 433 924 461 est.
939 429 970 456 ha

1064 427 1188 461 id7a0bv
1203 427 1309 461 ἔφεσιν·
1332 427 1390 459 πῶς
1410 427 1465 463 γὰρ
1487 426 1555 458 ὅλως
1579 427 1608 453 ὃν
1631 427 1681 462 τῆς
1701 427 1829 462 τοιαύτης

203 474 281 502 bebit
296 475 446 510 appetitum
459 475 493 503 ad
509 475 609 502 bonum
621 484 629 508 ;
645 475 783 509 quomodo
793 476 866 503 enim
879 477 968 502 omnin

1062 473 1146 509 γαθῆς
1158 472 1476 508 παραιρεθήσεταιέξεως
1486 482 1493 504 ;
1504 473 1535 499 Εἰ
1546 473 1611 507 γοῦν
1622 473 1656 500 τὰ
1667 473 1731 500 ὄντα
1739 473 1827 500 πάντα

204 521 322 549 exsistat
339 520 504 555 ejusccmodi
520 520 582 548 boni
597 521 694 548 aﬂ‘ectu
709 521 887 549 destitutum?
899 521 928 549 Si
941 522 966 557 ig

1063 521 1089 547 1i
1105 521 1137 547 ὲκ
1150 519 1218 546 Θεοῦ
1235 520 1282 546 καὶ
1295 520 1324 546 ὲν
1335 519 1374 555 τῷ
1388 519 1448 555 Θεῷ
1464 521 1528 551 εἰσι,
1548 521 1595 546 καὶ
1615 519 1680 546 αὐτὸ
1698 519 1730 555 δὴ
1746 519 1778 546 τὺ
1790 519 1828 554 μὴ

204 571 249 593 tur
266 573 310 594 res
323 574 418 594 omnes
429 567 512 593 etiam
524 574 558 594 ex
577 567 632 594 Deo
647 572 673 594 et
691 567 717 594 in
735 567 790 594 Deo
809 566 865 595 sint
879 587 887 599 ,
904 567 969 595 etiai

1063 575 1070 592 θ
1086 566 1123 598 ὡς
1136 567 1153 602 ἡ
1173 558 1233 601 ῦλή,
1255 566 1302 593 καὶ
1321 566 1356 593 τὰ
1381 566 1412 598 ἐξ
1433 566 1604 601 ἀφαιρέσεως
1628 566 1761 602 λεγόμενα
1780 567 1828 593 ἐπὶ

203 612 270 640 illud
289 613 376 647 ipsqu
399 613 471 648 quod
497 621 550 641 non
566 619 607 641 est
622 618 653 640 ut
672 613 798 645 materia,
823 618 852 640 et
873 621 934 648 quae
954 622 968 641 e

1061 612 1087 639 36
1106 611 1173 639 Θεοῦ
1193 611 1372 647 ὑπερουσίως,
1389 612 1419 638 τὸ
1434 612 1518 639 κακὸν
1537 613 1566 639 ὲν
1580 614 1637 645 τοῖς
1656 610 1716 640 οὖσι
1731 613 1826 639 ταττό-

203 658 341 686 ablatione
357 659 390 686 de
416 658 472 685 Deo
498 659 768 693 superessentialiler
789 659 968 693 praedicanti"

1063 666 1132 690 ενον,
1150 659 1180 685 ὲν
1197 658 1237 694 τῷ
1252 658 1311 694 Θεῷ
1325 658 1411 690 ἔσται,
1431 658 1479 685 καὶ
1493 660 1521 685 ὲν
1533 660 1590 690 τοῖς
1607 657 1644 693 μὴ
1657 655 1726 690 οὖσι,
1743 658 1827 685 πάλιν

203 704 304 732 malum
320 705 346 732 id
360 706 433 740 quod
448 706 474 732 in
494 705 575 733 rebus
589 706 712 740 ponitur,
725 706 751 732 in
768 705 824 733 Deo
836 705 901 739 erit,
919 711 945 733 et
960 706 966 732 i

1062 714 1068 731 ν
1086 704 1125 740 τῷ
1142 704 1201 740 Θεῷ
1219 704 1304 732 ἔσται.
1319 705 1351 732 Εἰ
1367 705 1395 732 δὲ
1409 705 1458 732 οὐκ
1473 704 1546 731 ἐστιν
1562 706 1591 732 ὲν
1610 704 1649 740 τῷ
1659 704 1729 740 Θεῷ,
1745 704 1773 730 τί
1791 704 1827 731 ἂν

201 751 273 786 quod
286 759 339 779 non
355 756 396 779 est
410 751 435 778 in
449 751 543 783 rebus.
556 751 654 779 iterum
668 751 694 778 in
710 751 765 779 Deo
779 751 880 780 erit.Si
894 756 966 779 aute:

1060 751 1083 787 ῐη
1099 751 1167 786 ὅπερ
1185 750 1237 784 ἔξω
1256 750 1310 777 τῶν
1332 750 1416 777 ὄντων
1435 751 1482 777 καὶ
1499 750 1554 777 τῶν
1577 750 1614 786 μὴ
1641 750 1726 777 ὄντων
1745 750 1825 782 ett-ri;

204 804 258 823 non
273 797 308 823 sit
329 797 355 824 in
372 796 438 828 Deo,
460 797 526 832 quid
551 797 659 824 tandem
679 797 733 824 erit
752 798 824 831 quod
842 801 920 824 extra
943 805 969 825 re

1061 797 1322 833 ροομολογουμένου,
1337 797 1378 824 ὅτι
1399 797 1430 823 τὺ
1450 797 1526 823 Θεῖον
1541 797 1588 824 καὶ
1604 796 1657 823 τῶν
1673 796 1757 823 ὅντων
1777 797 1826 823 καὶ

199 847 227 869 et
241 850 292 870 nou
307 851 350 870 res
363 843 424 870 est?
439 850 499 870 cum
517 843 543 869 in
562 842 687 870 confesso
701 843 737 869 sit
760 842 845 870 Deum
867 849 928 870 esse
939 850 964 870 et

1060 843 1092 870 Iw
1111 843 1148 879 μὴ
1166 843 1249 870 ὅντων
1266 843 1318 875 ἔξω
1334 843 1404 875 ἐστὶ,
1419 843 1467 869 καὶ
1485 842 1515 869 τὸ
1530 842 1567 878 μὴ
1581 843 1610 869 ὃν
1624 844 1654 869 ὲν
1672 841 1712 877 τῷ
1727 841 1825 878 ἀγαθῷ

201 891 241 912 tra
255 893 286 912 ea
303 892 364 920 quae
381 890 463 918 sunt,
478 889 506 912 et
524 890 600 912 extra
615 892 646 912 ea
662 893 722 920 qua:
743 893 795 912 non
816 890 899 918 sunt;
917 888 944 912 et
960 885 966 912 i

1058 886 1109 914 ατὰ
1128 886 1159 913 τὸ
1180 886 1339 922 ὑπερούσιον
1358 885 1477 920 λέγεται,
1499 885 1529 912 οὐ
1541 885 1601 912 τόδε
1614 885 1680 921 γὰρ,
1697 886 1727 912 οὐ
1743 886 1804 912 τόδε
1815 905 1823 917 ,

199 931 271 966 quod
286 915 340 958 non
362 934 404 958 cst
421 931 447 957 in
457 915 533 957 ibono
547 937 628 965 supra
644 915 826 958 substantiam
845 915 911 962 dici,
931 937 964 957 no

1058 933 1092 959 λλ’
1105 933 1173 968 ὑπὲρ
1185 915 1270 959 ταῦτα
1278 915 1454 968 ὑπερουσίίως.
1465 915 1563 958 Ᾰοιπὺν
1576 931 1606 958 τὸ
1616 915 1717 966 ἀγαθὸν
1735 915 1823 967 61:59-

198 978 270 1012 quod
286 977 336 1005 hoc
349 978 386 1004 sit
396 976 439 1004 vel
456 976 534 1009 illud,
546 976 593 1003 sed
609 983 690 1010 supra
705 975 763 1004 lucc
775 975 961 1010 suprasubstai

1056 979 1175 1015 ἰρυμένον
1196 979 1254 1006 ἑστί
1267 979 1314 1005 καὶ
1333 980 1362 1006 ὲν
1381 978 1421 1014 τῷ
1437 978 1493 1005 ὄντι
1512 978 1559 1005 καὶ
1587 979 1616 1005 ἐν
1631 978 1670 1013 τῷ
1695 977 1732 1014 μὴ
1746 978 1821 1004 ὁντι-

198 1024 313 1052 tialiter.
326 1024 431 1051 Bonum
444 1031 509 1058 crgo
529 1023 647 1050 locatum
661 1027 703 1050 est
715 1030 796 1057 supra
809 1023 834 1050 id
846 1023 918 1057 quod
931 1029 960 1050 es

1057 1027 1065 1053 5
1084 1025 1112 1053 δὲ
1122 1026 1206 1053 κακὸν
1224 1025 1261 1061 μὴ
1277 1025 1356 1061 μόνον
1372 1024 1426 1051 τῶν
1444 1024 1529 1052 ὅντων
1545 1024 1693 1060 ἀλλότριον,
1707 1024 1752 1058 (ἂν
1765 1024 1822 1060 γὰρ

197 1075 224 1097 et
237 1077 317 1105 supra
334 1069 360 1097 id
375 1069 446 1105 quod
461 1077 515 1097 non
531 1074 594 1101 est;
611 1069 711 1096 malum
726 1075 816 1096 autem
831 1076 884 1096 non
895 1069 962 1097 solm

1057 1081 1079 1105 ν,
1093 1073 1216 1108 μετεῖχεν
1230 1071 1263 1099 ἂν
1273 1070 1320 1098 τοῦ
1334 1070 1435 1106 ἀγαθοῦ
1447 1071 1466 1105 ·)
1478 1070 1545 1097 ἀλλὰ
1555 1070 1602 1097 καὶ
1615 1070 1670 1096 τῶν
1683 1070 1720 1106 μὴ
1735 1070 1822 1097 ὀντων

195 1116 314 1143 alienum
330 1119 372 1143 est
392 1122 407 1142 a
431 1114 512 1142 rebus
527 1115 601 1150 (nam
616 1115 639 1142 si
657 1119 742 1147 esset,
760 1114 824 1142 boni
844 1114 960 1149 partice;

1056 1119 1183 1155 λλότριον,
1193 1119 1240 1145 καὶ
1248 1117 1453 1153 ἀνουσιώτερον,
1466 1116 1527 1143 ἐπεὶ
1541 1116 1588 1143 καὶ
1599 1115 1630 1142 τὸ
1647 1115 1684 1151 μὴ
1694 1115 1724 1142 ὃν
1735 1116 1765 1142 ὲν
1779 1115 1821 1151 τῷ

196 1162 365 1196 exsisteret),
373 1170 466 1190 verum
474 1162 558 1189 etiam
568 1169 583 1188 a
596 1169 649 1189 non
659 1161 768 1188 cutibus
782 1166 917 1188 remotum
930 1168 960 1188 cs

1056 1164 1093 1200 εῷ
1109 1163 1294 1199 ὑπερίδρυται.
1315 1162 1463 1196 Συνάγεται
1479 1161 1579 1193 τοίνυν,
1596 1160 1637 1187 ὃτι
1656 1160 1759 1196 οὐδαμῆ
1775 1160 1821 1186 οὗ-

198 1214 226 1237 ct
245 1210 277 1237 iis
300 1209 366 1244 ipsis
388 1209 478 1235 minus
497 1215 547 1235 ens
567 1213 620 1241 est,
645 1214 707 1235 cum
733 1207 760 1235 id
776 1208 847 1243 quod
863 1215 915 1236 non
941 1216 963 1236 es

1055 1209 1126 1246 ιμῶς
1143 1210 1173 1237 τὸ
1186 1209 1270 1236 κακόν
1285 1209 1358 1236 ἐστι·
1374 1208 1421 1236 καὶ
1437 1209 1461 1234 εἰ
1476 1206 1566 1239 τοῦτο,
1587 1206 1732 1242 ἀδιάκριτα
1743 1206 1820 1233 ἔσται

195 1256 280 1284 ctiam
296 1255 323 1283 in
345 1255 401 1282 Deo
414 1254 533 1290 desuper
548 1253 711 1281 collocetur.
733 1253 913 1282 Concluditur
929 1253 960 1282 ita

1053 1258 1122 1285 ’άντα
1142 1257 1189 1284 καὶ
1209 1255 1400 1290 ἐπαινούμενα,
1422 1253 1470 1281 καὶ
1490 1254 1527 1290 μὴ
1548 1253 1627 1289 μόνον
1650 1254 1666 1289 ἡ
1685 1252 1769 1288 ἀρετὴ
1783 1253 1818 1287 τῇ

192 1309 265 1337 que,
294 1301 503 1336 haudquaquam
526 1299 675 1335 quidquam
698 1306 759 1327 esse
776 1299 887 1333 malum,
905 1305 932 1328 et

1053 1305 1117 1340 ακίᾳ
1134 1303 1242 1335 ταύτὸν,
1258 1303 1275 1338 ἡ
1289 1301 1412 1333 καθόλου,
1426 1302 1460 1336 τῇ
1474 1299 1598 1331 καθόλου,
1619 1298 1668 1326 καὶ
1678 1299 1695 1334 ἡ
1717 1298 1818 1334 μερικὴ

194 1349 247 1376 hoc
261 1347 308 1380 sit.
324 1346 505 1374 indifferentia
519 1351 600 1373 erunt
613 1346 703 1374 omnia
717 1349 745 1372 et
763 1345 910 1374 laudabilia
926 1356 934 1381 ;
954 1355 959 1373 ε

1055 1353 1065 1388 ᾗ
1081 1350 1213 1385 ἀναλόγῳ,
1228 1348 1348 1385 δηλονότι
1368 1349 1385 1384 ὴ
1405 1347 1501 1383 ἀνδρία
1515 1347 1549 1382 τῇ
1567 1345 1664 1381 δειλίᾳ,
1687 1344 1754 1372 ἀλλὰ
1771 1345 1820 1372 καὶ

198 1403 251 1423 non
270 1394 357 1422 solum
375 1393 462 1420 virtus
484 1400 546 1420 cum
561 1391 665 1419 malitia
680 1392 735 1420 erit
754 1392 836 1426 idem,
850 1398 904 1421 tota
919 1394 963 1422 toti

1053 1399 1061 1424 5
1071 1395 1256 1431 ἀντικείμενον
1266 1395 1299 1430 τῇ
1309 1394 1392 1430 ἀρετῇ
1402 1393 1485 1429 ἀρετὴ
1494 1392 1580 1419 ἔσται,
1592 1391 1690 1418 Λοιπὸν
1702 1390 1818 1422 συνάξας

198 1447 226 1470 et
247 1440 370 1477 partialis
383 1438 592 1475 praportionali,
607 1446 633 1466 v.
649 1446 676 1474 g.
693 1437 825 1466 fortitudo
839 1440 963 1474 pusillani

1052 1445 1076 1470 iv
1093 1442 1251 1470 ὑποθετικὸν
1277 1440 1471 1476 συλλογισμὸν,
1491 1439 1594 1474 ἀναιρεῖ
1617 1437 1648 1464 τὺ
1673 1437 1817 1472 ἑπόμενον,

193 1488 294 1520 unitati,
306 1494 400 1514 verum
412 1486 495 1513 etiam
512 1485 538 1512 id
552 1485 623 1519 quod
639 1484 732 1512 virtuti
747 1490 880 1521 repugnat
891 1486 958 1513 vim:

1050 1489 1118 1516 αίτοι
1136 1488 1238 1524 λέγων·
1265 1486 1389 1514 Ἐναντία
1403 1487 1436 1522 τῇ
1460 1484 1620 1521 σωφροσύνῃ
1639 1485 1656 1520 ἡ
1673 1483 1815 1511 ἀκολασία.

192 1533 257 1562 erit.
271 1531 406 1560 Caeterum
422 1530 545 1558 formans
560 1529 747 1566 syllogismum
762 1531 957 1566 hypotheticun

1052 1537 1085 1564 ,αἰ
1103 1536 1132 1562 οὗ
1149 1535 1221 1569 λέγω
1238 1534 1299 1561 κατ’
1318 1533 1415 1564 αὐτοὺς
1428 1532 1492 1564 τοὺς
1513 1530 1672 1567 ἀνθρώπους
1688 1531 1751 1562 τοὺς
1768 1538 1817 1564 με-

193 1579 270 1608 elidit
285 1578 439 1613 sequeiam,
454 1577 548 1605 dicens
561 1584 569 1604 :
581 1577 727 1605 Contraria
740 1582 783 1605 est
795 1578 958 1612 temperanti;

1052 1583 1156 1619 ἔχοντας
1178 1581 1290 1612 τούτων,
1310 1580 1350 1607 ὅτι
1366 1579 1496 1615 μάχονται
1513 1578 1560 1605 καὶ
1575 1577 1740 1604 ἀντικεινται
1761 1576 1817 1610 (δὸ-

194 1626 350 1654 dissolutio.
371 1624 466 1660 Neque
481 1631 546 1651 vero
565 1623 627 1650 dico
642 1622 688 1649 illa
709 1622 761 1650 sibi
783 1630 959 1658 repugnaret

1050 1638 1104 1655 ειαν
1119 1627 1173 1664 γὰρ
1183 1627 1216 1654 δι’
1227 1627 1308 1658 ἄλλας
1321 1625 1397 1658 τινὰς
1406 1625 1495 1657 αἰτίας
1511 1624 1608 1656 αὐτοὺς
1619 1623 1785 1650 ἀντικεῖσθαι
1794 1623 1815 1658 ·)

197 1671 376 1704 contrariari,
389 1671 416 1699 in
435 1673 568 1706 quantum
581 1669 615 1696 ab
634 1668 790 1696 hominibus
809 1668 876 1703 ipsis
890 1669 961 1704 parti

1049 1674 1096 1701 λλὰ
1110 1674 1156 1701 καὶ
1167 1673 1220 1708 πρὸ
1237 1673 1292 1699 τῶν
1306 1670 1475 1708 ἐξωτερικῶν
1495 1671 1598 1698 τούτων
1614 1670 1662 1697 καὶ
1682 1669 1814 1704 φαινομέ-

194 1719 322 1754 cipautur
342 1717 393 1754 (sic
405 1717 478 1744 enim
494 1721 605 1752 propter
620 1714 689 1742 alias
700 1714 807 1749 aliquas
818 1721 917 1743 causas
931 1716 959 1742 ac

1050 1730 1081 1749 nv
1095 1722 1124 1748 ὲν
1139 1720 1208 1756 αὐτῇ
1218 1719 1307 1754 πολλῷ
1318 1718 1448 1754 πρότερον
1461 1719 1496 1753 τῇ
1508 1717 1581 1753 ψυχῇ
1595 1716 1734 1748 στασιάζει
1745 1715 1815 1751 πρὸς

190 1764 296 1793 versari
310 1762 488 1798 viderentur);
499 1768 592 1789 verum
604 1760 687 1788 etiam
698 1763 844 1795 antequam
855 1761 955 1788 exterit

1048 1768 1058 1794 δ
1073 1767 1180 1802 λογικὸν
1194 1766 1243 1802 τῆς
1261 1765 1350 1801 ψυχῆς
1364 1764 1399 1791 τὰ
1414 1763 1498 1799 πάθη,
1516 1765 1530 1791 ό
1544 1763 1629 1799 θυμὸς
1647 1763 1719 1797 λέγω
1733 1762 1780 1789 καὶ
1795 1763 1813 1798 ἠ

191 1819 222 1840 se
238 1811 355 1846 prodant
374 1813 403 1837 et
417 1811 579 1843 appareant.
603 1807 690 1835 multo
711 1806 790 1843 prius
812 1806 841 1834 in
863 1807 956 1842 ipsaun

1049 1812 1169 1849 ιτιθυμία,
1195 1812 1321 1844 κάκεῖνος
1345 1810 1394 1846 μὲν
1415 1809 1521 1846 ἡνίοχος
1539 1809 1659 1843 λέγεται,
1678 1808 1765 1835 ταῦτα
1784 1807 1814 1835 δὲ

189 1858 282 1886 anima
304 1864 366 1885 cum
381 1861 461 1892 parte
484 1853 611 1882 rationali
637 1853 736 1882 animae
757 1854 891 1882 dissident
912 1853 954 1889 ips

1048 1859 1173 1894 ποζύγια,
1184 1858 1228 1885 ἀεὶ
1241 1857 1290 1893 μὲν
1301 1856 1499 1888 ἀπιόαίνοντα,
1511 1855 1574 1883 ποτὲ
1586 1855 1614 1882 δὲ
1626 1855 1673 1882 καὶ
1684 1855 1813 1882 ὑπείκον-

188 1904 340 1941 passimies.
353 1902 535 1936 ira,inquam.
548 1900 826 1935 etconcupiscentia;
840 1905 921 1935 atque
930 1901 953 1928 ili

1048 1914 1073 1938 α,
1089 1905 1132 1931 ὅτε
1147 1902 1247 1940 δηλαδὴ
1261 1903 1274 1929 ὀ
1289 1901 1367 1936 λόγος
1383 1900 1596 1937 κατακρατήσει.
1616 1899 1734 1936 ’Δνάγκη
1748 1899 1813 1934 γοῦν

187 1951 300 1988 quidem
315 1949 412 1985 auriga
428 1949 540 1981 dicitur,
555 1946 637 1984 407
655 1947 714 1974 haec
726 1953 792 1974 vero
809 1946 952 1982 subjugali:

1050 1961 1059 1979 ι
1073 1951 1168 1978 τούτου
1185 1949 1276 1977 δοῦναι
1297 1947 1336 1983 τῷ
1354 1947 1448 1982 ἀγαθῷ
1463 1947 1583 1973 ἐναντίον
1595 1955 1602 1962 '
1624 1945 1684 1973 οὐδὲ
1705 1945 1760 1981 γὰρ
1782 1946 1815 1973 τὸ

188 2003 299 2033 seinper
323 1996 433 2032 quidem
458 1993 670 2028 prazvertentia,
692 2000 889 2028 nonnunquam
909 2000 953 2021 ver

1048 1997 1126 2032 γαθὸν
1136 1995 1256 2023 ἐναντίον
1270 1993 1357 2029 ἑαυτῷ
1366 2002 1372 2009 ·
1387 1994 1477 2020 πάντα
1487 1993 1542 2029 γὰρ
1551 1992 1586 2019 τὰ
1597 1992 1697 2027 ἀγαθὰ,
1709 1992 1747 2024 ὡς
1758 1991 1813 2018 ἀπὸ

187 2045 271 2074 etiam
301 2041 499 2078 obsequentia,
521 2040 632 2076 quando
653 2039 780 2067 videlicet
803 2040 871 2067 ratio
900 2043 952 2067 teni

1049 2044 1091 2076 ιᾶς
1102 2042 1188 2079 ἀρχῆς
1200 2041 1246 2068 καὶ
1258 2041 1317 2072 ἐνὸς
1328 2039 1413 2066 αἰτίου
1426 2039 1534 2074 ἔκγονα,
1546 2040 1579 2074 τῇ
1592 2038 1696 2074 ἐνότητι
1710 2038 1811 2074 χαίρει,

186 2091 382 2127 principatum.
396 2087 434 2116 Ex
457 2088 509 2115 hoc
529 2087 622 2122 itaque
644 2085 676 2113 lit
695 2086 892 2120 necessarium,
914 2086 946 2113 da

1045 2090 1072 2116 αὶ
1088 2088 1138 2115 οὐκ
1153 2086 1302 2114 ἀντίκειται
1320 2085 1387 2121 πρὸς
1410 2083 1521 2120 ἄλληλα.
1542 2083 1588 2120 Μὴ
1602 2081 1649 2111 οὖν
1668 2083 1740 2110 εἰποι
1753 2092 1810 2116 τις,

185 2136 291 2174 aliquid
307 2137 379 2164 bono
399 2133 586 2167 contrarium;
603 2140 693 2167 neque
713 2133 786 2160 enim
807 2133 906 2161 bonum
921 2134 950 2161 sil

1047 2144 1064 2161 τι
1080 2132 1232 2170 μαχόμενόν
1242 2133 1300 2158 ἐστι
1313 2131 1344 2158 τὸ
1358 2130 1450 2167 μεῖζον
1462 2130 1563 2165 ἀγαθὸν
1577 2130 1646 2165 πρὸς
1655 2130 1686 2156 τὸ
1700 2130 1812 2158 ἔλαττον

185 2185 238 2221 ipsi
250 2184 427 2214 adversatur;
439 2181 531 2209 omnia
541 2180 712 2214 enim,bona,
725 2180 760 2208 ab
774 2189 828 2208 uno
839 2181 950 2217 principi

1047 2179 1139 2214 γαθόν·
1156 2177 1194 2213 τῷ
1213 2176 1268 2212 γὰρ
1282 2175 1358 2212 ποσῷ
1377 2175 1453 2203 οὐδέν
1471 2177 1545 2203 ἐστιν
1566 2175 1697 2208 ἐναντίον,
1715 2175 1763 2202 καὶ
1779 2176 1812 2203 τὺ

185 2237 294 2266 unaque
305 2236 388 2257 causa
399 2228 531 2263 profecta,
543 2227 648 2254 unitate
659 2227 789 2262 gaudent,
803 2232 831 2254 et
842 2227 894 2255 sibi
911 2237 950 2255 mu

1046 2226 1123 2253 ἄλλον
1135 2225 1236 2262 θερμὸν
1247 2224 1285 2260 τῷ
1295 2221 1376 2260 ἦττον
1386 2222 1481 2259 θερμῷ
1492 2223 1542 2249 οὐκ
1551 2222 1709 2250 ἀντίκειται.
1724 2223 1811 2250 Συνά-

184 2284 233 2306 tuo
247 2261 422 2311 nequaquam
442 2273 635 2301 adversantur.
654 2261 693 2300 Ne
711 2272 772 2307 quis
788 2273 880 2308 itaque
894 2274 949 2301 diu

1046 2281 1100 2298 εται
1113 2271 1200 2298 τοίνυν
1210 2291 1217 2303 ,
1230 2270 1278 2297 τοῦ
1294 2269 1427 2304 ἑπομένου
1446 2268 1644 2303 ἀναιρεθέντος,
1657 2269 1698 2296 ὅτι
1709 2269 1766 2296 ἐστι
1779 2270 1811 2297 τὸ

189 2325 237 2356 rit,
250 2321 338 2357 majus
350 2320 451 2350 bonum
466 2318 565 2346 minori
580 2319 651 2346 bono
672 2325 843 2355 repugnare;
858 2320 953 2355 quanti

1046 2319 1117 2351 ικὸν,
1141 2319 1188 2345 καὶ
1206 2317 1356 2345 ἀντίκειται
1374 2315 1413 2352 τῷ
1430 2315 1539 2351 ἀγαθῷ”
1560 2315 1623 2342 οὐδὲ
1639 2316 1695 2352 γὰρ
1714 2317 1757 2344 ὃτι
1778 2318 1811 2344 τὸ

184 2369 233 2397 tati
249 2367 322 2396 enim
338 2365 408 2394 nihil
427 2370 471 2393 est
484 2365 667 2397 contrarium,
689 2372 779 2400 neque
793 2366 881 2401 magis
901 2366 949 2394 call

1045 2365 1107 2392 szv
1120 2363 1206 2400 φθορά
1226 2364 1283 2390 ἐστι
1302 2362 1357 2389 τῶν
1369 2361 1463 2394 ὄντων,
1482 2361 1607 2389 ἐκϐάλλει
1624 2363 1671 2389 καὶ
1689 2362 1755 2389 αὐτὸ
1778 2363 1810 2390 τὸ

184 2417 249 2444 dum
276 2413 366 2442 minus
391 2410 483 2440 calido
508 2410 708 2438 contrariatur.
736 2411 851 2447 Sequela
878 2413 949 2447 itaqu

1045 2411 1106 2438 ακὸν
1118 2410 1165 2437 τοῦ
1185 2408 1254 2436 εἶναι
1266 2417 1272 2424 ·
1286 2408 1372 2444 ἀλλ’ἢ
1389 2407 1476 2444 φθορὰ
1491 2408 1562 2444 αὑτὴ
1576 2407 1632 2435 ἔσθ’
1649 2409 1693 2436 ὅτε
1711 2410 1750 2441 εἰς
1763 2409 1810 2444 γέ-

183 2462 250 2489 elisa
262 2458 446 2490 concluditur,
460 2455 562 2484 malum
575 2456 721 2489 exsistere,
732 2461 760 2484 et
768 2457 865 2492 Opponi
881 2458 948 2485 bonu

1044 2466 1096 2484 εσιν
1109 2456 1179 2491 ἄγει.
1191 2455 1254 2483 Οἰον
1262 2454 1292 2482 τὸ
1302 2454 1354 2481 ὠὸν
1365 2454 1504 2490 φθείρεται
1520 2454 1580 2490 μὲν,
1590 2455 1809 2491 μεταστοιχειοῦ-

183 2512 273 2541 neque
283 2505 356 2532 enim
368 2503 441 2539 quod
457 2501 559 2530 malum
571 2502 712 2537 corruptio
721 2503 757 2535 sit
768 2510 870 2536 rerum,
881 2504 948 2539 ipsul

1042 2513 1065 2530 ιι
1082 2503 1111 2530 δὲ
1133 2504 1172 2535 εἰς
1196 2502 1312 2538 πτηνόνο
1337 2502 1385 2528 καὶ
1403 2502 1418 2528 ό
1437 2500 1486 2527 τοῦ
1505 2501 1656 2536 ἐγκεφάλου
1675 2502 1723 2529 τοῦ
1745 2502 1807 2538 βοὸς

185 2554 238 2581 line
252 2551 352 2579 malum
366 2550 401 2577 ab
415 2548 524 2577 essendi
539 2553 613 2576 statu
624 2547 761 2581 eliminat,
772 2549 837 2583 quin
855 2549 950 2584 ipsamt

1040 2551 1119 2583 ,υελὸς
1140 2551 1178 2582 εἰς
1202 2549 1340 2586 μελίσσας,
1363 2549 1410 2576 καὶ
1431 2550 1445 2575 ό
1463 2548 1510 2575 τοῦ
1524 2549 1607 2576 ἵππου
1627 2550 1667 2581 εἰς
1688 2550 1805 2585 σφῆκας.

183 2597 322 2632 corruptio
341 2594 508 2631 quandoque
534 2594 569 2621 ad
593 2594 800 2628 generationem
825 2595 900 2623 facit.
924 2595 948 2623 Si

1042 2595 1191 2631 θειρόμενοι
1206 2593 1424 2629 μεταὸάλλονται.
1439 2593 1534 2620 Ἔσται
1552 2593 1616 2628 γοῦν
1630 2594 1676 2621 καὶ
1689 2595 1755 2621 αὐτὸ
1769 2596 1807 2632 μὴ

183 2651 265 2673 ovum
281 2642 391 2678 quidem
412 2641 606 2676 corrumpitur,
625 2642 673 2668 sed
696 2641 723 2668 in
740 2648 817 2668 avem
835 2642 948 2670 transiet

1042 2643 1100 2669 όνον
1113 2642 1152 2674 ὃν,
1169 2641 1236 2668 ἀλλὰ
1253 2641 1299 2668 καὶ
1311 2641 1511 2677 γενεσιουργὸν,
1528 2641 1575 2667 καὶ
1589 2642 1628 2673 εἰς
1641 2641 1807 2678 συμπλήρω-

183 2694 292 2720 matur;
312 2693 340 2716 et
353 2687 473 2715 medulla
495 2686 602 2714 cerebri
624 2686 701 2713 b0vis
725 2687 752 2713 in
770 2694 846 2722 apes.
862 2693 889 2714 et
905 2696 948 2722 eqi

1041 2697 1064 2714 ιν
1073 2688 1224 2720 συντελοῦν,
1234 2688 1281 2714 καὶ
1290 2687 1322 2714 δι’
1331 2687 1410 2713 ἑαυτὸ
1421 2686 1539 2722 παρέχον
1545 2687 1584 2722 τῷ
1595 2687 1805 2723 ἁποτελέσματι,

183 2735 210 2762 in
227 2741 322 2768 vespas
334 2740 382 2767 per
396 2732 600 2766 corruptionem
617 2735 826 2758 truusmutatur.
841 2731 898 2758 Erit
914 2733 948 2759 ita

533 2739 600 2758 mem
617 2735 826 2758 trausmutatur.
841 2731 898 2758 Erit
914 2733 965 2759 ita-
1019 2734 1050 2760 τὺ
1065 2734 1102 2770 μὴ
1116 2734 1206 2766 ἀτελὲς
1221 2732 1298 2760 εἴναι.

181 2788 235 2815 que
250 2784 277 2807 et
296 2779 383 2814 ipsum
398 2785 450 2805 non
465 2777 553 2805 solum
569 2784 628 2810 eus,
642 2784 736 2805 verum
768 2778 850 2804 etiam
870 2786 932 2805 cum
959 2779 993 2806 ad
1010 2781 1224 2816 generationem,
1236 2784 1291 2806 tum
1314 2779 1346 2806 ad
1367 2778 1630 2807 consummationem
1657 2778 1804 2813 condncct,

181 2833 209 2854 ct
231 2834 279 2861 per
301 2834 330 2853 se
354 2825 485 2860 pnebcbit
506 2824 614 2852 οπεοιυὶ
642 2831 671 2852 nt
693 2832 746 2852 non
775 2825 810 2852 sit
835 2825 1035 2861 imperfectum.

217 2872 232 2908 ᾗ
250 2871 308 2900 XX.
328 2872 473 2908 Postquam
485 2873 565 2904 dixit.
580 2880 613 2899 ex
636 2871 790 2900 istiusmodi
809 2872 960 2900 rationibus

1051 2872 1064 2908 §
1086 2873 1141 2900 ΧΧ.
1156 2872 1248 2900 Εἰπὼν
1260 2873 1300 2900 ὅτι
1311 2873 1456 2907 συνάγεται
1469 2873 1501 2899 ὲκ
1511 2872 1565 2899 τῶν
1576 2872 1703 2900 τοιούτων
1716 2872 1803 2908 λόγων

175 2919 272 2955 ιευίιῡεί
287 2923 314 2946 et
326 2926 387 2947 esse
403 2919 513 2954 malum,
528 2924 556 2947 et
567 2919 599 2946 ad
610 2919 792 2954 quorumdam
804 2919 940 2954 generatio

1037 2919 1059 2946 ti
1074 2917 1142 2946 εἶναι
1159 2919 1189 2946 τὸ
1203 2919 1296 2950 κακὸν,
1308 2920 1354 2946 καὶ
1368 2918 1559 2954 γενεσιουργὺν
1571 2917 1640 2946 εἷναί
1655 2927 1746 2951 τινων,
1756 2919 1802 2947 ἀνι
