1938 3065
182 123 234 152 785

492 125 513 153 Ε
531 125 658 154 DIVIMS
674 125 875 157 NOMINIBUS.
891 125 968 153 CAP.
988 125 1032 153 IV.
1050 140 1085 146 —
1100 124 1524 172 PARAPiiR..PACiiYMEIiE.

1758 125 1808 154 786

178 182 310 219 τιτίθησιν
323 183 417 220 ἕτερον
438 184 566 220 λογισμὸν
586 184 775 221 ἀληθέστερον,
800 185 847 212 καί
873 193 947 221 φησιι

998 202 1004 217 γ
1018 191 1079 210 nem
1099 183 1199 215 facere,
1215 183 1296 210 aliam
1313 184 1428 218 opponit
1442 184 1577 211 rationem
1602 183 1749 216 veriorem,
1776 190 1805 212 et

177 229 219 256 ἆτι
233 230 264 256 τὸ
275 231 370 263 κακὸν,
383 227 400 267 ᾖ
412 230 509 263 κακὸν,
524 231 653 266 οὐδεμίαν
665 232 771 266 γένεσιν
779 233 861 264 ποιεῖ,
885 231 966 267 μόνον

177 275 206 302 δὲ
219 276 334 312 φθείρει,
343 277 406 303 ὅσον
412 277 443 303 τὸ
450 276 494 303 ἐπ’
504 276 587 312 αὐτῷ,
595 276 644 312 τὴν
651 277 705 303 τῶν
712 277 796 304 ὄντων
806 277 963 305 ὑπόστασιν.

177 323 210 348 Et
234 322 262 348 δὲ
286 323 359 357 λέγοι
369 331 411 355 τις
436 323 502 350 αὐτὸ
526 323 726 358 γενεσιουργὸν,
748 323 847 359 διότιὴ
871 324 964 360 ἑτέρου

176 368 265 404 φθορὰ
279 368 394 405 θατέρου
407 369 514 404 γένεσίς
525 369 610 402 ἐστιν,
622 370 784 406 ἀποκριτέον
794 391 801 402 ,
816 370 854 402 ὡς
874 371 923 406 οὐχ
946 368 964 408 ᾖ

175 413 282 450 φθείρει
295 414 386 442 δίδωσι
397 414 446 451 τὴν
456 415 562 450 γένεσιν
571 424 577 430 ·
591 415 648 442 ἀλλ’
659 416 675 451 ἡ
689 416 737 451 μὲν
749 416 837 452 φθορὰ
847 416 963 453 φθείρει,

175 461 199 487 εί
214 460 242 487 δέ
253 468 286 495 γε
299 460 348 488 καὶ
360 460 465 495 γίνεταί
475 469 511 494 τι,
525 462 558 488 ὲκ
575 460 623 488 τοῦ
647 461 749 496 ἀγαθοῦ
770 462 874 497 γίνεται
886 482 893 494 ,
916 463 963 489 καὶ

173 507 249 534 ἔσται
261 507 291 534 τὸ
309 507 402 534 κακόν.
417 507 635 544 Σημείωσαιγὰρ
645 509 686 535 ὅτι
705 507 744 534 ἔτι
765 508 899 544 γυμνάζει
916 509 963 537 τὸν

172 553 261 587 λόγον,
275 553 322 579 καὶ
334 552 377 579 διὰ
388 552 465 579 τοῦτο
475 552 560 588 λέγει,
575 553 632 580 ἐστι
645 553 691 580 καὶ
701 553 752 580 οὐκ
763 553 846 581 ἐστιν.
865 554 962 581 Ἔσται

171 599 261 627 τοίνυν
272 599 304 626 τὸ
314 600 398 627 κακὸν
409 599 497 635 φθορά
511 600 559 636 μὲν
567 600 599 627 δι’
607 601 701 628 ἑαυτό·
715 600 759 627 διά
771 600 802 627 τὸ
814 601 915 635 ἀγαθὸν
921 601 960 634 δὲ,

172 646 371 682 γενεσιουργόν.
390 647 445 673 Καὶ
456 647 490 673 δι’
503 646 584 674 ἑαυτὸ
598 647 647 682 μὲν
658 646 719 673 οὔτε
738 646 779 679 ὃν,
791 646 853 673 οὔτε
876 647 961 675 ὄντων

172 691 312 727 ποιητικόν
326 693 384 719 ἐστι
395 701 402 707 ·
421 693 505 720 κακὸν
515 693 569 729 γὰρ
580 693 620 726 ὃν,
634 692 692 725 πῶς
705 693 738 720 ἂν
750 692 861 728 συσταίη
876 691 959 723 ποτὲ,

171 737 217 763 καὶ
233 737 314 765 πόθεν
325 738 401 774 σχοίη
411 738 461 774 τὴν
473 738 600 774 ὕπαρξιν,
612 738 740 774 στέρησις
753 738 782 765 δν
794 747 802 771 ;
827 738 876 766 Διὰ
888 738 917 765 δὲ
929 741 960 765 τὸ

169 786 281 820 ἀγαθὸν,
297 788 344 814 καὶ
353 787 383 814 ὃν
396 788 442 815 καὶ
451 788 561 824 ἀγαθῶν
571 788 709 825 ποιητικόν
717 790 799 816 ἐστιν·
807 788 837 816 ὃν
847 789 905 825 μὲν,
917 789 959 815 ὃτι

168 831 264 858 τούτου
276 832 491 869 ὑποχωροῦντος,
503 835 591 861 έκεῖνο
602 834 765 870 ἐμφαίνεται
775 843 783 850 θ
804 834 913 870 ἀγαθῶν
930 834 959 861 δὲ

1015 229 1065 263 ait,
1083 231 1183 258 malum
1196 239 1249 266 qua
1261 230 1361 258 malum
1376 231 1410 258 ad
1427 231 1528 258 nullam
1544 231 1747 267 generationem
1761 230 1803 258 fa-

1015 284 1088 310 cere,
1100 277 1147 304 sed
1163 281 1269 304 tantum
1285 285 1472 312 corrumpere,
1494 283 1627 313 quantum
1642 286 1676 305 ex
1692 285 1723 306 se
1748 284 1802 312 est,

1017 330 1108 350 rerum
1121 322 1338 350 subsistentiam.
1365 323 1393 350 Si
1409 324 1471 358 quis
1498 330 1591 351 autem
1622 324 1735 358 dixerit,
1752 325 1803 353 hoc

1015 365 1074 400 ipso
1090 368 1261 401 generationi
1281 367 1452 400 subservire,
1472 369 1545 403 quod
1568 369 1681 397 alterius
1705 378 1802 398 corru-

1014 411 1070 446 ptio
1083 412 1196 440 alterius
1208 414 1347 449 generatio
1358 415 1483 447 exsistat,
1503 415 1731 450 respondendum,
1747 424 1801 444 non

1015 457 1042 485 in
1069 464 1203 494 quantum
1231 460 1383 496 corrumpit
1413 461 1481 489 dare
1505 463 1729 497 generationem;
1753 465 1801 492 sed

1013 503 1151 538 corruptio
1161 504 1272 539 quidem
1289 507 1452 542 corrumpit,
1468 506 1491 534 si
1517 507 1582 542 quid
1600 514 1692 536 autem
1712 510 1801 545 gigni-

1015 551 1068 581 tur,
1083 556 1116 576 ex
1130 549 1204 577 bono
1219 550 1354 586 gignitur,
1366 556 1393 579 et
1404 552 1457 579 erit
1468 553 1580 580 malum.
1597 553 1717 582 Observa
1727 555 1801 583 enim

1012 595 1085 628 quod
1100 595 1191 623 adhuc
1207 597 1346 624 examinet
1361 597 1508 633 rationem,
1536 604 1563 626 et
1578 600 1682 628 idcirco
1707 601 1799 630 dicat:

1011 639 1060 667 Est
1069 645 1098 667 et
1111 648 1166 668 non
1176 647 1229 670 est.
1241 643 1332 678 Atque
1344 644 1414 671 adeo
1428 644 1528 672 malum
1541 653 1573 673 ex
1586 654 1616 674 se
1627 647 1735 681 quidem
1747 648 1801 676 erit

1011 686 1162 721 corruptio,
1177 687 1315 716 subservit
1333 693 1423 716 autem
1438 692 1607 725 generatiOni
1624 700 1673 727 per
1687 692 1714 720 id
1726 694 1800 729 quod

1010 732 1111 759 bonum
1124 738 1177 760 est.
1193 733 1285 769 Etper
1297 742 1328 763 se
1342 736 1452 770 quidem
1467 744 1556 772 neque
1575 746 1619 766 res
1645 743 1700 771 est,
1712 746 1800 774 neque

1011 783 1057 805 res
1085 778 1226 812 producit;
1254 787 1315 807 cum
1342 783 1414 808 enim
1445 782 1482 809 sit
1509 783 1627 816 malum,
1658 785 1797 819 quomodo

1010 823 1143 851 consistat
1154 832 1283 859 unquam,
1294 830 1322 853 et
1331 827 1401 854 unde
1411 827 1512 855 habeat
1523 829 1724 864 exsistentiam,
1735 838 1797 859 cum

169 867 376 914 ποιητικὸν,
387 880 416 906 ὲν
431 879 471 915 τῷ
489 880 610 916 φθείρειν
619 867 700 908 τοῦτο
718 881 767 918 τὴν
786 867 947 918 είδοπεποιη·

1009 867 1045 895 sit
1060 868 1260 902 privatio?Per
1270 870 1371 899 bonum
1390 878 1480 900 autem
1504 879 1531 902 et
1553 883 1599 903 res
1615 880 1668 910 est.
1684 881 1713 904 et
1726 877 1798 906 bona

170 925 253 961 μένην
261 924 364 958 οὐσίαν,
371 926 559 961 ἀντεισάγεται
569 925 638 960 εἶδος
645 927 688 954 ἒτε
693 936 737 963 ρον
745 928 794 964 τῆς
804 928 870 964 ὕλης
879 929 959 956 ἐνυπ-

168 971 316 1006 αρχούσης,
337 972 384 998 καὶ
396 971 441 998 διὰ
459 971 490 999 τὸ
509 972 612 1007 ἀγαθὸν
638 973 787 1010 δεχομένης
813 974 864 1009 τὴν
889 974 957 1001 είδο-

168 1016 276 1051 ποίησιν
286 1024 293 1031 ·
309 1016 409 1052 μᾶλλον
419 1017 447 1044 δὲ
459 1018 522 1045 ἐπεὶ
529 1018 667 1051 ἀκώλυτός
679 1021 753 1046 ἐστιν
764 1020 794 1047 ἐν
808 1021 864 1052 τοῖς
875 1020 957 1054 θείοις

166 1062 266 1097 λογίοις
274 1063 290 1099 ἡ
298 1063 328 1097 ἐξ
337 1063 513 1100 ἐπιλογισμοῦ
524 1064 578 1092 τῶν
588 1065 788 1102 ἀκριὸεστέρων
797 1066 954 1102 παράδοσις.

165 1109 203 1135 Τὸ
215 1109 279 1141 πᾶν,
293 1109 376 1144 λέγει,
389 1109 436 1137 τοῦ
449 1110 551 1145 ἀγαθοῦ
568 1111 637 1145 ἐστι,
649 1111 740 1144 καθὼς
752 1113 800 1139 καὶ
814 1121 956 1149 παρακατ-

167 1153 214 1181 ιὼν
242 1155 388 1189 ἀποδείξει.
402 1156 465 1188 Πῶς
479 1157 534 1193 γὰρ
548 1156 626 1185 ἔσται
649 1158 680 1185 τὸ
694 1159 759 1186 αὐτὸ
787 1159 835 1186 καὶ
853 1159 954 1193 ἀγαθὸν

164 1198 202 1231 ὡς
213 1200 246 1227 ὲκ
255 1200 303 1227 τοῦ
316 1201 436 1238 φθείρειν
448 1202 594 1238 προξενοῦν
613 1204 728 1238 γένεσιν,
741 1205 788 1232 καὶ
809 1204 893 1232 κακὸν
915 1205 953 1237 ὡς

163 1245 274 1282 φθεῖρον
284 1255 291 1280 ;
303 1248 364 1274 οὐδὲ
379 1247 434 1283 γὰρ
447 1247 494 1274 τοῦ
505 1249 588 1276 αὐτοῦ
600 1250 646 1276 καὶ
659 1250 718 1283 ἐνὸς
729 1251 889 1287 πράγματος
905 1252 952 1279 ιιία

164 1293 234 1320 κατὰ
249 1293 279 1320 τὸ
291 1294 356 1321 αὐτὸ
369 1294 493 1331 δύναμις,
506 1296 553 1323 καὶ
568 1296 656 1332 φθορά
678 1297 738 1324 ἐστι
755 1297 803 1324 καὶ
827 1297 931 1332 γένεσις
943 1307 950 1314 ·

162 1338 232 1375 ὅπερ
248 1340 401 1376 συμϐαίνει,
416 1341 496 1378 εἴπερ
508 1342 654 1378 δεξαίμεθα
665 1363 673 1375 ,
701 1343 742 1370 ὅτι
761 1342 876 1379 δύναμίς
893 1345 952 1372 sm

160 1384 191 1410 τὸ
204 1385 289 1412 κακὸν
309 1387 370 1413 καθ’
384 1387 484 1424 ἑαυτὴν
508 1388 545 1424 μὴ
564 1388 729 1425 φθείρουσα,
756 1389 826 1417 κατὰ
850 1390 952 1426 συμσε-

162 1433 246 1468 ϐηχὸς
259 1434 288 1461 δὲ
298 1435 348 1471 τὴν
365 1435 471 1470 γένεσιν
494 1436 662 1472 παρέχουσα.
681 1437 744 1469 Πῶς
762 1437 817 1474 γὰρ
833 1438 883 1473 τῆς
896 1438 950 1465 τῶν

160 1479 289 1507 ἐναντίων
305 1481 438 1516 κινήσεως
452 1481 501 1517 μία
512 1482 559 1509 καὶ
573 1483 590 1518 ἡ
609 1482 677 1518 αὐτὴ
687 1482 762 1510 ἔσται
772 1483 884 1519 δύναμις
896 1492 903 1516 ;
917 1484 950 1511 Ei

159 1524 214 1560 γὰρ
226 1525 273 1552 καὶ
288 1527 303 1553 ὁ
319 1527 410 1563 ίατρὸς
425 1527 534 1562 λέγεται
546 1527 658 1564 δύναμιν
674 1528 746 1563 ἔχειν
766 1529 888 1564 ὑγιάσαι,
901 1531 948 1557 καὶ

158 1571 273 1607 δύναμιν
282 1571 354 1608 ἔχειν
369 1573 446 1600 νόσον
461 1575 624 1610 παρασχεῖν,
635 1574 665 1601 τὸ
681 1575 730 1610 μὲν
742 1575 803 1602 καθ’
818 1575 900 1608 αὑτὸ,
915 1576 947 1603 τὸ

157 1617 187 1644 δε
199 1617 269 1645 κατά
283 1618 456 1655 συμϐεϐηκὸς
469 1622 502 1656 τῇ
518 1619 636 1655 ἀπουσίᾳ
654 1621 700 1647 καὶ
719 1620 758 1656 τῷ
779 1621 816 1657 μὴ
835 1621 946 1648 ἐπισκέ-

157 1662 274 1698 ψασθαι·
293 1664 395 1692 καὶτὸν
410 1665 581 1702 κυὸερνήτην
600 1666 637 1702 μὴ
657 1666 737 1702 μόνον
761 1667 882 1703 παρόντα
897 1668 947 1703 τῆς

158 1709 294 1745 σωτηρίας
305 1710 353 1745 τῆς
368 1709 433 1743 νεὼς
443 1710 603 1746 αἰτιώμεθα,
617 1712 685 1739 ἀλλά
704 1712 751 1739 καὶ
774 1713 877 1740 ἀπόντα
896 1714 946 1749 τῆς

156 1753 304 1787 ἀπωλείας.
319 1755 352 1782 ‘0
363 1755 418 1792 γὰρ
437 1756 524 1793 παρὸν
540 1756 688 1793 αἰτιώμεθα
710 1757 803 1790 τοῦδε,
826 1758 908 1794 φησὶν
931 1759 946 1785 ὁ

163 1800 359 1837 Ἀριστοτέλης,
370 1801 449 1828 τοῦτο
459 1803 506 1829 καὶ
516 1802 586 1829 ἀπὸν
595 1801 744 1839 αἰτιώμεθα
754 1803 800 1830 τοῦ
811 1803 943 1831 ἐναντίου.

162 1846 242 1874 Ἀλλὰ
253 1842 458 1884 προϋπόκειται,
469 1849 510 1876 δτι
520 1849 632 1885 δύναμίς
642 1850 684 1882 τίς
698 1851 772 1877 ἐστιν
786 1851 816 1877 ὲν
827 1849 941 1883 τούτοις,

155 1895 186 1922 ὲν
198 1895 295 1930 ἐκείνῳ
309 1895 358 1930 μὲν
369 1895 416 1922 τοῦ
427 1895 550 1930 ὑγιάσαι,
565 1897 595 1923 ὲν
616 1896 703 1933 τούτῳ
722 1897 750 1924 δὲ
769 1896 816 1924 τοῦ
835 1897 941 1930 σῶσαι,

154 1936 289 1975 ἧστινοςή
304 1940 423 1967 ἀπουσία
435 1941 565 1968 τάναντία
578 1942 694 1978 παρέχει
703 1950 710 1957 ·
734 1943 781 1969 καὶ
800 1942 861 1969 καθ’
876 1942 942 1970 αὐτὸ

155 1986 205 2020 μὲν
217 1985 251 2012 τὰ
263 1985 324 2012 καθ’
339 1985 395 2019 ἕξιν
409 1986 537 2020 γίνονται,
550 1987 585 2014 τὰ
597 1987 626 2013 δὲ
641 1987 710 2014 κατά
727 1987 855 2023 στέρησιν
871 1988 941 2015 κατὰ

153 2032 325 2068 πμὸεὸηκός
334 2041 341 2047 ·
355 2033 445 2060 ἐκεῖσε
457 2033 485 2060 δὲ
497 2034 514 2069 ὴ
532 2033 582 2069 μὲν
598 2033 726 2070 στέρησις
744 2033 775 2060 τὸ
799 2034 861 2060 καθ’
875 2034 941 2061 αὐτὸ

152 2076 218 2112 ἔχει,
232 2078 249 2113 ἡ
262 2078 291 2104 δὲ
305 2078 360 2112 ἕξις
373 2079 403 2105 τὸ
414 2079 484 2106 κατά
499 2079 682 2115 συμϐεϐηκός.
701 2080 750 2112 Τίς
760 2078 835 2116 οὖνὴ
857 2080 938 2108 δύνα-

153 2137 199 2164 μις
212 2128 292 2164 αὕτη,
306 2129 323 2165 ἡ
337 2128 408 2156 κατά
418 2129 545 2165 στέρησιν
561 2131 742 2166 συνισταμένη
753 2150 760 2163 ,
783 2131 843 2166 ἥτις
862 2131 938 2158 ἐστὶν

151 2175 181 2201 ἐν
193 2174 316 2210 τῷαύτῷ
331 2176 378 2202 καὶ
400 2175 487 2212 φθορὰ
515 2176 562 2203 καὶ
573 2177 697 2211 γένεσις;
720 2177 788 2204 Οὐδὲ
808 2177 862 2213 γὰρ
888 2178 938 2214 τῆς

149 2221 252 2256 φθορᾶς
265 2222 281 2257 ἡ
293 2221 418 2257 στέρησις
428 2222 533 2256 γένεσίς
545 2223 629 2254 ἐστιν,
639 2223 695 2250 ἀλλ’
708 2224 724 2259 ἡ
739 2223 789 2259 τῆς
800 2223 935 2259 γενέσεως
950 2233 974 2262 D

149 2268 196 2294 καὶ
205 2267 252 2293 τοῦ
270 2266 338 2295 εἶναι
355 2268 481 2304 στέρησις
493 2269 595 2305 φθορά·
611 2269 699 2305 οὐδὲή
716 2270 765 2305 τῆς
780 2270 934 2307 στερήσεως

147 2312 266 2339 ἀπουσία
276 2311 359 2348 «εἶδος,
373 2313 429 2340 ἀλλ’
442 2315 458 2350 ή
470 2315 517 2341 τοῦ
543 2314 629 2347 εἴδους
653 2316 769 2342 ἀπουσία
786 2315 873 2352 φθορά
887 2316 934 2343 καὶ

148 2357 285 2393 στέρησις.
301 2359 350 2386 Διὰ
365 2360 459 2392 τοῦτο,
480 2361 540 2387 ἐπεὶ
556 2362 603 2388 καὶ
622 2362 653 2388 τὸ
675 2362 761 2389 κακὸν
780 2362 935 2398 αὐτοφθορά

147 2404 215 2436 ἐστι,
227 2404 257 2430 τὸ
267 2405 295 2431 δὲ
306 2406 406 2440 ἀγαθὸν
416 2406 595 2443 αὑτοδύναμις
608 2408 648 2440 εἰς
675 2408 781 2442 γένεσιν
796 2429 803 2440 ,
826 2409 885 2442 πῶς
899 2409 933 2437 ἂν

146 2448 220 2484 εῖηή
243 2449 397 2486 αὐτοφθορά
417 2452 614 2488 αὑτοδύναμις,
639 2453 677 2486 ὡς
699 2453 828 2481 δύνασθαι
848 2455 932 2492 αὐτὴν

145 2494 233 2520 ποιεῖν
247 2502 273 2520 τι
286 2502 293 2528 ;
315 2495 383 2521 Ἀλλ’
395 2496 493 2524 ειδέναι
506 2497 568 2533 χρὴ,
588 2498 629 2525 ὅτι
643 2499 703 2525 ἐπεὶ
716 2499 746 2525 τὸ
770 2500 930 2534 αὑτόκακον,

144 2538 340 2575 αὐτοάμετρον,
356 2541 403 2567 καὶ
414 2542 607 2575 αὐτοανείδεον,
622 2544 669 2570 καὶ
682 2544 770 2580 ἑαυτῷ
783 2545 867 2572 κακὸν
885 2546 932 2572 οὐ-

144 2585 239 2618 σιῶδές
251 2586 335 2618 ἐστιν,
348 2587 378 2614 οὐ
398 2589 452 2624 μὴν
462 2588 548 2624 ἑτέρῳ
559 2590 642 2616 κακόν
654 2598 661 2605 ·
684 2590 763 2617 τοῦτο
785 2591 839 2628 γὰρ
860 2589 930 2625 εἶδός

142 2633 216 2658 ἐστιν
231 2629 286 2659 οἷον
299 2633 346 2659 καὶ
368 2633 540 2669 συμϐεϐηκὸς
562 2635 669 2668 κακίας.
695 2637 799 2673 Ὥσπερ
823 2637 930 2665 πάλινὸ

142 2676 207 2709 Θεὸς
215 2677 392 2714 αὑτόμετρον.
410 2680 456 2706 καὶ
473 2680 681 2714 αὑτοειδοποιὸν,
695 2683 742 2709 καὶ
762 2683 929 2718 αὑτοάγαθον

140 2723 278 2756 οὐσιῶδες,
291 2725 321 2750 οὐ
340 2725 394 2760 μὴν
408 2725 439 2752 τὸ
454 2727 484 2753 ὲν
506 2727 592 2763 ἑτέρῳ
614 2727 714 2762 ἀγαθόν
726 2737 733 2744 ·
757 2730 929 2766 συμϐεϐηκὸς

140 2768 195 2804 γὰρ
206 2770 293 2796 τοῦτο.
317 2771 402 2798 Τοῦτο
420 2771 509 2799 τοίνυν
518 2773 550 2799 τὸ
560 2773 712 2801 αὺτόκακον
730 2774 792 2802 οὔτε
805 2775 845 2809 δν,
865 2776 928 2804 οὔτε

139 2816 280 2850 ποιητικόν
291 2818 374 2850 ἐστιν,
390 2818 441 2845 οὐκ
453 2819 483 2846 ὲν
494 2819 610 2856 ὑπάρξει
622 2821 676 2848 τινί
683 2821 818 2857 φαίνεται,
831 2823 889 2850 ἀλλ’
897 2825 927 2851 ὲν

142 2862 357 2896 παρεισδύσειέν
370 2866 405 2900 τῇ
414 2864 461 2892 τοῦ
485 2866 746 2906 ἀγαθοῦ-στερήσει.
773 2871 826 2897 Καὶ
849 2871 926 2899 τοῦτό

1009 913 1145 947 producit.
1175 914 1242 948 Res,
1263 915 1374 951 inquam
1390 937 1398 949 ,
1414 918 1544 952 quoniam
1569 920 1621 948 hoc
1650 922 1796 950 recedente

1010 957 1075 986 illud
1091 964 1218 995 apparet;
1227 961 1298 989 bona
1305 968 1368 989 vero
1375 963 1509 997 producit,
1527 967 1590 1001 quia
1598 966 1663 994 dum
1673 967 1723 995 hoc
1731 976 1795 996 cor-

1008 1006 1110 1040 rumpit
1121 1006 1302 1035 substantiam
1317 1007 1475 1042 i'ormatam,
1490 1011 1725 1040 subintroducitur
1741 1015 1794 1042 alia

1006 1050 1093 1079 forma
1116 1053 1239 1080 materiae
1259 1053 1459 1090 inexsistentis,
1475 1061 1502 1083 et
1517 1064 1565 1092 per
1576 1058 1675 1086 bonum
1692 1059 1795 1088 forma-
1837 1076 1839 1079 τ

1007 1097 1107 1126 tionem
1133 1099 1327 1134 suscipientis;
1345 1102 1498 1135 praesertim
1518 1110 1579 1131 cum
1604 1104 1685 1132 obvia
1704 1106 1741 1133 sit
1765 1107 1794 1135 in

1005 1142 1104 1170 divinis
1117 1145 1239 1172 oraculis
1259 1152 1294 1173 ex
1307 1153 1398 1174 rerum
1417 1148 1617 1183 prmeipuarum
1644 1158 1793 1180 enumera-

1006 1191 1079 1217 tione
1090 1189 1174 1226 ωε
1190 1190 1312 1219 traditio.
1328 1191 1386 1220 Hoc
1410 1194 1578 1228 universum,
1605 1196 1707 1232 inquit,
1724 1198 1790 1226 boni

1003 1240 1056 1269 est,
1083 1239 1157 1265 sicut
1175 1238 1204 1266 in
1231 1247 1377 1275 progressu
1404 1242 1618 1273 demonstrabit.
1649 1245 1792 1278 Quomodo

1003 1282 1076 1310 enirn
1088 1283 1113 1310 id
1125 1284 1212 1319 ipsum
1221 1286 1274 1314 erit
1285 1291 1314 1313 et
1327 1288 1439 1320 bonum,
1462 1288 1490 1316 in
1518 1294 1650 1323 quantum
1664 1299 1791 1320 corrum-

978 1346 983 1350 -
1001 1331 1091 1364 pendo
1104 1337 1246 1365 promovet
1257 1334 1474 1368 generationem,
1487 1340 1515 1363 et
1530 1336 1642 1370 malum,
1658 1338 1685 1364 in
1700 1346 1791 1373 quan-

1003 1381 1059 1404 tum
1077 1380 1246 1415 corrumpit?
1265 1387 1354 1415 neque
1369 1383 1442 1409 enim
1454 1382 1577 1416 ejusdem
1596 1388 1624 1411 et
1649 1385 1731 1413 unius
1750 1385 1790 1414 rei

1002 1422 1088 1450 virtus
1101 1424 1181 1452 unica
1196 1427 1347 1456 secundum
1365 1428 1436 1455 idem
1449 1433 1477 1456 et
1487 1431 1627 1465 corruptio
1646 1436 1689 1458 est
1703 1435 1731 1459 et
1740 1438 1790 1466 ge-

1000 1469 1124 1503 neralio;
1137 1472 1208 1505 quod
1221 1472 1314 1507 utique
1328 1474 1472 1509 contingit,
1488 1475 1510 1502 si
1521 1477 1716 1511 concedamus,
1732 1485 1788 1504 inu-

999 1513 1055 1541 lum
1070 1523 1130 1543 esse
1143 1517 1272 1545 virtutem
1289 1526 1350 1553 qua:
1361 1521 1513 1548 secundum
1531 1529 1562 1549 se
1581 1530 1634 1550 non
1660 1531 1788 1552 corrum-

960 1554 982 1583 C
998 1564 1055 1594 pat,
1070 1567 1119 1594 per
1136 1562 1266 1590 accidens
1290 1568 1381 1592 autem
1409 1567 1615 1599 generationem
1642 1569 1783 1597 exhibeat.

999 1605 1140 1639 Quomodo
1153 1608 1226 1636 enim
1242 1614 1334 1637 motus
1347 1613 1550 1640 contrariorum
1567 1621 1619 1641 una
1635 1615 1787 1651 eademque

997 1652 1038 1679 \is
1052 1653 1127 1680 erit?
1142 1662 1205 1681 nam
1219 1655 1243 1682 si
1254 1656 1339 1683 etiam
1359 1657 1482 1686 medicus
1496 1659 1601 1686 dicatur
1615 1660 1716 1689 habere
1729 1662 1785 1689 vini

997 1699 1122 1732 satiandi,
1135 1704 1162 1726 et
1176 1699 1278 1728 habere
1291 1702 1346 1729 vim
1362 1703 1486 1731 morbum
1510 1705 1668 1734 coul'erendi
1681 1726 1690 1740 ,
1709 1707 1784 1736 “illud

995 1743 1106 1778 quidem
1122 1752 1171 1779 per
1186 1753 1227 1780 se,
1249 1747 1302 1774 hoc
1314 1753 1404 1775 autem
1434 1757 1485 1784 per
1498 1750 1628 1779 accidens
1641 1772 1650 1786 ,
1670 1759 1785 1789 propter

995 1790 1149 1818 absentiam
1165 1792 1209 1819 vel
1222 1792 1470 1830 inadvertentiam;
1487 1800 1515 1823 et
1530 1798 1706 1833 gubernatori
1727 1808 1783 1829 non

994 1835 1081 1864 solum
1099 1840 1227 1873 praesenti
1243 1840 1359 1868 salutem
1376 1842 1452 1870 navis
1478 1846 1643 1874 ascribimus
1656 1867 1664 1880 ,
1685 1855 1783 1876 verum

993 1882 1077 1910 etiam
1098 1885 1204 1912 absenti
1232 1887 1424 1921 perditionem.
1453 1889 1531 1923 Quod
1558 1892 1630 1919 enim
1658 1901 1782 1928 prtesens

993 1928 1074 1963 hujus
1083 1937 1193 1958 causam
1213 1931 1341 1966 dicimus,
1357 1934 1446 1970 inquit
1460 1937 1632 1973 Aristoteles,
1652 1941 1680 1969 id
1697 1942 1780 1970 etiam

992 1976 1093 2003 absens
1106 1979 1240 2005 contrarii
1256 1987 1367 2008 causam
1379 1984 1540 2012 asserimus.
1557 1985 1610 2014 Sed
1622 1995 1779 2024 prrsuppo-

992 2021 1066 2048 nitur
1081 2022 1108 2050 in
1125 2023 1167 2051 his
1180 2024 1220 2052 vis
1233 2025 1325 2061 aliqua
1337 2046 1345 2060 ,
1361 2027 1390 2055 in
1401 2028 1448 2057 illo
1464 2030 1574 2065 quidem
1594 2021 1738 2068 curandi-,-
1749 2036 1776 2063 in

991 2067 1043 2094 hoc
1057 2071 1148 2095 autem
1162 2071 1303 2104 servandi,
1315 2072 1396 2108 cujus
1414 2074 1538 2103 absentia
1553 2080 1692 2107 contraria
1707 2088 1779 2115 pra:-

990 2117 1060 2141 stet:
1077 2122 1110 2142 ac
1123 2122 1173 2150 per
1184 2123 1215 2143 se
1229 2118 1338 2152 quidem
1354 2119 1400 2147 illa
1427 2121 1497 2149 liunt
1523 2126 1674 2153 secundum
1699 2127 1778 2155 habi-

991 2165 1059 2198 turn,
1069 2161 1126 2188 haec
1139 2169 1204 2190 vero
1217 2163 1367 2192 secundum
1379 2167 1559 2201 privationem
1573 2178 1622 2205 per
1633 2173 1775 2201 accidens:

990 2210 1026 2237 ibi
1038 2216 1128 2239 autem
1141 2213 1259 2247 privatio
1284 2221 1314 2241 se
1340 2215 1422 2243 habet
1449 2225 1498 2252 per
1512 2225 1558 2251 se,
1579 2220 1688 2250 habitus
1712 2230 1777 2252 vero

987 2265 1036 2291 per
1049 2258 1186 2286 accidens.
1201 2259 1332 2293 Quaenam
1349 2262 1442 2296 itaque
1457 2265 1517 2292 haec
1533 2266 1574 2293 vis
1588 2268 1641 2300 sit,
1653 2276 1714 2304 qua:
1727 2277 1773 2297 se-

985 2305 1104 2332 cundum
1121 2306 1301 2340 privationem
1318 2309 1462 2342 subsistat,
1491 2318 1552 2346 qua:
1568 2312 1596 2340 in
1621 2316 1720 2342 eodem
1737 2317 1776 2344 sit

984 2354 1013 2378 et
1022 2352 1161 2387 corruptio
1173 2357 1201 2380 et
1215 2354 1376 2387 generatio?
1393 2355 1487 2391 Neque
1502 2359 1575 2386 enim
1586 2361 1773 2396 corruptionis

984 2397 1101 2432 privatio
1112 2400 1252 2433 generatio
1266 2404 1317 2433 est,
1333 2401 1380 2428 sed
1389 2403 1572 2437 generationis
1587 2410 1616 2433 et
1632 2407 1770 2436 exsisten~

984 2446 1028 2473 tite
1040 2447 1157 2481 privatio
1166 2449 1306 2483 corruptio
1319 2454 1378 2482 est;
1397 2459 1484 2486 neque
1497 2453 1661 2488 privationis
1672 2456 1771 2484 absen-

985 2493 1020 2520 tia
1037 2493 1123 2522 iorma
1138 2500 1191 2526 est,
1203 2497 1251 2523 sed
1264 2497 1359 2525 formae
1373 2497 1499 2527 absentia
1520 2502 1662 2536 corruptio
1674 2509 1718 2531 est
1741 2509 1769 2532 et

981 2540 1106 2574 privatio.
1130 2542 1301 2578 Quapropter
1328 2552 1390 2572 cum
1423 2546 1507 2574 etiam
1535 2548 1637 2575 malum
1662 2557 1710 2584 per
1737 2558 1768 2578 se

982 2589 1120 2622 corruptio
1130 2589 1176 2620 sit,
1189 2590 1289 2617 bonutn
1303 2597 1395 2618 autem
1408 2599 1458 2627 per
1480 2600 1510 2620 se
1524 2594 1613 2621 valeat
1629 2595 1663 2622 ad
1682 2603 1764 2631 gene-

981 2635 1126 2669 rationem,
1149 2638 1285 2671 quomodo
1295 2645 1344 2673 per
1359 2646 1389 2666 se
1401 2641 1541 2675 corruptio
1556 2642 1593 2669 sit
1604 2649 1653 2676 per
1666 2650 1696 2670 se
1707 2643 1766 2670 vir-

981 2686 1034 2714 tus,
1051 2687 1080 2710 ut
1094 2684 1180 2718 possit
1190 2685 1293 2719 aliquid
1310 2686 1421 2714 facere?
1435 2686 1488 2715 Sed
1512 2688 1664 2723 sciendum,
1689 2691 1764 2725 quod

979 2737 1042 2756 cum
1053 2736 1101 2763 per
1112 2737 1142 2757 se
1152 2731 1264 2762 malum,
1278 2739 1371 2766 perse
1398 2733 1572 2768 immensum,
1597 2742 1646 2770 per
1668 2743 1699 2764 se
1723 2737 1767 2764 in-

980 2775 1077 2810 forme,
1087 2783 1114 2805 et
1126 2785 1156 2805 se
1169 2778 1227 2813 ipso
1238 2779 1421 2807 essentialiter
1433 2781 1534 2808 malum
1545 2782 1591 2815 sit,
1604 2790 1658 2810 non
1670 2788 1761 2812 autem

978 2832 1028 2860 per
1041 2825 1156 2853 alterum
1174 2825 1292 2859 malum;
1307 2827 1359 2854 hoc
1371 2827 1444 2854 enim
1459 2828 1546 2856 forma
1570 2834 1623 2862 eat,
1639 2835 1667 2857 et
1683 2831 1763 2864 quasi

980 2872 1106 2901 accidens
1126 2873 1246 2901 malitiae.
1268 2874 1345 2902 Sicut
1359 2874 1460 2903 iterum
1476 2875 1548 2903 Deus
1562 2884 1611 2910 per
1631 2883 1660 2904 se
1687 2885 1772 2907 mene.
