1938 3065
182 149 232 175 787

761 147 790 175 S.
808 145 958 177 DIONYS“
975 143 1208 176 AREOPAGITE

1751 151 1804 181 788

180 214 255 239 sura,
268 214 315 240 per
327 213 356 233 se
371 205 486 235 formam
504 206 638 238 tribuens.
652 209 678 234 et
691 212 739 240 per
752 213 782 233 se
805 206 905 234 bonum
921 213 951 233 es

1016 207 1089 233 ἐστιν
1100 207 1114 233 ὃ
1127 206 1201 241 λέγει
1213 208 1228 233 ὸ
1241 207 1327 243 μέγας
1342 206 1465 241 θεολόγος
1477 207 1625 244 Γρηγόριος
1635 206 1675 243 τῇ
1682 208 1736 236 τοῦ
1748 216 1801 235 κα-

181 252 296 280 sentiale
310 257 364 285 est,
379 260 432 280 non
451 257 543 280 autem
553 253 581 280 in
592 253 679 280 altero
692 253 810 285 bonum;
824 253 877 281 hoc
892 253 963 281 enim

179 298 316 325 accidens.
330 298 404 326 lstud
429 299 522 334 itaque
536 306 586 334 per
615 306 646 326 se
673 299 774 326 malum
798 306 886 333 neque
910 305 961 330 est.

183 350 273 378 neque
286 343 380 371 efficax
395 348 447 377 est,
463 351 515 372 nec
526 348 640 380 apparet
655 344 680 371 in
692 344 782 379 aliqua
794 344 961 378 exsistentia,

178 390 226 417 sed
243 390 271 417 in
288 390 448 426 irreptione,
462 391 488 418 in
501 391 564 418 boni
588 391 751 426 privatione.
779 391 813 419 Et
839 392 890 419 hoc
908 397 961 423 est,

177 437 248 472 quod
261 445 375 472 magnus
390 437 435 465 ille
451 437 593 473 theologus
616 437 763 473 Gregorius
782 437 821 465 ait
849 446 909 466 esse
933 439 962 465 in

179 483 240 510 boni
257 484 330 518 fuga.
347 483 487 517 Quomodo
500 485 581 519 igitur
590 484 689 511 malum
705 484 817 518 irrepat,
831 492 891 511 cum
908 492 961 512 non

179 529 226 561 sit,
240 527 328 556 fusius
341 529 463 563 exponit,
477 535 504 556 et
517 533 602 556 totum
615 530 688 556 bono
703 529 960 557 attribuit.'Bonum

178 574 261 610 509
274 575 365 609 itaque
378 574 586 609 quibuscunque
597 574 706 609 quidem
733 573 855 608 perfecte
878 573 959 607 inest,

178 623 271 648 eadem
285 621 454 656 impermista
473 625 501 648 et
525 621 630 656 integra
648 621 717 648 bona
744 620 847 653 reddit;
861 619 960 654 quibus

176 675 242 695 vero
253 667 342 694 minus
353 668 434 700 inest,
448 667 576 702 permism
588 671 651 693 sunt
662 665 741 693 malo.
756 664 855 692 Malum
868 669 958 692 tamen

177 721 231 741 non
249 718 292 740 est
303 721 351 748 per
363 720 403 745 se,
419 712 467 740 sed
482 720 531 747 per
541 711 605 740 boni
625 711 772 744 defectum,
787 711 959 746 quandoqui-

175 759 237 786 dem
249 758 294 786 illa
311 757 430 793 perfecta
445 759 563 791 bonitas,
575 766 634 792 quae
647 765 696 792 per
706 757 797 784 omnia
809 765 848 792 se,
858 757 957 784 diffun-

175 805 224 837 dit,
241 812 295 832 non
312 804 399 832 solum
415 812 501 838 usque
517 803 550 831 ad
566 803 691 831 cualestes
704 811 736 831 ac
748 804 855 831 divinas
870 804 956 830 virtu-

175 855 215 878 tes
230 851 369 886 pertingit,
385 851 431 877 sed
445 850 478 877 ad
497 855 637 878 extremas
656 857 742 884 usque
762 851 845 877 etiam
870 855 957 877 terre-

1013 253 1071 280 λοῦ
1081 252 1173 287 φυγῇ.
1181 253 1244 284 Πῶς
1256 252 1344 279 τοίνυν
1352 253 1383 279 eo
1394 253 1487 285 κακὸν,
1500 254 1538 290 μὴ
1546 254 1586 287 ὃν,
1595 255 1799 290 παρεισδύεται,

1013 299 1136 334 ἐκτίθησι
1148 299 1323 335 πλατύτερον,
1339 301 1386 327 καὶ
1397 300 1428 326 τὸ
1439 301 1494 327 πᾶν
1507 301 1631 336 ὲπινέμει
1643 301 1682 336 τῷ
1692 300 1799 336 ἀγαθῷ.

1013 346 1050 373 Τὸ
1061 346 1126 381 γοῦν
1137 347 1247 381 ἀγαθὸν,
1262 348 1290 373 ὲν
1303 345 1344 378 οἷς
1358 347 1407 383 μὲν
1417 347 1516 379 τελέως
1527 348 1671 384 ἐγγένηται
1681 369 1689 381 ,
1710 348 1799 384 ἀμιγῆ

1013 393 1084 419 ποιεῖ
1094 393 1140 419 καὶ
1151 392 1287 428 ὁλόκληρα
1295 393 1386 428 ἀγαθά
1394 402 1401 408 ·
1416 392 1457 425 οἷς
1469 394 1497 420 δὲ
1518 392 1600 430 ἦττον
1609 415 1617 427 ,
1643 396 1800 431 μεμιγμένα

1012 437 1080 472 πρὸς
1093 437 1124 464 τὸ
1134 437 1227 464 κακόν.
1243 438 1280 464 Οὐ
1297 438 1348 473 μὴν
1361 438 1390 465 δέ
1407 439 1465 464 ἐστι
1483 439 1515 465 τὸ
1539 439 1623 466 κακὸν
1645 440 1705 466 καθ’
1718 440 1796 472 αὐτὸ,

1011 481 1079 508 ἀλλὰ
1092 481 1135 509 διὰ
1147 481 1196 517 τὴν
1221 482 1267 509 τοῦ
1285 483 1395 517 -ἀταθοῦ
1409 483 1526 519 ἔλλειψιν
1538 492 1544 499 ·
1568 485 1683 520 ἐπείπερ
1707 485 1724 520 ἡ
1750 485 1798 512 διὰ

1012 529 1120 555 πάντων
1132 528 1252 563 φοιτῶσα
1264 529 1397 565 παντελὴς
1413 529 1548 565 ἀγαθός-ης
1561 531 1591 557 οὐ
1613 531 1692 566 μέχρι
1708 531 1796 566 μόνων

1010 576 1095 609 χωρεί
1105 575 1160 600 τῶν
1173 574 1305 610 οὐρανίων
1319 575 1365 601 καὶ
1377 575 1456 601 θείων
1469 575 1609 610 δυνάμεων
1618 595 1626 608 ,
1640 576 1696 602 ἀλλ’
1706 577 1795 602 ἐκτεί-

1010 628 1084 646 νεται
1098 620 1161 656 ἄχρι
1175 621 1222 646 καὶ
1246 620 1300 647 τῶν
1312 621 1434 655 ἐσχάτων
1457 621 1503 647 καὶ
1525 621 1580 648 τῶν
1605 621 1723 657 γηΐνων·
1749 621 1794 649 διὰ

1008 665 1088 692 τοῦτο
1099 666 1153 701 γὰρ
1164 666 1211 692 καὶ
1225 667 1242 702 ὴ
1256 666 1293 701 γῆ
1304 666 1351 693 τοῦ
1362 665 1429 693 Θεοῦ
1442 666 1550 700 λέγεται
1562 667 1714 694 ὑποπόδιον.
1739 668 1796 694 Καὶ

1008 713 1064 744 τοῖς
1078 712 1126 747 μὲν
1136 711 1222 744 ἄλλως
1235 712 1282 739 καὶ
1296 711 1383 744 ἄλλως
1396 712 1456 739 κατ’
1469 712 1594 739 ὲπίτασίν
1612 721 1643 739 τε
1663 713 1709 739 καὶ
1727 713 1795 747 ὕφε-

1009 764 1060 788 σιν,
1074 757 1130 788 τοῖς
1141 756 1169 782 δὲ
1182 757 1305 792 ἐσχάτοις
1318 756 1388 784 κατά
1407 756 1518 792 ἔσχατον
1531 757 1664 792 ἀπήχημα
1677 757 1794 792 πάρεστι

1007 801 1133 836 τάγαθόν.
1154 802 1197 834 Ὠς
1212 802 1267 838 γὰρ
1279 802 1394 838 ἔφημεν,
1409 803 1508 829 ὑπόθου
1523 803 1584 830 τινὰ
1600 803 1694 838 βοῆσαι
1709 803 1792 838 μέγα,

1007 847 1054 873 καὶ
1081 847 1126 874 τὸν
1153 847 1201 882 μὲν
1228 848 1312 882 ἐγγὺς
1335 848 1477 884 ίστάμενον
1509 849 1556 876 καὶ
1587 849 1741 884 ἐρρωμένον
1762 849 1794 875 τὸ

174 903 278 931 nasque
289 896 478 932 protenditur;
495 896 625 931 quoniam
645 896 748 924 idcirco
769 896 851 923 etiam
880 901 951 924 terra

1005 894 1174 926 ἀκουστικὸν,
1186 894 1250 930 ὃλην
1262 894 1387 926 δέξασθαι
1398 895 1446 931 τὴν
1460 895 1523 931 βοὴν
1532 915 1540 928 ,
1561 895 1624 927 τοὺς
1633 895 1661 922 δὲ
1675 895 1795 931 ἀφεστη-

174 943 277 970 dicitur
290 943 437 971 scabellum
453 944 499 970 Dei
507 949 532 970 ει.
543 943 631 977 Atque
640 942 701 970 aliis
709 943 820 977 quidem
827 943 906 971 aliter
913 948 957 971 at-

173 996 226 1023 que
236 989 316 1017 aliter
323 989 470 1016 secundum
478 989 658 1017 intentionem
666 994 692 1016 et
701 989 900 1021 remissionem,
908 996 957 1016 ex-

174 1034 268 1062 tremis
281 1042 346 1062 vero
357 1034 504 1061 secundum
519 1039 669 1062 extremam
683 1035 759 1069 quasi
772 1035 954 1062 resonantiam

171 1082 249 1109 adest
262 1082 374 1108 bonum.
388 1080 464 1107 Sicut
472 1081 544 1107 enim
556 1080 686 1113 diximus,
699 1088 820 1116 suppone
836 1081 955 1115 aliquem

171 1127 390 1160 altevociferari,
403 1134 434 1154 ac
447 1127 565 1154 vicinum
577 1127 685 1162 quidem
699 1128 848 1162 audituque
859 1128 954 1154 valen-

171 1178 226 1201 tem
239 1177 323 1201 totam
335 1180 429 1200 vocem
444 1173 580 1207 excipere,
597 1177 715 1200 I‘GHIOIOS
727 1178 817 1201 autem
831 1181 880 1208 pro
895 1177 953 1200 rata

172 1219 308 1248 distantia
322 1219 671 1257 portione,remolissimum
685 1227 750 1247 vero
760 1219 953 1247 obscurissime

172 1272 302 1301 tanquam
338 1265 518 1293 resonantiam
547 1265 691 1300 quamdam
728 1265 852 1292 ultimam
877 1266 952 1293 vocis

172 1312 372 1347 quodammodo
380 1312 536 1346 percipere;
552 1312 603 1338 nisi
613 1312 685 1339 enim
698 1312 748 1339 hoc
761 1313 839 1340 modo
850 1313 951 1339 bonum

171 1357 389 1392 participaretur,
406 1356 499 1391 utique
514 1356 682 1384 divinissima
703 1357 878 1389 exsisterent,
888 1364 948 1391 qu;e

172 1403 382 1430 novissimorum
394 1403 473 1429 modo
484 1402 607 1429 ordinem
618 1407 720 1430 tenent.
729 1402 850 1435 Quonam
860 1408 949 1429 autem

168 1453 251 1484 pacto
270 1448 413 1483 oportebat
438 1447 580 1482 aequaliter
596 1447 687 1474 omnia
711 1447 810 1474 bonum
839 1448 951 1482 partici-

169 1502 246 1530 pare,
262 1502 323 1522 cum
335 1494 462 1528 qualibet
475 1494 508 1520 ad
527 1493 658 1528 aequalem
674 1493 737 1521 boni
765 1494 950 1529 participatio-

168 1547 230 1568 nem
247 1547 301 1567 non
315 1539 369 1566 sint
393 1537 619 1566 accommodata?
632 1537 709 1565 Nunc
725 1542 815 1565 autem
837 1537 894 1565 haec
907 1542 949 1566 est

1006 941 1087 972 κότας
1108 940 1246 974 ἀναλόγως
1263 942 1296 976 τῇ
1317 941 1471 974 διαστάσει,
1492 941 1538 969 τὸν
1557 941 1585 968 δὲ
1604 942 1675 968 πάνυ
1698 941 1793 977 πόρρω

1006 986 1180 1022 ἁμυδρότατα
1192 986 1229 1018 ὡς
1241 987 1333 1022 ἀπηχή
1339 995 1422 1022 ματος
1434 987 1548 1014 ὑστάτου
1563 986 1653 1018 ποσῶς
1665 985 1791 1013 αἰσθάνε-

1006 1032 1083 1059 σθαι·
1100 1033 1124 1059 ει
1137 1032 1192 1067 γὰρ
1206 1032 1242 1068 μὴ
1262 1032 1348 1064 οὕτως
1365 1033 1382 1068 ἡ
1402 1032 1448 1059 τοῦ
1475 1031 1576 1066 ἀγαθοῦ
1598 1031 1724 1067 μετουσία
1743 1026 1789 1067 ἦν,

1003 1076 1072 1114 ἦσαν
1088 1080 1121 1105 ἂν
1133 1078 1167 1105 τὰ
1180 1078 1305 1105 θειότατα
1317 1078 1365 1114 τὴν
1379 1079 1435 1106 τῶν
1446 1080 1567 1114 ἐσχάτων
1587 1078 1663 1111 τάξιν
1683 1077 1789 1114 ἔχοντα.

1004 1123 1066 1156 Πῶς
1077 1124 1104 1151 δὲ
1117 1124 1170 1150 ἔδει
1186 1124 1275 1152 πάντα
1299 1125 1397 1160 ἐπίσης
1415 1124 1539 1160 δέχεσθαι
1559 1124 1589 1151 τὸ
1611 1123 1729 1158 ἀγαθὸν,
1751 1123 1790 1158 μὴ

1003 1169 1066 1196 όντα
1080 1170 1177 1206 ἐπίσης
1188 1171 1256 1206 πρὸς
1268 1170 1346 1197 τοῦτο
1359 1171 1515 1206 ὲπιτὴδειας
1529 1170 1587 1197 Νῦν
1599 1170 1627 1196 δὲ
1638 1169 1716 1197 τοῦτό
1729 1170 1789 1196 ἐστι

1002 1216 1033 1243 τὸ
1046 1216 1211 1252 ὑπρῦάλλον
1225 1217 1275 1253 τῆς
1284 1216 1331 1243 τοῦ
1347 1217 1447 1251 ἀγαθοῦ
1460 1217 1611 1253 δυνάμεως,
1624 1217 1664 1243 ὅτι
1684 1217 1731 1243 καὶ
1753 1216 1789 1243 τὰ

1002 1262 1169 1297 ὲστερημένα
1180 1263 1229 1289 οὐκ
1240 1263 1326 1290 ἄλλων
1338 1263 1398 1289 οὐδὲ
1411 1263 1470 1290 κατ’
1484 1262 1547 1290 ἄλλο
1564 1272 1602 1296 τι,
1626 1262 1693 1290 ἀλλὰ
1716 1262 1788 1289 κατᾶ

1001 1308 1050 1344 τὴν
1063 1308 1144 1335 αὐτοῦ
1161 1309 1287 1344 στέρησιν
1297 1309 1439 1344 ὲνδυναμοῖ
1461 1309 1530 1336 κατά
1552 1309 1639 1341 τοῦτο,
1662 1309 1732 1336 κατὰ
1756 1310 1789 1336 τὸ

1000 1354 1068 1387 ὅλως
1081 1354 1162 1382 αὐτοῦ
1175 1356 1305 1391 μετέχειν.
1319 1355 1374 1382 Καὶ
1384 1355 1462 1383 τοῦτό
1474 1357 1531 1382 ἐστι
1554 1356 1593 1382 τό·
1608 1356 1643 1383 τὰ
1653 1355 1788 1383 ἀδύνατα

1000 1400 1081 1434 παρὰ
1092 1399 1255 1434 ἀνθρώποις
1264 1400 1378 1428 δυνατὰ
1387 1401 1467 1435 παρὰ
1475 1401 1515 1434 τῷ
1522 1401 1592 1434 Θεῷ.
1607 1402 1637 1428 Εἰ
1649 1401 1702 1437 χρὴ
1709 1401 1736 1428 δὲ
1748 1403 1789 1428 εἰ·

1000 1447 1061 1473 πεῖν
1078 1446 1325 1482 παρῤησιασμένον,
1338 1447 1379 1474 ὅτι
1391 1447 1437 1474 καὶ
1450 1447 1483 1474 τὰ
1501 1448 1639 1483 μαχόμενα
1657 1447 1740 1482 αὐτῷ,
1751 1449 1784 1484 τῇ

999 1492 1082 1520 αὐτοῦ
1094 1493 1207 1528 δυνάμει
1220 1493 1268 1519 καὶ
1280 1493 1394 1520 ἐστικαὶ
1415 1494 1545 1529 μάχονται
1555 1502 1561 1509 ·
1582 1493 1706 1529 ἀνέχεται
1731 1494 1787 1529 γὰρ

999 1539 1046 1566 καὶ
1061 1539 1228 1575 ἁμαρτωλῶν
1240 1541 1254 1566 ό
1266 1540 1341 1573 Θεὸς,
1355 1539 1421 1567 ἀλλὰ
1440 1540 1487 1567 καὶ
1500 1539 1603 1566 πολλῶν
1627 1540 1786 1575 μαχομένων

167 1585 297 1621 potentiae
309 1585 371 1613 boni
388 1589 519 1620 praestans
531 1584 690 1620 magnitudo
703 1603 712 1616 ,
725 1583 796 1618 quod
811 1583 894 1610 etiam
907 1583 949 1610 sui

1002 1586 1057 1616 τοῖς
1070 1584 1151 1617 θείοις
1167 1585 1249 1611 αὐτοῦ
1263 1585 1411 1620 θελήμασι’
1438 1585 1486 1612 καὶ
1498 1585 1577 1612 τοῦτό
1603 1586 1661 1612 ἐστι
1678 1585 1708 1611 τὸ
1727 1586 1785 1616 τοῖς

168 1632 289 1667 expertia
306 1640 358 1659 non
373 1632 445 1664 aliis,
463 1639 552 1666 neque
571 1631 652 1658 aliter
668 1638 747 1665 quam
761 1637 810 1665 per
821 1630 862 1657 sui
889 1630 948 1664 pri-

169 1679 304 1706 vationem
321 1677 477 1705 corroboret
499 1677 532 1704 ad
545 1677 632 1712 ipsum
656 1676 766 1703 omnino
783 1675 950 1710 participan-

168 1724 243 1752 dnm.
260 1724 292 1751 Et
302 1723 352 1752 hoc
367 1728 419 1756 est,
429 1723 502 1758 quod
516 1730 576 1758 quae
588 1722 765 1757 impossibilia
782 1726 844 1749 sunt
860 1721 949 1748 homi-

168 1770 258 1802 nibus,
285 1769 423 1805 possibilia
448 1769 505 1797 sint
530 1768 597 1797 Deo.
619 1767 697 1801 Quod
723 1768 746 1795 si
767 1768 949 1795 conﬁdentius

168 1816 259 1844 dicere
271 1815 361 1848 liceat,
374 1815 418 1842 illa
434 1816 515 1842 etiam
532 1822 593 1850 quae
610 1814 661 1849 ipsi
675 1819 834 1850 repugnant,
847 1814 948 1849 ipsius-

168 1866 224 1889 met
241 1862 266 1888 vi
278 1865 378 1890 etsunt
389 1867 417 1889 et
431 1866 571 1896 pugnant;
590 1861 707 1888 sustinet
728 1861 800 1888 enim
822 1865 948 1895 peccato-

168 1914 213 1934 res
227 1906 307 1939 Deus,
332 1906 387 1934 imo
400 1907 533 1941 plurimos
555 1906 654 1933 divinis
683 1905 740 1933 suis
764 1905 948 1934 voluntatibus

168 1957 366 1988 repugnantes;
381 1956 409 1980 et
422 1953 472 1979 hoc
487 1956 529 1980 est
541 1952 613 1987 quod
629 1951 713 1986 ipsius
730 1951 842 1986 judiciis
855 1959 947 1979 reser-

166 2005 260 2026 vatum
269 2003 320 2032 est,
329 1999 391 2026 dum
406 1998 533 2031 dicimus,
543 1999 641 2033 quibus
650 1998 761 2034 judiciis
778 1999 853 2026 novit
865 1998 946 2032 Deus,

167 2044 219 2072 hoc
233 2044 274 2078 ﬁt,
291 2049 318 2072 et
332 2044 383 2072 hoc
397 2051 450 2071 non
471 2044 511 2071 flt.
526 2044 664 2078 Quinimo,
680 2050 710 2071 ut
731 2044 886 2072 summatim
904 2045 946 2072 di-

168 2098 240 2122 cam,
255 2097 286 2118 es
300 2097 359 2124 quae
374 2093 437 2117 sunt
450 2089 551 2122 omnia,
566 2089 593 2116 in
605 2094 737 2124 quantum
752 2089 822 2117 bona
835 2093 908 2119 sunt.
920 2093 948 2116 et

167 2141 241 2169 sunt,
258 2140 286 2162 et
305 2137 373 2163 bona
390 2143 425 2163 ex
448 2135 520 2163 bono
533 2138 616 2168 sunt;
644 2135 671 2162 in
700 2140 830 2170 quantum
855 2140 946 2163 autem

167 2182 239 2209 bono
255 2182 358 2215 privata
380 2185 453 2215 sunt,
471 2189 524 2208 non
539 2181 618 2208 modo
633 2189 686 2208 non
706 2182 777 2209 bona
790 2187 872 2214 sunt,
900 2181 948 2209 sed

169 2235 203 2254 ne
215 2228 349 2254 exsistunt
361 2227 482 2261 quidem.
495 2225 564 2253 Hinc
576 2226 710 2261 intelliges
720 2226 803 2253 etiam
817 2226 882 2253 illud
890 2227 947 2254 Ab-

167 2273 218 2300 diae
242 2273 378 2307 propheta:
397 2272 499 2299 dictum
523 2271 557 2299 de
579 2273 790 2309 peccatoribus:
809 2271 845 2299 Ει
867 2276 945 2299 erunt

167 2318 243 2353 quasi
260 2325 312 2344 non
328 2318 379 2344 sint
392 2317 418 2345 δ.
429 2317 505 2351 Quod
519 2317 602 2345 etiam
621 2318 647 2344 in
663 2317 784 2352 profanis
794 2317 882 2345 locum
897 2319 946 2345 ha-

167 2365 223 2397 bet,
245 2367 274 2390 ut
289 2364 316 2390 in
331 2363 458 2396 Homero,
475 2370 502 2390 ν.
517 2370 543 2398 g.
556 2370 618 2390 cum
633 2364 694 2397 quis
715 2363 837 2398 loquitur
851 2365 885 2391 de
897 2364 946 2391 bo-

167 2411 209 2437 nis
223 2417 339 2444 quorum
350 2409 414 2436 olim
427 2409 563 2444 particeps
589 2410 714 2443 exstitit,
739 2410 836 2444 quibus
866 2411 946 2438 modo

166 2456 287 2491 privatus
315 2459 367 2488 est,
396 2455 419 2482 εὶ
447 2456 552 2490 quando
575 2456 686 2489 fuerint.
710 2455 787 2484 Unde
810 2456 946 2490 colligitur

165 2501 275 2529 omnino
298 2501 399 2528 malum
422 2507 483 2528 esse
510 2501 581 2535 quod
605 2501 715 2528 omnino
741 2502 876 2536 privatum
901 2507 945 2530 est

168 2547 250 2579 bono,
261 2551 290 2573 ut
304 2545 375 2580 quod
386 2553 435 2572 nec
446 2550 515 2578 erat,
542 2553 592 2573 nec
612 2551 665 2578 est,
690 2553 740 2574 nec
756 2553 818 2574 esse
844 2551 943 2581 potest.

170 2592 308 2627 Suppone.
323 2592 422 2626 inquit,
433 2592 532 2619 bonum
548 2598 608 2619 esse
624 2591 761 2626 habitum;
781 2593 864 2630 410
882 2602 944 2621 nam

168 2638 233 2665 licet
245 2637 315 2664 Deus
325 2637 361 2663 sit
375 2637 672 2672 supersubstantialiter
685 2643 711 2665 et
725 2645 773 2672 per
786 2646 817 2666 se
830 2640 943 2673 bonum,

166 2688 194 2710 et
207 2682 353 2710 essentiale
370 2682 483 2715 bonum,
498 2687 586 2710 tamen
607 2683 634 2710 in
659 2684 836 2720 participibus
861 2686 942 2712 etiam

166 2729 266 2757 bonum
279 2733 321 2756 est
335 2729 483 2756 secundum
495 2729 638 2763 quemdam
651 2730 784 2758 habitum.
803 2731 882 2759 Ponit
893 2732 944 2759 ita-

167 2781 220 2810 que
232 2775 348 2810 aliquam
365 2775 473 2809 quidem
487 2782 595 2802 manere
609 2776 635 2802 in
654 2775 758 2810 habitu,
782 2778 865 2805 etiam
880 2778 946 2805 deﬁ-

221 2868 233 2883 ι
248 2862 299 2891 lsa.
317 2873 391 2898 val,
406 2864 430 2891 Ι.
468 2865 482 2885 ι’
500 2865 569 2893 Abd.
585 2864 626 2892 16.

999 1630 1081 1657 αὐτοῦ
1093 1630 1341 1666 παραπεμπόμενον
1350 1631 1475 1667 κρίμασι,
1489 1631 1620 1666 λεγόντων
1633 1631 1710 1666 ήμῶν
1719 1639 1725 1645 ·
1735 1629 1785 1662 υἷς

1000 1675 1130 1711 κρίμασιν
1141 1673 1194 1702 οἶδε
1207 1675 1283 1708 Θεὸς,
1296 1676 1376 1703 τοῦτο
1388 1677 1502 1711 γίνεται,
1516 1678 1563 1704 καὶ
1574 1676 1652 1703 τοῦτο
1669 1676 1698 1703 οὐ
1712 1677 1786 1710 γίνε-

998 1730 1053 1748 ται.
1066 1721 1173 1748 Μᾶλλον
1183 1722 1221 1754 δὲ,
1234 1723 1277 1750 ἵνα
1288 1722 1426 1749 συλλαὸὼν
1439 1723 1508 1750 εἴπω
1519 1743 1527 1756 ,
1542 1723 1576 1750 τὰ
1599 1723 1663 1750 ὄντα
1682 1723 1782 1756 πάντα,

999 1767 1059 1794 καθ’
1073 1767 1134 1794 ὅσον
1146 1768 1235 1802 ἀγαθά
1246 1769 1314 1801 ἐστι,
1342 1770 1390 1796 καὶ
1405 1769 1473 1802 ἔστι,
1500 1770 1546 1796 καὶ
1569 1769 1658 1802 ἀγαθὰ
1682 1770 1714 1795 ἐκ
1734 1769 1783 1795 τοῦ

999 1813 1100 1847 ἀγαθοῦ
1115 1814 1172 1840 ἐστι
1183 1822 1189 1828 ·
1204 1814 1264 1841 καθ’
1272 1815 1333 1841 ὅσον
1346 1814 1374 1841 δὲ
1386 1815 1544 1850 ἐστέρηνται
1557 1814 1604 1841 τοῦ
1622 1813 1733 1849 ἀγαθοῦ,
1745 1814 1783 1850 μὴ

1000 1860 1080 1895 μόνον
1093 1860 1143 1886 οὐκ
1153 1860 1252 1894 ἀγαθὰ,
1267 1860 1325 1887 ἀλλ’
1339 1860 1399 1887 οὐδὲ
1414 1860 1478 1887 ὄντα
1503 1861 1587 1887 ἐστίν.
1606 1860 1700 1887 Ἔνθεν
1719 1862 1783 1896 νοή-

999 1914 1056 1937 σεις
1067 1905 1154 1932 καὶτὸ
1167 1906 1241 1942 παρὰ
1261 1906 1363 1933 Ἀϐδιοὺ
1376 1906 1415 1941 τῷ
1428 1908 1552 1943 προφήτῃ
1565 1906 1706 1942 εἰρημένον
1718 1907 1784 1942 περὶ

997 1950 1051 1977 τῶν
1064 1950 1232 1987 ἁμαρτωλῶν
1243 1959 1250 1965 ·
1265 1951 1319 1977 Καὶ
1334 1952 1455 1978 ἔσονται
1469 1951 1508 1984 ὡς
1521 1950 1563 1986 μὴ
1579 1951 1671 1984 ὄντες.
1693 1952 1782 1977 Ὅπου

997 2004 1031 2030 γε
1043 1997 1090 2022 καὶ
1102 1995 1175 2031 παρὰ
1191 1997 1246 2028 τοῖς
1263 1995 1360 2029 ἔξωθεν
1372 1996 1452 2022 τοῦτο
1461 1996 1576 2030 λέγεται,
1593 1996 1630 2028 ὡς
1652 1995 1726 2030 παρὰ
1741 1996 1783 2031 τῷ

1004 2043 1123 2077 Ὁμήρῳ,
1136 2043 1165 2069 ὲν
1181 2039 1221 2074 οἷς
1234 2042 1305 2076 λέγει
1318 2051 1359 2074 τις
1373 2041 1499 2077 περὶτῶν
1509 2039 1545 2069 ὢν
1554 2043 1582 2069 ὲν
1592 2042 1718 2078 μετουσίᾳ
1727 2043 1782 2069 πά-

998 2089 1040 2116 λαι
1050 2088 1138 2116 καλῶν
1149 2089 1278 2123 ἐγεγόνει,
1287 2089 1336 2117 καὶ
1343 2088 1390 2115 νῦν
1402 2089 1502 2115 τούτων
1510 2089 1663 2125 ἐστέρηται,
1674 2089 1782 2117 εἴποτε

997 2135 1037 2170 ἦν
1046 2143 1089 2170 τε.
1107 2134 1243 2162 Ἐντεῦθεν
1253 2129 1436 2168 συλλογίζεται
1449 2134 1526 2161 ὅτιτὸ
1537 2134 1673 2166 παντελῶς
1684 2135 1781 2167 κακὸν,

997 2181 1035 2213 ὡς
1060 2181 1239 2217 ἐστερημένον
1254 2180 1391 2212 παντελῶς
1403 2180 1450 2207 τοῦ
1463 2179 1575 2215 ἀγαθοῦ,
1587 2180 1648 2206 οὔτε
1657 2178 1700 2216 ἦν,
1717 2179 1781 2207 οὕτε

997 2227 1080 2258 ἐστὶν,
1093 2226 1155 2252 οὔτε
1168 2224 1236 2253 εἶναι
1247 2226 1366 2252 δύναται.
1377 2225 1431 2251 Καί
1445 2226 1583 2260 φησιν,ὄτι
1601 2225 1714 2252 Ύπόθου
1724 2224 1781 2258 ἕξιν

996 2274 1027 2300 τὸ
1043 2273 1158 2308 ἀγαθόν·
1174 2273 1225 2300 κᾶν
1238 2273 1292 2308 γὰρ
1304 2273 1472 2308 ὑπερουσίως
1491 2273 1538 2299 καὶ
1553 2272 1705 2307 αὐτάγαθόν
1720 2274 1781 2300 ἐστι

995 2320 1026 2346 τὸ
1038 2319 1125 2351 Θεῖον,
1137 2319 1183 2346 καὶ
1193 2319 1320 2351 οὐσιῶδες
1334 2319 1443 2353 ἀγαθὸν,
1453 2318 1519 2345 ἀλλὰ
1533 2318 1579 2345 καὶ
1592 2319 1638 2345 ἐπὶ
1646 2319 1702 2350 τοῖς
1712 2327 1779 2354 μετ-

997 2366 1087 2401 έχουσι
1100 2366 1129 2392 re
1142 2366 1242 2399 ἀγαθὸν
1255 2365 1325 2392 κατά
1338 2365 1394 2397 ἕξιν
1416 2365 1477 2391 τινά
1489 2366 1557 2391 ἐστι.
1574 2364 1670 2400 Τίοησι
1690 2365 1780 2391 τοίνυν

996 2412 1056 2438 τινά
1075 2412 1123 2448 μὲν
1140 2412 1252 2447 μένοντα
1263 2411 1291 2437 εν
1302 2413 1334 2446 τῇ
1348 2411 1402 2444 ἔξει
1413 2431 1420 2443 ,
1445 2411 1490 2437 καὶ
1513 2411 1710 2446 ἀπολειπούσης
1729 2411 1780 2446 τῆς

997 2457 1095 2491 ἕξεως,
1115 2458 1153 2490 ὡς
1177 2458 1226 2493 τῆς
1245 2457 1292 2484 τοῦ
1317 2458 1400 2492 πυρὸς
1423 2457 1597 2492 θερμότητος,
1617 2457 1650 2484 τὰ
1662 2457 1780 2493 θερμαν-

997 2503 1075 2530 θέντα
1088 2503 1187 2539 θερμὰ,
1204 2504 1250 2530 καὶ
1260 2504 1309 2539 τῆς
1325 2503 1491 2538 ψυχρότητος
1501 2503 1549 2537 τῆς
1561 2503 1648 2538 χιόνος
1657 2523 1664 2535 ,
1682 2502 1716 2529 τὰ
1728 2503 1779 2538 ψυ-

998 2550 1145 2585 χρανθέντα
1155 2549 1254 2585 ψυχρά-
1270 2549 1324 2576 Καὶ
1338 2549 1417 2576 πάλιν
1429 2549 1505 2580 ἄλλα,
1521 2549 1592 2584 ἆπερ
1608 2549 1658 2575 οὐκ
1670 2550 1699 2575 ὲν
1713 2548 1779 2584 μεθ-

999 2595 1052 2628 έξει
1081 2595 1145 2621 ὄντα
1171 2595 1251 2622 τινῶν
1273 2595 1374 2628 ἕξεων,
1397 2595 1472 2630 ὅμως
1489 2593 1619 2626 σώζονται
1645 2595 1690 2621 καί
1713 2595 1776 2621 εἱσι.

999 2640 1072 2666 Πόσα
1082 2640 1136 2676 γὰρ
1146 2640 1246 2676 ἄμοιρα
1259 2639 1340 2675 ζωῆς,
1355 2641 1426 2667 πόσα
1439 2640 1485 2667 νοῦ
1498 2660 1506 2672 ,
1531 2640 1587 2667 ἀλλ’
1610 2641 1684 2675 ὅμως
1706 2640 1777 2673 εἰσὶ,

999 2686 1065 2713 λίθοι
1075 2687 1121 2713 καὶ
1134 2686 1213 2721 φυτὰ,
1225 2687 1271 2713 καὶ
1278 2687 1312 2713 τὰ
1323 2686 1515 2722 παραπλήσια;
1532 2686 1605 2712 me:
1621 2686 1668 2712 καὶ
1678 2685 1721 2712 ἐπ’
1730 2685 1771 2712 αὐ-

995 2732 1042 2758 τὸν
1057 2732 1102 2758 τὸν
1116 2732 1191 2759 Θεόν·
1201 2732 1294 2764 οὐσίας
1304 2732 1470 2769 ἐξῃρημένος
1479 2732 1546 2764 ἐστὶ,
1558 2732 1603 2758 καὶ
1612 2731 1683 2757 ἐστιν
1692 2731 1775 2767 ὑπερ-

998 2777 1099 2810 ούσιος.
1114 2779 1168 2806 Καὶ
1191 2778 1298 2811 ἁπλῶς,
1308 2779 1355 2806 ἐπὶ
1366 2779 1414 2814 μὲν
1427 2779 1481 2807 τῶν
1495 2778 1581 2806 ἄλλων
1590 2797 1597 2810 ,
1615 2778 1632 2814 ἢ
1645 2777 1774 2804 ἀπελθού-
