1938 3065
148 132 201 162 ’189

435 134 477 163 DE
495 134 621 164 DIVINIS
636 135 837 169 NOMINIBUS,
855 135 931 165 CAP.
950 135 1030 163 lV.-'—
1047 134 1220 163 PARAPIIR.
1237 135 1479 164 PACIIYMEIUE.

1718 136 1767 164 790

149 202 199 228 σης
211 193 261 228 τῆς
272 192 363 227 ἕξεως,
375 195 391 230 ἢ
411 196 478 231 μηδὲ
490 196 679 231 ἐγγινομένης,
694 193 763 222 εἷναί
775 205 801 222 τι
813 196 860 223 καὶ
872 196 927 230 ὑφί-

991 194 1080 220 ciente
1095 193 1200 226 habitu,
1218 195 1288 221 sicut
1303 195 1445 223 deﬁciente
1458 194 1549 222 calore
1562 194 1772 231 iguis(utaut-ut)

148 240 262 268 στασθαι
276 241 395 273 δύναται,
409 242 439 268 τὺ
452 243 480 269 δὲ
493 242 562 269 κατά
579 243 668 270 πάντα
678 242 724 270 τοῦ
736 242 839 277 ἀγαθοῦ
859 244 935 270 ἐστε-

149 287 278 324 ρημένον,
295 289 333 321 ὼς
345 287 413 316 εἶναι
425 289 588 322 αὑτόκακον,
606 290 656 316 οὐκ
669 287 738 316 εἶναι
749 288 839 321 ποσῶς
858 289 937 316 δύνα-

147 342 203 363 ται.
216 334 312 370 Τίθησι
325 335 389 369 γοῦν
403 336 577 371 παράδειγμα
589 335 634 362 τὸν
648 335 804 366 ἀκόλαστον,
819 335 847 367 ὃς
860 336 889 361 ὲν
898 333 936 370 τῷ

147 379 234 407 κακοῦ
247 379 369 416 μετέχειν
380 379 440 407 οὔτε
454 380 538 411 ἐστὶν,
550 379 611 406 οὔτε
625 380 709 412 ὅντως
719 379 859 414 ἐπιθυμεῖ,
872 376 936 414 (οἶος

147 425 226 462 γὰρό
241 425 309 461 ἔρως
322 446 329 459 ,
349 425 462 453 τοιαῦτα
482 426 530 453 καὶ¹
553 426 587 453 τὰ
611 426 730 462 ἐραστὰ)
744 425 804 452 κατ’
821 425 887 452 αὐτὸ
907 425 936 451 δὲ

146 471 222 507 ὅμως
234 471 264 498 τὸ
280 471 330 507 τῆς
343 471 464 504 ἐνὼσεως
480 472 528 499 καὶ
545 471 635 506 φιλίας
647 471 740 508 σχῆμα
764 471 871 507 μετέχει
889 470 935 498 τοῦ

147 518 261 552 ἀγαθοῦ,
279 518 304 544 εί
320 519 367 544 καὶ
382 517 419 554 μὴ
431 517 518 550 ὄντος,
536 518 603 545 ἀλλὰ
615 518 662 545 τοῦ
675 518 815 550 δοκοῦντος
827 527 834 533 ·
857 517 936 544 τοῦτο

147 564 201 599 γάρ
214 565 271 590 ἐστι
289 563 319 590 τὸ
332 564 451 599 ἀμυδρὸν
468 565 517 600 τῆς
527 564 611 591 ὄντων
624 564 714 599 φιλίας
725 564 868 599 ἀπήχημα.
880 563 936 590 Καὶ

147 609 209 645 ὁτῷ
224 609 301 645 θυμῷ
315 609 508 646 ἀποχρώμενος
528 611 649 646 μετέχειν
672 610 780 644 λέγεται
798 609 846 636 τοῦ
865 610 934 645 ἀγα-

146 655 194 682 θοῦ
202 656 231 682 ὲν
238 654 276 691 τῷ
285 656 352 691 πρὸς
363 656 504 692 διόρθωσιν
522 657 652 683 κινεῖσθαι
663 657 717 683 τῶν
729 656 878 683 δοκούντων
886 665 935 683 κα-

146 702 212 729 κῶν.
224 702 302 729 οὕτω
318 702 365 729 καὶ
381 703 395 729 ό
412 703 461 738 τῆς
477 703 610 737 κακίστης
629 702 702 737 ζωῆς
721 701 862 737 ἐφιέμενος
886 710 934 736 με-

145 748 220 784 τέχει
231 747 278 775 τοῦ
293 748 395 783 ἀγαθοῦ
412 748 441 775 ὲν
457 747 496 783 τῷ
512 748 561 783 τῆς
577 748 709 783 δοκούσης
727 747 801 782 αὑτῷ
820 747 934 783 ἀρίστης

146 793 220 829 ζωῆς
237 794 371 828 ἐφίεσθαι.
389 794 444 822 Καὶ
457 794 471 820 ὁ
485 793 516 819 τὺ
527 793 611 820 κακον
629 793 657 820 δὲ
676 792 776 829 μετιὼν
793 793 823 818 ὲν
837 791 875 827 τῷ
892 791 934 818 δο-

145 842 204 869 κεῖν
219 840 305 869 καλὸν
327 841 413 870 ποιεῖν
442 840 549 876 μετέχει
574 839 621 866 τοῦ
648 839 761 874 ἀγαθοῦ.
781 838 862 865 Ὥστε
874 859 882 871 ,
901 838 933 865 ἂν

144 887 233 922 πάντη
245 887 275 914 τὸ
291 887 392 922 ἀγαθὸν
411 887 518 924 ἀνέλῃς,
542 886 646 918 ἀνεῖλες
664 887 710 913 καὶ
730 887 826 914 πάντα.
851 885 932 912 Ὥστε
949 876 970 903 Β

143 933 192 963 καὶ
207 934 238 960 τὺ
250 934 281 960 ὲκ
295 934 397 969 φθορᾶς
404 933 525 968 γίνεσθαι
533 933 648 968 γένεσιν,
663 933 812 969 ὃάνοηέρω
830 933 931 967 ἔλεγεν,

143 979 194 1006 οὐκ
205 979 262 1005 ἐστι
274 979 359 1006 κακοῦ
370 980 494 1016 δύναμις,
514 979 569 1007 ἀλλ’
580 980 682 1014 ἀγαθοῦ
696 979 805 1014 ἥττονος
819 979 932 1015 ἐπικρά-

142 1032 231 1059 τησις.
250 1024 354 1060 ’Ὠσπερ
371 1025 417 1052 καὶ
436 1026 452 1061 ἡ
471 1025 561 1058 ὑγίεια
573 1024 650 1057 τάξις
672 1024 729 1051 ἐστὶ
753 1024 799 1051 καὶ
825 1033 931 1060 συμμε-

142 1069 207 1106 τρία
221 1069 276 1096 τῶν
286 1071 420 1105 κράσεων,
438 1071 455 1106 ὴ
472 1071 500 1097 δὲ
516 1071 592 1102 νόσος
603 1070 719 1106 ἔλλειψις
738 1071 787 1106 τῆς
804 1071 931 1107 τοιαύτης

141 1114 255 1148 τάξεως,
267 1116 337 1151 πλὴν
351 1116 380 1143 δὲ
396 1117 425 1143 οὐ
443 1117 542 1152 πάσης,
555 1116 621 1143 ἀλλά
630 1126 701 1149 τινος
710 1126 717 1132 ·
729 1118 752 1144 εί
765 1117 820 1153 γὰρ
829 1118 930 1153 πάσης,

143 1158 313 1195 φθαρήσεται
325 1161 358 1187 ἂν
370 1161 400 1187 τὸ
417 1161 496 1193 ζῶον,
508 1162 553 1188 καὶ
564 1163 581 1197 ὴ
589 1162 665 1194 νόσος
678 1163 727 1198 οὐχ
737 1163 928 1199 ὑποστήσεται.

144 1206 222 1233 Ἔστι
255 1207 345 1234 τοίνυν
373 1208 390 1244 ἡ
411 1207 488 1240 νόσος
512 1209 628 1235 ἀπουσία
652 1209 767 1243 ὑγιείας,
803 1210 930 1237 σύστασιν

142 1251 242 1287 ἔχουσα
257 1252 305 1288 τὴν
327 1253 471 1289 ἐλαχίστην
490 1254 584 1287 τάξιν·
612 1255 644 1282 ἂν
662 1255 698 1291 μὴ
723 1255 778 1292 γὰρ
802 1256 930 1294 ἀποφύγῃ

143 1298 242 1332 ὑγίεια,
255 1299 305 1325 οὐκ
317 1299 349 1327 ἂν
366 1300 478 1336 συσταίη
490 1302 506 1336 ἡ
521 1301 606 1333 νόσος,
618 1303 844 1338 παρυφισταμένη
856 1303 884 1330 ἐν
891 1302 929 1338 τῷ

142 1344 192 1380 τὴν
208 1344 265 1377 ἕξιν
280 1346 496 1376 ἀποδιίστασθαι.
508 1347 568 1374 οὐδὲ
576 1349 713 1384 νικωμένη
724 1349 778 1376 ὑπὺ
792 1349 842 1384 τῆς
851 1349 928 1377 νόσου

141 1391 159 1426 ἡ
173 1390 262 1424 ὑγίεια
278 1391 482 1419 ἄπεισιν-οὔτω
498 1393 553 1430 γὰρ
569 1394 602 1422 ἂν
610 1393 682 1430 εἶχεν
694 1397 711 1431 ὴ
726 1396 801 1429 νόσος
813 1398 861 1425 καὶ
881 1397 929 1434 τὴν

143 1436 299 1472 πρωτίστην
306 1436 392 1470 τάξιν.
412 1437 480 1464 Ἀλλ’
500 1439 516 1474 ὴ
528 1439 578 1474 τῆς
597 1440 701 1474 ὑγιείας
713 1441 839 1477 στέρησις
851 1443 927 1475 νόσος

141 1480 201 1509 ὲστί
210 1490 216 1497 ·
229 1482 272 1509 διὰ
282 1482 361 1510 τοῦτο
371 1483 425 1519 γὰρ
441 1481 502 1511 εἷπε
522 1486 569 1512 καί
585 1487 833 1522 παρυφισταμένη
845 1497 851 1504 ·
867 1490 927 1516 οὐδὲ

141 1527 197 1563 γὰρ
214 1527 270 1563 ἔχει
301 1528 447 1557 ὑπόστασιν
461 1550 468 1563 ,
496 1531 553 1558 ἀλλ’
566 1528 621 1559 οἷον
649 1533 857 1567 παρυπόστασιν
897 1537 927 1564 ὲν
940 1546 962 1575 c

139 1573 180 1609 τῷ
189 1573 238 1609 τὴν
255 1573 360 1609 ὑγίειαν
371 1575 489 1608 ἀπεῖναι,
500 1576 593 1612 ὥσπερ
608 1577 639 1604 τὸ
652 1578 745 1611 σκότος
761 1580 794 1615 τῇ
811 1580 858 1607 τοῦ
871 1589 926 1615 φω-

139 1620 187 1652 τὸς
206 1620 378 1656 ὑποχωρήσει
395 1622 608 1657 παρυφίσταται.
631 1624 667 1650 Τὸ
686 1624 751 1658 γοῦν
769 1625 856 1661 πάντη
880 1626 927 1653 τοῦ

140 1663 244 1697 ἀγαθοῦ
261 1664 373 1699 ἄμοιρον
382 1666 432 1692 οὐκ
446 1666 502 1693 ἐστι
512 1687 519 1699 ,
536 1666 566 1693 τὸ
576 1667 604 1694 δὲ
624 1668 737 1704 μετέχον
750 1670 796 1696 καὶ
812 1670 926 1704 ἀγαθοῦ,

140 1707 211 1734 κατὰ
227 1707 258 1734 τὺ
268 1708 379 1742 ἀγαθὸν,
397 1711 445 1736 καὶ
455 1711 514 1737 καθ’
524 1712 586 1739 ὅσον
601 1712 708 1748 μετέχει
722 1714 769 1740 τοῦ
781 1715 895 1749 ἀγαθοῦ,
909 1716 926 1752 ἦ

141 1753 242 1788 μᾶλλον
253 1753 269 1789 ἢ
281 1751 362 1790 ἧττόν
379 1757 447 1787 ἐστι,
459 1758 505 1784 καὶ
516 1758 609 1790 ἐντοῖς
621 1757 694 1787 οὔσίν
707 1761 790 1788 ἐστιν.
812 1751 927 1797 Ὁμοίως

140 1797 221 1825 πάλιν
232 1799 278 1826 καὶ
293 1799 341 1826 ἐπὶ
355 1800 402 1826 τοῦ
416 1801 480 1827 αὐτὸ
497 1800 566 1828 εἶναι
576 1803 647 1829 κατά
658 1803 794 1838 ἀπόφασιν
805 1813 812 1820 '
825 1805 856 1831 τὸ
872 1806 927 1843 γὰρ

141 1844 254 1880 μηδαμῆ
270 1845 402 1880 μηδαμῶς
411 1845 457 1879 ὃν,
469 1846 538 1882 ὅπερ
555 1847 588 1874 ἂν
607 1847 655 1874 καὶ
671 1847 776 1883 λέγοιτο
798 1851 844 1876 καὶ
861 1852 927 1878 αὐτὸ

138 1887 208 1916 εἶναι
219 1891 288 1918 κατὰ
300 1891 446 1926 ἀπόφασιν,
458 1893 508 1919 οὐκ
519 1892 604 1921 ἔσται.
623 1893 659 1921 Τὸ
675 1893 702 1920 δὲ
718 1894 757 1930 πῆ
772 1895 821 1930 μὲν
832 1895 871 1927 ὃν,
887 1896 925 1931 πῆ

137 1935 169 1962 δὲ
184 1935 220 1971 μὴ
232 1935 271 1968 ὃν,
286 1936 346 1963 καθ’
359 1938 422 1964 ὅσον
437 1937 485 1964 τοῦ
502 1938 586 1971 ὄντως
615 1938 690 1971 ὄντος
716 1940 924 1972 ἀποπέτπωκεν,

137 1982 189 2008 οὐκ
203 1982 260 2009 ἐστι
276 1983 322 2009 καὶ
333 1985 363 2010 ὲν
375 1983 415 2020 τῷ
430 1985 520 2016 ποσῶς
533 1977 603 2012 εἶναι
613 2005 620 2018 ,
637 1986 684 2012 καὶ
699 1986 729 2013 τὸ
745 1986 782 2023 μὴ
798 1987 827 2013 ὃν
840 1986 924 2013 αὑτοῦ

138 2028 380 2063 διακρατεϊταικαὶ
400 2030 578 2063 διασώζεται·
604 2032 683 2059 τοῦτο
706 2032 761 2068 γὰρ
782 2032 860 2067 ἔλεγε
878 2033 925 2060 καὶ

138 2074 281 2110 πρότερον,
294 2075 335 2102 ὅτι
349 2076 396 2102 καὶ
420 2075 453 2102 τὰ
476 2077 646 2113 έστερημένα
666 2078 781 2113 δυναμοῖ
802 2079 872 2106 κατὰ
894 2080 925 2107 τὸ

137 2119 207 2152 ὅλως
217 2118 295 2147 εἶναι.
311 2121 348 2147 Τὸ
360 2120 424 2154 γοῦν
435 2122 524 2157 πάντη
539 2123 623 2149 κακὸν
638 2123 688 2150 οὐκ
703 2122 760 2150 ἔστι
773 2131 779 2138 ·
804 2124 872 2151 τὸδὲ
886 2125 924 2160 πῆ

140 2167 190 2204 μὲν
204 2169 313 2203 ἀγαθὸν,
325 2169 362 2205 πῆ
374 2169 403 2196 δὲ
413 2169 463 2196 οὐκ
474 2169 583 2204 ἀγαθὸν,
597 2170 676 2197 τοῦτό
690 2171 747 2197 ἐστι
757 2171 788 2198 τό
807 2179 860 2198 τινι
874 2180 924 2207 μα-

987 239 1076 266 calida
1097 246 1156 273 quae
1172 239 1304 266 calefacta
1315 245 1389 274 sunt,
1406 245 1439 275 et,
1455 240 1557 275 frigore
1572 241 1643 268 nivis
1659 240 1772 276 frigida,

987 292 1046 319 qme
1059 284 1201 320 l'rigel'acta
1217 290 1292 312 sunt.
1310 285 1344 312 Et
1359 293 1466 314 rursum
1479 286 1532 313 alia
1547 291 1620 318 sunt,
1635 294 1695 320 quae
1709 288 1771 313 dum

986 332 1092 367 aliquos
1102 331 1211 359 habitus
1226 340 1278 358 non
1292 332 1468 367 participant,
1483 337 1571 360 tamen
1584 338 1731 360 servantur
1745 337 1772 360 et.

986 377 1132 405 exsistunt.
1148 377 1218 408 Ouot
1231 378 1303 405 enim
1315 385 1358 405 res
1371 384 1435 405 sunt
1444 378 1505 405 vita:
1517 379 1668 414 mentisque
1676 387 1773 414 exper-

987 429 1039 456 tes,
1054 429 1176 451 attamen
1202 429 1275 457 sunt,
1297 424 1412 458 lapides,
1425 429 1452 452 et
1467 425 1578 460 stirpes,
1601 430 1629 453 et
1651 425 1771 453 similia?

986 470 1053 498 Vetti
1068 471 1149 498 etiam
1164 470 1198 498 ad
1213 471 1302 505 ipsum
1323 470 1423 504 Deum;
1436 478 1451 497 a
1464 472 1616 499 substantia
1629 476 1772 506 exemptus

986 521 1037 549 cst.
1054 521 1082 544 et
1096 521 1139 544 est
1152 517 1437 551 supersubstantialis.
1450 517 1482 544 Et
1494 517 1656 552 simpliciter
1669 518 1695 545 in
1711 517 1772 546 aliis

985 562 1106 597 quidem,
1125 562 1168 590 vel
1181 562 1292 590 absente
1313 563 1395 590 etiam
1419 561 1512 589 habitu
1530 562 1572 589 vel
1598 571 1650 591 non
1677 563 1771 596 insito,

985 616 1046 637 esse
1065 609 1166 644 aliquid
1182 615 1208 636 et
1223 609 1374 637 subsistere
1387 614 1490 645 potest;
1509 610 1580 644 qttod
1601 616 1667 637 vero
1682 609 1772 637 omni-

986 656 1065 682 modo
1078 655 1150 683 bouo
1162 655 1297 689 privatum
1311 660 1364 688 est,
1387 660 1515 690 tanquam
1530 663 1578 690 per
1601 662 1631 683 se
1657 655 1770 687 malum,

986 708 1156 736 nequaquam
1178 702 1310 729 exsistere
1324 706 1423 736 potest.
1443 702 1523 729 Ponit
1546 702 1628 736 igitur
1653 701 1771 736 exempli

985 748 1072 782 gratia
1088 748 1324 782 intemperantem,
1341 749 1388 783 qui
1405 753 1539 783 quatenus
1562 748 1622 775 mali
1637 748 1772 782 particeps

985 798 1037 825 est,
1054 801 1142 828 neque
1151 798 1203 826 est,
1217 801 1305 828 neque
1317 795 1428 821 omnino
1442 794 1589 829 quidquam
1604 793 1772 828 concupiscit

985 839 1091 873 (qualis
1108 839 1180 866 enim
1197 847 1274 866 amor
1290 845 1344 872 est,
1357 839 1420 866 talia
1437 843 1464 866 et
1485 839 1531 866 illa
1547 847 1607 875 quae
1624 840 1769 875 amantur)

984 884 1066 911 simul
1078 889 1167 912 tamen
1180 885 1328 912 secundum
1344 885 1487 920 quamdam
1507 886 1617 913 uuiouis
1630 891 1657 913 et
1673 886 1770 912 amici-

984 928 1027 954 tia:
1043 928 1163 962 speciem
1174 929 1237 956 boni
1253 929 1389 964 particeps
1401 931 1519 964 exsistit,
1534 932 1556 959 si
1568 938 1619 958 non
1633 931 1769 959 exsistcn~

984 972 1030 1006 tis,
1060 974 1155 1001 saltetn
1183 975 1355 1009 apparentis;
1376 976 1428 1004 hoc
1452 977 1525 1003 enim
1554 981 1597 1004 est
1621 977 1768 1004 obscurutn

982 1021 1117 1055 quoddam
1131 1029 1226 1048 eoruut
1242 1029 1302 1056 qua:
1325 1027 1388 1049 sunt
1403 1023 1532 1050 amicitia:
1550 1023 1709 1058 vestigium.
1734 1024 1769 1051 Et

982 1067 1028 1101 qui
1040 1067 1182 1095 iracundia
1195 1067 1330 1101 abutitur,
1345 1069 1485 1103 particeps
1501 1076 1560 1097 esse
1577 1070 1640 1097 boui
1656 1070 1768 1101 dicitur,

982 1113 1009 1141 in
1024 1119 1155 1148 quantum
1171 1119 1294 1143 movetur
1316 1115 1350 1142 ad
1365 1115 1526 1150 corrigenda
1540 1116 1583 1144 illa
1599 1124 1659 1152 quae
1674 1118 1768 1145 viden-

982 1165 1027 1188 tur
1041 1161 1124 1188 mala.
1145 1161 1190 1188 Sic
1209 1162 1271 1188 etis
1291 1162 1336 1196 qui
1362 1162 1538 1190 deterrimam
1551 1163 1634 1190 vitam
1654 1165 1767 1199 expetit,

981 1207 1044 1234 boui
1059 1207 1195 1242 particeps
1209 1209 1327 1241 exsistit,
1339 1209 1366 1235 iu
1382 1214 1515 1244 quantum
1530 1210 1605 1244 cupit
1623 1210 1706 1238 vitam
1719 1218 1768 1245 op-

982 1253 1075 1280 timam
1091 1254 1143 1289 ipsi
1159 1255 1257 1282 visam.
1289 1255 1321 1282 Et
1346 1255 1392 1290 qui
1414 1255 1512 1283 malum
1537 1257 1713 1292 aggreditur,
1739 1258 1767 1285 iu

980 1303 1112 1334 quantum
1128 1301 1235 1328 videtur
1249 1301 1350 1328 bonum
1365 1309 1458 1336 agere,
1479 1302 1580 1329 bonum
1606 1303 1766 1338 participat.

978 1344 1018 1372 lla
1035 1350 1064 1372 ut
1076 1344 1099 1372 si
1112 1346 1224 1374 omnino
1234 1346 1335 1373 boutttn
1351 1347 1496 1375 sustuleris
1510 1367 1517 1380 ,
1534 1348 1625 1375 omnia
1648 1349 1767 1376 sustule-

979 1392 1027 1420 ris.
1042 1392 1074 1420 Et
1089 1394 1161 1427 quod
1173 1402 1207 1420 ex
1221 1393 1398 1428 corruptione
1410 1393 1457 1421 ﬁat
1472 1396 1622 1430 generatio,
1635 1396 1672 1423 uti
1686 1403 1767 1431 supe-

979 1438 1036 1466 rius
1051 1439 1128 1472 dixit,
1141 1447 1195 1466 nou
1213 1443 1255 1467 est
1269 1439 1332 1466 mali
1346 1441 1397 1472 vis,
1413 1440 1461 1467 sed
1476 1440 1589 1468 minoris
1603 1441 1666 1468 boni
1679 1441 1762 1469 victo-

978 1485 1029 1512 ria.
1047 1485 1124 1513 Sicut
1139 1486 1220 1513 etiam
1237 1487 1339 1514 sanitas
1355 1487 1424 1514 ordo
1436 1492 1479 1515 est
1490 1493 1517 1515 et
1532 1489 1768 1516 commensuratiu

979 1531 1132 1567 tetnperiei,
1153 1532 1265 1560 morbus
1284 1539 1350 1560 vero
1363 1532 1485 1560 defectus
1510 1533 1665 1562 istiusmodi
1689 1535 1763 1563 ordi-

979 1578 1033 1611 nis,
1048 1583 1234 1606 verumtamen
1250 1586 1305 1606 non
1322 1579 1454 1613 universi,
1475 1580 1522 1608 sed
1540 1580 1675 1616 alicujus:
1698 1590 1764 1609 nam

978 1624 1000 1650 si
1015 1623 1137 1651 defectus
1151 1628 1223 1652 esset
1237 1624 1358 1652 universi
1373 1625 1488 1658 ordinis,
1510 1626 1610 1653 animal
1625 1627 1763 1660 interiret,

977 1673 1005 1696 et
1020 1669 1128 1698 morbus
1144 1677 1197 1697 non
1222 1669 1394 1698 subsisteret.
1409 1669 1459 1698 Est
1475 1670 1567 1706 itaque
1589 1671 1702 1699 morbus
1716 1673 1765 1699 ab-

977 1715 1066 1743 sentia
1079 1715 1217 1748 sanitatis,
1234 1724 1284 1751 pro
1300 1720 1372 1744 statu
1384 1716 1488 1745 habens
1501 1718 1642 1745 minimam
1656 1719 1763 1746 consti-

978 1761 1131 1795 tutionem;
1159 1762 1211 1789 nisi
1241 1762 1313 1790 enim
1340 1764 1444 1792 sanitas
1477 1765 1630 1799 aufugeret,
1651 1765 1764 1792 morbus

977 1814 1030 1833 non
1051 1806 1220 1842 subsisteret,
1236 1809 1282 1843 qui
1299 1809 1425 1837 consistit
1449 1809 1475 1836 in
1494 1809 1601 1838 defectu
1628 1810 1764 1841 constitu-

978 1851 1079 1885 tionis,
1099 1860 1186 1887 ueque
1202 1853 1306 1881 sanitas
1320 1862 1335 1881 a
1364 1855 1460 1882 morbo
1483 1859 1609 1889 superata
1636 1854 1761 1887 abcsset;

978 1904 1040 1924 nam
1063 1897 1104 1925 sic
1120 1898 1202 1925 etiam
1228 1898 1339 1927 morbus
1362 1901 1479 1935 primunt
1497 1901 1622 1928 ordinem
1636 1900 1760 1928 haberet.

977 1942 1076 1970 Verum
1091 1944 1203 1971 morbus
1219 1949 1260 1971 est
1281 1945 1399 1979 privatio
1414 1946 1549 1980 sanitatis,
1563 1946 1666 1974 idcirco
1678 1946 1761 1973 etiam

976 1987 1044 2015 dixit
1059 1989 1289 2026 παρυφισταμένη
1303 1990 1346 2026 (id
1359 1995 1400 2018 est
1415 1991 1479 2026 quid
1496 1991 1588 2018 minus
1599 1997 1680 2026 quam
1696 1991 1769 2019 sub-.
1789 2006 1792 2010 λ

976 2032 1114 2068 sistens;)
1132 2034 1265 2070 siquidem
1283 2043 1337 2063 non
1357 2035 1440 2064 habet
1463 2037 1681 2071 subsistentiam,
1712 2037 1761 2064 sed

976 2081 1053 2114 quasi
1066 2081 1268 2110 subsistentiam
1277 2082 1357 2119 411
1370 2084 1397 2111 in
1410 2084 1462 2113 hoc
1472 2085 1544 2119 quod
1557 2084 1628 2112 absit
1639 2085 1760 2117 sanitas;

975 2126 1047 2153 sicut
1057 2127 1175 2154 tenebrat
1183 2128 1253 2156 lucis
1262 2130 1451 2157 subtractioue
1461 2131 1662 2165 quodammodo
1672 2131 1763 2159 subsi-

976 2176 1062 2199 stunt.
1073 2172 1368 2210 Quoditaqueoutnino
1379 2177 1443 2204 boui
1454 2182 1609 2212 expersest,
1629 2185 1683 2205 non
1700 2178 1761 2210 exi,~

137 2214 253 2250 χόμενον
266 2214 369 2250 ἀγαθῷ,
386 2217 526 2251 κρατεῖται
539 2215 568 2242 δὲ
585 2215 632 2242 καὶ
641 2216 707 2242 αὐτὸ
719 2217 765 2243 καὶ
784 2216 925 2252 συνέχεται

979 2218 1041 2251 stit;
1056 2220 1127 2253 quod
1142 2225 1231 2247 autem
1251 2220 1314 2248 boni
1329 2223 1466 2257 particeps
1482 2227 1534 2257 est,
1547 2224 1696 2251 secundum
1711 2224 1760 2250 bo-

137 2259 213 2295 παρά
223 2259 269 2286 τοῦ
281 2260 382 2295 ἀγαθοῦ
391 2263 425 2297 τῇ
438 2262 529 2293 ποσῶς
544 2263 674 2298 μετουσίᾳ
684 2262 779 2289 αὑτοῦ.
795 2263 854 2290 Κᾶν
869 2263 924 2299 γὰρ

136 2306 186 2342 τὴν
199 2306 299 2333 δειλίαν
317 2307 412 2340 εἴποις,
429 2308 481 2335 κᾶν
491 2308 522 2335 τὸ
536 2308 645 2344 θράσος,
656 2308 747 2344 έχουσι
769 2309 815 2336 καὶ
837 2309 923 2336 ταῦτα

135 2353 165 2385 se
179 2352 282 2387 ἀγαθοῦ
305 2355 418 2389 μοῖραν·
430 2355 447 2390 ἡ
461 2355 510 2389 μὲν
529 2354 559 2381 τὸ
583 2355 760 2390 προνοητικὸν
777 2356 824 2382 καὶ
847 2355 921 2390 φιλό-

135 2398 215 2430 ζωον,
227 2398 257 2424 τὸ
270 2398 298 2425 δὲ
308 2399 442 2434 τολμηρὸν
464 2400 511 2426 καὶ
533 2401 602 2435 πρὸς
618 2400 681 2432 τοὺς
699 2400 836 2432 κινδύνους
854 2401 923 2427 ἕτοι-

137 2452 196 2479 μον.
216 2444 309 2480 Πάντη
325 2445 379 2482 γὰρ
400 2446 562 2479 ἀπελθόντος
586 2446 633 2473 τοῦ
652 2447 766 2482 ἀγαθοῦ,
777 2448 807 2474 τὸ
822 2448 921 2474 ἐναπο-

137 2490 232 2525 μεῖναν
246 2489 307 2516 οὕτε
323 2490 437 2518 καθόλου
451 2492 552 2525 ἀγαθὸν
572 2492 659 2525 ἔσται,
669 2492 732 2520 οὗτε
745 2493 848 2529 μικτὸν,
860 2492 921 2520 οὕτε

136 2535 191 2574 μὴν
205 2535 366 2563 αὑτόκακον.
379 2536 419 2564 Τὰ
438 2537 503 2572 γοῦν
522 2538 570 2565 δύο
590 2534 758 2575 παρέδραμε.
782 2538 844 2570 Πῶς
867 2538 922 2573 γὰρ

133 2582 248 2609 καθόλου
260 2582 335 2610 ἔσται
347 2583 457 2618 ἀγαθὸν,
472 2585 502 2618 te
522 2582 607 2621 οὗπερ
624 2585 728 2620 ἀτῆγλθε
745 2584 776 2611 τὸ
793 2583 921 2615 παντελὲς

132 2630 251 2664 ἀγαθόν;
267 2629 325 2662 πῶς
336 2630 364 2657 δὲ
377 2630 457 2657 πάλιν
465 2631 614 2658 αὑτόκακον
627 2631 712 2664 ἔσται,
726 2631 819 2666 ἐπειδὴ
833 2631 921 2658 πάντα

132 2678 168 2704 τὰ
183 2677 248 2704 ὄντα
258 2676 305 2704 τοῦ
319 2677 421 2712 ἀγαθοῦ
439 2678 585 2714 μετέχοντα
596 2679 649 2705 εἰσι
661 2686 669 2711 ;
683 2678 763 2705 τοῦτο
776 2678 805 2705 δὲ
819 2687 919 2705 παντε-

134 2723 188 2756 λῶς
204 2724 301 2760 ἀπέχει
310 2723 357 2751 τοῦ
372 2724 485 2759 ἀγαθοῦ.
501 2724 538 2751 Τὸ
549 2724 589 2757 δὲ,
604 2725 646 2751 ὅτι
659 2725 689 2751 οὐ
707 2724 801 2761 μικτὸν
822 2726 920 2752 ἐναπο-

131 2771 305 2807 λειφθήσεται
314 2772 344 2797 ὲν
357 2772 390 2807 τῇ
405 2770 530 2798 παντελεί
543 2771 660 2808 ἀπουσίᾳ
667 2771 714 2799 τοῦ
726 2763 839 2806 ἀγαθοῦ,
851 2771 919 2798 ἀπο-

132 2820 253 2848 δείκνυσι
264 2821 351 2856 λέγων
365 2821 451 2854 οὕτως
464 2830 470 2836 ·
488 2823 520 2849 Ei
533 2821 666 2858 δώσομεν,
681 2823 759 2850 ὄτιὲν
774 2823 807 2859 τῇ
819 2831 916 2850 παντε-

133 2866 175 2892 λεῖ
187 2867 305 2901 ἀπουσίᾳ
318 2868 365 2896 τοῦ
377 2868 480 2903 ἀγαθοῦ
492 2868 522 2896 τὸ
532 2869 712 2905 ὲναπομεῖναν
727 2869 810 2896 κακὸν
823 2869 916 2903 ἀτελές

975 2271 1050 2296 ηυηι,
1063 2268 1091 2291 et
1104 2264 1129 2292 in
1137 2269 1267 2299 quantum
1281 2266 1344 2294 boni
1354 2267 1491 2302 particeps
1504 2273 1557 2300 est,
1570 2269 1613 2296 vel
1624 2269 1710 2304 majus
1719 2270 1775 2301 vel,

974 2309 1063 2337 minus
1072 2311 1138 2345 quid
1145 2311 1334 2346 exsistit,et'in
1345 2313 1424 2340 rebus
1432 2318 1483 2340 est.
1493 2314 1581 2341 Simili
1589 2315 1667 2344 modo
1675 2317 1766 2351 etiam.

974 2355 1044 2384 ineo
1052 2357 1123 2392 quod
1132 2358 1231 2386 dicitur
1240 2358 1326 2394 ipsum
1336 2367 1395 2387 esse
1404 2368 1452 2395 per
1460 2361 1666 2393 allirmationem
1678 2371 1686 2395 ;
1697 2371 1758 2390 nam

973 2403 1044 2436 quod
1059 2410 1229 2437 nequaquam
1241 2412 1355 2439 usquam
1364 2410 1417 2438 est,
1434 2407 1541 2434 tametsi
1557 2408 1638 2434 etiam
1653 2407 1759 2435 dicere-

974 2453 1017 2474 tur
1033 2448 1119 2483 ipsum
1131 2456 1190 2477 esse
1203 2457 1252 2484 per
1264 2450 1484 2486 allirmationem,
1500 2460 1671 2488 nequaquam
1691 2455 1756 2482 erit.

972 2495 1048 2527 Quod
1059 2500 1151 2523 autetn
1177 2497 1275 2531 partim
1289 2499 1399 2534 quidem
1418 2504 1471 2531 est,
1489 2500 1589 2535 partim
1605 2507 1671 2528 vero
1700 2509 1755 2528 non

971 2546 1024 2574 est,
1040 2542 1067 2569 id
1078 2546 1212 2577 quatenus
1223 2545 1257 2570 ab
1277 2551 1310 2571 eo
1324 2545 1396 2580 quod
1412 2553 1476 2573 vere
1490 2551 1533 2574 est
1557 2546 1669 2578 decidit,
1698 2555 1752 2575 non

970 2592 1013 2615 est
1029 2589 1112 2616 etiam
1127 2590 1169 2617 vel
1187 2590 1299 2625 aliquali
1319 2591 1411 2625 modo,
1427 2597 1455 2622 et
1470 2599 1588 2621 non-ens
1601 2592 1687 2627 ipsius
1708 2602 1754 2620 su-

969 2640 1082 2668 peratur
1096 2641 1177 2671 atque
1188 2642 1325 2671 servatur;
1347 2646 1410 2666 nam
1428 2639 1479 2667 ltoc
1498 2639 1593 2673 etiam,
1606 2640 1756 2674 priusdixit

970 2681 1042 2715 quod
1058 2682 1140 2709 etiam
1157 2684 1325 2717 privatioues
1337 2685 1599 2712 roboretsecundum
1614 2686 1685 2721 quod
1695 2693 1756 2712 om.

969 2727 1034 2756 nino
1060 2733 1133 2756 sunt.
1155 2729 1231 2763 Quod
1257 2730 1349 2766 itaque
1377 2739 1489 2765 prorsus
1507 2732 1607 2759 malum
1624 2737 1677 2764 est,
1700 2739 1752 2760 nec

969 2779 1012 2802 est
1038 2775 1169 2810 quidem:
1187 2777 1258 2810 quod
1277 2781 1366 2804 autem
1387 2779 1486 2812 partim
1509 2778 1618 2812 quidem
1638 2778 1751 2811 bonum,

969 2821 1067 2855 partim
1100 2829 1166 2849 vero
1202 2830 1255 2849 non
1289 2823 1391 2851 bonum
1424 2829 1476 2857 est,
1503 2825 1555 2852 hoc
1590 2824 1669 2851 alicui
1701 2826 1752 2852 bo-

969 2875 1004 2896 no
1025 2868 1194 2903 adversatur,
1220 2875 1404 2898 verumtamen
1439 2875 1580 2904 superatur
1611 2874 1637 2897 et
1666 2872 1752 2899 conti-
