1938 3065
180 137 228 166 791

765 137 793 166 S.
811 136 961 165 DIONYSII
978 136 1209 166 AREOPAGITA‘I

1755 135 1810 164 792

179 201 260 223 neutr
283 203 298 222 a
330 195 400 224 bono
445 194 553 230 aliquali
582 194 641 229 ejus
665 195 884 230 participatione.
909 195 966 222 Etsi

1020 196 1093 222 ἐστιν
1106 195 1216 230 ἀγαθὸν,
1235 195 1310 231 μένει
1322 193 1415 222 λοιπὸν
1427 195 1456 221 ὲν
1474 194 1548 230 αὐτῷ
1564 203 1591 222 τι
1611 194 1729 230 ἀγαθόν·
1749 195 1809 222 ἀλλ’

179 241 252 268 enim
276 241 525 276 pusillanlmitatem
552 246 643 269 autem
675 241 819 269 audaciam
848 241 963 273 dixeris,

179 286 282 314 habent
306 287 386 314 etiam
416 287 474 315 haec
503 287 656 322 portionem
682 287 799 322 aliquam
823 288 899 319 boni,
919 286 964 314 illa

179 333 289 368 quidem
318 333 517 368 providentiam
537 337 564 361 et
585 341 706 361 amorem
732 334 804 368 vitm,
827 335 883 362 haec
901 341 966 362 vero

179 380 370 407 s'renuitatetu
389 384 416 407 et
434 380 468 407 ad
482 380 603 414 pericula
622 380 875 416 promptitudinem.
892 380 966 409 Bono

180 425 253 452 enim
267 433 379 460 prorsus
393 425 553 459 decedente,
566 425 593 453 id
605 426 678 460 quod
697 431 816 455 remanet
832 435 883 454 nec
907 435 966 454 om-

178 471 244 497 nino
260 471 359 498 bonum
375 471 438 503 erit.
456 478 546 507 neque
566 471 689 505 mistum,
715 480 803 508 neque
817 473 900 501 etiam
917 481 966 508 per

180 524 210 544 se
226 517 336 544 malum.
360 517 417 545 Duo
438 517 521 552 igitur
545 523 698 552 percurret.
728 518 868 553 Quomodo
892 521 965 550 enim

179 565 292 592 omnino
310 565 363 593 erit
381 565 494 596 bonum,
522 573 537 592 a
554 573 609 600 quo
632 566 753 595 decessit
778 567 964 595 omnimodum

1016 241 1063 270 οὖν
1077 244 1107 270 ὲν
1118 244 1151 279 τῇ
1163 242 1290 270 παντελεῖ
1297 242 1415 278 ἀπουσίᾳ
1426 242 1473 269 τοῦ
1489 242 1592 277 ἀγαθοῦ
1605 242 1652 269 καὶ
1661 243 1691 269 τὺ
1705 242 1810 270 τέλειον

1016 289 1064 316 καὶ
1073 289 1103 316 τὸ
1114 289 1208 322 ἀτελὲς
1219 288 1353 321 ἀπέσται,
1372 288 1419 316 καὶ
1440 288 1498 321 πῶς
1519 288 1594 316 ἔσται
1615 288 1695 316 τοῦτο
1714 288 1810 321 ἀτελὲς

1016 335 1118 370 ἀγαθόν
1130 344 1138 369 ;
1149 336 1210 362 τότε
1223 335 1278 371 γὰρ
1300 335 1379 372 μόνον
1400 335 1550 371 ὀφθήσεται
1573 334 1604 361 τὸ
1618 334 1702 362 κακὸν
1714 335 1810 367 ἀτελὲς

1016 382 1128 416 ἀγαθὸν,
1145 382 1189 409 ὅτε
1198 382 1227 408 οὐ
1239 382 1343 417 γίνεται
1357 382 1490 417 παντελὴς
1503 381 1620 408 ἀπουσία
1634 381 1681 408 τοῦ
1692 381 1808 416 ἀγαθοῦ.

1024 427 1103 455 Ἀλλὰ
1113 427 1144 454 τὺ
1154 427 1273 455 τοιοῦτον
1284 429 1341 459 τοῖς
1350 427 1399 463 μὲν
1410 427 1466 454 τῶν
1476 426 1586 461 ἀγαθῶν
1593 426 1630 458 ὡς
1638 426 1721 453 κακὸν
1732 427 1811 453 ὲνανο

1017 474 1131 507 τιοῠται,
1145 474 1199 501 τῶν
1215 474 1243 500 δὲ
1253 474 1292 506 ὠς
1302 473 1402 509 ἀγαθὸν
1421 473 1568 509 ἐξήρτηται
1577 482 1584 490 ε
1607 473 1741 509 μάχεσθαι
1752 475 1809 508 γὰρ

1016 521 1046 548 ὲν
1060 521 1126 547 πᾶσι
1137 520 1171 547 τὰ
1183 520 1251 547 αὐτὰ
1265 520 1335 548 κατὰ
1347 520 1381 547 τὰ
1391 520 1461 548 αὐτὰ
1471 519 1610 547 ἀδύνατον.
1630 520 1688 546 Οὐκ
1705 519 1759 554 ἄρα
1778 519 1809 546 ὃν

1016 567 1048 594 τὸ
1062 567 1224 593 αὐτόκακον.

179 611 297 638 bonum?
327 611 464 645 qttomodo
478 619 544 639 vero
583 612 680 639 iterum
704 620 754 647 per
767 620 795 639 se
812 612 912 640 malum
939 613 1003 646 erit,
1023 620 1084 640 cum
1099 614 1188 641 omnia
1209 621 1269 648 qua!
1284 618 1348 641 sunt
1373 615 1474 641 bonum
1489 611 1673 649 participem?
1688 613 1740 640 hoc
1755 618 1808 638 au-

181 660 234 683 tem
250 656 405 683 omnimode
418 656 495 684 abest
515 664 530 684 a
544 656 625 684 bono.
640 657 717 690 Quod
733 665 800 686 vero
811 666 899 693 neque
927 659 1038 687 mistutu
1055 659 1120 694 quid
1136 659 1276 687 residuum
1303 661 1356 687 erit
1375 660 1401 688 in
1427 659 1584 688 omnimoda
1616 658 1680 686 boni
1708 659 1810 686 absen-

180 708 227 733 tia.
243 703 362 729 ostendit
377 703 416 730 sic
441 702 535 731 dicens
557 712 564 731 :
589 703 618 731 Si
643 704 740 732 demus
768 704 795 732 in
817 705 973 734 omnimodo
1004 706 1068 734 boui
1095 705 1232 740 absentia,
1249 706 1349 734 malum
1374 707 1446 742 quod
1474 710 1597 734 remanet
1619 704 1810 740 imperfectum

179 754 241 774 esse
254 747 365 776 bonum.
380 748 499 776 tuanebit
516 749 542 776 in
559 749 618 784 ipso
635 750 774 778 residuum
797 750 907 785 aliquod
921 751 1036 786 bonum;
1064 752 1138 787 atqui
1163 751 1192 780 in
1225 752 1381 780 omnimodo
1408 752 1473 780 boni
1501 752 1636 783 absentia.
1653 755 1709 778 tam
1734 749 1810 785 quod

179 790 329 826 perfectum
354 799 433 825 quam
451 792 521 827 quod
542 793 732 828 imperfectum
754 799 796 822 est
812 795 911 829 aberit,
937 796 1072 831 quomodo
1095 803 1159 831 ergo
1178 796 1232 824 erit
1251 797 1303 825 hoe
1326 796 1512 832 imperfectum
1525 796 1645 824 bonum?
1659 800 1722 823 tunc
1735 795 1810 822 enim

180 843 284 865 tantum
299 839 439 873 apparebit
455 839 552 867 malum
575 841 764 876 imperfectum
780 842 891 876 bonum,
910 843 1017 879 quando
1035 851 1088 871 non
1107 849 1148 872 est
1162 844 1318 871 omnimoda
1331 843 1396 872 boni
1410 844 1545 871 absentia.
1558 843 1611 870 Sed
1639 843 1666 870 id
1683 842 1755 878 quod
1767 846 1811 869 est

179 884 325 919 ejusmodi,
339 885 499 919 quibusdam
514 886 623 920 quidem
636 887 715 916 bonis
728 893 856 924 tanquam
869 890 969 917 malum
981 889 1182 924 adversabitur,
1208 890 1242 918 ab
1259 890 1321 918 aliis
1337 894 1427 918 autem
1449 895 1577 924 tanquam
1595 888 1695 916 bonum
1709 888 1812 916 eximi-

180 937 241 964 tur;
260 937 396 967 nequeunt
412 933 481 960 enim
500 933 592 962 eadem
608 935 761 962 secundum
776 936 870 964 eadem
889 937 962 965 inter
971 938 1036 966 sein
1048 938 1173 966 omnibus
1184 945 1315 973 pugnare.
1326 936 1385 966 Non
1397 944 1462 971 ergo
1471 937 1580 964 exsistit
1593 943 1641 971 per
1648 943 1678 964 se
1695 935 1810 963 malum.

223 979 323 1016 gXKl.
345 979 414 1013 Quin
432 988 465 1008 ne
478 981 586 1016 quidem
611 988 653 1010 est
676 984 702 1011 in
730 985 823 1018 rebus,
856 986 894 1013 uti
918 985 966 1012 de-

1056 986 1070 1023 ς
1087 984 1159 1012 XXI.
1189 986 1258 1013 Ἀλλ’
1270 986 1331 1013 οὐδὲ
1343 987 1372 1013 ὲν
1389 987 1445 1020 τοῖς
1465 983 1540 1012 οὖσίν
1558 986 1627 1017 ἐστι,
1640 983 1731 1016 καθὼς
1745 984 1812 1011 ἁπο-

180 1025 345 1053 inonstrabit
365 1033 414 1060 per
441 1027 627 1063 syllogismum
655 1029 965 1067 hypotheticum,412

179 1072 372 1107 conjuncuoue
384 1072 559 1107 disiunctiva.
575 1074 605 1101 Si
616 1075 688 1102 enim
704 1075 731 1102 in
747 1077 828 1104 rebus
840 1078 967 1105 omnibus

179 1117 215 1144 sit
229 1118 343 1150 bonum,
363 1118 462 1145 malum
478 1118 520 1146 vel
532 1118 559 1145 iu
576 1119 657 1147 rebus
672 1128 726 1148 non
742 1121 806 1154 erit,
819 1121 863 1149 vel
882 1121 905 1149 si
919 1122 966 1156 sit,

180 1163 206 1190 in
223 1163 293 1191 bono
304 1168 362 1196 est;
379 1164 426 1192 sed
438 1165 489 1191 hoc
504 1165 672 1200 impossibile
686 1171 729 1194 est
745 1171 774 1193 ut
785 1167 821 1194 sit
835 1167 862 1195 in
876 1167 962 1200 bono;

178 1219 246 1245 ergo
264 1211 389 1245 sequitur
403 1210 467 1238 illud
482 1212 568 1246 prius,
594 1213 666 1247 quod
695 1221 748 1241 non
764 1214 801 1242 sit
820 1213 919 1241 malum
940 1214 966 1243 in

155 1290 158 1293 ι
180 1257 273 1283 rebus.
298 1256 475 1290 Assumptum
502 1257 596 1292 itaque
617 1258 762 1286 continuat
782 1259 817 1288 ab
831 1260 966 1295 exemplo,

180 1303 274 1329 dicens
287 1309 295 1329 :
308 1301 401 1336 Neque
417 1303 486 1330 enim
503 1303 530 1331 in
543 1304 605 1339 igne
619 1303 706 1339 frigus
718 1309 772 1338 est,
798 1313 848 1333 nec
868 1307 968 1339 depra-

180 1349 255 1375 vatio
270 1349 295 1376 in
311 1355 345 1376 eo
358 1348 430 1383 quod
445 1349 527 1376 etiam
546 1349 646 1377 malum
659 1350 758 1378 bonum
776 1351 874 1379 reddit.
889 1351 966 1385 Quod

180 1395 202 1420 si
225 1395 289 1428 erit,
315 1394 450 1429 quomodo
465 1394 517 1421 erit
535 1395 562 1422 in
584 1395 654 1423 hoc?
681 1396 703 1423 si
729 1397 838 1431 quidem
859 1405 893 1425 ex
909 1399 967 1433 ipso

181 1440 382 1474 quodammodo
405 1442 546 1475 subsistat,
560 1441 707 1470 absurdum
724 1443 749 1470 id
764 1448 816 1476 est,
830 1452 882 1471 mm
894 1445 966 1472 enim

179 1491 264 1520 potest
285 1487 365 1513 urbor
378 1487 445 1514 bona
461 1487 545 1515 malos
559 1488 662 1523 fructu:
676 1488 762 1523 facere
778 1495 802 1523 ι,
818 1490 966 1520 Secundum

179 1536 274 1558 sancta
292 1532 447 1567 Evangelia.
473 1533 565 1568 Neque
579 1534 660 1562 etiam
671 1541 687 1561 e
700 1539 796 1562 contra
818 1536 918 1562 bonum
933 1543 967 1564 ex

181 1576 252 1604 malo
267 1582 319 1610 est,
335 1578 465 1612 quoniam
482 1579 507 1606 id
524 1579 655 1607 absonum
675 1585 702 1607 et
724 1580 891 1615 impossibile
914 1586 966 1610 est.

181 1623 229 1649 Sin
244 1628 334 1651 autem
349 1631 403 1652 non
419 1632 452 1652 ex
467 1625 536 1660 ipso,
551 1633 585 1653 ex
599 1625 651 1652 alia
668 1626 791 1660 profecto
809 1635 889 1655 causa
903 1629 967 1655 sub-

1016 1031 1098 1064 δείξει
1127 1031 1161 1059 δι’
1183 1030 1344 1058 ὑποθετικοῢ
1373 1030 1550 1066 συλλογισμοῦ
1579 1029 1651 1057 κατὰ
1675 1030 1721 1056 τὸν
1748 1029 1811 1056 δια-

1017 1077 1158 1110 ζευκτικὸν
1178 1078 1336 1114 σύνδεσμον.
1352 1078 1384 1104 El
1406 1077 1461 1114 γὰρ
1479 1079 1508 1104 ὲν
1534 1077 1601 1104 πᾶσι
1620 1077 1677 1108 τοῖς
1697 1074 1757 1103 οὖσι
1780 1075 1813 1102 τὺ

1016 1124 1117 1159 ἀγαθὸν
1129 1145 1136 1157 ,
1157 1124 1187 1151 τὸ
1201 1124 1285 1152 κακὸν
1301 1123 1318 1159 ἢ
1332 1125 1362 1151 ὲν
1375 1125 1432 1157 τοῖς
1444 1122 1519 1151 οὖσιν
1532 1124 1583 1150 οὐκ
1598 1123 1686 1155 ἔσται,
1703 1122 1719 1159 ἢ
1730 1122 1762 1149 ὃν
1774 1123 1806 1149 ὲν

1015 1170 1055 1207 τῷ
1067 1170 1162 1207 ἀγαθῷ
1175 1172 1264 1198 ἐστιν’
1277 1170 1345 1198 ἀλλὰ
1359 1171 1413 1206 μὴν
1426 1170 1504 1197 τοῦτο
1517 1169 1658 1202 ἀδύνατον,
1676 1169 1717 1196 ὅτι
1731 1169 1809 1196 ἐστὶν

1016 1217 1046 1245 ἐν
1059 1217 1099 1254 τῷ
1111 1217 1215 1253 ἀγαθῷ·
1229 1217 1260 1244 τὸ
1274 1218 1405 1253 πρότερον
1416 1218 1481 1253 ἄρα,
1495 1217 1536 1244 ὅτι
1549 1216 1599 1243 οὐκ
1611 1216 1670 1243 ἔστι
1679 1215 1710 1242 τὸ
1724 1215 1811 1242 κακὸν

1016 1260 1046 1287 ὲν
1059 1262 1116 1293 τοῖς
1132 1259 1201 1288 οὖσι.
1226 1261 1281 1298 Τὴν
1301 1262 1365 1296 γοῦν
1384 1261 1536 1297 πρόσληψιν
1555 1259 1755 1292 κατασκευάζει
1776 1261 1812 1287 ἐκ

1016 1307 1247 1343 παραδείγματος,
1259 1307 1346 1343 λέγων
1357 1316 1364 1323 ·
1381 1308 1443 1334 Ὀτι
1455 1309 1502 1335 καὶ
1513 1307 1567 1343 γὰρ
1579 1307 1640 1333 οὐδὲ
1652 1308 1682 1333 ὲν
1691 1306 1729 1341 τῷ
1742 1306 1811 1342 πυρὶ

1015 1353 1047 1379 τὸ
1061 1353 1173 1389 ψυχρὸν,
1192 1353 1252 1380 οὐδὲ
1270 1354 1300 1380 τὸ
1320 1353 1484 1380 κακύνεσθαι
1504 1355 1533 1380 ὲν
1555 1352 1594 1388 τῷ
1613 1353 1659 1379 καὶ
1680 1352 1710 1378 τὸ
1724 1351 1809 1378 κακὸν

1017 1399 1188 1434 ἀγαθύνοντι.
1215 1401 1247 1427 El
1263 1399 1318 1436 γὰρ
1343 1400 1430 1432 ἔσται,
1451 1399 1511 1431 πῶς
1530 1399 1605 1425 ἔσται
1618 1399 1646 1425 ἐν
1661 1397 1767 1433 τούτῳ;
1782 1397 1809 1423 εἰ

1018 1446 1068 1482 μὲν
1090 1446 1128 1478 ὡς
1147 1445 1176 1478 ἐξ
1196 1445 1278 1473 αὐτοῦ
1297 1445 1416 1472 ὑποστὰν
1436 1445 1544 1478 ἄτοπον,
1565 1445 1600 1471 οὺ
1617 1444 1741 1471 δύναται
1754 1442 1809 1478 γὰρ

1016 1491 1128 1526 ἀγαθὸν
1138 1490 1264 1525 δένδρον
1275 1490 1407 1525 καρποὺς
1416 1489 1567 1524 πονηροὺς
1576 1488 1683 1522 ποιεῖν,
1695 1487 1810 1516 κατὰτὰ

1016 1537 1078 1573 ιερὰ
1090 1536 1252 1572 Εὑαγγέλια.
1268 1536 1334 1563 Οὐδὲ
1349 1536 1402 1572 μὴν
1411 1536 1442 1562 τὺ
1453 1534 1596 1568 ἀνάπαλιν,
1610 1535 1650 1561 ὅτι
1661 1534 1692 1560 τὸ
1705 1534 1808 1568 ἀγαθὸν

1016 1586 1049 1612 ὲκ
1060 1584 1107 1612 τοῦ
1120 1583 1216 1611 κακοῦ·
1229 1583 1276 1611 καὶ
1288 1583 1366 1610 τοῦτο
1379 1582 1432 1618 γὰρ
1446 1582 1545 1609 ἄτοπον
1556 1582 1603 1608 καὶ
1619 1580 1758 1608 ἀδύνατον.
1776 1580 1810 1607 Εἰ

1015 1631 1046 1659 δὲ
1058 1631 1109 1658 οὐκ
1121 1630 1150 1664 ἐξ
1163 1629 1256 1662 αὑτοῦ,
1276 1629 1305 1664 ἐξ
1318 1629 1400 1665 ἄλλης
1412 1628 1532 1664 δηλονότι
1545 1627 1633 1659 αἰτίας
1651 1627 1808 1661 ὑφίσταται,

180 1669 271 1703 sistet,
284 1675 312 1697 et
325 1678 388 1698 ecce
402 1671 455 1699 duo
468 1671 602 1706 principia
621 1678 648 1699 et
661 1680 760 1700 causae.
778 1670 855 1701 Nulla
873 1680 964 1701 autem

1017 1678 1064 1704 καὶ
1078 1677 1132 1704 ἰδοὺ
1145 1676 1192 1703 δύο
1204 1676 1287 1712 ἁρχαὶ
1298 1676 1344 1702 καὶ
1356 1675 1450 1702 αἰτίαι.
1465 1675 1544 1701 Πᾶσα
1555 1674 1584 1701 δὲ
1596 1673 1661 1706 δυὰς
1674 1673 1724 1699 οὐκ
1734 1672 1809 1699 ἐστιν

180 1715 298 1742 dualitas
313 1716 469 1751 priucipiat,
495 1717 543 1745 sed
556 1718 645 1745 unitas
664 1725 773 1754 quoque
796 1720 848 1746 erit
863 1719 966 1755 princi-

180 1759 254 1794 pium
273 1760 419 1789 dualitatis.
433 1760 497 1789 Haec
511 1767 600 1789 autem
612 1763 702 1790 omnia
721 1763 848 1791 dicuntur
871 1770 966 1793 contra

181 1805 356 1838 Manichazos,
382 1807 445 1842 quia
466 1808 582 1836 dualitas
608 1816 662 1836 non
685 1809 847 1845 principiat,
874 1811 967 1838 unitas

182 1858 273 1878 autem
287 1852 376 1879 omnis
391 1853 532 1881 dualitatis
552 1855 716 1890 principium
731 1856 848 1884 exsistit.
863 1857 968 1884 Rursus

184 1899 344 1931 absurdum,
363 1906 395 1925 ex
413 1907 466 1926 uno
484 1903 512 1927 et
522 1900 616 1927 eodem
636 1900 849 1934 duocontraria,
864 1901 966 1929 bonum

182 1951 210 1972 et
223 1945 334 1979 tnalum,
359 1946 507 1981 proﬁcisci,
534 1950 562 1972 et
578 1946 740 1981 principium
760 1955 812 1974 non
827 1954 886 1975 esse
900 1948 966 1975 sitn-

183 1992 257 2026 plvx,
272 1993 318 2019 sed
333 1992 448 2027 duplex;
462 1992 568 2028 sibique
586 1993 628 2020 vel
644 1993 819 2026 contrariari,
838 1993 865 2020 in
880 2001 968 2028 quau-

183 2043 239 2065 tum
254 2040 391 2066 contraria
405 2039 548 2073 producit;
563 2038 604 2066 vel
616 2039 764 2072 immutari,
777 2044 806 2066 ut
822 2039 889 2067 alias
907 2040 968 2075 qui-

182 2085 243 2111 dem
261 2085 393 2119 producat
405 2084 518 2118 bonum,
530 2084 598 2112 alias
609 2092 672 2112 vero
684 2084 855 2112 immutatum
867 2086 968 2120 produ-

180 2136 224 2158 cat
238 2131 350 2159 tualum.
366 2131 444 2165 Quod
465 2131 488 2158 si
513 2132 555 2158 vel
572 2139 654 2158 unum
672 2132 818 2159 absurdum
839 2132 905 2160 hinc
921 2139 967 2160 se—

179 2182 292 2211 quatur,
308 2176 373 2212 quid
397 2177 498 2211 urique
512 2180 592 2204 erttnt
605 2177 662 2210 ipsa
677 2176 828 2212 principia?
851 2185 886 2204 an
904 2186 966 2205 rur-

180 2230 226 2250 Sus
251 2223 304 2250 duo
330 2222 488 2250 contraria?
510 2223 558 2249 sed
585 2222 611 2249 id
629 2222 776 2249 absurdum
799 2227 843 2250 est
857 2233 864 2250 :
878 2231 966 2259 neque

179 2270 252 2297 enim
267 2269 319 2296 sibi
336 2275 432 2297 mutuo
446 2269 537 2297 inesse
550 2274 673 2304 possunt,
689 2277 776 2304 neque
789 2269 966 2297 sibiinvicetn

181 2323 348 2350 repugnare;
366 2323 428 2343 nam
445 2315 485 2343 sic
496 2323 531 2343 ne
546 2315 616 2342 Deus
630 2315 739 2350 quidem
752 2316 810 2350 ipse
825 2316 968 2344 incolumis

180 2363 246 2394 erit,
264 2366 291 2390 et
306 2362 340 2389 ab
357 2361 460 2389 insultu
475 2361 652 2396 molestiaque
665 2361 743 2389 liber.
755 2361 857 2390 Deinde
868 2368 966 2390 cuncta

181 2413 263 2439 erunt
284 2409 440 2436 inordinata
465 2409 678 2443 pugnantiaque,
704 2416 766 2436 cum
784 2409 838 2437 alia
856 2409 966 2444 quidem

182 2455 231 2483 sub
247 2457 310 2487 hoc,
326 2455 380 2482 alia
394 2462 460 2482 vero
471 2454 522 2482 sub
539 2454 592 2482 isto
606 2455 754 2483 exsistant:
771 2457 819 2484 sed
837 2456 889 2485 hoc
908 2457 967 2485 ﬁeri

181 2502 288 2536 nequit,
303 2501 431 2536 quoniam
447 2500 546 2528 bonum
555 2501 700 2528 amicitiam
713 2501 850 2535 conciliat,
859 2506 886 2530 et
896 2503 968 2531 Deus

180 2556 231 2583 pax
259 2547 317 2582 ipsa
342 2546 510 2580 celebratur;
547 2546 650 2575 idcirco
668 2548 751 2575 etiam
781 2548 874 2576 omnia
895 2549 966 2577 bona

180 2601 301 2620 consona
320 2597 382 2620 sunt
407 2592 490 2627 (sicut
504 2592 573 2619 mala
587 2593 696 2627 pariunt
706 2593 881 2625 divisionem:
904 2602 966 2626 nam

181 2639 276 2672 κακὸν,
291 2639 317 2667 id
331 2644 373 2666 est
386 2639 490 2672 vitium,
511 2646 526 2666 a
537 2638 621 2675 χάζω,
631 2640 657 2668 id
669 2645 712 2668 est
724 2641 788 2675 vita,
800 2641 857 2669 sive
865 2642 966 2676 recedo,

181 2694 279 2712 nomen
296 2685 389 2720 habet)
402 2690 429 2712 et
440 2692 474 2712 ex
486 2693 539 2712 una
555 2686 610 2712 vita
626 2686 717 2713 divina
732 2692 879 2722 propagata
891 2693 965 2722 sunt,

180 2737 207 2759 et
221 2733 255 2759 ad
274 2738 357 2759 unum
374 2733 474 2759 bouum
492 2733 613 2760 temlunt.
626 2731 683 2760 Non
702 2733 783 2769 igitur
799 2734 825 2761 in
838 2734 903 2766 Deo,
917 2724 967 2761 nec

181 2778 246 2812 quid
266 2778 399 2810 divituun,
422 2785 471 2805 nec
491 2785 524 2805 ex
548 2778 602 2805 Deo
626 2779 725 2805 malum
746 2784 806 2812 est;
835 2778 878 2806 vel
893 2779 966 2806 enim

182 2832 234 2853 non
247 2825 333 2853 bonus
346 2829 374 2852 et
394 2825 435 2852 sic
446 2832 479 2852 ex
496 2825 555 2860 ipso
570 2825 670 2853 malum
685 2831 741 2859 est;
756 2825 797 2853 vel
813 2825 882 2855 bona
898 2826 966 2854 facit.

218 2877 228 2890 ο
247 2870 341 2899 Matth.
358 2879 405 2905 vn,
420 2871 462 2899 l8.

1019 1723 1101 1758 ἀρχή·
1115 1723 1132 1758 ἡ
1147 1722 1229 1757 μονὰς
1239 1722 1293 1757 γὰρ
1307 1721 1382 1748 ἔσται
1395 1721 1441 1747 καὶ
1450 1720 1501 1755 τῆς
1513 1719 1607 1751 δυάδος
1618 1719 1700 1755 ἀρχή.
1714 1717 1809 1745 Ταῦτα

1018 1769 1047 1795 δὲ
1060 1769 1148 1796 πάντα
1160 1767 1232 1794 κατὰ
1243 1767 1401 1803 Μανιχαίων
1412 1766 1547 1800 λέγονται,
1568 1765 1630 1792 ἐπεὶ
1651 1766 1668 1801 ἡ
1680 1764 1745 1797 δυὰς
1758 1765 1810 1792 οὐκ

1018 1813 1100 1850 ἀρχὴ,
1115 1812 1198 1850 μονὰς
1208 1812 1237 1840 δὲ
1250 1812 1339 1848 πάσης
1351 1811 1445 1843 δυάδος
1458 1811 1540 1847 ἀρχή.
1554 1810 1640 1838 Πάλιν
1657 1810 1757 1837 ἄτοπον
1778 1809 1810 1843 ἐξ

1019 1860 1079 1892 ἐνὸς
1092 1860 1139 1886 καὶ
1150 1858 1197 1885 τοῦ
1208 1858 1290 1885 αὑτοῦ
1303 1858 1350 1885 δύο
1361 1857 1480 1889 ἐναντία,
1493 1857 1524 1884 τὸ
1537 1856 1638 1892 ἀγαθὸν
1658 1856 1706 1883 καὶ
1717 1856 1747 1882 τὸ
1759 1865 1810 1883 κα-

1019 1905 1077 1938 κὸν,
1103 1905 1236 1941 προϊέναι,
1260 1905 1297 1937 ὼς
1318 1903 1441 1931 ἐντεῦθεν
1461 1903 1508 1931 καὶ
1526 1903 1574 1939 τὴν
1588 1903 1674 1940 ἀρχὴν
1685 1901 1753 1930 εἶναι
1770 1903 1809 1939 μὴ

1019 1950 1118 1986 ἁπλῆν,
1139 1950 1208 1978 ἀλλὰ
1219 1950 1325 1986 δυοειδῆ
1334 1959 1341 1966 ·
1364 1951 1411 1977 καὶ
1422 1950 1439 1986 ἢ
1452 1949 1575 1978 ἐναντίαν
1588 1950 1680 1985 ἑαυτῇ,
1694 1949 1762 1975 καθὸ
1774 1948 1810 1975 τὰ

1019 1997 1128 2024 ἐναντία
1153 1997 1292 2033 προΐεται·
1314 1996 1331 2033 ἢ
1353 1996 1550 2033 ἠλλοιωμένην,
1576 1996 1613 2028 ὡς
1637 1995 1731 2022 ἄλλοτε
1757 1995 1810 2031 μὲν

1019 2042 1154 2077 παράγειν
1165 2042 1195 2067 τὸ
1207 2042 1317 2075 ἀγαθὸν,
1328 2041 1422 2069 ἄλλοτε
1432 2041 1460 2068 δὲ
1470 2040 1660 2068 ἀλλοιωθεῐσαν
1672 2040 1810 2075 παράγειν

1017 2088 1048 2114 τὸ
1060 2087 1154 2115 κακόν.
1166 2088 1198 2114 Et
1211 2086 1256 2115 οὖν
1269 2087 1299 2114 τὸ
1310 2087 1339 2114 ἒν
1351 2087 1449 2114 ἄτοπον
1462 2086 1506 2114 διὰ
1515 2085 1612 2119 ταῦτα,
1622 2085 1650 2112 τί
1663 2085 1695 2121 δὴ
1707 2083 1761 2112 εἷεν
1774 2083 1809 2112 ἂν

1017 2135 1045 2161 αἱ
1058 2134 1140 2170 ἀρχαί
1153 2142 1160 2167 ;
1178 2134 1226 2161 καὶ
1238 2133 1319 2161 πάλιν
1336 2133 1383 2160 δύο
1395 2132 1521 2166 ὲναντία;
1542 2131 1599 2159 ἀλλ’
1611 2131 1710 2158 ἄτοπον
1721 2139 1729 2146 ·
1743 2131 1810 2157 οὒτε

1017 2180 1072 2217 γὰρ
1084 2182 1114 2208 ὲν
1127 2180 1256 2216 ἀλλήλαις
1268 2177 1338 2207 εἶναι
1355 2179 1456 2211 ταύτας
1469 2178 1551 2212 εἰκὸς,
1573 2177 1635 2205 οὕτε
1653 2177 1706 2214 μὴν
1721 2186 1809 2214 μαχο-

1019 2226 1103 2262 μένας
1124 2225 1262 2261 ἀλλήλαις·
1283 2225 1330 2252 καὶ
1343 2223 1397 2261 γὰρ
1408 2224 1485 2250 ἔσται
1499 2223 1545 2250 καὶ
1557 2223 1572 2249 ὁ
1589 2221 1655 2254 Θεὺς
1668 2222 1718 2249 οὐκ
1734 2221 1810 2258 ἀπή-

1019 2280 1087 2308 μων,
1100 2271 1146 2298 καὶ
1159 2272 1208 2298 οὐκ
1219 2270 1296 2303 ἐκτὸς
1307 2269 1436 2306 ἐπηρείας
1448 2269 1495 2296 καὶ
1505 2267 1681 2303 ἐνοχλήσεως.
1691 2268 1809 2294 Ἔπειτα

1018 2318 1096 2345 ἔσται
1109 2317 1199 2346 πάντα
1212 2317 1317 2344 ἄτακτα
1330 2317 1377 2343 καὶ⁴
1389 2316 1537 2351 μαχόμενα,
1547 2315 1583 2342 τὰ
1595 2315 1644 2351 μὲν
1654 2314 1707 2341 ὑπὸ
1716 2313 1807 2346 τοῦτο,

1017 2364 1053 2394 τὰ
1071 2365 1100 2392 δὲ
1120 2364 1173 2391 ὑπὸ
1185 2363 1264 2390 τοῦτο
1278 2364 1357 2390 ὄντα·
1371 2362 1440 2389 ἀλλὰ
1452 2362 1530 2389 τοῦτο
1551 2362 1691 2394 ἀδύνατον,
1715 2361 1808 2396 φιλίας

1018 2409 1072 2445 γὰρ
1091 2408 1122 2435 τὸ
1141 2408 1242 2443 ἀγαθὸν
1263 2407 1435 2444 μεταδίδωσι,
1457 2407 1503 2434 καὶ
1525 2407 1684 2443 αὑτοειρήνη
1704 2408 1719 2434 ὸ
1740 2407 1807 2439 Θεὸς

1018 2456 1142 2492 ὑμνεῖται
1152 2463 1159 2470 '
1173 2455 1214 2482 διὸ
1235 2454 1282 2481 καὶ
1294 2454 1382 2481 πάντα
1394 2453 1428 2480 τὰ
1441 2452 1531 2488 ἀγαθὰ
1544 2453 1690 2489 ὲναρμόνια
1710 2453 1758 2488 (ὡς
1771 2452 1807 2480 τὰ

1017 2501 1092 2528 κακὰ
1103 2499 1266 2528 σκεδαστικά
1275 2507 1282 2514 ·
1304 2498 1387 2526 κακὸν
1402 2497 1457 2533 γὰρ
1470 2497 1524 2525 ἀπὸ
1542 2497 1590 2524 τοῦ
1609 2497 1684 2533 χάᾰιι
1697 2498 1728 2524 τὸ
1740 2498 1807 2524 ὑπο-

1018 2547 1100 2584 χωρῶ
1111 2547 1219 2581 λέγεται
1231 2546 1250 2581 ·)
1262 2545 1310 2572 καὶ
1323 2546 1387 2581 μιᾶς
1395 2544 1466 2580 ζωῆς
1477 2545 1528 2580 τῆς
1540 2544 1614 2577 θείας
1627 2544 1726 2579 ἐκγονά
1734 2545 1804 2576 ἐστι,

1018 2594 1067 2621 καὶ
1079 2594 1147 2629 πρὸς
1160 2593 1190 2620 ἓν
1205 2593 1321 2619 τείνουσι
1339 2591 1370 2617 τὸ
1382 2591 1498 2626 ,ἁγαθόν.
1521 2591 1602 2618 Ὥστε
1615 2590 1677 2617 οὕτε
1691 2591 1720 2617 ὲν
1733 2590 1804 2626 Θεῷ,

1019 2641 1080 2668 οὔτε
1092 2640 1192 2672 ἔνθεον,
1212 2639 1274 2666 οὔτε
1287 2639 1319 2665 ὲκ
1331 2637 1398 2665 Θεοῦ
1409 2637 1440 2664 τὸ
1453 2637 1536 2664 κακόν
1547 2645 1554 2652 ·
1568 2637 1585 2673 ἢ
1597 2637 1651 2672 γὰρ
1672 2637 1723 2663 οὐκ
1739 2636 1806 2671 ἀγα-

1019 2686 1064 2718 θὸς
1078 2686 1134 2722 (καὶ
1147 2685 1233 2717 οὕτως
1253 2684 1283 2716 ἐξ
1302 2683 1406 2711 ἐκείνου
1428 2682 1487 2709 ἐστὶ
1505 2682 1536 2709 τὸ
1549 2682 1654 2718 κακὶν),
1676 2683 1693 2718 ἢ
1706 2682 1806 2716 ἁγαθο-

1019 2734 1099 2765 ποιεί,
1113 2733 1159 2759 καὶ
1170 2732 1220 2758 οὐκ
1236 2732 1269 2758 ἐκ
1289 2730 1384 2757 τούτου
1403 2730 1486 2757 ἐστίν.
1505 2729 1572 2756 Οὐδὲ
1594 2728 1649 2764 γὰρ
1671 2728 1736 2755 ποτὲ
1755 2728 1805 2764 μὲν

1018 2779 1118 2814 ἀγαθὸν
1133 2777 1259 2814 παράξει,
1273 2777 1338 2804 ποτὲ
1350 2777 1379 2804 δὲ
1392 2776 1476 2803 κακόν
1485 2784 1492 2790 ·
1515 2775 1656 2802 ἀλλοίωσιν
1675 2775 1729 2810 γὰρ
1742 2774 1804 2802 πεί-

1019 2834 1103 2858 σεται,
1118 2824 1260 2852 καὶταῦτα
1275 2823 1335 2859 περὶ
1350 2823 1416 2851 αὐτὸ
1428 2823 1458 2858 το
1471 2821 1616 2855 θειότατον,
1635 2821 1684 2858 τὴν
1702 2821 1802 2849 αἰτίαν.
