1938 3065
96 181 150 210 795
377 183 422 211 DE
438 183 565 211 DiVlNlS
583 181 785 215 NOMINIBUS,
803 181 947 219 CAPIJV.
965 199 1000 205 —
1016 182 1191 211 PARAPHR.
1209 182 1447 212 PACHYMER‘E.
1680 180 1728 209 794

94 241 128 268 Et
142 241 169 267 δὲ
177 240 269 277 ἕτερόν
280 242 339 268 ἐστι
351 241 427 276 Θεὸς,
441 243 488 270 καὶ
500 242 594 279 ἕτερον
605 243 634 269 ὲν
647 241 722 277 αὐτῷ
734 242 751 277 ἡ
764 237 812 268 τοῦ
819 241 879 275 ἀγα-

938 246 967 269 et
983 242 1024 270 sic
1041 249 1074 269 ex
1092 241 1150 276 ipso
1169 249 1221 269 non
1237 246 1290 269 est.
1303 240 1398 275 Neque
1411 241 1494 269 etiam
1510 240 1658 276 aliquando
1669 243 1731 274 qui-

92 286 144 314 θοῦ
162 287 287 323 ῦπαρξις,
301 288 372 315 κατά
389 289 561 324 συμΰεόηκὸς
583 288 617 316 ἂν
634 288 678 324 εῐη
692 288 722 315 τὸ
735 287 835 322 ἀγαθὸν
847 286 879 324 τᾷ

939 287 1000 315 dem
1016 288 1116 315 bonum
1130 288 1270 321 producet.
1297 287 1444 321 aliquando
1468 293 1532 314 vero
1552 286 1671 321 malum;
1690 288 1730 315 sic

92 331 164 368 Θεῷ·
174 331 244 359 ὥστε
255 333 300 360 καὶ
314 334 378 360 ποτὲ
391 334 440 369 μὲν
452 333 527 361 ἔσται
541 334 607 366 Θεὸς
621 333 690 369 ἔχων
700 333 732 360 τὸ
743 332 879 368 γνώρισμα

939 333 1015 361 enim
1025 332 1206 360 mulationem
1219 336 1361 367 pateretur
1371 333 1452 359 etiam
1464 332 1536 360 circa
1549 331 1575 359 id
1586 333 1656 367 quod
1671 339 1730 360 om-

92 378 144 413 τῆς
158 378 305 413 θειότητος,
318 379 445 413 τάγαθὸν,
459 379 523 406 ποτὲ
538 379 566 406 δὲ
579 379 629 406 οὐκ
642 379 728 411 ἔσται,
743 378 879 406 ἁποϐαλὼι

940 379 1014 408 nium
1040 384 1083 406 est
1099 378 1314 410 divinissimum,
1337 378 1443 405 scilicet
1460 385 1582 406 causam.
1609 378 1638 406 Si
1658 381 1730 407 vero

92 424 170 451 αὑτό.
179 425 233 451 Καὶ
242 426 266 451 εί
276 425 382 461 μεθέξει
394 425 442 452 τοῦ
455 425 569 460 ἀγαθοῦ,
578 425 607 460 ἐξ
615 425 709 462 ἐτέρου
722 424 831 461 μεθέξει
839 425 886 452 καὶ

93 470 171 502 ποτὲ,
179 470 242 497 ποτὲ
250 470 278 498 δὲ
284 471 314 497 οὐ
323 470 440 507 μεθέξει,
453 471 522 498 ἀλλὰ
532 471 579 498 τοῦ
590 471 675 499 κακοῦ
689 471 806 507 μεθέξεν
815 471 886 498 ὥστε

92 518 143 544 καὶ
156 517 276 554 μετέχων
282 517 330 544 τοῦ
340 517 453 552 ἀγαθοῦ,
463 517 493 544 τὸ
504 517 604 553 ἀγαθὸν
610 516 737 554 παράξει,
752 517 789 553 μὴ
804 517 886 553 μετέ-

93 571 150 598 χων
163 562 191 589 δὲ
199 562 304 595 τούτου,
311 563 342 590 τὸ
349 563 443 596 κακὸν,
452 563 521 599 ὅπερ
528 563 636 590 ἄτοπον.
647 563 704 590 Οὐκ
712 563 766 599 ἄρα
776 563 808 591 ὲκ
818 562 886 589 Θεοῦ

91 609 109 644 ἢ
123 610 152 636 ὲν
162 608 220 645 Θεῷ
228 609 258 636 τὸ
269 609 363 643 κακὸν,
371 609 433 636 οὔτε
445 609 548 642 ἁπλῶς,
559 608 620 636 οὔτε
631 609 703 636 κατά
710 618 772 636 τινα
780 609 879 645 χρόνον

938 607 1002 642 erit,
1013 608 1112 635 bonum
1129 606 1269 641 abjiciens.
1284 605 1361 639 Quod
1372 607 1394 633 si
1407 606 1551 641 participet
1565 607 1678 638 bonum,
1693 613 1727 634 ex

91 655 149 683 alio
163 657 338 691 participabit
353 661 380 685 et
393 656 554 691 aliquando,
566 656 728 692 quandoque
746 663 811 684 vero
822 663 875 683 non
893 655 1084 691 participabit,
1107 654 1155 682 sed
1188 653 1253 681 mali
1279 653 1416 688 particeps
1440 652 1511 686 erit;
1531 657 1558 680 et
1571 653 1611 680 sic.
1627 653 1727 680 bonum

90 702 202 737 quidem
218 702 385 738 participans
401 702 514 735 bonum,
530 710 583 730 non
597 702 766 737 participans
787 705 878 729 autem
891 692 1023 736 producet
1048 700 1161 733 malum,
1184 699 1257 732 quod
1285 703 1326 727 est
1345 698 1508 728 absurdum.
1546 698 1603 726 Non
1631 698 1727 735 itaque

90 755 126 775 ex
150 748 214 778 Deo.
232 746 274 774 vel
296 747 323 774 in
337 747 392 775 Deo
409 747 523 781 malum,
549 755 638 782 neque
653 747 776 780 omnino,
794 754 883 781 neque
897 751 973 774 certo
987 750 1122 780 tempore.

129 792 142 829 §
157 792 236 820 XXII.
259 793 320 820 Ἔτι
333 793 362 820 δὲ
373 793 428 819 οὐδ’
440 794 470 820 ὲν
482 792 608 828 ἀγγέλοις
621 793 680 820 ἐστὶ
692 793 724 820 τὸ
741 792 826 820 κακόν
836 801 842 808 ’
868 793 879 819 ὁ

973 791 986 828 §
999 791 1083 821 XXII.
1104 791 1176 825 Quin
1186 799 1219 821 ne
1231 791 1258 819 in
1270 790 1376 826 angelis
1387 791 1496 826 quidem
1507 795 1551 819 est
1563 791 1675 826 malum,
1688 792 1726 819 si-

89 838 147 875 γὰρ
159 838 273 874 ἄγγελος
285 839 366 866 είκών
378 841 435 867 ἐστι
447 839 494 867 τοῦ
507 840 586 872 Θεοῦ,
594 839 685 867 ἐκεῖνο
697 838 734 867 ὣν
748 837 879 875 δευτέρως

934 837 1043 874 quidem
1059 837 1181 880 angelus
1194 838 1284 873 imago
1302 837 1350 865 Dei
1362 843 1415 870 est,
1433 837 1459 865 id
1478 838 1570 872 ipsum
1589 839 1726 866 exsistens

940 425 1005 461 quid
1026 426 1099 453 aliud
1112 424 1148 453 sit
1165 424 1247 456 Deus,
1263 429 1290 452 et
1303 423 1378 451 aliud
1394 424 1420 451 in
1437 424 1495 458 ipso
1513 425 1578 452 boni
1601 424 1730 451 substan-

938 471 987 504 tia,
1001 471 1094 506 utique
1110 478 1158 506 per
1173 470 1303 498 accidens
1319 469 1346 496 in
1360 469 1415 496 Deo
1426 469 1526 496 bonum
1544 470 1611 503 erit;
1639 474 1666 498 et
1685 470 1726 498 sic

937 516 1085 551 aliquando
1100 515 1210 550 quidem
1226 514 1308 551 513
1327 514 1397 541 Deus
1412 515 1464 542 erit
1478 515 1582 542 habens
1598 515 1625 542 in
1639 523 1668 542 se
1680 524 1729 543 no-

939 566 994 590 tam
1010 561 1172 593 divinitatis,
1184 561 1290 589 scilicet
1305 560 1418 592 bonum,
1434 559 1582 595 aliquando
1596 568 1660 588 vero
1674 569 1728 589 non

90 885 164 912 κατά
179 885 298 920 μέθεξιν,
316 886 385 921 ὅπερ
403 884 519 922 πρώτως
536 885 596 913 κατ’
609 885 699 912 αἰτίαν
711 885 742 912 τὸ
755 885 884 920 ἀγγελλό-

91 923 356 966 μενονξφανέρωσις
374 929 421 957 τοῦ
435 930 555 965 ἀφανοῦς
575 930 672 965 φωτὸς,
693 931 740 957 καὶ
752 931 885 967 ἔσοπτρον

88 977 282 1010 διειδέστατον,
296 977 484 1013 εἰσδεχόμενον
496 977 546 1010 τὰς
555 977 606 1013 τῆς
618 976 784 1013 ὼραιότητος
796 977 885 1013 ἐμφά-

90 1031 150 1054 σεις
162 1031 169 1038 ·
184 1022 230 1050 καὶ
243 1022 352 1058 ἁμιγῶς
365 1023 433 1059 πρὸς
451 1023 482 1049 τὸ
495 1023 590 1056 κακὸν,
614 1023 697 1058 ἤγουν
718 1022 884 1057 ἀγαθπιδῶς

87 1066 251 1102 ἀναλάμπον
272 1068 302 1094 ὲν
320 1067 409 1102 ἑαυτῷ
428 1067 459 1094 τὸ
471 1067 573 1102 ἀγαθὸν
590 1067 641 1103 τῆς
654 1067 771 1104 κρυφίας
784 1067 863 1103 σιγῆς
874 1076 881 1082 ·

88 1114 141 1141 οὐκ
152 1115 205 1150 ἄρα
218 1115 281 1142 οὐδὲ
298 1115 328 1141 ὲν
339 1114 466 1149 ἀγγέλοις
478 1115 536 1141 ἐστὶ
548 1114 579 1141 τὸ
592 1114 687 1141 κακόν.
715 1114 760 1141 Ἐν
777 1113 883 1145 ἀδύτοις

88 1159 118 1186 δὲ
132 1159 219 1196 σιγὴν,
239 1160 289 1196 τὴν
303 1160 379 1186 θείαν
397 1159 465 1195 φησι
476 1159 660 1195 κρυφιάτητα·
684 1160 814 1194 σιγῶνται
828 1159 882 1194 γὰρ

88 1205 138 1232 καὶ
148 1204 183 1232 τὰ
195 1205 280 1241 ἄτιμα
290 1205 324 1232 δι’
335 1205 512 1241 αἰσχρότητα,
526 1204 653 1240 σιγῶνται
667 1205 696 1232 δὲ
707 1205 754 1232 καὶ
763 1205 797 1232 τὰ
811 1204 878 1230 ἔντι-

90 1260 130 1287 μα
147 1252 194 1278 καὶ
203 1251 239 1278 τὰ
250 1251 310 1279 θεῖα
321 1250 365 1278 διὰ
377 1250 533 1287 τιμιότητα,
546 1250 650 1278 καὶτοῦ
666 1251 702 1287 μὴ
717 1250 788 1286 ἔχειν
800 1250 881 1285 ἐξαγ-

87 1297 180 1333 γεῖλαι
192 1297 280 1324 ταῦτα
292 1298 321 1324 ὲν
339 1297 445 1330 ἀδύτοις
456 1297 570 1333 κείμενα
581 1305 588 1312 ·
602 1297 669 1323 ὅπου
680 1297 741 1329 νοῦς
754 1297 783 1323 οὐ
799 1297 881 1323 διεισ-

87 1343 172 1376 eam,
184 1343 236 1370 κᾶν
249 1342 308 1370 λίαν
322 1342 441 1379 καθαρὸς
458 1340 486 1380 ᾖ,
500 1342 547 1369 καὶ
564 1342 598 1369 δι’
611 1342 744 1378 ἀγιὸτητα
759 1342 882 1370 διαδατι-

88 1389 220 1422 κώτατος.
241 1389 309 1416 Ἀλλ’
320 1389 392 1416 εἴποι
403 1398 454 1421 τις,
468 1389 508 1416 ὄτι
521 1389 600 1415 κακοὶ
613 1389 637 1415 oi
650 1388 772 1423 ἄγγελοι,
784 1387 822 1420 ὡς
834 1396 880 1415 χο-

88 1436 219 1464 λαστικοί.
244 1435 309 1462 Δύει
333 1435 397 1472 γοῦν
419 1435 468 1472 τὴν
490 1435 626 1463 ἀντίθεσιν
656 1434 878 1470 φιλοσοφώταται

88 1480 197 1516 πρῶτον
220 1480 268 1516 μὲν
282 1480 335 1507 ἀπὸ
351 1480 405 1507 τῶν
419 1480 515 1516 ἱερέων
535 1480 590 1507 τῶν
610 1480 796 1516 ἀπειργόντων
815 1480 879 1513 τοὺς

87 1526 214 1559 ἀναξίους
224 1526 279 1553 τῶν
292 1526 372 1554 θείων
386 1526 542 1563 μυστηρίων
554 1535 560 1542 ·
576 1526 671 1554 ἔπειτα
683 1527 767 1562 λέγει,
781 1527 822 1554 ὃτι
833 1526 879 1553 οὖ-
891 1541 914 1571 c

86 1582 119 1601 τε
143 1573 208 1601 αὺτδ
228 1573 259 1600 τὸ
280 1573 442 1606 κολάζεσθαί
460 1583 531 1607 τινα,
556 1573 656 1601 κακόν·
671 1573 812 1606 παίδευσις
823 1575 877 1610 γάρ

87 1621 156 1652 ἔστι,
169 1620 243 1656 καὶὴ
257 1620 396 1652 παίδευσις
416 1620 528 1655 ἀγαθὸν,
541 1619 604 1647 οὗτε
617 1621 641 1647 οἱ
653 1619 812 1653 κολάζοντες
825 1629 877 1648 κα-

87 1665 141 1691 κοί·
154 1665 260 1701 εἴρηται
270 1666 334 1701 γάρ·
348 1666 388 1693 Οὐ
403 1666 458 1700 τὰρ
467 1665 532 1700 εικῆ
546 1665 604 1700 τὴν
614 1666 768 1701 μάχαιραν
782 1665 876 1701 φορεῖ·

86 1710 227 1744 διάκονος
253 1710 309 1746 γάρ
326 1711 392 1738 ἐστι
414 1710 488 1738 Θεοῦ
500 1712 543 1744 εἰς
562 1710 656 1746 ὀργὴν
674 1712 714 1745 τῷ
734 1711 767 1739 τὸ
782 1712 877 1740 κακὸν

88 1756 270 1790 πράσσοντι.
283 1757 383 1785 Λοιπὸν
396 1756 531 1784 εῑσὸάλλει
541 1758 581 1790 εἰς
593 1757 642 1793 τὴν
659 1757 735 1785 λύσιν
746 1758 796 1794 τῆς
810 1767 877 1794 προ-

87 1802 217 1838 κειμένης
229 1803 355 1840 ἀπορίας,
366 1803 412 1830 καί
425 1811 516 1839 φησιν,
529 1804 569 1830 ὃτι
582 1803 643 1831 οὐδὲ
656 1805 680 1831 οἱ
691 1804 817 1840 δαίμονες
828 1804 879 1839 φύ-

88 1857 130 1875 σει
149 1849 239 1876 κακοί.
260 1839 345 1876 Τοῦτο
357 1849 432 1884 ,γοῦν
453 1850 485 1876 ἐκ
504 1849 635 1877 πλειόνων
657 1850 875 1882 κατασκευάζει’

87 1894 197 1931 πρῶτον
222 1895 282 1931 μὲν,
308 1896 366 1928 πῶς
385 1896 498 1931 ἔμελλον
524 1896 697 1932 παραχθῆναι
719 1896 750 1929 ἐξ
772 1896 876 1932 ἀγαθοῦ

87 1939 212 1976 ποιητοῦ,
232 1941 280 1968 καὶ
290 1941 364 1974 ἄλλο,
378 1941 420 1968 ὃτι
440 1941 487 1968 καὶ
499 1940 529 1973 ἐξ
539 1941 648 1975 ἀγαθῶν
660 1942 824 1977 μετέϐαλον;
848 1944 876 1970 ai

86 1985 153 2020 γοῦν
169 1987 228 2013 κατ’
240 1986 381 2013 ἀλλοίωσιν
394 1987 539 2023 μεταϐολαὶ
560 1989 591 2014 οὐ
610 1988 670 2015 κατ’
686 1989 780 2016 οὐσίαν
795 1989 876 2022 εἰσὶν,

87 2030 157 2058 ἀλλὰ
180 2030 252 2058 κατὰ
271 2031 302 2058 τὸ
331 2032 418 2064 ποιὸν,
443 2032 538 2068 ὥσπερ
566 2034 594 2060 αἱ
614 2033 685 2061 κατά
698 2033 814 2070 αὔξησιν
829 2035 878 2062 καὶ

89 2077 212 2112 μείωσιν,
232 2076 303 2104 κατὰ
319 2077 349 2104 τὸ
366 2078 447 2104 ποσόν
457 2087 464 2094 ·
481 2079 498 2114 ἡ
511 2079 538 2105 δὲ
550 2081 611 2107 κατ’
623 2080 717 2107 οὐσίαν
729 2080 876 2117 μεταϐολὴ,

86 2122 104 2158 ἢ
118 2122 242 2158 γέννησίς
258 2124 341 2156 ἐστιν,
355 2123 372 2159 ἢ
387 2123 483 2159 φθορά.
506 2125 582 2152 Ἐπεὶ
604 2123 650 2152 οὖν
671 2125 748 2158 ὄντες
761 2126 878 2162 μετέϐα-

86 2169 142 2201 λον,
156 2169 218 2202 ἔδει,
233 2170 257 2196 εί
272 2170 332 2196 κατ’
343 2169 437 2197 οὐσίαν
452 2170 609 2206 μτέὸαλον,
621 2171 766 2207 φθαρῆναι,
782 2174 830 2200 καὶ
837 2174 878 2206 εἰς

935 882 1086 909 secundum
1110 878 1347 917 participationem
1377 882 1499 910 secundo
1525 883 1631 916 ordine,
1653 884 1725 919 quod

935 927 1087 955 secundum
1100 934 1210 955 causam
1223 931 1267 954 est
1277 927 1303 954 id
1315 928 1387 963 quod
1401 928 1561 956 enuntiatur
1572 929 1671 964 primo,
1680 937 1724 957 ar-

935 974 997 1001 cani
1023 973 1134 1001 luminis
1158 973 1309 1002 declaratio
1332 979 1360 1002 et
1373 973 1512 1010 speculum
1534 975 1723 1010 purissimum,

933 1020 1086 1048 venustatis
1109 1021 1215 1056 species
1242 1021 1392 1056 excipiens,
1418 1025 1446 1049 et
1463 1029 1479 1049 a
1494 1022 1566 1050 malo
1581 1023 1725 1059 impollute

934 1067 993 1094 sive
1009 1065 1201 1095 boniformiter
1215 1067 1242 1094 in
1257 1067 1405 1103 semetipso
1421 1067 1594 1103 resplendere
1618 1068 1723 1096 faciens

933 1112 1027 1139 arcani
1040 1111 1112 1140 illius
1122 1113 1222 1140 silentii
1236 1112 1398 1147 bonitatem;
1410 1121 1475 1149 ergo
1483 1114 1564 1142 etiam
1578 1114 1604 1142 in
1620 1115 1724 1150 angelis

933 1165 987 1185 non
1011 1161 1053 1185 est
1074 1158 1186 1185 malum.
1216 1157 1360 1186 Silentium
1376 1163 1467 1186 autem
1491 1161 1564 1194 quod
1585 1161 1612 1188 in
1636 1161 1724 1196 adytis

932 1207 984 1236 est,
1002 1207 1083 1231 vocat
1094 1204 1214 1231 divinum
1233 1204 1299 1232 illud
1318 1212 1464 1237 arcanum;
1484 1205 1619 1240 siquidem
1640 1206 1665 1234 id
1683 1207 1723 1234 si-

932 1248 990 1276 lent
1005 1257 1049 1276 res
1062 1249 1133 1277 viles
1146 1253 1258 1284 propter
1272 1257 1349 1278 suam
1364 1249 1577 1284 deformitatem,
1597 1259 1642 1278 rcs
1658 1259 1724 1279 vero

931 1295 1060 1330 pretiosae
1075 1302 1107 1323 ac
1121 1295 1220 1323 divinae
1232 1295 1297 1323 illud
1312 1296 1393 1324 slient
1406 1302 1519 1331 propter
1536 1296 1595 1331 ejus
1611 1304 1724 1325 venera—
1776 1317 1778 1321 ι

932 1341 1046 1373 tionem,
1062 1341 1189 1376 quodque
1205 1349 1257 1369 non
1274 1341 1383 1370 valeant
1398 1342 1542 1371 enuntiare
1558 1343 1604 1370 illa
1616 1350 1677 1379 quae
1695 1343 1723 1371 in

931 1386 1020 1421 adytis
1035 1385 1129 1420 latent,
1145 1393 1199 1421 quo
1214 1393 1292 1414 tuens
1306 1386 1380 1413 nulla
1393 1391 1530 1421 penetrat,
1546 1386 1724 1422 quantumvis

931 1440 999 1467 pura
1016 1432 1063 1467 sit,
1086 1437 1114 1461 et
1140 1437 1254 1468 propter
1276 1433 1448 1460 sanctitatem
1470 1432 1721 1468 perspicacissima.

930 1478 1011 1514 Atqui
1040 1479 1113 1506 dicet
1139 1479 1237 1514 aliquis
1256 1479 1343 1506 malos
1365 1485 1428 1506 esse
1453 1478 1563 1514 angelos
1585 1479 1657 1513 quod
1673 1486 1724 1514 pu-

930 1525 1016 1552 niant.
1043 1524 1118 1552 Hanc
1141 1524 1324 1559 objectionem
1353 1525 1555 1560 sapientissime
1585 1525 1722 1559 dissolvit,

931 1570 1049 1606 primum
1078 1578 1093 1597 a
1122 1571 1322 1604 sacerdotibus,
1351 1571 1397 1606 qui
1416 1571 1544 1607 indignos
1575 1579 1591 1599 a
1620 1571 1722 1600 divinis

932 1617 1070 1653 mysteriis
1083 1621 1192 1650 arcent;
1209 1616 1307 1644 deinde
1321 1617 1398 1650 dicit,
1410 1624 1444 1644 ne
1464 1617 1492 1644 itl
1507 1618 1595 1653 ipsum
1611 1617 1721 1652 quidem

933 1665 1034 1692 malum
1061 1672 1132 1697 esse,
1160 1665 1256 1700 punire
1279 1664 1411 1699 aliquem,
1435 1666 1565 1700 quoniam
1587 1665 1722 1692 correctio

931 1716 985 1743 est,
1004 1711 1138 1738 correctio
1153 1714 1243 1738 autem
1260 1709 1341 1742 bona,
1354 1718 1442 1746 neque
1459 1711 1505 1746 qui
1521 1711 1637 1746 puniunt
1656 1710 1720 1738 mali

931 1761 1008 1790 sunt,
1025 1757 1128 1784 dictum
1144 1761 1186 1784 est
1199 1756 1272 1784 enim
1288 1763 1294 1780 τ
1319 1756 1381 1784 Non
1402 1758 1471 1784 enim
1494 1758 1551 1785 sine
1565 1765 1646 1784 causa
1660 1757 1721 1792 gla-

930 1803 1004 1830 dium
1015 1808 1118 1837 portat;
1134 1803 1183 1830 Dei
1193 1803 1262 1830 enim
1274 1803 1398 1830 minister
1417 1810 1467 1836 est,
1493 1803 1590 1831 vindex
1608 1804 1637 1830 in
1651 1803 1721 1830 iram

930 1850 954 1876 ei
981 1849 1026 1884 qui
1051 1849 1120 1875 male
1148 1849 1201 1884 agit
1220 1848 1246 1875 ά.
1272 1848 1404 1876 Caeterum
1429 1849 1593 1882 solutionem
1620 1857 1721 1884 propo-

931 1894 992 1922 sitae
1004 1894 1162 1929 quaestionis
1175 1895 1360 1929 prosequitur,
1371 1900 1397 1922 et
1410 1895 1457 1929 ait,
1471 1903 1521 1923 nec
1535 1896 1609 1930 ipsos
1619 1897 1720 1923 desino-

931 1948 980 1968 nes
1004 1945 1102 1968 natura
1128 1940 1214 1968 malos
1239 1948 1312 1968 esse.
1338 1941 1395 1969 lloc
1418 1950 1451 1970 ex
1465 1943 1588 1978 pluribus
1604 1944 1717 1979 prohat:

929 1987 1047 2022 primum
1061 1986 1182 2022 quidem,
1194 1988 1330 2022 quomodo
1345 1989 1464 2024 alioquin
1479 1996 1494 2016 a
1510 1990 1720 2019 bonotlreatore

931 2032 1045 2066 conditi,
1070 2037 1098 2060 et
1118 2033 1191 2060 aliud
1211 2034 1275 2066 sint,
1296 2034 1427 2069 quoniam
1450 2041 1483 2061 ex
1504 2034 1583 2062 bonis
1603 2034 1719 2062 mutati?

932 2079 1098 2106 mutationes
1109 2079 1182 2106 enim
1198 2086 1258 2113 qua:
1269 2084 1332 2107 sunt
1349 2079 1499 2106 secundum
1514 2079 1716 2114 alterationem,

929 2133 984 2156 non
1011 2131 1076 2154 sunt
1099 2127 1250 2154 secundum
1277 2126 1471 2159 substantiam,
1497 2127 1543 2155 sed
1567 2128 1717 2155 secundum

930 2171 1102 2207 qualitatem,
1118 2173 1190 2200 sicut
1203 2172 1254 2200 illa;
1265 2180 1325 2208 quae
1341 2178 1404 2199 sunt.
1418 2173 1568 2200 secundum
1584 2181 1717 2209 augmen-

85 2215 118 2242 τὸ
133 2215 170 2251 μὴ
186 2215 216 2243 ὃν
230 2216 317 2244 ἐλθεῖν
327 2226 335 2232 ·
356 2217 414 2244 ἀλλ’
429 2217 483 2243 ἰδού
497 2218 566 2245 εἰσιν
577 2218 667 2245 οὐσίαι
683 2219 769 2252 ᾶῡλοι,
791 2221 815 2247 εί
831 2221 877 2248 καὶ

931 2223 987 2246 ιυιιι
1000 2223 1045 2245 aut
1057 2219 1272 2252 decretnenlum,
1286 2220 1432 2247 secundum
1446 2220 1644 2254 quantitatem;
1657 2228 1716 2247 tnu-

87 2262 147 2288 κατ’
160 2262 239 2288 ἀλλον
251 2262 351 2297 τρόπον
363 2263 414 2290 οὐκ
425 2260 495 2290 εἶναι
511 2263 643 2297 λέγονται,
657 2264 724 2292 καθὸ
735 2266 826 2292 κακοί.
837 2266 875 2293 Σὺ

86 2306 115 2332 δὲ
128 2307 290 2342 σημείωσαι,
305 2307 346 2334 ὅτι
358 2307 422 2335 ἄλλο
432 2308 490 2334 ἐστὶ
501 2307 532 2334 τὸ
541 2309 582 2340 είς
590 2309 621 2335 τὸ
637 2309 674 2345 μὴ
688 2309 718 2336 ὃν
728 2310 814 2337 ἐλθεῖν
828 2311 877 2338 καὶ

87 2352 235 2388 φθαρῆναι,
249 2354 297 2380 καὶ
308 2353 372 2381 ἄλλο
384 2354 421 2390 μὴ
435 2352 505 2382 εῐναὶ
516 2363 553 2382 τι.
573 2355 617 2387 Ὧς
627 2355 709 2392 γὰρὴ
723 2356 839 2391 γένεσις,
858 2358 875 2393 ἠ

87 2399 137 2434 μὲν
152 2399 244 2431 ἁπλῶς
258 2399 342 2433 ἐστιν,
353 2400 391 2432 ὼς
402 2401 418 2436 ὴ
431 2401 490 2427 κατ’
505 2401 599 2429 οὐσίαν
608 2411 616 2418 ο
631 2403 649 2439 ἡ
659 2402 688 2429 δὲ
702 2403 773 2430 κατά
789 2412 825 2436 τι,
838 2404 876 2436 ὡς

86 2447 104 2481 ὴ
119 2445 178 2471 κατ’
190 2444 342 2477 ἀλλοίωσιν,
363 2445 434 2472 οὕτω
451 2447 497 2473 καὶ
511 2448 528 2482 ἡ
551 2446 649 2483 φθορὰ,
665 2448 682 2483 ὴ
704 2449 753 2484 μὲν
772 2448 874 2482 ἁπλῶς,

85 2492 104 2526 ἡ
124 2491 183 2517 κατ’
198 2489 306 2523 οὐσίαν,
332 2491 350 2526 ἡ
363 2490 393 2518 δὲ
406 2491 478 2518 κατά
491 2500 528 2524 τι,
545 2493 561 2527 ὴ
577 2493 636 2519 κατ’
651 2493 802 2522 ἀλλοίωσιν.
821 2494 876 2530 Τὴν

85 2536 151 2572 γοῦν
184 2535 360 2572 ἀλλοιωτικὴν
394 2536 497 2573 φθορὰν
531 2539 711 2572 πεπονθότες,
752 2540 802 2567 οὐκ
835 2539 875 2567 εῐ-

86 2590 130 2609 ναι
152 2580 354 2617 λέγονται-τὴν
375 2582 404 2608 δὲ
427 2583 487 2608 κατ’
498 2583 590 2611 οὐσίαν
607 2584 644 2620 μὴ
666 2586 785 2619 γνόντες,
800 2586 877 2621 (ἀθά-

86 2635 159 2654 νατοι
172 2625 249 2663 γὰρ.)
274 2627 304 2653 οὐ
331 2627 454 2662 λέγονται
473 2628 611 2665 φθαρῆναι
631 2631 678 2658 καὶ
693 2632 733 2664 εἰς
747 2632 778 2660 τὸ
793 2632 831 2669 μὴ
845 2633 875 2661 ὃν

87 2673 184 2700 ἐλθεῖν.

929 2261 995 2289 latio
1011 2267 1101 2289 autem
1116 2262 1265 2289 secundum
1289 2263 1483 2296 subStantiam,
1501 2264 1642 2298 generatio
1657 2269 1716 2297 ,est,

929 2308 971 2335 vel
996 2308 1145 2343 corruptio.
1170 2308 1237 2336 Cum
1255 2309 1346 2344 itaque
1366 2310 1463 2338 mutati
1482 2310 1548 2343 sint,
1570 2311 1717 2346 oportebat

927 2363 988 2389 eos,
1000 2355 1023 2382 si
1039 2355 1190 2383 secundum
1206 2356 1389 2384 substantiam
1402 2357 1497 2384 mutati
1513 2363 1616 2391 essent,
1631 2357 1717 2385 inter-

928 2402 979 2434 ire,
998 2406 1027 2430 et
1042 2402 1069 2429 in
1081 2402 1195 2430 nihilum
1213 2402 1303 2436 abire;
1319 2403 1367 2430 sed
1387 2410 1452 2431 ecce
1470 2407 1534 2430 sunt
1555 2404 1716 2432 substantia

928 2448 1134 2482 immateriales,
1151 2449 1257 2476 tametsi
1274 2449 1423 2476 secundum
1440 2449 1523 2476 alium
1546 2450 1655 2477 modum
1678 2450 1716 2478 di-

928 2499 1026 2522 cantur
1038 2502 1091 2522 non
1106 2501 1179 2526 esse,
1200 2494 1226 2521 in
1241 2500 1373 2529 quantum
1397 2495 1460 2522 ntali
1477 2500 1552 2523 sunt.
1569 2495 1609 2522 Tu
1624 2500 1714 2524 autem

927 2540 1069 2568 considera
1080 2539 1163 2576 414
1174 2541 1245 2575 quod
1266 2540 1338 2568 aliud
1358 2541 1406 2573 sit,
1422 2541 1448 2568 in
1465 2542 1580 2568 nihilum
1595 2542 1672 2569 abire
1681 2549 1716 2570 ac

926 2587 1052 2622 interire,
1080 2593 1108 2614 et
1129 2588 1201 2615 aliud
1221 2595 1274 2615 non
1290 2595 1351 2615 esse
1367 2588 1516 2623 quidpiam.
1541 2588 1619 2616 Sicut
1640 2588 1714 2616 enim

926 2634 1065 2669 generatio
1088 2634 1152 2662 alia.
1162 2634 1270 2669 quidem
1291 2634 1407 2670 simplex
1434 2639 1496 2667 est,
1521 2639 1551 2662 ut
1566 2635 1714 2662 secundum

927 2680 1124 2714 substantiam;
1143 2680 1196 2707 alia
1212 2687 1278 2708 vero
1300 2681 1446 2707 secundum
1464 2680 1530 2716 quid
1555 2685 1607 2714 est,
1628 2687 1658 2708 ut
1670 2687 1714 2708 se-

87 2720 203 2747 cundum
223 2719 427 2755 alterationetn;
443 2721 479 2749 ita
496 2723 579 2751 etiam
600 2725 750 2760 corruptio,
764 2726 815 2755 alia
829 2732 872 2755 est
887 2727 1059 2763 simpliciter,
1079 2735 1140 2762 qua:
1159 2728 1308 2755 secundant
1344 2727 1542 2761 substantiam;
1570 2728 1623 2755 alia
1646 2734 1714 2756 vero

87 2768 234 2795 secundum
249 2767 324 2802 quid,
337 2776 397 2804 quae
414 2771 564 2799 secundum
577 2772 780 2802 alterationem.
805 2775 883 2809 Quod
898 2776 990 2812 itaque
1011 2776 1216 2812 corruptionem
1243 2775 1416 2804 alterativam
1441 2776 1586 2809 subierint,
1616 2776 1713 2803 dicun-

89 2819 131 2842 tur
143 2821 196 2841 non
207 2821 282 2848 esse;
299 2823 360 2843 cum
378 2820 470 2844 autem
491 2818 566 2846 illam
585 2821 734 2850 secundum
746 2822 928 2851 substantiam
943 2823 1099 2860 ignorarint
1114 2823 1254 2859 (quoniam
1271 2823 1443 2852 immortales
1457 2824 1532 2860 sum)
1550 2830 1602 2850 non
1616 2822 1712 2850 dicon-

89 2865 132 2888 tur
145 2860 255 2889 interire
268 2865 295 2888 et
311 2863 339 2890 in
356 2863 470 2892 nihilum
484 2865 568 2894 abire.

157 2917 170 2937 ά
186 2917 263 2947 Rom.
281 2927 341 2953 xm,
353 2920 380 2949 ιι.
