1938 3065
129 134 181 163 797

413 139 456 167 DE
473 141 600 171 DlVINlS
616 143 813 180 NOMINIBUS,
830 146 890 175 CA1

942 148 971 177 V.
989 165 1024 170 —
1040 150 1213 181 PARAPHR.
1231 154 1464 187 ΡΔΟΠΥΜΕΒᾹΞ.

1700 161 1750 190 798

126 204 346 239 κόντων.⁹Δλλως
362 216 392 234 τε
405 216 412 223 ·
425 209 458 236 Τί
470 210 500 236 τὸ
511 212 540 237 ἐν
552 211 659 247 δαίμοσι
672 214 755 241 κακόν
767 222 775 247 ;
789 214 860 242 εἴποι
871 224 887 243 τ

942 212 951 238 λ
967 208 1046 236 modo
1062 216 1092 237 se
1110 210 1219 244 habere,
1238 214 1377 247 proprium
1394 220 1439 242 est
1455 215 1533 249 boni;
1552 219 1679 253 quoniam
1698 220 1748 247 bo-

125 249 159 276 ἄν
168 259 174 265 ·
188 251 278 287 Θυμὺς
291 252 387 288 ἄλογος
406 254 538 291 (εὕρηται
552 257 606 293 γὰρ
625 259 654 284 ἐν
664 260 730 295 ἡμῖν
744 261 791 287 καὶ
805 261 912 296 ἐλλογος

124 296 139 321 ὁ
158 295 228 322 κατὰ
241 296 288 323 τοῦ
303 298 400 334 ἐχθροῦ
419 301 465 327 καὶ
479 302 529 338 τῆς
544 303 711 341 ἁμαρτίας)
733 306 780 332 καὶ
800 295 912 343 ἀνόητος

122 341 256 378 ἐπιθυμία
275 342 396 379 (εὓρηται
416 346 470 382 γὰρ
485 349 532 375 καὶ
554 349 598 376 ἐπ’
610 350 700 384 ἄλλοις
718 341 911 388 ἐπιθυμίανέν-

122 394 185 418 νους
194 395 201 401 ·
222 388 377 424 Ἐπιθυμίᾳ
392 391 576 428 ἐπεθύμησα,
589 396 645 429 καὶ,
661 396 738 431 ἀνὴρ
749 397 910 434 ἐπιθυμιῶν

121 431 177 458 τῶν
191 434 353 468 κρειττόνων
370 437 383 463 ὁ
403 438 525 474 Δανιήλ·)
543 441 591 468 καὶ
613 443 746 476 φαντασία
759 431 907 482 προπετὴς,

120 478 213 505 ἐκεῖνα
235 481 452 517 φανταζομένους
465 480 502 511 ὧν
514 494 578 512 ποτε
592 488 632 520 είς
645 487 700 521 ἐξιν
715 489 766 516 οὐκ
782 491 906 518 ἐλεύσον-

118 532 184 551 ται·
207 525 262 552 ἐστι
288 526 342 562 γὰρ
361 529 406 555 καὶ
422 531 555 564 φαντασία
573 533 603 559 οὐ
627 536 783 571 προπετὴς,
798 538 858 565 καθ’
872 539 906 575 ἢν

118 568 294 605 ἐφαπόμεθα
316 572 370 599 τῶν
387 573 471 601 ὄντων
495 577 542 603 καὶ
561 568 690 606 δυνατῶν.
711 568 787 608 Ἐπεὶ
806 580 853 609 οὖν
870 568 905 610 τὰ

117 614 240 649 τοιαῦτα,
267 616 321 644 εἴτε
344 627 386 650 τις
411 619 483 647 εἴποι
503 621 537 648 τὰ
561 623 676 658 κρείττω
697 626 744 653 κα)⁸
761 627 835 662 παρὰ
848 629 904 661 τοῖς

116 661 228 696 ἀγαθοῖς
244 663 387 700 ἀνδράσιν,
401 666 456 693 εἴτε
469 667 503 695 τὰ
525 668 608 705 χείρω
629 671 675 698 καὶ
689 672 764 707 παρὰ
776 661 832 706 τοῖς
846 674 903 700 δαί-

116 715 214 741 μοσιν,
236 709 279 744 ἐφ’
293 710 393 746 ἐτέρων
415 711 493 744 ζώων
513 716 672 743 συστατικαὶ
689 717 817 754 δυνάμεις
837 720 900 753 εισι,

114 753 162 778 καὶ
182 754 231 790 οὐχ
253 755 269 791 ὴ
291 754 347 788 ἕξις
366 757 485 791 τούτων,
508 760 565 786 ἀλλ’
589 762 605 797 ὴ
630 753 768 799 ἀναίρεσις
792 765 897 802 φθορά·

113 799 300 836 ἀναιρεθέντος
313 803 367 839 γὰρ
381 804 428 831 τοῦ
443 805 528 841 θυμοῦ
538 827 545 839 ,
559 807 608 843 τῆς
624 810 773 842 φαντασίας
786 799 833 837 καὶ
846 799 900 847 τῆς

112 846 269 883 ἐπιθυμίας,
287 850 347 876 οὐδὲ
365 850 433 883 ζῶον
449 852 540 879 ἔσται·
553 854 596 881 διὰ
607 855 694 882 ταῦτα.
704 857 733 883 οὐ
747 858 820 885 κακά
832 858 898 885 ταῦ-

964 261 1027 280 ηυηι
1053 259 1096 283 est
1122 259 1341 286 conservativum
1367 261 1527 296 identitatis,
1551 264 1625 292 sicut
1646 265 1747 292 malum

962 299 1167 330 destructivum.
1185 303 1263 336 Quod
1287 305 1311 332 si
1334 313 1390 333 non
1414 314 1522 342 semper
1545 310 1607 337 mali
1632 310 1744 344 fuerim,

961 351 1021 372 cum
1040 349 1212 381 reperiantur
1225 351 1288 378 boni
1302 359 1365 380 esse
1380 355 1477 386 creati,
1496 362 1550 382 non
1571 361 1635 384 sunt
1649 362 1746 386 natura

959 392 1041 424 mali.
1061 394 1108 420 sed
1125 399 1259 429 quatenus
1281 403 1345 425 sunt
1370 403 1398 426 et
1421 399 1516 427 vivunt
1539 406 1566 429 et
1591 403 1746 438 intelligunt

957 437 1104 471 participes
1119 446 1184 467 sunt
1198 442 1271 474 boni,
1290 451 1370 478 quam
1384 445 1479 480 otique
1492 446 1575 475 vitam
1592 437 1745 486 etiamiap-

957 488 1067 518 petunt;
1082 487 1128 512 sed
1140 487 1266 515 dicuntur
1282 489 1357 523 mali,
1372 495 1506 525 quatenus
1521 493 1548 519 in
1565 495 1680 522 naturali
1694 503 1743 524 sua

956 530 1063 558 actione
1076 530 1258 566 intirmantur,
1276 539 1303 562 et
1320 543 1334 562 a
1353 536 1435 564 rebus
1451 537 1501 565 sibi
1520 540 1743 569 convenientibus

956 574 1095 604 deﬁciunt.
1109 577 1178 610 Quid
1196 586 1271 612 vero,
1285 580 1357 608 dicet
1370 581 1478 617 aliquis,
1496 589 1626 618 praeterea
1642 586 1742 614 malum

955 621 981 648 in
998 621 1186 651 daemonibus?
1205 625 1294 653 Furor
1317 627 1484 657 irrationalis
1503 630 1651 665 (invenitur
1667 633 1740 660 enim

952 666 1034 694 etiam
1052 668 1078 694 in
1091 669 1169 697 nobis
1183 671 1224 697 ira
1240 673 1395 707 rationalis,
1417 679 1446 702 ut
1468 681 1564 703 contra
1591 678 1694 705 hostem
1712 685 1741 706 et

951 720 1031 748 pecca
1037 714 1102 749 tum)
1114 720 1141 742 et
1150 718 1371 752 concupiscentia
1383 721 1492 749 demens
1502 723 1644 758 (siquidem
1658 726 1739 754 etiam

951 758 978 785 in
993 759 1052 786 aliis
1066 761 1185 794 prudens
1198 764 1421 799 concupiscentia
1441 769 1576 802 reperitur
1591 779 1598 797 :
1627 770 1738 799 Deside-

949 804 989 831 rio
1006 805 1153 833 desideravi
1171 806 1192 841 τ,
1209 813 1255 837 et:
1272 809 1320 836 Vir
1334 811 1523 841 desideriorum
1541 816 1673 843 bonorum
1685 817 1738 844 Da-

949 849 1042 884 niel‘)
1059 858 1087 878 et
1103 852 1263 888 imaginatio
1281 863 1400 892 praeceps
1412 879 1419 891 ,
1439 859 1500 886 dum
1520 861 1564 888 ifla
1586 861 1737 898 imaginan-

110 901 155 925 τα,
174 893 243 920 ὥστε
259 895 318 922 οὐδὲ
332 897 361 924 ἐν
373 899 429 929 τοῖς
442 897 551 934 δαίμοσι
565 901 703 934 παντελῶς
717 903 791 930 κακὰ
808 904 845 936 ὡς
860 905 890 940 μὶ

950 899 994 922 tur
1009 904 1069 931 qua:
1093 906 1230 933 nunquam
1265 889 1570 940 habebunt-effectum;
1596 889 1735 936 estvenim

110 941 248 977 φθαρτικὰ
260 951 266 958 ·
296 945 346 971 οὐκ
375 945 428 981 ἄρα
440 948 519 974 κακοὶ
543 948 613 975 κατὰ
633 949 722 984 φύσιν,
738 950 795 977 ἀλλ’
819 948 898 988 ᾖούκ

108 987 179 1013 εἰσιν
189 988 295 1022 ἀγαθοί.
311 991 365 1017 Καὶ
379 992 429 1018 οὐκ
443 992 575 1030 ἠλλοιώθη
591 994 695 1027 τούτοις
708 996 739 1022 τὸ
750 987 826 1024 δοθὲν
831 987 899 1032 ἀγα-

108 1031 155 1059 θὺν
173 1034 294 1070 χάρισμα
305 1056 312 1069 ,
332 1036 426 1073 ὥσπερ
438 1038 507 1074 τάχα
522 1041 562 1072 είς
575 1041 755 1077 μεταμέλειαν
774 1031 897 1076 ἐλθόντος

105 1078 154 1105 τοῦ
178 1079 261 1113 Θεοῦ,
285 1082 325 1108 δτι
348 1082 434 1116 οὕτως
454 1085 551 1118 αὐτοὺς
569 1087 698 1123 ἐτίμησε,
722 1088 759 1125 μὴ
773 1089 893 1123 γένοιτοι

106 1125 164 1153 ἀλλ’
181 1127 256 1154 αὐτοὶ
267 1128 314 1155 τοῦ
327 1129 388 1157 ὅλου
409 1131 638 1161 ἀποπεπτώκασιν
657 1135 770 1170 ἀγαθοῦ,
793 1137 895 1173 μύσαν-

104 1181 151 1204 τες
164 1173 253 1201 αὑτῶν
266 1175 315 1207 τὰς
326 1176 513 1211 ὰγαθοπτικὰς
525 1179 664 1215 δυνάμεις,
681 1181 772 1214 καθὼς
781 1182 893 1218 ἔχεικαὶ

103 1217 135 1244 τὸ
155 1220 218 1255 περὶ
239 1220 287 1247 τοῦ
313 1222 419 1258 Ἰσραὴλ
440 1225 599 1260 εἰρημένον·
621 1226 693 1260 Τοὺς
720 1217 893 1263 ὀφθαλμοὺς

102 1265 203 1292 αὐτῶν
221 1266 415 1302 ἐκάμμυσαν,
436 1271 485 1297 καὶ
505 1271 567 1304 τοῖς
591 1272 645 1299 ὠσὶ
666 1273 783 1307 ,Βαρέως
801 1274 892 1309 ἤκου-

102 1318 174 1344 σαν,
189 1311 231 1346 μή
251 1320 322 1341 ποτε
342 1314 556 1350 ἑπιστρέψωσι,
570 1317 618 1344 καὶ
633 1317 756 1353 ίάσωμαι
768 1320 888 1354 αὐτούς.

102 1356 154 1383 Διὰ
167 1357 247 1384 τοῦτο
259 1359 306 1386 καὶ
321 1359 362 1387 ἔτι
373 1360 481 1396 λέγεται
494 1362 507 1388 ὁ
520 1362 608 1390 Σατὰν
624 1363 777 1400 Ἐωσφόρος
786 1373 792 1380 ·
805 1366 852 1392 καὶ
860 1367 890 1393 ἐν

101 1402 277 1438 Εὖαγγελίοις
287 1414 293 1420 ”
320 1406 483 1441 Ἐθεώρουν·
494 1408 548 1435 τὸν
569 1409 707 1437 Σατανᾶν
727 1411 766 1444 ὡς
778 1412 889 1446 ἀστρα-

99 1448 164 1483 πὴν
179 1450 213 1477 ὲκ
230 1451 283 1479 τοῦ
297 1453 425 1486 οὐρανοῦ
438 1454 580 1481 πεσόντα.
595 1455 662 1491 Περὶ
682 1455 737 1492 γὰρ
749 1457 799 1492 τὴν
812 1457 888 1491 τάξιν

98 1495 190 1522 αὐτῶν
210 1497 259 1532 τὴν
275 1497 423 1534 ἀγγελικὴν
441 1500 486 1526 καὶ
500 1501 630 1537 φωτοειδῆ
652 1502 701 1538 τὴν
715 1502 828 1537 ἀταξίαν
840 1505 887 1532 καὶ

96 1540 147 1575 τὴν
159 1541 261 1576 φθορὰν
273 1543 350 1579 ἔσχον
369 1545 402 1571 ἐκ
424 1546 619 1581 προαιρέσεως,
635 1547 726 1580 καθὼς
746 1549 793 1575 καὶ
811 1549 885 1586 παρὰ

95 1585 271 1624 τῷῚεζεκιὴλ
280 1588 392 1625 εὓρηται
401 1598 407 1604 ”
424 1590 554 1625 Ἑφθάρη
563 1593 581 1626 ἡ
590 1592 738 1628 ἐπιστήμη
752 1602 811 1621 σου
824 1585 884 1622 σὺν

96 1631 138 1665 τῷ
149 1633 254 1660 κάλλει
269 1642 338 1667 σου,
352 1635 497 1672 δηλονότιή
510 1638 655 1674 φωτοειδὴς
670 1638 726 1672 ἕξις
740 1640 786 1666 καὶ
805 1641 821 1676 ὴ
835 1640 884 1675 ἀγ-

94 1677 287 1714 γελοπρέπεια.
303 1681 365 1713 Πῶς
378 1681 406 1707 δὲ
416 1681 463 1708 τοῦ
476 1683 513 1718 μὴ
525 1683 609 1715 ὅντως
620 1683 767 1719 ἐφιέμενοι,
781 1685 827 1712 τοῦ
839 1695 884 1713 κα-

94 1723 144 1750 κοῦ
162 1725 297 1759 ἐφίενται,
312 1727 328 1762 ἢ
341 1727 479 1762 δηλονότι,
496 1728 609 1763 ἀλήθειά
629 1730 704 1756 ἐστιν
719 1731 732 1756 ὁ
746 1730 812 1762 Θεὸς
835 1732 883 1758 xui.

93 1769 142 1803 5v;
163 1770 193 1797 τὸ
214 1771 242 1797 δὲ
257 1772 288 1807 τῇ
309 1772 422 1808 ἀληθείᾳ
442 1774 629 1809 ἀντικείμενον
644 1774 741 1807 ψεῦδος
752 1795 760 1807 ,
776 1776 838 1804 οὔτε
852 1778 881 1805 δν

92 1816 177 1849 ἐστιν,
187 1816 239 1848 ἔξω
249 1816 304 1853 γὰρ
318 1817 365 1844 τοῦ
381 1818 448 1845 Θεοῦ
465 1819 613 1853 παντελῶς,
634 1820 697 1847 οὔτε
716 1821 798 1850 εἰκὼν
812 1823 877 1860 ἀλη-

91 1861 178 1894 θείας.
195 1862 303 1899 Ἐπειδὴ
313 1863 341 1890 δὲ
354 1863 442 1891 πείθει
457 1864 532 1897 τινὰς
545 1862 614 1892 εἷναί
634 1874 671 1899 τι,
687 1866 762 1894 ἔσται
777 1877 882 1896 σκοτει-

90 1907 137 1934 νὸν
148 1908 194 1934 καὶ
205 1908 324 1944 ἀμυδρὸν
340 1909 394 1937 τῶν
404 1909 528 1937 ὁπωσοῦν
540 1910 625 1938 ὄντων
637 1911 745 1940 εἴδωλον
754 1922 761 1929 ·
776 1914 819 1941 διδ
834 1915 880 1942 καὶ

90 1953 217 1989 ἐνεργείᾳ
229 1955 302 1981 ἐστὶν
315 1955 423 1982 εἴδωλον
434 1976 442 1989 ,
458 1956 505 1983 καὶ
520 1957 644 1993 ἐνεργείᾳ
663 1958 771 1993 ψεῦδος,
786 1960 881 1987 τουτέ-

90 2006 149 2024 στιν
162 1999 296 2034 ἀληθινῶς
309 2001 357 2027 xui
376 2000 460 2034 ὅντως
475 2001 571 2037 ψεῦδος
583 2023 591 2035 ,
614 2003 675 2030 ὅθεν
689 2004 736 2031 καὶ
754 2005 880 2041 ἐνεργείᾳ

90 2043 130 2079 μὴ
147 2044 186 2070 ὄν.
201 2044 304 2081 ’Ὠσπερ
317 2044 362 2073 οὖν
372 2047 418 2073 ἐπὶ
436 2047 490 2074 τῶν
511 2047 616 2082 ψευδῶς
629 2049 713 2076 ὄντων
733 2050 764 2076 τὸ
781 2050 878 2086 ψεῦδος

88 2088 240 2123 ἀναιρεθὲν,
255 2091 345 2117 πᾶσαν
358 2091 407 2127 τὴν
420 2091 512 2118 οὐσίαν
525 2091 572 2118 τοῦ
588 2093 749 2128 πράγματος
761 2094 876 2130 ἀναιρεῖ·

948 940 1029 967 etiam
1046 941 1203 976 imaginatio
1217 945 1328 973 minime
1342 955 1473 983 praeceps,
1487 958 1539 985 qua
1555 959 1586 979 ea
1600 960 1660 987 qua:
1672 959 1735 981 sunt

947 990 975 1012 et
989 985 1048 1014 fieri
1066 994 1181 1021 possunt
1195 991 1368 1026 attingimus.
1381 994 1447 1021 Cum
1466 996 1559 1030 itaque
1575 985 1632 1025 huic
1652 999 1689 1026 ita
1705 1007 1735 1027 se

947 1030 1076 1065 habeant,
1089 1034 1147 1061 sive
1163 1036 1226 1069 quis
1244 1037 1313 1064 bona
1331 1038 1403 1066 dicat
1420 1039 1452 1067 de
1474 1041 1539 1068 viris
1556 1043 1660 1077 probis,
1676 1044 1734 1071 sive

946 1077 1019 1104 mala
1037 1081 1071 1106 de
1098 1080 1277 1116 daemonibus,
1305 1084 1332 1111 in
1361 1085 1422 1113 aliis
1450 1090 1540 1115 tamen
1569 1089 1732 1118 animalibus

944 1127 1008 1150 sunt
1030 1124 1146 1154 virtutes
1166 1129 1361 1165 constitutivaa,
1386 1137 1414 1159 et
1435 1140 1608 1169 nequaquam
1634 1137 1732 1164 horum

945 1169 1069 1203 habitus,
1085 1171 1132 1198 sed
1147 1171 1249 1201 ablatio
1262 1179 1304 1201 est
1319 1176 1460 1211 interitus;
1478 1179 1568 1206 ablata
1586 1181 1658 1208 enim
1674 1182 1730 1208 ira-

942 1216 1052 1249 cundia,
1069 1217 1262 1252 imaginatione
1273 1220 1356 1257 416
1377 1228 1404 1250 et
1419 1225 1642 1259 concupiscentia
1655 1248 1663 1260 ,
1680 1235 1730 1255 nec

942 1259 1030 1294 ipsum
1043 1262 1143 1289 animal
1155 1264 1226 1297 erit;
1245 1272 1411 1302 quapropter
1424 1269 1481 1296 hac
1499 1278 1552 1298 non
1570 1279 1634 1300 sunt
1647 1274 1727 1308 mala,

942 1309 1024 1340 atque
1038 1307 1108 1334 adeo
1122 1309 1203 1336 etiam
1220 1309 1246 1338 in
1264 1311 1433 1341 daemonibus
1452 1322 1505 1342 non
1524 1317 1635 1345 omnino
1657 1307 1729 1347 mala

941 1353 1020 1383 sunt,
1041 1351 1140 1387 quippe
1163 1353 1223 1382 illos
1243 1363 1296 1383 non
1323 1357 1525 1394 interimentia;
1556 1369 1609 1390 non
1635 1363 1729 1399 itaque

940 1395 1003 1422 inali
1017 1401 1080 1423 sunt
1097 1400 1243 1427 secundum
1257 1406 1393 1436 naturam,
1417 1405 1465 1432 Sed
1484 1406 1511 1433 in
1528 1413 1659 1442 quantum
1672 1417 1727 1438 non

939 1446 1003 1468 sunt
1018 1442 1092 1470 boni.
1110 1443 1203 1479 Neque
1216 1446 1329 1481 bonum,
1349 1449 1420 1483 quod
1436 1451 1491 1479 illis
1505 1460 1664 1481 concessum
1673 1461 1725 1490 est,

938 1487 1047 1521 penitus
1059 1496 1215 1522 perversum
1232 1498 1285 1525 est,
1307 1496 1384 1528 quasi
1403 1496 1474 1524 forte
1495 1499 1626 1532 pmniteat
1640 1498 1723 1529 Deum

938 1534 1011 1567 quod
1029 1534 1065 1561 ita
1077 1534 1138 1561 illos
1154 1536 1315 1572 honorarit,
1334 1541 1422 1573 absit;
1442 1543 1490 1570 sed
1514 1544 1621 1579 ipsimel
1635 1554 1650 1573 a
1668 1552 1724 1575 toto

935 1577 1008 1605 bono
1020 1579 1211 1614 desciverunt,
1232 1586 1370 1618 potentias
1392 1594 1456 1615 suas
1469 1577 1532 1616 boni
1548 1591 1648 1619 visivas
1661 1593 1724 1621 odio

935 1624 1084 1658 habentes,
1105 1625 1181 1659 juxta
1206 1628 1232 1655 id
1249 1631 1321 1663 quod
1343 1631 1377 1659 de
1397 1633 1496 1668 populo
1517 1635 1666 1665 lsraelitico
1680 1639 1724 1666 diu

935 1674 1007 1697 ctum
1021 1676 1084 1700 est:
1100 1672 1198 1701 Oculos
1213 1683 1274 1703 suos
1289 1677 1453 1713 clauserunt,
1465 1686 1488 1707 et
1504 1683 1613 1710 auribus
1631 1685 1721 1718 gravi-

933 1720 973 1743 ter
998 1718 1160 1753 audierunt,
1188 1723 1327 1757 nequando
1353 1732 1553 1762 convertantur,
1579 1733 1603 1755 et
1632 1738 1722 1758 saltem

933 1769 977 1789 eos
987 1762 1013 1790 ιι.
1030 1764 1132 1793 Idcirco
1152 1768 1300 1796 etiamnqu
1331 1770 1447 1799 Satanas
1471 1772 1580 1801 Lucifer
1597 1777 1721 1804 nornina-

937 1811 994 1840 tur,
1008 1814 1036 1836 et
1059 1810 1086 1837 in
1111 1811 1264 1847 Evangeliis
1285 1815 1409 1844 dicitur:
1438 1816 1562 1845 Videbam
1591 1819 1720 1847 Satanam

932 1854 1002 1881 sicut
1016 1855 1107 1890 fulgur
1129 1857 1162 1884 de
1177 1858 1240 1885 cwlo
1263 1861 1396 1888 cadentem
1409 1863 1431 1889 ί.
1453 1863 1481 1890 In
1499 1865 1622 1892 ordinem
1642 1868 1716 1893 enim

932 1906 1010 1927 suum
1031 1902 1183 1937 angelicum
1199 1912 1231 1932 ac
1246 1905 1424 1935 *luciformem
1447 1909 1676 1939 inordinationem
1691 1917 1720 1940 et

932 1946 1075 1975 interitum
1091 1955 1123 1976 ex
1138 1951 1277 1985 proposito
1291 1951 1470 1988 invexerunt,
1487 1955 1557 1983 sicut
1580 1959 1719 1992 reperitur

931 1993 1002 2027 apud
1012 1993 1181 2023 Ezechielem
1195 1996 1208 2016 ¹ι
1222 2005 1230 2024 :
1252 1996 1384 2032 Corrupto
1408 2006 1445 2027 eu
1469 2002 1578 2029 scientia
1599 2009 1644 2030 tua
1658 2012 1718 2031 cunt

931 2041 1129 2076 pulchritudine
1145 2048 1202 2077 tua,
1214 2044 1240 2071 id
1255 2050 1296 2072 est
1310 2045 1462 2074 luciformis
1473 2048 1583 2076 habitus
1597 2055 1625 2076 et
1635 2057 1718 2085 auge—-

930 2087 997 2116 licus
1011 2089 1103 2117 decor.
1124 2090 1265 2124 Quomodo
1279 2097 1381 2127 autem,
1398 2094 1460 2122 dum
1478 2095 1504 2122 id
1523 2096 1593 2130 quod
1606 2104 1660 2123 non
1675 2102 1717 2124 est

87 2133 161 2160 οὕτω
175 2135 221 2161 καὶ
234 2136 248 2162 ὁ
261 2136 307 2162 τοῦ
323 2136 435 2172 ψεύδους
449 2136 529 2173 ἐρῶν,
545 2137 582 2169 ὡς
595 2138 619 2164 οἱ
632 2138 768 2173 δαίμονες,
781 2139 828 2191 τοῦ

942 2140 1069 2169 ιμμειυιιι,
1082 2137 1182 2164 malum
1201 2142 1347 2172 appetunt,
1368 2140 1421 2166 nisi
1445 2141 1508 2175 quia
1528 2141 1600 2169 Deus
1614 2143 1716 2171 veritas

87 2179 164 2212 ὄντος
177 2181 227 2217 ἐρᾷ
239 2202 246 2215 ,
260 2183 308 2208 καὶ
322 2183 352 2208 ἐν
367 2182 405 2218 τῷ
424 2182 491 2215 ὄντι,
501 2183 640 2211 τουτέστιν
659 2185 689 2210 ἐν
707 2186 740 2220 τῇ
753 2185 877 2221 ἀληθείᾳ,

88 2226 137 2239 _,___
154 2226 268 2239 ,__,__,___
301 2229 331 2239 ηε
349 2226 374 2239 Ar
389 2238 392 2239 ,
407 2229 448 2239 ,ηρ
592 2230 621 2239 nl
737 2232 744 2239 .
764 2231 804 2239 ν.

942 2186 970 2209 :st
983 2187 1011 2209 et
1028 2183 1098 2210 ens?
1120 2183 1191 2217 quod
1215 2188 1306 2211 autem
1323 2185 1430 2213 veritati
1450 2192 1581 2222 repugnat
1604 2190 1712 2216 menda~

87 2226 138 2262 οὐχ
154 2226 278 2263 ἕστηκεν.
301 2229 332 2255 Οἱ
346 2226 392 2256 οὗν
405 2229 540 2265 δαίμονες,
555 2230 626 2257 καθά
639 2239 719 2266 φησιν
732 2232 747 2258 ὁ
764 2231 876 2279 Κύριος,

942 2229 1000 2256 :ium
1011 2249 1018 2262 ,
1046 2237 1134 2265 neque
1156 2237 1205 2258 ens
1222 2235 1263 2258 est
1274 2251 1282 2264 ,
1308 2231 1442 2266 siquidem
1457 2233 1568 2261 omnino
1582 2241 1624 2262 est
1636 2239 1713 2262 extra

85 2272 200 2307 ψεῦσται
213 2274 298 2306 ὄντες,
307 2275 353 2301 καὶ
364 2275 481 2311 πατέρες
493 2275 541 2302 τοῦ
553 2275 676 2310 ψεύδους,
688 2276 735 2304 τοῦ
750 2277 786 2324 μη
800 2277 876 2311 ὄντος

86 2319 205 2331 λυμηη,
231 2321 272 2331 μη,
346 2321 371 2331 ,~
387 2323 394 2331 .
423 2322 429 2331 ι

942 2277 1027 2308 )eum,
1041 2283 1093 2303 nec
1104 2276 1193 2312 imago
1212 2277 1346 2305 veritatis.
1360 2277 1426 2306 Cum
1446 2283 1536 2306 autem
1551 2282 1714 2315 persuadeat

84 2319 218 2354 ἐφίενται,
230 2321 276 2347 καὶ
287 2321 372 2348 κακοῦ
385 2322 515 2356 ἐφίενται.
780 2321 782 2324 ’

942 2321 1091 2356 [uibusdam
1107 2329 1220 2357 prorsus
1235 2329 1295 2350 esse
1313 2323 1426 2358 aliquid,
1450 2325 1595 2353 obscurum
1610 2326 1664 2353 erit
1680 2334 1714 2354 ac

84 2369 170 2392 tenue
180 2373 270 2393 rerum
279 2374 388 2402 quoquo
400 2368 480 2396 modo
491 2369 684 2396 cxsistcntium
699 2370 893 2402 simulacrum;
921 2370 1051 2404 quocirca
1067 2370 1151 2397 etiam
1167 2368 1264 2397 eﬂ'ectu
1285 2370 1461 2399 simulacrum
1491 2377 1549 2423 est,
1569 2377 1597 2399 et
1609 2373 1713 2423 lene-ctu

85 2409 184 2423 t-l-..-
217 2411 244 2423 ενι
257 2417 293 2423 Δ..
310 2420 369 2423 ..-μ-
388 2421 395 2423 Α
407 2421 414 2423 Α
437 2414 511 2423 κηιι.
568 2415 580 2423 ιι
597 2415 602 2423 ι
696 2422 700 2423 ν
712 2419 717 2423 .
764 2422 769 2423 γ
818 2416 824 2423 1
891 2416 908 2423 .-
986 2416 1006 2423 ι.-
1038 2421 1044 2423 .
1255 2416 1274 2423 ιι
1367 2418 1373 2423 .
1432 2418 1437 2423 .

84 2409 197 2444 falsum,
217 2411 244 2439 id
254 2417 295 2440 est
310 2420 372 2441 vere
385 2421 417 2441 ac
436 2414 546 2442 realiter
567 2415 676 2449 falsum,
692 2419 774 2450 atque
791 2416 859 2443 adeo
873 2416 954 2443 etiam
967 2416 1066 2443 ell'ectu
1090 2423 1144 2443 non
1170 2423 1230 2444 ens.
1254 2416 1485 2469 Quemadiiioduru
1502 2417 1584 2452 igitur
1607 2418 1634 2445 in
1657 2418 1712 2446 fal-

85 2457 123 2469 με..
151 2458 255 2469 -...:I_.._
306 2459 327 2469 ,Ξ
353 2458 457 2469 ιξιμε..μ
510 2460 548 2469 ,I,
588 2466 594 2469 .
682 2468 685 2469 ν
838 2462 845 2468 υ
909 2461 914 2469 ι
942 2467 946 2469 ,
989 2462 1006 2469 ,-
1117 2462 1128 2469 ,-
1158 2465 1164 2469 Α
1209 2462 1226 2469 η
1433 2463 1439 2469 ι
1457 2463 1472 2469 -ν
1509 2464 1514 2469 ι

84 2457 124 2484 sis
150 2458 275 2491 entibus,
305 2459 328 2486 si
352 2458 458 2487 falsitas
492 2460 651 2493 auferatur,
676 2468 784 2489 omnem
807 2462 846 2489 rei
873 2461 1054 2490 substantiam
1078 2462 1184 2496 aufert;
1208 2462 1246 2489 ita
1265 2469 1379 2497 quoque
1401 2461 1531 2491 falsitatis
1553 2471 1660 2498 amans,
1682 2469 1712 2492 ut

84 2504 222 2518 Ammnnnn
252 2510 323 2518 aton
341 2505 367 2518 ΖΛ
379 2507 448 2518 ..ηΑᾹ
464 2514 514 2518 κ...-
533 2511 570 2518 -..ι
599 2512 620 2518 ..ι
638 2508 662 2518 ε-
684 2515 710 2518 .-
728 2508 794 2518 ηῃγ]
819 2512 855 2518 ..Α
884 2509 909 2518 ελ
941 2513 976 2518 ᾼᾷ.
995 2509 1013 2518 5,
1042 2510 1154 2518 _e.,-._.,
1197 2516 1248 2518 ,κη
1275 2513 1294 2518 ξ.
1318 2513 1324 2518 ι
1367 2509 1406 2518 ΛΠ
1527 2511 1533 2517 -
1555 2512 1561 2518 θ
1655 2513 1660 2518 Ι

84 2504 232 2538 daemones,
251 2510 323 2532 amat
341 2505 367 2532 id
377 2507 448 2540 quod
463 2514 516 2534 non
531 2511 582 2540 est,
597 2512 623 2534 et
638 2508 665 2535 in
680 2515 713 2536 eo
724 2508 794 2543 quod
815 2512 867 2542 est,
884 2509 911 2536 id
937 2513 978 2536 est
994 2509 1022 2536 iu
1042 2510 1168 2541 veritate,
1196 2516 1250 2536 non
1272 2513 1337 2536 stat.
1365 2509 1506 2538 Damones
1526 2511 1618 2546 igitur,
1639 2513 1709 2541 sicut

84 2550 120 2563 ..ει
135 2550 263 2563 Πουνιιημν.
298 2558 356 2563 ιη...-
378 2552 521 2563 ...,...Α1......»,
543 2553 596 2563 _:,.a
629 2557 651 2563 ,ι
678 2561 734 2563 μ.γ
751 2555 768 2563 ιε
781 2554 810 2563 γ’·
826 2559 915 2563 Αγμα.
986 2562 989 2563 ,
1014 2560 1020 2563 .
1063 2559 1070 2563 ι
1094 2555 1100 2561 ο
1113 2555 1119 2563 ι
1145 2562 1155 2563 η
1203 2555 1210 2563 ι
1250 2562 1257 2563 κ
1303 2562 1306 2563 ,
1330 2559 1336 2563 .
1417 2556 1423 2563 .
1551 2558 1557 2563 .
1592 2559 1596 2563 .
1611 2559 1616 2563 .

82 2550 275 2583 aitDominus,
296 2558 358 2578 cum
378 2552 522 2580 mendaces
542 2553 598 2580 sint
626 2557 654 2581 et
677 2554 810 2581 mendacii
825 2559 928 2589 patres,
943 2559 1073 2590 appetunt
1094 2555 1119 2582 id
1139 2555 1212 2590 quod
1228 2562 1281 2583 non
1298 2559 1349 2588 est,
1370 2556 1525 2591 malumque
1542 2558 1708 2587 desiderant.

118 2628 134 2664 ς
151 2628 242 2656 XXIV.
258 2630 422 2657 Μεταὸαίνει
434 2631 480 2658 ἐπὶ
494 2632 544 2664 τὰς
555 2631 704 2668 λεγομένας
716 2634 804 2666 κακὰς
817 2634 869 2669 ψυ-

83 2674 143 2709 χὰς,
156 2675 301 2710 γυμνάζων
314 2676 358 2703 τὸν
371 2676 448 2711 λόγον
462 2677 509 2704 καὶ
522 2679 568 2705 ἐπὶ
581 2679 694 2711 τούτων,
715 2681 739 2706 εἰ
758 2679 868 2707 δύναται

82 2719 128 2745 ἐπὶ
147 2720 246 2756 ταύτης
257 2722 265 2731 ·
279 2719 348 2747 εἶναί
361 2730 421 2747 τινα
434 2722 527 2749 οὐσίαν
540 2723 587 2749 καὶ
600 2724 660 2750 καθ’
673 2724 739 2751 αὐτὸ
751 2725 798 2751 τοῦ
819 2734 868 2752 κα-

81 2765 193 2797 xuii,qu
203 2775 292 2802 φησιν·
303 2768 382 2794 Ἀλλὰ
393 2768 435 2800 τίς
445 2769 516 2796 εἴποι
528 2769 616 2804 ψυχὰς
628 2771 732 2804 κακάς;
746 2772 801 2799 Καὶ
813 2773 866 2808 μὴν

80 2811 97 2847 ἦ
111 2813 139 2839 ἐν
151 2812 189 2847 τῷ
201 2813 372 2847 συγγίνεσθαι
392 2815 495 2851 ἑτέροις
518 2818 613 2847 κακοῖς
625 2816 655 2843 τὸ
668 2817 751 2844 κακὸν
764 2819 780 2853 ὴ
793 2817 865 2854 ψυχὴ

119 2869 128 2888 ί
145 2868 208 2897 an.
225 2877 289 2898 xm.
307 2871 347 2898 15.
398 2872 410 2891 ε
425 2871 491 2899 Dan.
513 2880 549 2907 Ix,
564 2873 608 2901 “25.
647 2874 660 2894 h
679 2874 714 2902 is.
729 2883 765 2908 γι,
783 2876 820 2905 '0.

858 2882 864 2895 ι
883 2875 948 2904 Luc.
964 2876 1051 2909 ΚΑΒ.

961 2633 975 2670 §
990 2633 1085 2661 XXIV.
1102 2634 1212 2663 Transit
1234 2637 1267 2663 ad
1283 2637 1369 2664 dictas
1393 2646 1491 2673 pravas
1513 2647 1632 2674 annuas,
1647 2649 1707 2670 ser-

921 2687 1029 2707 monem
1043 2680 1070 2707 in
1084 2681 1117 2708 iis
1131 2688 1275 2714 exercens,
1294 2691 1328 2710 an
1343 2685 1450 2718 possint
1464 2686 1490 2712 in
1509 2686 1545 2714 iis
1566 2688 1649 2715 etiam
1661 2696 1706 2716 se-

920 2726 1037 2753 cundum
1051 2726 1232 2754 substantiam
1244 2728 1335 2764 aliqua
1347 2737 1408 2758 esse
1427 2731 1496 2758 mala
1510 2751 1518 2765 ,
1532 2736 1559 2760 et
1573 2734 1611 2760 ait
1626 2742 1633 2760 :
1650 2734 1703 2762 Sed

919 2771 981 2806 quis
1001 2772 1074 2800 dicat
1095 2774 1201 2801 animas
1226 2781 1287 2802 esse
1310 2775 1413 2804 malas?
1429 2777 1535 2806 Etenim
1556 2779 1596 2806 vel
1610 2787 1644 2807 ex
1657 2787 1702 2814 eo,

919 2818 990 2852 quod
1009 2826 1071 2846 cum
1090 2818 1157 2847 aliis
1180 2819 1260 2848 rebus
1278 2821 1357 2849 malis
1375 2829 1509 2860 versetur,
1530 2825 1630 2854 malum
1642 2826 1702 2855 ani-

1103 2877 1127 2916 *_
1143 2877 1210 2914 Cap.
1228 2887 1322 2916 XXVIII,
1342 2880 1369 2908 7.
