1938 3065
239 164 291 192 799

825 159 852 187 S.
872 156 1022 186 DIONYSII
1041 154 1271 183 AilEOPAGszE

1819 150 1878 180 eoo

238 232 282 252 tna
301 222 424 255 habebit,
446 221 488 249 vel
503 221 575 256 quod
589 229 604 248 a
622 220 770 254 semetipsa
784 219 948 254 depravetnr
967 227 973 245 :
992 217 1029 245 si-

1096 217 1145 249 ξει,
1160 214 1177 250 ἢ
1191 214 1237 249 ἀφ’
1251 212 1349 248 ἑαυτῆς
1363 211 1519 239 κακύνεται·
1534 210 1558 237 ιι
1573 209 1622 246 μὲν
1639 209 1669 236 ὲν
1687 208 1727 244 τῷ
1740 208 1879 243 συγγίνε-

237 269 346 304 qnidettt
365 275 399 295 ex
415 267 646 300 conversatione,
673 267 715 294 vel
739 270 770 294 ut
793 265 863 292 mala
890 264 973 292 simili
997 271 1027 292 se

237 315 379 350 coniungit
395 314 420 340 ci
434 321 595 345 accurrens.
611 313 654 341 vel
679 318 707 340 ut
732 313 814 344 bona,
837 318 891 346 quo
905 310 976 338 forte
989 310 1027 337 illi

238 362 345 397 prosit,
365 361 445 396 juxta
465 360 567 387 dictum
586 359 707 394 Apostoli
721 370 727 386 :
743 357 844 385 Factus
865 365 923 384 sum
938 358 971 384 iis
983 357 1028 391 qui

237 409 294 435 sine
306 408 360 442 lege
372 411 459 438 erant,
474 412 600 442 tanquam
616 407 672 433 sine
687 406 743 440 lege
759 404 782 438 ι,
799 405 894 432 et-lttec
905 411 959 431 non
966 407 1030 430 sunt

239 453 320 485 mala,
338 453 465 487 quoniam
478 459 594 487 utraque
609 457 638 479 et
654 451 767 486 provide
781 450 863 486 417
878 454 905 477 et
925 449 1029 476 saluta-

240 499 309 526 riter
323 498 400 530 fiunt,
419 498 483 524 dum
502 497 631 524 nimirum
646 497 736 523 anima
759 495 849 523 studet
870 494 911 522 vel
929 494 1029 521 malum

242 543 360 575 evitare,
377 541 419 569 vel
445 542 472 568 itt
490 541 590 568 bonunt
613 546 793 568 commutare.
820 539 886 566 Illud
912 539 1029 574 primum

241 589 344 623 itaque,
361 589 432 621 quod
450 591 580 622 tanquam
602 586 673 613 mala
687 594 748 613 eum
762 585 842 613 malis
856 589 952 617 coeat,
968 591 1032 619 pro-

241 634 368 661 videntiae
379 640 490 668 quoque
505 639 537 660 ac
552 631 649 659 salutis
665 631 798 658 rationem
818 630 912 663 habet,
928 629 1033 657 scilicet

242 681 401 715 apparentia
420 683 448 706 et
468 685 522 706 non
548 678 661 705 omnino
683 685 774 710 veras;
799 677 926 711 quoniam
949 683 1032 711 prava

241 726 333 752 anittta
360 729 458 756 curat,
475 728 504 750 ut
521 727 644 750 servetur
659 723 759 750 malunt
775 723 801 750 in
822 723 856 750 iis
870 721 1034 757 quibuscum

242 769 438 805 congreditur:
456 770 507 796 hoc
523 769 604 796 modo
627 768 787 802 aggreditur
807 767 854 802 qui
877 768 987 795 sanetos
999 767 1034 794 ab

244 816 321 844 initio
337 815 424 849 cepit;
445 815 509 849 quia
522 814 573 841 sub
583 813 645 842 boni
658 814 749 846 specie
758 813 942 847 congreditur,
951 816 982 840 ut
993 812 1037 840 ni-

200 853 206 864 ’
243 863 343 890 tniruttt
362 863 464 895 prosit,
483 866 511 888 et
526 861 566 888 sic
579 865 685 888 noceat.
698 860 824 887 Praeterit
846 859 890 886 hic
905 859 1032 892 alterum,

1080 261 1177 296 σθαιιῆ
1191 260 1229 292 ώς
1242 259 1314 295 κακὴ
1328 258 1494 293 συγγίνεται,
1507 255 1547 291 τῷ
1554 255 1640 291 ὁμοίῳ
1652 254 1878 290 προσ-τρέχουσι,

1078 308 1094 343 ἢ
1109 307 1146 339 ὡς
1162 306 1261 342 ἀγαθὴ,
1276 306 1320 332 ἵνα
1331 305 1411 340 τυχὸν
1419 303 1558 338 ὠφελήσῃ,
1571 302 1642 329 κατὰ
1653 301 1685 328 τὸ
1695 303 1724 328 ὲν
1736 301 1776 337 τῷ
1790 301 1880 328 Ἀπο-

1079 353 1165 388 στόλῳ
1176 352 1321 388 λεγόμενον
1333 360 1340 366 ·
1356 350 1521 385 Ἐγενόμην
1539 348 1601 380 τοῖς
1617 348 1741 382 ἀνόμοις
1751 348 1793 380 ὡς
1802 347 1881 374 ἀνο-

1076 407 1142 435 μος·
1161 398 1208 425 καὶ
1221 398 1306 425 ταῦτα
1317 398 1367 424 οὐκ
1380 396 1437 423 ἐστι
1449 394 1521 422 κακά
1530 414 1538 427 ,
1550 394 1612 421 ἐπεί
1623 394 1665 420 τοί
1677 402 1709 428 γε
1722 394 1769 420 καὶ
1782 393 1879 429 ἀμφό-

1079 453 1146 480 τερα
1159 442 1345 480 προνοητικῶς
1353 452 1382 470 τε
1396 443 1442 470 καὶ
1454 442 1594 474 σωστικῶς
1605 441 1735 476 γίνονται,
1744 447 1880 475 προνοου-

1083 490 1166 526 μένης
1180 489 1230 525 τῆς
1243 489 1332 524 ψυχῆς
1347 485 1402 515 οἷον
1416 488 1432 523 ἢ
1445 486 1559 522 φυλάξαι
1572 486 1603 513 τὸ
1613 485 1707 517 κακὸν,
1721 485 1738 521 ἢ
1752 484 1880 520 μεταῶ-

1081 537 1136 563 λείν
1159 537 1198 572 είς
1219 536 1250 562 τὸ
1269 534 1380 570 ἀγαθόν.
1396 535 1472 569 Ἔχει
1492 533 1558 568 γοῦν
1570 533 1619 560 καὶ¹
1629 532 1660 559 τὸ
1677 532 1819 567 πρότερον,
1833 531 1879 557 ὅτι

1083 582 1239 618 συγγίνεται
1250 582 1288 613 ὼς
1299 580 1372 616 κακὴ
1385 582 1441 612 τοῖς
1455 581 1561 612 κακοῖς,
1574 578 1678 606 ἔννοιαν
1688 577 1816 613 προνοίας
1828 577 1880 605 καὶ

1083 629 1229 665 σωτηρίας,
1252 627 1416 663 φαινομένης
1439 626 1467 653 δὲ
1477 647 1485 660 ,
1500 626 1546 653 καὶ
1560 625 1598 662 μὴ
1609 624 1739 660 ἀληθινῆς
1752 623 1878 655 πάντως,

1083 676 1125 703 ὃτι
1137 673 1322 711 προνοουμένη
1334 674 1351 708 ὴ
1366 672 1438 708 κακὴ
1449 671 1521 708 ψυχὴ
1530 691 1537 704 ,
1554 671 1599 698 ἶνα
1612 669 1732 705 σώζηται
1745 669 1776 696 τὸ
1790 669 1880 696 κακὸν

1084 718 1125 753 οἷς
1140 719 1304 754 συγγίνεται.
1320 717 1371 744 Διὰ
1386 717 1465 743 τοῦτο
1477 717 1660 751 συγγίνεταιὸ
1677 716 1706 742 ὲν
1718 716 1774 747 τοῖς
1787 714 1880 748 ἁγίοις

1084 766 1202 803 ἀρχῆθεν
1213 764 1312 796 λαϐὼν,
1327 764 1368 790 ὅτι
1380 763 1417 795 ὡς
1428 762 1517 798 ἀγαθὴ
1531 762 1702 796 συγγίνεται,
1723 761 1756 788 ἶν’
1768 760 1881 796 ὠφελή-

1087 822 1122 850 σῃ
1131 811 1230 849 δηλαδὴ
1244 811 1291 838 καὶ
1310 810 1355 837 διὰ
1366 809 1444 836 τοῦτο
1459 808 1622 844 βλάπτηται·
1636 806 1759 844 παριδὼν
1769 807 1800 834 τὸ
1818 806 1881 833 ἓτε-

1089 868 1134 896 ρον
1146 879 1153 891 ,
1173 857 1205 885 τὸ
1222 857 1260 890 ὡς
1277 856 1350 892 κακὴ
1371 855 1500 887 πολλάκις
1519 854 1673 888 συγγίνεται
1693 853 1749 885 τοῖς
1767 853 1879 884 κακοῖς,

244 908 316 942 quod
341 912 469 942 tanquam
494 906 564 934 mala
585 913 773 940 saepenumero
792 912 855 932 cum
876 904 956 932 malis
970 911 1033 932 con-

1092 903 1344 941 ιπεξεργαζὸμενος,
1358 902 1399 928 ὅτι
1413 900 1493 928 καλόν
1507 902 1567 927 ἐστι
1580 899 1660 926 τοῦτο
1675 899 1743 927 καθὸ
1759 898 1882 934 προνοεῖ-

243 953 402 988 grediatur,
428 950 547 979 inferens
577 951 628 978 hoc
653 957 715 977 esse
730 949 842 981 bonum,
857 949 884 975 in
902 953 1033 983 quantum

244 999 278 1026 iis
292 1006 352 1034 quae
374 997 478 1033 perdita
502 1002 564 1024 suttt
588 996 733 1023 consulere
755 1002 788 1022 ac
810 995 923 1022 salutent
937 993 1036 1021 aﬂ‘erre

244 1045 329 1080 cupit,
347 1044 455 1071 tatnetsi
473 1051 528 1071 non
545 1043 645 1078 possit,
659 1043 707 1070 sed
722 1042 814 1077 potius
832 1041 947 1077 ipsumet
971 1040 1036 1068 ntali

244 1092 382 1127 particeps
407 1091 548 1119 reddatur.
570 1090 611 1117 Ad
633 1091 784 1117 secundum
799 1089 851 1117 hoc
871 1093 975 1117 tantum
988 1096 1038 1124 op-

245 1139 322 1174 ponit
336 1147 343 1166 :
359 1138 435 1172 Quod
454 1138 476 1165 si
494 1141 624 1172 tanquam
641 1137 712 1164 bona
726 1136 905 1171 congreditur
923 1141 953 1164 ut
972 1143 1038 1171 pro-

245 1189 291 1217 st,
305 1189 333 1212 et
347 1191 395 1219 per
424 1184 475 1211 ltoc
498 1188 607 1215 noceat,
629 1191 683 1210 non
700 1183 758 1218 jant
779 1186 831 1210 hoc
857 1182 968 1214 malum,
989 1182 1037 1210 sed

246 1231 359 1262 bonum,
372 1235 398 1257 et
410 1237 442 1257 ex
460 1229 531 1257 bono
542 1229 615 1264 quod
629 1229 712 1256 etiam
730 1229 831 1256 malutn
849 1229 949 1256 bonum
960 1228 1036 1257 facit.

247 1276 325 1309 Quod
344 1276 366 1303 si
384 1283 438 1303 non
456 1276 521 1306 hoc,
548 1275 594 1301 sed
617 1274 733 1302 alterum
757 1274 950 1307 concedamus,
966 1275 1039 1309 quod

247 1322 377 1349 nimirum
402 1322 495 1348 anima
518 1321 682 1356 depravetur
701 1328 715 1347 a
737 1322 902 1356 semetipsa,
917 1327 1038 1356 quatiant

248 1367 301 1396 alia
316 1374 345 1395 re
358 1367 534 1402 depravetur,
551 1374 634 1401 quam
646 1366 801 1394 defectione
822 1366 974 1394 bonorum?
986 1366 1040 1394 No-

218 1447 219 1451 ‘
248 1421 385 1448 quaquam
399 1420 465 1440 sane
479 1412 507 1439 iit
520 1412 663 1447 suppoeito
677 1413 770 1447 aliquo
783 1411 855 1439 malo
865 1412 1038 1447 depravatur,

249 1459 322 1486 sicut
343 1457 497 1492 exemplum
520 1457 586 1484 illud
609 1459 642 1484 de
656 1465 722 1485 aere
742 1457 839 1490 habet;
859 1464 949 1492 neque
965 1458 1037 1485 enim

249 1505 352 1532 malum
367 1508 411 1532 est
430 1504 522 1538 aliqua
545 1504 709 1536 substantia,
731 1511 821 1538 neque
837 1504 973 1538 potentia,
991 1512 1041 1530 ne-

250 1558 304 1586 que
329 1550 416 1583 actio,
441 1551 489 1578 sed
509 1550 635 1578 defectus
654 1555 682 1578 et
697 1550 821 1578 carentia
842 1549 1038 1584 perfectionis:

251 1596 287 1624 ita
303 1603 354 1623 nos
379 1596 425 1631 qui
442 1601 535 1623 mente
557 1603 590 1624 ac
615 1597 722 1624 ratione
749 1596 886 1630 regimur,
908 1595 1041 1622 invadunt

251 1641 395 1676 passiones
414 1648 462 1677 per
482 1641 620 1669 defectum
643 1642 799 1674 bonorum;
816 1646 842 1669 et
860 1641 962 1668 idcirco
985 1647 1040 1667 non

247 1693 316 1719 sunt
331 1689 395 1723 ipsa;
418 1696 467 1723 per
491 1696 522 1716 se
537 1688 632 1721 malae,
651 1689 678 1715 in
690 1692 822 1723 quantum
846 1692 910 1715 sunt
925 1686 1040 1721 aliquid,

257 1736 306 1763 sed
322 1734 400 1762 mala:
423 1739 504 1768 sunt,
525 1736 598 1770 quod
611 1743 666 1763 nott
680 1736 736 1762 sint
757 1736 785 1762 in
796 1735 869 1763 bono
890 1734 938 1762 sed
951 1734 985 1761 ab
997 1733 1043 1761 illo

252 1781 393 1808 deﬁciant.

290 1827 304 1863 ξ
322 1823 406 1855 XXV.
430 1827 460 1855 In
477 1827 645 1855 animalibus
667 1831 759 1854 autem
784 1826 876 1854 brutis
900 1825 1044 1861 passiones

254 1873 315 1901 istae
330 1881 385 1901 non
397 1878 505 1901 tantum
524 1881 581 1901 non
599 1877 664 1901 sunt
679 1873 758 1900 mala:
778 1872 941 1907 simpliciter
954 1876 982 1899 et
996 1872 1046 1899 ab-

254 1921 353 1953 solute,
366 1920 434 1956 quin
449 1920 546 1952 etiam,
563 1920 588 1948 si
601 1919 662 1947 illas
674 1919 821 1947 abstuleris
833 1919 867 1947 ab
882 1919 1045 1947 animalibus

255 1967 355 2002 quibus
377 1967 487 1999 insunt,
506 1974 541 1994 ne
562 1965 714 1994 istiusmodi
728 1965 838 2000 quidem
859 1965 987 1992 animalia
1005 1965 1046 1993 fu-

256 2020 318 2040 tura
333 2013 391 2041 sittt
403 2013 496 2048 qualia
508 2012 652 2045 dicuntur;
667 2011 703 2038 ita
720 2015 760 2044 ut,
775 2019 837 2039 cum
852 2017 979 2038 naturam
989 2019 1047 2038 ma-

255 2061 298 2094 gis
315 2065 484 2088 con:.ervent
499 2067 582 2094 qnam
600 2059 770 2091 interimant,
787 2065 960 2093 nequaquam
977 2058 1046 2085 tnala

256 2108 329 2140 sint;
346 2107 481 2142 siquidem
497 2112 603 2134 natura!
618 2105 762 2138 interitus,
776 2104 893 2133 defectio
903 2109 946 2132 est
968 2105 1048 2133 liabi-

259 2159 335 2180 tuum
356 2153 524 2179 naturalium
540 2157 568 2180 et
588 2152 727 2179 actionum
750 2155 832 2186 atque
849 2151 990 2178 virtutum.
1015 2150 1050 2178 Et

257 2206 320 2226 cuin
334 2199 480 2233 generatio
493 2199 606 2233 quidam
621 2203 711 2225 motus
723 2197 848 2230 exsistat,
858 2197 950 2224 omnis
958 2202 1048 2225 autent

1086 951 1147 979 σθαι
1166 951 1214 979 καὶ
1232 950 1329 982 σώζειν
1349 948 1421 975 θέλει
1438 947 1473 974 τὰ
1490 946 1674 982 ἀπολλύμενα,
1694 945 1821 972 είκαὶοὺ
1834 943 1882 970 δύ-

1085 1007 1181 1031 ναται,
1204 996 1273 1024 ἀλλὰ
1288 996 1388 1032 μᾶλλον
1407 992 1596 1031 παραπολαύει
1616 991 1664 1018 τοῦ
1682 990 1781 1018 κακοῖν
1808 989 1882 1025 πρὸς

1085 1045 1117 1072 τὸ
1133 1044 1258 1079 δεύτερον
1279 1042 1360 1070 τοῦτο
1377 1041 1456 1078 μόνον
1474 1040 1581 1074 ἀπαντᾷ
1592 1059 1600 1071 ,
1613 1038 1671 1065 ὅτι⁶
1694 1038 1725 1064 Et
1738 1037 1776 1068 ὼς
1787 1035 1882 1071 ἀγαθὴ

1087 1090 1255 1125 συγγίνεται,
1269 1088 1303 1116 ἴν*
1317 1087 1458 1123 ὠφελήσῃ,
1472 1086 1519 1113 καὶ
1531 1085 1575 1112 διὰ
1586 1084 1666 1111 τοῦτο
1679 1083 1840 1119 βλάπτεται,
1849 1081 1880 1108 οὐ

1087 1136 1171 1164 κακὸν
1182 1135 1273 1168 τοῦτο,
1291 1134 1349 1162 ἀλλ’
1363 1133 1476 1168 ἀγαθὸν,
1489 1133 1537 1160 καὶ
1549 1133 1582 1158 ὲκ
1593 1129 1712 1165 τάγαθοῦ
1728 1129 1775 1156 τοῦ
1789 1128 1839 1156 κοιλ⁵
1850 1127 1883 1154 τὸ

1087 1182 1172 1210 κακὺν
1192 1181 1383 1216 ἀγαθύνοντος.
1405 1180 1436 1206 El.
1457 1178 1487 1206 δὲ
1501 1177 1539 1214 μὴ
1551 1176 1648 1209 οὕτως,
1664 1175 1732 1203 ἀλλὰ
1743 1175 1774 1202 τὸ
1785 1175 1883 1210 ἓτερον

1088 1230 1209 1266 δώσομεν
1219 1249 1227 1262 ,
1249 1229 1290 1255 ὃτι
1309 1227 1355 1262 ἀφ’
1376 1226 1475 1262 ἑαυτῆς
1487 1224 1633 1252 κακύνεται
1645 1224 1662 1259 ἡ
1675 1221 1765 1258 ψυχὴ,
1784 1223 1815 1248 ὲν
1827 1221 1884 1247 τίνι

1088 1275 1161 1310 ἄλλῳ
1184 1274 1330 1301 κακύνεται
1353 1273 1471 1304 πάντως,
1495 1271 1520 1297 εί
1536 1269 1573 1305 μὴ
1594 1270 1624 1296 ὲν
1643 1270 1675 1305 τῇ
1688 1267 1807 1303 ἐλλείψει
1825 1267 1883 1293 τῶν

1089 1323 1200 1358 ἀγαθῶν
1212 1330 1219 1355 ;
1232 1321 1268 1348 Οὐ
1284 1319 1335 1356 μὴν
1356 1318 1385 1345 δὲ
1403 1318 1432 1345 ἔν
1450 1326 1502 1344 τινι
1516 1316 1664 1343 ὑποστάσει
1678 1314 1717 1350 τῷ
1736 1313 1814 1349 κακῷ
1827 1322 1880 1340 κα-

1089 1370 1200 1397 κὺνεται
1210 1388 1217 1400 ,
1238 1366 1330 1398 καθὼς
1350 1365 1397 1392 καὶ
1415 1364 1446 1390 τὸ
1459 1363 1524 1399 περὶ
1542 1362 1588 1389 τὸν
1600 1361 1669 1396 ἀέρα
1682 1360 1738 1396 ἔχει
1751 1359 1884 1395 παράδει-

1089 1424 1148 1451 γμα
1158 1423 1164 1430 ·
1179 1413 1241 1441 οὕτε
1254 1412 1309 1448 γὰρ
1321 1411 1399 1438 οὐσία
1411 1410 1452 1441 τίς
1465 1410 1522 1436 ἐστι
1531 1409 1562 1435 τὸ
1573 1407 1668 1440 κακὸν,
1680 1405 1741 1433 οὔτε
1754 1405 1882 1441 δύναμις,

1090 1461 1152 1489 οὒτε
1170 1459 1305 1495 ἐνέργεια,
1328 1458 1384 1485 ἀλλ’
1397 1455 1515 1491 ἔλλειψις
1528 1455 1576 1482 καὶ
1593 1454 1695 1490 ἐρημία
1708 1454 1757 1488 τῆς
1771 1451 1883 1479 τελειώ-

1092 1514 1175 1538 σεως·
1191 1505 1238 1532 καὶ
1247 1504 1289 1540 ἐφ’
1304 1505 1368 1540 ἡμῖν
1379 1502 1414 1529 τὰ
1425 1501 1498 1537 πάθη
1513 1501 1560 1527 ἆτε
1574 1500 1692 1534 λογικοῖς
1704 1496 1764 1525 οὖσι
1784 1498 1833 1524 καὶ
1845 1497 1884 1532 νῷ

1053 1567 1077 1598 ο
1092 1551 1308 1589 κυϐερνωμένοις
1318 1571 1326 1583 ,
1349 1548 1409 1577 κατ’
1424 1547 1541 1598 ἔλλειψιν
1554 1545 1615 1598 τῶν
1628 1543 1738 1598 ἀγαθῶν
1758 1543 1884 1598 ἐπεισέρ-

1092 1607 1193 1637 χονταιο
1203 1599 1251 1626 καὶ
1263 1597 1307 1624 διὰ
1320 1595 1412 1627 τοῦτο,
1425 1594 1455 1621 οὐ
1467 1592 1542 1620 κακὰ
1553 1591 1615 1618 καθ’
1630 1590 1711 1624 αὐτὰ,
1722 1591 1764 1617 ὅτι
1776 1591 1831 1617 εἰσί
1844 1598 1883 1623 τι,

1091 1636 1166 1674 κακὰ
1176 1644 1215 1677 δὲ,
1227 1644 1269 1671 ὅτι
1279 1643 1330 1670 οὐκ
1339 1641 1409 1669 εἰσιν
1429 1640 1459 1667 ἐν
1471 1638 1512 1674 τῷ
1525 1636 1630 1674 ἀγαθῷ,
1644 1636 1702 1664 ἀλλ’
1717 1636 1825 1664 ἐκείνου
1838 1636 1883 1663 ὲλ-

1092 1691 1241 1718 λείπονται.

1130 1827 1145 1864 ς
1161 1825 1246 1855 XXV.
1264 1824 1326 1852 Ἐπὶ
1338 1824 1366 1851 δὲ
1378 1823 1435 1855 τοῖς
1446 1822 1553 1856 ἀλόγοις
1566 1819 1647 1852 ζώοις
1659 1817 1694 1846 τὰ
1707 1817 1782 1854 πάθη
1792 1815 1885 1864 τοσῷ-

1093 1863 1142 1900 τον
1149 1873 1201 1900 οὐκ
1213 1871 1266 1898 elei.
1282 1871 1356 1897 κακὰ
1368 1869 1461 1901 ἁπλῶς
1473 1868 1520 1895 καὶ
1532 1865 1673 1898 ὁλοτελῶς,
1684 1865 1756 1892 ὥστε
1774 1865 1822 1891 καὶ
1839 1863 1885 1890 ἐὰν

1094 1919 1193 1955 ἀνέλῃς
1205 1917 1291 1945 ταῦτα
1301 1916 1355 1944 ἀπὸ
1366 1915 1419 1942 τῶν
1431 1914 1547 1950 ἑχόντων
1560 1912 1629 1939 αὐτὰ
1646 1911 1734 1944 ζώων,
1749 1910 1811 1937 οὐδὲ
1830 1909 1886 1942 ζῶα

1095 1964 1211 1993 τοιαῦτα
1229 1965 1298 1990 εἰσιν
1319 1959 1363 1989 οἶα
1382 1961 1522 1995 λέγονται·
1545 1958 1628 1990 ὥστε,
1651 1957 1712 1983 ἐπεὶ
1725 1955 1827 1992 μᾶλλον
1839 1964 1886 1990 φυ-

1096 2011 1226 2039 λάσσουσι
1243 2009 1291 2037 καὶ
1311 2008 1342 2035 οὺ
1365 2007 1504 2043 φθείρουσι
1518 2005 1568 2042 τὴν
1580 2004 1670 2040 φύσιν,
1690 2003 1721 2029 οὺ
1735 2002 1824 2029 κακά·
1838 2001 1886 2036 τῆς

1097 2057 1205 2093 φύσεως
1224 2056 1278 2092 γὰρ
1297 2053 1386 2091 φθορά
1408 2053 1525 2088 ἔλλειψις
1540 2052 1595 2079 τῶν
1612 2050 1734 2086 φυσικῶν
1746 2048 1830 2081 ἕξεων
1841 2049 1887 2075 καὶ

1098 2103 1242 2140 ἐνεργειῶν
1253 2102 1301 2129 καὶ
1313 2100 1454 2136 δυνάμεών
1467 2100 1533 2125 ἐστι.
1549 2098 1605 2125 Καὶ
1622 2097 1683 2124 ἐπεί
1693 2097 1769 2123 ἐστιν
1783 2096 1799 2132 ἡ
1813 2095 1887 2130 γένε-

1099 2159 1142 2182 σις
1153 2149 1268 2186 κίνησις,
1283 2148 1358 2174 πᾶσα
1369 2146 1397 2173 δὲ
1409 2146 1514 2182 κίνησις
1527 2145 1556 2171 ὲν
1573 2143 1661 2180 χρόνῳ
1676 2142 1735 2169 ἐστὶ
1747 2142 1795 2169 καί
1814 2141 1845 2173 ὲξ
1857 2141 1886 2167 οὐ

1100 2197 1204 2224 τελείου
1220 2197 1260 2227 είς
1271 2194 1302 2221 τὸ
1314 2193 1500 2228 τελειωθῆναι,
1512 2191 1571 2218 οὐδὲ
1588 2190 1619 2217 τὸ
1639 2189 1734 2221 ἀτελὲς
1746 2189 1802 2224 ἀρα
1815 2188 1888 2223 παρὰ

257 2249 346 2272 motus
366 2245 402 2271 sit
422 2244 448 2272 in
471 2248 602 2279 tempore,
623 2249 650 2271 et
671 2243 824 2278 imperfecti
840 2243 874 2270 ad
900 2242 1040 2278 perfectio

1100 2243 1197 2279 φύσιν,
1215 2241 1272 2269 ἀλλ’
1296 2240 1372 2272 ἐντὸς
1386 2239 1435 2274 τῆς
1457 2236 1564 2272 φύσεώς
1586 2238 1645 2263 ὲστι
1666 2235 1716 2271 τῆς
1736 2234 1887 2268 πεφυκυίας

259 2298 332 2324 nem,
353 2291 446 2325 utique
465 2297 514 2318 nec
532 2290 705 2325 imperfectio
723 2295 818 2317 contra
842 2293 968 2316 naturam
985 2293 1045 2321 est,

258 2338 305 2364 sed
320 2337 345 2364 in
360 2342 459 2364 natura
479 2344 540 2371 qua:
561 2337 646 2370 exigit
666 2337 806 2371 suscipere
829 2334 1044 2370 perfectionem;

259 2383 330 2410 unde
344 2390 452 2418 quoque
466 2383 582 2416 ipsamet
602 2381 777 2416 itnperl'ectio
799 2389 854 2409 non
873 2385 916 2408 est
934 2381 1047 2408 ontnino

260 2429 347 2461 nihil,
365 2436 427 2456 cum
447 2437 502 2456 non
523 2429 560 2456 sit
581 2429 693 2456 omnino
717 2433 813 2456 contra
830 2431 968 2455 naturam.
990 2426 1047 2454 Hoc

259 2480 350 2503 autem
363 2475 441 2508 dicit,
453 2480 483 2502 ut
494 2482 577 2510 supra
601 2475 683 2502 dictis
698 2482 810 2502 sensum
825 2474 950 2509 adaptel;
972 2473 1049 2501 diae-

261 2527 305 2550 rat
320 2522 394 2550 enitn
411 2522 462 2555 ibi,
481 2522 554 2556 quod
573 2522 596 2549 si
620 2521 712 2549 anima
731 2521 895 2556 depravantur
907 2540 915 2553 ,
941 2526 1050 2555 pertur-

260 2568 372 2596 batione
384 2569 561 2603 depravatur;
574 2568 745 2604 perturbatio
759 2571 851 2594 autem
865 2574 919 2594 non
933 2571 976 2594 est
989 2574 1050 2594 ma-

262 2616 318 2643 lutn
336 2616 445 2651 aliquod
460 2616 623 2648 subsistens,
644 2615 691 2643 sed
713 2614 836 2643 defectus
850 2613 934 2650 £18
953 2619 982 2642 et
1000 2622 1051 2642 va-

262 2664 350 2691 cuitas
361 2663 495 2691 bonorum
505 2663 681 2699 perfectionis
691 2671 699 2697 ;
709 2664 766 2692 hac
778 2668 868 2691 autem
879 2662 1050 2698 imperfectio

263 2717 327 2740 est:
343 2713 415 2747 quod
433 2713 527 2748 itaque
551 2713 742 2748 imperfectum
760 2717 812 2746 est,
827 2719 881 2741 non
896 2715 939 2740 est
954 2715 1051 2739 contra

265 2764 412 2792 naturain,
437 2761 657 2796 quandoquidem
679 2761 768 2795 etiam
790 2768 824 2788 ex
853 2761 907 2788 hoc
930 2759 1051 2786 nondum

266 2806 415 2834 exsistente
431 2807 582 2842 perfectura
606 2808 672 2844 quid
695 2807 833 2844 gignatur.
864 2805 895 2834 Si
917 2805 1001 2841 igitur
1024 2803 1052 2831 id

307 2896 316 2918 ι
335 2897 344 2925 l
361 2898 416 2927 Cor
440 2905 479 2932 tr,
494 2897 538 2926 21.

1099 2288 1227 2322 δέξασθαι
1249 2287 1299 2323 τὴν
1321 2286 1490 2320 τελειότητα·
1514 2283 1575 2310 ὅθεν
1597 2282 1645 2309 καὶ
1666 2281 1698 2308 τὸ
1721 2280 1817 2312 ἀτελὲς
1841 2281 1887 2306 οὐκ

1101 2335 1158 2362 ἔστι
1178 2333 1322 2365 ’παντελῶς
1347 2331 1384 2368 μὴ
1399 2331 1445 2363 ὃν,
1469 2329 1530 2357 ἐπεὶ
1552 2329 1582 2355 οὐ
1608 2327 1696 2362 πάντη
1717 2325 1794 2362 παρὰ
1810 2326 1887 2360 φύσιν

1101 2381 1169 2409 ἔστί.
1186 2379 1271 2407 Τοῦτο
1287 2379 1315 2406 δὲ
1330 2378 1404 2412 λέγει
1415 2398 1422 2410 ,
1440 2376 1507 2412 πρὸς
1522 2374 1553 2401 τὸ
1568 2374 1625 2401 ἄνω
1641 2372 1820 2408 συναρμόζων
1841 2371 1887 2407 τὴν

1101 2428 1219 2455 ἔννοιαν·
1238 2425 1314 2460 ἔλεγε
1324 2423 1379 2459 γὰρ
1395 2423 1495 2454 ἐκεῖσε,
1512 2422 1553 2448 ὅτι
1569 2420 1594 2446 εἰ
1610 2418 1756 2446 κακύνεται
1773 2417 1791 2453 ή
1806 2417 1886 2452 ψυχὴ,

1103 2477 1132 2502 ὲν
1147 2474 1186 2510 τῷ
1202 2473 1282 2501 πάθει
1299 2471 1461 2499 κακύνεται’
1479 2469 1510 2495 τὸ
1525 2467 1553 2494 δὲ
1569 2467 1654 2498 πάθος
1670 2466 1721 2492 οὐκ
1742 2465 1888 2492 svo-mina-

1102 2530 1147 2549 τον
1164 2521 1247 2548 κακόν
1264 2520 1347 2551 ἐστιν,
1365 2516 1422 2544 ἀλλ’
1439 2514 1556 2550 ἔλλειψίς
1572 2515 1641 2546 ἐστι,
1658 2512 1707 2540 καὶ
1722 2511 1826 2547 ὲρημία
1839 2510 1888 2547 τῇς

1103 2568 1158 2596 τῶν
1173 2566 1283 2602 ἀγαθῶν
1298 2563 1465 2598 τελειότητος
1475 2571 1482 2578 ·
1506 2561 1575 2597 αὕτη
1592 2561 1620 2587 δὲ
1641 2559 1750 2587 ἀτέλεια
1766 2559 1825 2585 ἐστι
1836 2566 1844 2572 ·
1860 2557 1888 2583 τὸ

1104 2614 1168 2650 γοῦν
1191 2613 1284 2644 ἀτελὲς
1305 2611 1336 2638 οὐ
1359 2608 1434 2644 παρὰ
1459 2607 1539 2642 φύσιν
1563 2606 1652 2638 ἐστὶν,
1670 2606 1731 2632 ἐπεὶ
1747 2605 1779 2630 ὲκ
1794 2603 1887 2629 τούτου

1104 2662 1153 2690 οὐκ
1169 2660 1365 2694 ἐνυπάρχοντος
1379 2655 1411 2682 τὸ
1424 2655 1526 2682 τέλειον
1541 2654 1654 2688 γίνεται.
1671 2652 1704 2678 Εἰ
1719 2650 1784 2685 γοῦν
1799 2650 1830 2676 οὐ
1839 2658 1888 2675 πα-

1106 2708 1141 2746 ρὰ
1157 2706 1238 2743 φύσιν
1253 2704 1284 2731 τὸ
1299 2702 1404 2734 ἀτελὲς,
1420 2701 1450 2728 ὃν
1473 2702 1531 2727 ἐστι
1547 2698 1618 2726 κατὰ
1633 2697 1721 2728 τοῦτο,
1738 2694 1899 2746 διότιΩκατὰγ

1106 2739 1187 2790 φύσιν
1212 2750 1296 2779 ἐστίν.
1319 2746 1428 2782 Ἦγοῦν
1454 2746 1530 2772 πᾶσα
1553 2744 1602 2779 τῆς
1629 2741 1781 2790 περικοπῆς

1106 2784 1216 2834 τοιαύτη
1237 2796 1328 2829 ἐστὶν,
1344 2795 1385 2822 ὃτι
1407 2793 1432 2820 εί
1454 2790 1601 2819 native-ctu.
1616 2789 1633 2824 ἡ
1649 2787 1732 2823 ψυχὴ,
1748 2788 1778 2814 ἐν
1792 2786 1830 2822 τῇ
1847 2784 1887 2813 ἑλ-
