1938 3065
103 173 154 204 801

388 174 434 204 DE
449 175 575 205 DIVINIS
591 174 790 209 NOMINIBUS,
807 175 884 204 CAP.
902 174 948 203 IV.
967 189 1001 195 —
1017 174 1190 204 PARAPHR.
1208 175 1444 206 PACHYMERE.

1676 179 1730 207 803

103 235 191 270 hth
205 234 260 262 τῶν
276 233 386 269 ἀγαθῶν
411 234 574 267 κακύνεται.
600 235 646 262 καὶ
662 235 711 262 οὐκ
733 234 789 261 ἔστι
805 233 887 261 κακὸν

942 232 1013 268 quod
1030 234 1218 268 imperfectum
1231 240 1274 263 est
1285 243 1340 264 non
1355 235 1391 264 sit
1406 241 1501 265 contra
1522 239 1659 270 naturam,
1677 238 1729 266 hoc

103 278 301 311 ἑνυπόστατον,
325 278 395 305 κατὰ
420 279 651 314 ἀντιπαράστασιν
672 280 769 315 λέγων,
794 279 849 312 ὅτε,
866 279 891 305 εί

100 322 174 361 ἦσαν
195 325 241 351 ὲπὶ
265 326 342 358 πᾶσι,
366 326 414 352 καὶ
436 325 471 352 τὰ
493 326 567 361 πάθη
587 326 669 353 κακά.
690 326 806 357 Ἔπειτα
821 324 891 352 κατὰ

101 371 238 403 ἔνστασιν,
254 371 297 398 δτι
312 371 343 398 οὐ
360 371 433 398 κακὰ
449 372 497 399 ἐπὶ
513 373 611 400 πᾶσιν·
630 372 676 399 ἐπὶ
691 372 746 408 γὰρ
761 373 818 404 τοῖς
828 371 891 398 ἀλό-

102 425 162 452 γοις
185 417 246 444 τινὰ
268 417 370 446 τούτων
393 420 440 445 καὶ
464 417 612 445 συστατικὰ
627 418 676 454 τῆς
692 418 799 453 φύσεώς
821 420 889 451 ἐστι,

101 463 150 489 καὶ
167 463 266 498 μᾶλλον
287 463 331 491 διὰ
350 464 429 492 τοῦτο
450 465 480 491 οὐ
497 464 571 492 κακά
586 465 649 491 εἱσι.
666 464 766 491 Λοιπὸν
782 465 815 491 ὲκ
830 463 891 491 τού-

100 516 156 535 των
172 509 245 536 ἐστὶν
260 509 414 545 ἀπορῆσαι,
430 510 472 537 ὅτι
488 510 535 538 ἐπὶ
552 510 601 546 μὲν
616 509 670 537 τῶν
683 510 816 544 λογικῶν,
836 510 890 537 ίδοὺ

100 554 120 589 ἡ
137 553 262 590 στέρησις
286 555 333 582 τοῦ
356 555 459 590 ἀγαθοῦ
471 575 479 589 ,
501 556 532 583 τὸ
553 556 637 583 κακόν
663 557 752 587 ἐστιν,
769 555 785 591 ἣ
804 554 856 591 μὴν
873 556 890 591 ἡ

100 600 210 628 ἀτέλεια
220 608 226 615 ·
244 601 288 628 ὅτε
310 601 409 638 δηλαδὴ
424 602 455 628 τὸ
471 602 572 637 ἀγαθὸν
587 602 617 629 οὐ
634 604 830 638 προηγήσεται,
847 601 891 628 ἀλ-

100 646 136 674 λὰ
162 648 236 683 μένει
252 649 269 684 ἡ
291 648 364 685 ψυχὴ
389 649 429 676 ἐτι
451 649 565 686 ἀτελής·
590 650 637 676 ἐπὶ
658 649 687 677 δὲ
709 649 765 677 τῶν
785 649 890 684 ἀλόγων

101 693 195 726 ζώων,
213 694 275 721 ἐπεὶ
289 695 339 721 οὐκ
361 695 415 722 εἰσὶ
433 695 544 722 δεκτικὰ
569 695 660 730 λόγου,
680 696 739 728 πῶς
755 695 888 731 εἴποιμεν,

99 739 142 766 ὄτι
165 739 235 766 κατὰ
261 740 392 768 ἀπουσίαν
414 741 461 768 τοῦ
483 741 585 776 ἀγαθοῦ
607 741 642 768 τὰ
665 741 738 777 πάθη
754 742 892 778 γίνονταιε

107 785 383 822 Ἀναγκασθησόμεθα
403 787 493 814 τοίνυν
517 787 641 814 ἐντεῦθεν
658 788 754 820 εἰπεῖν,
781 788 822 814 ὅτι
837 788 891 814 εἰσὶ

100 832 149 858 καὶ
163 832 236 858 κακὰ
250 832 310 859 καθ’
326 832 420 865 ἑαυτὰ,
438 832 485 860 καὶ
500 833 560 869 οὐχὶ
575 835 608 869 τῇ
622 833 669 861 τοῦ
685 833 787 869 ἀγαθοῦ
806 834 891 860 ἀπου-

101 878 148 914 σίᾳ
163 879 400 914 παρυφιστάμενα.
415 879 450 906 Ἦ
465 878 590 914 λέγομεν,
606 879 648 906 ὅτι
664 880 711 906 καὶ
723 880 832 911 πάντως
840 879 890 906 οὐκ

100 908 148 951 ιτὲι
163 908 219 956 τοῖς
235 908 342 959 διλόγοίς
359 924 394 952 τὰ
417 908 507 960 πάθη,
523 908 569 951 τὸν
583 908 669 960 θυμὸν
685 924 756 959 λέγω
771 908 829 951 καὶ-
841 923 890 959 τὴν
905 908 927 936 Β

100 969 257 1005 ἐπιθυμίαν,
273 970 347 997 κακά
360 969 484 997 ὁπωσοῦν
493 970 610 1006 τίθησιν,
627 970 684 997 ἀλλ’
694 971 725 997 οὐ
741 969 826 1002 κακὰ,
842 969 890 996 καὶ

101 1015 202 1051 μᾶλλον
228 1016 374 1043 συστατικὰ
396 1016 450 1043 τῶν
474 1016 590 1051 φύσεων,
623 1016 822 1053 Ἀναιρεθέντος
843 1014 890 1043 οὖν

99 1061 147 1087 τοῦ
163 1061 381 1097 ὲκλαμὸάνεσθαι
401 1062 436 1089 τὰ
455 1062 528 1099 πάθη
545 1062 619 1090 κακὰ
642 1063 688 1090 ἐπὶ
703 1062 758 1090 τῶν
773 1063 888 1098 ἀλόγων,

99 1108 251 1143 ἀναιρεῖται
267 1108 314 1135 καὶ
330 1108 346 1143 ἡ
363 1108 472 1144 ἀπορία·
490 1109 515 1135 εί
530 1108 585 1145 γὰρ
600 1109 651 1136 οὐκ
667 1109 720 1136 εἰσὶ
735 1109 820 1142 κακὰ,
837 1118 887 1136 πε-

101 1152 192 1186 ριττδν
210 1152 301 1188 ζητεῖν
320 1154 344 1180 εἰ
359 1153 419 1180 καθ’
444 1153 514 1180 αὐτὰ
537 1154 610 1181 κακά
625 1155 689 1186 εισι,
704 1155 751 1181 καὶ
766 1154 796 1181 οὐ
819 1154 890 1181 κατά

99 1198 149 1234 τὴν
170 1198 217 1225 τοῦ
240 1199 343 1233 ἁγαθοῦ
359 1199 509 1226 ἀπουσίαν·
530 1199 589 1226 ἐστι
605 1200 660 1236 γὰρ
675 1200 722 1227 τοῦ
739 1199 832 1231 ἁπλῶς
847 1200 890 1226 ὕν-

99 1253 155 1276 τος.
171 1245 308 1281 Ζητοῦμεν
325 1246 371 1272 καὶ
387 1245 427 1278 τὸ,
444 1246 558 1282 ῆοῦτως
569 1246 586 1283 ἢ
597 1246 684 1279 οὓτως
698 1247 781 1274 ἐστίν·
797 1246 889 1279 ἁπλῶς

99 1289 129 1316 δὲ
146 1289 183 1326 μὴ
198 1290 273 1322 ὄντος
288 1291 407 1318 τοιούτου
417 1311 424 1324 ,
443 1293 558 1329 περιττὴ
574 1293 622 1320 καὶ
637 1292 749 1328 ἀνόητος
771 1293 788 1328 ἡ
804 1292 888 1328 ζήτη-

101 1344 155 1368 σις.

136 1468 260 1504 ςχχνι.
285 1469 422 1498 Ἐκϐαλὼν
445 1471 476 1498 τδ
500 1470 585 1498 κακὸν
600 1470 654 1497 ἀπὸ
677 1470 732 1498 τῶν
754 1471 886 1506 ἀγγέλων,

99 1513 140 1540 ἔτι
153 1514 182 1540 δὲ
194 1514 225 1540 τὸ
239 1514 376 1546 παντελῶς
392 1514 475 1542 κακὸν
489 1515 536 1542 καὶ
546 1515 600 1542 ἀπὸ
611 1515 665 1542 τῶν
679 1515 758 1547 νοῶν,
772 1516 818 1542 καὶ
834 1515 887 1542 ἀπὸ

98 1560 154 1588 τῶν
169 1560 272 1597 ψυχῶν,
283 1562 330 1589 καὶ
345 1562 385 1588 ἔτι
397 1562 451 1588 ἀπὸ
467 1561 522 1588 τῶν
537 1561 681 1598 δαιμόνων,
696 1562 744 1589 νῦν
762 1562 886 1590 ἐκϐάλλει

99 1606 166 1632 αὐτὸ
182 1607 229 1633 καὶ
245 1607 299 1634 ἀπὸ
313 1607 367 1633 τῶν
377 1607 475 1639 ἄλλων,
486 1607 533 1634 καὶ
549 1607 655 1643 πρῶτον
671 1607 725 1635 ἀπὸ
739 1608 788 1643 τῆς
809 1608 887 1635 καθο-

99 1652 178 1688 λικῆς
202 1651 255 1679 τῶν
279 1652 362 1679 ὅντων
384 1652 500 1687 φύσεως.
526 1653 630 1686 Πάντες
649 1654 724 1688 γοῦν,
742 1654 839 1689 φησὶν,
860 1656 885 1682 oi

99 1697 154 1725 Ιτῶν
172 1698 277 1733 φύσεων
293 1697 366 1732 λόγοι
385 1698 433 1724 καὶ
454 1699 549 1731 αἰτίαι,
567 1699 626 1726 καθ’
641 1699 688 1731 οὓς
697 1699 823 1734 γεγόνασι
837 1700 886 1727 καί

99 1744 171 1776 εισι,
191 1742 266 1779 παρὰ
288 1743 338 1779 τῆς
360 1743 435 1775 θείας
461 1744 568 1778 φύσεως
584 1744 766 1780 ὑπάρχουσιν·
791 1745 886 1780 ἥντινα

99 1789 213 1818 καθόλου
226 1789 312 1823 καλεῖ,
326 1789 421 1826 ἐπειδὴ
435 1790 466 1822 ἐξ
480 1790 565 1825 αὐτῆς
579 1790 630 1824 ἔφυ
642 1790 676 1817 τὰ
690 1790 747 1817 ὅλα.
764 1790 847 1826 Ὅλην
857 1789 886 1816 δὲ

99 1836 192 1871 φύσιν,
205 1835 294 1863 πάντα
306 1836 340 1864 τὰ
352 1836 405 1863 ὑπὸ
418 1835 486 1862 Θεοῦ
503 1835 656 1863 πλασθέντα
671 1836 810 1863 ἐκάλεσεν.
830 1836 885 1863 Οὑ-

97 1882 144 1910 δὲν
160 1880 206 1909 οὖν
217 1883 286 1915 ἐστι,
301 1882 393 1918 φησὶν,
409 1883 438 1909 ὲν
451 1883 485 1918 τῇ
502 1882 582 1917 φύσει
599 1883 668 1918 ὅπερ
680 1882 740 1910 ὅλον
754 1882 826 1915 ὅλοις
837 1882 886 1909 ἀν-

98 1928 226 1961 τίκειται,
243 1929 274 1956 τὸ
284 1930 338 1964 γάρ
352 1937 404 1956 τινι
419 1929 474 1956 τῶν
487 1928 570 1956 ὀντων
582 1928 658 1964 παρὰ
668 1929 719 1964 τὴν
736 1928 818 1956 αὑτοῦ
834 1927 885 1963 φύ-

100 1983 144 2002 σιν
157 1975 242 2011 ὲτέρῳ
252 1975 310 2002 ἐστὶ
324 1975 413 2010 φύσις,
428 1974 506 2002 τοῦτο
524 1974 554 2001 δὲ
571 1974 681 2009 ἀγαθὸν,
699 1975 716 2010 ἠ
738 1973 793 2009 γὰρ
806 1973 887 2008 φύσις

99 2021 174 2047 ἐστὶν
187 2021 258 2056 ἀρχὴ
274 2021 407 2056 κινήσεως
416 2021 463 2047 καὶ
475 2020 593 2056 ἠρεμίας
602 2029 609 2035 ·
625 2020 656 2047 τὸ
668 2021 697 2047 δὲ
708 2020 798 2047 κινοῦν
811 2021 885 2047 ἐστιν

99 2067 115 2093 ὁ
126 2066 250 2102 ἀκίνητος
261 2066 348 2101 λόγος,
362 2067 379 2102 ὴ
392 2066 450 2093 θεία
464 2066 555 2103 τέχνη.
576 2066 619 2098 Ὠς
635 2065 700 2101 γοῦν
721 2067 751 2093 ὲν
767 2067 823 2098 τοῖς
840 2073 886 2092 τε-

99 2113 202 2148 χνικοῖς
214 2112 414 2147 ἀποτελέσμασι
430 2112 493 2143 τοὺς
508 2111 557 2147 τῆς
575 2111 671 2147 τέχνης
686 2111 781 2146 λόγους
791 2112 820 2138 ὲν
838 2111 887 2138 αὐ-

99 2157 156 2190 τοῖς
173 2158 262 2193 μένειν
274 2158 397 2194 λέγομεν,
419 2158 466 2184 καί
485 2156 613 2189 πολλάκις
631 2157 772 2192 βλέποντες
789 2157 885 2190 ταῦτα,

101 2204 134 2230 Ὠ
156 2204 198 2230 οἶα
218 2204 316 2240 τέχνηι
344 2203 450 2239 φαμὲν,
469 2201 654 2234 ὲκθειάζοντες
675 2202 706 2229 τὸ
731 2202 884 2239 ὁρώμενον·

941 279 1000 313 ipso
1022 286 1066 307 res
1080 284 1140 313 est,
1155 287 1210 315 quo
1237 282 1388 309 secundum
1413 287 1540 310 naturam
1559 287 1611 311 est.
1633 283 1728 312 Totins

941 325 1033 359 itaque
1052 325 1186 354 orationis
1207 333 1304 355 sensus
1324 327 1482 361 concludit,
1499 329 1618 356 animam
1639 330 1662 357 si
1682 327 1729 357 ile-

939 376 1088 406 pravetur,
1115 372 1249 400 bonorum
1268 373 1374 401 defectu
1394 373 1547 407 depravari,
1571 379 1653 410 atque
1669 384 1728 402 nta-

940 415 995 443 lnm
1015 423 1069 444 non
1084 423 1146 445 esse
1170 417 1235 452 quid
1265 417 1432 450 subsistens;
1455 425 1504 452 per
1526 419 1725 454 oppositionem

940 461 1050 494 dicens,
1073 462 1145 496 quod
1169 463 1192 489 si
1217 464 1342 491 omnibus
1360 464 1503 498 passiones
1529 469 1620 492 essent
1637 466 1726 493 malm.

941 506 1043 535 Deinde
1063 507 1112 535 dat
1127 507 1294 541 instantiam,
1311 510 1382 544 Quod
1397 517 1449 537 nou
1462 511 1589 538 omnibus
1602 511 1657 538 sint
1670 520 1727 538 ma-

940 554 973 582 lae
989 563 997 582 :
1019 563 1082 582 nam
1103 554 1131 582 in
1153 556 1241 583 brutis
1253 557 1436 590 quorumdam
1458 561 1555 584 natura
1568 557 1642 585 hisce
1661 566 1726 586 con-

939 605 1004 633 stat.
1027 605 1054 629 et
1076 601 1182 629 idcirco
1197 602 1289 636 potius
1312 610 1366 629 non
1391 602 1467 629 make
1486 606 1562 630 sunt.
1589 602 1725 631 Cteterum

940 647 1003 675 hinc
1014 652 1107 675 manet
1121 648 1232 675 dubium
1247 668 1255 681 ,
1272 649 1409 683 quomodo
1423 650 1449 676 in
1467 649 1571 676 ratione
1585 651 1726 678 utentibus

939 693 1057 727 privatio
1074 692 1139 721 boni
1150 712 1158 726 ,
1175 693 1217 721 vel
1235 694 1331 721 saltem
1355 694 1526 729 imperiectio
1537 714 1544 727 ,
1562 695 1662 722 tualum
1678 696 1725 729 sit,

939 738 1049 772 quando
1063 738 1193 766 nimirum
1209 740 1309 766 bonum
1329 747 1382 766 uon
1398 744 1588 774 promovetur,
1602 741 1648 768 sed
1664 741 1726 768 atti-

939 790 983 810 ma
995 788 1089 811 manet
1102 784 1260 819 imperfecta
1272 794 1278 817 ;
1292 785 1320 812 in
1341 785 1428 812 brutis
1446 790 1552 817 autem.
1573 793 1635 813 cum
1649 786 1725 813 inca-

939 829 1015 864 pacia
1029 829 1085 857 sint
1103 829 1219 857 rationis
1229 850 1236 863 ,
1251 830 1388 865 quomodo
1401 830 1523 858 dicemus
1538 837 1586 866 per
1599 832 1662 859 boni
1677 832 1726 859 ab-

941 875 1056 902 sentiam
1069 875 1212 910 passiones
1234 876 1389 904 exsistere?
1403 876 1539 912 Cogemnr
1562 877 1654 911 itaque
1680 878 1725 906 hic

941 921 1042 953 dicere,
1062 921 1135 956 qttod
1149 921 1204 949 sint
1222 922 1305 949 etiam
1326 923 1449 957 quaedam
1467 922 1536 949 mala
1550 930 1598 958 per
1612 931 1652 956 se,
1665 931 1725 958 quae

941 973 994 994 non
1012 967 1136 994 oriantur
1152 975 1185 994 ex
1204 968 1327 996 absentia
1350 969 1424 996 boni.
1442 969 1491 996 Vel
1517 970 1723 1004 respondemus,

940 1013 1021 1039 etiam
1036 1012 1062 1039 in
1076 1012 1163 1040 brutis
1175 1012 1325 1040 istiusmodi
1338 1014 1495 1048 passiones,
1513 1018 1545 1041 ut
1555 1019 1621 1041 sunt
1633 1015 1681 1041 ira:
1695 1019 1724 1042 et

940 1059 1178 1093 concupiscentiae,
1195 1059 1268 1086 nullo
1279 1060 1361 1088 modo
1376 1067 1436 1088 esse
1449 1061 1551 1094 malas,
1566 1061 1613 1088 sed
1633 1062 1723 1095 potius

939 1110 1034 1131 eorum
1061 1109 1173 1132 naturas
1197 1105 1377 1132 constituere.
1401 1105 1429 1133 Si
1451 1111 1566 1141 negetur
1583 1107 1674 1142 itaque
1695 1107 1722 1134 in

939 1149 1027 1177 brutis
1052 1151 1192 1184 passiones
1213 1157 1274 1178 esse
1288 1151 1385 1183 malas,
1403 1151 1514 1179 dubium
1531 1159 1640 1186 quoque
1653 1151 1724 1178 tolli-

940 1199 996 1229 tur;
1011 1196 1034 1223 si
1050 1197 1122 1224 enim
1135 1204 1190 1224 non
1214 1197 1269 1224 sint
1290 1197 1378 1229 malae,
1396 1197 1563 1232 superﬂuum
1586 1199 1724 1233 eritqnaz-

939 1249 1001 1269 rere
1027 1250 1092 1270 num
1106 1250 1155 1277 per
1168 1250 1197 1270 se
1209 1243 1286 1270 malae
1301 1243 1364 1276 sint,
1377 1248 1405 1271 et
1423 1251 1476 1271 non
1496 1244 1644 1271 secundum
1660 1244 1722 1271 boui

938 1291 1108 1323 absentiam;
1127 1294 1170 1318 est
1183 1290 1257 1317 enim
1278 1291 1350 1318 eutis
1372 1291 1544 1329 simpliciter.
1569 1291 1723 1325 Quaerimus

938 1336 1033 1368 etiam,
1049 1343 1082 1363 an
1095 1336 1136 1364 sic
1152 1344 1185 1363 an
1197 1336 1278 1364 aliter
1292 1344 1322 1364 se
1334 1338 1449 1369 habeat;
1460 1338 1493 1365 de
1504 1345 1536 1365 eo
1551 1343 1640 1366 autem
1651 1339 1723 1373 ψιυά

937 1381 1100 1416 simpliciter
1119 1389 1174 1409 non
1193 1386 1252 1415 est,
1275 1382 1427 1410 istiusmodi
1453 1384 1567 1418 quaestio
1588 1384 1723 1419 superﬂua

937 1429 980 1453 est
991 1430 1020 1452 et
1032 1425 1175 1461 insipiens.

972 1470 1093 1507 §XXVL
1108 1471 1158 1499 Ubi
1171 1471 1271 1499 malum
1289 1472 1324 1500 ab
1344 1471 1460 1507 angelis,
1482 1471 1550 1506 quin
1568 1476 1596 1500 et
1610 1473 1722 1500 omnino

936 1517 1038 1544 malum
1053 1517 1138 1544 etiam
1156 1524 1171 1544 a
1187 1519 1326 1546 mentibus
1339 1523 1367 1545 et
1377 1518 1476 1545 animis
1489 1523 1572 1552 atque
1585 1519 1695 1552 insuper
1706 1525 1722 1545 a

937 1562 1104 1590 daunonibus
1124 1564 1257 1596 removit,
1277 1571 1350 1591 nunc
1385 1564 1450 1590 illud
1471 1572 1485 1590 ιι
1514 1565 1595 1591 rebus
1615 1571 1722 1598 quoque

937 1606 998 1634 aliis
1009 1607 1148 1640 excludit,
1168 1613 1196 1635 et
1214 1609 1332 1643 primum
1349 1616 1363 1636 a
1389 1614 1486 1635 natura
1502 1617 1594 1636 rerum
1615 1612 1723 1637 univer-

936 1652 997 1679 sali.
1012 1652 1113 1680 Omnes
1131 1660 1210 1689 ergo,
1231 1654 1330 1689 inquit,
1356 1659 1518 1682 naturarum
1543 1655 1667 1683 rationes
1689 1663 1722 1684 ac

936 1705 1037 1731 causa,
1050 1700 1198 1726 secundum
1213 1707 1281 1734 quas
1296 1700 1375 1728 facta:
1393 1704 1457 1728 sunt
1468 1705 1496 1727 et
1507 1700 1638 1734 existunt,
1653 1709 1668 1729 a
1680 1703 1724 1730 di-

937 1745 1001 1772 vina
1021 1750 1119 1772 natura
1139 1745 1264 1772 existunt
1281 1754 1288 1773 :
1311 1753 1394 1781 quam
1422 1745 1606 1774 universalem
1631 1753 1721 1781 vocat,

939 1790 1002 1824 quia
1017 1798 1051 1818 ex
1069 1791 1125 1825 ipsa
1139 1791 1265 1818 universa
1278 1791 1438 1825 procedunt.
1455 1791 1614 1819 Universum
1629 1799 1719 1821 autem

937 1841 1074 1868 naturam,
1089 1842 1169 1863 vocat
1179 1837 1270 1863 omnia
1284 1844 1345 1871 qua:
1356 1845 1369 1863 a
1386 1837 1440 1864 Deo
1456 1843 1546 1865 creata
1564 1839 1722 1868 sunt.Niltil

937 1882 1029 1916 igitur,
1043 1883 1141 1917 inquit,
1154 1886 1198 1911 est
1213 1882 1242 1909 in
1265 1890 1355 1910 rerum
1371 1888 1468 1911 natura
1483 1884 1555 1918 quod
1572 1885 1720 1913 universiut

936 1929 1071 1956 universis
1085 1927 1280 1961 centrarietur;
1297 1928 1371 1964 quod
1386 1929 1458 1956 enim
1475 1930 1555 1958 alicui
1568 1931 1606 1958 rei
1624 1937 1720 1959 contra

936 1979 1061 2002 naturam
1075 1979 1126 2004 est.
1141 1975 1218 2002 alteri
1241 1980 1283 2002 est
1301 1979 1411 2008 natura,
1431 1976 1483 2004 hoc
1497 1980 1587 2003 autem
1609 1977 1720 2010 bonum,

936 2019 1071 2054 siquidem
1089 2024 1187 2047 natura
1212 2020 1375 2055 principium
1388 2025 1430 2048 est
1448 2026 1541 2048 motus
1562 2027 1589 2049 et
1601 2023 1721 2057 quietis;

937 2065 983 2092 ille
995 2070 1085 2093 motus
1096 2070 1186 2092 autem
1201 2071 1244 2093 est
1259 2065 1328 2093 ratio
1350 2066 1496 2095 immobilis
1516 2072 1544 2095 et
1559 2076 1605 2095 ars
1616 2069 1719 2097 divina.

937 2111 1015 2139 Sicut
1028 2111 1113 2146 igitur
1129 2111 1156 2138 in
1176 2111 1282 2139 eﬂ'ectis
1303 2111 1492 2141 artificialibus
1519 2115 1639 2141 rationes
1655 2115 1723 2142 artis

938 2165 1080 2186 remanere
1100 2157 1184 2194 419
1197 2157 1322 2190 dicimus,
1340 2163 1367 2185 et
1387 2166 1573 2198 saepenumero
1596 2168 1656 2187 cum
1673 2161 1722 2189 bos

937 2203 1094 2235 cernimus,
1111 2203 1133 2231 Ο
1147 2203 1243 2230 miram
1260 2204 1365 2230 artem!
1382 2204 1568 2232 excit-manuus
1580 2225 1588 2237 ,
1603 2205 1629 2232 id
1650 2207 1721 2239 quod

100 2249 172 2277 οὕτω
183 2250 229 2276 καὶ
242 2251 270 2277 ὲν
282 2251 338 2282 τοῖς
349 2250 472 2284 φυσικοῖς
483 2249 564 2276 πᾶσιν
577 2249 602 2275 οἱ
613 2248 685 2283 λόγοι
699 2249 748 2284 τῆς
762 2248 887 2284 δημιουρ-

939 2249 1065 2276 videmus
1077 2249 1265 2282 admirantes;
1288 2249 1328 2277 sic
1351 2249 1434 2277 etiam
1450 2250 1477 2276 in
1499 2251 1581 2278 rebus
1595 2252 1722 2279 omnibus

100 2295 163 2330 γίας
181 2296 297 2331 μένουσι.
323 2295 384 2328 Πῶς
402 2295 467 2330 γοῦν
483 2295 558 2322 ἔσται
574 2296 603 2322 ὲν
624 2296 657 2331 τῇ
679 2294 792 2321 καθόλου
808 2293 886 2329 φύσει

100 2350 128 2367 τι
141 2341 275 2374 ὲναντίον;
289 2342 342 2368 Καὶ
357 2343 380 2368 oi.
395 2343 425 2369 ὲν
439 2343 496 2374 τοῖς
509 2341 730 2377 δημιουργήμασι
747 2341 820 2375 λόγοι
833 2340 886 2367 τίνι

101 2387 357 2423 ἑνανιιωθήσονται;
374 2387 418 2423 Τῷ
435 2389 551 2424 ποιητῇς
568 2387 625 2414 ἀλλ’
639 2388 689 2414 οὐκ
700 2387 807 2421 εὐαγές.
817 2386 886 2414 Ἀλλ’

101 2435 225 2466 ἑαυτοϊς;
250 2434 297 2460 καὶ
319 2433 394 2460 οὐδὲν
415 2442 443 2460 τι
466 2434 645 2470 ὑποστήσεται
672 2433 789 2460 πώποτε.
818 2432 886 2459 Ἀλλ’

102 2480 175 2515 ἄλλῳ
195 2479 263 2512 τινί;
281 2479 328 2506 καὶ
341 2479 413 2506 ἐστιν
433 2480 524 2516 ἕτερον
537 2480 613 2516 παρὰ
626 2480 673 2507 τοῦ
690 2479 803 2506 καθόλου
818 2479 887 2515 πρὸς

101 2528 117 2554 ὃ
129 2528 145 2563 ἡ
158 2526 230 2562 μάχη
244 2526 396 2562 γενήσεται.
410 2525 513 2553 Οὐκοῦν
525 2527 575 2553 οὐκ
592 2526 650 2553 ἐστι
669 2525 700 2553 τὸ
718 2527 811 2558 κακὸν,
826 2526 887 2553 οὐδὲ

103 2575 133 2600 ἑν
150 2572 189 2608 τῷ
210 2571 332 2599 καθόλου.
355 2572 417 2603 Τοῖς
437 2572 465 2599 δὲ
488 2572 545 2598 κατ’
561 2570 630 2604 εῐδος
645 2572 694 2607 τῆς
707 2571 887 2607 δημιουργίας

103 2620 131 2647 εί
147 2620 227 2649 τι,ἃν
240 2620 288 2647 καὶ
306 2620 450 2655 πρόσεστιν
472 2618 603 2651 ἐναντίον,
623 2618 702 2645 τοῦτο
718 2618 792 2654 παρὰ
807 2618 888 2652 φύσιν

103 2667 220 2701 λέγεται,
237 2667 284 2693 καὶ
295 2667 325 2693 οὐ
343 2666 413 2693 κατὰ
427 2666 522 2700 φύσιν*
538 2666 576 2697 ὼς
591 2665 622 2691 τὸ
638 2664 767 2700 φέρεσθαι
786 2665 842 2691 ἄνω
857 2664 888 2690 τὸ

104 2711 186 2747 ὕδωρ,
201 2712 247 2739 καὶ
265 2711 339 2739 κάτω
356 2712 386 2738 τὸ
402 2711 466 2747 πῦρ.
486 2710 571 2737 Τοῦτο
589 2710 618 2737 δὲ
642 2711 768 2746 στερήσει
782 2709 889 2744 φύσεως

104 2757 217 2792 γίνεται·
234 2757 304 2783 ὥστε
314 2757 364 2784 οὐκ
377 2756 447 2783 ἐστιν
461 2757 477 2791 ἡ
495 2755 573 2790 φύσις
587 2755 688 2787 κακὸν,
703 2754 770 2781 ἀλλὰ
790 2754 889 2790 μᾶλλον

104 2803 221 2838 ἐπήρειά
236 2811 277 2834 τις
296 2802 403 2838 φύσεως
420 2802 451 2829 τὸ
463 2800 557 2834 κακὸν,
573 2800 588 2827 ὃ
607 2800 639 2837 δὴ
662 2801 709 2828 καὶ
722 2800 797 2836 παρὰ
809 2799 889 2835 φύσιν

104 2846 221 2882 λέγεται.

938 2294 1108 2322 naturalibus
1121 2293 1271 2321 creationis
1284 2294 1404 2322 rationes
1421 2299 1591 2329 permanent.
1605 2295 1723 2328 Quanto-

936 2340 972 2368 do
989 2340 1074 2374 igitur
1086 2339 1234 2374 quidquam
1262 2339 1395 2366 universa:
1422 2345 1526 2367 natura;
1551 2341 1636 2375 possit
1661 2349 1722 2369 esse

937 2384 1128 2412 contrarium?
1143 2384 1175 2411 Et
1200 2385 1322 2412 rationes
1339 2389 1528 2412 creaturarum
1548 2387 1592 2413 cui
1613 2392 1723 2414 contra-

937 2430 1002 2458 riari
1022 2430 1144 2465 possint?
1158 2430 1338 2458 Creatorine"
1350 2431 1397 2459 sed
1411 2432 1462 2459 hoc
1486 2432 1608 2467 impium.
1619 2433 1660 2460 An
1669 2434 1722 2462 sibi

937 2477 1022 2513 ipsis?
1036 2481 1063 2504 et
1075 2477 1115 2506 sic
1127 2477 1193 2505 nihil
1207 2485 1325 2512 unquam
1345 2478 1486 2505 subsistet.
1502 2478 1544 2506 An
1559 2478 1639 2508 alteri
1663 2481 1721 2507 cui-

937 2524 1028 2559 piam?
1047 2529 1075 2551 et
1096 2526 1149 2552 erit
1172 2523 1311 2551 diversum
1334 2525 1367 2551 ab
1383 2525 1510 2552 universo
1525 2533 1585 2553 cum
1601 2534 1656 2561 quo
1673 2534 1723 2560 pu-

938 2569 1041 2605 gnabit.
1062 2569 1155 2603 itaque
1178 2576 1231 2596 uou
1255 2575 1298 2597 est
1312 2569 1412 2597 malum
1430 2571 1510 2597 etiam
1530 2570 1557 2597 in
1582 2572 1721 2599 universo.

940 2615 969 2644 Si
982 2615 1047 2650 quid
1067 2621 1158 2644 autent
1173 2616 1253 2644 alicui
1267 2618 1417 2644 secundum
1443 2617 1561 2650 speciem
1574 2618 1722 2645 creatiouis

939 2669 996 2689 suae
1007 2661 1112 2688 accidat
1125 2663 1307 2695 contrarium,
1319 2663 1345 2690 id
1361 2663 1462 2689 dicitur
1474 2667 1570 2689 contra
1585 2667 1722 2697 naturam,

938 2712 967 2735 et
989 2715 1044 2734 non
1065 2709 1214 2734 secundum
1231 2712 1357 2734 naturam
1378 2708 1526 2741 accidere;
1551 2708 1621 2735 sicut
1644 2716 1669 2734 ν.
1693 2716 1720 2742 g.

939 2761 1038 2789 aquam
1054 2753 1119 2780 ferri
1140 2761 1263 2787 sursum,
1286 2755 1376 2789 ignem
1399 2756 1535 2782 deorsum.
1559 2753 1615 2781 Hoc
1630 2758 1725 2784 autem

939 2799 969 2826 iit
985 2802 1088 2826 naturae
1106 2800 1268 2832 privatione,
1288 2800 1360 2827 unde
1372 2807 1424 2827 nou
1437 2804 1479 2827 est
1493 2804 1587 2826 natura
1603 2799 1721 2832 malum,

939 2845 987 2872 sed
1006 2845 1097 2879 potius
1115 2843 1229 2872 oﬂ'ensio
1253 2850 1356 2872 naturae
1370 2845 1434 2880 quid
1461 2844 1559 2873 malum
1580 2849 1632 2878 est,
1649 2844 1723 2879 quod

939 2890 1020 2918 etiam
1040 2894 1136 2918 contra
1153 2895 1275 2918 naturain
1298 2891 1405 2918 dicitur.
