1938 3065
230 155 283 183 805

813 155 837 184 8
857 156 1008 185 DIONYSII
1024 155 1257 185 AREOPAGITE

1802 156 1859 186 80‘

266 213 280 249 §
299 212 404 240 XXVII.
430 212 481 241 Ubi
498 217 588 240 autem
610 212 680 240 dixit
709 221 764 241 non
775 220 837 241 esse
855 213 956 241 malum
983 213 1012 241 in

1102 213 1116 250 ς
1136 213 1240 241 XXVII.
1256 213 1350 241 Εἰπὼν
1368 213 1396 240 δὲ
1414 213 1456 240 ὃτι
1477 213 1528 241 οὐκ
1546 213 1604 241 ἔστι
1621 214 1653 242 τὸ
1679 214 1763 242 κακὸν
1777 216 1807 242 ὲν
1822 216 1858 252 τῇ

231 264 342 293 natura,
356 263 438 294 negat
451 259 546 292 etiam,
562 259 589 286 in
602 258 760 294 corporibus
776 258 944 286 naturalibus
958 265 1018 286 esse

232 305 346 333 malum.
362 304 516 334 Sicutenim
525 304 696 341 pulchritudo
703 309 745 332 est
756 304 941 332 membrorum
955 311 1017 332 cum

232 350 304 378 bono
322 349 427 382 colore,
442 349 598 385 symmetria
611 356 658 376 seu
674 349 823 384 proportio,
837 349 876 376 sic
890 348 1019 376 deformi-

232 399 276 422 tas
293 399 336 423 est
356 396 513 423 eorumdem
526 394 720 429 dlSpl'OpOl‘llO-
737 393 900 422 Deformitas
925 398 1017 422 autem

233 449 289 469 nou
303 442 415 469 omnino
427 441 526 468 malum
551 445 610 473 est;
637 447 700 468 nam
713 440 736 468 si
751 440 906 468 omnimoda
924 439 1019 468 formte

236 487 396 522 ordinisque
410 486 541 514 resolutio
553 486 678 518 exsistat,
693 486 780 521 ipsum
798 493 909 521 quoque
919 492 1018 520 corpus

233 533 366 561 interibit.
381 531 458 565 Quod
482 536 571 559 autem
587 539 687 567 corpus
704 531 803 558 animte
818 539 872 559 non
888 531 924 558 sit
934 538 1018 559 causa

232 579 345 607 malitiae
355 579 427 606 sicut
440 578 561 605 nonnulli
587 578 740 612 depravata:
760 576 896 611 opinionis
911 581 1019 604 creato-

232 633 291 653 rem
307 625 498 656 criminantur,
527 623 700 651 manifestum
715 627 757 650 est
780 629 813 649 ex
838 622 1018 655 daemonibus,

232 671 278 706 qui
293 678 355 698 cum
368 670 523 705 incorporei
548 671 615 702 sint,
643 668 748 697 malitia
761 668 921 701 abundant;
940 669 1018 696 mali-

233 718 272 745 tia
296 718 369 745 enim
397 717 524 744 omnibus
550 716 641 751 lapsus
668 715 779 750 quidam
801 718 845 742 est
867 721 883 741 a
903 714 1019 749 propriis

232 763 320 790 bonis.

267 805 409 844 §XXVIIL
433 806 526 841 Neque
542 806 657 834 materia
684 806 784 833 malum
797 809 849 838 est,
865 809 895 833 ut
908 805 1018 840 quidam

232 853 400 881 fabulantur.
412 851 534 879 Primum
562 851 684 887 quidem,
709 851 775 887 quia
789 859 928 886 nunquam
942 859 1020 886 repe-

1068 259 1159 294 φὺσει,
1182 259 1264 294 φησὶν
1287 259 1328 286 ὃτι
1350 259 1411 286 οὐδὲ
1436 260 1466 286 έν
1486 261 1542 292 τοῖς
1569 262 1693 294 φυσικοῖς
1720 262 1857 297 σώμασιν.

1069 306 1175 341 Ὠσπερ
1191 305 1246 342 γὰρ
1260 305 1358 337 κάλλος
1370 306 1526 342 συμμετρία
1536 306 1595 333 ἐστὶ
1621 306 1709 342 μελῶν
1735 308 1795 343 μετ’
1811 307 1859 334 εὐ-

1069 353 1174 388 χροιας,
1190 351 1276 384 οὑτως
1295 349 1390 387 αἶσχος
1402 352 1577 388 ἀσυμμετρία
1601 353 1656 380 τῶν
1670 353 1761 380 αὐτῶν
1785 354 1857 381 ἐστι.

1068 399 1106 425 Τὸ
1116 398 1145 425 δὲ
1158 396 1252 434 αῐσχος
1263 398 1293 424 οὑ
1310 399 1398 433 πάντη
1414 399 1513 425 κακόν·
1535 400 1560 426 εἰ
1576 399 1629 435 γάρ
1642 400 1700 426 ὲστι
1720 399 1859 436 παντελὴς

1069 443 1146 476 λύσις
1155 443 1204 470 τοῦ
1217 443 1304 476 εἴδους
1322 444 1368 470 καὶ
1381 444 1432 479 τῆς
1442 444 1555 478 τάξεως,
1577 446 1625 472 καὶ
1647 446 1714 472 αὐτὸ
1732 446 1763 473 τὺ
1776 446 1858 481 σῶμα

1069 489 1217 524 οἰχήσεται.
1232 489 1293 516 Ὅτι
1303 489 1331 515 δὲ
1346 490 1406 516 οὐδὲ
1420 490 1520 521 κακίας
1535 489 1621 518 αῐτιον
1634 491 1665 518 τὸ
1682 491 1761 527 σῶμα
1770 491 1856 527 ψυχῇ.

1069 535 1160 568 καθώς
1173 544 1246 568 τινες
1257 535 1351 568 κακῶς
1371 537 1488 572 οἰόμενοι
1502 537 1642 565 αἰτιῶνται
1666 538 1711 565 τὸν
1723 539 1858 575 δημιουρ-

1069 581 1128 616 γὸν,
1147 581 1226 616 δῆλον
1238 582 1270 608 ἐκ
1281 581 1336 608 τῶν
1349 582 1494 617 δαιμόνων,
1507 583 1535 610 οἵ
1553 592 1636 616 τινες,
1652 584 1791 620 ἀσώματοι
1810 586 1858 613 δν-

1069 636 1124 660 τες,
1139 627 1189 664 τὴν
1203 629 1301 655 κακίαν
1315 629 1537 665 προσεκτήσαντο
1548 639 1555 645 θ
1566 631 1614 657 ἐπὶ
1629 632 1695 658 πᾶσι
1711 631 1766 668 γὰρ
1777 632 1858 659 τοῦτό

1070 674 1129 700 ἐστι
1163 674 1265 706 κακία,
1299 675 1317 710 ἠ
1354 674 1513 706 ἀπόπτωσις
1549 675 1605 702 τῶν
1647 677 1754 704 οἰκείων
1785 678 1858 712 ἀγα-

1071 717 1135 746 θῶν.

1107 804 1120 841 §
1143 803 1259 832 XXVIII.
1285 805 1352 832 οὐδὲ
1380 805 1430 841 ὕλη
1451 806 1482 832 τὸ
1504 806 1599 837 κακὸν,
1626 805 1664 837 ὦς
1690 806 1756 840 φασί
1772 814 1856 838 τινες.

1070 850 1182 886 Πρῶτον
1194 850 1254 886 μὲν,
1276 851 1318 877 ὅτι
1327 850 1376 883 οὐχ
1396 851 1573 886 εὑρεθήσεται
1585 850 1693 877 πώποτε
1705 851 1795 886 γυμνὴ
1808 850 1857 878 τοῦ

232 900 321 927 rietur
334 897 468 931 informis,
484 905 532 926 seu
548 897 621 926 omni
642 897 730 925 forma
739 896 871 933 spoliata;
887 904 948 924 cum
963 895 1019 923 for-

1071 896 1156 929 εῐδους
1176 897 1309 928 άνείδεος·
1324 896 1391 932 μετὰ
1405 897 1490 929 εἴδους
1508 897 1546 927 δὲ,
1565 897 1603 929 ὡς
1624 897 1688 931 γοῦν
1706 897 1859 932 μετέχουσα

231 952 277 972 ma
303 949 405 977 autem,
429 949 459 972 ut
487 944 625 979 particeps
649 943 757 976 forma,
787 942 1017 978 pulchritudinem

230 991 378 1027 participat
388 998 420 1018 ac
434 994 616 1018 venustatem.
641 989 690 1017 Sin
715 996 782 1017 vero
805 990 891 1024 ipsam
911 996 960 1024 per
988 995 1019 1017 se

231 1035 376 1063 informem
393 1035 609 1067 consideremus,
630 1033 698 1061 nihil
716 1034 864 1069 patientem
878 1037 924 1061 aut
939 1034 1020 1062 susti-

230 1086 353 1114 nentem,
374 1081 512 1116 quomodo
539 1081 653 1108 materia
682 1080 745 1108 mali
772 1081 920 1115 quidquam
945 1084 1018 1115 agat,

231 1135 293 1155 cum
305 1135 339 1154 ne
354 1128 381 1154 id
403 1128 458 1162 pati
470 1127 580 1161 quidem
598 1127 701 1162 possit?
714 1126 791 1160 Quod
803 1127 826 1154 si
842 1127 925 1154 etiam
937 1127 1018 1158 Deus,

231 1181 295 1200 cum
309 1172 376 1200 nihil
396 1172 451 1206 pati
464 1174 560 1207 possit,
579 1172 672 1199 omnia
687 1171 783 1205 faciat,
802 1179 852 1206 per
870 1171 898 1198 id
913 1172 1021 1199 excedit

232 1219 346 1247 effectus
375 1219 525 1251 naturales,
549 1219 600 1246 etsi
622 1227 704 1246 causa
740 1221 788 1251 sit,
815 1218 864 1246 sed
889 1218 1019 1245 efﬁciens.

231 1265 320 1292 Causa
343 1270 435 1292 autem
456 1265 614 1297 materialis.
640 1273 700 1300 quae
728 1265 872 1293 effectibus
888 1269 1021 1292 connatn-

232 1311 298 1339 ralis
314 1316 366 1345 est,
384 1312 453 1340 nihil
468 1319 589 1348 unquam
606 1311 662 1347 agit
689 1312 715 1339 in
742 1311 859 1343 effectis,
879 1310 931 1338 nisi
945 1310 1021 1344 prius

232 1365 310 1393 passa
325 1359 361 1386 sit
376 1358 607 1386 informationem.
623 1358 686 1386 Haec
701 1362 791 1386 antem
806 1358 897 1385 omnia
910 1361 1021 1384 sanctus

233 1405 276 1432 hic
291 1404 368 1437 dicit,
385 1404 448 1439 quia
466 1405 575 1440 quidam
600 1404 756 1439 philosophi
781 1402 921 1434 dicebant,
936 1410 969 1430 ex
985 1403 1021 1429 ir-

232 1451 387 1478 rationalibi
402 1453 500 1478 anima:
523 1455 601 1485 parte
625 1451 747 1478 materia
762 1449 925 1484 corporique
944 1455 1020 1475 com-

233 1501 324 1534 niista,
341 1507 402 1527 cum
415 1501 449 1527 ad
478 1506 538 1527 eam
561 1499 653 1527 anima
682 1499 837 1534 adreperet,
854 1497 923 1525 mala
938 1497 1021 1532 proli-

233 1546 441 1575 cisci.Rursum
469 1546 503 1573 de
526 1545 639 1573 materia
663 1545 802 1577 decertat,
819 1548 847 1572 et
875 1551 1021 1579 argumen-

232 1598 289 1620 tum
304 1592 386 1629 ωο
404 1591 505 1620 format
528 1599 563 1618 ex
577 1590 724 1618 divisione.
749 1590 799 1617 νει
829 1590 920 1624 itaque
935 1590 1022 1617 neuti-

233 1647 313 1674 quam
342 1645 509 1674 nusquamve
535 1641 588 1670 est,
611 1642 639 1664 et
669 1640 794 1664 neutrum
819 1636 946 1669 habebit;
973 1640 1022 1663 aut

233 1685 339 1720 uspiam
352 1684 426 1712 erit:
452 1689 480 1710 at
491 1690 556 1711 vero
570 1689 632 1718 quae
647 1686 722 1714 sunt,
738 1689 773 1709 ex
793 1682 850 1709 Deo
863 1686 939 1716 sunt,
954 1686 981 1709 et
995 1682 1022 1709 id

233 1731 334 1766 Ipsum,
348 1731 450 1766 quippe
459 1738 494 1757 ex
510 1730 576 1762 Deo,
592 1730 693 1757 bonum
704 1732 755 1756 est.
769 1728 843 1756 Alias
858 1732 948 1756 autem
959 1735 1020 1755 cum

233 1777 286 1804 duo
302 1777 368 1809 sint,
388 1777 458 1804 Deus
471 1781 499 1803 et
518 1776 645 1806 materia,
661 1774 683 1801 si
708 1774 824 1802 alterum
854 1779 1022 1809 supponatur

234 1823 345 1854 bonum,
360 1821 473 1849 alterum
494 1828 561 1848 vero
575 1820 689 1852 malum,
714 1820 855 1855 continget
868 1825 898 1847 ut
908 1819 950 1846 vel
974 1821 1022 1848 bo-

234 1876 298 1896 num
317 1868 416 1895 malum
433 1867 525 1900 faciat,
549 1866 591 1894 vel
606 1871 682 1894 certe
700 1865 814 1899 malum,
830 1870 964 1900 quatenus
986 1872 1020 1893 ex

234 1914 309 1941 bono
319 1918 371 1945 est,
385 1913 504 1946 bonum;
521 1911 563 1940 vel
578 1919 594 1940 e
606 1911 726 1944 diverso,
746 1915 775 1938 ut
799 1911 901 1938 malum
919 1912 1019 1939 bonum

233 1959 348 1993 elliciat;
364 1961 405 1986 vel
424 1960 535 1991 bonum,
556 1962 693 1992 quatenus
707 1964 740 1984 ex
757 1956 828 1984 malo
841 1961 892 1990 est,
907 1957 1019 1985 malum.

234 2005 261 2033 Si
277 2012 330 2032 non
343 2005 390 2032 ﬁat
401 2004 518 2032 alterum
541 2010 577 2030 ex
601 2003 702 2035 altero,
725 2003 850 2037 sequitur
862 2003 944 2030 etiam
967 2003 1021 2030 duo

233 2060 294 2080 esse
313 2051 461 2086 principia,
477 2050 549 2085 quod
566 2049 640 2077 dictu
655 2048 743 2077 nefas.
761 2049 823 2076 Ilzec
844 2057 908 2076 vero
923 2056 1020 2076 neces-

233 2098 307 2125 sario
322 2098 422 2125 iterum
438 2097 470 2124 ad
482 2104 564 2124 unum
588 2096 654 2131 quid
667 2100 748 2124 erunt
773 2095 941 2128 reducenda,
956 2096 1019 2130 quia

231 2145 396 2180 principium
414 2148 457 2171 est
471 2144 572 2175 unitas,
588 2150 643 2170 non
662 2142 791 2170 dualitas.
813 2141 847 2168 Et
861 2142 913 2169 hoc
926 2142 1021 2176 quale-

234 2197 342 2224 cunque
361 2190 471 2217 tandem
499 2189 545 2222 sit,
560 2189 655 2216 eadem
682 2188 780 2215 iterum
796 2187 911 2215 dicenda
923 2191 1017 2220 erunt;

1069 943 1165 975 εἴδους,
1181 944 1283 979 κόσμου
1301 943 1408 978 μετέχει
1423 944 1470 970 καὶ
1482 944 1622 979 καλλονῆς.
1638 944 1668 970 Εἰ
1678 943 1707 969 δὲ
1722 943 1859 970 καθ’ἑαυ-

1068 988 1118 1023 τὴν
1143 989 1284 1024 νοήσωμεν
1307 988 1408 1023 ταύτην
1425 988 1554 1019 ἀνείδεον,
1579 989 1662 1023 μηδὲν
1677 988 1817 1014 παθοῦσαν
1839 988 1857 1023 ἢ

1070 1033 1238 1069 πάσχουσαν,
1255 1033 1314 1066 πῶς
1331 1033 1430 1068 δυνατή
1442 1034 1541 1069 ἐστινὴ
1558 1033 1607 1068 ὒλη
1621 1034 1707 1060 ποιεῖν
1722 1034 1806 1060 κακόν
1818 1042 1856 1063 τι,

1070 1079 1088 1114 ἡ
1109 1079 1176 1114 μηδὲ
1186 1079 1217 1106 τὸ
1229 1079 1342 1114 πάσχειν
1358 1078 1473 1114 ἐχουσα;
1488 1079 1555 1106 Ειδὲ
1568 1080 1615 1106 καὶ
1629 1079 1659 1105 τὸ
1675 1079 1761 1110 Θεῖον,
1774 1079 1858 1114 μηδὲν

1071 1125 1186 1160 πάσχειν
1209 1125 1280 1160 ἔχον,
1310 1126 1397 1152 πάντα
1413 1125 1494 1157 ποιεῖ,
1509 1125 1566 1151 ἀλλ’
1578 1126 1666 1152 ἐκεῖνο
1689 1124 1859 1162 ἐξῃρημένον

1071 1171 1129 1198 ἐστὶ
1141 1170 1196 1197 τῶν
1209 1170 1330 1204 φυσικῶν
1341 1170 1578 1206 ἀποτελεσμάτων,
1591 1171 1638 1197 καὶ
1647 1171 1671 1197 εἰ
1681 1170 1775 1201 αἴτιον,
1788 1170 1858 1198 ἀλλά

1071 1214 1223 1248 ποιητικόν.
1239 1213 1276 1240 Τὸ
1289 1214 1317 1241 δὲ
1328 1215 1420 1241 ὑλικὸν
1439 1214 1534 1246 αἴτιον,
1548 1216 1578 1241 ὲν
1587 1216 1642 1247 τοῖς
1655 1215 1859 1250 ἀποτελέσμασι

1071 1260 1193 1295 πεφυκὸς
1206 1259 1286 1292 εἶναι,
1297 1261 1327 1287 οὐ
1340 1261 1434 1296 δράσει
1451 1261 1515 1288 ποτὲ
1527 1260 1558 1287 τὺ
1579 1261 1658 1297 τυχὸν
1672 1262 1702 1287 ἐν
1715 1262 1770 1293 τοῖς
1789 1262 1860 1288 ἀπο-

1071 1304 1245 1341 τελέσμασιν,
1267 1307 1291 1333 εἰ
1312 1307 1348 1342 μὴ
1362 1306 1443 1334 πάθοι
1457 1307 1588 1343 πρότερον
1610 1307 1660 1342 τὴν
1680 1308 1857 1344 εἰδοποίησιν.

1071 1352 1199 1379 Ταῦταδὲ
1212 1353 1300 1380 πάντα
1314 1353 1388 1388 λέγει
1408 1354 1423 1380 ὁ
1435 1354 1520 1387 ἅγιος,
1537 1353 1629 1390 ἐπειδή
1644 1363 1715 1386 τινες
1732 1355 1787 1381 τῶν
1814 1364 1859 1389 φι-

1071 1397 1192 1432 λοσόφων
1201 1399 1234 1425 ὲκ
1245 1397 1292 1425 τοῦ
1314 1398 1410 1432 ἀλόγου
1433 1398 1482 1434 τῆς
1506 1398 1594 1434 ψυχῆς
1620 1399 1720 1434 μέρους
1743 1399 1794 1436 ὕλῃ
1810 1400 1859 1426 καὶ

1073 1442 1178 1478 σώματι
1204 1443 1524 1479 μμιγμένουςρεπούσης
1543 1445 1583 1476 εἰς
1600 1444 1679 1470 τοῦτο
1697 1444 1746 1480 τῆς
1756 1444 1856 1480 ψυχῆς,

1070 1488 1105 1515 τὰ
1118 1488 1191 1515 κακά
1214 1488 1346 1523 γίνεσθαι.
1362 1488 1446 1516 Πάλιν
1459 1489 1523 1525 περὶ
1536 1489 1586 1524 τῆς
1599 1489 1663 1525 ὕλης
1680 1490 1793 1524 μάχεται
1810 1491 1858 1517 καὶ

1073 1535 1189 1560 ποιεῖται
1202 1533 1248 1560 τὸν
1267 1533 1346 1569 λόγον
1367 1535 1400 1560 ἐκ
1424 1534 1590 1569 διαιρέσεως.
1613 1535 1648 1561 Ἦ
1668 1534 1732 1568 γοῦν
1752 1535 1857 1570 οὐδαμῆ

1073 1580 1197 1615 οὐδαμῶς
1211 1581 1280 1612 ἐστι,
1303 1580 1350 1607 καὶ
1371 1580 1510 1615 οὐδέτερον
1527 1580 1592 1614 ἕξει,
1614 1580 1631 1616 ἢ
1651 1581 1746 1615 πῆ6ν’
1768 1581 1804 1607 τὰ
1829 1582 1858 1608 δὲ

1072 1626 1136 1653 ὑντα
1154 1627 1187 1653 ὲκ
1205 1626 1251 1653 τοῦ
1267 1625 1346 1657 Θεοῦ,
1369 1626 1417 1654 καὶ
1436 1625 1503 1653 αὐτὸ
1518 1627 1555 1658 ὡς
1578 1628 1611 1654 ὲκ
1638 1627 1717 1658 Θεοῦ,
1742 1627 1856 1661 ἀγαθόν.

1074 1672 1178 1704 Ἀλλως
1190 1672 1218 1699 δὲ
1230 1672 1276 1699 δύο
1298 1672 1392 1704 ὅντων,
1404 1672 1451 1699 τοῦ
1463 1681 1492 1698 τε
1506 1672 1574 1698 Θεοῦ
1594 1673 1640 1699 καὶ
1653 1673 1702 1708 τῆς
1720 1672 1795 1708 ὕλης,
1810 1673 1858 1699 ἐὰν

1073 1719 1187 1755 θάτερον
1209 1719 1327 1754 ὑποτεθῇ
1350 1718 1460 1752 ἀγαθὸν,
1474 1718 1586 1754 θάτερον
1603 1718 1631 1744 δὲ
1643 1719 1736 1750 κακὸν,
1753 1719 1859 1754 συμϐή-

1073 1774 1148 1792 σεται
1163 1762 1258 1799 εἶναιῆ
1274 1764 1304 1790 τὸ
1321 1764 1421 1798 ἀγαθὸν
1440 1763 1488 1790 τοῦ
1505 1763 1589 1790 κακοῦ
1602 1764 1751 1799 ποιητικὸν,
1764 1764 1780 1799 ἢ
1792 1765 1858 1791 αὑτὸ

1071 1811 1102 1838 τὸ
1115 1811 1208 1843 κακὸν,
1216 1811 1254 1842 ὼς
1265 1811 1298 1837 ὲκ
1309 1810 1355 1837 τοῦ
1366 1810 1468 1844 ἀγαθοῦ
1481 1810 1520 1844 δν,
1534 1810 1644 1844 ἀγαθόν’
1656 1811 1672 1845 ἢ
1689 1810 1858 1838 ἀνάπαλιντδ

1071 1858 1156 1884 κακὸν
1167 1857 1214 1883 τοῦ
1234 1857 1336 1891 ἀγαθοῦ
1357 1856 1509 1892 ποιητικὸν,
1533 1857 1549 1892 ἢ
1575 1855 1607 1882 τὸ
1631 1856 1743 1891 ἀγαθὸν,
1767 1856 1806 1888 ὡς
1825 1857 1858 1883 ὲκ

1070 1904 1117 1930 τοῦ
1132 1903 1227 1934 κακοῦ,
1243 1903 1334 1930 κακόν.
1351 1903 1386 1929 Ἦ
1408 1903 1438 1929 οὑ
1464 1903 1558 1936 γέγονε
1571 1902 1682 1937 θάτερον
1695 1902 1725 1935 ἐξ
1743 1902 1856 1938 ἑτέρου·

1071 1951 1119 1978 καὶ
1128 1951 1223 1977 ἕπεται
1237 1950 1283 1976 δύο
1297 1947 1366 1976 εἷναι
1383 1949 1481 1985 ἀρχὰς,
1496 1949 1563 1983 ὅπερ
1588 1948 1639 1974 οὐκ
1652 1948 1786 1983 ἐνδέχεται
1812 1947 1858 1974 λέ-

1071 2005 1140 2030 γειν.
1153 1993 1237 2022 Αὑται
1249 1995 1277 2021 δὲ
1292 1995 1372 2022 πάλιν
1382 1994 1537 2026 ἀναγκαίως
1550 1994 1595 2020 ἐπὶ
1613 1994 1676 2028 μίαν
1687 1994 1857 2029 ἀναχθήσον-

1070 2051 1125 2073 ται,
1140 2041 1234 2069 ἐπειδὴ
1254 2040 1355 2075 ἀρχὴή
1383 2040 1476 2075 μονὰς,
1501 2040 1549 2074 οὐχ
1571 2040 1588 2074 ὴ
1611 2039 1691 2071 δυάς·
1723 2039 1856 2074 κάκείνη,

1070 2085 1149 2113 ὁποία
1162 2089 1222 2113 ποτ’
1235 2086 1268 2113 ἂν
1294 2085 1335 2121 εἴη
1346 2104 1354 2116 ,
1373 2085 1406 2111 τὰ
1428 2084 1593 2111 αὐτὰν-πάλιν
1621 2084 1806 2119 λεχθὴσονται.
1821 2085 1858 2111 ’Ἡ

1070 2133 1125 2169 γὰρ
1139 2133 1239 2168 ἀγαθὴ,
1261 2134 1308 2160 καὶ
1328 2132 1418 2166 ἀγαθὰ
1450 2132 1557 2163 πάντως
1575 2131 1609 2158 τὰ
1628 2131 1656 2164 ἐξ
1669 2132 1768 2167 αὐτῆς·
1786 2131 1802 2167 ἢ
1818 2132 1856 2167 πῆ

1073 2180 1122 2215 μὲν
1140 2180 1223 2215 κακὴ,
1238 2180 1276 2215 πῆ
1300 2179 1329 2206 δὲ
1357 2179 1463 2214 ἀγαθή·
1497 2179 1544 2205 καὶ
1573 2178 1622 2213 ἤδη
1650 2177 1786 2210 σύνθετος,
1811 2179 1859 2205 καὶ

233 2235 283 2263 Vel
294 2220 367 2262 enim
382 2235 483 2262 bonum
497 2220 560 2267 erit,
573 2238 600 2261 et
622 2234 694 2261 bona
708 2234 799 2260 omnia
816 2239 876 2267 qua
890 2239 923 2259 ex
940 2232 1016 2268 ipso;

1071 2227 1120 2261 οὑχ
1133 2226 1218 2261 ἁπλῆ,
1235 2225 1290 2252 οὐδ’
1304 2225 1386 2261 ἀρχὴ,
1402 2225 1458 2251 ἀλλ’
1470 2225 1562 2251 ἐκεῖνα
1591 2224 1661 2259 ἀρχὴ
1676 2225 1706 2257 ἐξ
1720 2220 1758 2250 ὧν
1779 2233 1858 2251 συνε-

231 2281 276 2309 vel
287 2281 385 2316 partim
396 2280 508 2315 quidem
526 2279 639 2311 malum,
653 2279 752 2314 partim
770 2285 834 2306 vero
849 2278 970 2311 bonum;
991 2282 1020 2305 ct

230 2328 285 2362 jam
301 2326 483 2361 compositum
502 2326 594 2354 eritet
620 2333 674 2352 non
696 2324 822 2360 simplex,
838 2329 922 2359 atque
951 2319 1019 2352 adeo

233 2383 322 2410 neque
336 2375 510 2410 principium,
524 2375 572 2402 sed
595 2374 640 2401 illa
657 2374 820 2408 principium
833 2378 894 2400 sunt
908 2381 940 2400 cx
956 2372 1019 2408 qui-

232 2423 284 2450 bus
297 2420 478 2455 componitur,
496 2424 524 2447 et
535 2420 586 2446 hoc
603 2420 630 2446 in
646 2419 793 2446 inﬁnitum.
808 2419 940 2452 Quoniam
955 2425 1020 2445 vero

233 2467 343 2500 quidam
370 2465 512 2500 gentilium
543 2465 668 2492 dixerunt
695 2470 836 2499 propterea
865 2464 963 2491 coelum
992 2468 1019 2491 et

234 2516 308 2539 astra
320 2519 374 2538 non
389 2511 538 2545 corrumpi,
553 2510 616 2545 quia
642 2518 674 2537 ex
702 2510 804 2546 puriori
829 2510 941 2537 materia
954 2516 1019 2543 pro-

233 2559 314 2585 ducta
327 2563 401 2590 sunt,
418 2565 449 2585 ea
463 2564 526 2584 vero
538 2564 598 2591 quae
616 2557 688 2591 apud
700 2563 750 2583 nos
766 2559 830 2583 sunt
845 2563 877 2582 ex
897 2555 1017 2589 subjecta

233 2603 418 2637 crassiorique
430 2601 556 2631 materia,
571 2601 610 2628 ait
624 2600 667 2628 hic
683 2604 807 2631 sanctus,
822 2600 925 2627 idcirco
936 2600 1017 2626 etiam

232 2649 292 2677 haec
303 2647 452 2681 corrumpi,
468 2647 540 2681 quod
557 2653 610 2673 non
627 2645 731 2680 possint
757 2644 882 2676 stabiliri,
896 2648 923 2671 et
935 2643 1019 2670 tirmi-

234 2699 277 2723 ter
288 2695 402 2722 ha>rere.
417 2693 493 2726 Quod
506 2693 528 2720 si
547 2692 690 2719 materiam
708 2690 741 2718 ad
754 2691 873 2718 universi
889 2697 1018 2718 consum—

235 2741 382 2769 mationem
398 2739 581 2767 necessariam
597 2737 682 2765 fuisse
693 2737 796 2768 dicant,
813 2735 951 2770 quomodo
962 2742 1019 2762 ma-

236 2788 303 2815 teria
322 2787 422 2814 malum
436 2785 518 2821 quid?
530 2784 599 2812 Nota
613 2790 714 2815 autent,
727 2782 902 2811 Aristotelem
914 2789 948 2809 ex
970 2781 1019 2815 hy-

235 2835 339 2869 pothesi
356 2834 457 2862 dixisse
474 2832 615 2860 materiam
632 2838 693 2858 esse
721 2829 916 2860 necessariam,
938 2828 964 2855 id
978 2831 1019 2854 est

236 2881 323 2909 forma
341 2880 490 2909 exsistente
506 2878 662 2907 necessario
680 2877 762 2906 etiam
779 2876 915 2905 exsistere
931 2879 1018 2902 mate—

1070 2271 1146 2308 τέοη,
1166 2272 1213 2298 καὶ
1239 2271 1317 2298 τοῦτο
1346 2271 1390 2297 ἐπ’
1405 2271 1527 2306 ἄπειρον.
1547 2271 1655 2305 Ἐπειδὴ
1671 2270 1698 2296 δὲ
1713 2269 1778 2296 ἔνιοι
1804 2271 1859 2296 τῶν

1077 2317 1208 2353 Ἐλλήνων
1219 2316 1320 2352 ἔλεγον,
1334 2316 1377 2343 διὰ
1389 2316 1467 2342 τοῦτο
1481 2316 1526 2342 τὸν
1537 2316 1649 2352 οὐρανὸν
1662 2316 1708 2342 καὶ
1719 2315 1752 2342 τὰ
1767 2316 1858 2351 ἄστρα

1072 2364 1109 2400 μὴ
1123 2363 1292 2400 φθείρεσθαι,
1307 2363 1351 2389 διὰ
1365 2362 1396 2389 τὸ
1407 2363 1439 2389 ὲκ
1454 2361 1500 2388 τοῦ
1515 2362 1706 2398 καθαρωτάτου
1720 2362 1769 2397 τῆς
1792 2361 1858 2396 ὕλης

1069 2409 1211 2444 γενέσθαι·
1227 2409 1261 2436 τὰ
1275 2408 1304 2435 δὲ
1318 2408 1379 2435 καθ’
1400 2409 1473 2443 ἡμᾶς
1487 2409 1519 2434 ὲκ
1533 2408 1581 2443 τῆς
1609 2407 1785 2442 ὑποστάθμης
1810 2409 1858 2434 καὶ

1070 2455 1236 2491 παχυτέρας,
1263 2456 1309 2482 καὶ
1336 2454 1380 2481 διὰ
1406 2454 1484 2481 τοῦτο
1509 2453 1666 2488 φθείρεσθαι
1693 2454 1790 2483 ταῦτα,
1821 2454 1858 2489 μὴ

1069 2501 1206 2536 δυνάμενα
1217 2500 1338 2536 ἱδρῦσθαι
1354 2500 1401 2527 καὶ
1418 2499 1532 2535 βεϐαίως
1546 2499 1629 2534 ἔχειν,
1644 2499 1724 2534 φησὶν
1738 2500 1752 2525 ό
1768 2499 1856 2532 ἆγιος.

1070 2548 1102 2574 Εἰ
1118 2547 1146 2573 δὲ
1161 2547 1307 2581 ἀναγκαῖόν
1323 2555 1389 2580 φασι
1413 2545 1461 2581 τὴν
1480 2545 1546 2581 ὓλην
1578 2545 1644 2580 πρὸς
1661 2544 1857 2579 συμπλήρωσιν

1069 2595 1183 2630 κόσμου,
1200 2594 1258 2626 πῶς
1278 2595 1294 2629 ὴ
1322 2593 1371 2628 ὕλη
1391 2592 1496 2624 κακόν;
1519 2592 1672 2627 Σημείωσαι
1687 2591 1725 2623 δὲ,
1749 2591 1790 2617 ὃτι
1806 2591 1856 2626 τὴν

1070 2641 1136 2677 ὕλην
1151 2641 1181 2675 ὲξ
1193 2640 1348 2671 ὑποθέσεως
1362 2639 1508 2673 ἀναγκαῖόν
1527 2647 1608 2673 φησιν
1622 2639 1636 2664 ὁ
1656 2638 1682 2664 Ἀ
1689 2637 1854 2672 ριστοτέλης,

1070 2687 1107 2718 ὡς
1125 2687 1212 2717 εἴδους
1224 2686 1298 2717 ὄντος
1313 2685 1459 2718 ἀναγκαῖον
1485 2681 1555 2710 εἶναι
1574 2683 1621 2709 καὶ
1636 2682 1701 2717 ὕλην
1712 2690 1718 2696 ·
1738 2681 1777 2707 ἔνι
1801 2681 1856 2716 γὰρ

1070 2732 1116 2758 καὶ
1130 2731 1161 2758 τὸ
1173 2729 1241 2761 εἶδος
1254 2731 1411 2763 ἀναγκαῖον.
1448 2727 1527 2754 Ἀλλὰ
1554 2725 1583 2754 οὗ
1604 2727 1702 2757 Evam;
1721 2726 1769 2752 καὶ
1784 2725 1815 2751 τὸ
1830 2725 1855 2752 τί

1069 2778 1102 2814 ἦν
1117 2777 1206 2810 εἷναι;
1221 2779 1237 2813 ἡ
1254 2778 1282 2804 δὲ
1302 2776 1351 2812 ὕλη
1378 2773 1537 2802 ὑποθετικὸν
1553 2774 1708 2807 ἀναγκαῖον,
1721 2773 1758 2804 ὼς
1776 2771 1856 2807 πρίο-

1070 2834 1113 2857 νος
1131 2824 1307 2855 ὑποτεθέντος
1319 2821 1397 2854 εἷναι,
1415 2822 1519 2855 ἀνάγκη
1536 2817 1605 2845 εἶναι
1629 2818 1746 2853 σίδηρον,
1766 2817 1855 2849 ἄλλως

1070 2872 1124 2906 γὰρ
1147 2871 1176 2897 οὺ
1206 2869 1316 2897 δύναται
1337 2867 1514 2903 συσταθῆναι·
1544 2865 1574 2892 οὺ
1601 2864 1652 2900 μὴν
1676 2864 1706 2896 ἐξ
1731 2864 1854 2899 ἀνάγκης
