1938 3065
92 166 147 197 805

377 171 421 200 DE
437 171 564 200 DIVINIS
580 171 780 206 NOMINIBUS,
798 172 876 201 CAP.
895 172 940 201 IV.
957 188 993 194 --
1009 171 1183 200 PARAPHR.
1202 171 1440 201 PACIIYMERA‘J.

1670 171 1724 201 8M

92 227 151 254 εστι
169 228 287 264 σίδηρος,
307 229 360 256 κᾶν
387 229 472 267 μέλλῃ
486 230 613 264 γενέσθαι
641 217 741 267 πρίων,
757 230 810 258 κᾶν
835 231 877 266 μή

938 229 1194 263 riam;licetetiam
1218 233 1275 257 tum
1300 229 1387 257 forma
1414 230 1569 258 necessaria
1595 230 1640 258 sit.
1670 231 1724 259 Sed

100 273 176 302 Ἐπεὶ
190 275 220 302 δὲ
232 276 247 302 ὁ
258 275 421 311 δημιουργὸς
431 276 550 312 παράγει
566 278 599 304 ὲκ
625 277 712 305 κακοῦ
736 277 786 313 τῆς
798 277 865 313 ὕλης
873 296 882 309 ,

91 319 140 347 καὶ
154 320 204 348 οὐκ
215 321 244 354 ἐξ
259 321 374 356 ἀγαθοῦ,
395 319 412 357 ἢ
425 322 487 349 ἐπεὶ
499 323 516 358 ὴ
527 322 577 358 ὕλη
594 323 640 350 τοῦ
660 323 747 356 εἴδους
766 323 882 358 ἐφίεται,

91 366 153 393 κατ’
168 366 277 399 αὐτοὺς,
295 366 354 399 πῶς
371 367 455 394 κακὸν
489 367 520 394 τὸ
546 367 593 395 τοῦ
623 368 706 396 καλοῦ
723 369 882 404 ὲφιέμενον;

92 411 188 445 φεύγει
203 411 258 448 γὰρ
274 413 322 439 καὶ
347 413 463 448 μάχεται
486 413 517 440 τὸ
543 414 629 442 κακὸν
647 414 686 450 τῷ
703 414 808 450 ἀγαθῷ.
820 414 883 447 Πῶς

91 455 120 482 δὲ
133 457 163 483 τὸ
180 458 263 485 κακὸν
276 460 433 495 γεννητικὸν
446 460 493 487 καὶ
506 460 646 496 ποιητικόν
665 462 750 493 ἐστιν,
766 461 828 488 ἐπεὶ
839 462 883 490 λέ-

92 510 196 536 γουσιν,
210 503 282 540 ὅτιὴ
298 503 347 540 ὕλη
369 505 464 540 τρέφει
487 505 537 541 τὴν
569 505 660 540 φύσιν,
685 507 780 544 ὥσπερ
808 509 883 545 καὶὴ

91 549 131 580 είς
147 548 244 576 καῦσιν
261 550 402 586 ἐπιτηδεία
419 551 471 587 ὕλη
488 551 519 578 τὺ
534 550 611 587 πῦρ;
630 553 663 579 Ei
676 553 705 580 δὲ
717 553 831 587 εἴποιεν,
842 555 883 582 ὅτι

92 594 161 630 αὑτὴ
176 595 225 630 μὲν
239 596 255 630 ὴ
268 595 317 632 ῦλη
345 597 430 624 κακὸν
445 597 475 624 οὺ
492 599 574 630 ποιεῖ,
590 598 680 635 ἀγαθὴ
696 599 725 627 δὲ
744 597 822 632 οὖσα,
842 601 884 628 δύ-

92 649 173 676 ναμιν
184 641 381 678 ὲφελκυστικὴν
396 643 436 675 εις
453 643 484 670 τὸ
497 644 592 677 κακδν,
609 645 669 677 πῶς
681 644 760 672 τοῦτο
774 646 882 682 ἀληθὲς,

96 687 153 713 επεὶ
181 687 278 714 πολλαὶ
302 688 387 724 ψυχαὶ
415 689 520 725 σώματι
540 691 587 718 καὶ
616 690 668 728 ὕλῃ
694 692 883 728 συνδεδεμέναι

95 733 160 768 πρὸς
171 733 201 760 τὸ
223 734 323 768 ἀγαθὸν
349 735 512 770 βλέπουσιν;
532 737 590 764 Οὐκ
608 735 666 764 ἔδει
691 737 729 770 δὲ,
755 737 836 774 εἴπερ
854 738 884 771 ἐξ

94 779 214 814 ἀνάγκης
229 778 264 815 ἦν
279 780 310 807 τδ
324 781 400 817 παρὰ
419 783 469 818 τῆς
484 782 550 819 ῦλης
571 783 746 818 ἐφέλκεσθαι,
769 784 840 811 ὥστε
853 785 884 811 τὸ

94 827 146 853 πᾶν
162 826 195 853 ὲκ
210 827 399 863 προαιρέσεώς
413 830 497 856 ἐστιν.
514 830 546 856 Ei
563 830 593 857 δὲ
616 830 690 864 λέγει
709 839 763 862 τις,
777 829 884 858 ὅτιτῶν

93 873 184 909 ,μυχῶν
197 875 303 907 ὲκείνας
314 876 428 910 κατάγει
442 877 460 912 ἡ
475 876 536 912 ὕλη,
547 877 608 904 ὅσαι
622 877 738 904 εὕεικτοί
748 878 802 904 εισι
815 877 883 913 πρὸς

934 283 988 311 qua
1007 277 1040 304 de
1056 283 1152 309 causa,
1170 276 1271 310 quidve
1284 276 1337 304 hoc
1352 276 1403 304 sibi
1419 276 1497 304 vult?
1517 278 1630 304 materia
1648 278 1724 306 vide-

934 322 997 350 licet
1006 330 1041 350 ex
1051 322 1238 357 suppositione
1248 323 1405 350 necessaria
1419 326 1460 350 est
1471 343 1479 355 ,
1489 323 1569 356 sicut,
1583 324 1725 359 supposito

933 369 1004 404 quod
1016 369 1054 396 sit
1066 376 1154 401 serra.
1168 376 1283 396 necesse
1292 375 1332 396 est
1346 376 1409 397 esse
1425 368 1540 402 ferrum,
1555 370 1638 398 aliter
1649 371 1722 399 enim

933 418 1062 442 constare
1096 414 1215 448 nequit:
1237 421 1291 442 non
1318 419 1410 441 autem
1436 414 1591 442 necessario
1619 414 1723 443 ferrum

934 461 1058 493 exsistit,
1071 461 1130 488 sive
1138 467 1214 489 serra
1227 460 1318 488 futura
1330 461 1377 491 sit.
1392 461 1451 488 sive
1466 468 1532 490 non.
1547 460 1616 489 Cum
1630 467 1723 489 autem

934 507 1052 535 Creator
1075 514 1108 535 ex
1133 507 1205 535 malo
1227 507 1369 535 materiam
1396 508 1539 542 producat.
1564 513 1593 535 et
1621 515 1675 536 non
1689 516 1723 536 ex

935 554 1024 585 bono;
1038 554 1081 582 vel
1100 562 1173 586 cum.
1200 554 1278 590 juxta
1298 554 1369 587 illos,
1396 555 1513 582 materia
1540 554 1655 582 formam
1671 563 1723 583 ex-

934 603 1020 634 petat,
1037 600 1175 634 quomodo
1190 600 1292 627 malum
1318 605 1361 628 est
1383 601 1456 635 quod
1483 601 1583 629 bonum
1598 601 1725 637 appetit?

934 644 1035 680 refugit
1049 646 1121 673 enim
1135 651 1163 673 et
1179 651 1314 681 repugnat
1339 647 1442 674 malum
1475 647 1558 675 bono.
1581 647 1724 681 Quomodo

934 697 1002 718 vero
1013 691 1096 718 etiam
1119 690 1221 718 malum
1249 692 1400 726 generandi
1415 697 1442 719 et
1458 691 1592 720 elliciendi
1606 692 1659 720 vim
1675 692 1725 720 lia-

934 736 990 770 bet,
1011 737 1234 773 quandoquidem
1263 738 1368 771 dicant,
1393 738 1539 766 materiam
1555 739 1661 767 nutrire
1674 746 1726 766 na-

935 787 1038 816 turam,
1067 790 1121 811 non
1147 789 1227 810 secus
1250 790 1282 811 ac
1311 783 1427 810 materia
1451 783 1632 811 combustioni
1658 789 1723 819 apta

935 829 1051 865 ignem?
1066 829 1097 857 Si
1116 834 1209 857 autem
1229 830 1332 862 dicant,
1348 830 1492 857 materiam
1513 830 1621 864 quidem
1635 830 1722 865 ipsam

934 875 1035 903 malum
1051 883 1105 904 non
1123 876 1226 910 facere,
1253 875 1311 908 sed,
1334 884 1395 903 cum
1410 877 1445 903 sit
1460 876 1543 910 bona,
1557 877 1657 904 habere
1667 876 1723 904 vim

93 920 191 956 αὐτὴν,
222 921 284 948 ὅσαι
306 921 334 948 δὲ
355 921 396 954 οὒ,
416 923 446 949 οὐ
471 923 592 954 δύναται,
619 923 682 949 ἐπεὶ
703 923 817 950 κάκεῖνα
827 923 877 950 τῶι

935 921 1110 949 attractivam
1126 922 1161 949 ad
1188 922 1299 954 malum,
1316 923 1454 957 quomodo
1470 923 1522 950 hoc
1538 930 1644 955 verum,
1660 930 1723 950 cum

92 966 296 1001 πλησιαζόντων
314 967 386 994 καίει
399 968 429 995 τὺ
442 968 509 1005 πῦρ,
538 969 589 996 ὃσα
602 968 761 996 ὑπείκουσιν
775 968 881 1002 ὑπείξει

92 1012 191 1047 φυσικῇ
206 1011 274 1047 πρὸς
288 1012 319 1038 τὸ
347 1013 412 1048 πῦρ,
428 1013 478 1049 τὴν
492 1013 521 1040 δὲ
535 1013 725 1050 σαλαμάνδραν
747 1014 800 1041 οὐδ’
813 1013 880 1046 ὅλως

91 1057 173 1090 καίει,
196 1057 265 1087 ὥστε
277 1059 411 1094 ἀναγκαία
429 1061 445 1096 ἡ
463 1060 512 1096 ὕλη
532 1061 606 1088 ἐστὶν
629 1062 670 1093 εις
680 1060 711 1088 τὸ
723 1061 812 1088 ἕλκειν
840 1061 880 1093 είς

89 1104 188 1131 κακίαν
199 1103 254 1132 τῶν
270 1105 307 1141 μὴ
318 1106 361 1139 ἐφ’
372 1106 477 1132 ἑαυτῶν
501 1106 661 1142 ἱδρυμένων,
682 1107 767 1142 πῶςῆ
785 1106 816 1133 τὸ
830 1115 881 1133 κα-

91 1149 137 1176 λὸν
151 1149 308 1184 ἀναγκαῖον,
333 1151 352 1186 ἢ
382 1151 413 1178 τὸ
433 1152 581 1186 ἀναγκαῖον
606 1152 706 1184 κακόν;
728 1152 765 1179 Τὸ
779 1152 835 1188 γὰρ
849 1151 879 1186 ὲε

89 1196 222 1232 ἀνάγκης,
236 1197 274 1229 ὡς
283 1197 354 1224 κατά
371 1197 452 1232 φύσιν
462 1198 503 1229 ὃν,
515 1198 545 1224 οὐ
560 1198 654 1225 κακόν.
674 1198 779 1230 ’Ἄλλως
789 1207 819 1224 τε
832 1198 880 1225 καὶ

88 1241 165 1268 οὐδὲν
177 1239 258 1278 ἦττον
272 1242 397 1270 ἐντεῦθεν
409 1242 508 1278 μᾶλλον
532 1242 688 1270 συνίσταται
710 1244 726 1279 ἡ
755 1244 881 1279 προαίρε-

89 1293 147 1318 σις·
166 1289 232 1324 παρ’
246 1289 313 1325 ἡμῖν
328 1288 382 1324 γάρ
408 1289 466 1315 ἐστι
492 1289 541 1315 καὶ
565 1288 595 1315 τὺ
618 1289 741 1325 ἱδρῦσθαι
765 1289 881 1325 ἐφ’ἑαυ-

88 1333 153 1365 τῶν,
164 1334 212 1360 καὶ
224 1334 254 1361 τὺ
267 1335 315 1370 μὴ,
332 1334 400 1361 ἀλλὰ
413 1334 484 1370 πρὸς
506 1334 541 1361 τὰ
565 1334 638 1370 πάθη
653 1334 814 1370 χαυνοῦσθαι
833 1335 880 1362 καὶ

89 1379 253 1406 ὺποκλίνειν.

933 967 1026 995 multa:
1039 967 1138 995 animae
1154 968 1260 1002 corpori
1277 968 1451 1003 materiaeque
1473 968 1606 1004 colligatte
1621 968 1721 996 bonum

931 1012 1011 1048 42],
1026 1013 1168 1048 spectent?
1182 1013 1239 1040 Hoc
1255 1017 1345 1040 autem
1373 1021 1428 1040 non
1445 1019 1572 1048 possent,
1587 1014 1721 1048 siquidem

931 1066 966 1085 ex
984 1059 1148 1086 necessitate
1163 1066 1178 1085 a
1192 1059 1307 1086 materia
1325 1059 1538 1092 attraherentur,
1552 1059 1680 1094 quoniam
1697 1060 1723 1086 id

931 1111 1012 1132 omne
1024 1111 1055 1131 ex
1074 1104 1157 1131 animi
1185 1104 1369 1132 destinatione
1383 1105 1504 1132 exsistit.
1523 1105 1598 1138 Quod
1622 1105 1644 1132 si
1660 1105 1723 1140 quis

931 1150 1017 1182 dicat,
1032 1149 1178 1177 materiam
1196 1149 1256 1177 illas
1274 1150 1380 1177 animas
1406 1150 1534 1185 pellicere
1549 1158 1609 1184 quae
1624 1151 1661 1177 illi
1679 1150 1722 1177 fa-

933 1195 985 1222 cile
1001 1197 1114 1227 cedunt,
1130 1194 1200 1222 alias
1214 1199 1305 1222 aulem
1321 1202 1375 1222 non
1396 1202 1476 1229 posse
1492 1195 1636 1230 pellicere;
1650 1196 1722 1222 sicut

932 1241 1016 1269 etiam
1033 1240 1106 1276 ignis
1122 1241 1169 1268 illa
1195 1247 1312 1275 corpora
1342 1240 1432 1267 vicina
1447 1241 1512 1274 urit,
1528 1248 1588 1275 qua:
1604 1240 1721 1267 naturali

932 1287 1104 1315 llexibilitate
1122 1287 1177 1323 igni
1193 1287 1307 1320 cedunt,
1322 1287 1526 1314 salamandram
1542 1295 1606 1314 vero
1620 1295 1722 1322 nequa-

933 1341 1016 1369 quam
1033 1333 1180 1366 comburit,
1193 1337 1274 1368 atque
1288 1333 1325 1360 ita
1342 1333 1455 1361 materia
1473 1334 1628 1361 necessaria
1641 1334 1676 1360 sit
1687 1334 1721 1360 ad

932 1380 1144 1415 pertrahendum
1161 1379 1194 1406 ad
1214 1378 1315 1406 malum
1339 1379 1384 1406 illa
1409 1387 1469 1414 quae
1492 1380 1519 1407 in
1536 1387 1566 1408 se
1590 1387 1643 1407 non
1657 1382 1722 1406 sunt

89 1424 210 1458 ﬁrmata;
233 1426 369 1461 quomodo
395 1426 495 1454 malum
521 1431 562 1454 est
585 1427 782 1461 necessarium,
815 1427 857 1455 vel
881 1426 908 1454 id
934 1426 1007 1461 quod
1033 1426 1218 1453 necessarium
1246 1430 1299 1458 est,
1332 1429 1374 1453 est
1393 1426 1516 1453 malum?
1545 1426 1621 1460 Quod
1647 1426 1721 1454 enim

89 1470 167 1503 quasi
187 1477 220 1498 ex
246 1476 341 1498 natura
358 1472 541 1500 necessarium
564 1477 617 1506 est,
631 1481 684 1501 non
706 1477 748 1501 est
765 1473 878 1501 malum.
905 1473 981 1500 Alias
1004 1472 1087 1500 etiam
1103 1479 1157 1499 non
1177 1471 1267 1499 minus
1294 1472 1358 1499 hinc
1385 1473 1472 1507 magis
1483 1472 1662 1500 conﬁrmatur
1685 1472 1720 1499 li-

86 1516 376 1553 beﬂasmuoniamin
394 1524 487 1547 nostra
517 1525 652 1555 potestate
671 1521 754 1549 situm
782 1522 876 1555 est,in
895 1521 976 1549 nobis
990 1520 1056 1555 ipsis
1082 1519 1212 1553 stabiliri,
1237 1520 1280 1547 vel
1305 1528 1371 1557 non,
1399 1520 1447 1548 sed
1476 1520 1652 1555 passionibns
1675 1527 1721 1548 re-

86 1563 155 1590 solvi
171 1570 203 1591 ac
218 1563 370 1599 subjugari.

123 1609 138 1645 ᾗ
164 1609 258 1637 XXIX.
282 1610 419 1638 Ἐπειδὲό
438 1612 627 1649 Ἀριστοτέλης
641 1613 712 1650 μετά
739 1614 791 1649 τῆς
813 1614 877 1650 ὕλης

966 1612 980 1649 §
997 1612 1094 1640 XXIX.
1110 1612 1178 1640 Cum
1191 1615 1283 1639 autem
1309 1609 1471 1637 Aristoteles
1487 1617 1538 1637 una
1555 1617 1616 1637 cum
1634 1614 1723 1638 mate-

85 1655 135 1682 καὶ
147 1655 195 1681 τοῦ
209 1655 297 1687 εἴδους
307 1657 396 1692 ἀρχὴν
406 1657 497 1693 τίθησι
514 1659 561 1685 καὶ
582 1659 631 1694 τὴν
657 1659 796 1695 στέρησιν,
811 1659 828 1695 ἡ
843 1659 876 1695 δὴ

84 1700 194 1727 ἐναντία
211 1701 272 1728 ἐστὶ
286 1701 325 1737 τῷ
337 1703 413 1736 εἴδει,
430 1704 478 1730 καὶ
487 1705 520 1740 τῇ
541 1704 591 1741 ὕλῃ
603 1704 702 1737 ἔνεστι,
724 1706 806 1740 φησὶν
834 1706 875 1732 ὃτι

85 1745 134 1772 καὶ
146 1746 214 1782 αὐτὴ
233 1747 292 1782 6ὴή
309 1747 438 1783 στέρησις
453 1749 483 1775 οὺ
502 1749 618 1784 μάχεται
638 1749 677 1785 τῷ
700 1749 794 1786 ἀγαθῷ
804 1750 876 1777 κατὰ

83 1792 134 1827 τὴν
156 1792 261 1819 οἰκείαν
291 1792 424 1829 δύναμιν·
454 1795 471 1830 ἡ
501 1795 627 1830 στέρησις
646 1795 701 1831 γὰρ
730 1796 780 1822 οὐκ
803 1796 876 1823 ἐστιν

85 1838 248 1870 ὑπόστασις·
279 1839 310 1865 τὸ
335 1839 363 1865 δὲ
382 1840 419 1876 μὴ
443 1841 626 1876 ὑφιστάμενον
647 1842 727 1869 ποίαν
744 1841 799 1875 ἔξει
825 1842 876 1878 τὴν

83 1884 208 1920 δύναμιν.
219 1885 251 1911 Εἰ
264 1885 293 1911 δέ
306 1886 364 1912 ἐστι
382 1887 492 1922 μερικὴ,
502 1887 540 1918 ὡς
551 1887 609 1914 τόδε
626 1888 674 1923 μὲν
684 1885 754 1915 εἷναί
764 1897 801 1920 τι,
815 1888 875 1915 τόδε

82 1931 112 1957 δὲ
128 1931 167 1966 μὴ
180 1929 260 1963 εἶναι,
271 1932 288 1966 ή
307 1932 419 1968 τοιαύτη
437 1933 564 1969 στέρησις
577 1934 607 1959 οὐ
623 1933 762 1966 παντελῶς
773 1934 857 1961 κακόν
867 1943 874 1950 ·

84 1977 239 2012 στερήσεως
248 1976 303 2012 γὰρ
323 1978 439 2013 μερικῆς
458 1978 541 2014 οὔσης
564 1979 611 2006 τοῦ
627 1979 741 2014 ἀγαθοῦ,
754 1980 804 2015 οὐχ
817 1980 876 2006 ὁλο-

82 2021 168 2054 τελῶς
180 2022 212 2049 τὺ
229 2023 345 2058 πρᾶγμα
357 2023 439 2050 κακόν
449 2032 456 2039 ·
474 2024 521 2051 καὶ
532 2025 691 2061 γενομένης,
718 2026 765 2052 ἐπὶ
779 2025 875 2052 τοσοῦ-

82 2075 130 2093 τον
151 2067 265 2103 λέγομεν
281 2068 403 2102 γίνεσθαι
428 2069 546 2105 ταύτην,
580 2070 695 2097 καθόσον
723 2071 754 2098 τὸ
774 2071 875 2105 ἀγαθὸν

81 2112 237 2148 ἐπέρχεται.
253 2113 289 2140 Τὸ
311 2113 377 2148 γοῦν
400 2114 496 2148 οὔσης
506 2114 627 2142 τέθεικεν
648 2116 694 2142 ἐπὶ
719 2115 773 2142 τῶν
792 2115 875 2142 πάλαι

83 2158 151 2185 ποτὲ
168 2159 363 2195 στερηθέντων,
375 2159 405 2186 τὸ
419 2160 446 2186 δὲ
462 2161 624 2195 γενομένης
637 2160 684 2187 ἐπὶ
697 2161 751 2188 τῶν
764 2161 814 2197 ήδη
828 2161 875 2188 καὶ¹

84 2205 228 2241 προσεχῶς
255 2205 399 2232 παθόντων
419 2206 469 2242 τὴν
491 2206 628 2243 στέρησιν,
653 2206 740 2242 δηλῶν
772 2208 819 2234 καὶ
845 2207 875 2240 ἐξ

82 2250 257 2286 ἀμφοτέρων,
272 2250 313 2277 ὅτι
326 2251 386 2278 τότε
409 2251 425 2287 ή
449 2251 577 2288 στέρησις
602 2252 815 2288 παρυφίσταται,
828 2253 873 2280 ὅτε

81 2296 115 2323 τὸ
129 2297 229 2331 ἀγαθὸν
240 2297 398 2333 ἀπέρχεται.

117 2343 232 2379 §XXX.
250 2344 310 2370 Ἔτι
340 2344 525 2379 συλλογίζεται
557 2345 628 2372 κατὰ
650 2345 816 2380 Μανιχαίων,
837 2345 872 2372 δι’

79 2385 121 2416 ὧν
131 2386 331 2421 ἀποδείκνυσιν,
350 2390 390 2416 ὅτι
405 2391 455 2417 οὐκ
471 2391 544 2417 ἔστιν
571 2391 602 2418 ὃν
616 2390 646 2417 τὸ
661 2391 745 2418 κακόν
755 2399 761 2404 ⁵
778 2392 802 2417 εί
817 2391 872 2428 γὰρ

81 2435 130 2461 καὶ
144 2434 228 2470 μήπω
237 2443 279 2466 τις
287 2435 400 2471 αἵρεσις,
409 2436 477 2463 ἀλλὰ
488 2435 714 2472 προφυλακτικῶς
724 2435 871 2471 ἐνεπνεύσθη

80 2481 116 2508 τὰ
130 2481 181 2517 τὴν
192 2481 295 2516 πλάνην
309 2482 397 2508 αὐτῶν
408 2483 604 2518 ἀνατρέποντα.
618 2483 734 2516 ’Ἴσωςδέ
747 2483 793 2510 καὶ
803 2483 871 2519 πρός

80 2535 158 2559 τινας
172 2527 227 2554 τῶν
239 2527 338 2561 ἔξωθεν
352 2527 430 2560 δόξας
441 2529 466 2555 οἱ
477 2528 591 2556 τοιοῦτοι
604 2529 786 2565 συλλογισμοί.
806 2530 871 2556 Λοι-

81 2574 134 2601 πόν
146 2582 238 2609 φησιν,
253 2575 293 2601 ὅτι
314 2575 344 2601 τὸ
358 2575 460 2609 ἀγαθὸν
475 2576 508 2602 ἐκ
523 2577 588 2612 μιᾶς
604 2576 654 2612 τῆς
675 2575 729 2602 τῶν
743 2575 811 2602 ὅλων
829 2575 872 2602 αξ-

79 2621 142 2653 τίας
158 2621 268 2657 (ταύτην
282 2621 336 2658 γὰρ
353 2621 427 2656 λέγει
441 2622 505 2658 ὃλην
524 2622 643 2658 αἰτίαν),
658 2622 689 2649 τὸ
703 2622 732 2649 δὲ
746 2621 869 2649 κακδνοὺ

80 2667 152 2694 κατὰ
166 2667 257 2702 φύσιν,
269 2667 327 2695 ἀλλ’
341 2669 374 2695 ἐκ
390 2668 494 2695 πολλῶν
516 2669 564 2695 καὶ
585 2668 705 2704 μερικῶν
725 2668 870 2702 ἐλλείψεων

80 2712 130 2739 τοῦ
144 2713 257 2748 ἀγαθοῦ.
281 2714 410 2750 Μερικῶν
432 2714 461 2741 δὲ
487 2714 608 2750 εἴρηκεν,
632 2715 676 2741 ἴνα
700 2713 731 2741 τὸ
756 2713 869 2740 καθόλου

80 2759 180 2796 ἀνέλῃ·
199 2761 216 2796 ἡ
239 2760 293 2797 γὰρ
308 2761 441 2796 παντελὴς
459 2761 578 2796 ἔλλειψις
587 2761 619 2787 τὺ
637 2760 674 2796 μὴ
693 2758 763 2787 εἶναι
777 2758 870 2790 ἁπλῶς

80 2806 246 2842 συνίστησιν.
273 2807 329 2834 Οὐκ
348 2807 420 2834 ἐστιν
435 2807 489 2843 ἀρα
503 2807 655 2842 ὡρισμένον
673 2815 701 2833 τι
718 2806 748 2832 τὸ
765 2804 848 2832 κακὸν
861 2823 869 2836 ,

78 2851 140 2878 ἀλλ’
153 2852 288 2887 ἀόριστον,
305 2853 343 2885 ὡς
357 2854 390 2879 ἐκ
420 2853 525 2880 πολλῶν
549 2853 701 2888 γινόμενον.
721 2852 783 2883 Πῶς
799 2850 827 2877 δὲ
839 2850 871 2876 τὸ

78 2898 166 2926 κακὸν
178 2899 209 2925 ὲκ
221 2899 324 2927 πολλῶν
344 2899 506 2935 ἑλλείψεων;
529 2900 545 2936 ἢ
561 2899 692 2935 δηλονότι,
712 2900 741 2927 ἐν
755 2899 810 2934 ὅσῳ
824 2897 868 2925 έλ-

928 1659 968 1687 ria
982 1664 1011 1687 et
1026 1659 1114 1687 forma
1127 1658 1292 1693 principium
1310 1661 1393 1692 ponat
1405 1660 1433 1683 et
1447 1656 1640 1690 privationem,
1655 1663 1719 1691 qum

927 1705 1023 1741 utique
1040 1705 1179 1732 contraria
1193 1708 1234 1731 est
1247 1703 1351 1734 formae,
1362 1707 1390 1730 et
1417 1702 1489 1729 inest
1516 1702 1646 1734 materiae,
1669 1703 1719 1734 ait,

926 1759 962 1779 ne
978 1754 1066 1786 Ipsam
1092 1750 1204 1786 quidem
1224 1749 1405 1784 privationem
1432 1748 1503 1776 bono
1522 1755 1674 1783 repugnare
1691 1748 1718 1776 vi

927 1804 994 1830 sna;
1007 1804 1071 1823 nam
1088 1796 1206 1830 privatio
1220 1802 1273 1822 non
1289 1794 1431 1825 subsistit;
1459 1794 1530 1828 quod
1545 1799 1636 1821 antem
1663 1801 1717 1821 non

926 1842 1063 1874 subsistit,
1082 1841 1196 1877 qualem
1210 1841 1265 1868 vim
1293 1840 1427 1868 habebit?
1443 1840 1519 1874 Quod
1544 1841 1566 1868 si
1594 1841 1719 1876 partialis

926 1890 971 1923 sit,
992 1894 1021 1916 ut
1044 1889 1095 1916 hoc
1108 1888 1219 1923 quidem
1252 1887 1298 1920 sit,
1313 1886 1387 1914 aliud
1403 1894 1471 1914 vero
1484 1894 1538 1914 non
1556 1886 1602 1919 sit,
1622 1887 1716 1914 istius-

927 1934 999 1961 modi
1016 1933 1133 1968 privatio
1153 1941 1207 1960 non
1219 1932 1332 1960 omnlno
1345 1931 1414 1958 mala
1426 1941 1433 1958 :
1446 1932 1554 1966 partiali
1566 1931 1638 1959 enim
1652 1932 1718 1959 boni

926 1979 1081 2014 privatione
1105 1979 1268 2011 exsistente,
1297 1985 1342 2005 res
1360 1977 1479 2004 nondum
1501 1977 1621 2012 perfecte
1647 1978 1717 2006 mala

925 2030 969 2053 est
979 2034 992 2058 ;.
1003 2030 1031 2053 et
1047 2026 1111 2053 dum
1126 2025 1168 2057 ﬁt,
1184 2029 1298 2052 eatenus
1318 2024 1436 2052 dicimus
1460 2031 1521 2052 eam
1539 2024 1609 2056 fieri,
1622 2029 1718 2058 quate-

926 2079 979 2100 nus
992 2072 1091 2100 bonum
1115 2071 1304 2105 subsequitur.
1338 2070 1413 2098 Dixit
1433 2069 1516 2105 οὔσης
1543 2070 1577 2096 de
1607 2070 1640 2097 iis
1657 2077 1717 2104 qnze

925 2117 991 2145 olim
1022 2117 1169 2151 aliquando
1201 2115 1309 2150 privata
1335 2114 1456 2146 fuerunt,
1485 2114 1633 2150 γενομένης
1651 2121 1716 2141 vero

927 2164 961 2190 de
973 2163 1008 2191 iis
1026 2170 1087 2198 qua;
1102 2163 1182 2190 modo
1196 2167 1224 2189 et
1252 2162 1278 2189 in
1298 2161 1507 2196 praesentiarum
1535 2160 1715 2195 privationem

925 2208 1078 2243 patiuntur,
1093 2215 1128 2236 ex
1142 2213 1260 2242 utroque
1272 2206 1426 2239 declarans,
1445 2210 1500 2233 tum
1521 2205 1598 2240 quasi
1624 2205 1715 2233 subsi-

926 2259 1001 2282 stere
1014 2254 1206 2289 privationem,
1222 2252 1332 2288 quando
1348 2252 1450 2279 bonum
1466 2251 1580 2280 recedit.

960 2344 1074 2382 §XXX.
1103 2343 1316 2379 Argumentatur
1345 2342 1391 2370 hic
1418 2348 1513 2369 eontra
1539 2341 1714 2374 Maniclneos,

925 2393 989 2421 dum
1015 2391 1134 2420 ostendit
1164 2389 1265 2416 malum
1293 2396 1347 2416 non
1374 2395 1438 2416 esse
1465 2395 1532 2421 ens;
1557 2388 1607 2415 etsi
1641 2389 1712 2416 enim

924 2438 1045 2466 nondum
1055 2437 1100 2464 iZla
1112 2436 1222 2464 haeresis
1230 2435 1386 2468 exsisteret,
1402 2439 1494 2462 tamen
1507 2435 1541 2462 ad
1553 2435 1713 2469 praecautio-

924 2491 989 2512 nem
1008 2483 1186 2517 inspiratione
1201 2481 1309 2517 accepit
1327 2488 1387 2516 qua:
1402 2488 1525 2509 errorem
1546 2480 1620 2507 illum
1635 2487 1714 2507 ever-

924 2534 1025 2558 terent.
1040 2528 1179 2557 Fortassis
1201 2528 1285 2555 etiam
1314 2532 1409 2555 contra
1426 2526 1559 2562 quasdam
1589 2526 1713 2553 ethnicas

922 2576 1066 2610 opiniones
1080 2574 1171 2602 valent
1184 2574 1339 2602 istiusmodi
1363 2579 1536 2608 argumenta.
1565 2572 1711 2604 Caeterum,

923 2621 1022 2656 inquit,
1037 2621 1137 2648 bonum
1149 2625 1192 2648 est
1207 2628 1240 2647 ex
1255 2627 1310 2647 una
1326 2619 1514 2646 universorum
1531 2625 1614 2645 causa
1630 2617 1712 2652 (hanc

922 2667 996 2694 enim
1015 2667 1152 2702 integrant
1168 2674 1279 2694 causam
1293 2666 1394 2700 vocat),
1420 2665 1522 2692 malum
1546 2667 1637 2690 autem
1654 2670 1710 2689 non

924 2717 966 2740 est
979 2712 1129 2740 secundum
1145 2716 1282 2744 naturam,
1296 2711 1343 2739 sed
1357 2718 1390 2738 ex
1409 2709 1501 2737 multis
1516 2716 1548 2735 ac
1563 2706 1711 2743 particula-

925 2758 1001 2786 ribus
1016 2758 1081 2786 boni
1095 2757 1257 2786 defectibus.
1271 2757 1311 2785 Ex
1331 2756 1544 2792 particularibus
1560 2759 1649 2781 autem
1666 2751 1710 2778 di-

924 2805 977 2838 xit,
993 2809 1023 2832 ut
1043 2805 1121 2832 tollat
1150 2803 1350 2836 universalem;
1375 2810 1440 2830 natu
1465 2801 1557 2829 totalis
1587 2798 1710 2826 delectus

925 2851 994 2879 tollit
1004 2851 1169 2886 simpliciter
1181 2857 1291 2879 omnem
1305 2849 1489 2877 existentiam.
1510 2849 1566 2874 Non
1587 2850 1629 2873 est
1659 2845 1711 2871 ita-

929 2904 984 2932 que
997 2896 1138 2926 dclinilum
1150 2897 1217 2933 quid
1233 2897 1268 2925 sit
1284 2895 1397 2929 malum,
1412 2894 1461 2924 scd
1481 2891 1663 2924 indeﬁnitum,
1680 2894 1711 2917 ut
