1938 3065
210 163 267 198 807

799 164 828 193 S.
847 163 951 193 DIONY
956 164 998 192 Sil
1015 162 1246 192 AREOPAGITE

213 225 286 260 quod
300 232 335 253 ex
350 224 444 252 multis
470 222 589 252 exsistit.
606 221 749 256 Quomodo
766 229 831 250 vero
850 222 951 249 malum
966 228 1000 248 ex

1059 220 1140 248 λείπει
1155 221 1186 248 τὸ
1196 220 1308 255 ἀγαθὸν,
1317 222 1346 248 ἐν
1361 221 1479 257 τοσούτῳ
1488 222 1520 249 τδ
1529 222 1615 250 κακὸν
1629 222 1849 259 παροφίσταται,

211 272 307 300 multis
320 269 491 299 defectibus?
504 269 555 298 nisi
569 269 711 301 videlicet,
727 269 800 303 quod
824 268 851 295 in
868 273 1002 303 quantum

216 318 310 347 deﬁcit
320 319 432 351 bonum,
447 318 475 345 in
493 322 597 344 tantum
616 316 699 353 422
712 316 914 352 quodammodo
928 315 1002 343 exsi-

213 369 268 392 stat
283 365 401 395 malum;
421 364 569 391 secundum
586 363 724 390 modicum
739 366 766 390 et
779 362 806 390 in
821 367 943 397 tempore
956 361 1005 389 de-

214 409 312 442 fectus,
327 411 477 438 secundum
490 410 626 437 modicum
638 414 665 436 et
679 410 705 436 in
717 415 837 443 tempore
851 408 915 436 mali
929 408 1004 436 exsi-

215 457 330 484 stentia.
357 456 480 484 Primum
507 463 573 491 ergo
599 460 791 491 argumentum
818 455 922 482 virtute
949 455 1004 482 duo

213 501 364 534 concludit,
379 502 453 537 quod
469 502 571 530 bonum
590 502 617 529 id
641 501 713 536 quod
735 505 788 533 est,
803 505 832 528 et
860 500 960 528 malum
976 499 1004 527 id

215 549 288 585 quod
307 555 359 576 non
373 553 425 581 est,
441 548 599 576 terminent.
626 547 838 575 Concluduntur
852 547 936 574 etiam
951 547 1005 574 duo

214 603 248 623 ex
263 595 321 622 sola
347 595 447 622 minori
481 594 680 629 propositione.
703 593 805 621 bonum
828 593 956 620 videlicet
970 599 1005 620 ex

215 641 274 669 solo
289 642 478 669 universorum
495 640 630 676 principio
642 647 699 667 rem
713 646 774 666 esse
784 646 845 674 quas
861 639 900 666 sic
915 645 944 665 se
957 638 1006 665 ha-

215 688 277 720 bet;
309 688 410 714 bonum
436 694 502 721 ergo
526 694 571 713 res
598 690 658 718 est;
683 689 711 712 et
733 693 842 718 rursus,
855 685 956 712 malum
970 692 1004 711 ex

216 733 311 760 multis
323 737 350 760 et
367 733 517 760 indefinitis
532 732 685 760 defectibus
697 739 749 759 non
766 738 827 759 esse
841 738 916 764 rem;
933 731 1005 766 quod

215 778 255 805 sic
268 786 298 805 se
310 778 403 811 habet,
417 777 517 805 malum
536 785 601 812 ergo
614 785 667 804 non
681 782 724 805 est
734 784 788 805 res.
805 778 888 810 Deus,
904 777 1003 812 inquit,

215 824 297 852 etiam
310 831 342 852 ea
357 832 417 859 qua:
429 824 498 851 utala
513 823 642 851 dicuntur
660 824 734 850 novit
746 824 817 851 sicut
835 823 921 857 bona,
933 822 1004 850 mala

216 871 312 898 dicens
327 871 409 902 bella.
427 870 549 902 morbos,
564 870 610 904 qni
626 877 718 897 mores
727 870 878 905 corrigunt,
892 873 1004 902 mortes,

215 923 243 946 et
255 917 370 950 similia;
386 921 550 951 repntantur
563 917 638 944 enim
654 924 668 942 a
684 917 763 944 nobis
778 917 861 948 mala,
878 921 942 943 sunt
953 924 1005 943 au-

218 970 271 991 tem
287 963 359 990 vires
369 970 460 990 cansze
473 970 534 998 quae
550 963 651 989 bonum
665 962 763 996 efﬁcit;
789 970 850 990 nam
865 970 914 997 per
935 970 1006 997 prte-

217 1010 289 1037 tlicta
305 1009 465 1045 paenitentia
481 1014 509 1036 et
531 1009 580 1036 Dei
607 1009 728 1044 cognitio
744 1009 907 1044 acquiritur.
921 1009 1007 1044 pluri-

215 1054 320 1090 busque
341 1055 451 1090 pietatis
480 1055 592 1083 occasio
623 1055 687 1088 fuit,
710 1061 792 1090 atque
819 1055 846 1083 in
867 1055 1007 1090 prophetis

217 1101 321 1128 malitia
338 1106 463 1129 vocatur.
489 1101 536 1128 Vel
559 1102 644 1129 etiam
669 1101 759 1129 aliter.
783 1101 871 1130 Causa
897 1102 961 1130 ntali
979 1103 1006 1130 in

217 1147 388 1175 lasciviendo
401 1152 443 1174 est
455 1147 700 1182 concupiscentia;
727 1147 785 1182 ipsa
798 1152 891 1175 tamen
904 1155 1007 1176 concn--

215 1193 350 1228 piscentia
365 1197 407 1220 est
419 1193 535 1220 facultas
548 1193 612 1220 boni
626 1192 751 1221 effectrix
777 1194 885 1222 ratione
896 1194 1007 1229 quidem

218 1240 372 1272 utentibus,
393 1243 423 1266 ut
442 1247 492 1274 per
503 1240 590 1274 ipsam
607 1247 716 1267 sursum
734 1240 768 1267 ad
790 1247 886 1268 verum
902 1241 1005 1268 bonum

217 1286 347 1318 tendant;
365 1285 476 1313 ratione
490 1292 557 1312 vero
570 1285 695 1320 privatis,
711 1289 741 1313 ut
754 1293 799 1320 ea,
812 1294 873 1321 qua:
896 1287 930 1314 ad
943 1294 1007 1322 pro-

217 1331 305 1365 priam
320 1338 399 1358 suam
411 1331 650 1358 conservationem
666 1331 781 1364 faciunt,
799 1336 938 1367 appetant.
950 1332 1007 1360 No-

215 1375 259 1401 vit
282 1376 376 1411 itaque
405 1376 486 1408 Deus,
512 1376 571 1404 sive
598 1376 682 1404 etiam
708 1377 863 1411 cognoscit,
893 1385 926 1405 ac
943 1377 1009 1406 facit

216 1423 299 1449 etiam
317 1422 430 1453 malum.
446 1429 500 1450 non
532 1429 588 1457 qua
616 1422 730 1455 malum,
749 1424 796 1450 sed
812 1430 866 1458 qua
884 1423 1005 1451 bonum:

217 1467 286 1494 nihil
300 1475 367 1502 ergo
387 1467 472 1495 etiam
493 1475 542 1502 per
560 1474 589 1495 se
613 1472 657 1495 est
681 1468 803 1495 malum:
823 1469 924 1504 quippe
936 1470 1007 1504 quod

218 1514 287 1540 nihil
314 1513 414 1541 habeat
442 1513 525 1541 etiam
553 1513 628 1546 boni,
661 1515 735 1542 unde
757 1514 840 1542 etiam
874 1515 1006 1543 malorum

1053 268 1116 294 κατ’
1130 267 1220 302 ὀλίγον
1237 269 1284 296 καὶ.
1309 269 1340 295 ἐν
1354 269 1443 305 χρόνῳ
1464 270 1492 296 αἰ
1515 269 1659 304 ἐλλείψεις,
1683 271 1744 297 κατ’
1756 270 1848 305 ὀλίγον

1053 313 1101 340 καὶ
1113 314 1143 340 ἐν
1161 314 1249 350 χρόνῳ
1273 314 1321 342 καὶ
1343 316 1360 350 ἡ
1383 315 1431 342 τοῦ
1451 315 1537 342 κακοῦ
1565 315 1784 351 παρυπόστασις.
1816 316 1848 343 '0

1053 359 1100 389 οὖν
1112 361 1220 398 πρῶτος
1240 362 1419 398 συλλογισμὸς
1431 362 1546 398 δυνάμει
1559 363 1605 389 δύο
1617 363 1697 396 εἰσὶν,
1713 363 1755 390 ὂτι
1771 372 1802 390 τε
1815 363 1849 390 τὺ

1053 408 1155 442 ἀγαθὸν
1166 408 1206 439 ὃν,
1222 409 1269 436 καὶ
1283 409 1324 435 ὅτι
1339 408 1370 436 τὸ
1384 409 1467 436 κακὸν
1489 408 1526 445 μὴ
1549 408 1580 436 ὂν
1603 409 1846 445 συμπεραίνοντες.

1053 455 1152 482 Είσὶδὲ
1171 456 1219 482 καὶ
1236 455 1261 482 οἰ
1290 455 1337 483 δύο
1351 456 1383 482 ἐκ
1410 455 1494 491 μόνης
1514 454 1565 490 τῆς
1587 454 1729 486 ἐλάττονος
1746 455 1849 491 προτά-

1055 509 1135 533 σεως,
1151 502 1183 528 τὸ
1197 501 1300 536 ἀγαθὸν
1323 502 1357 528 ἐκ
1383 502 1448 536 μιᾶς
1469 501 1518 537 τῆς
1539 501 1595 528 τῶν
1609 501 1678 528 ὅλων
1691 502 1788 537 ἀρχῆς,
1815 501 1849 528 τὸ

1054 550 1141 582 οὕτως
1154 549 1215 585 ἔχον
1228 549 1268 580 δν,
1282 549 1313 576 τὺ
1332 549 1435 583 ἀγαθὸν
1448 549 1502 584 ἄρα
1514 548 1545 575 ὅν
1554 557 1561 564 ·
1577 549 1625 576 καὶ
1638 548 1731 580 πάλιν,
1746 549 1776 575 τὸ
1799 558 1849 576 κα-

1055 595 1102 622 κὸν
1114 596 1146 622 ἐκ
1163 594 1269 622 πολλῶν
1290 595 1337 621 καὶ
1363 595 1496 630 ἀορίστων
1521 593 1675 629 ἐλλείψεων,
1701 594 1731 621 τὸ
1759 593 1849 626 οὕτως

1055 640 1117 676 ἐχον
1130 641 1180 668 οὐκ
1189 640 1230 671 ὃν,
1243 640 1273 667 τὸ
1283 640 1368 667 κακὸν
1382 640 1436 676 ἄρα
1451 640 1502 666 οὐκ
1515 639 1556 666 ὃν.
1575 639 1630 667 Καὶ
1650 639 1684 666 τά
1699 639 1847 675 λεγόμενα,

1056 688 1133 723 φησὶ,
1149 687 1221 714 κακά
1233 684 1303 714 οἶδεν
1316 687 1331 713 ὁ
1342 686 1408 718 Θεὸς
1415 686 1453 717 ὠς
1465 686 1565 720 ἀγαθὰ,
1577 686 1650 713 κακὰ
1671 686 1757 720 λέγων
1769 685 1851 713 πολέ-

1057 743 1133 771 μους,
1147 734 1242 766 νόσους
1256 733 1443 765 παιδευτικὰς,
1459 733 1599 765 θανάτους,
1615 733 1662 760 καὶ
1675 732 1709 759 τὰ
1721 731 1847 759 τοιαῦτα·

1055 780 1211 816 νομίζονται
1225 780 1281 815 γὰρ
1294 780 1360 815 ἡμῖν
1372 780 1460 807 κακά·
1491 780 1545 806 εἰσὶ
1564 779 1593 806 δέ
1606 778 1736 814 δυνάμεις
1747 778 1850 812 ἀγαθο-

1056 827 1135 855 ποιοῦ
1147 827 1237 858 αἰτίας
1247 836 1254 842 ·
1287 827 1335 853 καὶ
1348 825 1402 862 γὰρ
1431 825 1465 852 δι’
1476 825 1566 852 αὐτῶν
1583 825 1710 860 μετάνοια
1723 824 1770 851 καὶ
1784 824 1849 851 ἐπί-

1057 883 1158 910 γνωσις
1176 874 1244 901 Θεοῦ
1258 874 1305 900 καὶ
1333 872 1475 904 εὐσεϐείας
1488 872 1545 904 τοῖς
1560 871 1681 898 πλείοσιν
1705 871 1848 905 ἐγένοντν

1057 922 1105 948 καὶ
1121 921 1151 948 ὲν
1167 921 1223 952 τοῖς
1238 920 1393 955 προφήταις
1407 920 1424 955 ὴ
1442 918 1527 946 κακία
1549 917 1668 952 λέγεται.
1691 917 1727 944 Ἦ
1740 917 1788 943 καὶ
1802 916 1850 943 ἀλ-

1056 967 1119 999 λως.
1135 966 1215 993 Δίτία
1227 965 1274 992 τοῦ
1290 966 1319 992 ἐν
1330 965 1370 1001 τῷ
1384 965 1553 998 ἀσελγαίνειν
1583 963 1668 990 κακοῦ
1679 964 1696 998 ἠ
1714 961 1850 997 ἐπιθυμία

1056 1013 1130 1040 ἐστίν
1141 1021 1149 1029 '
1162 1011 1294 1048 ἀλλάὖτη
1309 1012 1326 1047 ἡ
1337 1011 1470 1046 ἐπιθυμία
1484 1010 1598 1046 δύναμις
1607 1008 1769 1044 haecum/1;
1779 1009 1849 1040 ἐστι,

1056 1059 1176 1094 λογικοῖς
1193 1058 1242 1094 μέν
1253 1058 1321 1093 πρὸς
1341 1057 1372 1084 τὸ
1390 1057 1424 1084 δι’
1438 1057 1522 1093 αὐτῆς
1537 1055 1724 1083 ἀνατείνεσθαι
1739 1054 1808 1090 πρὸς
1818 1054 1851 1080 τὺ

1056 1106 1140 1137 ὅντως
1149 1105 1250 1140 ἀγαθόν
1260 1113 1267 1120 ·
1278 1104 1385 1139 ἀλόγοις
1397 1104 1426 1130 δὲ
1441 1103 1510 1139 πρὸς
1520 1101 1610 1139 ὄρεξιν
1621 1102 1676 1129 τῶν
1688 1100 1851 1137 ἐπιτηδείων

1056 1152 1107 1188 τῆς
1116 1151 1218 1184 οἰκείας
1234 1151 1372 1187 διαμονῆς.
1388 1149 1449 1178 υἷδε
1475 1150 1542 1184 γοῦν
1561 1150 1576 1176 ό
1601 1148 1678 1181 Θεὸς,
1705 1148 1788 1184 ἤγουν
1802 1147 1851 1173 καὶ

1057 1198 1186 1233 γινώσκει
1200 1198 1247 1225 καὶ
1261 1197 1408 1224 οἰκειοῦται
1421 1196 1452 1224 τὸ
1465 1196 1560 1228 κακὸν,
1572 1195 1622 1231 οὐχ
1668 1194 1763 1226 κακὸν,
1791 1193 1850 1220 ἀλλ’

1057 1240 1075 1280 ᾗ
1101 1242 1218 1277 ἀγαθόν·
1233 1242 1308 1269 οὐδὲν
1323 1242 1378 1278 ἄρα
1405 1242 1468 1269 καθ’
1486 1241 1566 1268 ἐαυτὺ
1586 1241 1634 1268 καὶ
1654 1239 1684 1267 ὃν
1702 1239 1732 1266 τὸ
1747 1239 1850 1270 κακὸν,

1057 1290 1095 1322 ὼς
1111 1289 1192 1325 μηδὲν
1207 1289 1279 1324 ἔχειν
1296 1289 1343 1316 καὶ
1368 1288 1481 1323 ἀγαθὸν,
1511 1289 1578 1314 ὅπου
1594 1287 1640 1314 καὶ
1655 1287 1683 1313 αἱ
1698 1286 1781 1313 αἰτίαι
1794 1285 1851 1312 τῶν

1057 1335 1150 1362 κακῶν
1162 1335 1322 1370 άγαθοποιοὶ
1330 1335 1460 1371 δυνάμεις
1475 1334 1552 1361 εἰσίν.
1569 1334 1601 1360 Εἰ
1611 1333 1642 1360 τὺ
1654 1332 1738 1359 κακὸν
1752 1331 1850 1364 ἀΐδιον,

1057 1382 1104 1408 καὶ
1118 1381 1229 1408 δύναται
1255 1382 1302 1408 καὶ
1330 1382 1455 1417 πράττει.
1482 1379 1568 1407 Πόθεν
1602 1379 1688 1406 ταῦτα
1713 1378 1818 1413 τούτῳς
1831 1377 1851 1413 ἢ

1057 1427 1123 1461 γοῦν
1138 1429 1170 1454 ἐκ
1196 1427 1244 1454 τοῦ
1275 1427 1421 1463 ἀγαθοῦ,ἢ
1441 1426 1640 1462 ἀντιστρόφως,
1669 1426 1731 1453 ἐπεὶ
1747 1425 1796 1452 καὶ
1820 1423 1852 1450 τὸ

1057 1474 1159 1508 ἀγαθὸν
1170 1474 1256 1501 ταῦτα
1283 1473 1349 1509 ἔχει,
1368 1473 1444 1500 ἐσται
1466 1471 1554 1500 ταῦτα
1568 1471 1607 1508 τῷ
1625 1471 1720 1506 ἀγαθῷ
1744 1472 1776 1497 ἐκ
1804 1471 1852 1497 του

1059 1520 1162 1552 κακοῦ;
1179 1519 1248 1547 ἀλλὰ
1269 1519 1321 1556 μὴν
1334 1519 1415 1546 τοῦτο
1429 1519 1480 1546 οὐκ
1504 1519 1602 1553 εὐαγὲς
1632 1517 1663 1544 τὸ
1681 1517 1852 1544 τελειοῦσθαι

218 1567 307 1588 causae
319 1560 435 1588 virtutes
449 1565 513 1588 sunt
527 1561 666 1589 benefica.
680 1560 756 1595 Quod
773 1562 796 1590 si
814 1562 913 1589 malum
928 1566 1007 1590 aster-

1061 1567 1092 1594 τὸ
1106 1566 1205 1601 ἀγαθὸν
1216 1567 1248 1594 ὲκ
1258 1566 1306 1593 τοῦ
1317 1565 1415 1597 κακοῦ,
1435 1565 1489 1602 ἄρα
1499 1565 1565 1599 γοῦν
1579 1564 1656 1591 ἔσται
1676 1563 1708 1591 τδ
1730 1564 1851 1600 πρῶτον.

218 1614 282 1633 nunt
294 1610 346 1638 est,
360 1610 388 1633 et
412 1611 514 1641 potest,
538 1610 567 1634 et
591 1607 664 1642 agit;
679 1607 752 1635 unde
764 1608 790 1635 ei
806 1608 885 1636 haec?
897 1617 961 1635 num
974 1617 1008 1637 ex

217 1651 519 1685 bono‘lanediverso,
540 1659 603 1680 cum
627 1657 656 1680 et
683 1653 785 1681 bonum
813 1654 872 1682 inec
899 1654 1008 1689 habeat,

217 1702 298 1725 erunt
313 1698 371 1726 haec
392 1698 466 1726 bona
492 1705 526 1725 ex
548 1698 640 1726 malo?
667 1706 764 1727 verum
795 1701 1009 1736 haudquaquam

217 1743 306 1777 decet,
324 1749 354 1772 ut
368 1744 469 1772 bonum
483 1752 517 1772 ex
536 1744 607 1772 malo
622 1744 792 1780 perﬁciatur,
808 1753 874 1782 ergo
885 1747 938 1775 erit
952 1747 1010 1783 pri-

220 1797 307 1818 mum.
328 1790 430 1818 Verum
449 1797 484 1818 ex
509 1791 582 1818 bono
595 1790 666 1818 bona
691 1791 766 1824 data,
790 1792 891 1819 malum
908 1793 1009 1820 bonum

218 1836 520 1872 redderent,quomodo
534 1844 601 1872 ergo
616 1843 710 1865 manet
723 1838 814 1865 adhuc
827 1839 948 1867 malum?
962 1840 1011 1868 Vel

217 1889 311 1916 certe;
332 1890 386 1911 non
400 1884 440 1911 sic
456 1891 486 1911 se
515 1891 559 1912 res
586 1883 680 1916 habet.
695 1884 744 1911 sed
761 1884 871 1920 utrique
899 1888 1008 1919 horum,

218 1935 274 1958 tant
290 1931 362 1958 bono
379 1938 461 1966 quam
486 1930 560 1958 malo
571 1951 579 1964 ,
606 1931 665 1958 haec
694 1937 728 1958 ex
752 1931 805 1959 alia
819 1940 904 1960 causa
919 1933 1011 1960 obtin-

220 1979 306 2014 gunt?
319 1979 352 2006 Et
369 1987 430 2014 quae
447 1979 557 2007 tandem
587 1979 646 2006 haec
664 1978 721 2007 sit?
738 1984 766 2007 et
793 1981 817 2008 si
844 1982 896 2014 sit,
922 1981 1012 2016 qualis

218 2025 277 2052 est?
296 2025 329 2052 Et
346 2025 457 2057 iterum,
472 2025 573 2052 ibidem
590 2025 650 2052 haec
672 2025 767 2052 eadem
782 2033 843 2061 quae
856 2027 902 2054 hic
915 2027 1010 2054 dicen-

219 2075 274 2098 tur.
289 2071 347 2098 Non
363 2070 455 2105 itaque
470 2070 572 2098 malum
585 2078 633 2105 per
649 2077 679 2097 se
696 2071 816 2098 exsistit.
825 2071 960 2099 Caeterum
983 2071 1011 2098 id

217 2117 290 2152 quod
314 2125 346 2144 ex
363 2122 460 2144 natura
486 2117 622 2152 sequitur,
640 2116 784 2144 definitum
811 2122 870 2150 est;
887 2117 1011 2145 definitio

219 2169 262 2192 est
276 2164 347 2191 ratio
361 2164 498 2191 essentias
517 2171 610 2191 rerum
632 2162 775 2198 explicans
787 2183 795 2196 ,
811 2169 840 2192 et
853 2164 927 2199 quod
946 2164 1011 2199 quid

219 2211 255 2238 sit
273 2210 426 2238 declarans.
440 2210 529 2238 Omne
546 2211 630 2246 igitur
645 2212 718 2246 quod
743 2215 786 2239 est
800 2211 950 2238 secundum
963 2218 1010 2237 na-

220 2261 321 2288 turam,
334 2264 368 2284 ex
381 2257 495 2285 deﬁnita
511 2265 593 2285 causa
608 2262 662 2291 est,
683 2265 732 2293 per
742 2265 826 2292 quam
851 2257 881 2284 fit
898 2257 925 2284 id
937 2257 1009 2291 quod

219 2303 260 2330 fit.
274 2303 302 2330 Si
319 2303 411 2338 itaque
428 2304 531 2331 malum
543 2311 625 2332 causa
640 2309 715 2331 caret
730 2304 756 2339 (ιι
769 2303 845 2331 nullo
859 2303 930 2330 enim
944 2310 1009 2338 pro-

219 2349 330 2376 ductum
346 2349 412 2381 est).
431 2350 530 2378 merito
549 2357 599 2377 nec
611 2350 754 2377 definitum
774 2355 825 2381 est,
853 2355 914 2376 cum
933 2348 1008 2376 nulla

219 2395 256 2421 sit
271 2395 331 2429 ejus
344 2395 415 2422 ratio
432 2403 494 2430 qua:
515 2396 663 2423 essentiam
686 2396 827 2428 declaret;
854 2395 1010 2422 necessario

221 2441 312 2475 itaque
331 2441 432 2468 malum
453 2449 507 2469 non
523 2447 566 2469 est
586 2441 667 2469 etiam
683 2441 764 2477 423
790 2441 939 2468 sccundutn
958 2447 1008 2467 na-

1068 1612 1146 1639 Ἀλλὰ
1164 1612 1216 1648 μὴν
1229 1611 1264 1638 τὰ
1282 1612 1314 1639 ἐκ
1324 1610 1371 1638 τοῦ
1384 1611 1486 1645 ἀγαθοῦ
1498 1610 1625 1646 διδόμενα
1636 1609 1725 1644 ἀγαθά
1739 1608 1853 1645 ἔμελλον

1061 1659 1259 1694 ἀγαθοποιῆσαι
1274 1658 1305 1684 τὺ
1321 1657 1420 1684 κακόν·
1447 1657 1506 1689 πῶς
1519 1657 1585 1691 γοῦν
1607 1657 1682 1692 μένει
1697 1655 1745 1682 καὶ
1771 1655 1854 1682 πάλιν

1060 1704 1162 1737 κακόν;
1187 1705 1224 1731 ’Ἠ
1237 1703 1303 1738 γοῦν
1318 1703 1368 1738 οὐχ
1382 1702 1479 1736 οὕτως,
1502 1702 1559 1729 ἀλλ’
1567 1702 1669 1738 ἀμφοῖν
1681 1700 1788 1728 τούτοιν
1805 1700 1854 1727 καὶ

1060 1752 1100 1787 τῷ
1127 1751 1222 1786 ἀγαθῷ
1248 1751 1295 1778 καὶ
1320 1751 1359 1786 τῷ
1385 1749 1464 1785 κακῷ
1482 1749 1569 1777 ταῦτα
1584 1749 1613 1781 ἐξ
1639 1749 1723 1784 ἄλλης
1742 1748 1847 1779 αἰτίας.

1060 1797 1116 1826 Καὶ
1131 1799 1173 1830 τίς
1188 1798 1247 1825 ποτ’
1262 1797 1294 1825 ἂν
1314 1797 1357 1833 εἴη
1372 1796 1440 1832 αῦτη
1450 1805 1457 1829 ;
1469 1796 1516 1823 καὶ
1530 1797 1554 1822 εί
1566 1795 1636 1827 ἔστι,
1655 1794 1763 1829 ποταπή
1776 1794 1853 1825 ἐστι;

1061 1844 1117 1871 Καὶ
1132 1844 1213 1871 πάλιν
1227 1844 1318 1870 ἐκεῖσε
1332 1842 1418 1870 ταῦτα
1432 1842 1505 1878 ειπερ
1519 1841 1566 1869 καὶ
1586 1840 1704 1868 ἐνταῦθα
1719 1839 1854 1876 ῥηθήσον-

1060 1900 1115 1918 ται.
1131 1890 1189 1917 Οὐκ
1208 1889 1262 1926 ἀρα
1279 1889 1309 1916 τὸ
1332 1888 1417 1916 κακὸν
1441 1887 1642 1923 αὺθύπαρκτον.
1667 1887 1739 1918 Ἔτι,
1755 1886 1854 1912 ἕπεται

1060 1936 1100 1972 τῷ
1119 1935 1189 1963 κατὰ
1205 1935 1286 1970 φύσιν
1303 1934 1334 1961 τδ
1362 1933 1530 1970 ὡρισμένον·
1553 1933 1615 1968 ὃρος
1629 1933 1685 1968 γάρ
1697 1932 1756 1958 ἐστι
1771 1931 1819 1958 καὶ
1838 1931 1854 1957 ό

1061 1981 1258 2019 ἐρμηνευτικὺς
1270 1981 1350 2015 λόγος
1365 1981 1415 2016 τῆς
1429 1980 1524 2011 οὐσίας
1538 1979 1594 2006 τῶν
1608 1977 1794 2014 πραγμάτων,
1806 1977 1854 2003 καὶ

1060 2029 1091 2055 τὸ
1107 2028 1134 2055 τί
1149 2026 1183 2064 ἦν
1200 2026 1269 2055 εἶναι
1293 2027 1389 2063 δηλῶν.
1404 2027 1463 2053 Πᾶν
1479 2023 1525 2052 οὖν
1536 2025 1607 2052 κατά
1625 2024 1705 2060 φύσιν
1719 2023 1748 2057 ἑξ
1763 2023 1854 2054 αἰτίας

1061 2075 1134 2101 ἐστὶν
1146 2073 1313 2110 ὡρισμένης,
1328 2073 1363 2099 δι’
1383 2072 1416 2108 ἣν
1435 2071 1526 2099 αἰτίαν
1542 2071 1645 2105 γίνεται
1655 2070 1685 2097 τὸ
1699 2069 1852 2105 γινόμενον.

1061 2121 1093 2147 El
1104 2117 1151 2146 οὖν
1165 2119 1197 2145 τὸ
1210 2118 1295 2146 κακὸν
1305 2117 1424 2144 ἀναίτιόν
1439 2117 1513 2143 ἐστιν
1535 2116 1575 2152 (οὺ
1593 2115 1648 2151 γὰρ
1664 2115 1709 2142 διά
1721 2123 1750 2142 τι
1768 2115 1854 2149 γέγο-

1061 2165 1133 2200 νεν),
1157 2164 1269 2195 εἰκότως
1289 2164 1336 2190 καὶ
1353 2163 1383 2190 ἐν
1407 2162 1541 2199 ἀοριστίᾳ,
1567 2161 1597 2188 οὐ
1613 2161 1668 2196 γάρ
1680 2161 1754 2187 ἐστιν
1769 2159 1854 2187 αὐτοῦ

1061 2211 1140 2246 λόγος
1153 2210 1184 2238 τὸ
1197 2210 1224 2237 τί
1251 2207 1286 2246 ἦν
1301 2207 1371 2236 εἶναι
1400 2207 1575 2244 ἑρμηνεύων·
1604 2207 1634 2239 ἐξ
1657 2206 1781 2241 ἀνάγκης
1799 2206 1855 2241 ἀρα

1061 2257 1121 2284 οὐδὲ
1138 2256 1303 2291 κατὰφύσιν
1316 2255 1347 2282 τὸ
1368 2255 1462 2282 κακόν.
1476 2255 1509 2281 Ei
1533 2251 1579 2281 οὖν
1599 2252 1676 2288 παρὰ
1697 2253 1790 2288 φύσιν,
1804 2253 1855 2287 οὐχ

1061 2302 1157 2336 ἐξειέν
1172 2303 1206 2338 τῇ
1227 2302 1306 2337 φύσει
1321 2301 1411 2336 λόγον,
1438 2301 1533 2336 ὥσπερ
1553 2299 1614 2326 οὐδὲ
1633 2300 1663 2326 ἐν
1681 2300 1714 2334 τῇ
1730 2299 1814 2334 τέχνῃ
1837 2299 1854 2334 ἡ

1060 2348 1172 2384 ἀτεχνία
1182 2356 1189 2364 ·
1205 2348 1260 2374 πᾶν
1271 2347 1300 2374 δέ
1313 2347 1344 2374 τὸ
1357 2347 1394 2383 μὴ
1418 2346 1479 2382 ἔχον
1493 2346 1571 2380 λόγον
1596 2346 1626 2372 ἐν
1644 2346 1678 2380 τῇ
1691 2344 1770 2380 φύσει
1791 2344 1854 2371 οὔτε

1060 2395 1146 2427 ἐστὶν,
1161 2393 1223 2421 οὔτε
1237 2394 1406 2425 συνίσταται,
1430 2392 1497 2419 ἀλλά
1522 2393 1556 2428 τῇ
1585 2391 1701 2426 ἐλλείψει
1721 2390 1770 2417 τοῦ
1783 2390 1856 2418 κατά

1060 2441 1141 2476 φύσιν
1156 2440 1187 2467 τὺ
1201 2439 1276 2476 παρά
1295 2439 1375 2474 φύσιν
1387 2439 1500 2473 γίνεται.

221 2493 320 2516 turam.
336 2489 365 2517 Si
380 2494 470 2516 autetn
487 2494 529 2516 est
552 2493 649 2516 contra
663 2495 801 2519 naturam,
830 2495 883 2514 non
905 2487 1015 2515 habebit
1041 2490 1123 2516 etiam
1154 2487 1181 2514 in
1208 2492 1305 2514 natura
1335 2485 1488 2517 rationetn,
1518 2484 1590 2512 sicut
1617 2491 1667 2511 nec
1693 2482 1801 2510 inscitia
1827 2483 1853 2509 in

220 2539 389 2569 arte;omne
403 2540 492 2562 autem
504 2534 577 2570 quod
597 2541 652 2561 non
674 2534 756 2561 habet
779 2533 913 2560 rationem
939 2533 965 2559 in
992 2539 1103 2565 natura,
1129 2540 1218 2568 neque
1244 2537 1295 2565 est,
1326 2538 1416 2566 neque
1439 2530 1574 2562 subsistit,
1599 2530 1647 2558 sed
1676 2529 1784 2557 defectu
1795 2529 1855 2563 ejus

220 2581 293 2618 quod
320 2581 471 2609 secundum
501 2584 628 2608 naturam
661 2584 719 2611 est,
761 2579 792 2606 fit
830 2582 926 2606 contra
954 2584 1093 2607 naturam.

255 2628 400 2660 Praeterea,
419 2627 510 2655 anima
528 2626 570 2653 vel
585 2630 683 2654 natura
699 2625 768 2653 mala
782 2629 835 2657 est,
850 2625 924 2652 sicut
939 2625 1010 2660 ignis

222 2675 338 2708 calidus,
351 2674 394 2702 vel
415 2673 589 2709 operationes
611 2673 670 2706 ejus
682 2679 796 2708 prorsus
813 2677 839 2698 et
854 2671 1011 2699 omnimode

222 2720 300 2748 mala:
314 2725 387 2749 sunt.
409 2719 462 2747 Sed
478 2727 531 2747 non
548 2719 674 2755 primum,
689 2726 751 2745 nam
775 2718 800 2745 id
818 2719 891 2752 quod
909 2718 1010 2746 bonum

222 2772 265 2794 cst
276 2774 330 2794 non
348 2766 449 2794 faceret
469 2766 496 2793 id
511 2765 583 2800 quod
601 2770 699 2792 natura
722 2765 822 2791 malum
843 2769 905 2797 est;
924 2770 1012 2798 neque

223 2813 385 2846 secundum,
397 2814 471 2840 unde
492 2812 564 2839 enim
578 2810 712 2839 virtutes?
726 2811 848 2845 sequitur
862 2817 928 2845 ergo
954 2817 1011 2837 ma-

223 2858 279 2887 lum
291 2867 343 2887 non
360 2866 422 2886 esse
436 2857 501 2893 quid
516 2865 565 2893 per
576 2865 605 2886 se
619 2857 782 2889 subsistens,
797 2857 844 2884 sed
857 2856 918 2883 boni
935 2855 1009 2883 defc-

223 2907 351 2935 ctionem.
366 2906 418 2936 Hic
430 2910 501 2935 totus
517 2912 613 2935 sensus
623 2910 666 2934 est
678 2904 819 2934 orationis.
835 2903 883 2932 llic
897 2909 1009 2932 sanctus

1100 2626 1171 2657 Ἔτι,
1189 2625 1206 2660 ὴ
1223 2624 1296 2660 ψυχὴ
1311 2625 1327 2660 ἢ
1344 2624 1423 2659 φύσει
1440 2624 1522 2660 κακὴ,
1536 2623 1574 2656 ὡς
1589 2623 1620 2650 τὸ
1637 2622 1692 2659 πῦρ
1708 2622 1819 2657 θερμὸν,
1836 2621 1853 2656 ἢ

1062 2673 1091 2699 αἱ
1110 2671 1244 2706 ἐνέργειαι
1262 2671 1346 2706 αὐτῆς
1362 2671 1450 2705 πάντη
1467 2671 1514 2697 καὶ
1532 2669 1662 2701 ὁλπελῶς
1679 2667 1854 2696 κακαί.“Αλλ’

1062 2717 1124 2744 οὔτε
1139 2716 1169 2742 τὸ
1184 2715 1301 2752 πρῶτον.
1316 2715 1348 2742 τὸ
1365 2715 1420 2750 γὰρ
1436 2716 1538 2750 ἀγαθὸν
1555 2715 1606 2742 οὐκ
1617 2715 1713 2750 ἔμελλε
1732 2713 1854 2748 παράξαι

1063 2762 1143 2797 φύσει
1153 2762 1238 2789 κακόν
1248 2770 1254 2776 ·
1269 2760 1330 2788 οὒτε
1347 2761 1376 2788 τὸ
1390 2761 1525 2797 δεύτερον,
1537 2761 1618 2788 πόθεν
1632 2761 1686 2796 γὰρ
1697 2761 1724 2787 ai
1736 2759 1833 2795 ἀρεταί
1845 2767 1852 2791 ;

1063 2809 1192 2835 Δείπεται
1206 2808 1269 2843 ἄρα,
1289 2808 1330 2834 ὅτι
1347 2808 1377 2834 τὸ
1387 2807 1472 2835 κακὸν
1488 2808 1538 2834 οὐκ
1557 2807 1630 2834 ἐστιν
1649 2805 1852 2841 αὺθύπαρκτον,

1062 2855 1130 2882 ἀλλά
1145 2855 1192 2881 τοῦ
1202 2855 1306 2889 ἀγαθοῦ
1317 2855 1442 2889 ἔλλειψις.
1457 2852 1540 2886 Οὗτος
1549 2854 1610 2886 ὂλος
1625 2855 1640 2880 ὁ
1657 2853 1718 2884 νοῦς
1735 2851 1784 2880 τοῦ
1805 2853 1855 2887 ρη-

1061 2901 1118 2928 τοῦ.
1128 2902 1157 2928 Ὀ
1173 2901 1200 2928 δὲ
1214 2901 1289 2936 ἅγιος
1300 2902 1360 2928 κατ’
1375 2900 1507 2937 ἐρώτησιν
1523 2899 1568 2927 τὸν
1584 2899 1663 2933 λόγον
1677 2896 1852 2934 προαγαγὼν,
