  <div class='ocr_page' id='page_1' title='image "/cluster/home/n/w/nwhite01/storage/ocr_20150623/3/njp.32101077772356/500.png"; bbox 0 0 1938 3065; ppageno 0'>
   <div class='ocr_carea' id='block_1_1' title="bbox 115 169 167 197">
    <p class='ocr_par' dir='ltr' id='par_1_1' title="bbox 115 169 167 197">
     <span class='ocr_line' id='line_1_1' title="bbox 115 169 167 197; baseline -0.019 0"><span class='ocrx_word' id='word_1_1' title='bbox 115 169 167 197; x_wconf 82' lang='lat'><strong>809</strong></span> 
     </span>
    </p>
   </div>
   <div class='ocr_carea' id='block_1_2' title="bbox 398 167 1447 201">
    <p class='ocr_par' dir='ltr' id='par_1_2' title="bbox 398 167 1447 201">
     <span class='ocr_line' id='line_1_2' title="bbox 398 167 1447 201; baseline 0.002 -6"><span class='ocrx_word' id='word_1_2' title='bbox 398 169 442 196; x_wconf 89' lang='lat' dir='ltr'><strong>DE</strong></span> <span class='ocrx_word' id='word_1_3' title='bbox 459 167 585 197; x_wconf 80' lang='lat' dir='ltr'><strong>DlVlNIS</strong></span> <span class='ocrx_word' id='word_1_4' title='bbox 601 168 801 201; x_wconf 69' lang='lat' dir='ltr'><strong>NOMINIBUS,</strong></span> <span class='ocrx_word' id='word_1_5' title='bbox 819 169 896 197; x_wconf 74' lang='lat' dir='ltr'><strong>CAP.</strong></span> <span class='ocrx_word' id='word_1_6' title='bbox 914 169 998 197; x_wconf 79' lang='lat' dir='ltr'><strong>lV.—</strong></span> <span class='ocrx_word' id='word_1_7' title='bbox 1015 168 1191 197; x_wconf 65' lang='lat' dir='ltr'><strong>PARAPHR.</strong></span> <span class='ocrx_word' id='word_1_8' title='bbox 1211 168 1447 198; x_wconf 68' lang='lat' dir='ltr'><strong>PACHYMEILE.</strong></span> 
     </span>
    </p>
   </div>
   <div class='ocr_carea' id='block_1_3' title="bbox 1681 172 1737 213">
    <p class='ocr_par' dir='ltr' id='par_1_3' title="bbox 1681 172 1737 213">
     <span class='ocr_line' id='line_1_3' title="bbox 1681 172 1737 213; baseline -0.018 -11"><span class='ocrx_word' id='word_1_9' title='bbox 1681 172 1737 213; x_wconf 73' lang='lat' dir='ltr'><strong>sio</strong></span> 
     </span>
    </p>
   </div>
   <div class='ocr_carea' id='block_1_4' title="bbox 113 225 894 264">
    <p class='ocr_par' dir='ltr' id='par_1_4' title="bbox 113 226 894 264">
     <span class='ocr_line' id='line_1_4' title="bbox 113 226 894 264; baseline -0.004 -8"><span class='ocrx_word' id='word_1_10' title='bbox 113 228 187 264; x_wconf 74' lang='lat' dir='ltr'><strong>&#39;Apa</strong></span> <span class='ocrx_word' id='word_1_11' title='bbox 203 229 220 263; x_wconf 84' lang='grc' dir='ltr'>ἡ</span> <span class='ocrx_word' id='word_1_12' title='bbox 238 227 311 263; x_wconf 75' lang='grc' dir='ltr'>ψυχὴ</span> <span class='ocrx_word' id='word_1_13' title='bbox 334 226 388 254; x_wconf 82' lang='grc' dir='ltr'><strong>τῶν</strong></span> <span class='ocrx_word' id='word_1_14' title='bbox 410 227 502 254; x_wconf 83' lang='grc' dir='ltr'>κακῶν</span> <span class='ocrx_word' id='word_1_15' title='bbox 522 227 615 260; x_wconf 77' lang='grc' dir='ltr'>αίτῑας</span> <span class='ocrx_word' id='word_1_16' title='bbox 632 228 663 254; x_wconf 86' lang='grc' dir='ltr'><strong>οὑ</strong></span> <span class='ocrx_word' id='word_1_17' title='bbox 683 226 753 254; x_wconf 87' lang='grc' dir='ltr'><strong>κατά</strong></span> <span class='ocrx_word' id='word_1_18' title='bbox 769 226 894 262; x_wconf 64' lang='grc' dir='ltr'>διαίρεσιι</span> 
     </span>
    </p>
   </div>
   <div class='ocr_carea' id='block_1_5' title="bbox 947 225 1737 264">
    <p class='ocr_par' dir='ltr' id='par_1_5' title="bbox 955 225 1737 262">
     <span class='ocr_line' id='line_1_5' title="bbox 955 225 1737 262; baseline 0.008 -10"><span class='ocrx_word' id='word_1_19' title='bbox 955 230 1045 253; x_wconf 85' lang='lat' dir='ltr'><strong>autem</strong></span> <span class='ocrx_word' id='word_1_20' title='bbox 1061 226 1124 253; x_wconf 88' lang='lat' dir='ltr'><strong>dum</strong></span> <span class='ocrx_word' id='word_1_21' title='bbox 1141 225 1333 262; x_wconf 79' lang='lat' dir='ltr'><strong>interrogando</strong></span> <span class='ocrx_word' id='word_1_22' title='bbox 1347 227 1474 261; x_wconf 90' lang='lat' dir='ltr'><strong>proponit</strong></span> <span class='ocrx_word' id='word_1_23' title='bbox 1492 227 1652 261; x_wconf 84' lang='lat' dir='ltr'><strong>orationem,</strong></span> <span class='ocrx_word' id='word_1_24' title='bbox 1666 229 1737 258; x_wconf 85' lang='lat' dir='ltr'><strong>Num</strong></span> 
     </span>
    </p>
   </div>
   <div class='ocr_carea' id='block_1_6' title="bbox 113 272 900 311">
    <p class='ocr_par' dir='ltr' id='par_1_6' title="bbox 113 272 900 311">
     <span class='ocr_line' id='line_1_6' title="bbox 113 272 900 311; baseline -0.003 -9"><span class='ocrx_word' id='word_1_25' title='bbox 113 275 161 311; x_wconf 81' lang='grc' dir='ltr'>τὴν</span> <span class='ocrx_word' id='word_1_26' title='bbox 171 274 305 310; x_wconf 83' lang='grc' dir='ltr'>ἐρώτησιν</span> <span class='ocrx_word' id='word_1_27' title='bbox 311 274 467 310; x_wconf 81' lang='grc' dir='ltr'>ἐποιήσατο,</span> <span class='ocrx_word' id='word_1_28' title='bbox 481 274 524 301; x_wconf 79' lang='grc' dir='ltr'>ἵνα</span> <span class='ocrx_word' id='word_1_29' title='bbox 534 272 568 310; x_wconf 81' lang='grc' dir='ltr'>ἦν</span> <span class='ocrx_word' id='word_1_30' title='bbox 579 274 610 301; x_wconf 84' lang='grc' dir='ltr'>τὸ</span> <span class='ocrx_word' id='word_1_31' title='bbox 625 274 643 309; x_wconf 77' lang='grc' dir='ltr'><strong>ἢ</strong></span> <span class='ocrx_word' id='word_1_32' title='bbox 656 274 844 307; x_wconf 75' lang='grc' dir='ltr'>διαζευκτικὸν</span> <span class='ocrx_word' id='word_1_33' title='bbox 859 275 900 306; x_wconf 84' lang='grc' dir='ltr'><strong>είς</strong></span> 
     </span>
    </p>
   </div>
   <div class='ocr_carea' id='block_1_7' title="bbox 112 319 901 356">
    <p class='ocr_par' dir='ltr' id='par_1_7' title="bbox 112 319 901 356">
     <span class='ocr_line' id='line_1_7' title="bbox 112 319 901 356; baseline -0.003 -8"><span class='ocrx_word' id='word_1_34' title='bbox 112 320 158 352; x_wconf 83' lang='grc' dir='ltr'>τδ,</span> <span class='ocrx_word' id='word_1_35' title='bbox 178 321 213 348; x_wconf 82' lang='grc' dir='ltr'><strong><em>Ἦ</em></strong></span> <span class='ocrx_word' id='word_1_36' title='bbox 224 319 319 354; x_wconf 75' lang='grc' dir='ltr'>ἀγαθὴ</span> <span class='ocrx_word' id='word_1_37' title='bbox 332 319 389 354; x_wconf 74' lang='grc' dir='ltr'>μὲν</span> <span class='ocrx_word' id='word_1_38' title='bbox 401 320 420 354; x_wconf 78' lang='grc' dir='ltr'><strong><em>ἠ</em></strong></span> <span class='ocrx_word' id='word_1_39' title='bbox 433 319 529 355; x_wconf 68' lang='grc' dir='ltr'><strong>ψυχή·</strong></span> <span class='ocrx_word' id='word_1_40' title='bbox 554 320 611 347; x_wconf 80' lang='grc' dir='ltr'>ἀλλ’</span> <span class='ocrx_word' id='word_1_41' title='bbox 627 320 707 352; x_wconf 82' lang='grc' dir='ltr'>εὐθὺς</span> <span class='ocrx_word' id='word_1_42' title='bbox 723 320 818 355; x_wconf 86' lang='grc' dir='ltr'>ἐνέστη</span> <span class='ocrx_word' id='word_1_43' title='bbox 834 320 901 356; x_wconf 77' lang='grc' dir='ltr'>πρὸς</span> 
     </span>
    </p>
   </div>
   <div class='ocr_carea' id='block_1_8' title="bbox 112 365 899 403">
    <p class='ocr_par' dir='ltr' id='par_1_8' title="bbox 112 365 899 403">
     <span class='ocr_line' id='line_1_8' title="bbox 112 365 899 403; baseline 0.001 -10"><span class='ocrx_word' id='word_1_44' title='bbox 112 366 162 402; x_wconf 78' lang='grc' dir='ltr'>τὴν</span> <span class='ocrx_word' id='word_1_45' title='bbox 176 365 320 402; x_wconf 74' lang='grc' dir='ltr'>ἐρώτησιν,</span> <span class='ocrx_word' id='word_1_46' title='bbox 332 366 379 393; x_wconf 76' lang='grc' dir='ltr'>καὶ</span> <span class='ocrx_word' id='word_1_47' title='bbox 394 366 500 394; x_wconf 78' lang='grc' dir='ltr'><strong>τέθεικε</strong></span> <span class='ocrx_word' id='word_1_48' title='bbox 511 366 542 393; x_wconf 85' lang='grc' dir='ltr'><strong>τὺ</strong></span> <span class='ocrx_word' id='word_1_49' title='bbox 553 366 572 401; x_wconf 80' lang='grc' dir='ltr'><strong><em>ἣ</em></strong></span> <span class='ocrx_word' id='word_1_50' title='bbox 585 366 788 403; x_wconf 84' lang='grc' dir='ltr'>διασαφητικδν,</span> <span class='ocrx_word' id='word_1_51' title='bbox 802 366 899 401; x_wconf 85' lang='grc' dir='ltr'>λέγων·</span> 
     </span>
    </p>
   </div>
   <div class='ocr_carea' id='block_1_9' title="bbox 115 411 901 449">
    <p class='ocr_par' dir='ltr' id='par_1_9' title="bbox 115 411 901 449">
     <span class='ocr_line' id='line_1_9' title="bbox 115 411 901 449; baseline 0 -9"><span class='ocrx_word' id='word_1_52' title='bbox 115 413 151 440; x_wconf 86' lang='grc' dir='ltr'><strong><em>Ἦ</em></strong></span> <span class='ocrx_word' id='word_1_53' title='bbox 166 411 285 448; x_wconf 79' lang='grc' dir='ltr'>δηλονότι</span> <span class='ocrx_word' id='word_1_54' title='bbox 308 412 396 448; x_wconf 85' lang='grc' dir='ltr'>ἀγαθὴ</span> <span class='ocrx_word' id='word_1_55' title='bbox 418 412 467 448; x_wconf 82' lang='grc' dir='ltr'>μὲν</span> <span class='ocrx_word' id='word_1_56' title='bbox 485 413 502 449; x_wconf 89' lang='grc' dir='ltr'><strong>ή</strong></span> <span class='ocrx_word' id='word_1_57' title='bbox 519 412 598 447; x_wconf 84' lang='grc' dir='ltr'>φύσις</span> <span class='ocrx_word' id='word_1_58' title='bbox 614 413 664 449; x_wconf 83' lang='grc' dir='ltr'><strong>τῆς</strong></span> <span class='ocrx_word' id='word_1_59' title='bbox 679 412 777 449; x_wconf 79' lang='grc' dir='ltr'>ψυχῆς,</span> <span class='ocrx_word' id='word_1_60' title='bbox 793 414 854 445; x_wconf 81' lang='grc' dir='ltr'>ταῖς</span> <span class='ocrx_word' id='word_1_61' title='bbox 872 413 901 440; x_wconf 86' lang='grc' dir='ltr'><strong>δέ</strong></span> 
     </span>
    </p>
   </div>
   <div class='ocr_carea' id='block_1_10' title="bbox 112 457 898 495">
    <p class='ocr_par' dir='ltr' id='par_1_10' title="bbox 112 457 898 495">
     <span class='ocr_line' id='line_1_10' title="bbox 112 457 898 495; baseline -0.001 -9"><span class='ocrx_word' id='word_1_62' title='bbox 112 458 263 495; x_wconf 73' lang='grc' dir='ltr'><strong>ἐνεργείαις</strong></span> <span class='ocrx_word' id='word_1_63' title='bbox 282 459 347 486; x_wconf 82' lang='grc' dir='ltr'>ποτὲ</span> <span class='ocrx_word' id='word_1_64' title='bbox 371 458 420 494; x_wconf 82' lang='grc' dir='ltr'>μὲν</span> <span class='ocrx_word' id='word_1_65' title='bbox 438 458 529 490; x_wconf 86' lang='grc' dir='ltr'>καλῶς</span> <span class='ocrx_word' id='word_1_66' title='bbox 542 457 608 494; x_wconf 72' lang='grc' dir='ltr'>ἔχει,</span> <span class='ocrx_word' id='word_1_67' title='bbox 624 459 688 485; x_wconf 84' lang='grc' dir='ltr'>ποτὲ</span> <span class='ocrx_word' id='word_1_68' title='bbox 706 459 733 486; x_wconf 83' lang='grc' dir='ltr'><strong>δὲ</strong></span> <span class='ocrx_word' id='word_1_69' title='bbox 753 458 783 485; x_wconf 80' lang='grc' dir='ltr'>οὐ</span> <span class='ocrx_word' id='word_1_70' title='bbox 799 458 898 491; x_wconf 86' lang='grc' dir='ltr'>καλῶς·</span> 
     </span>
    </p>
   </div>
   <div class='ocr_carea' id='block_1_11' title="bbox 111 502 901 541">
    <p class='ocr_par' dir='ltr' id='par_1_11' title="bbox 111 502 901 541">
     <span class='ocr_line' id='line_1_11' title="bbox 111 502 901 541; baseline -0.003 -8"><span class='ocrx_word' id='word_1_71' title='bbox 111 505 180 541; x_wconf 75' lang='grc' dir='ltr'>ὅπερ</span> <span class='ocrx_word' id='word_1_72' title='bbox 196 505 253 532; x_wconf 78' lang='grc' dir='ltr'>ἐστὶ</span> <span class='ocrx_word' id='word_1_73' title='bbox 265 504 296 531; x_wconf 82' lang='grc' dir='ltr'><strong>τὺ</strong></span> <span class='ocrx_word' id='word_1_74' title='bbox 308 503 479 541; x_wconf 75' lang='grc' dir='ltr'>μεταϐλητὴν</span> <span class='ocrx_word' id='word_1_75' title='bbox 492 503 575 540; x_wconf 81' lang='grc' dir='ltr'>αὐτὴν</span> <span class='ocrx_word' id='word_1_76' title='bbox 586 502 664 531; x_wconf 82' lang='grc' dir='ltr'>εἶναι.</span> <span class='ocrx_word' id='word_1_77' title='bbox 674 503 736 537; x_wconf 78' lang='grc' dir='ltr'>Θεὶς</span> <span class='ocrx_word' id='word_1_78' title='bbox 746 504 811 539; x_wconf 87' lang='grc' dir='ltr'>γοῦν</span> <span class='ocrx_word' id='word_1_79' title='bbox 821 504 901 531; x_wconf 83' lang='grc' dir='ltr'>τοῦτο</span> 
     </span>
    </p>
   </div>
   <div class='ocr_carea' id='block_1_12' title="bbox 111 548 899 586">
    <p class='ocr_par' dir='ltr' id='par_1_12' title="bbox 111 548 899 586">
     <span class='ocr_line' id='line_1_12' title="bbox 111 548 899 586; baseline -0.001 -8"><span class='ocrx_word' id='word_1_80' title='bbox 111 549 150 583; x_wconf 83' lang='grc' dir='ltr'><strong>ὡς</strong></span> <span class='ocrx_word' id='word_1_81' title='bbox 162 550 269 586; x_wconf 77' lang='grc' dir='ltr'>ἀληθὲς,</span> <span class='ocrx_word' id='word_1_82' title='bbox 277 550 324 577; x_wconf 75' lang='grc' dir='ltr'>καὶ</span> <span class='ocrx_word' id='word_1_83' title='bbox 340 549 598 586; x_wconf 43' lang='lat' dir='ltr'><strong>suamsuam»;</strong></span> <span class='ocrx_word' id='word_1_84' title='bbox 608 548 640 577; x_wconf 80' lang='grc' dir='ltr'><strong>τὺ</strong></span> <span class='ocrx_word' id='word_1_85' title='bbox 654 549 761 586; x_wconf 85' lang='grc' dir='ltr'>πρῶτον</span> <span class='ocrx_word' id='word_1_86' title='bbox 773 549 899 586; x_wconf 79' lang='grc' dir='ltr'>μάχεται,</span> 
     </span>
    </p>
   </div>
   <div class='ocr_carea' id='block_1_13' title="bbox 111 594 743 632">
    <p class='ocr_par' dir='ltr' id='par_1_13' title="bbox 111 594 743 632">
     <span class='ocr_line' id='line_1_13' title="bbox 111 594 743 632; baseline -0.002 -9"><span class='ocrx_word' id='word_1_87' title='bbox 111 596 152 624; x_wconf 78' lang='grc' dir='ltr'>ὅτι</span> <span class='ocrx_word' id='word_1_88' title='bbox 168 595 198 623; x_wconf 80' lang='grc' dir='ltr'>οὐ</span> <span class='ocrx_word' id='word_1_89' title='bbox 219 595 298 631; x_wconf 84' lang='grc' dir='ltr'>φύσει</span> <span class='ocrx_word' id='word_1_90' title='bbox 309 594 392 631; x_wconf 82' lang='grc' dir='ltr'>κακὴ,</span> <span class='ocrx_word' id='word_1_91' title='bbox 411 594 427 630; x_wconf 79' lang='grc' dir='ltr'>ἢ</span> <span class='ocrx_word' id='word_1_92' title='bbox 439 594 514 622; x_wconf 83' lang='grc' dir='ltr'>αίτία</span> <span class='ocrx_word' id='word_1_93' title='bbox 525 594 619 622; x_wconf 82' lang='grc' dir='ltr'><strong>κακῶν</strong></span> <span class='ocrx_word' id='word_1_94' title='bbox 632 595 743 632; x_wconf 80' lang='grc' dir='ltr'>ήψυχή.</span> 
     </span>
    </p>
   </div>
   <div class='ocr_carea' id='block_1_14' title="bbox 147 723 901 762">
    <p class='ocr_par' dir='ltr' id='par_1_14' title="bbox 147 723 901 762">
     <span class='ocr_line' id='line_1_14' title="bbox 147 723 901 762; baseline 0.001 -10"><span class='ocrx_word' id='word_1_95' title='bbox 147 725 268 762; x_wconf 64' lang='grc' dir='ltr'><strong>ᾗΧΧΧΙ.</strong></span> <span class='ocrx_word' id='word_1_96' title='bbox 291 725 360 757; x_wconf 77' lang='grc' dir='ltr'>Ἔτι,</span> <span class='ocrx_word' id='word_1_97' title='bbox 377 723 416 760; x_wconf 80' lang='grc' dir='ltr'><strong>τῷ</strong></span> <span class='ocrx_word' id='word_1_98' title='bbox 438 724 531 760; x_wconf 85' lang='grc' dir='ltr'>ἀγαθῷ</span> <span class='ocrx_word' id='word_1_99' title='bbox 545 725 577 752; x_wconf 82' lang='grc' dir='ltr'>τὸ</span> <span class='ocrx_word' id='word_1_100' title='bbox 593 725 677 752; x_wconf 77' lang='grc' dir='ltr'>κακὸν</span> <span class='ocrx_word' id='word_1_101' title='bbox 699 725 817 752; x_wconf 78' lang='grc' dir='ltr'>ἐναντιον</span> <span class='ocrx_word' id='word_1_102' title='bbox 829 734 836 741; x_wconf 71' lang='grc' dir='ltr'><strong>ι</strong></span> <span class='ocrx_word' id='word_1_103' title='bbox 852 725 901 753; x_wconf 85' lang='grc' dir='ltr'><strong>τοῦ</strong></span> 
     </span>
    </p>
   </div>
   <div class='ocr_carea' id='block_1_15' title="bbox 109 769 902 807">
    <p class='ocr_par' dir='ltr' id='par_1_15' title="bbox 109 769 902 807">
     <span class='ocr_line' id='line_1_15' title="bbox 109 769 902 807; baseline -0.001 -9"><span class='ocrx_word' id='word_1_104' title='bbox 109 770 175 806; x_wconf 82' lang='grc' dir='ltr'>γοῦν</span> <span class='ocrx_word' id='word_1_105' title='bbox 191 769 293 805; x_wconf 81' lang='grc' dir='ltr'><strong>ἀγαθοῦ</strong></span> <span class='ocrx_word' id='word_1_106' title='bbox 310 770 396 798; x_wconf 76' lang='grc' dir='ltr'>αἴτιον</span> <span class='ocrx_word' id='word_1_107' title='bbox 412 770 451 803; x_wconf 80' lang='grc' dir='ltr'><strong>ἐν,</strong></span> <span class='ocrx_word' id='word_1_108' title='bbox 467 770 514 797; x_wconf 89' lang='grc' dir='ltr'><strong>τοῦ</strong></span> <span class='ocrx_word' id='word_1_109' title='bbox 531 770 559 797; x_wconf 79' lang='grc' dir='ltr'><strong>δὲ</strong></span> <span class='ocrx_word' id='word_1_110' title='bbox 575 770 660 798; x_wconf 83' lang='grc' dir='ltr'>κακοῦ</span> <span class='ocrx_word' id='word_1_111' title='bbox 674 770 768 798; x_wconf 87' lang='grc' dir='ltr'>πολλά.</span> <span class='ocrx_word' id='word_1_112' title='bbox 781 771 902 807; x_wconf 81' lang='grc' dir='ltr'>Σημείω-</span> 
     </span>
    </p>
   </div>
   <div class='ocr_carea' id='block_1_16' title="bbox 111 816 901 853">
    <p class='ocr_par' dir='ltr' id='par_1_16' title="bbox 111 816 901 853">
     <span class='ocr_line' id='line_1_16' title="bbox 111 816 901 853; baseline 0 -9"><span class='ocrx_word' id='word_1_113' title='bbox 111 825 156 845; x_wconf 85' lang='grc' dir='ltr'><strong>σαι</strong></span> <span class='ocrx_word' id='word_1_114' title='bbox 171 818 211 850; x_wconf 78' lang='grc' dir='ltr'><strong>δὲ,</strong></span> <span class='ocrx_word' id='word_1_115' title='bbox 227 818 268 844; x_wconf 83' lang='grc' dir='ltr'>ὅτι</span> <span class='ocrx_word' id='word_1_116' title='bbox 284 817 330 844; x_wconf 78' lang='grc' dir='ltr'>ἐπὶ</span> <span class='ocrx_word' id='word_1_117' title='bbox 344 817 391 844; x_wconf 83' lang='grc' dir='ltr'><strong>τοῦ</strong></span> <span class='ocrx_word' id='word_1_118' title='bbox 408 817 510 850; x_wconf 82' lang='grc' dir='ltr'>ἀγαθοῦ</span> <span class='ocrx_word' id='word_1_119' title='bbox 524 816 554 843; x_wconf 77' lang='grc' dir='ltr'>τὸ</span> <span class='ocrx_word' id='word_1_120' title='bbox 569 817 655 844; x_wconf 75' lang='grc' dir='ltr'>αἴτιον</span> <span class='ocrx_word' id='word_1_121' title='bbox 677 817 714 853; x_wconf 88' lang='grc' dir='ltr'>μὴ</span> <span class='ocrx_word' id='word_1_122' title='bbox 739 817 819 853; x_wconf 82' lang='grc' dir='ltr'>μόνον</span> <span class='ocrx_word' id='word_1_123' title='bbox 841 818 901 844; x_wconf 78' lang='grc' dir='ltr'>ἐστὶ</span> 
     </span>
    </p>
   </div>
   <div class='ocr_carea' id='block_1_17' title="bbox 109 862 900 899">
    <p class='ocr_par' dir='ltr' id='par_1_17' title="bbox 109 862 900 899">
     <span class='ocr_line' id='line_1_17' title="bbox 109 862 900 899; baseline -0.001 -8"><span class='ocrx_word' id='word_1_124' title='bbox 109 863 199 899; x_wconf 82' lang='grc' dir='ltr'>λέγειν</span> <span class='ocrx_word' id='word_1_125' title='bbox 215 864 246 891; x_wconf 73' lang='grc' dir='ltr'><strong>τὸ</strong></span> <span class='ocrx_word' id='word_1_126' title='bbox 262 863 413 899; x_wconf 77' lang='grc' dir='ltr'>ποιητικὸν,</span> <span class='ocrx_word' id='word_1_127' title='bbox 429 862 497 890; x_wconf 86' lang='grc' dir='ltr'>ἀλλὰ</span> <span class='ocrx_word' id='word_1_128' title='bbox 521 863 569 890; x_wconf 81' lang='grc' dir='ltr'>καὶ</span> <span class='ocrx_word' id='word_1_129' title='bbox 591 863 622 889; x_wconf 81' lang='grc' dir='ltr'><strong>τὺ</strong></span> <span class='ocrx_word' id='word_1_130' title='bbox 637 863 748 896; x_wconf 82' lang='grc' dir='ltr'>είδικδν,</span> <span class='ocrx_word' id='word_1_131' title='bbox 767 863 813 890; x_wconf 72' lang='grc' dir='ltr'>καὶ</span> <span class='ocrx_word' id='word_1_132' title='bbox 829 863 860 890; x_wconf 79' lang='grc' dir='ltr'>τὸ</span> <span class='ocrx_word' id='word_1_133' title='bbox 873 863 900 890; x_wconf 81' lang='grc' dir='ltr'><strong>τί</strong></span> 
     </span>
    </p>
   </div>
   <div class='ocr_carea' id='block_1_18' title="bbox 951 270 1736 308">
    <p class='ocr_par' dir='ltr' id='par_1_18' title="bbox 951 270 1736 308">
     <span class='ocr_line' id='line_1_18' title="bbox 951 270 1736 308; baseline 0.008 -11"><span class='ocrx_word' id='word_1_134' title='bbox 951 278 1015 305; x_wconf 74' lang='grc' dir='ltr'>ει·κο</span> <span class='ocrx_word' id='word_1_135' title='bbox 1028 271 1118 298; x_wconf 83' lang='lat' dir='ltr'><strong>anima</strong></span> <span class='ocrx_word' id='word_1_136' title='bbox 1135 270 1269 298; x_wconf 90' lang='lat' dir='ltr'><strong>malorum</strong></span> <span class='ocrx_word' id='word_1_137' title='bbox 1285 279 1367 299; x_wconf 85' lang='lat' dir='ltr'><strong>causa</strong></span> <span class='ocrx_word' id='word_1_138' title='bbox 1382 272 1436 299; x_wconf 76' lang='lat' dir='ltr'><strong>sit?</strong></span> <span class='ocrx_word' id='word_1_139' title='bbox 1450 280 1502 299; x_wconf 92' lang='lat' dir='ltr'><strong>non</strong></span> <span class='ocrx_word' id='word_1_140' title='bbox 1516 280 1564 308; x_wconf 85' lang='lat' dir='ltr'><strong>per</strong></span> <span class='ocrx_word' id='word_1_141' title='bbox 1576 273 1736 303; x_wconf 72' lang='lat' dir='ltr'><strong>divisionem</strong></span> 
     </span>
    </p>
   </div>
   <div class='ocr_carea' id='block_1_19' title="bbox 952 317 1737 354">
    <p class='ocr_par' dir='ltr' id='par_1_19' title="bbox 952 317 1737 354">
     <span class='ocr_line' id='line_1_19' title="bbox 952 317 1737 354; baseline 0.005 -9"><span class='ocrx_word' id='word_1_142' title='bbox 952 318 1141 352; x_wconf 87' lang='lat' dir='ltr'><strong>interrogavit,</strong></span> <span class='ocrx_word' id='word_1_143' title='bbox 1159 317 1197 344; x_wconf 91' lang='lat' dir='ltr'><strong>ita</strong></span> <span class='ocrx_word' id='word_1_144' title='bbox 1215 322 1245 344; x_wconf 90' lang='lat' dir='ltr'><strong>ut</strong></span> <span class='ocrx_word' id='word_1_145' title='bbox 1261 317 1394 352; x_wconf 88' lang='lat' dir='ltr'><strong>particula</strong></span> <span class='ocrx_word' id='word_1_146' title='bbox 1415 326 1450 345; x_wconf 80' lang='lat' dir='ltr'><strong>an</strong></span> <span class='ocrx_word' id='word_1_147' title='bbox 1465 319 1627 354; x_wconf 84' lang='lat' dir='ltr'><strong>disjunctlva</strong></span> <span class='ocrx_word' id='word_1_148' title='bbox 1643 320 1737 354; x_wconf 84' lang='lat' dir='ltr'><strong>fuerit.</strong></span> 
     </span>
    </p>
   </div>
   <div class='ocr_carea' id='block_1_20' title="bbox 951 359 1784 398">
    <p class='ocr_par' dir='ltr' id='par_1_20' title="bbox 951 359 1784 398">
     <span class='ocr_line' id='line_1_20' title="bbox 951 359 1784 398; baseline 0.005 -7"><span class='ocrx_word' id='word_1_149' title='bbox 951 371 1012 391; x_wconf 89' lang='lat' dir='ltr'><strong>cum</strong></span> <span class='ocrx_word' id='word_1_150' title='bbox 1034 363 1103 391; x_wconf 83' lang='lat' dir='ltr'><strong>dixit</strong></span> <span class='ocrx_word' id='word_1_151' title='bbox 1119 371 1127 391; x_wconf 89' lang='lat'><strong>:</strong></span> <span class='ocrx_word' id='word_1_152' title='bbox 1144 363 1186 390; x_wconf 79' lang='grc' dir='ltr'>Απ</span> <span class='ocrx_word' id='word_1_153' title='bbox 1201 363 1291 390; x_wconf 83' lang='lat' dir='ltr'><strong>anima</strong></span> <span class='ocrx_word' id='word_1_154' title='bbox 1307 364 1413 398; x_wconf 81' lang='lat' dir='ltr'><strong>quidem</strong></span> <span class='ocrx_word' id='word_1_155' title='bbox 1433 363 1519 398; x_wconf 85' lang='lat' dir='ltr'><strong>bona;</strong></span> <span class='ocrx_word' id='word_1_156' title='bbox 1536 365 1584 393; x_wconf 89' lang='lat' dir='ltr'><strong>sed</strong></span> <span class='ocrx_word' id='word_1_157' title='bbox 1604 365 1677 394; x_wconf 86' lang='lat' dir='ltr'><strong>illico</strong></span> <span class='ocrx_word' id='word_1_158' title='bbox 1696 367 1740 395; x_wconf 87' lang='lat' dir='ltr'><strong>ln-</strong></span> <span class='ocrx_word' id='word_1_159' title='bbox 1782 359 1784 361; x_wconf 57' lang='grc'><em>’</em></span> 
     </span>
    </p>
   </div>
   <div class='ocr_carea' id='block_1_21' title="bbox 952 408 1737 446">
    <p class='ocr_par' dir='ltr' id='par_1_21' title="bbox 952 408 1737 446">
     <span class='ocr_line' id='line_1_21' title="bbox 952 408 1737 446; baseline 0.005 -10"><span class='ocrx_word' id='word_1_160' title='bbox 952 409 1022 437; x_wconf 87' lang='lat' dir='ltr'><strong>stitit</strong></span> <span class='ocrx_word' id='word_1_161' title='bbox 1035 408 1253 445; x_wconf 77' lang='lat' dir='ltr'><strong>interrogationi,</strong></span> <span class='ocrx_word' id='word_1_162' title='bbox 1269 413 1296 436; x_wconf 86' lang='lat' dir='ltr'><strong>et</strong></span> <span class='ocrx_word' id='word_1_163' title='bbox 1311 409 1401 443; x_wconf 86' lang='lat' dir='ltr'><strong>posuit</strong></span> <span class='ocrx_word' id='word_1_164' title='bbox 1419 409 1485 437; x_wconf 88' lang='lat' dir='ltr'><strong>illud</strong></span> <span class='ocrx_word' id='word_1_165' title='bbox 1495 419 1530 438; x_wconf 84' lang='lat' dir='ltr'><strong>an</strong></span> <span class='ocrx_word' id='word_1_166' title='bbox 1544 411 1737 446; x_wconf 78' lang='lat' dir='ltr'><strong>declaratorie.</strong></span> 
     </span>
    </p>
   </div>
   <div class='ocr_carea' id='block_1_22' title="bbox 951 453 1739 489">
    <p class='ocr_par' dir='ltr' id='par_1_22' title="bbox 951 453 1739 489">
     <span class='ocr_line' id='line_1_22' title="bbox 951 453 1739 489; baseline 0.005 -8"><span class='ocrx_word' id='word_1_167' title='bbox 951 461 984 481; x_wconf 85' lang='lat' dir='ltr'><strong>ac</strong></span> <span class='ocrx_word' id='word_1_168' title='bbox 994 453 1017 482; x_wconf 95' lang='lat' dir='ltr'><strong>si</strong></span> <span class='ocrx_word' id='word_1_169' title='bbox 1031 454 1135 481; x_wconf 83' lang='lat' dir='ltr'><strong>diceret</strong></span> <span class='ocrx_word' id='word_1_170' title='bbox 1154 463 1160 480; x_wconf 90' lang='lat'>:</span> <span class='ocrx_word' id='word_1_171' title='bbox 1175 453 1216 480; x_wconf 83' lang='lat' dir='ltr'><strong>An</strong></span> <span class='ocrx_word' id='word_1_172' title='bbox 1231 453 1338 481; x_wconf 84' lang='lat' dir='ltr'><strong>scilicet</strong></span> <span class='ocrx_word' id='word_1_173' title='bbox 1353 454 1423 481; x_wconf 88' lang='lat' dir='ltr'><strong>bona</strong></span> <span class='ocrx_word' id='word_1_174' title='bbox 1437 455 1546 489; x_wconf 86' lang='lat' dir='ltr'><strong>quidem</strong></span> <span class='ocrx_word' id='word_1_175' title='bbox 1565 461 1662 484; x_wconf 89' lang='lat' dir='ltr'><strong>natura</strong></span> <span class='ocrx_word' id='word_1_176' title='bbox 1679 458 1739 485; x_wconf 90' lang='lat' dir='ltr'><strong>ani-</strong></span> 
     </span>
    </p>
   </div>
   <div class='ocr_carea' id='block_1_23' title="bbox 951 499 1737 538">
    <p class='ocr_par' dir='ltr' id='par_1_23' title="bbox 951 499 1737 538">
     <span class='ocr_line' id='line_1_23' title="bbox 951 499 1737 538; baseline 0.006 -12"><span class='ocrx_word' id='word_1_177' title='bbox 951 506 1012 532; x_wconf 69' lang='lat' dir='ltr'><strong>mae,</strong></span> <span class='ocrx_word' id='word_1_178' title='bbox 1035 499 1081 527; x_wconf 85' lang='lat' dir='ltr'><strong>sed</strong></span> <span class='ocrx_word' id='word_1_179' title='bbox 1105 499 1131 526; x_wconf 95' lang='lat' dir='ltr'><strong>in</strong></span> <span class='ocrx_word' id='word_1_180' title='bbox 1153 499 1357 534; x_wconf 81' lang='lat' dir='ltr'><strong>operationibus</strong></span> <span class='ocrx_word' id='word_1_181' title='bbox 1382 499 1441 527; x_wconf 88' lang='lat' dir='ltr'><strong>suis</strong></span> <span class='ocrx_word' id='word_1_182' title='bbox 1464 499 1609 536; x_wconf 87' lang='lat' dir='ltr'><strong>aliquando</strong></span> <span class='ocrx_word' id='word_1_183' title='bbox 1627 503 1737 538; x_wconf 81' lang='lat' dir='ltr'><strong>quidem</strong></span> 
     </span>
    </p>
   </div>
   <div class='ocr_carea' id='block_1_24' title="bbox 950 544 1739 584">
    <p class='ocr_par' dir='ltr' id='par_1_24' title="bbox 950 544 1739 584">
     <span class='ocr_line' id='line_1_24' title="bbox 950 544 1739 584; baseline 0.004 -11"><span class='ocrx_word' id='word_1_184' title='bbox 950 545 1032 578; x_wconf 86' lang='lat' dir='ltr'><strong>bene,</strong></span> <span class='ocrx_word' id='word_1_185' title='bbox 1054 544 1198 580; x_wconf 84' lang='lat' dir='ltr'><strong>aliquando</strong></span> <span class='ocrx_word' id='word_1_186' title='bbox 1218 551 1283 572; x_wconf 89' lang='lat' dir='ltr'><strong>vero</strong></span> <span class='ocrx_word' id='word_1_187' title='bbox 1297 552 1376 573; x_wconf 88' lang='lat' dir='ltr'><strong>secus</strong></span> <span class='ocrx_word' id='word_1_188' title='bbox 1392 553 1421 573; x_wconf 89' lang='lat' dir='ltr'><strong>se</strong></span> <span class='ocrx_word' id='word_1_189' title='bbox 1436 546 1528 580; x_wconf 83' lang='lat' dir='ltr'><strong>habet,</strong></span> <span class='ocrx_word' id='word_1_190' title='bbox 1544 549 1616 582; x_wconf 90' lang='lat' dir='ltr'><strong>quod</strong></span> <span class='ocrx_word' id='word_1_191' title='bbox 1629 553 1680 582; x_wconf 88' lang='lat' dir='ltr'><strong>est,</strong></span> <span class='ocrx_word' id='word_1_192' title='bbox 1698 550 1739 584; x_wconf 90' lang='lat' dir='ltr'><strong>ip-</strong></span> 
     </span>
    </p>
   </div>
   <div class='ocr_carea' id='block_1_25' title="bbox 951 590 1737 629">
    <p class='ocr_par' dir='ltr' id='par_1_25' title="bbox 951 590 1737 629">
     <span class='ocr_line' id='line_1_25' title="bbox 951 590 1737 629; baseline 0.004 -10"><span class='ocrx_word' id='word_1_193' title='bbox 951 598 1009 619; x_wconf 82' lang='lat' dir='ltr'><strong>sam</strong></span> <span class='ocrx_word' id='word_1_194' title='bbox 1026 597 1087 618; x_wconf 84' lang='lat' dir='ltr'><strong>esse</strong></span> <span class='ocrx_word' id='word_1_195' title='bbox 1106 590 1277 618; x_wconf 88' lang='lat' dir='ltr'><strong>variabilem.</strong></span> <span class='ocrx_word' id='word_1_196' title='bbox 1300 591 1408 619; x_wconf 89' lang='lat' dir='ltr'><strong>Ponens</strong></span> <span class='ocrx_word' id='word_1_197' title='bbox 1425 591 1516 628; x_wconf 83' lang='lat' dir='ltr'><strong>itaque</strong></span> <span class='ocrx_word' id='word_1_198' title='bbox 1532 593 1584 621; x_wconf 92' lang='lat' dir='ltr'><strong>hoc</strong></span> <span class='ocrx_word' id='word_1_199' title='bbox 1608 597 1737 629; x_wconf 85' lang='lat' dir='ltr'><strong>tanquam</strong></span> 
     </span>
    </p>
   </div>
   <div class='ocr_carea' id='block_1_26' title="bbox 951 636 1739 675">
    <p class='ocr_par' dir='ltr' id='par_1_26' title="bbox 951 636 1739 675">
     <span class='ocr_line' id='line_1_26' title="bbox 951 636 1739 675; baseline 0.005 -11"><span class='ocrx_word' id='word_1_200' title='bbox 951 644 1054 671; x_wconf 89' lang='lat' dir='ltr'><strong>verum,</strong></span> <span class='ocrx_word' id='word_1_201' title='bbox 1068 636 1274 672; x_wconf 82' lang='lat' dir='ltr'><strong>explicansque,</strong></span> <span class='ocrx_word' id='word_1_202' title='bbox 1290 637 1410 672; x_wconf 91' lang='lat' dir='ltr'><strong>primum</strong></span> <span class='ocrx_word' id='word_1_203' title='bbox 1427 643 1574 675; x_wconf 77' lang='lat' dir='ltr'><strong>oppugnat,</strong></span> <span class='ocrx_word' id='word_1_204' title='bbox 1591 640 1664 675; x_wconf 89' lang='lat' dir='ltr'><strong>quod</strong></span> <span class='ocrx_word' id='word_1_205' title='bbox 1677 641 1739 669; x_wconf 86' lang='lat' dir='ltr'><strong>aui—</strong></span> 
     </span>
    </p>
   </div>
   <div class='ocr_carea' id='block_1_27' title="bbox 951 685 1702 719">
    <p class='ocr_par' dir='ltr' id='par_1_27' title="bbox 951 685 1702 719">
     <span class='ocr_line' id='line_1_27' title="bbox 951 685 1702 719; baseline 0.003 -6"><span class='ocrx_word' id='word_1_206' title='bbox 951 693 994 713; x_wconf 91' lang='lat' dir='ltr'><strong>ma</strong></span> <span class='ocrx_word' id='word_1_207' title='bbox 1007 692 1062 713; x_wconf 90' lang='lat' dir='ltr'><strong>non</strong></span> <span class='ocrx_word' id='word_1_208' title='bbox 1077 685 1112 713; x_wconf 88' lang='lat' dir='ltr'><strong>sit</strong></span> <span class='ocrx_word' id='word_1_209' title='bbox 1127 689 1222 712; x_wconf 85' lang='lat' dir='ltr'><strong>natura</strong></span> <span class='ocrx_word' id='word_1_210' title='bbox 1239 692 1287 712; x_wconf 91' lang='lat' dir='ltr'><strong>sua</strong></span> <span class='ocrx_word' id='word_1_211' title='bbox 1305 685 1386 719; x_wconf 89' lang='lat' dir='ltr'><strong>mala,</strong></span> <span class='ocrx_word' id='word_1_212' title='bbox 1401 685 1444 713; x_wconf 89' lang='lat' dir='ltr'><strong>vel</strong></span> <span class='ocrx_word' id='word_1_213' title='bbox 1458 693 1540 714; x_wconf 86' lang='lat' dir='ltr'><strong>causa</strong></span> <span class='ocrx_word' id='word_1_214' title='bbox 1557 687 1702 715; x_wconf 88' lang='lat' dir='ltr'><strong>malorum.</strong></span> 
     </span>
    </p>
   </div>
   <div class='ocr_carea' id='block_1_28' title="bbox 985 728 1737 766">
    <p class='ocr_par' dir='ltr' id='par_1_28' title="bbox 985 728 1737 766">
     <span class='ocr_line' id='line_1_28' title="bbox 985 728 1737 766; baseline 0.005 -10"><span class='ocrx_word' id='word_1_215' title='bbox 985 729 999 766; x_wconf 83' lang='lat'><strong>§</strong></span> <span class='ocrx_word' id='word_1_216' title='bbox 1016 728 1113 757; x_wconf 75' lang='lat' dir='ltr'><strong>XXXI.</strong></span> <span class='ocrx_word' id='word_1_217' title='bbox 1133 729 1173 756; x_wconf 76' lang='lat' dir='ltr'><strong>Ad</strong></span> <span class='ocrx_word' id='word_1_218' title='bbox 1187 729 1260 762; x_wconf 60' lang='lat' dir='ltr'><strong>hac,</strong></span> <span class='ocrx_word' id='word_1_219' title='bbox 1274 730 1345 757; x_wconf 92' lang='lat' dir='ltr'><strong>bono</strong></span> <span class='ocrx_word' id='word_1_220' title='bbox 1365 730 1464 758; x_wconf 88' lang='lat' dir='ltr'><strong>malum</strong></span> <span class='ocrx_word' id='word_1_221' title='bbox 1486 736 1528 759; x_wconf 88' lang='lat' dir='ltr'><strong>est</strong></span> <span class='ocrx_word' id='word_1_222' title='bbox 1552 732 1737 765; x_wconf 88' lang='lat' dir='ltr'><strong>contrarium,</strong></span> 
     </span>
    </p>
   </div>
   <div class='ocr_carea' id='block_1_29' title="bbox 950 775 1737 810">
    <p class='ocr_par' dir='ltr' id='par_1_29' title="bbox 950 775 1737 810">
     <span class='ocr_line' id='line_1_29' title="bbox 950 775 1737 810; baseline 0.004 -7"><span class='ocrx_word' id='word_1_223' title='bbox 950 775 1014 803; x_wconf 91' lang='lat' dir='ltr'><strong>boni</strong></span> <span class='ocrx_word' id='word_1_224' title='bbox 1030 776 1122 810; x_wconf 86' lang='lat' dir='ltr'><strong>itaque</strong></span> <span class='ocrx_word' id='word_1_225' title='bbox 1142 782 1223 804; x_wconf 84' lang='lat' dir='ltr'><strong>causa</strong></span> <span class='ocrx_word' id='word_1_226' title='bbox 1238 784 1292 803; x_wconf 87' lang='lat' dir='ltr'><strong>una</strong></span> <span class='ocrx_word' id='word_1_227' title='bbox 1311 781 1363 809; x_wconf 88' lang='lat' dir='ltr'><strong>est,</strong></span> <span class='ocrx_word' id='word_1_228' title='bbox 1387 776 1449 804; x_wconf 89' lang='lat' dir='ltr'><strong>mali</strong></span> <span class='ocrx_word' id='word_1_229' title='bbox 1467 783 1532 804; x_wconf 88' lang='lat' dir='ltr'><strong>vero</strong></span> <span class='ocrx_word' id='word_1_230' title='bbox 1548 777 1652 806; x_wconf 68' lang='lat' dir='ltr'><strong>multae.</strong></span> <span class='ocrx_word' id='word_1_231' title='bbox 1668 777 1737 806; x_wconf 84' lang='lat' dir='ltr'><strong>Nota</strong></span> 
     </span>
    </p>
   </div>
   <div class='ocr_carea' id='block_1_30' title="bbox 949 821 1736 860">
    <p class='ocr_par' dir='ltr' id='par_1_30' title="bbox 949 821 1736 860">
     <span class='ocr_line' id='line_1_30' title="bbox 949 821 1736 860; baseline 0.005 -11"><span class='ocrx_word' id='word_1_232' title='bbox 949 829 1025 854; x_wconf 87' lang='lat' dir='ltr'><strong>vero,</strong></span> <span class='ocrx_word' id='word_1_233' title='bbox 1041 829 1094 849; x_wconf 94' lang='lat' dir='ltr'><strong>non</strong></span> <span class='ocrx_word' id='word_1_234' title='bbox 1119 821 1206 850; x_wconf 92' lang='lat' dir='ltr'><strong>solum</strong></span> <span class='ocrx_word' id='word_1_235' title='bbox 1226 821 1254 850; x_wconf 87' lang='lat' dir='ltr'><strong>in</strong></span> <span class='ocrx_word' id='word_1_236' title='bbox 1275 821 1347 850; x_wconf 92' lang='lat' dir='ltr'><strong>bono</strong></span> <span class='ocrx_word' id='word_1_237' title='bbox 1362 829 1472 850; x_wconf 79' lang='lat' dir='ltr'><strong>causam</strong></span> <span class='ocrx_word' id='word_1_238' title='bbox 1487 822 1648 852; x_wconf 82' lang='lat' dir='ltr'><strong>eﬂicientem</strong></span> <span class='ocrx_word' id='word_1_239' title='bbox 1664 833 1736 860; x_wconf 82' lang='lat' dir='ltr'><strong>prae-</strong></span> 
     </span>
    </p>
   </div>
   <div class='ocr_carea' id='block_1_31' title="bbox 949 870 1737 907">
    <p class='ocr_par' dir='ltr' id='par_1_31' title="bbox 949 870 1737 907">
     <span class='ocr_line' id='line_1_31' title="bbox 949 870 1737 907; baseline 0.004 -10"><span class='ocrx_word' id='word_1_240' title='bbox 949 870 1047 903; x_wconf 84' lang='lat' dir='ltr'><strong>dicari,</strong></span> <span class='ocrx_word' id='word_1_241' title='bbox 1064 877 1159 898; x_wconf 89' lang='lat' dir='ltr'><strong>verum</strong></span> <span class='ocrx_word' id='word_1_242' title='bbox 1183 870 1267 898; x_wconf 90' lang='lat' dir='ltr'><strong>etiam</strong></span> <span class='ocrx_word' id='word_1_243' title='bbox 1291 870 1446 904; x_wconf 84' lang='lat' dir='ltr'><strong>formalem,</strong></span> <span class='ocrx_word' id='word_1_244' title='bbox 1462 874 1491 898; x_wconf 89' lang='lat' dir='ltr'><strong>et</strong></span> <span class='ocrx_word' id='word_1_245' title='bbox 1512 871 1583 906; x_wconf 89' lang='lat' dir='ltr'><strong>quod</strong></span> <span class='ocrx_word' id='word_1_246' title='bbox 1606 872 1671 907; x_wconf 89' lang='lat' dir='ltr'><strong>quid</strong></span> <span class='ocrx_word' id='word_1_247' title='bbox 1694 878 1737 901; x_wconf 80' lang='lat' dir='ltr'><strong>est</strong></span> 
     </span>
    </p>
   </div>
   <div class='ocr_carea' id='block_1_32' title="bbox 107 906 894 952">
    <p class='ocr_par' dir='ltr' id='par_1_32' title="bbox 107 907 894 946">
     <span class='ocr_line' id='line_1_32' title="bbox 107 907 894 946; baseline -0.003 -9"><span class='ocrx_word' id='word_1_248' title='bbox 107 907 143 946; x_wconf 78' lang='grc' dir='ltr'>ἦν</span> <span class='ocrx_word' id='word_1_249' title='bbox 163 907 243 941; x_wconf 81' lang='grc' dir='ltr'>εῖναι,</span> <span class='ocrx_word' id='word_1_250' title='bbox 261 908 352 941; x_wconf 84' lang='grc' dir='ltr'>καθὼς</span> <span class='ocrx_word' id='word_1_251' title='bbox 376 908 424 936; x_wconf 83' lang='grc' dir='ltr'>καὶ</span> <span class='ocrx_word' id='word_1_252' title='bbox 448 908 575 944; x_wconf 73' lang='grc' dir='ltr'>ἀνωτέρω</span> <span class='ocrx_word' id='word_1_253' title='bbox 597 908 684 943; x_wconf 72' lang='grc' dir='ltr'>ἔλεγε,</span> <span class='ocrx_word' id='word_1_254' title='bbox 703 908 771 935; x_wconf 80' lang='grc' dir='ltr'>καθὸ</span> <span class='ocrx_word' id='word_1_255' title='bbox 790 908 894 943; x_wconf 75' lang='grc' dir='ltr'>λέγεται</span> 
     </span>
    </p>
   </div>
   <div class='ocr_carea' id='block_1_33' title="bbox 947 906 1735 952">
    <p class='ocr_par' dir='ltr' id='par_1_33' title="bbox 950 906 1735 952">
     <span class='ocr_line' id='line_1_33' title="bbox 950 906 1735 952; baseline 0.003 -8"><span class='ocrx_word' id='word_1_256' title='bbox 950 916 1012 948; x_wconf 87' lang='lat' dir='ltr'><strong>dici,</strong></span> <span class='ocrx_word' id='word_1_257' title='bbox 1029 916 1101 944; x_wconf 83' lang='lat' dir='ltr'><strong>sicut</strong></span> <span class='ocrx_word' id='word_1_258' title='bbox 1119 917 1203 944; x_wconf 91' lang='lat' dir='ltr'><strong>etiam</strong></span> <span class='ocrx_word' id='word_1_259' title='bbox 1219 917 1345 951; x_wconf 87' lang='lat' dir='ltr'><strong>superius</strong></span> <span class='ocrx_word' id='word_1_260' title='bbox 1359 916 1439 950; x_wconf 80' lang='lat' dir='ltr'><strong>dixit,</strong></span> <span class='ocrx_word' id='word_1_261' title='bbox 1454 915 1482 943; x_wconf 90' lang='lat' dir='ltr'><strong>in</strong></span> <span class='ocrx_word' id='word_1_262' title='bbox 1500 906 1631 952; x_wconf 85' lang='lat' dir='ltr'><strong>quantum</strong></span> <span class='ocrx_word' id='word_1_263' title='bbox 1652 918 1735 946; x_wconf 85' lang='lat' dir='ltr'><strong>etiam</strong></span> 
     </span>
    </p>
   </div>
   <div class='ocr_carea' id='block_1_34' title="bbox 107 954 900 993">
    <p class='ocr_par' dir='ltr' id='par_1_34' title="bbox 107 954 900 993">
     <span class='ocr_line' id='line_1_34' title="bbox 107 954 900 993; baseline -0.004 -8"><span class='ocrx_word' id='word_1_264' title='bbox 107 957 156 985; x_wconf 76' lang='grc' dir='ltr'>καὶ</span> <span class='ocrx_word' id='word_1_265' title='bbox 177 956 339 993; x_wconf 77' lang='grc' dir='ltr'><strong>ὡρισμένον.</strong></span> <span class='ocrx_word' id='word_1_266' title='bbox 357 954 436 982; x_wconf 66' lang='lat' dir='ltr'><strong>Alma.</strong></span> <span class='ocrx_word' id='word_1_267' title='bbox 451 955 479 982; x_wconf 76' lang='grc' dir='ltr'><strong>δὲ</strong></span> <span class='ocrx_word' id='word_1_268' title='bbox 494 955 541 982; x_wconf 87' lang='grc' dir='ltr'><strong>τοῦ</strong></span> <span class='ocrx_word' id='word_1_269' title='bbox 559 954 644 982; x_wconf 88' lang='grc' dir='ltr'>κακοῦ</span> <span class='ocrx_word' id='word_1_270' title='bbox 660 955 721 982; x_wconf 71' lang='grc' dir='ltr'>ἐπεὶ</span> <span class='ocrx_word' id='word_1_271' title='bbox 735 955 786 982; x_wconf 78' lang='grc' dir='ltr'><strong>οὐκ</strong></span> <span class='ocrx_word' id='word_1_272' title='bbox 800 954 900 991; x_wconf 68' lang='grc' dir='ltr'>ἔχομεν</span> 
     </span>
    </p>
   </div>
   <div class='ocr_carea' id='block_1_35' title="bbox 108 1000 899 1039">
    <p class='ocr_par' dir='ltr' id='par_1_35' title="bbox 108 1000 899 1039">
     <span class='ocr_line' id='line_1_35' title="bbox 108 1000 899 1039; baseline -0.003 -9"><span class='ocrx_word' id='word_1_273' title='bbox 108 1003 195 1030; x_wconf 79' lang='grc' dir='ltr'>εἰπεῖν</span> <span class='ocrx_word' id='word_1_274' title='bbox 211 1001 298 1029; x_wconf 58' lang='lat' dir='ltr'><strong>usus</strong></span> <span class='ocrx_word' id='word_1_275' title='bbox 310 1001 382 1037; x_wconf 75' lang='grc' dir='ltr'><strong>(οὐδὲ</strong></span> <span class='ocrx_word' id='word_1_276' title='bbox 393 1001 448 1037; x_wconf 84' lang='grc' dir='ltr'><strong>γάρ</strong></span> <span class='ocrx_word' id='word_1_277' title='bbox 464 1001 522 1028; x_wconf 83' lang='grc' dir='ltr'>ἐστί</span> <span class='ocrx_word' id='word_1_278' title='bbox 536 1010 563 1028; x_wconf 76' lang='grc' dir='ltr'><strong>τι</strong></span> <span class='ocrx_word' id='word_1_279' title='bbox 580 1000 651 1039; x_wconf 75' lang='grc' dir='ltr'><strong>κατά</strong></span> <span class='ocrx_word' id='word_1_280' title='bbox 666 1001 746 1036; x_wconf 84' lang='grc' dir='ltr'>φύσιν</span> <span class='ocrx_word' id='word_1_281' title='bbox 759 1000 790 1028; x_wconf 78' lang='grc' dir='ltr'>τὸ</span> <span class='ocrx_word' id='word_1_282' title='bbox 804 1001 899 1034; x_wconf 81' lang='grc' dir='ltr'>κακὸν,</span> 
     </span>
    </p>
   </div>
   <div class='ocr_carea' id='block_1_36' title="bbox 108 1044 900 1084">
    <p class='ocr_par' dir='ltr' id='par_1_36' title="bbox 108 1044 900 1084">
     <span class='ocr_line' id='line_1_36' title="bbox 108 1044 900 1084; baseline -0.003 -9"><span class='ocrx_word' id='word_1_283' title='bbox 108 1048 148 1081; x_wconf 86' lang='grc' dir='ltr'>ὼς</span> <span class='ocrx_word' id='word_1_284' title='bbox 171 1048 204 1077; x_wconf 76' lang='grc' dir='ltr'>ἂν</span> <span class='ocrx_word' id='word_1_285' title='bbox 229 1048 276 1075; x_wconf 84' lang='grc' dir='ltr'>καὶ</span> <span class='ocrx_word' id='word_1_286' title='bbox 300 1047 422 1084; x_wconf 82' lang='grc' dir='ltr'>ὀρισθείη</span> <span class='ocrx_word' id='word_1_287' title='bbox 443 1047 492 1074; x_wconf 75' lang='grc' dir='ltr'>καὶ</span> <span class='ocrx_word' id='word_1_288' title='bbox 508 1046 698 1083; x_wconf 82' lang='grc' dir='ltr'>είδοποιηθείη,</span> <span class='ocrx_word' id='word_1_289' title='bbox 716 1046 762 1074; x_wconf 72' lang='grc' dir='ltr'>καὶ</span> <span class='ocrx_word' id='word_1_290' title='bbox 777 1046 808 1073; x_wconf 73' lang='grc' dir='ltr'>τὸ</span> <span class='ocrx_word' id='word_1_291' title='bbox 822 1046 849 1074; x_wconf 85' lang='grc' dir='ltr'><strong>τί</strong></span> <span class='ocrx_word' id='word_1_292' title='bbox 865 1044 900 1083; x_wconf 82' lang='grc' dir='ltr'>ἦν</span> 
     </span>
    </p>
   </div>
   <div class='ocr_carea' id='block_1_37' title="bbox 106 1091 899 1130">
    <p class='ocr_par' dir='ltr' id='par_1_37' title="bbox 106 1091 899 1130">
     <span class='ocr_line' id='line_1_37' title="bbox 106 1091 899 1130; baseline -0.004 -8"><span class='ocrx_word' id='word_1_293' title='bbox 106 1093 177 1122; x_wconf 79' lang='grc' dir='ltr'>εἶναι</span> <span class='ocrx_word' id='word_1_294' title='bbox 196 1093 280 1130; x_wconf 66' lang='grc' dir='ltr'><strong>ἷξεν)</strong></span> <span class='ocrx_word' id='word_1_295' title='bbox 296 1093 340 1120; x_wconf 84' lang='grc' dir='ltr'>διὰ</span> <span class='ocrx_word' id='word_1_296' title='bbox 356 1092 435 1120; x_wconf 84' lang='grc' dir='ltr'>τοῦτο</span> <span class='ocrx_word' id='word_1_297' title='bbox 451 1092 481 1118; x_wconf 76' lang='grc' dir='ltr'>οὐ</span> <span class='ocrx_word' id='word_1_298' title='bbox 498 1091 532 1118; x_wconf 78' lang='grc' dir='ltr'>τὰ</span> <span class='ocrx_word' id='word_1_299' title='bbox 549 1091 646 1124; x_wconf 79' lang='grc' dir='ltr'>εζδικά,</span> <span class='ocrx_word' id='word_1_300' title='bbox 663 1091 731 1119; x_wconf 84' lang='grc' dir='ltr'><strong>ἀλλά</strong></span> <span class='ocrx_word' id='word_1_301' title='bbox 746 1091 781 1118; x_wconf 82' lang='grc' dir='ltr'><strong>τὰ</strong></span> <span class='ocrx_word' id='word_1_302' title='bbox 799 1100 899 1127; x_wconf 83' lang='grc' dir='ltr'>ποιητι-</span> 
     </span>
    </p>
   </div>
   <div class='ocr_carea' id='block_1_38' title="bbox 107 1137 899 1176">
    <p class='ocr_par' dir='ltr' id='par_1_38' title="bbox 107 1137 899 1176">
     <span class='ocr_line' id='line_1_38' title="bbox 107 1137 899 1176; baseline -0.003 -8"><span class='ocrx_word' id='word_1_303' title='bbox 107 1142 144 1168; x_wconf 86' lang='grc' dir='ltr'><strong>κά</strong></span> <span class='ocrx_word' id='word_1_304' title='bbox 168 1140 290 1176; x_wconf 80' lang='grc' dir='ltr'>βούλεται</span> <span class='ocrx_word' id='word_1_305' title='bbox 314 1139 420 1174; x_wconf 85' lang='grc' dir='ltr'>λέγειν·</span> <span class='ocrx_word' id='word_1_306' title='bbox 437 1137 524 1165; x_wconf 87' lang='grc' dir='ltr'>ταῦτα</span> <span class='ocrx_word' id='word_1_307' title='bbox 546 1138 574 1165; x_wconf 79' lang='grc' dir='ltr'>δέ</span> <span class='ocrx_word' id='word_1_308' title='bbox 599 1139 667 1165; x_wconf 84' lang='grc' dir='ltr'>εἰσιν</span> <span class='ocrx_word' id='word_1_309' title='bbox 684 1138 755 1174; x_wconf 81' lang='grc' dir='ltr'>ἀπερ</span> <span class='ocrx_word' id='word_1_310' title='bbox 771 1138 899 1174; x_wconf 79' lang='grc' dir='ltr'><strong>ἀνωτέρω</strong></span> 
     </span>
    </p>
   </div>
   <div class='ocr_carea' id='block_1_39' title="bbox 106 1181 897 1222">
    <p class='ocr_par' dir='ltr' id='par_1_39' title="bbox 106 1181 897 1222">
     <span class='ocr_line' id='line_1_39' title="bbox 106 1181 897 1222; baseline -0.005 -8"><span class='ocrx_word' id='word_1_311' title='bbox 106 1186 238 1221; x_wconf 78' lang='grc' dir='ltr'>ἐλλείψεις</span> <span class='ocrx_word' id='word_1_312' title='bbox 262 1185 377 1222; x_wconf 81' lang='grc' dir='ltr'>μερικάς</span> <span class='ocrx_word' id='word_1_313' title='bbox 400 1184 462 1220; x_wconf 77' lang='grc' dir='ltr'>ἐφη.</span> <span class='ocrx_word' id='word_1_314' title='bbox 480 1181 547 1210; x_wconf 75' lang='grc' dir='ltr'>Εἶτα</span> <span class='ocrx_word' id='word_1_315' title='bbox 570 1183 613 1210; x_wconf 88' lang='grc' dir='ltr'><strong>ίνα</strong></span> <span class='ocrx_word' id='word_1_316' title='bbox 639 1185 676 1220; x_wconf 85' lang='grc' dir='ltr'>μή</span> <span class='ocrx_word' id='word_1_317' title='bbox 700 1191 741 1216; x_wconf 85' lang='grc' dir='ltr'><strong>τις</strong></span> <span class='ocrx_word' id='word_1_318' title='bbox 764 1184 897 1221; x_wconf 76' lang='grc' dir='ltr'>ὑπολάϐῃ,</span> 
     </span>
    </p>
   </div>
   <div class='ocr_carea' id='block_1_40' title="bbox 105 1230 898 1268">
    <p class='ocr_par' dir='ltr' id='par_1_40' title="bbox 105 1230 898 1268">
     <span class='ocr_line' id='line_1_40' title="bbox 105 1230 898 1268; baseline -0.004 -8"><span class='ocrx_word' id='word_1_319' title='bbox 105 1233 147 1260; x_wconf 74' lang='grc' dir='ltr'>ὅτι</span> <span class='ocrx_word' id='word_1_320' title='bbox 162 1233 196 1260; x_wconf 76' lang='grc' dir='ltr'><strong>τὰ</strong></span> <span class='ocrx_word' id='word_1_321' title='bbox 213 1232 341 1268; x_wconf 81' lang='grc' dir='ltr'>ποιητικὰ</span> <span class='ocrx_word' id='word_1_322' title='bbox 356 1230 443 1258; x_wconf 87' lang='grc' dir='ltr'>ταῦτα</span> <span class='ocrx_word' id='word_1_323' title='bbox 457 1230 513 1257; x_wconf 87' lang='grc' dir='ltr'><strong>τῶν</strong></span> <span class='ocrx_word' id='word_1_324' title='bbox 529 1230 621 1258; x_wconf 83' lang='grc' dir='ltr'>κακῶν</span> <span class='ocrx_word' id='word_1_325' title='bbox 637 1230 765 1266; x_wconf 80' lang='grc' dir='ltr'>δυνάμεις</span> <span class='ocrx_word' id='word_1_326' title='bbox 781 1230 835 1257; x_wconf 62' lang='lat' dir='ltr'><strong>ala!</strong></span> <span class='ocrx_word' id='word_1_327' title='bbox 851 1231 898 1257; x_wconf 77' lang='grc' dir='ltr'>καὶ</span> 
     </span>
    </p>
   </div>
   <div class='ocr_carea' id='block_1_41' title="bbox 106 1276 896 1315">
    <p class='ocr_par' dir='ltr' id='par_1_41' title="bbox 106 1276 896 1315">
     <span class='ocr_line' id='line_1_41' title="bbox 106 1276 896 1315; baseline -0.004 -8"><span class='ocrx_word' id='word_1_328' title='bbox 106 1280 182 1315; x_wconf 81' lang='grc' dir='ltr'>λόγοι</span> <span class='ocrx_word' id='word_1_329' title='bbox 197 1279 244 1307; x_wconf 79' lang='grc' dir='ltr'>καὶ</span> <span class='ocrx_word' id='word_1_330' title='bbox 258 1279 326 1314; x_wconf 74' lang='grc' dir='ltr'>εἴδη,</span> <span class='ocrx_word' id='word_1_331' title='bbox 343 1278 404 1305; x_wconf 84' lang='grc' dir='ltr'>καθ’</span> <span class='ocrx_word' id='word_1_332' title='bbox 420 1277 467 1309; x_wconf 76' lang='grc' dir='ltr'>οὓς</span> <span class='ocrx_word' id='word_1_333' title='bbox 490 1276 681 1312; x_wconf 73' lang='grc' dir='ltr'>είδοτοοιηθείη,</span> <span class='ocrx_word' id='word_1_334' title='bbox 700 1277 791 1312; x_wconf 79' lang='grc' dir='ltr'>φησὶν,</span> <span class='ocrx_word' id='word_1_335' title='bbox 808 1277 850 1304; x_wconf 80' lang='grc' dir='ltr'>ὃτι</span> <span class='ocrx_word' id='word_1_336' title='bbox 865 1277 896 1304; x_wconf 87' lang='grc' dir='ltr'><strong>οὑ</strong></span> 
     </span>
    </p>
   </div>
   <div class='ocr_carea' id='block_1_42' title="bbox 104 1322 895 1362">
    <p class='ocr_par' dir='ltr' id='par_1_42' title="bbox 104 1322 895 1362">
     <span class='ocr_line' id='line_1_42' title="bbox 104 1322 895 1362; baseline -0.005 -8"><span class='ocrx_word' id='word_1_337' title='bbox 104 1327 233 1362; x_wconf 81' lang='grc' dir='ltr'>δυνάμεις</span> <span class='ocrx_word' id='word_1_338' title='bbox 255 1325 334 1358; x_wconf 76' lang='grc' dir='ltr'>εἰσὶν,</span> <span class='ocrx_word' id='word_1_339' title='bbox 352 1324 409 1351; x_wconf 85' lang='grc' dir='ltr'>ἀλλ’</span> <span class='ocrx_word' id='word_1_340' title='bbox 426 1323 561 1359; x_wconf 76' lang='grc' dir='ltr'>ἀδυναμία</span> <span class='ocrx_word' id='word_1_341' title='bbox 585 1323 632 1350; x_wconf 80' lang='grc' dir='ltr'>καὶ</span> <span class='ocrx_word' id='word_1_342' title='bbox 658 1322 730 1359; x_wconf 79' lang='grc' dir='ltr'>μίξις</span> <span class='ocrx_word' id='word_1_343' title='bbox 753 1322 808 1349; x_wconf 87' lang='grc' dir='ltr'><strong>τῶν</strong></span> <span class='ocrx_word' id='word_1_344' title='bbox 832 1323 895 1350; x_wconf 84' lang='grc' dir='ltr'>ἀνο-</span> 
     </span>
    </p>
   </div>
   <div class='ocr_carea' id='block_1_43' title="bbox 107 1369 895 1409">
    <p class='ocr_par' dir='ltr' id='par_1_43' title="bbox 107 1369 895 1409">
     <span class='ocr_line' id='line_1_43' title="bbox 107 1369 895 1409; baseline -0.005 -9"><span class='ocrx_word' id='word_1_345' title='bbox 107 1373 192 1409; x_wconf 82' lang='grc' dir='ltr'>μοίων</span> <span class='ocrx_word' id='word_1_346' title='bbox 207 1372 392 1407; x_wconf 85' lang='grc' dir='ltr'>ἀσύμμετρος.</span> <span class='ocrx_word' id='word_1_347' title='bbox 407 1370 601 1405; x_wconf 85' lang='grc' dir='ltr'>Ἑλλείμματος</span> <span class='ocrx_word' id='word_1_348' title='bbox 619 1369 674 1405; x_wconf 83' lang='grc' dir='ltr'><strong>γὰρ</strong></span> <span class='ocrx_word' id='word_1_349' title='bbox 695 1369 895 1405; x_wconf 69' lang='grc' dir='ltr'>ἐπιωμὸάντος</span> 
     </span>
    </p>
   </div>
   <div class='ocr_carea' id='block_1_44' title="bbox 104 1414 894 1455">
    <p class='ocr_par' dir='ltr' id='par_1_44' title="bbox 104 1414 894 1455">
     <span class='ocr_line' id='line_1_44' title="bbox 104 1414 894 1455; baseline -0.006 -8"><span class='ocrx_word' id='word_1_350' title='bbox 104 1419 144 1455; x_wconf 81' lang='grc' dir='ltr'>τῷ</span> <span class='ocrx_word' id='word_1_351' title='bbox 160 1417 331 1455; x_wconf 80' lang='grc' dir='ltr'><strong>ὑποκειμένῳ</strong></span> <span class='ocrx_word' id='word_1_352' title='bbox 347 1415 417 1444; x_wconf 83' lang='grc' dir='ltr'><strong>κατά</strong></span> <span class='ocrx_word' id='word_1_353' title='bbox 432 1415 481 1452; x_wconf 77' lang='grc' dir='ltr'>τὴν</span> <span class='ocrx_word' id='word_1_354' title='bbox 497 1414 607 1452; x_wconf 85' lang='grc' dir='ltr'>ἀρετὴν,</span> <span class='ocrx_word' id='word_1_355' title='bbox 622 1415 676 1442; x_wconf 82' lang='grc' dir='ltr'>ίδοὺ</span> <span class='ocrx_word' id='word_1_356' title='bbox 693 1414 894 1450; x_wconf 83' lang='grc' dir='ltr'>παρυφίσταταί</span> 
     </span>
    </p>
   </div>
   <div class='ocr_carea' id='block_1_45' title="bbox 104 1460 895 1498">
    <p class='ocr_par' dir='ltr' id='par_1_45' title="bbox 104 1460 895 1498">
     <span class='ocr_line' id='line_1_45' title="bbox 104 1460 895 1498; baseline -0.006 -6"><span class='ocrx_word' id='word_1_357' title='bbox 104 1473 147 1498; x_wconf 74' lang='grc' dir='ltr'><strong>τις</strong></span> <span class='ocrx_word' id='word_1_358' title='bbox 165 1463 258 1496; x_wconf 90' lang='grc' dir='ltr'>κακία,</span> <span class='ocrx_word' id='word_1_359' title='bbox 269 1463 317 1491; x_wconf 77' lang='grc' dir='ltr'>καὶ</span> <span class='ocrx_word' id='word_1_360' title='bbox 333 1462 374 1489; x_wconf 81' lang='grc' dir='ltr'><strong>ἐτι</strong></span> <span class='ocrx_word' id='word_1_361' title='bbox 390 1461 499 1494; x_wconf 81' lang='grc' dir='ltr'>πλείων,</span> <span class='ocrx_word' id='word_1_362' title='bbox 511 1461 558 1488; x_wconf 79' lang='grc' dir='ltr'>καὶ</span> <span class='ocrx_word' id='word_1_363' title='bbox 574 1460 613 1488; x_wconf 74' lang='grc' dir='ltr'><strong>ἔτι</strong></span> <span class='ocrx_word' id='word_1_364' title='bbox 630 1460 739 1493; x_wconf 88' lang='grc' dir='ltr'>πλείων,</span> <span class='ocrx_word' id='word_1_365' title='bbox 755 1460 802 1488; x_wconf 72' lang='grc' dir='ltr'>καὶ</span> <span class='ocrx_word' id='word_1_366' title='bbox 816 1460 895 1487; x_wconf 86' lang='grc' dir='ltr'>τοῦτο</span> 
     </span>
    </p>
   </div>
   <div class='ocr_carea' id='block_1_46' title="bbox 104 1506 892 1546">
    <p class='ocr_par' dir='ltr' id='par_1_46' title="bbox 104 1506 892 1546">
     <span class='ocr_line' id='line_1_46' title="bbox 104 1506 892 1546; baseline -0.006 -8"><span class='ocrx_word' id='word_1_367' title='bbox 104 1511 149 1538; x_wconf 81' lang='grc' dir='ltr'><strong>ἐπ’</strong></span> <span class='ocrx_word' id='word_1_368' title='bbox 160 1511 282 1546; x_wconf 75' lang='grc' dir='ltr'>ἄπειρον,</span> <span class='ocrx_word' id='word_1_369' title='bbox 294 1510 341 1537; x_wconf 82' lang='grc' dir='ltr'>καὶ</span> <span class='ocrx_word' id='word_1_370' title='bbox 355 1509 387 1536; x_wconf 83' lang='grc' dir='ltr'>τδ</span> <span class='ocrx_word' id='word_1_371' title='bbox 403 1507 532 1540; x_wconf 78' lang='grc' dir='ltr'>παντελὲς</span> <span class='ocrx_word' id='word_1_372' title='bbox 548 1508 564 1543; x_wconf 79' lang='grc' dir='ltr'>ἡ</span> <span class='ocrx_word' id='word_1_373' title='bbox 581 1506 664 1535; x_wconf 82' lang='grc' dir='ltr'>κακία</span> <span class='ocrx_word' id='word_1_374' title='bbox 679 1507 729 1543; x_wconf 82' lang='grc' dir='ltr'><strong>οὐχ</strong></span> <span class='ocrx_word' id='word_1_375' title='bbox 745 1506 800 1539; x_wconf 70' lang='grc' dir='ltr'>ἕξει</span> <span class='ocrx_word' id='word_1_376' title='bbox 816 1506 892 1534; x_wconf 76' lang='grc' dir='ltr'>ποτέ.</span> 
     </span>
    </p>
   </div>
   <div class='ocr_carea' id='block_1_47' title="bbox 104 1553 892 1590">
    <p class='ocr_par' dir='ltr' id='par_1_47' title="bbox 104 1553 892 1590">
     <span class='ocr_line' id='line_1_47' title="bbox 104 1553 892 1590; baseline -0.008 -5"><span class='ocrx_word' id='word_1_377' title='bbox 104 1557 202 1590; x_wconf 81' lang='grc' dir='ltr'>Καλῶς</span> <span class='ocrx_word' id='word_1_378' title='bbox 215 1557 242 1584; x_wconf 83' lang='grc' dir='ltr'><strong>δὲ</strong></span> <span class='ocrx_word' id='word_1_379' title='bbox 254 1556 369 1583; x_wconf 78' lang='grc' dir='ltr'>τέθειται</span> <span class='ocrx_word' id='word_1_380' title='bbox 384 1555 415 1582; x_wconf 81' lang='grc' dir='ltr'><strong>τὸ</strong></span> <span class='ocrx_word' id='word_1_381' title='bbox 422 1554 619 1589; x_wconf 75' lang='grc' dir='ltr'>ἀσύμμετρος·</span> <span class='ocrx_word' id='word_1_382' title='bbox 634 1554 651 1589; x_wconf 73' lang='grc' dir='ltr'><strong>ἡ</strong></span> <span class='ocrx_word' id='word_1_383' title='bbox 667 1553 721 1589; x_wconf 86' lang='grc' dir='ltr'><strong>γὰρ</strong></span> <span class='ocrx_word' id='word_1_384' title='bbox 738 1553 892 1589; x_wconf 77' lang='grc' dir='ltr'>σύμμετρος</span> 
     </span>
    </p>
   </div>
   <div class='ocr_carea' id='block_1_48' title="bbox 951 961 1736 993">
    <p class='ocr_par' dir='ltr' id='par_1_48' title="bbox 951 961 1736 993">
     <span class='ocr_line' id='line_1_48' title="bbox 951 961 1736 993; baseline 0.004 -4"><span class='ocrx_word' id='word_1_385' title='bbox 951 962 1092 989; x_wconf 83' lang='lat' dir='ltr'><strong>deﬁnitum</strong></span> <span class='ocrx_word' id='word_1_386' title='bbox 1108 961 1219 990; x_wconf 88' lang='lat' dir='ltr'><strong>dicitur.</strong></span> <span class='ocrx_word' id='word_1_387' title='bbox 1234 961 1302 990; x_wconf 90' lang='lat' dir='ltr'><strong>Cum</strong></span> <span class='ocrx_word' id='word_1_388' title='bbox 1314 967 1404 989; x_wconf 83' lang='lat' dir='ltr'><strong>autem</strong></span> <span class='ocrx_word' id='word_1_389' title='bbox 1418 962 1481 989; x_wconf 89' lang='lat' dir='ltr'><strong>mali</strong></span> <span class='ocrx_word' id='word_1_390' title='bbox 1496 970 1593 991; x_wconf 84' lang='lat' dir='ltr'><strong>causas</strong></span> <span class='ocrx_word' id='word_1_391' title='bbox 1606 963 1736 993; x_wconf 87' lang='lat' dir='ltr'><strong>formales</strong></span> 
     </span>
    </p>
   </div>
   <div class='ocr_carea' id='block_1_49' title="bbox 950 1007 1735 1043">
    <p class='ocr_par' dir='ltr' id='par_1_49' title="bbox 950 1007 1735 1043">
     <span class='ocr_line' id='line_1_49' title="bbox 950 1007 1735 1043; baseline 0.003 -8"><span class='ocrx_word' id='word_1_392' title='bbox 950 1007 1090 1043; x_wconf 85' lang='lat' dir='ltr'><strong>assignare</strong></span> <span class='ocrx_word' id='word_1_393' title='bbox 1103 1014 1274 1042; x_wconf 77' lang='lat' dir='ltr'><strong>nequeamus</strong></span> <span class='ocrx_word' id='word_1_394' title='bbox 1289 1007 1362 1043; x_wconf 85' lang='lat' dir='ltr'><strong>(quia</strong></span> <span class='ocrx_word' id='word_1_395' title='bbox 1379 1007 1446 1035; x_wconf 89' lang='lat' dir='ltr'><strong>nihil</strong></span> <span class='ocrx_word' id='word_1_396' title='bbox 1460 1013 1557 1035; x_wconf 84' lang='lat' dir='ltr'><strong>natura</strong></span> <span class='ocrx_word' id='word_1_397' title='bbox 1573 1015 1621 1036; x_wconf 87' lang='lat' dir='ltr'><strong>sua</strong></span> <span class='ocrx_word' id='word_1_398' title='bbox 1634 1009 1735 1038; x_wconf 85' lang='lat' dir='ltr'><strong>malum</strong></span> 
     </span>
    </p>
   </div>
   <div class='ocr_carea' id='block_1_50' title="bbox 950 1053 1737 1091">
    <p class='ocr_par' dir='ltr' id='par_1_50' title="bbox 950 1053 1737 1091">
     <span class='ocr_line' id='line_1_50' title="bbox 950 1053 1737 1091; baseline 0.004 -10"><span class='ocrx_word' id='word_1_399' title='bbox 950 1057 1001 1085; x_wconf 85' lang='lat' dir='ltr'><strong>est,</strong></span> <span class='ocrx_word' id='word_1_400' title='bbox 1021 1053 1093 1081; x_wconf 85' lang='lat' dir='ltr'><strong>unde</strong></span> <span class='ocrx_word' id='word_1_401' title='bbox 1111 1053 1217 1082; x_wconf 81' lang='lat' dir='ltr'><strong>deﬁniri</strong></span> <span class='ocrx_word' id='word_1_402' title='bbox 1234 1054 1320 1089; x_wconf 85' lang='lat' dir='ltr'><strong>possit</strong></span> <span class='ocrx_word' id='word_1_403' title='bbox 1333 1057 1359 1081; x_wconf 89' lang='lat' dir='ltr'><strong>et</strong></span> <span class='ocrx_word' id='word_1_404' title='bbox 1374 1054 1541 1089; x_wconf 81' lang='lat' dir='ltr'><strong>proprietate</strong></span> <span class='ocrx_word' id='word_1_405' title='bbox 1557 1055 1695 1091; x_wconf 85' lang='lat' dir='ltr'><strong>insigniri,</strong></span> <span class='ocrx_word' id='word_1_406' title='bbox 1707 1061 1737 1084; x_wconf 87' lang='lat' dir='ltr'><strong>et</strong></span> 
     </span>
    </p>
   </div>
   <div class='ocr_carea' id='block_1_51' title="bbox 948 1098 1734 1134">
    <p class='ocr_par' dir='ltr' id='par_1_51' title="bbox 948 1098 1734 1134">
     <span class='ocr_line' id='line_1_51' title="bbox 948 1098 1734 1134; baseline 0.005 -9"><span class='ocrx_word' id='word_1_407' title='bbox 948 1098 1019 1132; x_wconf 89' lang='lat' dir='ltr'><strong>quod</strong></span> <span class='ocrx_word' id='word_1_408' title='bbox 1037 1098 1102 1133; x_wconf 91' lang='lat' dir='ltr'><strong>quid</strong></span> <span class='ocrx_word' id='word_1_409' title='bbox 1124 1103 1167 1126; x_wconf 79' lang='lat' dir='ltr'><strong>est</strong></span> <span class='ocrx_word' id='word_1_410' title='bbox 1182 1098 1292 1134; x_wconf 87' lang='lat' dir='ltr'><strong>habeat)</strong></span> <span class='ocrx_word' id='word_1_411' title='bbox 1311 1098 1412 1126; x_wconf 90' lang='lat' dir='ltr'><strong>idcirco</strong></span> <span class='ocrx_word' id='word_1_412' title='bbox 1426 1106 1479 1126; x_wconf 95' lang='lat' dir='ltr'><strong>non</strong></span> <span class='ocrx_word' id='word_1_413' title='bbox 1494 1099 1550 1127; x_wconf 86' lang='lat' dir='ltr'><strong>vult</strong></span> <span class='ocrx_word' id='word_1_414' title='bbox 1562 1100 1653 1128; x_wconf 81' lang='lat' dir='ltr'><strong>dicere</strong></span> <span class='ocrx_word' id='word_1_415' title='bbox 1667 1108 1734 1129; x_wconf 92' lang='lat' dir='ltr'><strong>cau-</strong></span> 
     </span>
    </p>
   </div>
   <div class='ocr_carea' id='block_1_52' title="bbox 948 1143 1735 1181">
    <p class='ocr_par' dir='ltr' id='par_1_52' title="bbox 948 1143 1735 1181">
     <span class='ocr_line' id='line_1_52' title="bbox 948 1143 1735 1181; baseline 0.008 -12"><span class='ocrx_word' id='word_1_416' title='bbox 948 1150 994 1170; x_wconf 81' lang='lat' dir='ltr'><strong>sas</strong></span> <span class='ocrx_word' id='word_1_417' title='bbox 1017 1143 1153 1176; x_wconf 83' lang='lat' dir='ltr'><strong>formales,</strong></span> <span class='ocrx_word' id='word_1_418' title='bbox 1176 1143 1224 1172; x_wconf 89' lang='lat' dir='ltr'><strong>sed</strong></span> <span class='ocrx_word' id='word_1_419' title='bbox 1239 1143 1402 1177; x_wconf 72' lang='lat' dir='ltr'><strong>allicientes;</strong></span> <span class='ocrx_word' id='word_1_420' title='bbox 1423 1143 1466 1172; x_wconf 68' lang='lat' dir='ltr'><strong>hae</strong></span> <span class='ocrx_word' id='word_1_421' title='bbox 1482 1151 1548 1172; x_wconf 87' lang='lat' dir='ltr'><strong>vero</strong></span> <span class='ocrx_word' id='word_1_422' title='bbox 1567 1149 1642 1180; x_wconf 87' lang='lat' dir='ltr'><strong>sunt,</strong></span> <span class='ocrx_word' id='word_1_423' title='bbox 1666 1153 1735 1181; x_wconf 88' lang='lat' dir='ltr'><strong>quas</strong></span> 
     </span>
    </p>
   </div>
   <div class='ocr_carea' id='block_1_53' title="bbox 948 1189 1734 1226">
    <p class='ocr_par' dir='ltr' id='par_1_53' title="bbox 948 1189 1734 1226">
     <span class='ocr_line' id='line_1_53' title="bbox 948 1189 1734 1226; baseline 0.005 -10"><span class='ocrx_word' id='word_1_424' title='bbox 948 1189 1073 1224; x_wconf 89' lang='lat' dir='ltr'><strong>superius</strong></span> <span class='ocrx_word' id='word_1_425' title='bbox 1087 1190 1210 1217; x_wconf 86' lang='lat' dir='ltr'><strong>defectus</strong></span> <span class='ocrx_word' id='word_1_426' title='bbox 1233 1189 1414 1225; x_wconf 83' lang='lat' dir='ltr'><strong>particulares</strong></span> <span class='ocrx_word' id='word_1_427' title='bbox 1437 1190 1598 1219; x_wconf 87' lang='lat' dir='ltr'><strong>nominavit.</strong></span> <span class='ocrx_word' id='word_1_428' title='bbox 1620 1191 1734 1226; x_wconf 88' lang='lat' dir='ltr'><strong>Deinde,</strong></span> 
     </span>
    </p>
   </div>
   <div class='ocr_carea' id='block_1_54' title="bbox 948 1233 1736 1270">
    <p class='ocr_par' dir='ltr' id='par_1_54' title="bbox 948 1233 1736 1270">
     <span class='ocr_line' id='line_1_54' title="bbox 948 1233 1736 1270; baseline 0.006 -10"><span class='ocrx_word' id='word_1_429' title='bbox 948 1240 982 1261; x_wconf 85' lang='lat' dir='ltr'><strong>ne</strong></span> <span class='ocrx_word' id='word_1_430' title='bbox 993 1234 1226 1270; x_wconf 71' lang='lat' dir='ltr'><strong>qnis‘suspicetur,</strong></span> <span class='ocrx_word' id='word_1_431' title='bbox 1236 1233 1383 1262; x_wconf 77' lang='lat' dir='ltr'><strong>efﬁcientes</strong></span> <span class='ocrx_word' id='word_1_432' title='bbox 1397 1234 1479 1262; x_wconf 88' lang='lat' dir='ltr'><strong>hasce</strong></span> <span class='ocrx_word' id='word_1_433' title='bbox 1492 1235 1625 1264; x_wconf 89' lang='lat' dir='ltr'><strong>malorum</strong></span> <span class='ocrx_word' id='word_1_434' title='bbox 1638 1244 1736 1266; x_wconf 79' lang='lat' dir='ltr'><strong>causas</strong></span> 
     </span>
    </p>
   </div>
   <div class='ocr_carea' id='block_1_55' title="bbox 946 1279 1733 1317">
    <p class='ocr_par' dir='ltr' id='par_1_55' title="bbox 946 1279 1733 1317">
     <span class='ocr_line' id='line_1_55' title="bbox 946 1279 1733 1317; baseline 0.006 -11"><span class='ocrx_word' id='word_1_435' title='bbox 946 1279 1075 1312; x_wconf 67' lang='lat' dir='ltr'><strong>existere,</strong></span> <span class='ocrx_word' id='word_1_436' title='bbox 1090 1281 1206 1308; x_wconf 89' lang='lat' dir='ltr'><strong>virtutes</strong></span> <span class='ocrx_word' id='word_1_437' title='bbox 1219 1280 1351 1316; x_wconf 87' lang='lat' dir='ltr'><strong>quasdam</strong></span> <span class='ocrx_word' id='word_1_438' title='bbox 1379 1288 1412 1308; x_wconf 86' lang='lat' dir='ltr'><strong>ac</strong></span> <span class='ocrx_word' id='word_1_439' title='bbox 1436 1281 1557 1310; x_wconf 84' lang='lat' dir='ltr'><strong>rationes</strong></span> <span class='ocrx_word' id='word_1_440' title='bbox 1573 1287 1601 1310; x_wconf 91' lang='lat' dir='ltr'><strong>et</strong></span> <span class='ocrx_word' id='word_1_441' title='bbox 1617 1281 1733 1317; x_wconf 79' lang='lat' dir='ltr'><strong>formas,</strong></span> 
     </span>
    </p>
   </div>
   <div class='ocr_carea' id='block_1_56' title="bbox 946 1325 1733 1364">
    <p class='ocr_par' dir='ltr' id='par_1_56' title="bbox 946 1325 1733 1364">
     <span class='ocr_line' id='line_1_56' title="bbox 946 1325 1733 1364; baseline 0.008 -12"><span class='ocrx_word' id='word_1_442' title='bbox 946 1325 1093 1353; x_wconf 88' lang='lat' dir='ltr'><strong>secundum</strong></span> <span class='ocrx_word' id='word_1_443' title='bbox 1105 1334 1174 1361; x_wconf 89' lang='lat' dir='ltr'><strong>quas</strong></span> <span class='ocrx_word' id='word_1_444' title='bbox 1191 1327 1261 1354; x_wconf 84' lang='lat' dir='ltr'><strong>mala</strong></span> <span class='ocrx_word' id='word_1_445' title='bbox 1277 1327 1328 1355; x_wconf 86' lang='lat' dir='ltr'><strong>ista</strong></span> <span class='ocrx_word' id='word_1_446' title='bbox 1345 1327 1537 1364; x_wconf 78' lang='lat' dir='ltr'><strong>insigniautur,</strong></span> <span class='ocrx_word' id='word_1_447' title='bbox 1552 1329 1662 1362; x_wconf 87' lang='lat' dir='ltr'><strong>asserit,</strong></span> <span class='ocrx_word' id='word_1_448' title='bbox 1681 1337 1733 1358; x_wconf 92' lang='lat' dir='ltr'><strong>non</strong></span> 
     </span>
    </p>
   </div>
   <div class='ocr_carea' id='block_1_57' title="bbox 945 1373 1734 1410">
    <p class='ocr_par' dir='ltr' id='par_1_57' title="bbox 945 1373 1734 1410">
     <span class='ocr_line' id='line_1_57' title="bbox 945 1373 1734 1410; baseline 0.006 -11"><span class='ocrx_word' id='word_1_449' title='bbox 945 1379 1006 1400; x_wconf 83' lang='lat' dir='ltr'><strong>esse</strong></span> <span class='ocrx_word' id='word_1_450' title='bbox 1013 1373 1139 1406; x_wconf 85' lang='lat' dir='ltr'><strong>virtutes.</strong></span> <span class='ocrx_word' id='word_1_451' title='bbox 1148 1374 1193 1401; x_wconf 90' lang='lat' dir='ltr'><strong>sed</strong></span> <span class='ocrx_word' id='word_1_452' title='bbox 1203 1374 1391 1409; x_wconf 87' lang='lat' dir='ltr'><strong>impotentiam</strong></span> <span class='ocrx_word' id='word_1_453' title='bbox 1400 1380 1427 1402; x_wconf 90' lang='lat' dir='ltr'><strong>et</strong></span> <span class='ocrx_word' id='word_1_454' title='bbox 1435 1375 1612 1410; x_wconf 78' lang='lat' dir='ltr'><strong>incongruam</strong></span> <span class='ocrx_word' id='word_1_455' title='bbox 1628 1377 1734 1404; x_wconf 84' lang='lat' dir='ltr'><strong>Inistio—</strong></span> 
     </span>
    </p>
   </div>
   <div class='ocr_carea' id='block_1_58' title="bbox 946 1420 1734 1456">
    <p class='ocr_par' dir='ltr' id='par_1_58' title="bbox 946 1420 1734 1456">
     <span class='ocr_line' id='line_1_58' title="bbox 946 1420 1734 1456; baseline 0.008 -11"><span class='ocrx_word' id='word_1_456' title='bbox 946 1426 1008 1447; x_wconf 88' lang='lat' dir='ltr'><strong>nem</strong></span> <span class='ocrx_word' id='word_1_457' title='bbox 1022 1426 1114 1447; x_wconf 86' lang='lat' dir='ltr'><strong>rerum</strong></span> <span class='ocrx_word' id='word_1_458' title='bbox 1126 1420 1307 1448; x_wconf 88' lang='lat' dir='ltr'><strong>dissimilium.</strong></span> <span class='ocrx_word' id='word_1_459' title='bbox 1316 1420 1383 1448; x_wconf 85' lang='lat' dir='ltr'><strong>Cum</strong></span> <span class='ocrx_word' id='word_1_460' title='bbox 1397 1421 1468 1449; x_wconf 90' lang='lat' dir='ltr'><strong>enim</strong></span> <span class='ocrx_word' id='word_1_461' title='bbox 1478 1421 1602 1456; x_wconf 85' lang='lat' dir='ltr'><strong>subjecto</strong></span> <span class='ocrx_word' id='word_1_462' title='bbox 1612 1422 1734 1451; x_wconf 84' lang='lat' dir='ltr'><strong>defectus</strong></span> 
     </span>
    </p>
   </div>
   <div class='ocr_carea' id='block_1_59' title="bbox 945 1464 1733 1505">
    <p class='ocr_par' dir='ltr' id='par_1_59' title="bbox 945 1464 1733 1505">
     <span class='ocr_line' id='line_1_59' title="bbox 945 1464 1733 1505; baseline 0.009 -14"><span class='ocrx_word' id='word_1_463' title='bbox 945 1464 1044 1500; x_wconf 89' lang='lat' dir='ltr'><strong>aliquis</strong></span> <span class='ocrx_word' id='word_1_464' title='bbox 1057 1466 1157 1493; x_wconf 89' lang='lat' dir='ltr'><strong>accidit</strong></span> <span class='ocrx_word' id='word_1_465' title='bbox 1171 1467 1319 1495; x_wconf 84' lang='lat' dir='ltr'><strong>secundum</strong></span> <span class='ocrx_word' id='word_1_466' title='bbox 1334 1467 1549 1501; x_wconf 88' lang='lat' dir='ltr'><strong>virtutem,ecce</strong></span> <span class='ocrx_word' id='word_1_467' title='bbox 1563 1469 1652 1505; x_wconf 79' lang='lat' dir='ltr'><strong>aliqua</strong></span> <span class='ocrx_word' id='word_1_468' title='bbox 1666 1476 1733 1498; x_wconf 83' lang='lat' dir='ltr'><strong>exo-</strong></span> 
     </span>
    </p>
   </div>
   <div class='ocr_carea' id='block_1_60' title="bbox 945 1511 1732 1551">
    <p class='ocr_par' dir='ltr' id='par_1_60' title="bbox 945 1511 1732 1551">
     <span class='ocr_line' id='line_1_60' title="bbox 945 1511 1732 1551; baseline 0.009 -14"><span class='ocrx_word' id='word_1_469' title='bbox 945 1511 1014 1538; x_wconf 88' lang='lat' dir='ltr'><strong>ritur</strong></span> <span class='ocrx_word' id='word_1_470' title='bbox 1023 1511 1137 1544; x_wconf 86' lang='lat' dir='ltr'><strong>malitia,</strong></span> <span class='ocrx_word' id='word_1_471' title='bbox 1145 1516 1172 1540; x_wconf 89' lang='lat' dir='ltr'><strong>et</strong></span> <span class='ocrx_word' id='word_1_472' title='bbox 1180 1512 1267 1540; x_wconf 86' lang='lat' dir='ltr'><strong>adhuc</strong></span> <span class='ocrx_word' id='word_1_473' title='bbox 1278 1512 1375 1548; x_wconf 82' lang='lat' dir='ltr'><strong>major,</strong></span> <span class='ocrx_word' id='word_1_474' title='bbox 1384 1517 1410 1541; x_wconf 92' lang='lat' dir='ltr'><strong>et</strong></span> <span class='ocrx_word' id='word_1_475' title='bbox 1417 1513 1505 1541; x_wconf 89' lang='lat' dir='ltr'><strong>adhuc</strong></span> <span class='ocrx_word' id='word_1_476' title='bbox 1513 1514 1609 1550; x_wconf 82' lang='lat' dir='ltr'><strong>major,</strong></span> <span class='ocrx_word' id='word_1_477' title='bbox 1618 1515 1697 1551; x_wconf 88' lang='lat' dir='ltr'><strong>idque</strong></span> <span class='ocrx_word' id='word_1_478' title='bbox 1705 1515 1732 1544; x_wconf 91' lang='lat' dir='ltr'><strong>in</strong></span> 
     </span>
    </p>
   </div>
   <div class='ocr_carea' id='block_1_61' title="bbox 944 1556 1730 1594">
    <p class='ocr_par' dir='ltr' id='par_1_61' title="bbox 944 1556 1730 1594">
     <span class='ocr_line' id='line_1_61' title="bbox 944 1556 1730 1594; baseline 0.005 -11"><span class='ocrx_word' id='word_1_479' title='bbox 944 1556 1092 1590; x_wconf 92' lang='lat' dir='ltr'><strong>inﬁnitum,</strong></span> <span class='ocrx_word' id='word_1_480' title='bbox 1101 1563 1151 1584; x_wconf 91' lang='lat' dir='ltr'><strong>nec</strong></span> <span class='ocrx_word' id='word_1_481' title='bbox 1159 1564 1279 1592; x_wconf 84' lang='lat' dir='ltr'><strong>unquam</strong></span> <span class='ocrx_word' id='word_1_482' title='bbox 1288 1557 1390 1584; x_wconf 89' lang='lat' dir='ltr'><strong>malitia</strong></span> <span class='ocrx_word' id='word_1_483' title='bbox 1400 1557 1511 1586; x_wconf 88' lang='lat' dir='ltr'><strong>habebit</strong></span> <span class='ocrx_word' id='word_1_484' title='bbox 1526 1558 1730 1594; x_wconf 83' lang='lat' dir='ltr'><strong>perfectionem.</strong></span> 
     </span>
    </p>
   </div>
   <div class='ocr_carea' id='block_1_62' title="bbox 105 1588 894 1641">
    <p class='ocr_par' dir='ltr' id='par_1_62' title="bbox 105 1588 893 1641">
     <span class='ocr_line' id='line_1_62' title="bbox 105 1588 893 1641; baseline -0.008 -9"><span class='ocrx_word' id='word_1_485' title='bbox 105 1604 179 1641; x_wconf 78' lang='grc' dir='ltr'>μίξις</span> <span class='ocrx_word' id='word_1_486' title='bbox 193 1588 257 1631; x_wconf 26' lang='lat' dir='ltr'><strong>urth</strong></span> <span class='ocrx_word' id='word_1_487' title='bbox 285 1602 419 1638; x_wconf 83' lang='grc' dir='ltr'>ἀνομοίων</span> <span class='ocrx_word' id='word_1_488' title='bbox 444 1588 683 1636; x_wconf 75' lang='grc' dir='ltr'>είδοπεποιημένον</span> <span class='ocrx_word' id='word_1_489' title='bbox 707 1588 734 1626; x_wconf 75' lang='grc' dir='ltr'><strong>τί</strong></span> <span class='ocrx_word' id='word_1_490' title='bbox 758 1588 816 1627; x_wconf 76' lang='grc' dir='ltr'>ἐστι</span> <span class='ocrx_word' id='word_1_491' title='bbox 845 1588 893 1627; x_wconf 68' lang='grc' dir='ltr'>καὶ</span> 
     </span>
    </p>
   </div>
   <div class='ocr_carea' id='block_1_63' title="bbox 947 1588 1731 1641">
    <p class='ocr_par' dir='ltr' id='par_1_63' title="bbox 947 1588 1731 1639">
     <span class='ocr_line' id='line_1_63' title="bbox 947 1588 1731 1639; baseline 0.005 -11"><span class='ocrx_word' id='word_1_492' title='bbox 947 1601 1028 1629; x_wconf 80' lang='lat' dir='ltr'><strong>Recte</strong></span> <span class='ocrx_word' id='word_1_493' title='bbox 1047 1588 1112 1630; x_wconf 83' lang='lat' dir='ltr'><strong>vero</strong></span> <span class='ocrx_word' id='word_1_494' title='bbox 1130 1588 1230 1630; x_wconf 78' lang='lat' dir='ltr'><strong>dicitur</strong></span> <span class='ocrx_word' id='word_1_495' title='bbox 1259 1602 1403 1635; x_wconf 73' lang='lat' dir='ltr'><strong>immensa;</strong></span> <span class='ocrx_word' id='word_1_496' title='bbox 1438 1610 1500 1630; x_wconf 90' lang='lat' dir='ltr'><strong>nam</strong></span> <span class='ocrx_word' id='word_1_497' title='bbox 1526 1588 1731 1639; x_wconf 75' lang='lat' dir='ltr'><strong>proportionata</strong></span> 
     </span>
    </p>
   </div>
   <div class='ocr_carea' id='block_1_64' title="bbox 102 1645 892 1686">
    <p class='ocr_par' dir='ltr' id='par_1_64' title="bbox 102 1645 892 1686">
     <span class='ocr_line' id='line_1_64' title="bbox 102 1645 892 1686; baseline -0.006 -9"><span class='ocrx_word' id='word_1_498' title='bbox 102 1649 266 1686; x_wconf 79' lang='grc' dir='ltr'>ὡρισμένον,</span> <span class='ocrx_word' id='word_1_499' title='bbox 283 1647 331 1674; x_wconf 79' lang='grc' dir='ltr'>καὶ</span> <span class='ocrx_word' id='word_1_500' title='bbox 351 1647 395 1674; x_wconf 79' lang='grc' dir='ltr'><strong>διὰ</strong></span> <span class='ocrx_word' id='word_1_501' title='bbox 409 1646 490 1673; x_wconf 87' lang='grc' dir='ltr'>τοῦτο</span> <span class='ocrx_word' id='word_1_502' title='bbox 505 1645 574 1681; x_wconf 80' lang='grc' dir='ltr'>αὕτη</span> <span class='ocrx_word' id='word_1_503' title='bbox 590 1646 619 1672; x_wconf 83' lang='grc' dir='ltr'>οὐ</span> <span class='ocrx_word' id='word_1_504' title='bbox 637 1645 732 1678; x_wconf 77' lang='grc' dir='ltr'>κακὸν,</span> <span class='ocrx_word' id='word_1_505' title='bbox 750 1645 806 1672; x_wconf 71' lang='grc' dir='ltr'>ἀλλ’</span> <span class='ocrx_word' id='word_1_506' title='bbox 823 1646 892 1680; x_wconf 83' lang='grc' dir='ltr'>ἀγα-</span> 
     </span>
    </p>
   </div>
   <div class='ocr_carea' id='block_1_65' title="bbox 103 1690 893 1728">
    <p class='ocr_par' dir='ltr' id='par_1_65' title="bbox 103 1690 893 1728">
     <span class='ocr_line' id='line_1_65' title="bbox 103 1690 893 1728; baseline -0.01 -4"><span class='ocrx_word' id='word_1_507' title='bbox 103 1695 161 1728; x_wconf 82' lang='grc' dir='ltr'>θὸν,</span> <span class='ocrx_word' id='word_1_508' title='bbox 178 1694 269 1727; x_wconf 83' lang='grc' dir='ltr'>καθὼς</span> <span class='ocrx_word' id='word_1_509' title='bbox 286 1693 360 1721; x_wconf 76' lang='grc' dir='ltr'>ἐστιν</span> <span class='ocrx_word' id='word_1_510' title='bbox 377 1692 441 1720; x_wconf 87' lang='grc' dir='ltr'>ίδεῖν</span> <span class='ocrx_word' id='word_1_511' title='bbox 457 1691 504 1719; x_wconf 64' lang='grc' dir='ltr'><strong>ἐπ)⁵</strong></span> <span class='ocrx_word' id='word_1_512' title='bbox 521 1690 570 1727; x_wconf 84' lang='grc' dir='ltr'>τῆς</span> <span class='ocrx_word' id='word_1_513' title='bbox 586 1691 703 1726; x_wconf 85' lang='grc' dir='ltr'>ὑγιείας,</span> <span class='ocrx_word' id='word_1_514' title='bbox 722 1691 893 1726; x_wconf 82' lang='grc' dir='ltr'>συμμετρίας</span> 
     </span>
    </p>
   </div>
   <div class='ocr_carea' id='block_1_66' title="bbox 101 1737 892 1779">
    <p class='ocr_par' dir='ltr' id='par_1_66' title="bbox 101 1737 892 1779">
     <span class='ocr_line' id='line_1_66' title="bbox 101 1737 892 1779; baseline -0.009 -9"><span class='ocrx_word' id='word_1_515' title='bbox 101 1743 186 1779; x_wconf 72' lang='grc' dir='ltr'>οὔσης</span> <span class='ocrx_word' id='word_1_516' title='bbox 201 1741 256 1769; x_wconf 89' lang='grc' dir='ltr'><strong>τῶν</strong></span> <span class='ocrx_word' id='word_1_517' title='bbox 271 1739 400 1768; x_wconf 74' lang='grc' dir='ltr'>ἐναντίων</span> <span class='ocrx_word' id='word_1_518' title='bbox 413 1738 507 1775; x_wconf 86' lang='grc' dir='ltr'>χυμῶν</span> <span class='ocrx_word' id='word_1_519' title='bbox 517 1746 524 1752; x_wconf 92' lang='grc'><strong>·</strong></span> <span class='ocrx_word' id='word_1_520' title='bbox 540 1737 587 1765; x_wconf 76' lang='grc' dir='ltr'>καὶ</span> <span class='ocrx_word' id='word_1_521' title='bbox 599 1737 647 1764; x_wconf 73' lang='grc' dir='ltr'>ἐπὶ</span> <span class='ocrx_word' id='word_1_522' title='bbox 660 1737 709 1773; x_wconf 83' lang='grc' dir='ltr'>τῆς</span> <span class='ocrx_word' id='word_1_523' title='bbox 724 1737 892 1772; x_wconf 81' lang='grc' dir='ltr'>συμφωνίας,</span> 
     </span>
    </p>
   </div>
   <div class='ocr_carea' id='block_1_67' title="bbox 101 1782 892 1825">
    <p class='ocr_par' dir='ltr' id='par_1_67' title="bbox 101 1782 892 1825">
     <span class='ocr_line' id='line_1_67' title="bbox 101 1782 892 1825; baseline -0.01 -9"><span class='ocrx_word' id='word_1_524' title='bbox 101 1789 165 1825; x_wconf 73' lang='grc' dir='ltr'>ἥτις</span> <span class='ocrx_word' id='word_1_525' title='bbox 181 1786 339 1823; x_wconf 84' lang='grc' dir='ltr'>πολυμιγῶν</span> <span class='ocrx_word' id='word_1_526' title='bbox 360 1786 408 1813; x_wconf 74' lang='grc' dir='ltr'>καὶ</span> <span class='ocrx_word' id='word_1_527' title='bbox 431 1785 492 1822; x_wconf 84' lang='grc' dir='ltr'>δίχα</span> <span class='ocrx_word' id='word_1_528' title='bbox 515 1783 685 1821; x_wconf 83' lang='grc' dir='ltr'>φρονούντων</span> <span class='ocrx_word' id='word_1_529' title='bbox 701 1782 797 1814; x_wconf 85' lang='grc' dir='ltr'>ἐνωσις</span> <span class='ocrx_word' id='word_1_530' title='bbox 813 1782 892 1817; x_wconf 80' lang='grc' dir='ltr'>λέγε-</span> 
     </span>
    </p>
   </div>
   <div class='ocr_carea' id='block_1_68' title="bbox 101 1828 893 1868">
    <p class='ocr_par' dir='ltr' id='par_1_68' title="bbox 101 1828 893 1868">
     <span class='ocr_line' id='line_1_68' title="bbox 101 1828 893 1868; baseline -0.01 -6"><span class='ocrx_word' id='word_1_531' title='bbox 101 1843 160 1868; x_wconf 78' lang='grc' dir='ltr'>ται,</span> <span class='ocrx_word' id='word_1_532' title='bbox 176 1834 231 1861; x_wconf 87' lang='grc' dir='ltr'>τῶν</span> <span class='ocrx_word' id='word_1_533' title='bbox 246 1833 312 1868; x_wconf 87' lang='grc' dir='ltr'>γοῦν</span> <span class='ocrx_word' id='word_1_534' title='bbox 327 1831 397 1859; x_wconf 85' lang='grc' dir='ltr'>κατὰ</span> <span class='ocrx_word' id='word_1_535' title='bbox 413 1831 492 1867; x_wconf 87' lang='grc' dir='ltr'>φύσιν</span> <span class='ocrx_word' id='word_1_536' title='bbox 508 1831 552 1858; x_wconf 66' lang='grc' dir='ltr'><strong>ἀεὶ⁴</strong></span> <span class='ocrx_word' id='word_1_537' title='bbox 567 1829 697 1861; x_wconf 84' lang='grc' dir='ltr'><strong>ὡσαύτως</strong></span> <span class='ocrx_word' id='word_1_538' title='bbox 713 1828 838 1864; x_wconf 88' lang='grc' dir='ltr'>ἐχόντων,</span> <span class='ocrx_word' id='word_1_539' title='bbox 855 1828 893 1860; x_wconf 83' lang='grc' dir='ltr'>ὡς</span> 
     </span>
    </p>
   </div>
   <div class='ocr_carea' id='block_1_69' title="bbox 100 1873 892 1915">
    <p class='ocr_par' dir='ltr' id='par_1_69' title="bbox 100 1873 892 1915">
     <span class='ocr_line' id='line_1_69' title="bbox 100 1873 892 1915; baseline -0.009 -8"><span class='ocrx_word' id='word_1_540' title='bbox 100 1879 261 1915; x_wconf 83' lang='grc' dir='ltr'>ὡρισμένων</span> <span class='ocrx_word' id='word_1_541' title='bbox 278 1877 348 1905; x_wconf 85' lang='grc' dir='ltr'><strong>κατά</strong></span> <span class='ocrx_word' id='word_1_542' title='bbox 371 1876 417 1904; x_wconf 81' lang='grc' dir='ltr'>τὸν</span> <span class='ocrx_word' id='word_1_543' title='bbox 439 1876 490 1912; x_wconf 84' lang='grc' dir='ltr'>τῆς</span> <span class='ocrx_word' id='word_1_544' title='bbox 515 1875 622 1910; x_wconf 84' lang='grc' dir='ltr'>φύσεως</span> <span class='ocrx_word' id='word_1_545' title='bbox 643 1873 733 1902; x_wconf 86' lang='grc' dir='ltr'>αὑτῶν</span> <span class='ocrx_word' id='word_1_546' title='bbox 749 1873 837 1908; x_wconf 84' lang='grc' dir='ltr'>λόγον.</span> <span class='ocrx_word' id='word_1_547' title='bbox 854 1874 892 1900; x_wconf 82' lang='grc' dir='ltr'><strong>Οὐ</strong></span> 
     </span>
    </p>
   </div>
   <div class='ocr_carea' id='block_1_70' title="bbox 101 1919 892 1962">
    <p class='ocr_par' dir='ltr' id='par_1_70' title="bbox 101 1919 892 1962">
     <span class='ocr_line' id='line_1_70' title="bbox 101 1919 892 1962; baseline -0.009 -9"><span class='ocrx_word' id='word_1_548' title='bbox 101 1926 158 1962; x_wconf 81' lang='grc' dir='ltr'>γὰρ</span> <span class='ocrx_word' id='word_1_549' title='bbox 174 1927 206 1952; x_wconf 82' lang='grc' dir='ltr'><strong>ἐκ</strong></span> <span class='ocrx_word' id='word_1_550' title='bbox 221 1925 351 1960; x_wconf 82' lang='grc' dir='ltr'>γιγάρτου</span> <span class='ocrx_word' id='word_1_551' title='bbox 368 1923 433 1950; x_wconf 86' lang='grc' dir='ltr'><strong>ποτέ</strong></span> <span class='ocrx_word' id='word_1_552' title='bbox 448 1922 525 1949; x_wconf 86' lang='grc' dir='ltr'>ἐλαία</span> <span class='ocrx_word' id='word_1_553' title='bbox 540 1920 716 1956; x_wconf 85' lang='grc' dir='ltr'>ἀναφύσεται,</span> <span class='ocrx_word' id='word_1_554' title='bbox 734 1919 791 1948; x_wconf 73' lang='grc' dir='ltr'>ἀλλ’</span> <span class='ocrx_word' id='word_1_555' title='bbox 802 1920 892 1956; x_wconf 79' lang='grc' dir='ltr'>ἀμπε-</span> 
     </span>
    </p>
   </div>
   <div class='ocr_carea' id='block_1_71' title="bbox 101 1965 893 2005">
    <p class='ocr_par' dir='ltr' id='par_1_71' title="bbox 101 1965 893 2005">
     <span class='ocr_line' id='line_1_71' title="bbox 101 1965 893 2005; baseline -0.008 -6"><span class='ocrx_word' id='word_1_556' title='bbox 101 1973 158 2004; x_wconf 86' lang='grc' dir='ltr'>λος,</span> <span class='ocrx_word' id='word_1_557' title='bbox 167 1971 220 1998; x_wconf 72' lang='grc' dir='ltr'><strong>οὐδ’</strong></span> <span class='ocrx_word' id='word_1_558' title='bbox 231 1971 264 1998; x_wconf 83' lang='grc' dir='ltr'><strong>ἐκ</strong></span> <span class='ocrx_word' id='word_1_559' title='bbox 272 1970 319 1997; x_wconf 87' lang='grc' dir='ltr'><strong>τοῦ</strong></span> <span class='ocrx_word' id='word_1_560' title='bbox 332 1969 452 2005; x_wconf 83' lang='grc' dir='ltr'>πυρῆνος</span> <span class='ocrx_word' id='word_1_561' title='bbox 465 1967 596 2004; x_wconf 77' lang='grc' dir='ltr'>ἄμπελος,</span> <span class='ocrx_word' id='word_1_562' title='bbox 605 1966 662 1994; x_wconf 80' lang='grc' dir='ltr'>ἀλλ’</span> <span class='ocrx_word' id='word_1_563' title='bbox 673 1966 760 1993; x_wconf 87' lang='grc' dir='ltr'>ὲλαία.</span> <span class='ocrx_word' id='word_1_564' title='bbox 770 1965 810 1992; x_wconf 88' lang='grc' dir='ltr'><strong>Τὰ</strong></span> <span class='ocrx_word' id='word_1_565' title='bbox 821 1966 893 1994; x_wconf 86' lang='grc' dir='ltr'><strong>κακά</strong></span> 
     </span>
    </p>
   </div>
   <div class='ocr_carea' id='block_1_72' title="bbox 100 2011 894 2054">
    <p class='ocr_par' dir='ltr' id='par_1_72' title="bbox 100 2011 894 2054">
     <span class='ocr_line' id='line_1_72' title="bbox 100 2011 894 2054; baseline -0.01 -8"><span class='ocrx_word' id='word_1_566' title='bbox 100 2017 218 2054; x_wconf 83' lang='grc' dir='ltr'>ἀόριστά</span> <span class='ocrx_word' id='word_1_567' title='bbox 233 2017 296 2048; x_wconf 78' lang='grc' dir='ltr'>εἱσι,</span> <span class='ocrx_word' id='word_1_568' title='bbox 311 2016 359 2043; x_wconf 78' lang='grc' dir='ltr'>καὶ</span> <span class='ocrx_word' id='word_1_569' title='bbox 375 2015 404 2041; x_wconf 82' lang='grc' dir='ltr'><strong>ἐν</strong></span> <span class='ocrx_word' id='word_1_570' title='bbox 421 2014 509 2046; x_wconf 87' lang='grc' dir='ltr'>ἀλλοις</span> <span class='ocrx_word' id='word_1_571' title='bbox 526 2014 573 2040; x_wconf 79' lang='grc' dir='ltr'>καὶ</span> <span class='ocrx_word' id='word_1_572' title='bbox 589 2012 679 2044; x_wconf 84' lang='grc' dir='ltr'>ἀλλοις</span> <span class='ocrx_word' id='word_1_573' title='bbox 694 2012 832 2048; x_wconf 87' lang='grc' dir='ltr'>ἀπείροις·</span> <span class='ocrx_word' id='word_1_574' title='bbox 846 2011 894 2039; x_wconf 73' lang='grc' dir='ltr'>καὶ</span> 
     </span>
    </p>
   </div>
   <div class='ocr_carea' id='block_1_73' title="bbox 99 2058 894 2097">
    <p class='ocr_par' dir='ltr' id='par_1_73' title="bbox 99 2058 894 2097">
     <span class='ocr_line' id='line_1_73' title="bbox 99 2058 894 2097; baseline -0.009 -6"><span class='ocrx_word' id='word_1_575' title='bbox 99 2064 158 2091; x_wconf 79' lang='grc' dir='ltr'><strong>τῶν</strong></span> <span class='ocrx_word' id='word_1_576' title='bbox 173 2062 264 2090; x_wconf 84' lang='grc' dir='ltr'>κακῶν</span> <span class='ocrx_word' id='word_1_577' title='bbox 273 2063 346 2089; x_wconf 78' lang='grc' dir='ltr'>ἐστιν</span> <span class='ocrx_word' id='word_1_578' title='bbox 356 2060 427 2097; x_wconf 84' lang='grc' dir='ltr'>ἀρχὴ</span> <span class='ocrx_word' id='word_1_579' title='bbox 439 2061 486 2088; x_wconf 78' lang='grc' dir='ltr'><strong>καὶ</strong></span> <span class='ocrx_word' id='word_1_580' title='bbox 497 2059 572 2092; x_wconf 84' lang='grc' dir='ltr'>τέλος</span> <span class='ocrx_word' id='word_1_581' title='bbox 587 2059 618 2086; x_wconf 82' lang='grc' dir='ltr'><strong>τὸ</strong></span> <span class='ocrx_word' id='word_1_582' title='bbox 633 2058 744 2093; x_wconf 82' lang='grc' dir='ltr'>ἀγαθόν·</span> <span class='ocrx_word' id='word_1_583' title='bbox 755 2058 802 2085; x_wconf 77' lang='grc' dir='ltr'>καὶ</span> <span class='ocrx_word' id='word_1_584' title='bbox 809 2058 894 2085; x_wconf 83' lang='grc' dir='ltr'>κακὸν</span> 
     </span>
    </p>
   </div>
   <div class='ocr_carea' id='block_1_74' title="bbox 99 2103 894 2146">
    <p class='ocr_par' dir='ltr' id='par_1_74' title="bbox 99 2103 894 2146">
     <span class='ocr_line' id='line_1_74' title="bbox 99 2103 894 2146; baseline -0.01 -9"><span class='ocrx_word' id='word_1_585' title='bbox 99 2110 157 2146; x_wconf 78' lang='grc' dir='ltr'><strong>γὰρ</strong></span> <span class='ocrx_word' id='word_1_586' title='bbox 180 2108 329 2140; x_wconf 78' lang='grc' dir='ltr'>ποιοῦντες,</span> <span class='ocrx_word' id='word_1_587' title='bbox 345 2107 445 2142; x_wconf 79' lang='grc' dir='ltr'>ἀγαθὸν</span> <span class='ocrx_word' id='word_1_588' title='bbox 469 2107 556 2133; x_wconf 81' lang='grc' dir='ltr'>ποιεῖν</span> <span class='ocrx_word' id='word_1_589' title='bbox 571 2104 719 2141; x_wconf 80' lang='grc' dir='ltr'>νομίζομεν</span> <span class='ocrx_word' id='word_1_590' title='bbox 730 2113 736 2119; x_wconf 94' lang='grc'><strong>·</strong></span> <span class='ocrx_word' id='word_1_591' title='bbox 755 2104 782 2130; x_wconf 85' lang='grc' dir='ltr'>εῐ</span> <span class='ocrx_word' id='word_1_592' title='bbox 795 2113 822 2130; x_wconf 92' lang='grc' dir='ltr'><strong>τι</strong></span> <span class='ocrx_word' id='word_1_593' title='bbox 838 2103 894 2140; x_wconf 79' lang='grc' dir='ltr'><strong>γὰρ</strong></span> 
     </span>
    </p>
   </div>
   <div class='ocr_carea' id='block_1_75' title="bbox 100 2149 893 2192">
    <p class='ocr_par' dir='ltr' id='par_1_75' title="bbox 100 2149 893 2192">
     <span class='ocr_line' id='line_1_75' title="bbox 100 2149 893 2192; baseline -0.011 -8"><span class='ocrx_word' id='word_1_594' title='bbox 100 2157 269 2192; x_wconf 72' lang='grc' dir='ltr'>πράττομεν,</span> <span class='ocrx_word' id='word_1_595' title='bbox 285 2154 316 2181; x_wconf 71' lang='grc' dir='ltr'>τὸ</span> <span class='ocrx_word' id='word_1_596' title='bbox 331 2153 432 2187; x_wconf 76' lang='grc' dir='ltr'>ἀγαθὸν</span> <span class='ocrx_word' id='word_1_597' title='bbox 442 2151 587 2183; x_wconf 77' lang='grc' dir='ltr'>ποθοῦντες</span> <span class='ocrx_word' id='word_1_598' title='bbox 609 2151 779 2187; x_wconf 86' lang='grc' dir='ltr'>πράττομεν·</span> <span class='ocrx_word' id='word_1_599' title='bbox 799 2151 823 2176; x_wconf 88' lang='grc' dir='ltr'><strong>εί</strong></span> <span class='ocrx_word' id='word_1_600' title='bbox 838 2149 893 2185; x_wconf 88' lang='grc' dir='ltr'>γὰρ</span> 
     </span>
    </p>
   </div>
   <div class='ocr_carea' id='block_1_76' title="bbox 106 2195 893 2236">
    <p class='ocr_par' dir='ltr' id='par_1_76' title="bbox 106 2195 893 2236">
     <span class='ocr_line' id='line_1_76' title="bbox 106 2195 893 2236; baseline -0.01 -6"><span class='ocrx_word' id='word_1_601' title='bbox 106 2203 196 2230; x_wconf 75' lang='grc' dir='ltr'>ἐδόκει</span> <span class='ocrx_word' id='word_1_602' title='bbox 207 2201 296 2236; x_wconf 86' lang='grc' dir='ltr'>πάντη</span> <span class='ocrx_word' id='word_1_603' title='bbox 313 2200 405 2231; x_wconf 80' lang='grc' dir='ltr'>κακὸν,</span> <span class='ocrx_word' id='word_1_604' title='bbox 418 2199 468 2226; x_wconf 83' lang='grc' dir='ltr'><strong>οὑκ</strong></span> <span class='ocrx_word' id='word_1_605' title='bbox 482 2198 515 2225; x_wconf 76' lang='grc' dir='ltr'>ἂν</span> <span class='ocrx_word' id='word_1_606' title='bbox 525 2195 559 2233; x_wconf 85' lang='grc' dir='ltr'>ἦν</span> <span class='ocrx_word' id='word_1_607' title='bbox 570 2196 642 2233; x_wconf 82' lang='grc' dir='ltr'>ὁρμὴ</span> <span class='ocrx_word' id='word_1_608' title='bbox 653 2197 700 2224; x_wconf 79' lang='grc' dir='ltr'>καὶ</span> <span class='ocrx_word' id='word_1_609' title='bbox 711 2197 803 2231; x_wconf 77' lang='grc' dir='ltr'>ἔφεσις</span> <span class='ocrx_word' id='word_1_610' title='bbox 815 2196 893 2232; x_wconf 81' lang='grc' dir='ltr'>ἡμῶν</span> 
     </span>
    </p>
   </div>
   <div class='ocr_carea' id='block_1_77' title="bbox 100 2242 893 2285">
    <p class='ocr_par' dir='ltr' id='par_1_77' title="bbox 100 2242 893 2285">
     <span class='ocr_line' id='line_1_77' title="bbox 100 2242 893 2285; baseline -0.006 -9"><span class='ocrx_word' id='word_1_611' title='bbox 100 2249 173 2285; x_wconf 72' lang='grc' dir='ltr'>πρὸς</span> <span class='ocrx_word' id='word_1_612' title='bbox 188 2249 275 2275; x_wconf 78' lang='grc' dir='ltr'>ἐκεῖνο</span> <span class='ocrx_word' id='word_1_613' title='bbox 286 2256 292 2262; x_wconf 93' lang='grc'><strong>·</strong></span> <span class='ocrx_word' id='word_1_614' title='bbox 319 2246 364 2274; x_wconf 80' lang='grc' dir='ltr'><strong>διὰ</strong></span> <span class='ocrx_word' id='word_1_615' title='bbox 383 2242 462 2273; x_wconf 85' lang='grc' dir='ltr'>τοῦτο</span> <span class='ocrx_word' id='word_1_616' title='bbox 477 2245 542 2280; x_wconf 87' lang='grc' dir='ltr'>γοῦν</span> <span class='ocrx_word' id='word_1_617' title='bbox 565 2244 614 2279; x_wconf 81' lang='grc' dir='ltr'><strong>οὐχ</strong></span> <span class='ocrx_word' id='word_1_618' title='bbox 629 2244 777 2271; x_wconf 78' lang='grc' dir='ltr'>ὑπόστασιν</span> <span class='ocrx_word' id='word_1_619' title='bbox 793 2243 848 2279; x_wconf 77' lang='grc' dir='ltr'>ἔχει</span> <span class='ocrx_word' id='word_1_620' title='bbox 863 2243 893 2271; x_wconf 83' lang='grc' dir='ltr'>τδ</span> 
     </span>
    </p>
   </div>
   <div class='ocr_carea' id='block_1_78' title="bbox 943 1647 1731 1685">
    <p class='ocr_par' dir='ltr' id='par_1_78' title="bbox 943 1647 1731 1685">
     <span class='ocr_line' id='line_1_78' title="bbox 943 1647 1731 1685; baseline 0.003 -10"><span class='ocrx_word' id='word_1_621' title='bbox 943 1648 1065 1684; x_wconf 66' lang='lat' dir='ltr'><strong>quaedam</strong></span> <span class='ocrx_word' id='word_1_622' title='bbox 1081 1647 1252 1676; x_wconf 88' lang='lat' dir='ltr'><strong>dissimilium</strong></span> <span class='ocrx_word' id='word_1_623' title='bbox 1267 1648 1423 1676; x_wconf 87' lang='lat' dir='ltr'><strong>commistio</strong></span> <span class='ocrx_word' id='word_1_624' title='bbox 1436 1653 1478 1676; x_wconf 90' lang='lat' dir='ltr'><strong>est</strong></span> <span class='ocrx_word' id='word_1_625' title='bbox 1491 1649 1557 1683; x_wconf 91' lang='lat' dir='ltr'><strong>quid</strong></span> <span class='ocrx_word' id='word_1_626' title='bbox 1579 1650 1731 1685; x_wconf 85' lang='lat' dir='ltr'><strong>proprieta-</strong></span> 
     </span>
    </p>
   </div>
   <div class='ocr_carea' id='block_1_79' title="bbox 944 1693 1730 1731">
    <p class='ocr_par' dir='ltr' id='par_1_79' title="bbox 944 1693 1730 1731">
     <span class='ocr_line' id='line_1_79' title="bbox 944 1693 1730 1731; baseline 0.003 -10"><span class='ocrx_word' id='word_1_627' title='bbox 944 1695 1016 1722; x_wconf 83' lang='lat' dir='ltr'><strong>tibus</strong></span> <span class='ocrx_word' id='word_1_628' title='bbox 1027 1694 1185 1730; x_wconf 74' lang='lat' dir='ltr'><strong>insignitum</strong></span> <span class='ocrx_word' id='word_1_629' title='bbox 1201 1701 1233 1722; x_wconf 82' lang='lat' dir='ltr'><strong>ac</strong></span> <span class='ocrx_word' id='word_1_630' title='bbox 1245 1694 1396 1728; x_wconf 88' lang='lat' dir='ltr'><strong>deﬁnitum,</strong></span> <span class='ocrx_word' id='word_1_631' title='bbox 1409 1693 1492 1731; x_wconf 66' lang='grc'><strong>424</strong></span> <span class='ocrx_word' id='word_1_632' title='bbox 1503 1699 1584 1730; x_wconf 85' lang='lat' dir='ltr'><strong>atque</strong></span> <span class='ocrx_word' id='word_1_633' title='bbox 1597 1695 1664 1724; x_wconf 83' lang='lat' dir='ltr'><strong>adeo</strong></span> <span class='ocrx_word' id='word_1_634' title='bbox 1677 1704 1730 1724; x_wconf 88' lang='lat' dir='ltr'><strong>non</strong></span> 
     </span>
    </p>
   </div>
   <div class='ocr_carea' id='block_1_80' title="bbox 943 1739 1729 1775">
    <p class='ocr_par' dir='ltr' id='par_1_80' title="bbox 943 1739 1729 1775">
     <span class='ocr_line' id='line_1_80' title="bbox 943 1739 1729 1775; baseline 0.004 -9"><span class='ocrx_word' id='word_1_635' title='bbox 943 1739 1055 1773; x_wconf 85' lang='lat' dir='ltr'><strong>malum,</strong></span> <span class='ocrx_word' id='word_1_636' title='bbox 1077 1740 1124 1767; x_wconf 88' lang='lat' dir='ltr'><strong>sed</strong></span> <span class='ocrx_word' id='word_1_637' title='bbox 1145 1739 1264 1772; x_wconf 88' lang='lat' dir='ltr'><strong>bonum;</strong></span> <span class='ocrx_word' id='word_1_638' title='bbox 1287 1740 1518 1775; x_wconf 88' lang='lat' dir='ltr'><strong>quemadmodum</strong></span> <span class='ocrx_word' id='word_1_639' title='bbox 1537 1740 1631 1768; x_wconf 85' lang='lat' dir='ltr'><strong>videre</strong></span> <span class='ocrx_word' id='word_1_640' title='bbox 1645 1745 1687 1769; x_wconf 91' lang='lat' dir='ltr'><strong>est</strong></span> <span class='ocrx_word' id='word_1_641' title='bbox 1702 1742 1729 1769; x_wconf 94' lang='lat' dir='ltr'><strong>in</strong></span> 
     </span>
    </p>
   </div>
   <div class='ocr_carea' id='block_1_81' title="bbox 944 1784 1728 1820">
    <p class='ocr_par' dir='ltr' id='par_1_81' title="bbox 944 1784 1728 1820">
     <span class='ocr_line' id='line_1_81' title="bbox 944 1784 1728 1820; baseline 0.005 -9"><span class='ocrx_word' id='word_1_642' title='bbox 944 1784 1071 1817; x_wconf 84' lang='lat' dir='ltr'><strong>sanitate,</strong></span> <span class='ocrx_word' id='word_1_643' title='bbox 1085 1792 1146 1820; x_wconf 67' lang='lat' dir='ltr'><strong>qua</strong></span> <span class='ocrx_word' id='word_1_644' title='bbox 1167 1784 1294 1812; x_wconf 87' lang='lat' dir='ltr'><strong>consistit</strong></span> <span class='ocrx_word' id='word_1_645' title='bbox 1314 1785 1340 1812; x_wconf 91' lang='lat' dir='ltr'><strong>in</strong></span> <span class='ocrx_word' id='word_1_646' title='bbox 1360 1786 1560 1813; x_wconf 88' lang='lat' dir='ltr'><strong>contrariorum</strong></span> <span class='ocrx_word' id='word_1_647' title='bbox 1583 1786 1728 1816; x_wconf 89' lang='lat' dir='ltr'><strong>humorum</strong></span> 
     </span>
    </p>
   </div>
   <div class='ocr_carea' id='block_1_82' title="bbox 944 1831 1731 1866">
    <p class='ocr_par' dir='ltr' id='par_1_82' title="bbox 944 1831 1731 1866">
     <span class='ocr_line' id='line_1_82' title="bbox 944 1831 1731 1866; baseline 0.004 -8"><span class='ocrx_word' id='word_1_648' title='bbox 944 1831 1134 1866; x_wconf 85' lang='lat' dir='ltr'><strong>proportione;</strong></span> <span class='ocrx_word' id='word_1_649' title='bbox 1159 1838 1191 1859; x_wconf 83' lang='lat' dir='ltr'><strong>ac</strong></span> <span class='ocrx_word' id='word_1_650' title='bbox 1211 1831 1237 1859; x_wconf 90' lang='lat' dir='ltr'><strong>in</strong></span> <span class='ocrx_word' id='word_1_651' title='bbox 1258 1832 1446 1866; x_wconf 74' lang='lat' dir='ltr'><strong>congruentia,</strong></span> <span class='ocrx_word' id='word_1_652' title='bbox 1468 1839 1528 1866; x_wconf 73' lang='lat' dir='ltr'><strong>quae</strong></span> <span class='ocrx_word' id='word_1_653' title='bbox 1547 1832 1648 1860; x_wconf 87' lang='lat' dir='ltr'><strong>dicitur</strong></span> <span class='ocrx_word' id='word_1_654' title='bbox 1667 1835 1731 1862; x_wconf 87' lang='lat' dir='ltr'><strong>nnio</strong></span> 
     </span>
    </p>
   </div>
   <div class='ocr_carea' id='block_1_83' title="bbox 944 1877 1729 1914">
    <p class='ocr_par' dir='ltr' id='par_1_83' title="bbox 944 1877 1729 1914">
     <span class='ocr_line' id='line_1_83' title="bbox 944 1877 1729 1914; baseline 0.004 -10"><span class='ocrx_word' id='word_1_655' title='bbox 944 1877 1089 1904; x_wconf 82' lang='lat' dir='ltr'><strong>multarum</strong></span> <span class='ocrx_word' id='word_1_656' title='bbox 1108 1884 1200 1905; x_wconf 91' lang='lat' dir='ltr'><strong>rerum</strong></span> <span class='ocrx_word' id='word_1_657' title='bbox 1215 1877 1370 1909; x_wconf 84' lang='lat' dir='ltr'><strong>mistarum.</strong></span> <span class='ocrx_word' id='word_1_658' title='bbox 1383 1882 1412 1905; x_wconf 85' lang='lat' dir='ltr'><strong>et</strong></span> <span class='ocrx_word' id='word_1_659' title='bbox 1433 1877 1466 1906; x_wconf 82' lang='lat' dir='ltr'><strong>ad</strong></span> <span class='ocrx_word' id='word_1_660' title='bbox 1482 1877 1589 1906; x_wconf 82' lang='lat' dir='ltr'><strong>diversa</strong></span> <span class='ocrx_word' id='word_1_661' title='bbox 1603 1884 1729 1914; x_wconf 86' lang='lat' dir='ltr'><strong>spectan—</strong></span> 
     </span>
    </p>
   </div>
   <div class='ocr_carea' id='block_1_84' title="bbox 943 1923 1729 1960">
    <p class='ocr_par' dir='ltr' id='par_1_84' title="bbox 943 1923 1729 1960">
     <span class='ocr_line' id='line_1_84' title="bbox 943 1923 1729 1960; baseline 0.004 -10"><span class='ocrx_word' id='word_1_662' title='bbox 943 1924 1022 1956; x_wconf 90' lang='lat' dir='ltr'><strong>tium,</strong></span> <span class='ocrx_word' id='word_1_663' title='bbox 1039 1931 1100 1959; x_wconf 70' lang='lat' dir='ltr'><strong>qua:</strong></span> <span class='ocrx_word' id='word_1_664' title='bbox 1112 1923 1241 1951; x_wconf 90' lang='lat' dir='ltr'><strong>videlicet</strong></span> <span class='ocrx_word' id='word_1_665' title='bbox 1254 1923 1403 1951; x_wconf 86' lang='lat' dir='ltr'><strong>secundum</strong></span> <span class='ocrx_word' id='word_1_666' title='bbox 1417 1928 1542 1952; x_wconf 85' lang='lat' dir='ltr'><strong>naturam</strong></span> <span class='ocrx_word' id='word_1_667' title='bbox 1559 1931 1668 1960; x_wconf 91' lang='lat' dir='ltr'><strong>semper</strong></span> <span class='ocrx_word' id='word_1_668' title='bbox 1684 1933 1729 1953; x_wconf 85' lang='lat' dir='ltr'><strong>eo-</strong></span> 
     </span>
    </p>
   </div>
   <div class='ocr_carea' id='block_1_85' title="bbox 944 1967 1730 2003">
    <p class='ocr_par' dir='ltr' id='par_1_85' title="bbox 944 1967 1730 2003">
     <span class='ocr_line' id='line_1_85' title="bbox 944 1967 1730 2003; baseline 0 -7"><span class='ocrx_word' id='word_1_669' title='bbox 944 1969 1005 1996; x_wconf 91' lang='lat' dir='ltr'><strong>dem</strong></span> <span class='ocrx_word' id='word_1_670' title='bbox 1020 1969 1098 1996; x_wconf 91' lang='lat' dir='ltr'><strong>modo</strong></span> <span class='ocrx_word' id='word_1_671' title='bbox 1113 1975 1142 1996; x_wconf 89' lang='lat' dir='ltr'><strong>se</strong></span> <span class='ocrx_word' id='word_1_672' title='bbox 1156 1968 1256 1995; x_wconf 86' lang='lat' dir='ltr'><strong>habent</strong></span> <span class='ocrx_word' id='word_1_673' title='bbox 1266 1967 1337 1996; x_wconf 84' lang='lat' dir='ltr'><strong>sicut</strong></span> <span class='ocrx_word' id='word_1_674' title='bbox 1349 1967 1467 1996; x_wconf 66' lang='lat' dir='ltr'><strong>deﬁnitae</strong></span> <span class='ocrx_word' id='word_1_675' title='bbox 1478 1972 1551 2001; x_wconf 87' lang='lat' dir='ltr'><strong>sunt,</strong></span> <span class='ocrx_word' id='word_1_676' title='bbox 1563 1975 1612 2003; x_wconf 93' lang='lat' dir='ltr'><strong>pro</strong></span> <span class='ocrx_word' id='word_1_677' title='bbox 1625 1973 1730 1996; x_wconf 75' lang='lat' dir='ltr'><strong>natum</strong></span> 
     </span>
    </p>
   </div>
   <div class='ocr_carea' id='block_1_86' title="bbox 943 2014 1730 2049">
    <p class='ocr_par' dir='ltr' id='par_1_86' title="bbox 943 2014 1730 2049">
     <span class='ocr_line' id='line_1_86' title="bbox 943 2014 1730 2049; baseline -0.003 -6"><span class='ocrx_word' id='word_1_678' title='bbox 943 2023 1000 2043; x_wconf 83' lang='lat' dir='ltr'><strong>suae</strong></span> <span class='ocrx_word' id='word_1_679' title='bbox 1012 2016 1127 2043; x_wconf 90' lang='lat' dir='ltr'><strong>ratione.</strong></span> <span class='ocrx_word' id='word_1_680' title='bbox 1143 2015 1203 2043; x_wconf 88' lang='lat' dir='ltr'><strong>Non</strong></span> <span class='ocrx_word' id='word_1_681' title='bbox 1217 2015 1290 2043; x_wconf 89' lang='lat' dir='ltr'><strong>enim</strong></span> <span class='ocrx_word' id='word_1_682' title='bbox 1304 2021 1422 2049; x_wconf 90' lang='lat' dir='ltr'><strong>unquam</strong></span> <span class='ocrx_word' id='word_1_683' title='bbox 1439 2021 1471 2042; x_wconf 75' lang='lat' dir='ltr'><strong>ex</strong></span> <span class='ocrx_word' id='word_1_684' title='bbox 1486 2015 1566 2043; x_wconf 90' lang='lat' dir='ltr'><strong>acino</strong></span> <span class='ocrx_word' id='word_1_685' title='bbox 1586 2014 1669 2048; x_wconf 91' lang='lat' dir='ltr'><strong>oliva,</strong></span> <span class='ocrx_word' id='word_1_686' title='bbox 1682 2016 1730 2042; x_wconf 82' lang='lat' dir='ltr'><strong>sed</strong></span> 
     </span>
    </p>
   </div>
   <div class='ocr_carea' id='block_1_87' title="bbox 942 2058 1731 2095">
    <p class='ocr_par' dir='ltr' id='par_1_87' title="bbox 942 2058 1731 2095">
     <span class='ocr_line' id='line_1_87' title="bbox 942 2058 1731 2095; baseline 0 -7"><span class='ocrx_word' id='word_1_687' title='bbox 942 2061 1006 2088; x_wconf 86' lang='lat' dir='ltr'><strong>vitis</strong></span> <span class='ocrx_word' id='word_1_688' title='bbox 1020 2059 1180 2095; x_wconf 84' lang='lat' dir='ltr'><strong>puliulabit;</strong></span> <span class='ocrx_word' id='word_1_689' title='bbox 1199 2067 1250 2087; x_wconf 86' lang='lat' dir='ltr'><strong>nec</strong></span> <span class='ocrx_word' id='word_1_690' title='bbox 1262 2066 1296 2087; x_wconf 77' lang='lat' dir='ltr'><strong>ex</strong></span> <span class='ocrx_word' id='word_1_691' title='bbox 1311 2059 1431 2087; x_wconf 86' lang='lat' dir='ltr'><strong>ossicqu</strong></span> <span class='ocrx_word' id='word_1_692' title='bbox 1442 2058 1521 2087; x_wconf 69' lang='lat' dir='ltr'><strong>oliva:</strong></span> <span class='ocrx_word' id='word_1_693' title='bbox 1533 2059 1607 2092; x_wconf 86' lang='lat' dir='ltr'><strong>vltis,</strong></span> <span class='ocrx_word' id='word_1_694' title='bbox 1620 2061 1667 2088; x_wconf 85' lang='lat' dir='ltr'><strong>sed</strong></span> <span class='ocrx_word' id='word_1_695' title='bbox 1680 2060 1731 2088; x_wconf 89' lang='lat' dir='ltr'><strong>oll-</strong></span> 
     </span>
    </p>
   </div>
   <div class='ocr_carea' id='block_1_88' title="bbox 943 2104 1732 2140">
    <p class='ocr_par' dir='ltr' id='par_1_88' title="bbox 943 2104 1732 2140">
     <span class='ocr_line' id='line_1_88' title="bbox 943 2104 1732 2140; baseline 0.001 -8"><span class='ocrx_word' id='word_1_696' title='bbox 943 2113 987 2133; x_wconf 85' lang='lat' dir='ltr'><strong>va.</strong></span> <span class='ocrx_word' id='word_1_697' title='bbox 1007 2105 1076 2133; x_wconf 83' lang='lat' dir='ltr'><strong>Mala</strong></span> <span class='ocrx_word' id='word_1_698' title='bbox 1098 2105 1238 2133; x_wconf 84' lang='lat' dir='ltr'><strong>indeﬁnita</strong></span> <span class='ocrx_word' id='word_1_699' title='bbox 1254 2109 1326 2136; x_wconf 89' lang='lat' dir='ltr'><strong>sunt,</strong></span> <span class='ocrx_word' id='word_1_700' title='bbox 1339 2109 1421 2140; x_wconf 88' lang='lat' dir='ltr'><strong>atque</strong></span> <span class='ocrx_word' id='word_1_701' title='bbox 1434 2104 1462 2132; x_wconf 91' lang='lat' dir='ltr'><strong>in</strong></span> <span class='ocrx_word' id='word_1_702' title='bbox 1475 2105 1537 2132; x_wconf 86' lang='lat' dir='ltr'><strong>aliis</strong></span> <span class='ocrx_word' id='word_1_703' title='bbox 1547 2109 1575 2132; x_wconf 91' lang='lat' dir='ltr'><strong>et</strong></span> <span class='ocrx_word' id='word_1_704' title='bbox 1591 2105 1652 2133; x_wconf 84' lang='lat' dir='ltr'><strong>aliis</strong></span> <span class='ocrx_word' id='word_1_705' title='bbox 1669 2105 1732 2133; x_wconf 80' lang='lat' dir='ltr'><strong>inﬁ-</strong></span> 
     </span>
    </p>
   </div>
   <div class='ocr_carea' id='block_1_89' title="bbox 944 2149 1730 2185">
    <p class='ocr_par' dir='ltr' id='par_1_89' title="bbox 944 2149 1730 2185">
     <span class='ocr_line' id='line_1_89' title="bbox 944 2149 1730 2185; baseline 0 -7"><span class='ocrx_word' id='word_1_706' title='bbox 944 2151 1018 2180; x_wconf 86' lang='lat' dir='ltr'><strong>uitis.</strong></span> <span class='ocrx_word' id='word_1_707' title='bbox 1036 2150 1107 2185; x_wconf 87' lang='lat' dir='ltr'><strong>Quin</strong></span> <span class='ocrx_word' id='word_1_708' title='bbox 1124 2150 1208 2178; x_wconf 86' lang='lat' dir='ltr'><strong>etiam</strong></span> <span class='ocrx_word' id='word_1_709' title='bbox 1228 2150 1362 2178; x_wconf 82' lang='lat' dir='ltr'><strong>malorum</strong></span> <span class='ocrx_word' id='word_1_710' title='bbox 1382 2149 1544 2184; x_wconf 88' lang='lat' dir='ltr'><strong>principium</strong></span> <span class='ocrx_word' id='word_1_711' title='bbox 1564 2157 1596 2177; x_wconf 87' lang='lat' dir='ltr'><strong>ac</strong></span> <span class='ocrx_word' id='word_1_712' title='bbox 1611 2150 1671 2178; x_wconf 91' lang='lat' dir='ltr'><strong>ﬁnis</strong></span> <span class='ocrx_word' id='word_1_713' title='bbox 1687 2155 1730 2178; x_wconf 88' lang='lat' dir='ltr'><strong>est</strong></span> 
     </span>
    </p>
   </div>
   <div class='ocr_carea' id='block_1_90' title="bbox 944 2194 1730 2229">
    <p class='ocr_par' dir='ltr' id='par_1_90' title="bbox 944 2194 1730 2229">
     <span class='ocr_line' id='line_1_90' title="bbox 944 2194 1730 2229; baseline 0.001 -6"><span class='ocrx_word' id='word_1_714' title='bbox 944 2196 1060 2229; x_wconf 85' lang='lat' dir='ltr'><strong>bonum;</strong></span> <span class='ocrx_word' id='word_1_715' title='bbox 1085 2203 1148 2223; x_wconf 87' lang='lat' dir='ltr'><strong>nam</strong></span> <span class='ocrx_word' id='word_1_716' title='bbox 1171 2196 1234 2223; x_wconf 91' lang='lat' dir='ltr'><strong>dum</strong></span> <span class='ocrx_word' id='word_1_717' title='bbox 1255 2194 1357 2222; x_wconf 86' lang='lat' dir='ltr'><strong>malum</strong></span> <span class='ocrx_word' id='word_1_718' title='bbox 1378 2194 1503 2227; x_wconf 84' lang='lat' dir='ltr'><strong>facimus,</strong></span> <span class='ocrx_word' id='word_1_719' title='bbox 1519 2196 1618 2223; x_wconf 89' lang='lat' dir='ltr'><strong>bonum</strong></span> <span class='ocrx_word' id='word_1_720' title='bbox 1639 2195 1730 2224; x_wconf 79' lang='lat' dir='ltr'><strong>facere</strong></span> 
     </span>
    </p>
   </div>
   <div class='ocr_carea' id='block_1_91' title="bbox 944 2238 1730 2276">
    <p class='ocr_par' dir='ltr' id='par_1_91' title="bbox 944 2238 1730 2276">
     <span class='ocr_line' id='line_1_91' title="bbox 944 2238 1730 2276; baseline 0.001 -8"><span class='ocrx_word' id='word_1_721' title='bbox 944 2241 1125 2273; x_wconf 83' lang='lat' dir='ltr'><strong>arbitramur;</strong></span> <span class='ocrx_word' id='word_1_722' title='bbox 1142 2239 1166 2267; x_wconf 84' lang='lat' dir='ltr'><strong>si</strong></span> <span class='ocrx_word' id='word_1_723' title='bbox 1177 2239 1243 2275; x_wconf 91' lang='lat' dir='ltr'><strong>quid</strong></span> <span class='ocrx_word' id='word_1_724' title='bbox 1260 2241 1332 2267; x_wconf 86' lang='lat' dir='ltr'><strong>enim</strong></span> <span class='ocrx_word' id='word_1_725' title='bbox 1346 2238 1472 2272; x_wconf 82' lang='lat' dir='ltr'><strong>facimus,</strong></span> <span class='ocrx_word' id='word_1_726' title='bbox 1486 2241 1584 2268; x_wconf 89' lang='lat' dir='ltr'><strong>bonum</strong></span> <span class='ocrx_word' id='word_1_727' title='bbox 1598 2245 1730 2276; x_wconf 87' lang='lat' dir='ltr'><strong>appeten-</strong></span> 
     </span>
    </p>
   </div>
   <div class='ocr_carea' id='block_1_92' title="bbox 99 2274 894 2329">
    <p class='ocr_par' dir='ltr' id='par_1_92' title="bbox 99 2274 893 2329">
     <span class='ocr_line' id='line_1_92' title="bbox 99 2274 893 2329; baseline -0.01 -7"><span class='ocrx_word' id='word_1_728' title='bbox 199 2274 266 2329; x_wconf 78' lang='grc' dir='ltr'>πρὸς</span> <span class='ocrx_word' id='word_1_729' title='bbox 276 2293 290 2319; x_wconf 75' lang='grc' dir='ltr'><strong>ὃ</strong></span> <span class='ocrx_word' id='word_1_730' title='bbox 299 2292 402 2328; x_wconf 77' lang='grc' dir='ltr'>βλέπων</span> <span class='ocrx_word' id='word_1_731' title='bbox 410 2299 452 2323; x_wconf 83' lang='grc' dir='ltr'><strong>τις</strong></span> <span class='ocrx_word' id='word_1_732' title='bbox 460 2274 524 2322; x_wconf 68' lang='grc' dir='ltr'>ἴσως</span> <span class='ocrx_word' id='word_1_733' title='bbox 538 2274 633 2316; x_wconf 63' lang='grc' dir='ltr'>ἐποίει·</span> <span class='ocrx_word' id='word_1_734' title='bbox 644 2288 792 2323; x_wconf 81' lang='grc' dir='ltr'>ἀλλἐίάρα</span> <span class='ocrx_word' id='word_1_735' title='bbox 807 2274 893 2324; x_wconf 66' lang='grc' dir='ltr'><strong>ζπταρν-</strong></span> 
     </span>
    </p>
   </div>
   <div class='ocr_carea' id='block_1_93' title="bbox 947 2274 1730 2329">
    <p class='ocr_par' dir='ltr' id='par_1_93' title="bbox 947 2286 1730 2319">
     <span class='ocr_line' id='line_1_93' title="bbox 947 2286 1730 2319; baseline 0.001 -5"><span class='ocrx_word' id='word_1_736' title='bbox 947 2294 986 2315; x_wconf 88' lang='lat' dir='ltr'><strong>tcs</strong></span> <span class='ocrx_word' id='word_1_737' title='bbox 1000 2287 1129 2319; x_wconf 82' lang='lat' dir='ltr'><strong>facimus;</strong></span> <span class='ocrx_word' id='word_1_738' title='bbox 1143 2286 1166 2313; x_wconf 90' lang='lat' dir='ltr'><strong>si</strong></span> <span class='ocrx_word' id='word_1_739' title='bbox 1179 2286 1251 2313; x_wconf 90' lang='lat' dir='ltr'><strong>cnim</strong></span> <span class='ocrx_word' id='word_1_740' title='bbox 1266 2286 1404 2314; x_wconf 86' lang='lat' dir='ltr'><strong>videretur</strong></span> <span class='ocrx_word' id='word_1_741' title='bbox 1418 2286 1528 2314; x_wconf 89' lang='lat' dir='ltr'><strong>omnino</strong></span> <span class='ocrx_word' id='word_1_742' title='bbox 1543 2286 1653 2319; x_wconf 86' lang='lat' dir='ltr'><strong>malum,</strong></span> <span class='ocrx_word' id='word_1_743' title='bbox 1667 2287 1730 2315; x_wconf 88' lang='lat' dir='ltr'><strong>nul-</strong></span> 
     </span>
    </p>
   </div>
   <div class='ocr_carea' id='block_1_94' title="bbox 99 2334 891 2374">
    <p class='ocr_par' dir='ltr' id='par_1_94' title="bbox 99 2334 891 2374">
     <span class='ocr_line' id='line_1_94' title="bbox 99 2334 891 2374; baseline -0.011 -5"><span class='ocrx_word' id='word_1_744' title='bbox 99 2339 293 2372; x_wconf 75' lang='grc' dir='ltr'>πόστασιν,τοῦ</span> <span class='ocrx_word' id='word_1_745' title='bbox 301 2338 402 2374; x_wconf 79' lang='grc' dir='ltr'>ἀγαθοῦ</span> <span class='ocrx_word' id='word_1_746' title='bbox 410 2339 501 2370; x_wconf 74' lang='grc' dir='ltr'>ἕνεκα,</span> <span class='ocrx_word' id='word_1_747' title='bbox 510 2337 557 2364; x_wconf 79' lang='grc' dir='ltr'>καὶ</span> <span class='ocrx_word' id='word_1_748' title='bbox 564 2336 614 2372; x_wconf 85' lang='grc' dir='ltr'>οὑχ</span> <span class='ocrx_word' id='word_1_749' title='bbox 621 2334 717 2363; x_wconf 84' lang='grc' dir='ltr'>ἐαυτοῦ</span> <span class='ocrx_word' id='word_1_750' title='bbox 724 2334 891 2370; x_wconf 79' lang='grc' dir='ltr'>γιγνόμενον.</span> 
     </span>
    </p>
   </div>
   <div class='ocr_carea' id='block_1_95' title="bbox 946 2331 1726 2368">
    <p class='ocr_par' dir='ltr' id='par_1_95' title="bbox 946 2331 1726 2368">
     <span class='ocr_line' id='line_1_95' title="bbox 946 2331 1726 2368; baseline 0 -7"><span class='ocrx_word' id='word_1_751' title='bbox 946 2334 987 2361; x_wconf 87' lang='lat' dir='ltr'><strong>lus</strong></span> <span class='ocrx_word' id='word_1_752' title='bbox 1003 2333 1030 2361; x_wconf 94' lang='lat' dir='ltr'><strong>in</strong></span> <span class='ocrx_word' id='word_1_753' title='bbox 1044 2332 1124 2361; x_wconf 87' lang='lat' dir='ltr'><strong>nobis</strong></span> <span class='ocrx_word' id='word_1_754' title='bbox 1138 2333 1172 2361; x_wconf 82' lang='lat' dir='ltr'><strong>ad</strong></span> <span class='ocrx_word' id='word_1_755' title='bbox 1187 2331 1252 2360; x_wconf 86' lang='lat' dir='ltr'><strong>illud</strong></span> <span class='ocrx_word' id='word_1_756' title='bbox 1265 2336 1339 2361; x_wconf 85' lang='lat' dir='ltr'><strong>esset</strong></span> <span class='ocrx_word' id='word_1_757' title='bbox 1351 2337 1440 2361; x_wconf 89' lang='lat' dir='ltr'><strong>motus</strong></span> <span class='ocrx_word' id='word_1_758' title='bbox 1452 2337 1481 2361; x_wconf 88' lang='lat' dir='ltr'><strong>et</strong></span> <span class='ocrx_word' id='word_1_759' title='bbox 1494 2333 1628 2368; x_wconf 85' lang='lat' dir='ltr'><strong>appetitus</strong></span> <span class='ocrx_word' id='word_1_760' title='bbox 1640 2341 1648 2361; x_wconf 88' lang='lat'><strong>:</strong></span> <span class='ocrx_word' id='word_1_761' title='bbox 1661 2340 1726 2368; x_wconf 87' lang='lat' dir='ltr'><strong>quo-</strong></span> 
     </span>
    </p>
   </div>
   <div class='ocr_carea' id='block_1_96' title="bbox 99 2377 1731 2415">
    <p class='ocr_par' dir='ltr' id='par_1_96' title="bbox 99 2377 1731 2415">
     <span class='ocr_line' id='line_1_96' title="bbox 99 2377 1731 2415; baseline -0.006 -1"><span class='ocrx_word' id='word_1_762' title='bbox 99 2388 177 2414; x_wconf 85' lang='lat' dir='ltr'><strong>circa</strong></span> <span class='ocrx_word' id='word_1_763' title='bbox 215 2386 314 2413; x_wconf 87' lang='lat' dir='ltr'><strong>maium</strong></span> <span class='ocrx_word' id='word_1_764' title='bbox 339 2393 393 2413; x_wconf 93' lang='lat' dir='ltr'><strong>non</strong></span> <span class='ocrx_word' id='word_1_765' title='bbox 428 2385 510 2412; x_wconf 88' lang='lat' dir='ltr'><strong>habet</strong></span> <span class='ocrx_word' id='word_1_766' title='bbox 532 2381 757 2413; x_wconf 86' lang='lat' dir='ltr'><strong>subsistentiam,</strong></span> <span class='ocrx_word' id='word_1_767' title='bbox 779 2381 812 2407; x_wconf 86' lang='lat' dir='ltr'><strong>ad</strong></span> <span class='ocrx_word' id='word_1_768' title='bbox 834 2388 915 2415; x_wconf 89' lang='lat' dir='ltr'><strong>quam</strong></span> <span class='ocrx_word' id='word_1_769' title='bbox 945 2379 1007 2414; x_wconf 87' lang='lat' dir='ltr'><strong>quis</strong></span> <span class='ocrx_word' id='word_1_770' title='bbox 1030 2378 1102 2406; x_wconf 85' lang='lat' dir='ltr'><strong>forte</strong></span> <span class='ocrx_word' id='word_1_771' title='bbox 1121 2383 1249 2414; x_wconf 78' lang='lat' dir='ltr'><strong>spectans</strong></span> <span class='ocrx_word' id='word_1_772' title='bbox 1270 2382 1409 2414; x_wconf 87' lang='lat' dir='ltr'><strong>operetur,</strong></span> <span class='ocrx_word' id='word_1_773' title='bbox 1433 2377 1482 2406; x_wconf 88' lang='lat' dir='ltr'><strong>sed</strong></span> <span class='ocrx_word' id='word_1_774' title='bbox 1501 2377 1579 2413; x_wconf 81' lang='lat' dir='ltr'><strong>quasi</strong></span> <span class='ocrx_word' id='word_1_775' title='bbox 1598 2378 1731 2413; x_wconf 80' lang='lat' dir='ltr'><strong>quodam-</strong></span> 
     </span>
    </p>
   </div>
   <div class='ocr_carea' id='block_1_97' title="bbox 100 2426 1021 2464">
    <p class='ocr_par' dir='ltr' id='par_1_97' title="bbox 100 2426 1021 2464">
     <span class='ocr_line' id='line_1_97' title="bbox 100 2426 1021 2464; baseline -0.008 -3"><span class='ocrx_word' id='word_1_776' title='bbox 100 2433 184 2462; x_wconf 86' lang='lat' dir='ltr'><strong>modo</strong></span> <span class='ocrx_word' id='word_1_777' title='bbox 199 2431 413 2464; x_wconf 88' lang='lat' dir='ltr'><strong>subsistentiam,</strong></span> <span class='ocrx_word' id='word_1_778' title='bbox 428 2431 491 2458; x_wconf 89' lang='lat' dir='ltr'><strong>dum</strong></span> <span class='ocrx_word' id='word_1_779' title='bbox 506 2430 569 2458; x_wconf 89' lang='lat' dir='ltr'><strong>boni</strong></span> <span class='ocrx_word' id='word_1_780' title='bbox 587 2433 614 2456; x_wconf 88' lang='lat' dir='ltr'><strong>et</strong></span> <span class='ocrx_word' id='word_1_781' title='bbox 634 2436 687 2456; x_wconf 94' lang='lat' dir='ltr'><strong>non</strong></span> <span class='ocrx_word' id='word_1_782' title='bbox 703 2428 787 2463; x_wconf 85' lang='lat' dir='ltr'><strong>ipsius</strong></span> <span class='ocrx_word' id='word_1_783' title='bbox 802 2434 885 2455; x_wconf 84' lang='lat' dir='ltr'><strong>causa</strong></span> <span class='ocrx_word' id='word_1_784' title='bbox 898 2426 963 2463; x_wconf 89' lang='lat' dir='ltr'><strong>quid</strong></span> <span class='ocrx_word' id='word_1_785' title='bbox 980 2426 1021 2454; x_wconf 89' lang='lat' dir='ltr'><strong>ﬁt.</strong></span> 
     </span>
    </p>
   </div>
   <div class='ocr_carea' id='block_1_98' title="bbox 136 2472 890 2517">
    <p class='ocr_par' dir='ltr' id='par_1_98' title="bbox 136 2472 890 2517">
     <span class='ocr_line' id='line_1_98' title="bbox 136 2472 890 2517; baseline -0.012 -9"><span class='ocrx_word' id='word_1_786' title='bbox 136 2481 151 2517; x_wconf 80' lang='lat'>§</span> <span class='ocrx_word' id='word_1_787' title='bbox 162 2479 271 2508; x_wconf 77' lang='lat' dir='ltr'><strong>XXXII.</strong></span> <span class='ocrx_word' id='word_1_788' title='bbox 291 2477 336 2513; x_wconf 83' lang='grc' dir='ltr'><strong>Τῷ</strong></span> <span class='ocrx_word' id='word_1_789' title='bbox 346 2476 423 2512; x_wconf 86' lang='grc' dir='ltr'>κακῷ</span> <span class='ocrx_word' id='word_1_790' title='bbox 435 2476 466 2503; x_wconf 82' lang='grc' dir='ltr'><strong>τὺ</strong></span> <span class='ocrx_word' id='word_1_791' title='bbox 476 2473 545 2503; x_wconf 77' lang='grc' dir='ltr'>εἶναι</span> <span class='ocrx_word' id='word_1_792' title='bbox 556 2473 625 2502; x_wconf 85' lang='grc' dir='ltr'><strong>κατά</strong></span> <span class='ocrx_word' id='word_1_793' title='bbox 638 2472 809 2510; x_wconf 78' lang='grc' dir='ltr'>συμΰεὸηκός</span> <span class='ocrx_word' id='word_1_794' title='bbox 822 2473 890 2506; x_wconf 81' lang='grc' dir='ltr'>ἐστι,</span> 
     </span>
    </p>
   </div>
   <div class='ocr_carea' id='block_1_99' title="bbox 99 2520 889 2559">
    <p class='ocr_par' dir='ltr' id='par_1_99' title="bbox 99 2520 889 2559">
     <span class='ocr_line' id='line_1_99' title="bbox 99 2520 889 2559; baseline -0.015 -1"><span class='ocrx_word' id='word_1_795' title='bbox 99 2530 150 2558; x_wconf 84' lang='grc' dir='ltr'>καὶ</span> <span class='ocrx_word' id='word_1_796' title='bbox 172 2528 203 2555; x_wconf 82' lang='grc' dir='ltr'><strong>οὑ</strong></span> <span class='ocrx_word' id='word_1_797' title='bbox 227 2526 287 2555; x_wconf 79' lang='grc' dir='ltr'>καθ’</span> <span class='ocrx_word' id='word_1_798' title='bbox 305 2524 387 2552; x_wconf 87' lang='grc' dir='ltr'>αὑτό·</span> <span class='ocrx_word' id='word_1_799' title='bbox 408 2524 468 2550; x_wconf 87' lang='grc' dir='ltr'><strong>οὑδέ</strong></span> <span class='ocrx_word' id='word_1_800' title='bbox 486 2522 541 2559; x_wconf 84' lang='grc' dir='ltr'><strong>γὰρ</strong></span> <span class='ocrx_word' id='word_1_801' title='bbox 564 2521 702 2557; x_wconf 86' lang='grc' dir='ltr'>ἐφιέμενοι</span> <span class='ocrx_word' id='word_1_802' title='bbox 723 2520 771 2548; x_wconf 85' lang='grc' dir='ltr'><strong>τοῦ</strong></span> <span class='ocrx_word' id='word_1_803' title='bbox 792 2520 889 2552; x_wconf 82' lang='grc' dir='ltr'>κακοῦ,</span> 
     </span>
    </p>
   </div>
   <div class='ocr_carea' id='block_1_100' title="bbox 100 2566 890 2611">
    <p class='ocr_par' dir='ltr' id='par_1_100' title="bbox 100 2566 890 2611">
     <span class='ocr_line' id='line_1_100' title="bbox 100 2566 890 2611; baseline -0.015 -7"><span class='ocrx_word' id='word_1_804' title='bbox 100 2575 233 2611; x_wconf 79' lang='grc' dir='ltr'>ποιοῦμεν</span> <span class='ocrx_word' id='word_1_805' title='bbox 245 2573 260 2600; x_wconf 82' lang='grc' dir='ltr'><strong>ὂ</strong></span> <span class='ocrx_word' id='word_1_806' title='bbox 273 2571 412 2606; x_wconf 79' lang='grc' dir='ltr'>ποιοῦμεν,</span> <span class='ocrx_word' id='word_1_807' title='bbox 425 2569 483 2597; x_wconf 81' lang='grc' dir='ltr'>ἀλλ’</span> <span class='ocrx_word' id='word_1_808' title='bbox 498 2567 630 2604; x_wconf 75' lang='grc' dir='ltr'>ἐφιέμεθα</span> <span class='ocrx_word' id='word_1_809' title='bbox 647 2568 696 2603; x_wconf 81' lang='grc' dir='ltr'>μὲν</span> <span class='ocrx_word' id='word_1_810' title='bbox 714 2566 762 2593; x_wconf 86' lang='grc' dir='ltr'><strong>τοῦ</strong></span> <span class='ocrx_word' id='word_1_811' title='bbox 777 2566 890 2601; x_wconf 81' lang='grc' dir='ltr'>ἀγαθοῦ,</span> 
     </span>
    </p>
   </div>
   <div class='ocr_carea' id='block_1_101' title="bbox 98 2611 891 2658">
    <p class='ocr_par' dir='ltr' id='par_1_101' title="bbox 98 2611 891 2658">
     <span class='ocr_line' id='line_1_101' title="bbox 98 2611 891 2658; baseline -0.014 -9"><span class='ocrx_word' id='word_1_812' title='bbox 98 2622 206 2658; x_wconf 77' lang='grc' dir='ltr'>γίνεται</span> <span class='ocrx_word' id='word_1_813' title='bbox 222 2620 250 2647; x_wconf 82' lang='grc' dir='ltr'><strong>δὲ</strong></span> <span class='ocrx_word' id='word_1_814' title='bbox 265 2618 296 2645; x_wconf 79' lang='grc' dir='ltr'>τὸ</span> <span class='ocrx_word' id='word_1_815' title='bbox 315 2617 398 2645; x_wconf 83' lang='grc' dir='ltr'>κακόν</span> <span class='ocrx_word' id='word_1_816' title='bbox 408 2625 415 2632; x_wconf 93' lang='grc'><strong>·</strong></span> <span class='ocrx_word' id='word_1_817' title='bbox 435 2615 505 2643; x_wconf 83' lang='grc' dir='ltr'>ὥστε</span> <span class='ocrx_word' id='word_1_818' title='bbox 520 2615 565 2642; x_wconf 84' lang='grc' dir='ltr'>διὰ</span> <span class='ocrx_word' id='word_1_819' title='bbox 589 2614 620 2641; x_wconf 81' lang='grc' dir='ltr'><strong>τὺ</strong></span> <span class='ocrx_word' id='word_1_820' title='bbox 643 2612 744 2648; x_wconf 81' lang='grc' dir='ltr'>ἀγαθὸν</span> <span class='ocrx_word' id='word_1_821' title='bbox 760 2612 792 2639; x_wconf 85' lang='grc' dir='ltr'>τὸ</span> <span class='ocrx_word' id='word_1_822' title='bbox 807 2611 891 2658; x_wconf 65' lang='grc' dir='ltr'>καιὼν</span> 
     </span>
    </p>
   </div>
   <div class='ocr_carea' id='block_1_102' title="bbox 99 2657 891 2704">
    <p class='ocr_par' dir='ltr' id='par_1_102' title="bbox 99 2657 891 2704">
     <span class='ocr_line' id='line_1_102' title="bbox 99 2657 891 2704; baseline -0.016 -8"><span class='ocrx_word' id='word_1_823' title='bbox 99 2657 216 2704; x_wconf 77' lang='grc' dir='ltr'>γίνεται.</span> <span class='ocrx_word' id='word_1_824' title='bbox 235 2664 400 2700; x_wconf 85' lang='grc' dir='ltr'>Θαυμασίως</span> <span class='ocrx_word' id='word_1_825' title='bbox 423 2662 513 2689; x_wconf 87' lang='grc' dir='ltr'>τοίνυν</span> <span class='ocrx_word' id='word_1_826' title='bbox 535 2660 653 2688; x_wconf 88' lang='grc' dir='ltr'>δείκνυσι</span> <span class='ocrx_word' id='word_1_827' title='bbox 674 2659 705 2686; x_wconf 83' lang='grc' dir='ltr'><strong>τὺ</strong></span> <span class='ocrx_word' id='word_1_828' title='bbox 726 2657 810 2686; x_wconf 80' lang='grc' dir='ltr'>κακὸν</span> <span class='ocrx_word' id='word_1_829' title='bbox 825 2657 891 2704; x_wconf 84' lang='grc' dir='ltr'>ἀνυ-</span> 
     </span>
    </p>
   </div>
   <div class='ocr_carea' id='block_1_103' title="bbox 99 2703 888 2746">
    <p class='ocr_par' dir='ltr' id='par_1_103' title="bbox 99 2703 888 2746">
     <span class='ocr_line' id='line_1_103' title="bbox 99 2703 888 2746; baseline -0.016 -4"><span class='ocrx_word' id='word_1_830' title='bbox 99 2703 245 2745; x_wconf 65' lang='grc' dir='ltr'><strong>¹ιούστατον,</strong></span> <span class='ocrx_word' id='word_1_831' title='bbox 275 2712 322 2739; x_wconf 52' lang='grc' dir='ltr'><strong>καὶ⁸</strong></span> <span class='ocrx_word' id='word_1_832' title='bbox 335 2710 461 2746; x_wconf 83' lang='grc' dir='ltr'>στέρησιν</span> <span class='ocrx_word' id='word_1_833' title='bbox 473 2707 538 2736; x_wconf 78' lang='grc' dir='ltr'>αὐτὸ</span> <span class='ocrx_word' id='word_1_834' title='bbox 553 2707 607 2734; x_wconf 90' lang='grc' dir='ltr'><strong>τῶν</strong></span> <span class='ocrx_word' id='word_1_835' title='bbox 618 2707 647 2734; x_wconf 90' lang='grc' dir='ltr'><strong>ἐν</strong></span> <span class='ocrx_word' id='word_1_836' title='bbox 659 2705 733 2738; x_wconf 79' lang='grc' dir='ltr'>τάξει</span> <span class='ocrx_word' id='word_1_837' title='bbox 747 2705 795 2732; x_wconf 78' lang='grc' dir='ltr'>καὶ</span> <span class='ocrx_word' id='word_1_838' title='bbox 808 2703 888 2738; x_wconf 84' lang='grc' dir='ltr'>φύσει</span> 
     </span>
    </p>
   </div>
   <div class='ocr_carea' id='block_1_104' title="bbox 96 2749 890 2796">
    <p class='ocr_par' dir='ltr' id='par_1_104' title="bbox 96 2749 890 2796">
     <span class='ocr_line' id='line_1_104' title="bbox 96 2749 890 2796; baseline -0.016 -7"><span class='ocrx_word' id='word_1_839' title='bbox 96 2761 204 2796; x_wconf 78' lang='grc' dir='ltr'>λέγων·</span> <span class='ocrx_word' id='word_1_840' title='bbox 217 2761 234 2794; x_wconf 89' lang='grc' dir='ltr'>ὴ</span> <span class='ocrx_word' id='word_1_841' title='bbox 249 2758 278 2785; x_wconf 81' lang='grc' dir='ltr'><strong>δέ</strong></span> <span class='ocrx_word' id='word_1_842' title='bbox 294 2757 421 2793; x_wconf 77' lang='grc' dir='ltr'>στέρησις</span> <span class='ocrx_word' id='word_1_843' title='bbox 432 2756 483 2782; x_wconf 83' lang='grc' dir='ltr'><strong>οὑκ</strong></span> <span class='ocrx_word' id='word_1_844' title='bbox 496 2754 578 2781; x_wconf 85' lang='grc' dir='ltr'>αὑτοῦ</span> <span class='ocrx_word' id='word_1_845' title='bbox 594 2753 753 2784; x_wconf 84' lang='grc' dir='ltr'>ὑπόστασις,</span> <span class='ocrx_word' id='word_1_846' title='bbox 771 2750 839 2778; x_wconf 85' lang='grc' dir='ltr'><strong>ἀλλά</strong></span> <span class='ocrx_word' id='word_1_847' title='bbox 858 2749 890 2776; x_wconf 77' lang='grc' dir='ltr'>τὸ</span> 
     </span>
    </p>
   </div>
   <div class='ocr_carea' id='block_1_105' title="bbox 99 2796 890 2842">
    <p class='ocr_par' dir='ltr' id='par_1_105' title="bbox 99 2796 890 2842">
     <span class='ocr_line' id='line_1_105' title="bbox 99 2796 890 2842; baseline -0.016 -7"><span class='ocrx_word' id='word_1_848' title='bbox 99 2806 223 2842; x_wconf 76' lang='grc' dir='ltr'>πεφυκὺς</span> <span class='ocrx_word' id='word_1_849' title='bbox 237 2805 284 2833; x_wconf 76' lang='grc' dir='ltr'><strong>καὶ</strong></span> <span class='ocrx_word' id='word_1_850' title='bbox 298 2802 441 2831; x_wconf 81' lang='grc' dir='ltr'>ἐπιϐάλλον</span> <span class='ocrx_word' id='word_1_851' title='bbox 456 2802 581 2837; x_wconf 78' lang='grc' dir='ltr'>παρεῖναι</span> <span class='ocrx_word' id='word_1_852' title='bbox 593 2799 631 2836; x_wconf 84' lang='grc' dir='ltr'>μὴ</span> <span class='ocrx_word' id='word_1_853' title='bbox 645 2798 730 2834; x_wconf 83' lang='grc' dir='ltr'>παρόν</span> <span class='ocrx_word' id='word_1_854' title='bbox 741 2806 749 2813; x_wconf 87' lang='grc'>·</span> <span class='ocrx_word' id='word_1_855' title='bbox 767 2796 829 2824; x_wconf 80' lang='grc' dir='ltr'>ὅθεν</span> <span class='ocrx_word' id='word_1_856' title='bbox 842 2797 890 2823; x_wconf 82' lang='grc' dir='ltr'>καὶ</span> 
     </span>
    </p>
   </div>
   <div class='ocr_carea' id='block_1_106' title="bbox 97 2842 890 2889">
    <p class='ocr_par' dir='ltr' id='par_1_106' title="bbox 97 2842 890 2889">
     <span class='ocr_line' id='line_1_106' title="bbox 97 2842 890 2889; baseline -0.013 -10"><span class='ocrx_word' id='word_1_857' title='bbox 97 2850 385 2889; x_wconf 72' lang='grc' dir='ltr'>ἁμαρτίαν,τουτέστιν</span> <span class='ocrx_word' id='word_1_858' title='bbox 394 2847 520 2881; x_wconf 79' lang='grc' dir='ltr'>ἀτευξίαν</span> <span class='ocrx_word' id='word_1_859' title='bbox 526 2847 573 2874; x_wconf 75' lang='grc' dir='ltr'><strong>καὶ</strong></span> <span class='ocrx_word' id='word_1_860' title='bbox 583 2845 739 2873; x_wconf 85' lang='grc' dir='ltr'>ἀπόπτωσιν</span> <span class='ocrx_word' id='word_1_861' title='bbox 747 2842 795 2870; x_wconf 78' lang='grc' dir='ltr'><strong>τοῦ</strong></span> <span class='ocrx_word' id='word_1_862' title='bbox 806 2851 890 2878; x_wconf 88' lang='grc' dir='ltr'>προσ-</span> 
     </span>
    </p>
   </div>
   <div class='ocr_carea' id='block_1_107' title="bbox 97 2890 887 2936">
    <p class='ocr_par' dir='ltr' id='par_1_107' title="bbox 97 2890 887 2936">
     <span class='ocr_line' id='line_1_107' title="bbox 97 2890 887 2936; baseline -0.014 -9"><span class='ocrx_word' id='word_1_863' title='bbox 97 2901 223 2936; x_wconf 70' lang='grc' dir='ltr'>ήκοντος,</span> <span class='ocrx_word' id='word_1_864' title='bbox 240 2895 306 2924; x_wconf 82' lang='grc' dir='ltr'>αὐτὸ</span> <span class='ocrx_word' id='word_1_865' title='bbox 324 2896 355 2922; x_wconf 86' lang='grc' dir='ltr'><strong>τὺ</strong></span> <span class='ocrx_word' id='word_1_866' title='bbox 374 2895 425 2930; x_wconf 84' lang='grc' dir='ltr'>τῆς</span> <span class='ocrx_word' id='word_1_867' title='bbox 445 2895 596 2929; x_wconf 85' lang='grc' dir='ltr'>στερήσεως</span> <span class='ocrx_word' id='word_1_868' title='bbox 613 2891 690 2920; x_wconf 87' lang='grc' dir='ltr'>καλεῖ</span> <span class='ocrx_word' id='word_1_869' title='bbox 701 2891 748 2919; x_wconf 63' lang='grc' dir='ltr'><strong>καὶ¹</strong></span> <span class='ocrx_word' id='word_1_870' title='bbox 759 2890 887 2922; x_wconf 76' lang='grc' dir='ltr'>ἄσκοπον,</span> 
     </span>
    </p>
   </div>
   <div class='ocr_carea' id='block_1_108' title="bbox 259 2941 553 2984">
    <p class='ocr_par' dir='ltr' id='par_1_108' title="bbox 259 2941 553 2984">
     <span class='ocr_line' id='line_1_108' title="bbox 259 2941 553 2984; baseline -0.014 -10"><span class='ocrx_word' id='word_1_871' title='bbox 259 2944 393 2974; x_wconf 59' lang='lat' dir='ltr'><strong>Parum.</strong></span> <span class='ocrx_word' id='word_1_872' title='bbox 413 2941 480 2984; x_wconf 27' lang='lat' dir='ltr'><strong>.Gn.</strong></span> <span class='ocrx_word' id='word_1_873' title='bbox 500 2941 553 2971; x_wconf 84' lang='lat' dir='ltr'><strong>l-il.</strong></span> 
     </span>
    </p>
   </div>
   <div class='ocr_carea' id='block_1_109' title="bbox 979 2469 1728 2507">
    <p class='ocr_par' dir='ltr' id='par_1_109' title="bbox 979 2469 1728 2507">
     <span class='ocr_line' id='line_1_109' title="bbox 979 2469 1728 2507; baseline -0.005 -7"><span class='ocrx_word' id='word_1_874' title='bbox 979 2471 993 2507; x_wconf 86' lang='lat'><strong>§</strong></span> <span class='ocrx_word' id='word_1_875' title='bbox 1013 2471 1121 2500; x_wconf 78' lang='lat' dir='ltr'><strong>XXXII.</strong></span> <span class='ocrx_word' id='word_1_876' title='bbox 1141 2471 1212 2500; x_wconf 78' lang='lat' dir='ltr'><strong>IIan</strong></span> <span class='ocrx_word' id='word_1_877' title='bbox 1229 2475 1316 2499; x_wconf 89' lang='lat' dir='ltr'><strong>status</strong></span> <span class='ocrx_word' id='word_1_878' title='bbox 1337 2474 1381 2498; x_wconf 83' lang='lat' dir='ltr'><strong>est</strong></span> <span class='ocrx_word' id='word_1_879' title='bbox 1397 2477 1447 2506; x_wconf 87' lang='lat' dir='ltr'><strong>per</strong></span> <span class='ocrx_word' id='word_1_880' title='bbox 1467 2469 1604 2502; x_wconf 81' lang='lat' dir='ltr'><strong>accidens.</strong></span> <span class='ocrx_word' id='word_1_881' title='bbox 1627 2472 1655 2496; x_wconf 88' lang='lat' dir='ltr'><strong>et</strong></span> <span class='ocrx_word' id='word_1_882' title='bbox 1675 2476 1728 2497; x_wconf 87' lang='lat' dir='ltr'><strong>non</strong></span> 
     </span>
    </p>
   </div>
   <div class='ocr_carea' id='block_1_110' title="bbox 943 2515 1728 2554">
    <p class='ocr_par' dir='ltr' id='par_1_110' title="bbox 943 2515 1728 2554">
     <span class='ocr_line' id='line_1_110' title="bbox 943 2515 1728 2554; baseline -0.005 -8"><span class='ocrx_word' id='word_1_883' title='bbox 943 2525 991 2554; x_wconf 91' lang='lat' dir='ltr'><strong>per</strong></span> <span class='ocrx_word' id='word_1_884' title='bbox 1007 2525 1037 2546; x_wconf 90' lang='lat' dir='ltr'><strong>se</strong></span> <span class='ocrx_word' id='word_1_885' title='bbox 1053 2528 1060 2546; x_wconf 91' lang='lat'><strong>:</strong></span> <span class='ocrx_word' id='word_1_886' title='bbox 1081 2525 1169 2552; x_wconf 87' lang='lat' dir='ltr'><strong>neque</strong></span> <span class='ocrx_word' id='word_1_887' title='bbox 1182 2518 1254 2545; x_wconf 90' lang='lat' dir='ltr'><strong>enim</strong></span> <span class='ocrx_word' id='word_1_888' title='bbox 1278 2518 1429 2552; x_wconf 88' lang='lat' dir='ltr'><strong>appetendo</strong></span> <span class='ocrx_word' id='word_1_889' title='bbox 1448 2515 1548 2544; x_wconf 90' lang='lat' dir='ltr'><strong>malum</strong></span> <span class='ocrx_word' id='word_1_890' title='bbox 1568 2515 1686 2543; x_wconf 78' lang='lat' dir='ltr'><strong>facimus</strong></span> <span class='ocrx_word' id='word_1_891' title='bbox 1702 2515 1728 2542; x_wconf 85' lang='lat' dir='ltr'><strong>id</strong></span> 
     </span>
    </p>
   </div>
   <div class='ocr_carea' id='block_1_111' title="bbox 943 2559 1729 2598">
    <p class='ocr_par' dir='ltr' id='par_1_111' title="bbox 943 2559 1729 2598">
     <span class='ocr_line' id='line_1_111' title="bbox 943 2559 1729 2598; baseline -0.006 -7"><span class='ocrx_word' id='word_1_892' title='bbox 943 2563 1016 2598; x_wconf 90' lang='lat' dir='ltr'><strong>quod</strong></span> <span class='ocrx_word' id='word_1_893' title='bbox 1037 2562 1165 2595; x_wconf 87' lang='lat' dir='ltr'><strong>facimus,</strong></span> <span class='ocrx_word' id='word_1_894' title='bbox 1180 2563 1227 2590; x_wconf 89' lang='lat' dir='ltr'><strong>sed</strong></span> <span class='ocrx_word' id='word_1_895' title='bbox 1243 2562 1395 2597; x_wconf 86' lang='lat' dir='ltr'><strong>appetimus</strong></span> <span class='ocrx_word' id='word_1_896' title='bbox 1410 2559 1519 2596; x_wconf 83' lang='lat' dir='ltr'><strong>quidem</strong></span> <span class='ocrx_word' id='word_1_897' title='bbox 1532 2560 1646 2591; x_wconf 81' lang='lat' dir='ltr'><strong>bonum,</strong></span> <span class='ocrx_word' id='word_1_898' title='bbox 1661 2559 1729 2586; x_wconf 86' lang='lat' dir='ltr'><strong>faci-</strong></span> 
     </span>
    </p>
   </div>
   <div class='ocr_carea' id='block_1_112' title="bbox 943 2605 1726 2642">
    <p class='ocr_par' dir='ltr' id='par_1_112' title="bbox 943 2605 1726 2642">
     <span class='ocr_line' id='line_1_112' title="bbox 943 2605 1726 2642; baseline -0.008 -6"><span class='ocrx_word' id='word_1_899' title='bbox 943 2617 1004 2637; x_wconf 91' lang='lat' dir='ltr'><strong>mus</strong></span> <span class='ocrx_word' id='word_1_900' title='bbox 1018 2614 1108 2636; x_wconf 81' lang='lat' dir='ltr'><strong>autem</strong></span> <span class='ocrx_word' id='word_1_901' title='bbox 1124 2608 1242 2641; x_wconf 81' lang='lat' dir='ltr'><strong>malum;</strong></span> <span class='ocrx_word' id='word_1_902' title='bbox 1258 2608 1327 2636; x_wconf 84' lang='lat' dir='ltr'><strong>adeo</strong></span> <span class='ocrx_word' id='word_1_903' title='bbox 1337 2611 1367 2635; x_wconf 91' lang='lat' dir='ltr'><strong>ut</strong></span> <span class='ocrx_word' id='word_1_904' title='bbox 1382 2610 1494 2642; x_wconf 87' lang='lat' dir='ltr'><strong>propter</strong></span> <span class='ocrx_word' id='word_1_905' title='bbox 1508 2606 1608 2633; x_wconf 89' lang='lat' dir='ltr'><strong>bonum</strong></span> <span class='ocrx_word' id='word_1_906' title='bbox 1625 2605 1726 2631; x_wconf 88' lang='lat' dir='ltr'><strong>malum</strong></span> 
     </span>
    </p>
   </div>
   <div class='ocr_carea' id='block_1_113' title="bbox 944 2650 1728 2689">
    <p class='ocr_par' dir='ltr' id='par_1_113' title="bbox 944 2650 1728 2689">
     <span class='ocr_line' id='line_1_113' title="bbox 944 2650 1728 2689; baseline -0.006 -7"><span class='ocrx_word' id='word_1_907' title='bbox 944 2655 1002 2682; x_wconf 87' lang='lat' dir='ltr'><strong>ﬁat.</strong></span> <span class='ocrx_word' id='word_1_908' title='bbox 1017 2655 1177 2682; x_wconf 84' lang='lat' dir='ltr'><strong>liiirabiliter</strong></span> <span class='ocrx_word' id='word_1_909' title='bbox 1191 2655 1283 2689; x_wconf 88' lang='lat' dir='ltr'><strong>itaque</strong></span> <span class='ocrx_word' id='word_1_910' title='bbox 1303 2653 1424 2682; x_wconf 83' lang='lat' dir='ltr'><strong>ostendit</strong></span> <span class='ocrx_word' id='word_1_911' title='bbox 1443 2653 1543 2679; x_wconf 85' lang='lat' dir='ltr'><strong>malum</strong></span> <span class='ocrx_word' id='word_1_912' title='bbox 1567 2658 1619 2679; x_wconf 89' lang='lat' dir='ltr'><strong>non</strong></span> <span class='ocrx_word' id='word_1_913' title='bbox 1637 2650 1728 2678; x_wconf 83' lang='lat' dir='ltr'><strong>subsi-</strong></span> 
     </span>
    </p>
   </div>
   <div class='ocr_carea' id='block_1_114' title="bbox 943 2696 1728 2735">
    <p class='ocr_par' dir='ltr' id='par_1_114' title="bbox 943 2696 1728 2735">
     <span class='ocr_line' id='line_1_114' title="bbox 943 2696 1728 2735; baseline -0.006 -7"><span class='ocrx_word' id='word_1_914' title='bbox 943 2707 1026 2734; x_wconf 86' lang='lat' dir='ltr'><strong>stere,</strong></span> <span class='ocrx_word' id='word_1_915' title='bbox 1041 2701 1105 2728; x_wconf 90' lang='lat' dir='ltr'><strong>dum</strong></span> <span class='ocrx_word' id='word_1_916' title='bbox 1125 2704 1206 2728; x_wconf 85' lang='lat' dir='ltr'><strong>vocat</strong></span> <span class='ocrx_word' id='word_1_917' title='bbox 1228 2700 1292 2727; x_wconf 90' lang='lat' dir='ltr'><strong>illud</strong></span> <span class='ocrx_word' id='word_1_918' title='bbox 1309 2699 1489 2735; x_wconf 86' lang='lat' dir='ltr'><strong>privationem</strong></span> <span class='ocrx_word' id='word_1_919' title='bbox 1506 2704 1597 2725; x_wconf 88' lang='lat' dir='ltr'><strong>rerum</strong></span> <span class='ocrx_word' id='word_1_920' title='bbox 1615 2696 1728 2724; x_wconf 76' lang='lat' dir='ltr'><strong>ordina-</strong></span> 
     </span>
    </p>
   </div>
   <div class='ocr_carea' id='block_1_115' title="bbox 943 2742 1725 2781">
    <p class='ocr_par' dir='ltr' id='par_1_115' title="bbox 943 2742 1725 2781">
     <span class='ocr_line' id='line_1_115' title="bbox 943 2742 1725 2781; baseline -0.008 -7"><span class='ocrx_word' id='word_1_921' title='bbox 943 2752 1032 2774; x_wconf 89' lang='lat' dir='ltr'><strong>tarum</strong></span> <span class='ocrx_word' id='word_1_922' title='bbox 1047 2753 1080 2774; x_wconf 91' lang='lat' dir='ltr'><strong>ac</strong></span> <span class='ocrx_word' id='word_1_923' title='bbox 1092 2745 1276 2779; x_wconf 84' lang='lat' dir='ltr'><strong>naturalium;</strong></span> <span class='ocrx_word' id='word_1_924' title='bbox 1292 2745 1410 2781; x_wconf 83' lang='lat' dir='ltr'><strong>privatio</strong></span> <span class='ocrx_word' id='word_1_925' title='bbox 1424 2749 1515 2771; x_wconf 83' lang='lat' dir='ltr'><strong>autem</strong></span> <span class='ocrx_word' id='word_1_926' title='bbox 1531 2750 1580 2779; x_wconf 90' lang='lat' dir='ltr'><strong>per</strong></span> <span class='ocrx_word' id='word_1_927' title='bbox 1592 2750 1623 2770; x_wconf 88' lang='lat' dir='ltr'><strong>se</strong></span> <span class='ocrx_word' id='word_1_928' title='bbox 1641 2742 1725 2769; x_wconf 76' lang='lat' dir='ltr'><strong>mini-</strong></span> 
     </span>
    </p>
   </div>
   <div class='ocr_carea' id='block_1_116' title="bbox 942 2787 1724 2826">
    <p class='ocr_par' dir='ltr' id='par_1_116' title="bbox 942 2787 1724 2826">
     <span class='ocr_line' id='line_1_116' title="bbox 942 2787 1724 2826; baseline -0.008 -6"><span class='ocrx_word' id='word_1_929' title='bbox 942 2801 986 2821; x_wconf 92' lang='lat' dir='ltr'><strong>me</strong></span> <span class='ocrx_word' id='word_1_930' title='bbox 1008 2792 1142 2826; x_wconf 86' lang='lat' dir='ltr'><strong>subsistit,</strong></span> <span class='ocrx_word' id='word_1_931' title='bbox 1157 2792 1204 2820; x_wconf 84' lang='lat' dir='ltr'><strong>sed</strong></span> <span class='ocrx_word' id='word_1_932' title='bbox 1219 2799 1280 2819; x_wconf 91' lang='lat' dir='ltr'><strong>cum</strong></span> <span class='ocrx_word' id='word_1_933' title='bbox 1295 2791 1408 2819; x_wconf 85' lang='lat' dir='ltr'><strong>deberet</strong></span> <span class='ocrx_word' id='word_1_934' title='bbox 1424 2794 1452 2818; x_wconf 88' lang='lat' dir='ltr'><strong>et</strong></span> <span class='ocrx_word' id='word_1_935' title='bbox 1470 2790 1594 2825; x_wconf 75' lang='lat' dir='ltr'><strong>exigeret</strong></span> <span class='ocrx_word' id='word_1_936' title='bbox 1614 2787 1724 2819; x_wconf 73' lang='lat' dir='ltr'><strong>adesse,</strong></span> 
     </span>
    </p>
   </div>
   <div class='ocr_carea' id='block_1_117' title="bbox 943 2833 1726 2873">
    <p class='ocr_par' dir='ltr' id='par_1_117' title="bbox 943 2833 1726 2873">
     <span class='ocr_line' id='line_1_117' title="bbox 943 2833 1726 2873; baseline -0.008 -6"><span class='ocrx_word' id='word_1_937' title='bbox 943 2847 996 2867; x_wconf 92' lang='lat' dir='ltr'><strong>non</strong></span> <span class='ocrx_word' id='word_1_938' title='bbox 1018 2839 1096 2867; x_wconf 88' lang='lat' dir='ltr'><strong>adest</strong></span> <span class='ocrx_word' id='word_1_939' title='bbox 1121 2847 1129 2866; x_wconf 91' lang='lat'><strong>:</strong></span> <span class='ocrx_word' id='word_1_940' title='bbox 1153 2838 1223 2866; x_wconf 85' lang='lat' dir='ltr'><strong>unde</strong></span> <span class='ocrx_word' id='word_1_941' title='bbox 1246 2839 1328 2866; x_wconf 89' lang='lat' dir='ltr'><strong>etiam</strong></span> <span class='ocrx_word' id='word_1_942' title='bbox 1348 2836 1528 2873; x_wconf 85' lang='lat' dir='ltr'><strong>privationem</strong></span> <span class='ocrx_word' id='word_1_943' title='bbox 1541 2839 1621 2863; x_wconf 72' lang='lat' dir='ltr'><strong>vocat</strong></span> <span class='ocrx_word' id='word_1_944' title='bbox 1634 2833 1726 2870; x_wconf 77' lang='grc' dir='ltr'>ἀμαρ-</span> 
     </span>
    </p>
   </div>
   <div class='ocr_carea' id='block_1_118' title="bbox 942 2882 1725 2919">
    <p class='ocr_par' dir='ltr' id='par_1_118' title="bbox 942 2882 1725 2919">
     <span class='ocr_line' id='line_1_118' title="bbox 942 2882 1725 2919; baseline -0.008 -6"><span class='ocrx_word' id='word_1_945' title='bbox 942 2886 1014 2919; x_wconf 85' lang='grc' dir='ltr'>τίαν,</span> <span class='ocrx_word' id='word_1_946' title='bbox 1031 2886 1058 2914; x_wconf 80' lang='lat' dir='ltr'><strong>id</strong></span> <span class='ocrx_word' id='word_1_947' title='bbox 1078 2891 1118 2914; x_wconf 86' lang='lat' dir='ltr'><strong>est</strong></span> <span class='ocrx_word' id='word_1_948' title='bbox 1139 2884 1338 2914; x_wconf 81' lang='lat' dir='ltr'><strong>abcrrationem</strong></span> <span class='ocrx_word' id='word_1_949' title='bbox 1358 2889 1385 2912; x_wconf 88' lang='lat' dir='ltr'><strong>et</strong></span> <span class='ocrx_word' id='word_1_950' title='bbox 1406 2883 1509 2919; x_wconf 76' lang='lat' dir='ltr'><strong>lapsum</strong></span> <span class='ocrx_word' id='word_1_951' title='bbox 1535 2889 1551 2909; x_wconf 85' lang='lat' dir='ltr'><strong>a</strong></span> <span class='ocrx_word' id='word_1_952' title='bbox 1569 2882 1678 2914; x_wconf 77' lang='lat' dir='ltr'><strong>decoro,</strong></span> <span class='ocrx_word' id='word_1_953' title='bbox 1696 2883 1725 2908; x_wconf 85' lang='lat' dir='ltr'><strong>et</strong></span> 
     </span>
    </p>
   </div>
   <div class='ocr_carea' id='block_1_119' title="bbox 1489 2929 1529 2959">
    <p class='ocr_par' dir='ltr' id='par_1_119' title="bbox 1489 2929 1529 2959">
     <span class='ocr_line' id='line_1_119' title="bbox 1489 2929 1529 2959; baseline 0.025 -1"><span class='ocrx_word' id='word_1_954' title='bbox 1489 2929 1529 2959; x_wconf 77' lang='lat'><strong>26</strong></span> 
     </span>
    </p>
   </div>
  </div>
