1938 3065
793 196 822 229 S.
843 197 920 227 DlON
926 196 989 224 YSll
1013 187 1254 221 AREOPAGszE'

1774 181 1830 208 8|2

208 277 283 312 scopi
297 272 512 303 frustrationem,
534 275 583 304 pro
594 267 668 303 iactu
686 271 701 291 a
723 269 805 296 scopo
820 259 990 288 deﬂectcnte,
1005 258 1019 286 Α

1071 253 1101 279 ντὶ
1113 251 1160 278 τοῦ
1173 249 1247 285 παρὰ
1260 247 1304 275 τὸν
1317 245 1415 273 σκοπὸν
1433 243 1538 280 βάλλον,
1556 243 1588 269 ἐκ
1604 241 1758 277 μεταφορὶς
1775 239 1832 266 τῶν

1076 297 1204 312 unum”...
1219 295 1323 312 ηοκπεη
1332 292 1386 312 wvn
1400 292 1422 312 ni
1438 289 1489 312 ἔξω
1499 288 1546 312 τοῦ
1564 286 1665 312 σκοποῦ
1676 284 1832 312 τοξεύοντες

210 334 224 351 a
236 302 419 358 jarculantibus
435 302 759 351 metaphorardesumpta.
778 307 856 335 Sicut
868 305 939 332 enim
956 302 993 330 illi

210 375 290 398 extra
313 372 423 402 scopum
434 363 586 398 iaculantes
601 359 730 386 aberrant
747 362 761 381 a
776 354 892 382 decoro;
914 349 953 376 sic
968 351 995 374 et

213 423 262 443 nos
275 423 290 442 a
305 418 387 447 scopo
402 416 428 438 et
448 409 544 436 ordine
565 406 734 433 aberrantes,
750 397 884 433 vergimus
899 398 996 430 praeter

214 466 336 489 naturam
352 445 385 485 ad
403 452 590 483 irrationalcm
609 455 636 477 et
653 445 839 482 imperfectam
862 447 890 468 et
908 446 998 467 amen-

214 511 267 534 tem
298 502 490 531 abolitionem;
514 497 584 524 unde
605 494 670 522 dicit
694 492 776 519 etiam
805 486 903 515 malum
931 482 997 511 nihil

214 551 327 578 omnino
341 548 471 576 existere.
488 543 621 570 Cmterum
634 539 765 566 adversus
777 541 823 562 eos
834 532 879 567 qui
895 531 998 561 dicunt,

215 598 314 625 malum
330 601 379 629 per
396 600 424 620 se
443 589 543 625 aliquid
562 593 652 622 posse,
669 584 717 615 ait,
736 582 836 610 malum
853 579 931 606 aliter
946 584 999 603 non

216 643 346 673 existere,
358 646 439 674 quam
455 638 481 664 in
498 633 676 671 permistione
698 629 774 660 boni,
796 628 823 654 in
836 630 938 652 tantum
954 629 1001 649 ac-

215 691 319 720 cidens,
336 687 363 713 in
383 689 512 719 quantum
528 680 620 708 deﬁcit
635 679 753 707 bonum;
766 673 836 708 quod
852 671 922 699 enim
938 667 1001 696 boni

217 742 328 771 prorsus
339 739 436 767 expers
447 734 500 761 εει,
514 733 602 761 neque
613 728 654 752 est
667 722 814 758 quidquam
829 725 917 752 neque
927 715 1003 750 quid-

218 761 300 817 quam
315 761 413 815 potest.
427 777 449 804 A
464 773 603 803 contrario
620 772 711 804 itaque
734 768 943 802 argumentatur
964 761 1004 789 di-

218 810 284 854 (iens
298 837 304 854 ;
316 810 347 851 'Si
361 823 461 850 bonum
477 824 520 847 est
533 819 560 846 id
572 816 644 851 quod
656 818 709 847 est,
723 818 750 840 et
763 810 953 846 appetendum,
978 811 1006 834 et

219 873 349 904 validum,
368 874 396 896 et
413 867 524 897 eﬂicax;
543 863 656 893 malum,
677 864 769 894 utpote
786 857 900 885 entitate
916 853 1006 889 priva-

222 926 292 950 tum,
313 918 370 945 haec
391 914 502 942 minime
524 908 644 939 habebit.
661 905 762 934 Deinde
776 903 875 931 malum
892 908 943 928 non
958 906 1007 934 per

221 972 251 993 se
265 964 392 993 existere,
406 963 480 995 patet
495 965 528 985 ex
544 964 576 984 eo
591 954 661 988 quod
677 959 729 979 non
745 951 780 978 sit
792 950 862 977 idem
879 947 905 974 in
918 945 1006 974 omni-

222 1013 286 1042 bus,
301 1015 395 1036 verum
415 1005 497 1033 etiam
515 1002 588 1029 aliud
605 1001 631 1027 in
652 999 723 1029 aliis,
738 1000 819 1032 pr0ut
840 996 866 1021 in
885 999 1008 1026 unoquo-

222 1065 276 1092 que
292 1054 356 1082 boni
376 1053 467 1087 lapsus
481 1048 585 1077 existit.
600 1046 672 1073 Deus
691 1048 782 1071 autem
804 1037 1008 1068 subordinatio-

223 1110 273 1130 ncs
282 1099 401 1128 servavit
415 1097 441 1123 in
455 1093 536 1131 525
549 1091 702 1121 creatione;
718 1087 850 1122 siquidem
865 1091 950 1116 mens,
963 1089 1008 1109 se-

225 1148 342 1176 cundum
357 1150 439 1179 quam
457 1139 541 1168 divini
558 1143 586 1165 et
607 1142 722 1172 prorsus
744 1129 936 1160 immateriales
955 1127 1010 1163 spi-

226 1194 296 1221 ritus
307 1187 486 1218 substantiam
509 1190 584 1211 suam
598 1181 763 1209 sortiuntur,
784 1183 844 1204 cum
863 1174 951 1201 anima
966 1180 1011 1200 sn-

226 1236 336 1265 lilimior
348 1233 397 1266 sit,
412 1239 427 1259 ο
445 1227 650 1258 boniformitale
664 1223 803 1253 deﬁciens,
821 1220 847 1247 in
864 1220 1011 1247 daemonem

228 1281 329 1315 evasit;
345 1280 434 1306 anima
450 1282 524 1308 vero,
537 1273 564 1300 in
576 1276 707 1307 quantum
720 1266 873 1301 intelligens
885 1272 917 1292 ac
930 1263 1013 1291 ratio-

230 1329 320 1360 nalis,
343 1323 492 1353 secundum
513 1319 647 1347 rationem
670 1315 773 1350 agendo
800 1316 893 1340 manet
916 1311 942 1338 in
965 1315 1013 1336 sua

229 1374 413 1411 proprietate,
439 1368 488 1396 sed
510 1367 574 1394 dum
600 1366 724 1390 movetur
747 1364 839 1388 contra
863 1356 1012 1385 rationem,

231 1409 302 1450 inala
319 1421 364 1453 ﬁt;
379 1423 493 1452 corpora
506 1413 621 1446 denique
634 1411 697 1438 dum
711 1411 806 1436 contra
822 1409 944 1433 naturam
959 1409 1015 1430 mo-

231 1474 341 1500 ventur,
354 1464 463 1492 minime
477 1460 578 1487 valent.

269 1494 422 1551 i§HXiXllL
442 1507 578 1535 Praeterea
598 1503 619 1530 si
641 1502 667 1529 in
680 1499 785 1527 caeteris
799 1497 879 1525 rebus
893 1494 1017 1522 omnibus

692 1546 697 1551 .
909 1546 915 1551 ,
926 1549 932 1551 _
951 1540 1017 1551 _,,__

233 1540 466 1594 es:providentia,
481 1551 579 1579 Inalum
598 1546 747 1576 secundum
763 1553 793 1572 se
809 1551 860 1571 non
875 1546 933 1574 est;
950 1540 1019 1567 alias

235 1606 306 1634 enim
327 1603 410 1631 etiam
429 1603 502 1627 esset
519 1595 687 1633 providentia
705 1591 768 1620 mali
786 1596 911 1624 tanquam
928 1587 1016 1620 entis;

235 1652 283 1680 sed
302 1646 469 1685 providentia
488 1648 530 1672 est
550 1643 578 1670 in
598 1639 738 1672 omnibus;
761 1636 860 1664 malum
879 1634 961 1669 igitur
976 1639 1017 1660 se—

236 1697 356 1725 cundum
375 1701 404 1721 se
423 1699 475 1719 non
493 1695 545 1716 est.
564 1688 611 1715 Lst
624 1691 714 1713 autem
730 1683 834 1719 primus
855 1680 952 1708 modus
966 1678 1022 1714 syl-

237 1741 414 1778 logismorum
430 1734 678 1772 hypotheticorum,
695 1727 826 1764 probabili
839 1725 1023 1762 propositione

238 1789 353 1825 probare
366 1783 503 1820 sequelam
516 1790 524 1815 ;
544 1781 571 1808 in
584 1778 711 1807 omnibus
724 1775 858 1810 siquidem
873 1773 952 1800 rebus
967 1770 1024 1798 cxi-

240 1836 288 1863 stit
305 1831 485 1869 providentia,
506 1832 533 1856 et
555 1825 622 1854 nihil
641 1830 734 1851 eorum
757 1829 816 1856 quae
836 1823 898 1848 sunt
916 1818 1025 1845 omnino

240 1862 338 1916 expers
351 1881 393 1906 est
404 1874 593 1912 providentiae,
611 1871 637 1898 id
657 1874 698 1897 est
712 1866 867 1896 omnimodo
885 1865 956 1892 bono
970 1862 1026 1898 pri-

242 1907 335 1954 vaium
349 1907 518 1956 est.-Ecquid
531 1919 592 1946 dico
609 1918 636 1944 in
659 1915 737 1943 bonis
750 1920 809 1948 qua:
825 1912 891 1939 iiunt
905 1910 948 1937 vel
969 1907 1027 1936 exi-

244 1972 338 2001 stunt?
352 1970 415 2005 quin
429 1955 553 1995 etrmalis
567 1971 627 1999 qum
643 1962 711 1989 iiunt
729 1957 896 1995 providentia
914 1955 1029 1990 benigne

244 2019 329 2046 utitur
354 2016 387 2042 ad
412 2012 608 2042 correctionem
623 2008 681 2036 sive
699 2013 793 2034 eorum
811 2003 858 2038 qui
870 2002 914 2030 illa
933 2006 1027 2035 agunt,

246 2066 303 2092 sive
328 2062 459 2092 aliorum;
482 2059 610 2093 quocirca
635 2053 706 2080 male
729 2051 841 2081 dicunt,
862 2048 908 2083 qui
930 2047 1029 2074 aiunt:

247 2111 337 2143 Quare
349 2114 402 2134 non
419 2104 483 2132 fecit
499 2110 548 2129 nos
562 2100 632 2127 Deus
646 2098 696 2130 sic,
713 2101 743 2123 ut
757 2095 799 2122 vel
812 2094 888 2122 inviti
902 2101 954 2121 non
970 2099 1033 2128 pec-

248 2153 360 2183 cemus'!
386 2152 438 2180 hoc
462 2149 534 2176 enim
558 2143 627 2174 nihil
648 2142 784 2171 aliud‘est
807 2148 887 2176 quam
910 2140 1000 2167 dicere
1024 2145 1031 2164 :

250 2201 338 2234 Quare
361 2205 414 2225 non
440 2198 563 2222 amentes
588 2199 638 2219 nos
661 2195 689 2234 et
711 2187 885 2217 irrationales
906 2185 986 2213 fecit?
1004 2184 1032 2211 Si

251 2246 322 2274 enim
346 2241 502 2270 necessario
527 2238 560 2266 ad
585 2226 715 2264 virtutem
740 2233 917 2265 duceremnr,
934 2238 1035 2265 nequa-

253 2297 333 2326 quam
346 2295 395 2316 nos
411 2285 497 2314 nostri
514 2289 658 2316 rerumque
677 2285 831 2308 nostrarum
852 2283 988 2312 compotes
1004 2283 1036 2303 ac
1052 2285 1074 2312 ι’)

254 2338 378 2370 potentes
391 2330 566 2359 declarasset,
581 2332 667 2360 neque
684 2329 809 2351 naturam
827 2327 947 2348 nostram
963 2319 1038 2347 intel-

256 2381 381 2416 ligentem
395 2382 456 2403 esse
479 2373 598 2401 sivisset.
619 2369 703 2398 Aufer
724 2369 796 2396 enim
817 2366 968 2394 libertatem
990 2373 1038 2392 no-

256 2431 353 2455 stram,
368 2426 395 2449 et
410 2427 498 2454 neque
517 2416 565 2444 Dei
580 2416 668 2449 imago
681 2413 792 2446 erimus,
814 2417 863 2439 nec
879 2411 1038 2438 habebimus

258 2472 363 2499 animas
376 2465 521 2495 rationales
537 2468 565 2491 et
579 2461 770 2496 intelligentes,
787 2463 814 2486 et
833 2463 930 2485 natura
944 2461 1038 2484 nostra

259 2517 365 2553 penitus
385 2511 516 2541 interibit.
542 2510 593 2536 Per
612 2516 641 2536 se
657 2510 721 2534 Vero
736 2504 875 2533 mobilium
896 2502 973 2535 dixit,
991 2509 1039 2536 pro

260 2563 336 2592 liberi
359 2559 476 2589 arbitrii.
499 2557 600 2590 suique
619 2554 688 2590 juris
713 2560 745 2579 ac
768 2551 908 2587 potestatis
926 2550 1041 2577 existen-

261 2611 329 2638 tium
352 2615 406 2635 non
422 2610 511 2632 autem
527 2609 576 2638 pro
596 2609 625 2628 se
641 2599 815 2629 moventium.
839 2597 871 2624 ad
891 2595 1043 2624 distinctio-

262 2663 326 2684 nem
341 2651 530 2682 immobilium,
546 2653 576 2675 ut
591 2649 748 2677 domorum;
765 2643 806 2670 vel
822 2643 854 2669 ab
875 2642 936 2669 aliis
956 2646 1043 2668 moto-

263 2709 336 2733 rum,
356 2705 385 2727 ut
400 2698 517 2732 lapidum
535 2704 542 2711 ι
558 2695 695 2721 disserens
709 2691 780 2718 enim
801 2691 833 2716 de
849 2689 950 2715 virtute
964 2687 1043 2713 αὐτο-

263 2748 400 2783 κινήτους,
416 2751 461 2772 seu
473 2750 521 2777 per
536 2749 565 2768 se
579 2739 702 2769 mobiles,
718 2742 843 2770 tanquam
859 2735 958 2761 liberos
971 2740 1046 2760 acce-

1219 296 1230 305 η

1043 284 1323 332 τοξευόντωνξὮσπερ
1332 292 1386 327 γὰρ
1400 292 1423 318 ot
1438 289 1489 324 ἔξω
1499 288 1546 315 τοῦ
1564 286 1665 314 σκοποῦ
1676 284 1833 318 τοξεύοντες

1044 331 1230 380 ἁμαρτάνουσι
1249 339 1296 366 τοῦ
1313 337 1510 374 προσήκοντος·
1529 333 1599 360 οὕτω
1617 332 1665 358 καὶ
1681 331 1772 366 ἡμεῖς,
1785 337 1834 356 του

1047 375 1147 418 σκοποῦ
1173 387 1220 414 καὶ
1243 386 1292 421 τῆς
1313 383 1417 417 τάξεως
1438 379 1679 414 ἀποτυγχάνοντες,
1694 375 1835 412 φερώμεθα

1047 439 1087 469 εις
1110 436 1158 472 τὴν
1178 433 1253 470 παρὰ
1269 432 1349 468 φύσιν
1367 431 1462 464 ἄλογον
1477 427 1524 454 καὶ
1544 425 1626 460 ἀτελῆ
1644 425 1692 451 καὶ
1710 422 1835 449 ἀνούσιον

1047 467 1233 517 ἁνυπαρξίαννι
1250 478 1311 505 ὅθεν
1328 477 1375 504 καὶ
1388 475 1499 512 μηδαμῆ
1518 472 1600 509 μηδὲν
1616 470 1646 497 ὃν
1656 469 1730 503 λέγει
1744 467 1774 494 τὸ
1785 475 1835 493 κα-

1049 513 1172 556 κόν.”Είτι
1187 526 1255 561 πρὸς
1267 524 1330 556 τοὺς
1347 523 1485 557 λέγοντας,
1494 521 1534 547 ὅτι
1548 517 1657 546 δύναταί
1668 525 1694 542 τι
1706 515 1737 541 τὸ
1750 513 1835 540 κακὸν

1050 575 1111 602 καθ’
1125 573 1190 600 αὑτὸ
1202 558 1298 603 ⁴ίιοιεῖν,
1315 570 1380 606 φησὶ
1396 568 1496 598 τοίνυν,
1506 567 1547 593 ὅτι
1558 565 1588 591 τὸ
1603 562 1686 590 κακὸν
1703 560 1789 590 ἄλλως
1803 558 1835 584 οὐ

1051 620 1263 657 παρυφίσταται,
1279 618 1303 644 εί
1322 617 1358 652 μὴ
1375 616 1403 642 ὲν
1421 615 1453 650 τῇ
1471 613 1518 640 τοῦ
1537 609 1638 646 ἀγαθοῦ
1660 607 1740 644 μίξει,
1757 606 1838 632 τόσον

1052 652 1255 701 ὲπίσυ-μϐαἶνον,
1266 663 1380 690 καθόσον
1391 661 1421 687 τὸ
1431 659 1530 694 ἀγαθὸν
1545 657 1662 684 ἐλλείπει
1670 663 1677 669 ⁸
1691 654 1720 680 τὸ
1733 653 1761 679 δὲ
1774 652 1839 678 πάν-

1052 723 1087 749 τη
1105 695 1217 748 ἄμοιρον
1233 695 1280 738 τοῦ
1299 707 1400 744 ἀγαθοῦ
1423 706 1484 733 οὒτε
1500 705 1528 731 ὅν
1547 705 1619 730 ἐστιν
1630 722 1639 733 ,
1653 700 1714 727 οὔτε
1727 695 1840 725 δύναταί

1053 743 1090 788 et:
1161 743 1209 785 τοῦ
1221 755 1342 783 ὲναντίου
1358 753 1422 788 γοῦν
1436 751 1569 787 ἐπιχειρεῖ
1584 749 1686 783 λέγων·
1701 746 1761 772 ’Ὁτι
1771 745 1795 770 εἰ
1809 743 1842 769 τδ

1056 807 1156 842 ἀγαθὸν
1180 805 1209 832 ὖν
1229 805 1296 835 ἐστι,
1316 802 1362 829 καὶ
1386 800 1466 836 βουλή
1491 799 1560 828 ἐστι,
1587 795 1634 823 καὶ
1652 793 1770 823 δύναται,
1795 789 1842 816 καὶ

1057 854 1138 883 ποιεῖ,
1151 851 1181 878 τὸ
1203 849 1287 877 κακὸν
1313 847 1359 874 τοῦ
1384 846 1459 877 δντος
1480 841 1670 878 ἐστερημένον,
1689 838 1777 865 ταῦτα
1792 836 1844 871 οὐχ

1058 898 1190 932 ἓξει.¹¹Ετι
1207 896 1250 922 ὅτι
1267 895 1317 920 οὐκ
1336 893 1392 919 ἐστι
1407 892 1437 918 τὸ
1451 890 1534 917 κακὸν
1553 887 1612 914 καθ’
1625 885 1700 916 αὐτὸ,
1716 883 1797 918 δῆλον
1811 882 1847 907 ἐκ

1020 947 1041 975 Β
1055 928 1101 972 τοῦ
1120 943 1156 979 μὴ
1173 940 1242 969 εἶναι
1253 939 1327 976 παρὰ
1343 939 1409 965 πᾶσι
1422 936 1528 968 ταύτὸν,
1541 933 1606 961 ἀλλὰ
1619 932 1666 959 καὶ
1679 930 1741 957 ἄλλο
1751 930 1780 955 ὲν
1794 928 1845 954 ἄλ-

1056 973 1126 1021 λοις,
1139 973 1228 1018 καθὼς
1239 987 1267 1012 ὲν
1283 973 1389 1019 ἑκάστῳ
1408 984 1424 1018 ἡ
1441 981 1488 1008 τοῦ
1508 978 1609 1015 ἀγαθοῦ
1628 976 1786 1006 ἀπόπτωσις
1803 973 1847 1007 γί-

1058 1019 1142 1063 νεται.
1162 1033 1228 1065 Θεὸς
1249 1032 1278 1059 δὲ
1292 1031 1340 1062 τὰς
1359 1028 1504 1059 ύποϐἀσεις
1519 1025 1573 1053 τῶν
1589 1026 1618 1051 ὲν
1634 1024 1667 1058 τῇ
1681 1019 1848 1057 δημιουργίᾳ

1058 1082 1185 1110 διέσωσεν
1195 1089 1201 1095 ·
1218 1080 1232 1106 ὁ
1245 1079 1293 1115 μὲν
1307 1077 1361 1113 γὰρ
1379 1076 1451 1108 νοῦς,
1463 1074 1523 1101 καθ’
1542 1073 1571 1101 ὃν
1588 1070 1729 1098 οὐσίωνται
1740 1067 1764 1092 οἱ
1779 1065 1848 1092 θεῖοι

1060 1127 1129 1160 νόες,
1146 1126 1193 1153 καὶ
1210 1111 1296 1159 πάντη
1308 1111 1393 1154 ἇῡλοι,
1411 1120 1544 1155 ἁνώτερος
1558 1117 1646 1153 ψυχῆς
1660 1116 1742 1145 ἐστιν,
1755 1113 1787 1139 ὲκ
1798 1111 1849 1146 τῆς

1061 1157 1244 1208 ἀγαθοειδείας
1257 1157 1304 1197 νῦν
1319 1168 1451 1204 κινηθεὶς,
1463 1166 1566 1201 δαίμων
1578 1162 1680 1197 ἁπέΰη·
1697 1162 1714 1196 ἡ
1726 1160 1754 1186 δὲ
1764 1157 1851 1194 ψυχὴ,

1061 1204 1128 1246 καοὺ
1145 1216 1286 1253 νοερὰ,καὶ
1303 1213 1408 1249 λογικὴ,
1423 1212 1495 1239 κατὰ
1511 1210 1589 1244 λόγον
1605 1206 1763 1243 ὲνεργοῦσα,
1774 1204 1852 1240 μένει

1062 1267 1091 1292 ὲν
1106 1264 1146 1300 τῷ
1161 1250 1268 1298 οἰκειῳ”
1285 1260 1359 1297 παρὰ
1374 1260 1452 1294 λόγον
1468 1258 1497 1284 δὲ
1515 1256 1665 1291 κινηθεῖσα,
1682 1251 1755 1287 κακὴ
1775 1250 1852 1284 γίνε-

1061 1320 1106 1338 ται
1117 1297 1177 1337 ’,τὰ
1193 1310 1221 1337 δὲ
1238 1297 1361 1344 σώματα,
1378 1305 1454 1342 παρὰ
1471 1304 1550 1340 φύσιν
1566 1301 1721 1338 κινηθέντα,
1739 1299 1791 1325 οὐκ
1808 1297 1855 1333 E9—

1065 1359 1174 1394 ρωνται.

1103 1495 1244 1533 ἐΧΧΧΙΙῐ.
1259 1494 1321 1522 Ἔτι
1332 1493 1356 1520 ει
1366 1492 1478 1528 πρόνοια
1488 1490 1535 1517 ἐπὶ
1544 1489 1610 1516 πᾶσι
1619 1487 1675 1518 τοῖς
1686 1485 1774 1516 ἄλλοις
1786 1483 1856 1515 ἐστὶ,

1068 1542 1152 1570 κακὸν
1173 1541 1233 1568 καθ’
1249 1539 1313 1567 αὐτὸ
1333 1538 1384 1564 οὐκ
1403 1537 1476 1563 ἔστιν
1487 1545 1493 1550 -
1508 1533 1542 1570 ἦν
1561 1533 1616 1568 γὰρ
1635 1532 1666 1559 ἂν
1680 1531 1726 1558 καὶ
1743 1528 1858 1565 πρόνοια

1069 1588 1115 1616 ἐπὶ
1130 1587 1169 1623 τῷ
1185 1585 1261 1621 κακῷ
1283 1584 1320 1616 ὡς
1342 1584 1411 1610 ὄντι·
1431 1581 1498 1608 ἀλλὰ
1516 1580 1567 1616 μὴν
1586 1577 1697 1614 πρόνοιά
1717 1577 1790 1602 ἐστιν
1811 1574 1859 1600 ἐπὶ

1071 1636 1146 1661 πᾶσι·
1155 1621 1247 1659 νκακὺν
1258 1631 1313 1666 ἄρα
1325 1629 1384 1656 καθ’
1396 1627 1461 1655 αὑτὸ
1475 1627 1525 1653 οὐκ
1535 1625 1602 1652 ἔστι.
1614 1623 1669 1650 Καὶ
1683 1623 1740 1649 ἐπι
1750 1621 1859 1657 πρῶτος

1071 1679 1169 1716 τρόπος
1194 1677 1249 1703 τῶν
1274 1673 1440 1702 ὑποθετικῶν
1459 1669 1653 1705 συλλογισμῶν,
1669 1669 1703 1703 τῇ
1720 1668 1792 1694 θέσει
1810 1666 1858 1692 τοῦ

1073 1712 1223 1760 ἡγουμένου
1241 1719 1451 1751 κατασκευάζων
1464 1718 1494 1744 τὸ
1507 1716 1637 1751 ἑπόμενον
1649 1723 1656 1729 ·
1677 1715 1706 1740 ὲν
1725 1714 1789 1739 πᾶσι
1805 1712 1860 1748 γὰρ

1074 1772 1128 1802 τοῖς
1140 1768 1214 1796 οὖσιν
1230 1769 1246 1804 ἡ
1264 1766 1376 1803 πρόνοιά
1396 1766 1465 1796 ἐστι,
1478 1763 1526 1790 καὶ
1539 1761 1614 1788 οὐδὲν
1634 1760 1689 1787 τῶν
1706 1759 1790 1786 ὄντων
1803 1758 1862 1784 ὁλο-

1075 1816 1159 1847 τελῶς
1180 1813 1356 1850 ἀπρονόητον,
1371 1811 1452 1838 τοῦτο
1472 1809 1526 1844 γάρ
1542 1809 1611 1840 ἐστι,
1629 1807 1659 1833 τδ
1679 1805 1793 1833 καθόλου
1814 1804 1862 1831 τοῦ

1076 1861 1178 1897 ἀγαθοῦ
1193 1860 1346 1895 ἐστέρηται.
1364 1858 1419 1884 Καὶ
1429 1857 1455 1883 τί
1466 1856 1536 1890 λέγω
1547 1855 1593 1881 ἐπὶ
1607 1855 1663 1884 τοῖς
1681 1852 1832 1887 γινομένοις
1845 1850 1863 1885 ἢ

1077 1905 1150 1934 οὖσιν
1165 1906 1292 1941 ἁγαθοῖς;
1315 1903 1381 1930 ἀλλὰ
1400 1903 1446 1929 καὶ
1470 1901 1559 1932 αὐτοῖς
1574 1900 1629 1930 τοῖς
1643 1897 1793 1933 γινομένοις
1812 1904 1864 1922 κα-

1079 1955 1146 1984 κοῖς,
1164 1949 1388 1986 ἀγαθοπρεπῶςὴ
1402 1947 1514 1983 πρόνοια
1531 1945 1660 1980 κέκτηται
1680 1943 1747 1979 πρὸς
1762 1950 1866 1977 σωφρο-

1080 1995 1182 2033 νισμὸν,
1195 1996 1212 2032 ἢ
1225 1995 1336 2022 ἐκείνων
1352 1992 1450 2024 αὐτῶν,
1469 1991 1485 2027 ἢ
1500 1990 1596 2022 ἄλλων,
1609 1989 1649 2015 διὸ
1668 1987 1760 2018 κακῶς
1774 1986 1867 2020 λέγου-

1081 2054 1123 2072 σιν
1145 2045 1169 2071 οἱ
1186 2042 1320 2078 λέγοντεςι
1346 2041 1396 2068 Διὰ
1413 2040 1438 2067 τί
1455 2040 1506 2066 ούκ
1525 2038 1650 2073 ἐποίησεν
1669 2037 1741 2072 ἡμᾶς
1765 2036 1779 2061 ὁ
1801 2034 1868 2066 Θεὸς

1082 2091 1177 2123 οὕτως,
1186 2090 1240 2121 ἵνα,
1251 2088 1303 2115 κᾶν
1313 2087 1444 2122 θέλωμεν,
1458 2085 1494 2120 μὴ
1505 2084 1705 2120 ἁμαρτάνωμεν
1715 2080 1806 2113 ςτοῦτο
1814 2079 1868 2115 γὰρ

1082 2138 1158 2165 οὐδὲν
1178 2135 1269 2171 ἔτερόν
1289 2135 1362 2160 ἐστιν
1381 2132 1398 2168 ἢ
1416 2132 1520 2166 λέγειν·
1533 2130 1582 2156 Διὰ
1591 2129 1617 2156 τί
1629 2128 1667 2164 μὴ
1678 2128 1809 2162 ἀνοήτους
1822 2126 1870 2152 καὶ

1084 2183 1196 2217 ἀλόγους
1209 2181 1283 2217 ἡμᾶς
1295 2178 1405 2214 ἐποίησε
1416 2187 1423 2210 ;
1435 2178 1471 2204 Τὸ
1481 2177 1536 2212 γὰρ
1547 2176 1576 2209 ἐξ
1589 2176 1709 2209 ἀνάγκης
1720 2174 1792 2208 ἡμᾶς
1805 2172 1870 2206 ἄγε-

1087 2229 1148 2256 σθαι
1164 2228 1207 2254 ἐπ’
1219 2223 1317 2262 ἀρετὴν
1326 2224 1386 2252 οὗτε
1397 2223 1597 2258 αὐτοκράτορας
1608 2221 1680 2256 ἡμᾶς
1696 2218 1801 2245 ἐδείκνυ
1817 2217 1871 2244 τῶν

1088 2275 1148 2302 καθ’
1160 2273 1283 2304 ἑαυτοὺς,
1294 2270 1355 2297 οὔτε
1364 2270 1412 2306 τὴν
1423 2268 1518 2304 νοερὰν
1530 2266 1608 2303 ἡμῶν
1624 2262 1704 2300 φύσιν
1714 2262 1782 2290 εἶναι
1794 2272 1872 2289 συνε-

1087 2318 1281 2356 χώρει.”Ανελε
1292 2316 1356 2351 γοῦν
1367 2315 1444 2351 ἡμῶν
1462 2312 1492 2341 τὺ
1502 2312 1684 2346 αὐτεξούσιον,
1698 2311 1745 2338 καὶ
1759 2310 1826 2337 οὕτε
1836 2311 1874 2336 εἰ-

1088 2365 1143 2392 κὼν
1154 2363 1220 2390 θεοῦ
1231 2361 1356 2397 ἐσόμεθα,
1367 2360 1426 2387 οὕτε
1437 2359 1532 2394 ἕξομεν
1541 2358 1630 2393 ψυχὰς
1640 2356 1750 2391 λογικὰς
1761 2357 1808 2383 καὶ
1819 2364 1875 2382 νοε-

1090 2411 1149 2446 ρὰς,
1161 2410 1208 2437 καὶ
1215 2409 1252 2444 τῷ
1262 2408 1318 2435 ὄντι
1330 2406 1497 2442 φθαρήσεται
1509 2405 1526 2440 ἢ
1537 2404 1617 2438 φύσις
1626 2403 1714 2438 ἡμῶν,
1725 2400 1875 2436 Αὑτοκινὴ-

1088 2466 1142 2483 των
1154 2456 1192 2488 δὲ,
1199 2455 1259 2482 ἀντὶ
1266 2451 1313 2481 τοῦ
1323 2450 1502 2486 αὑτεξουσίων
1512 2449 1558 2478 καὶ
1568 2449 1775 2485 αὐτοκρατόρων
1783 2448 1874 2483 φησὶν,

1090 2503 1120 2529 οὺ
1132 2502 1185 2538 γὰρ
1196 2502 1249 2528 τῶν
1260 2500 1371 2532 ἑαυτοὺς
1383 2497 1526 2525 κινούντων
1537 2494 1604 2532 πρὸς
1613 2494 1814 2530 ἀντιδιαστολὴν
1823 2494 1876 2519 τῶν

1093 2549 1226 2584 ἀκινήτων
1243 2547 1281 2579 ὡς
1297 2546 1388 2578 οἴκων,
1400 2545 1417 2580 ἥ
1433 2544 1636 2579 ἐτεροκινήτων,
1648 2542 1685 2573 ὡς
1701 2540 1796 2567 λίθων·
1815 2539 1877 2574 περὶ

1093 2594 1147 2629 γὰρ
1159 2593 1258 2629 ἀρετῆς
1268 2591 1464 2626 διαλεγόμενος,
1476 2590 1538 2620 τοὺς
1549 2588 1738 2622 αὐτοκινήτους
1749 2585 1786 2616 ὡς
1796 2585 1877 2611 αὖτε-

1095 2640 1215 2674 ξουσίους
1234 2638 1381 2673 παρέλαϐε.
1392 2637 1504 2670 Συνάγει
1521 2636 1574 2670 ἄρα
1584 2633 1765 2664 ὲντεῦθεν,ὄτι
1781 2632 1831 2658 οὐκ
1849 2630 1878 2656 ὂν

1097 2687 1127 2713 τὸ
1138 2686 1231 2716 κακὸν,
1242 2685 1288 2711 καὶ
1305 2685 1320 2719 ἡ
1336 2683 1443 2718 γένεσις
1455 2681 1536 2709 αὐτοῦ
1551 2681 1581 2707 ού
1599 2679 1668 2706 κατὰ
1678 2679 1802 2712 δύναμιν,
1813 2676 1879 2703 ἀλλὰ

1099 2731 1167 2758 κατὰ
1178 2730 1329 2757 ἀσθένειαν.

267 2768 400 2783 η.,.,.--,,
416 2768 461 2772 πη
475 2768 486 2777 τ
497 2768 504 2769 ,
696 2768 699 2769 ν
773 2768 780 2770 _

267 2795 313 2830 pit.
329 2793 397 2820 Hinc
414 2792 505 2824 itaque
522 2785 668 2816 concludit,
691 2783 791 2810 malum
818 2788 871 2808 non
895 2787 956 2807 esse
979 2786 1039 2810 eus,
1061 2777 1201 2812 ipsumque
1225 2775 1297 2810 gigni
1319 2781 1370 2801 non
1392 2773 1537 2800 secundum
1554 2771 1690 2804 virtutem,
1717 2768 1765 2796 sed
1786 2773 1882 2794 secun-

267 2844 329 2870 dum
343 2837 560 2866 imbecillitatem.

306 2886 319 2922 ξ
339 2883 459 2912 XXXIV.
479 2880 512 2909 Et
528 2878 678 2908 imqutatio
695 2877 857 2907 dznmonum,
875 2874 909 2901 ab
924 2872 1000 2900 initio
1015 2879 1047 2899 ex

269 2933 341 2960 bello
359 2929 543 2960 cxistentium,
563 2926 678 2963 sed_non
701 2930 754 2959 qua
770 2922 913 2953 malorum,
929 2919 977 2947 sed
996 2925 1049 2953 qua

1137 2866 1282 2905 §XXX1V.
1304 2865 1359 2893 Καὶ
1374 2865 1390 2900 ὴ
1408 2863 1547 2894 ἀλλοίωσις
1565 2861 1619 2888 τῶν
1638 2860 1772 2896 δαιμόνων
1789 2861 1821 2887 ἐκ
1836 2857 1882 2886 τοῦ

1102 2903 1204 2950 ἀγαθοῦ
1214 2913 1297 2940 ὅντων
1309 2910 1436 2946 ἀρχῆθεν,
1449 2909 1506 2937 ἀλλ’
1517 2909 1565 2944 οὐχ
1605 2907 1706 2939 κακῶν,
1719 2903 1805 2941 ἀλλ“ᾗ
1815 2905 1882 2939 ἀγα-
