  <div class='ocr_page' id='page_1' title='image "/cluster/home/n/w/nwhite01/storage/ocr_20150623/3/njp.32101077772356/502.png"; bbox 0 0 1938 3065; ppageno 0'>
   <div class='ocr_carea' id='block_1_1' title="bbox 125 154 177 183">
    <p class='ocr_par' dir='ltr' id='par_1_1' title="bbox 125 154 177 183">
     <span class='ocr_line' id='line_1_1' title="bbox 125 154 177 183; baseline -0.038 0"><span class='ocrx_word' id='word_1_1' title='bbox 125 154 177 183; x_wconf 68' lang='grc'><strong>815</strong></span> 
     </span>
    </p>
   </div>
   <div class='ocr_carea' id='block_1_2' title="bbox 125 211 910 249">
    <p class='ocr_par' dir='ltr' id='par_1_2' title="bbox 125 211 910 249">
     <span class='ocr_line' id='line_1_2' title="bbox 125 211 910 249; baseline -0.001 -9"><span class='ocrx_word' id='word_1_2' title='bbox 125 213 179 240; x_wconf 83' lang='grc' dir='ltr'><strong>θῶν</strong></span> <span class='ocrx_word' id='word_1_3' title='bbox 196 213 242 239; x_wconf 73' lang='grc' dir='ltr'>καὶ</span> <span class='ocrx_word' id='word_1_4' title='bbox 261 211 448 246; x_wconf 80' lang='grc' dir='ltr'>ἀγγελοειδῶν,</span> <span class='ocrx_word' id='word_1_5' title='bbox 462 213 479 248; x_wconf 88' lang='grc' dir='ltr'>ἢ</span> <span class='ocrx_word' id='word_1_6' title='bbox 498 213 562 248; x_wconf 79' lang='grc' dir='ltr'>περὶ</span> <span class='ocrx_word' id='word_1_7' title='bbox 579 214 627 249; x_wconf 87' lang='grc' dir='ltr'>τὴν</span> <span class='ocrx_word' id='word_1_8' title='bbox 645 213 694 248; x_wconf 84' lang='grc' dir='ltr'><strong>τῆς</strong></span> <span class='ocrx_word' id='word_1_9' title='bbox 712 213 910 248; x_wconf 82' lang='grc' dir='ltr'>ἀγγελοειδείας</span> 
     </span>
    </p>
   </div>
   <div class='ocr_carea' id='block_1_3' title="bbox 125 257 910 293">
    <p class='ocr_par' dir='ltr' id='par_1_3' title="bbox 125 257 910 293">
     <span class='ocr_line' id='line_1_3' title="bbox 125 257 910 293; baseline -0.001 -8"><span class='ocrx_word' id='word_1_10' title='bbox 125 258 275 293; x_wconf 79' lang='grc' dir='ltr'>ταύτότητα</span> <span class='ocrx_word' id='word_1_11' title='bbox 286 257 401 292; x_wconf 77' lang='grc' dir='ltr'>ἔλλειψις</span> <span class='ocrx_word' id='word_1_12' title='bbox 415 258 461 284; x_wconf 84' lang='grc' dir='ltr'>καὶ</span> <span class='ocrx_word' id='word_1_13' title='bbox 470 258 596 285; x_wconf 85' lang='grc' dir='ltr'>ἀσθένειά</span> <span class='ocrx_word' id='word_1_14' title='bbox 606 258 674 285; x_wconf 71' lang='grc' dir='ltr'>ἐστι.</span> <span class='ocrx_word' id='word_1_15' title='bbox 686 258 764 292; x_wconf 83' lang='grc' dir='ltr'><strong>Λέγω</strong></span> <span class='ocrx_word' id='word_1_16' title='bbox 774 259 801 285; x_wconf 87' lang='grc' dir='ltr'><strong>δὲ</strong></span> <span class='ocrx_word' id='word_1_17' title='bbox 812 259 853 284; x_wconf 84' lang='grc' dir='ltr'>ὅτι</span> <span class='ocrx_word' id='word_1_18' title='bbox 863 259 910 285; x_wconf 79' lang='grc' dir='ltr'>καὶ</span> 
     </span>
    </p>
   </div>
   <div class='ocr_carea' id='block_1_4' title="bbox 125 300 908 339">
    <p class='ocr_par' dir='ltr' id='par_1_4' title="bbox 125 300 908 339">
     <span class='ocr_line' id='line_1_4' title="bbox 125 300 908 339; baseline -0.001 -8"><span class='ocrx_word' id='word_1_19' title='bbox 125 301 197 331; x_wconf 70' lang='grc' dir='ltr'>οὗτοι</span> <span class='ocrx_word' id='word_1_20' title='bbox 208 303 254 330; x_wconf 78' lang='grc' dir='ltr'><strong>τοῦ</strong></span> <span class='ocrx_word' id='word_1_21' title='bbox 265 302 368 337; x_wconf 80' lang='grc' dir='ltr'><strong>ἀγαθοῦ</strong></span> <span class='ocrx_word' id='word_1_22' title='bbox 377 303 506 337; x_wconf 79' lang='grc' dir='ltr'>ἐφίενται,</span> <span class='ocrx_word' id='word_1_23' title='bbox 515 303 582 330; x_wconf 79' lang='grc' dir='ltr'>καθὸ</span> <span class='ocrx_word' id='word_1_24' title='bbox 591 303 638 330; x_wconf 85' lang='grc' dir='ltr'>τοῦ</span> <span class='ocrx_word' id='word_1_25' title='bbox 649 300 728 336; x_wconf 77' lang='grc' dir='ltr'>εἷναι,</span> <span class='ocrx_word' id='word_1_26' title='bbox 737 303 784 330; x_wconf 72' lang='grc' dir='ltr'>καὶ</span> <span class='ocrx_word' id='word_1_27' title='bbox 793 303 840 330; x_wconf 83' lang='grc' dir='ltr'>τοῦ</span> <span class='ocrx_word' id='word_1_28' title='bbox 849 303 908 339; x_wconf 75' lang='grc' dir='ltr'>ζῇν,</span> 
     </span>
    </p>
   </div>
   <div class='ocr_carea' id='block_1_5' title="bbox 126 348 908 385">
    <p class='ocr_par' dir='ltr' id='par_1_5' title="bbox 126 348 908 385">
     <span class='ocr_line' id='line_1_5' title="bbox 126 348 908 385; baseline -0.001 -9"><span class='ocrx_word' id='word_1_29' title='bbox 126 348 229 376; x_wconf 78' lang='grc' dir='ltr'>καὶτοῦ</span> <span class='ocrx_word' id='word_1_30' title='bbox 240 350 309 376; x_wconf 83' lang='grc' dir='ltr'>νοεῖν</span> <span class='ocrx_word' id='word_1_31' title='bbox 322 349 441 384; x_wconf 81' lang='grc' dir='ltr'><strong>ἐφίενται</strong></span> <span class='ocrx_word' id='word_1_32' title='bbox 452 357 459 364; x_wconf 89' lang='grc'><strong>·</strong></span> <span class='ocrx_word' id='word_1_33' title='bbox 476 349 523 376; x_wconf 81' lang='grc' dir='ltr'>καὶ</span> <span class='ocrx_word' id='word_1_34' title='bbox 540 349 570 382; x_wconf 73' lang='grc' dir='ltr'><strong>ἐξ</strong></span> <span class='ocrx_word' id='word_1_35' title='bbox 588 350 749 385; x_wconf 77' lang='grc' dir='ltr'><strong>ἀποφάσεως</strong></span> <span class='ocrx_word' id='word_1_36' title='bbox 769 350 908 385; x_wconf 79' lang='grc' dir='ltr'>ἐπιχειρεῖ·</span> 
     </span>
    </p>
   </div>
   <div class='ocr_carea' id='block_1_6' title="bbox 126 395 907 432">
    <p class='ocr_par' dir='ltr' id='par_1_6' title="bbox 126 395 907 432">
     <span class='ocr_line' id='line_1_6' title="bbox 126 395 907 432; baseline -0.001 -9"><span class='ocrx_word' id='word_1_37' title='bbox 126 395 157 423; x_wconf 79' lang='lat' dir='ltr'><strong>El</strong></span> <span class='ocrx_word' id='word_1_38' title='bbox 176 396 225 423; x_wconf 86' lang='grc' dir='ltr'>οὐκ</span> <span class='ocrx_word' id='word_1_39' title='bbox 242 396 362 431; x_wconf 81' lang='grc' dir='ltr'>ὲφίενται</span> <span class='ocrx_word' id='word_1_40' title='bbox 380 396 427 423; x_wconf 81' lang='grc' dir='ltr'>τοῦ</span> <span class='ocrx_word' id='word_1_41' title='bbox 441 395 552 431; x_wconf 84' lang='grc' dir='ltr'>ἀγαθοῦ,</span> <span class='ocrx_word' id='word_1_42' title='bbox 567 397 687 431; x_wconf 77' lang='grc' dir='ltr'><strong>ἐφίενται</strong></span> <span class='ocrx_word' id='word_1_43' title='bbox 703 395 749 422; x_wconf 86' lang='grc' dir='ltr'>τοῦ</span> <span class='ocrx_word' id='word_1_44' title='bbox 769 396 806 432; x_wconf 83' lang='grc' dir='ltr'>μὴ</span> <span class='ocrx_word' id='word_1_45' title='bbox 822 396 907 429; x_wconf 73' lang='grc' dir='ltr'>ὂντος·</span> 
     </span>
    </p>
   </div>
   <div class='ocr_carea' id='block_1_7' title="bbox 127 442 910 479">
    <p class='ocr_par' dir='ltr' id='par_1_7' title="bbox 127 442 910 479">
     <span class='ocr_line' id='line_1_7' title="bbox 127 442 910 479; baseline -0.001 -9"><span class='ocrx_word' id='word_1_46' title='bbox 127 443 173 470; x_wconf 75' lang='grc' dir='ltr'>καὶ</span> <span class='ocrx_word' id='word_1_47' title='bbox 192 443 270 470; x_wconf 79' lang='grc' dir='ltr'>τοῦτο</span> <span class='ocrx_word' id='word_1_48' title='bbox 289 443 381 478; x_wconf 74' lang='grc' dir='ltr'>ἔφεσις</span> <span class='ocrx_word' id='word_1_49' title='bbox 400 443 450 470; x_wconf 81' lang='grc' dir='ltr'>οὐκ</span> <span class='ocrx_word' id='word_1_50' title='bbox 468 443 551 476; x_wconf 78' lang='grc' dir='ltr'>ἔστιν,</span> <span class='ocrx_word' id='word_1_51' title='bbox 563 443 674 478; x_wconf 76' lang='grc' dir='ltr'><strong>οὐδεμία</strong></span> <span class='ocrx_word' id='word_1_52' title='bbox 690 442 745 479; x_wconf 85' lang='grc' dir='ltr'><strong>γὰρ</strong></span> <span class='ocrx_word' id='word_1_53' title='bbox 755 442 847 478; x_wconf 74' lang='grc' dir='ltr'>ἔφεσίς</span> <span class='ocrx_word' id='word_1_54' title='bbox 856 451 910 469; x_wconf 89' lang='grc' dir='ltr'>τισι</span> 
     </span>
    </p>
   </div>
   <div class='ocr_carea' id='block_1_8' title="bbox 125 486 911 525">
    <p class='ocr_par' dir='ltr' id='par_1_8' title="bbox 125 486 911 525">
     <span class='ocr_line' id='line_1_8' title="bbox 125 486 911 525; baseline 0.001 -11"><span class='ocrx_word' id='word_1_55' title='bbox 125 487 173 514; x_wconf 81' lang='grc' dir='ltr'>τοῦ</span> <span class='ocrx_word' id='word_1_56' title='bbox 196 488 232 524; x_wconf 84' lang='grc' dir='ltr'>μὴ</span> <span class='ocrx_word' id='word_1_57' title='bbox 250 486 328 521; x_wconf 76' lang='grc' dir='ltr'>εἶναι,</span> <span class='ocrx_word' id='word_1_58' title='bbox 340 488 407 516; x_wconf 83' lang='grc' dir='ltr'>ἀλλὰ</span> <span class='ocrx_word' id='word_1_59' title='bbox 418 489 565 525; x_wconf 79' lang='grc' dir='ltr'>φθαρῆναι·</span> <span class='ocrx_word' id='word_1_60' title='bbox 577 489 633 516; x_wconf 78' lang='grc' dir='ltr'>ἀλλ’</span> <span class='ocrx_word' id='word_1_61' title='bbox 645 488 764 525; x_wconf 82' lang='grc' dir='ltr'>ἁμαρτία</span> <span class='ocrx_word' id='word_1_62' title='bbox 774 488 852 516; x_wconf 84' lang='grc' dir='ltr'>τοῦτο</span> <span class='ocrx_word' id='word_1_63' title='bbox 861 488 911 524; x_wconf 87' lang='grc' dir='ltr'>τῆς</span> 
     </span>
    </p>
   </div>
   <div class='ocr_carea' id='block_1_9' title="bbox 126 534 349 570">
    <p class='ocr_par' dir='ltr' id='par_1_9' title="bbox 126 534 349 570">
     <span class='ocr_line' id='line_1_9' title="bbox 126 534 349 570; baseline 0.013 -9"><span class='ocrx_word' id='word_1_64' title='bbox 126 534 211 567; x_wconf 81' lang='grc' dir='ltr'>ὅντως</span> <span class='ocrx_word' id='word_1_65' title='bbox 221 535 349 570; x_wconf 77' lang='grc' dir='ltr'>ἐφέσεως.</span> 
     </span>
    </p>
   </div>
   <div class='ocr_carea' id='block_1_10' title="bbox 162 580 909 618">
    <p class='ocr_par' dir='ltr' id='par_1_10' title="bbox 162 580 909 618">
     <span class='ocr_line' id='line_1_10' title="bbox 162 580 909 618; baseline 0.003 -11"><span class='ocrx_word' id='word_1_66' title='bbox 162 581 175 617; x_wconf 83' lang='lat'><strong>§</strong></span> <span class='ocrx_word' id='word_1_67' title='bbox 186 580 293 608; x_wconf 82' lang='lat' dir='ltr'><strong>XXXV.</strong></span> <span class='ocrx_word' id='word_1_68' title='bbox 309 581 416 618; x_wconf 82' lang='grc' dir='ltr'>Ἐπειδὴ</span> <span class='ocrx_word' id='word_1_69' title='bbox 427 580 513 614; x_wconf 77' lang='grc' dir='ltr'>εἶπεν,</span> <span class='ocrx_word' id='word_1_70' title='bbox 523 583 604 610; x_wconf 79' lang='grc' dir='ltr'>ὅτιτὸ</span> <span class='ocrx_word' id='word_1_71' title='bbox 614 582 698 609; x_wconf 75' lang='grc' dir='ltr'>κακὸν</span> <span class='ocrx_word' id='word_1_72' title='bbox 705 582 832 609; x_wconf 83' lang='grc' dir='ltr'>ἀσθένειά</span> <span class='ocrx_word' id='word_1_73' title='bbox 842 583 909 614; x_wconf 85' lang='grc' dir='ltr'>ὲστι,</span> 
     </span>
    </p>
   </div>
   <div class='ocr_carea' id='block_1_11' title="bbox 127 628 913 664">
    <p class='ocr_par' dir='ltr' id='par_1_11' title="bbox 127 628 913 664">
     <span class='ocr_line' id='line_1_11' title="bbox 127 628 913 664; baseline 0.001 -10"><span class='ocrx_word' id='word_1_74' title='bbox 127 628 175 654; x_wconf 81' lang='grc' dir='ltr'>καὶ</span> <span class='ocrx_word' id='word_1_75' title='bbox 185 628 300 663; x_wconf 71' lang='grc' dir='ltr'>ἔλλειψις</span> <span class='ocrx_word' id='word_1_76' title='bbox 309 629 356 655; x_wconf 80' lang='grc' dir='ltr'>τοῦ</span> <span class='ocrx_word' id='word_1_77' title='bbox 368 630 397 656; x_wconf 87' lang='grc' dir='ltr'>ὲν</span> <span class='ocrx_word' id='word_1_78' title='bbox 405 628 512 664; x_wconf 78' lang='grc' dir='ltr'>ἑκάστῳ</span> <span class='ocrx_word' id='word_1_79' title='bbox 520 628 633 663; x_wconf 83' lang='grc' dir='ltr'><strong>ἀγαθοῦ,</strong></span> <span class='ocrx_word' id='word_1_80' title='bbox 643 629 698 655; x_wconf 72' lang='grc' dir='ltr'>ἐστι</span> <span class='ocrx_word' id='word_1_81' title='bbox 708 628 736 655; x_wconf 84' lang='grc' dir='ltr'><strong>δὲ</strong></span> <span class='ocrx_word' id='word_1_82' title='bbox 746 628 775 655; x_wconf 85' lang='grc' dir='ltr'>ἒν</span> <span class='ocrx_word' id='word_1_83' title='bbox 785 629 838 656; x_wconf 90' lang='grc' dir='ltr'>τῶν</span> <span class='ocrx_word' id='word_1_84' title='bbox 849 629 913 663; x_wconf 89' lang='grc' dir='ltr'>ἀγα-</span> 
     </span>
    </p>
   </div>
   <div class='ocr_carea' id='block_1_12' title="bbox 128 672 911 709">
    <p class='ocr_par' dir='ltr' id='par_1_12' title="bbox 128 672 911 709">
     <span class='ocr_line' id='line_1_12' title="bbox 128 672 911 709; baseline 0.003 -10"><span class='ocrx_word' id='word_1_85' title='bbox 128 672 183 700; x_wconf 87' lang='grc' dir='ltr'>θῶν</span> <span class='ocrx_word' id='word_1_86' title='bbox 197 674 244 701; x_wconf 76' lang='grc' dir='ltr'>καὶ</span> <span class='ocrx_word' id='word_1_87' title='bbox 262 676 276 709; x_wconf 78' lang='grc' dir='ltr'>ἡ</span> <span class='ocrx_word' id='word_1_88' title='bbox 287 675 340 701; x_wconf 85' lang='grc' dir='ltr'><strong>τῶν</strong></span> <span class='ocrx_word' id='word_1_89' title='bbox 352 674 441 702; x_wconf 85' lang='grc' dir='ltr'>καλῶν</span> <span class='ocrx_word' id='word_1_90' title='bbox 450 675 559 709; x_wconf 85' lang='grc' dir='ltr'>γνῶσις,</span> <span class='ocrx_word' id='word_1_91' title='bbox 571 676 617 702; x_wconf 76' lang='grc' dir='ltr'>καὶ</span> <span class='ocrx_word' id='word_1_92' title='bbox 627 675 766 701; x_wconf 85' lang='grc' dir='ltr'>ἀκολουθεῖ</span> <span class='ocrx_word' id='word_1_93' title='bbox 777 675 911 706; x_wconf 80' lang='grc' dir='ltr'>ἐντεῦθεν,</span> 
     </span>
    </p>
   </div>
   <div class='ocr_carea' id='block_1_13' title="bbox 128 720 913 757">
    <p class='ocr_par' dir='ltr' id='par_1_13' title="bbox 128 720 913 757">
     <span class='ocr_line' id='line_1_13' title="bbox 128 720 913 757; baseline 0.004 -12"><span class='ocrx_word' id='word_1_94' title='bbox 128 720 218 746; x_wconf 82' lang='grc' dir='ltr'>πᾶσαν</span> <span class='ocrx_word' id='word_1_95' title='bbox 228 720 276 756; x_wconf 83' lang='grc' dir='ltr'>τὴν</span> <span class='ocrx_word' id='word_1_96' title='bbox 287 720 331 747; x_wconf 73' lang='grc' dir='ltr'>διὰ</span> <span class='ocrx_word' id='word_1_97' title='bbox 343 720 467 757; x_wconf 78' lang='grc' dir='ltr'>πράξεως</span> <span class='ocrx_word' id='word_1_98' title='bbox 484 721 619 757; x_wconf 80' lang='grc' dir='ltr'><strong>ἁμαρτίαν</strong></span> <span class='ocrx_word' id='word_1_99' title='bbox 636 721 757 756; x_wconf 86' lang='grc' dir='ltr'>γίνεσθαι</span> <span class='ocrx_word' id='word_1_100' title='bbox 775 722 804 748; x_wconf 84' lang='grc' dir='ltr'><strong>έν</strong></span> <span class='ocrx_word' id='word_1_101' title='bbox 820 722 853 756; x_wconf 81' lang='grc' dir='ltr'>τῇ</span> <span class='ocrx_word' id='word_1_102' title='bbox 870 721 913 748; x_wconf 77' lang='grc' dir='ltr'><strong>ἑλ-</strong></span> 
     </span>
    </p>
   </div>
   <div class='ocr_carea' id='block_1_14' title="bbox 128 764 912 803">
    <p class='ocr_par' dir='ltr' id='par_1_14' title="bbox 128 764 912 803">
     <span class='ocr_line' id='line_1_14' title="bbox 128 764 912 803; baseline 0.004 -12"><span class='ocrx_word' id='word_1_103' title='bbox 128 764 214 799; x_wconf 83' lang='grc' dir='ltr'>λείψει</span> <span class='ocrx_word' id='word_1_104' title='bbox 230 766 279 801; x_wconf 86' lang='grc' dir='ltr'>τῆς</span> <span class='ocrx_word' id='word_1_105' title='bbox 296 767 423 802; x_wconf 77' lang='grc' dir='ltr'><strong>τοιαύτης</strong></span> <span class='ocrx_word' id='word_1_106' title='bbox 434 767 574 802; x_wconf 75' lang='grc' dir='ltr'><strong>γνώσεως⁹</strong></span> <span class='ocrx_word' id='word_1_107' title='bbox 587 766 646 799; x_wconf 85' lang='grc' dir='ltr'>πῶς</span> <span class='ocrx_word' id='word_1_108' title='bbox 655 767 710 803; x_wconf 76' lang='grc' dir='ltr'>ἔχει</span> <span class='ocrx_word' id='word_1_109' title='bbox 721 767 762 798; x_wconf 84' lang='grc' dir='ltr'>τὺ,</span> <span class='ocrx_word' id='word_1_110' title='bbox 778 768 846 794; x_wconf 78' lang='grc' dir='ltr'><strong>Οὐαὶ</strong></span> <span class='ocrx_word' id='word_1_111' title='bbox 856 768 912 799; x_wconf 80' lang='grc' dir='ltr'>τοῖς</span> 
     </span>
    </p>
   </div>
   <div class='ocr_carea' id='block_1_15' title="bbox 129 810 914 848">
    <p class='ocr_par' dir='ltr' id='par_1_15' title="bbox 129 810 914 848">
     <span class='ocr_line' id='line_1_15' title="bbox 129 810 914 848; baseline 0.005 -12"><span class='ocrx_word' id='word_1_112' title='bbox 129 811 159 837; x_wconf 74' lang='grc' dir='ltr'>ἐν</span> <span class='ocrx_word' id='word_1_113' title='bbox 176 810 274 845; x_wconf 83' lang='grc' dir='ltr'>γνώσει</span> <span class='ocrx_word' id='word_1_114' title='bbox 292 813 490 848; x_wconf 75' lang='grc' dir='ltr'>ἁμαρτάνουσιί</span> <span class='ocrx_word' id='word_1_115' title='bbox 502 813 548 840; x_wconf 82' lang='grc' dir='ltr'>καὶ</span> <span class='ocrx_word' id='word_1_116' title='bbox 558 812 598 844; x_wconf 79' lang='grc' dir='ltr'><strong>τὸ,</strong></span> <span class='ocrx_word' id='word_1_117' title='bbox 613 812 640 839; x_wconf 88' lang='lat'><strong>&#39;0</strong></span> <span class='ocrx_word' id='word_1_118' title='bbox 652 812 738 846; x_wconf 72' lang='grc' dir='ltr'>εἰδὼς</span> <span class='ocrx_word' id='word_1_119' title='bbox 752 812 784 840; x_wconf 82' lang='grc' dir='ltr'>τὸ</span> <span class='ocrx_word' id='word_1_120' title='bbox 800 814 914 848; x_wconf 77' lang='grc' dir='ltr'>θέλημα</span> 
     </span>
    </p>
   </div>
   <div class='ocr_carea' id='block_1_16' title="bbox 130 858 914 894">
    <p class='ocr_par' dir='ltr' id='par_1_16' title="bbox 130 858 914 894">
     <span class='ocr_line' id='line_1_16' title="bbox 130 858 914 894; baseline 0.001 -9"><span class='ocrx_word' id='word_1_121' title='bbox 130 858 183 885; x_wconf 79' lang='grc' dir='ltr'>τοῦ</span> <span class='ocrx_word' id='word_1_122' title='bbox 198 860 309 892; x_wconf 81' lang='grc' dir='ltr'><strong>Κυρίου</strong></span> <span class='ocrx_word' id='word_1_123' title='bbox 323 859 427 893; x_wconf 80' lang='grc' dir='ltr'>αὐτοῦ,</span> <span class='ocrx_word' id='word_1_124' title='bbox 443 859 492 886; x_wconf 77' lang='grc' dir='ltr'><strong>καί</strong></span> <span class='ocrx_word' id='word_1_125' title='bbox 500 859 543 894; x_wconf 78' lang='grc' dir='ltr'>μὴ</span> <span class='ocrx_word' id='word_1_126' title='bbox 555 859 647 886; x_wconf 75' lang='grc' dir='ltr'>ποιῶν</span> <span class='ocrx_word' id='word_1_127' title='bbox 658 860 742 891; x_wconf 82' lang='grc' dir='ltr'>αὐτὸ,</span> <span class='ocrx_word' id='word_1_128' title='bbox 752 859 914 894; x_wconf 81' lang='grc' dir='ltr'>δαρήσεται</span> 
     </span>
    </p>
   </div>
   <div class='ocr_carea' id='block_1_17' title="bbox 404 154 1467 186">
    <p class='ocr_par' dir='ltr' id='par_1_17' title="bbox 404 154 1467 186">
     <span class='ocr_line' id='line_1_17' title="bbox 404 154 1467 186; baseline 0.003 -4"><span class='ocrx_word' id='word_1_129' title='bbox 404 154 448 182; x_wconf 86' lang='lat' dir='ltr'><strong>DE</strong></span> <span class='ocrx_word' id='word_1_130' title='bbox 465 154 592 183; x_wconf 83' lang='lat' dir='ltr'><strong>DIVINIS</strong></span> <span class='ocrx_word' id='word_1_131' title='bbox 608 154 807 186; x_wconf 82' lang='lat' dir='ltr'><strong>NOMINIBUS.</strong></span> <span class='ocrx_word' id='word_1_132' title='bbox 824 155 901 183; x_wconf 77' lang='lat' dir='ltr'><strong>CAP.</strong></span> <span class='ocrx_word' id='word_1_133' title='bbox 919 155 963 182; x_wconf 88' lang='lat' dir='ltr'><strong>IV.</strong></span> <span class='ocrx_word' id='word_1_134' title='bbox 980 171 1014 176; x_wconf 94' lang='lat'><strong>—</strong></span> <span class='ocrx_word' id='word_1_135' title='bbox 1034 155 1207 184; x_wconf 78' lang='lat' dir='ltr'><strong>PARAPHR.</strong></span> <span class='ocrx_word' id='word_1_136' title='bbox 1227 156 1467 185; x_wconf 53' lang='lat' dir='ltr'><strong>PACHYMERAE.‘</strong></span> 
     </span>
    </p>
   </div>
   <div class='ocr_carea' id='block_1_18' title="bbox 1690 160 1741 187">
    <p class='ocr_par' dir='ltr' id='par_1_18' title="bbox 1690 160 1741 187">
     <span class='ocr_line' id='line_1_18' title="bbox 1690 160 1741 187; baseline 0 0"><span class='ocrx_word' id='word_1_137' title='bbox 1690 160 1741 187; x_wconf 76' lang='lat' dir='ltr'><strong>8N</strong></span> 
     </span>
    </p>
   </div>
   <div class='ocr_carea' id='block_1_19' title="bbox 925 214 1743 256">
    <p class='ocr_par' dir='ltr' id='par_1_19' title="bbox 925 214 1743 256">
     <span class='ocr_line' id='line_1_19' title="bbox 925 214 1743 256; baseline 0.005 -16"><span class='ocrx_word' id='word_1_138' title='bbox 925 228 946 256; x_wconf 64' lang='grc' dir='ltr'>Α</span> <span class='ocrx_word' id='word_1_139' title='bbox 961 214 1092 241; x_wconf 87' lang='lat' dir='ltr'><strong>bonorum</strong></span> <span class='ocrx_word' id='word_1_140' title='bbox 1108 217 1135 241; x_wconf 89' lang='lat' dir='ltr'><strong>et</strong></span> <span class='ocrx_word' id='word_1_141' title='bbox 1150 214 1377 248; x_wconf 76' lang='lat' dir='ltr'><strong>angelilormium.</strong></span> <span class='ocrx_word' id='word_1_142' title='bbox 1389 217 1436 241; x_wconf 90' lang='lat' dir='ltr'><strong>aut</strong></span> <span class='ocrx_word' id='word_1_143' title='bbox 1447 214 1598 244; x_wconf 81' lang='lat' dir='ltr'><strong>identitatis</strong></span> <span class='ocrx_word' id='word_1_144' title='bbox 1616 216 1743 251; x_wconf 66' lang='lat' dir='ltr'><strong>angelica:</strong></span> 
     </span>
    </p>
   </div>
   <div class='ocr_carea' id='block_1_20' title="bbox 960 259 1742 290">
    <p class='ocr_par' dir='ltr' id='par_1_20' title="bbox 960 259 1742 290">
     <span class='ocr_line' id='line_1_20' title="bbox 960 259 1742 290; baseline 0.005 -4"><span class='ocrx_word' id='word_1_145' title='bbox 960 259 1053 286; x_wconf 67' lang='lat' dir='ltr'><strong>formae</strong></span> <span class='ocrx_word' id='word_1_146' title='bbox 1067 263 1110 287; x_wconf 89' lang='lat' dir='ltr'><strong>est</strong></span> <span class='ocrx_word' id='word_1_147' title='bbox 1121 259 1235 287; x_wconf 80' lang='lat' dir='ltr'><strong>defectio</strong></span> <span class='ocrx_word' id='word_1_148' title='bbox 1247 264 1275 287; x_wconf 82' lang='lat' dir='ltr'><strong>et</strong></span> <span class='ocrx_word' id='word_1_149' title='bbox 1287 260 1466 288; x_wconf 74' lang='lat' dir='ltr'><strong>imbecillitas.</strong></span> <span class='ocrx_word' id='word_1_150' title='bbox 1479 261 1545 289; x_wconf 86' lang='lat' dir='ltr'><strong>Dico</strong></span> <span class='ocrx_word' id='word_1_151' title='bbox 1558 266 1649 290; x_wconf 87' lang='lat' dir='ltr'><strong>autem</strong></span> <span class='ocrx_word' id='word_1_152' title='bbox 1661 263 1742 290; x_wconf 84' lang='lat' dir='ltr'><strong>etiam</strong></span> 
     </span>
    </p>
   </div>
   <div class='ocr_carea' id='block_1_21' title="bbox 961 304 1742 340">
    <p class='ocr_par' dir='ltr' id='par_1_21' title="bbox 961 304 1742 340">
     <span class='ocr_line' id='line_1_21' title="bbox 961 304 1742 340; baseline 0.006 -9"><span class='ocrx_word' id='word_1_153' title='bbox 961 305 1010 332; x_wconf 87' lang='lat' dir='ltr'><strong>hos</strong></span> <span class='ocrx_word' id='word_1_154' title='bbox 1019 304 1121 332; x_wconf 90' lang='lat' dir='ltr'><strong>bonum</strong></span> <span class='ocrx_word' id='word_1_155' title='bbox 1136 305 1302 338; x_wconf 79' lang='lat' dir='ltr'><strong>desnlerare,</strong></span> <span class='ocrx_word' id='word_1_156' title='bbox 1318 305 1344 332; x_wconf 93' lang='lat' dir='ltr'><strong>in</strong></span> <span class='ocrx_word' id='word_1_157' title='bbox 1358 309 1488 340; x_wconf 88' lang='lat' dir='ltr'><strong>quantum</strong></span> <span class='ocrx_word' id='word_1_158' title='bbox 1499 311 1525 334; x_wconf 93' lang='lat' dir='ltr'><strong>et</strong></span> <span class='ocrx_word' id='word_1_159' title='bbox 1540 313 1600 335; x_wconf 85' lang='lat' dir='ltr'><strong>esse</strong></span> <span class='ocrx_word' id='word_1_160' title='bbox 1612 312 1641 335; x_wconf 86' lang='lat' dir='ltr'><strong>et</strong></span> <span class='ocrx_word' id='word_1_161' title='bbox 1652 308 1742 336; x_wconf 81' lang='lat' dir='ltr'><strong>vivere</strong></span> 
     </span>
    </p>
   </div>
   <div class='ocr_carea' id='block_1_22' title="bbox 960 350 1743 386">
    <p class='ocr_par' dir='ltr' id='par_1_22' title="bbox 960 350 1743 386">
     <span class='ocr_line' id='line_1_22' title="bbox 960 350 1743 386; baseline 0.006 -9"><span class='ocrx_word' id='word_1_162' title='bbox 960 355 987 378; x_wconf 88' lang='lat' dir='ltr'><strong>et</strong></span> <span class='ocrx_word' id='word_1_163' title='bbox 1009 350 1159 386; x_wconf 78' lang='lat' dir='ltr'><strong>intelligere</strong></span> <span class='ocrx_word' id='word_1_164' title='bbox 1184 351 1353 382; x_wconf 82' lang='lat' dir='ltr'><strong>desiderant;</strong></span> <span class='ocrx_word' id='word_1_165' title='bbox 1368 356 1395 378; x_wconf 91' lang='lat' dir='ltr'><strong>et</strong></span> <span class='ocrx_word' id='word_1_166' title='bbox 1414 359 1448 379; x_wconf 77' lang='lat' dir='ltr'><strong>ex</strong></span> <span class='ocrx_word' id='word_1_167' title='bbox 1470 353 1621 381; x_wconf 70' lang='lat' dir='ltr'><strong>assertione</strong></span> <span class='ocrx_word' id='word_1_168' title='bbox 1635 355 1743 382; x_wconf 80' lang='lat' dir='ltr'><strong>conclu-</strong></span> 
     </span>
    </p>
   </div>
   <div class='ocr_carea' id='block_1_23' title="bbox 960 396 1742 436">
    <p class='ocr_par' dir='ltr' id='par_1_23' title="bbox 960 396 1742 436">
     <span class='ocr_line' id='line_1_23' title="bbox 960 396 1742 436; baseline 0.008 -13"><span class='ocrx_word' id='word_1_169' title='bbox 960 396 1019 423; x_wconf 91' lang='lat' dir='ltr'><strong>dit:</strong></span> <span class='ocrx_word' id='word_1_170' title='bbox 1040 396 1068 424; x_wconf 92' lang='lat' dir='ltr'><strong>Si</strong></span> <span class='ocrx_word' id='word_1_171' title='bbox 1085 403 1139 423; x_wconf 93' lang='lat' dir='ltr'><strong>non</strong></span> <span class='ocrx_word' id='word_1_172' title='bbox 1156 397 1313 425; x_wconf 86' lang='lat' dir='ltr'><strong>desiderant</strong></span> <span class='ocrx_word' id='word_1_173' title='bbox 1334 399 1446 431; x_wconf 88' lang='lat' dir='ltr'><strong>bonum,</strong></span> <span class='ocrx_word' id='word_1_174' title='bbox 1460 400 1617 428; x_wconf 88' lang='lat' dir='ltr'><strong>desiderant</strong></span> <span class='ocrx_word' id='word_1_175' title='bbox 1632 401 1658 428; x_wconf 93' lang='lat' dir='ltr'><strong>id</strong></span> <span class='ocrx_word' id='word_1_176' title='bbox 1671 402 1742 436; x_wconf 90' lang='lat' dir='ltr'><strong>quod</strong></span> 
     </span>
    </p>
   </div>
   <div class='ocr_carea' id='block_1_24' title="bbox 960 440 1742 477">
    <p class='ocr_par' dir='ltr' id='par_1_24' title="bbox 960 440 1742 477">
     <span class='ocr_line' id='line_1_24' title="bbox 960 440 1742 477; baseline 0.01 -10"><span class='ocrx_word' id='word_1_177' title='bbox 960 440 1042 477; x_wconf 65' lang='lat'><strong>426</strong></span> <span class='ocrx_word' id='word_1_178' title='bbox 1062 449 1115 469; x_wconf 92' lang='lat' dir='ltr'><strong>non</strong></span> <span class='ocrx_word' id='word_1_179' title='bbox 1130 446 1188 473; x_wconf 84' lang='lat' dir='ltr'><strong>est;</strong></span> <span class='ocrx_word' id='word_1_180' title='bbox 1204 447 1232 469; x_wconf 90' lang='lat' dir='ltr'><strong>et</strong></span> <span class='ocrx_word' id='word_1_181' title='bbox 1252 443 1302 470; x_wconf 89' lang='lat' dir='ltr'><strong>hoc</strong></span> <span class='ocrx_word' id='word_1_182' title='bbox 1322 451 1374 470; x_wconf 91' lang='lat' dir='ltr'><strong>non</strong></span> <span class='ocrx_word' id='word_1_183' title='bbox 1390 448 1431 471; x_wconf 86' lang='lat' dir='ltr'><strong>est</strong></span> <span class='ocrx_word' id='word_1_184' title='bbox 1445 444 1617 477; x_wconf 87' lang='lat' dir='ltr'><strong>desiderium,</strong></span> <span class='ocrx_word' id='word_1_185' title='bbox 1640 447 1742 475; x_wconf 92' lang='lat' dir='ltr'><strong>nullum</strong></span> 
     </span>
    </p>
   </div>
   <div class='ocr_carea' id='block_1_25' title="bbox 961 487 1743 526">
    <p class='ocr_par' dir='ltr' id='par_1_25' title="bbox 961 487 1743 526">
     <span class='ocr_line' id='line_1_25' title="bbox 961 487 1743 526; baseline 0.01 -12"><span class='ocrx_word' id='word_1_186' title='bbox 961 487 1032 514; x_wconf 85' lang='lat' dir='ltr'><strong>enim</strong></span> <span class='ocrx_word' id='word_1_187' title='bbox 1051 487 1220 522; x_wconf 85' lang='lat' dir='ltr'><strong>quibuspiam</strong></span> <span class='ocrx_word' id='word_1_188' title='bbox 1241 488 1403 516; x_wconf 82' lang='lat' dir='ltr'><strong>desiderium</strong></span> <span class='ocrx_word' id='word_1_189' title='bbox 1426 493 1467 517; x_wconf 90' lang='lat' dir='ltr'><strong>est</strong></span> <span class='ocrx_word' id='word_1_190' title='bbox 1490 497 1542 518; x_wconf 92' lang='lat' dir='ltr'><strong>nou</strong></span> <span class='ocrx_word' id='word_1_191' title='bbox 1561 493 1679 526; x_wconf 83' lang='lat' dir='ltr'><strong>essendt&#39;,</strong></span> <span class='ocrx_word' id='word_1_192' title='bbox 1696 494 1743 522; x_wconf 87' lang='lat' dir='ltr'><strong>sed</strong></span> 
     </span>
    </p>
   </div>
   <div class='ocr_carea' id='block_1_26' title="bbox 962 535 1592 569">
    <p class='ocr_par' dir='ltr' id='par_1_26' title="bbox 962 535 1592 569">
     <span class='ocr_line' id='line_1_26' title="bbox 962 535 1592 569; baseline 0.006 -8"><span class='ocrx_word' id='word_1_193' title='bbox 962 535 1115 569; x_wconf 83' lang='lat' dir='ltr'><strong>corrumpi:</strong></span> <span class='ocrx_word' id='word_1_194' title='bbox 1130 541 1158 563; x_wconf 89' lang='lat' dir='ltr'><strong>at</strong></span> <span class='ocrx_word' id='word_1_195' title='bbox 1172 536 1222 562; x_wconf 84' lang='lat' dir='ltr'><strong>ltoc</strong></span> <span class='ocrx_word' id='word_1_196' title='bbox 1237 540 1279 563; x_wconf 78' lang='lat' dir='ltr'><strong>est</strong></span> <span class='ocrx_word' id='word_1_197' title='bbox 1293 543 1370 563; x_wconf 89' lang='lat' dir='ltr'><strong>error</strong></span> <span class='ocrx_word' id='word_1_198' title='bbox 1383 537 1441 564; x_wconf 86' lang='lat' dir='ltr'><strong>veri</strong></span> <span class='ocrx_word' id='word_1_199' title='bbox 1457 537 1592 566; x_wconf 82' lang='lat' dir='ltr'><strong>desiderii.</strong></span> 
     </span>
    </p>
   </div>
   <div class='ocr_carea' id='block_1_27' title="bbox 997 580 1745 620">
    <p class='ocr_par' dir='ltr' id='par_1_27' title="bbox 997 580 1745 620">
     <span class='ocr_line' id='line_1_27' title="bbox 997 580 1745 620; baseline 0.009 -13"><span class='ocrx_word' id='word_1_200' title='bbox 997 580 1011 616; x_wconf 85' lang='lat'><strong>§</strong></span> <span class='ocrx_word' id='word_1_201' title='bbox 1031 581 1140 608; x_wconf 78' lang='lat' dir='ltr'><strong>XXXV.</strong></span> <span class='ocrx_word' id='word_1_202' title='bbox 1154 581 1221 609; x_wconf 88' lang='lat' dir='ltr'><strong>Cum</strong></span> <span class='ocrx_word' id='word_1_203' title='bbox 1235 582 1344 615; x_wconf 79' lang='lat' dir='ltr'><strong>dixerit,</strong></span> <span class='ocrx_word' id='word_1_204' title='bbox 1358 583 1457 610; x_wconf 84' lang='lat' dir='ltr'><strong>malum</strong></span> <span class='ocrx_word' id='word_1_205' title='bbox 1470 584 1496 611; x_wconf 91' lang='lat' dir='ltr'><strong>in</strong></span> <span class='ocrx_word' id='word_1_206' title='bbox 1515 592 1674 620; x_wconf 88' lang='lat' dir='ltr'><strong>unoquoque</strong></span> <span class='ocrx_word' id='word_1_207' title='bbox 1685 593 1745 614; x_wconf 85' lang='lat' dir='ltr'><strong>esse</strong></span> 
     </span>
    </p>
   </div>
   <div class='ocr_carea' id='block_1_28' title="bbox 963 625 1745 661">
    <p class='ocr_par' dir='ltr' id='par_1_28' title="bbox 963 625 1745 661">
     <span class='ocr_line' id='line_1_28' title="bbox 963 625 1745 661; baseline 0.008 -9"><span class='ocrx_word' id='word_1_208' title='bbox 963 625 1172 654; x_wconf 84' lang='lat' dir='ltr'><strong>imbecillitatem</strong></span> <span class='ocrx_word' id='word_1_209' title='bbox 1186 632 1226 659; x_wconf 55' lang='grc' dir='ltr'>,ει</span> <span class='ocrx_word' id='word_1_210' title='bbox 1247 627 1427 655; x_wconf 73' lang='lat' dir='ltr'><strong>defectionem</strong></span> <span class='ocrx_word' id='word_1_211' title='bbox 1451 629 1525 661; x_wconf 90' lang='lat' dir='ltr'><strong>boni,</strong></span> <span class='ocrx_word' id='word_1_212' title='bbox 1541 631 1671 657; x_wconf 87' lang='lat' dir='ltr'><strong>bonorum</strong></span> <span class='ocrx_word' id='word_1_213' title='bbox 1696 640 1745 658; x_wconf 75' lang='lat' dir='ltr'><strong>au-</strong></span> 
     </span>
    </p>
   </div>
   <div class='ocr_carea' id='block_1_29' title="bbox 963 673 1743 711">
    <p class='ocr_par' dir='ltr' id='par_1_29' title="bbox 963 673 1743 711">
     <span class='ocr_line' id='line_1_29' title="bbox 963 673 1743 711; baseline 0.006 -13"><span class='ocrx_word' id='word_1_214' title='bbox 963 675 1017 699; x_wconf 83' lang='lat' dir='ltr'><strong>tem</strong></span> <span class='ocrx_word' id='word_1_215' title='bbox 1031 673 1218 708; x_wconf 87' lang='lat' dir='ltr'><strong>malorumque</strong></span> <span class='ocrx_word' id='word_1_216' title='bbox 1231 673 1266 700; x_wconf 79' lang='lat' dir='ltr'><strong>sit</strong></span> <span class='ocrx_word' id='word_1_217' title='bbox 1279 681 1331 700; x_wconf 87' lang='lat' dir='ltr'><strong>una</strong></span> <span class='ocrx_word' id='word_1_218' title='bbox 1346 674 1475 709; x_wconf 81' lang='lat' dir='ltr'><strong>cognitio,</strong></span> <span class='ocrx_word' id='word_1_219' title='bbox 1491 680 1518 701; x_wconf 91' lang='lat' dir='ltr'><strong>et</strong></span> <span class='ocrx_word' id='word_1_220' title='bbox 1530 675 1593 703; x_wconf 91' lang='lat' dir='ltr'><strong>hinc</strong></span> <span class='ocrx_word' id='word_1_221' title='bbox 1604 683 1743 711; x_wconf 81' lang='lat' dir='ltr'><strong>sequatur,</strong></span> 
     </span>
    </p>
   </div>
   <div class='ocr_carea' id='block_1_30' title="bbox 962 719 1745 752">
    <p class='ocr_par' dir='ltr' id='par_1_30' title="bbox 962 719 1745 752">
     <span class='ocr_line' id='line_1_30' title="bbox 962 719 1745 752; baseline 0.008 -8"><span class='ocrx_word' id='word_1_222' title='bbox 962 725 1043 745; x_wconf 88' lang='lat' dir='ltr'><strong>omne</strong></span> <span class='ocrx_word' id='word_1_223' title='bbox 1059 724 1198 752; x_wconf 85' lang='lat' dir='ltr'><strong>peccatum</strong></span> <span class='ocrx_word' id='word_1_224' title='bbox 1212 719 1325 746; x_wconf 80' lang='lat' dir='ltr'><strong>actionis</strong></span> <span class='ocrx_word' id='word_1_225' title='bbox 1339 719 1397 746; x_wconf 87' lang='lat' dir='ltr'><strong>ﬁcri</strong></span> <span class='ocrx_word' id='word_1_226' title='bbox 1411 720 1515 748; x_wconf 77' lang='lat' dir='ltr'><strong>deiectu</strong></span> <span class='ocrx_word' id='word_1_227' title='bbox 1534 721 1686 749; x_wconf 89' lang='lat' dir='ltr'><strong>istiusmodi</strong></span> <span class='ocrx_word' id='word_1_228' title='bbox 1698 731 1745 750; x_wconf 85' lang='lat' dir='ltr'><strong>co-</strong></span> 
     </span>
    </p>
   </div>
   <div class='ocr_carea' id='block_1_31' title="bbox 963 763 1744 800">
    <p class='ocr_par' dir='ltr' id='par_1_31' title="bbox 963 763 1744 800">
     <span class='ocr_line' id='line_1_31' title="bbox 963 763 1744 800; baseline 0.006 -11"><span class='ocrx_word' id='word_1_229' title='bbox 963 763 1109 798; x_wconf 76' lang='lat' dir='ltr'><strong>gnitionis;</strong></span> <span class='ocrx_word' id='word_1_230' title='bbox 1131 764 1266 798; x_wconf 91' lang='lat' dir='ltr'><strong>quomodo</strong></span> <span class='ocrx_word' id='word_1_231' title='bbox 1285 764 1415 792; x_wconf 86' lang='lat' dir='ltr'><strong>subsistet</strong></span> <span class='ocrx_word' id='word_1_232' title='bbox 1431 766 1496 793; x_wconf 92' lang='lat' dir='ltr'><strong>illud</strong></span> <span class='ocrx_word' id='word_1_233' title='bbox 1516 775 1522 793; x_wconf 93' lang='lat'>:</span> <span class='ocrx_word' id='word_1_234' title='bbox 1545 766 1589 793; x_wconf 64' lang='lat' dir='ltr'><strong>Vae</strong></span> <span class='ocrx_word' id='word_1_235' title='bbox 1607 769 1744 800; x_wconf 87' lang='lat' dir='ltr'><strong>peccanti-</strong></span> 
     </span>
    </p>
   </div>
   <div class='ocr_carea' id='block_1_32' title="bbox 964 808 1744 842">
    <p class='ocr_par' dir='ltr' id='par_1_32' title="bbox 964 808 1744 842">
     <span class='ocr_line' id='line_1_32' title="bbox 964 808 1744 842; baseline 0.005 -7"><span class='ocrx_word' id='word_1_236' title='bbox 964 808 1014 835; x_wconf 89' lang='lat' dir='ltr'><strong>bus</strong></span> <span class='ocrx_word' id='word_1_237' title='bbox 1027 816 1088 835; x_wconf 90' lang='lat' dir='ltr'><strong>cum</strong></span> <span class='ocrx_word' id='word_1_238' title='bbox 1114 809 1284 842; x_wconf 73' lang='lat' dir='ltr'><strong>cognitione!</strong></span> <span class='ocrx_word' id='word_1_239' title='bbox 1308 815 1335 836; x_wconf 86' lang='lat' dir='ltr'><strong>et</strong></span> <span class='ocrx_word' id='word_1_240' title='bbox 1357 809 1422 837; x_wconf 88' lang='lat' dir='ltr'><strong>illud</strong></span> <span class='ocrx_word' id='word_1_241' title='bbox 1447 820 1453 838; x_wconf 90' lang='lat'><strong>:</strong></span> <span class='ocrx_word' id='word_1_242' title='bbox 1475 810 1565 838; x_wconf 80' lang='lat' dir='ltr'><strong>Sciens</strong></span> <span class='ocrx_word' id='word_1_243' title='bbox 1587 812 1744 839; x_wconf 78' lang='lat' dir='ltr'><strong>voluntatem</strong></span> 
     </span>
    </p>
   </div>
   <div class='ocr_carea' id='block_1_33' title="bbox 964 853 1736 890">
    <p class='ocr_par' dir='ltr' id='par_1_33' title="bbox 964 853 1736 890">
     <span class='ocr_line' id='line_1_33' title="bbox 964 853 1736 890; baseline 0.004 -10"><span class='ocrx_word' id='word_1_244' title='bbox 964 853 1070 881; x_wconf 80' lang='lat' dir='ltr'><strong>Domini</strong></span> <span class='ocrx_word' id='word_1_245' title='bbox 1084 854 1137 884; x_wconf 76' lang='lat' dir='ltr'><strong>sui,</strong></span> <span class='ocrx_word' id='word_1_246' title='bbox 1153 858 1177 880; x_wconf 82' lang='lat' dir='ltr'><strong>et</strong></span> <span class='ocrx_word' id='word_1_247' title='bbox 1194 862 1244 880; x_wconf 84' lang='lat' dir='ltr'><strong>non</strong></span> <span class='ocrx_word' id='word_1_248' title='bbox 1260 854 1360 888; x_wconf 75' lang='lat' dir='ltr'><strong>faciens</strong></span> <span class='ocrx_word' id='word_1_249' title='bbox 1375 863 1443 889; x_wconf 87' lang='lat' dir='ltr'><strong>eam,</strong></span> <span class='ocrx_word' id='word_1_250' title='bbox 1457 856 1589 890; x_wconf 78' lang='lat' dir='ltr'><strong>vapulabit</strong></span> <span class='ocrx_word' id='word_1_251' title='bbox 1601 857 1691 884; x_wconf 77' lang='lat' dir='ltr'><strong>multis</strong></span> <span class='ocrx_word' id='word_1_252' title='bbox 1704 856 1736 883; x_wconf 63' lang='grc' dir='ltr'><strong>’Υ</strong></span> 
     </span>
    </p>
   </div>
   <div class='ocr_carea' id='block_1_34' title="bbox 130 900 916 941">
    <p class='ocr_par' dir='ltr' id='par_1_34' title="bbox 130 904 911 941">
     <span class='ocr_line' id='line_1_34' title="bbox 130 904 911 941; baseline 0.001 -10"><span class='ocrx_word' id='word_1_253' title='bbox 130 904 258 938; x_wconf 56' lang='grc' dir='ltr'><strong>πολλάς</strong></span> <span class='ocrx_word' id='word_1_254' title='bbox 269 904 338 931; x_wconf 80' lang='grc' dir='ltr'>ὥστε</span> <span class='ocrx_word' id='word_1_255' title='bbox 350 905 386 941; x_wconf 84' lang='grc' dir='ltr'>μὴ</span> <span class='ocrx_word' id='word_1_256' title='bbox 397 906 544 941; x_wconf 83' lang='grc' dir='ltr'><strong>γενομένης</strong></span> <span class='ocrx_word' id='word_1_257' title='bbox 553 906 603 941; x_wconf 83' lang='grc' dir='ltr'>τῆς</span> <span class='ocrx_word' id='word_1_258' title='bbox 611 905 658 932; x_wconf 84' lang='grc' dir='ltr'>τοῦ</span> <span class='ocrx_word' id='word_1_259' title='bbox 669 905 751 934; x_wconf 79' lang='grc' dir='ltr'>καλοῦ</span> <span class='ocrx_word' id='word_1_260' title='bbox 760 906 911 941; x_wconf 79' lang='grc' dir='ltr'>ἐλλείψεως,</span> 
     </span>
    </p>
   </div>
   <div class='ocr_carea' id='block_1_35' title="bbox 967 900 1744 941">
    <p class='ocr_par' dir='ltr' id='par_1_35' title="bbox 967 900 1744 937">
     <span class='ocr_line' id='line_1_35' title="bbox 967 900 1744 937; baseline 0.005 -11"><span class='ocrx_word' id='word_1_261' title='bbox 967 908 1018 927; x_wconf 90' lang='lat' dir='ltr'><strong>non</strong></span> <span class='ocrx_word' id='word_1_262' title='bbox 1030 900 1088 927; x_wconf 89' lang='lat' dir='ltr'><strong>sine</strong></span> <span class='ocrx_word' id='word_1_263' title='bbox 1101 900 1162 927; x_wconf 93' lang='lat' dir='ltr'><strong>boni</strong></span> <span class='ocrx_word' id='word_1_264' title='bbox 1176 907 1223 927; x_wconf 91' lang='lat' dir='ltr'><strong>seu</strong></span> <span class='ocrx_word' id='word_1_265' title='bbox 1236 901 1396 935; x_wconf 76' lang='lat' dir='ltr'><strong>cognitionis</strong></span> <span class='ocrx_word' id='word_1_266' title='bbox 1408 901 1513 930; x_wconf 84' lang='lat' dir='ltr'><strong>delectu</strong></span> <span class='ocrx_word' id='word_1_267' title='bbox 1530 907 1670 937; x_wconf 85' lang='lat' dir='ltr'><strong>peccatum</strong></span> <span class='ocrx_word' id='word_1_268' title='bbox 1687 903 1744 930; x_wconf 78' lang='lat' dir='ltr'><strong>ﬁeri</strong></span> 
     </span>
    </p>
   </div>
   <div class='ocr_carea' id='block_1_36' title="bbox 129 950 913 988">
    <p class='ocr_par' dir='ltr' id='par_1_36' title="bbox 129 950 913 988">
     <span class='ocr_line' id='line_1_36' title="bbox 129 950 913 988; baseline 0.004 -11"><span class='ocrx_word' id='word_1_269' title='bbox 129 950 250 986; x_wconf 80' lang='grc' dir='ltr'>δηλονάτι</span> <span class='ocrx_word' id='word_1_270' title='bbox 270 951 320 986; x_wconf 82' lang='grc' dir='ltr'>τῆς</span> <span class='ocrx_word' id='word_1_271' title='bbox 340 951 503 988; x_wconf 84' lang='grc' dir='ltr'>γνώσεως,ὴ</span> <span class='ocrx_word' id='word_1_272' title='bbox 522 953 642 988; x_wconf 81' lang='grc' dir='ltr'>ἁμαρτία</span> <span class='ocrx_word' id='word_1_273' title='bbox 659 953 764 987; x_wconf 83' lang='grc' dir='ltr'>πέφυκε</span> <span class='ocrx_word' id='word_1_274' title='bbox 779 953 913 987; x_wconf 84' lang='grc' dir='ltr'>γίνεσθαι.</span> 
     </span>
    </p>
   </div>
   <div class='ocr_carea' id='block_1_37' title="bbox 130 996 915 1034">
    <p class='ocr_par' dir='ltr' id='par_1_37' title="bbox 130 996 915 1034">
     <span class='ocr_line' id='line_1_37' title="bbox 130 996 915 1034; baseline 0.001 -11"><span class='ocrx_word' id='word_1_275' title='bbox 130 996 294 1032; x_wconf 82' lang='grc' dir='ltr'>Θαυμασίως</span> <span class='ocrx_word' id='word_1_276' title='bbox 307 998 372 1032; x_wconf 85' lang='grc' dir='ltr'>γοῦν</span> <span class='ocrx_word' id='word_1_277' title='bbox 382 997 439 1024; x_wconf 83' lang='grc' dir='ltr'>λύει</span> <span class='ocrx_word' id='word_1_278' title='bbox 455 998 485 1024; x_wconf 82' lang='grc' dir='ltr'>τὸ</span> <span class='ocrx_word' id='word_1_279' title='bbox 501 999 612 1034; x_wconf 75' lang='grc' dir='ltr'>ἄπορον,</span> <span class='ocrx_word' id='word_1_280' title='bbox 622 999 663 1026; x_wconf 83' lang='grc' dir='ltr'>ὄτι</span> <span class='ocrx_word' id='word_1_281' title='bbox 678 999 788 1026; x_wconf 79' lang='grc' dir='ltr'>κάκεῖσε</span> <span class='ocrx_word' id='word_1_282' title='bbox 800 998 915 1033; x_wconf 71' lang='grc' dir='ltr'>ἔλλειψίς</span> 
     </span>
    </p>
   </div>
   <div class='ocr_carea' id='block_1_38' title="bbox 130 1043 915 1082">
    <p class='ocr_par' dir='ltr' id='par_1_38' title="bbox 130 1043 915 1082">
     <span class='ocr_line' id='line_1_38' title="bbox 130 1043 915 1082; baseline 0.004 -13"><span class='ocrx_word' id='word_1_283' title='bbox 130 1051 172 1075; x_wconf 85' lang='grc' dir='ltr'><strong>τις</strong></span> <span class='ocrx_word' id='word_1_284' title='bbox 181 1043 330 1076; x_wconf 82' lang='grc' dir='ltr'>ἀκολουθεῖ,</span> <span class='ocrx_word' id='word_1_285' title='bbox 339 1043 385 1071; x_wconf 79' lang='grc' dir='ltr'>καὶ</span> <span class='ocrx_word' id='word_1_286' title='bbox 393 1044 518 1070; x_wconf 85' lang='grc' dir='ltr'>ἀσθένεια</span> <span class='ocrx_word' id='word_1_287' title='bbox 526 1052 533 1059; x_wconf 91' lang='grc'><strong>·</strong></span> <span class='ocrx_word' id='word_1_288' title='bbox 545 1044 685 1071; x_wconf 82' lang='grc' dir='ltr'><strong>ἀσθενοῦσι</strong></span> <span class='ocrx_word' id='word_1_289' title='bbox 701 1044 754 1079; x_wconf 86' lang='grc' dir='ltr'><strong>γὰρ</strong></span> <span class='ocrx_word' id='word_1_290' title='bbox 768 1046 887 1072; x_wconf 84' lang='grc' dir='ltr'>κάκεῖνοι</span> <span class='ocrx_word' id='word_1_291' title='bbox 898 1046 915 1082; x_wconf 80' lang='grc' dir='ltr'><strong>ἢ</strong></span> 
     </span>
    </p>
   </div>
   <div class='ocr_carea' id='block_1_39' title="bbox 132 1089 917 1127">
    <p class='ocr_par' dir='ltr' id='par_1_39' title="bbox 132 1089 917 1127">
     <span class='ocr_line' id='line_1_39' title="bbox 132 1089 917 1127; baseline 0.004 -12"><span class='ocrx_word' id='word_1_292' title='bbox 132 1090 196 1125; x_wconf 75' lang='grc' dir='ltr'>περὶ</span> <span class='ocrx_word' id='word_1_293' title='bbox 213 1089 262 1125; x_wconf 78' lang='grc' dir='ltr'>τὴν</span> <span class='ocrx_word' id='word_1_294' title='bbox 280 1090 377 1121; x_wconf 84' lang='grc' dir='ltr'>πίστιν,</span> <span class='ocrx_word' id='word_1_295' title='bbox 390 1090 427 1122; x_wconf 90' lang='grc' dir='ltr'>ὼς</span> <span class='ocrx_word' id='word_1_296' title='bbox 445 1090 587 1122; x_wconf 83' lang='grc' dir='ltr'>ἀκούοντες</span> <span class='ocrx_word' id='word_1_297' title='bbox 597 1090 655 1126; x_wconf 82' lang='grc' dir='ltr'>μὲν,</span> <span class='ocrx_word' id='word_1_298' title='bbox 668 1091 704 1126; x_wconf 82' lang='grc' dir='ltr'>μὴ</span> <span class='ocrx_word' id='word_1_299' title='bbox 720 1090 825 1127; x_wconf 70' lang='grc' dir='ltr'>ἔχοντες</span> <span class='ocrx_word' id='word_1_300' title='bbox 836 1091 863 1118; x_wconf 80' lang='grc' dir='ltr'><strong>δὲ</strong></span> <span class='ocrx_word' id='word_1_301' title='bbox 874 1101 917 1118; x_wconf 88' lang='grc' dir='ltr'>τε-</span> 
     </span>
    </p>
   </div>
   <div class='ocr_carea' id='block_1_40' title="bbox 131 1134 917 1172">
    <p class='ocr_par' dir='ltr' id='par_1_40' title="bbox 131 1134 917 1172">
     <span class='ocr_line' id='line_1_40' title="bbox 131 1134 917 1172; baseline 0.004 -12"><span class='ocrx_word' id='word_1_302' title='bbox 131 1134 206 1161; x_wconf 82' lang='grc' dir='ltr'>λείαν</span> <span class='ocrx_word' id='word_1_303' title='bbox 225 1134 315 1161; x_wconf 78' lang='grc' dir='ltr'>πίστιν</span> <span class='ocrx_word' id='word_1_304' title='bbox 333 1134 387 1161; x_wconf 86' lang='grc' dir='ltr'>τῶν</span> <span class='ocrx_word' id='word_1_305' title='bbox 407 1135 573 1170; x_wconf 84' lang='grc' dir='ltr'>λεγομένων·</span> <span class='ocrx_word' id='word_1_306' title='bbox 595 1136 612 1171; x_wconf 83' lang='grc' dir='ltr'><strong>ἢ</strong></span> <span class='ocrx_word' id='word_1_307' title='bbox 633 1137 696 1172; x_wconf 79' lang='grc' dir='ltr'>περὶ</span> <span class='ocrx_word' id='word_1_308' title='bbox 712 1137 762 1172; x_wconf 84' lang='grc' dir='ltr'>τὴν</span> <span class='ocrx_word' id='word_1_309' title='bbox 779 1137 917 1172; x_wconf 83' lang='grc' dir='ltr'>ἐνέργειαν</span> 
     </span>
    </p>
   </div>
   <div class='ocr_carea' id='block_1_41' title="bbox 132 1180 918 1218">
    <p class='ocr_par' dir='ltr' id='par_1_41' title="bbox 132 1180 918 1218">
     <span class='ocr_line' id='line_1_41' title="bbox 132 1180 918 1218; baseline 0.004 -12"><span class='ocrx_word' id='word_1_310' title='bbox 132 1180 202 1207; x_wconf 73' lang='grc' dir='ltr'>κατὰ</span> <span class='ocrx_word' id='word_1_311' title='bbox 212 1180 261 1216; x_wconf 82' lang='grc' dir='ltr'>τὴν</span> <span class='ocrx_word' id='word_1_312' title='bbox 273 1180 448 1217; x_wconf 76' lang='grc' dir='ltr'>παρα-τροπὴν</span> <span class='ocrx_word' id='word_1_313' title='bbox 459 1181 510 1216; x_wconf 85' lang='grc' dir='ltr'>τῆς</span> <span class='ocrx_word' id='word_1_314' title='bbox 519 1181 645 1217; x_wconf 79' lang='grc' dir='ltr'><strong>ὀρέξεως,</strong></span> <span class='ocrx_word' id='word_1_315' title='bbox 656 1182 717 1209; x_wconf 86' lang='grc' dir='ltr'>καθ’</span> <span class='ocrx_word' id='word_1_316' title='bbox 729 1183 762 1218; x_wconf 81' lang='grc' dir='ltr'>ἣν</span> <span class='ocrx_word' id='word_1_317' title='bbox 779 1182 809 1209; x_wconf 82' lang='grc' dir='ltr'>οὐ</span> <span class='ocrx_word' id='word_1_318' title='bbox 826 1182 918 1217; x_wconf 86' lang='grc' dir='ltr'>βούλε-</span> 
     </span>
    </p>
   </div>
   <div class='ocr_carea' id='block_1_42' title="bbox 131 1224 917 1264">
    <p class='ocr_par' dir='ltr' id='par_1_42' title="bbox 131 1224 917 1264">
     <span class='ocr_line' id='line_1_42' title="bbox 131 1224 917 1264; baseline 0.004 -12"><span class='ocrx_word' id='word_1_319' title='bbox 131 1225 177 1252; x_wconf 75' lang='grc' dir='ltr'><strong>ταί</strong></span> <span class='ocrx_word' id='word_1_320' title='bbox 186 1234 227 1257; x_wconf 85' lang='grc' dir='ltr'><strong>τις</strong></span> <span class='ocrx_word' id='word_1_321' title='bbox 239 1226 268 1252; x_wconf 83' lang='grc' dir='ltr'>τὸ</span> <span class='ocrx_word' id='word_1_322' title='bbox 274 1224 385 1260; x_wconf 79' lang='grc' dir='ltr'>ἀγαθὸν,</span> <span class='ocrx_word' id='word_1_323' title='bbox 397 1227 463 1253; x_wconf 84' lang='grc' dir='ltr'>ἀλλὰ</span> <span class='ocrx_word' id='word_1_324' title='bbox 476 1226 506 1253; x_wconf 82' lang='grc' dir='ltr'><strong>τὸ</strong></span> <span class='ocrx_word' id='word_1_325' title='bbox 515 1228 608 1254; x_wconf 83' lang='grc' dir='ltr'>κακόν·</span> <span class='ocrx_word' id='word_1_326' title='bbox 621 1228 733 1255; x_wconf 84' lang='grc' dir='ltr'>καθόλου</span> <span class='ocrx_word' id='word_1_327' title='bbox 743 1228 797 1264; x_wconf 80' lang='grc' dir='ltr'><strong>γὰρ</strong></span> <span class='ocrx_word' id='word_1_328' title='bbox 806 1229 820 1254; x_wconf 83' lang='grc' dir='ltr'><strong>ὁ</strong></span> <span class='ocrx_word' id='word_1_329' title='bbox 832 1228 917 1256; x_wconf 82' lang='grc' dir='ltr'>ποιῶν</span> 
     </span>
    </p>
   </div>
   <div class='ocr_carea' id='block_1_43' title="bbox 131 1272 916 1312">
    <p class='ocr_par' dir='ltr' id='par_1_43' title="bbox 131 1272 916 1312">
     <span class='ocr_line' id='line_1_43' title="bbox 131 1272 916 1312; baseline 0.004 -13"><span class='ocrx_word' id='word_1_330' title='bbox 131 1273 163 1299; x_wconf 84' lang='grc' dir='ltr'><strong>τὺ</strong></span> <span class='ocrx_word' id='word_1_331' title='bbox 181 1274 266 1300; x_wconf 81' lang='grc' dir='ltr'>κακὸν</span> <span class='ocrx_word' id='word_1_332' title='bbox 280 1273 314 1299; x_wconf 81' lang='grc' dir='ltr'><strong>δι’</strong></span> <span class='ocrx_word' id='word_1_333' title='bbox 323 1272 439 1308; x_wconf 67' lang='grc' dir='ltr'>ἔλλειψιν</span> <span class='ocrx_word' id='word_1_334' title='bbox 456 1275 526 1300; x_wconf 86' lang='grc' dir='ltr'>ποιεῖ</span> <span class='ocrx_word' id='word_1_335' title='bbox 535 1273 624 1307; x_wconf 80' lang='grc' dir='ltr'>τοῦτο,</span> <span class='ocrx_word' id='word_1_336' title='bbox 636 1274 652 1310; x_wconf 90' lang='grc' dir='ltr'><strong>ῆ</strong></span> <span class='ocrx_word' id='word_1_337' title='bbox 666 1275 716 1310; x_wconf 84' lang='grc' dir='ltr'>τῆς</span> <span class='ocrx_word' id='word_1_338' title='bbox 728 1275 853 1309; x_wconf 86' lang='grc' dir='ltr'>γνώσεως</span> <span class='ocrx_word' id='word_1_339' title='bbox 867 1276 916 1312; x_wconf 81' lang='grc' dir='ltr'>τῆς</span> 
     </span>
    </p>
   </div>
   <div class='ocr_carea' id='block_1_44' title="bbox 132 1319 917 1356">
    <p class='ocr_par' dir='ltr' id='par_1_44' title="bbox 132 1319 917 1356">
     <span class='ocr_line' id='line_1_44' title="bbox 132 1319 917 1356; baseline 0.004 -11"><span class='ocrx_word' id='word_1_340' title='bbox 132 1319 258 1355; x_wconf 78' lang='grc' dir='ltr'>διδακτῆς</span> <span class='ocrx_word' id='word_1_341' title='bbox 284 1319 420 1354; x_wconf 79' lang='grc' dir='ltr'>δηλονότι,</span> <span class='ocrx_word' id='word_1_342' title='bbox 441 1320 475 1355; x_wconf 82' lang='grc' dir='ltr'>ἢν</span> <span class='ocrx_word' id='word_1_343' title='bbox 497 1320 543 1346; x_wconf 80' lang='grc' dir='ltr'>καὶ</span> <span class='ocrx_word' id='word_1_344' title='bbox 565 1320 632 1356; x_wconf 86' lang='grc' dir='ltr'><strong>λήθη</strong></span> <span class='ocrx_word' id='word_1_345' title='bbox 659 1320 785 1353; x_wconf 74' lang='grc' dir='ltr'>πολλάκις</span> <span class='ocrx_word' id='word_1_346' title='bbox 808 1321 917 1348; x_wconf 87' lang='grc' dir='ltr'>δύναται</span> 
     </span>
    </p>
   </div>
   <div class='ocr_carea' id='block_1_45' title="bbox 132 1365 915 1403">
    <p class='ocr_par' dir='ltr' id='par_1_45' title="bbox 132 1365 915 1403">
     <span class='ocr_line' id='line_1_45' title="bbox 132 1365 915 1403; baseline 0.003 -11"><span class='ocrx_word' id='word_1_347' title='bbox 132 1365 306 1402; x_wconf 78' lang='grc' dir='ltr'>ἀμαυρῶσαι,</span> <span class='ocrx_word' id='word_1_348' title='bbox 316 1367 348 1402; x_wconf 84' lang='grc' dir='ltr'>ἣν</span> <span class='ocrx_word' id='word_1_349' title='bbox 360 1366 406 1392; x_wconf 78' lang='grc' dir='ltr'>καὶ</span> <span class='ocrx_word' id='word_1_350' title='bbox 417 1365 543 1402; x_wconf 77' lang='grc' dir='ltr'>ἀνωτέρω</span> <span class='ocrx_word' id='word_1_351' title='bbox 552 1365 603 1402; x_wconf 74' lang='grc' dir='ltr'>ἔφη</span> <span class='ocrx_word' id='word_1_352' title='bbox 614 1367 644 1399; x_wconf 78' lang='grc' dir='ltr'><strong>ἑξ</strong></span> <span class='ocrx_word' id='word_1_353' title='bbox 654 1367 738 1403; x_wconf 81' lang='grc' dir='ltr'>ἀκοῆς</span> <span class='ocrx_word' id='word_1_354' title='bbox 747 1367 915 1402; x_wconf 84' lang='grc' dir='ltr'>ἐγγίνεσθαι·</span> 
     </span>
    </p>
   </div>
   <div class='ocr_carea' id='block_1_46' title="bbox 133 1410 919 1448">
    <p class='ocr_par' dir='ltr' id='par_1_46' title="bbox 133 1410 919 1448">
     <span class='ocr_line' id='line_1_46' title="bbox 133 1410 919 1448; baseline 0.005 -12"><span class='ocrx_word' id='word_1_355' title='bbox 133 1410 150 1445; x_wconf 83' lang='grc' dir='ltr'><strong>ἢ</strong></span> <span class='ocrx_word' id='word_1_356' title='bbox 161 1410 210 1445; x_wconf 78' lang='grc' dir='ltr'>τῆς</span> <span class='ocrx_word' id='word_1_357' title='bbox 221 1410 337 1445; x_wconf 83' lang='grc' dir='ltr'>ἀλήστου</span> <span class='ocrx_word' id='word_1_358' title='bbox 349 1410 484 1445; x_wconf 86' lang='grc' dir='ltr'>γνώσεως,</span> <span class='ocrx_word' id='word_1_359' title='bbox 495 1411 615 1446; x_wconf 85' lang='grc' dir='ltr'>δηλονότι</span> <span class='ocrx_word' id='word_1_360' title='bbox 625 1412 675 1447; x_wconf 82' lang='grc' dir='ltr'>τῆς</span> <span class='ocrx_word' id='word_1_361' title='bbox 683 1413 715 1439; x_wconf 84' lang='grc' dir='ltr'>ὲκ</span> <span class='ocrx_word' id='word_1_362' title='bbox 724 1413 841 1448; x_wconf 81' lang='grc' dir='ltr'>φυσικῆς</span> <span class='ocrx_word' id='word_1_363' title='bbox 852 1413 919 1440; x_wconf 81' lang='grc' dir='ltr'>θεω-</span> 
     </span>
    </p>
   </div>
   <div class='ocr_carea' id='block_1_47' title="bbox 135 1455 919 1494">
    <p class='ocr_par' dir='ltr' id='par_1_47' title="bbox 135 1455 919 1494">
     <span class='ocr_line' id='line_1_47' title="bbox 135 1455 919 1494; baseline 0.006 -13"><span class='ocrx_word' id='word_1_364' title='bbox 135 1455 206 1490; x_wconf 82' lang='grc' dir='ltr'>ρίας,</span> <span class='ocrx_word' id='word_1_365' title='bbox 218 1455 234 1491; x_wconf 85' lang='grc' dir='ltr'><strong>ἢ</strong></span> <span class='ocrx_word' id='word_1_366' title='bbox 246 1455 404 1491; x_wconf 78' lang='grc' dir='ltr'>ἐλλάμψεως</span> <span class='ocrx_word' id='word_1_367' title='bbox 421 1457 569 1489; x_wconf 82' lang='grc' dir='ltr'>ἀδιδάκτως</span> <span class='ocrx_word' id='word_1_368' title='bbox 587 1458 817 1494; x_wconf 80' lang='grc' dir='ltr'>προσγινομένης·</span> <span class='ocrx_word' id='word_1_369' title='bbox 835 1458 852 1494; x_wconf 86' lang='grc' dir='ltr'>ἢ</span> <span class='ocrx_word' id='word_1_370' title='bbox 869 1459 919 1494; x_wconf 84' lang='grc' dir='ltr'>τῆς</span> 
     </span>
    </p>
   </div>
   <div class='ocr_carea' id='block_1_48' title="bbox 133 1501 919 1541">
    <p class='ocr_par' dir='ltr' id='par_1_48' title="bbox 133 1501 919 1541">
     <span class='ocr_line' id='line_1_48' title="bbox 133 1501 919 1541; baseline 0.008 -14"><span class='ocrx_word' id='word_1_371' title='bbox 133 1501 261 1535; x_wconf 81' lang='grc' dir='ltr'>πίστεως,</span> <span class='ocrx_word' id='word_1_372' title='bbox 272 1502 309 1534; x_wconf 85' lang='grc' dir='ltr'>ὡς</span> <span class='ocrx_word' id='word_1_373' title='bbox 325 1502 430 1530; x_wconf 87' lang='grc' dir='ltr'>ἀκούων</span> <span class='ocrx_word' id='word_1_374' title='bbox 442 1503 502 1538; x_wconf 83' lang='grc' dir='ltr'>μὲν,</span> <span class='ocrx_word' id='word_1_375' title='bbox 516 1503 552 1539; x_wconf 90' lang='grc' dir='ltr'><strong>μὴ</strong></span> <span class='ocrx_word' id='word_1_376' title='bbox 567 1503 637 1539; x_wconf 78' lang='grc' dir='ltr'><strong>ἔχων</strong></span> <span class='ocrx_word' id='word_1_377' title='bbox 653 1504 681 1531; x_wconf 78' lang='grc' dir='ltr'>δὲ</span> <span class='ocrx_word' id='word_1_378' title='bbox 694 1504 799 1532; x_wconf 84' lang='grc' dir='ltr'>τελείαν</span> <span class='ocrx_word' id='word_1_379' title='bbox 815 1505 864 1541; x_wconf 84' lang='grc' dir='ltr'>τὴν</span> <span class='ocrx_word' id='word_1_380' title='bbox 875 1506 919 1533; x_wconf 86' lang='grc' dir='ltr'><strong>πί-</strong></span> 
     </span>
    </p>
   </div>
   <div class='ocr_carea' id='block_1_49' title="bbox 134 1548 918 1586">
    <p class='ocr_par' dir='ltr' id='par_1_49' title="bbox 134 1548 918 1586">
     <span class='ocr_line' id='line_1_49' title="bbox 134 1548 918 1586; baseline 0.006 -12"><span class='ocrx_word' id='word_1_381' title='bbox 134 1556 194 1575; x_wconf 81' lang='grc' dir='ltr'>στιν</span> <span class='ocrx_word' id='word_1_382' title='bbox 212 1548 279 1584; x_wconf 75' lang='grc' dir='ltr'>πρὸς</span> <span class='ocrx_word' id='word_1_383' title='bbox 295 1549 329 1575; x_wconf 80' lang='grc' dir='ltr'>τὰ</span> <span class='ocrx_word' id='word_1_384' title='bbox 346 1549 492 1585; x_wconf 84' lang='grc' dir='ltr'>λεγόμενα·</span> <span class='ocrx_word' id='word_1_385' title='bbox 513 1549 529 1585; x_wconf 84' lang='grc' dir='ltr'>ἢ</span> <span class='ocrx_word' id='word_1_386' title='bbox 547 1550 595 1586; x_wconf 87' lang='grc' dir='ltr'>τῆς</span> <span class='ocrx_word' id='word_1_387' title='bbox 616 1550 743 1585; x_wconf 82' lang='grc' dir='ltr'>ἐφέσεως,</span> <span class='ocrx_word' id='word_1_388' title='bbox 763 1551 803 1578; x_wconf 81' lang='grc' dir='ltr'>ὅτι</span> <span class='ocrx_word' id='word_1_389' title='bbox 825 1552 918 1584; x_wconf 81' lang='grc' dir='ltr'>κακῶς</span> 
     </span>
    </p>
   </div>
   <div class='ocr_carea' id='block_1_50' title="bbox 966 947 1744 981">
    <p class='ocr_par' dir='ltr' id='par_1_50' title="bbox 966 947 1744 981">
     <span class='ocr_line' id='line_1_50' title="bbox 966 947 1744 981; baseline 0.003 -8"><span class='ocrx_word' id='word_1_390' title='bbox 966 948 1060 981; x_wconf 86' lang='lat' dir='ltr'><strong>possit.</strong></span> <span class='ocrx_word' id='word_1_391' title='bbox 1079 947 1195 975; x_wconf 80' lang='lat' dir='ltr'><strong>Mirabili</strong></span> <span class='ocrx_word' id='word_1_392' title='bbox 1222 955 1287 976; x_wconf 82' lang='lat' dir='ltr'><strong>sane</strong></span> <span class='ocrx_word' id='word_1_393' title='bbox 1307 948 1386 975; x_wconf 89' lang='lat' dir='ltr'><strong>modo</strong></span> <span class='ocrx_word' id='word_1_394' title='bbox 1412 948 1523 975; x_wconf 83' lang='lat' dir='ltr'><strong>resolvit</strong></span> <span class='ocrx_word' id='word_1_395' title='bbox 1547 950 1744 981; x_wconf 61' lang='lat' dir='ltr'><strong>quaestionem,</strong></span> 
     </span>
    </p>
   </div>
   <div class='ocr_carea' id='block_1_51' title="bbox 965 993 1745 1028">
    <p class='ocr_par' dir='ltr' id='par_1_51' title="bbox 965 993 1745 1028">
     <span class='ocr_line' id='line_1_51' title="bbox 965 993 1745 1028; baseline 0.003 -9"><span class='ocrx_word' id='word_1_396' title='bbox 965 993 1037 1026; x_wconf 92' lang='lat' dir='ltr'><strong>quod</strong></span> <span class='ocrx_word' id='word_1_397' title='bbox 1060 993 1187 1020; x_wconf 86' lang='lat' dir='ltr'><strong>nimirum</strong></span> <span class='ocrx_word' id='word_1_398' title='bbox 1203 994 1247 1021; x_wconf 85' lang='lat' dir='ltr'><strong>hic</strong></span> <span class='ocrx_word' id='word_1_399' title='bbox 1264 994 1345 1021; x_wconf 84' lang='lat' dir='ltr'><strong>etiam</strong></span> <span class='ocrx_word' id='word_1_400' title='bbox 1362 993 1524 1020; x_wconf 78' lang='lat' dir='ltr'><strong>interveniat</strong></span> <span class='ocrx_word' id='word_1_401' title='bbox 1542 994 1657 1022; x_wconf 82' lang='lat' dir='ltr'><strong>defectio</strong></span> <span class='ocrx_word' id='word_1_402' title='bbox 1671 1003 1745 1028; x_wconf 73' lang='lat' dir='ltr'><strong>quae-</strong></span> 
     </span>
    </p>
   </div>
   <div class='ocr_carea' id='block_1_52' title="bbox 965 1037 1747 1074">
    <p class='ocr_par' dir='ltr' id='par_1_52' title="bbox 965 1037 1747 1074">
     <span class='ocr_line' id='line_1_52' title="bbox 965 1037 1747 1074; baseline 0.003 -9"><span class='ocrx_word' id='word_1_403' title='bbox 965 1037 1026 1065; x_wconf 84' lang='lat' dir='ltr'><strong>dam</strong></span> <span class='ocrx_word' id='word_1_404' title='bbox 1040 1043 1121 1072; x_wconf 87' lang='lat' dir='ltr'><strong>atque</strong></span> <span class='ocrx_word' id='word_1_405' title='bbox 1139 1038 1328 1072; x_wconf 89' lang='lat' dir='ltr'><strong>imbecillitas;</strong></span> <span class='ocrx_word' id='word_1_406' title='bbox 1344 1039 1471 1074; x_wconf 87' lang='lat' dir='ltr'><strong>quoniam</strong></span> <span class='ocrx_word' id='word_1_407' title='bbox 1490 1039 1526 1066; x_wconf 90' lang='lat' dir='ltr'><strong>illi</strong></span> <span class='ocrx_word' id='word_1_408' title='bbox 1545 1047 1653 1074; x_wconf 91' lang='lat' dir='ltr'><strong>quoque</strong></span> <span class='ocrx_word' id='word_1_409' title='bbox 1673 1040 1747 1068; x_wconf 83' lang='lat' dir='ltr'><strong>inﬁr-</strong></span> 
     </span>
    </p>
   </div>
   <div class='ocr_carea' id='block_1_53' title="bbox 966 1082 1746 1119">
    <p class='ocr_par' dir='ltr' id='par_1_53' title="bbox 966 1082 1746 1119">
     <span class='ocr_line' id='line_1_53' title="bbox 966 1082 1746 1119; baseline 0.005 -11"><span class='ocrx_word' id='word_1_410' title='bbox 966 1087 1074 1109; x_wconf 88' lang='lat' dir='ltr'><strong>mantur</strong></span> <span class='ocrx_word' id='word_1_411' title='bbox 1090 1082 1130 1109; x_wconf 87' lang='lat' dir='ltr'><strong>vel</strong></span> <span class='ocrx_word' id='word_1_412' title='bbox 1142 1083 1214 1111; x_wconf 84' lang='lat' dir='ltr'><strong>circa</strong></span> <span class='ocrx_word' id='word_1_413' title='bbox 1229 1084 1318 1115; x_wconf 82' lang='lat' dir='ltr'><strong>iidem,</strong></span> <span class='ocrx_word' id='word_1_414' title='bbox 1339 1083 1376 1110; x_wconf 80' lang='lat' dir='ltr'><strong>ita</strong></span> <span class='ocrx_word' id='word_1_415' title='bbox 1392 1085 1421 1110; x_wconf 74' lang='lat' dir='ltr'><strong>“ut</strong></span> <span class='ocrx_word' id='word_1_416' title='bbox 1441 1084 1564 1116; x_wconf 82' lang='lat' dir='ltr'><strong>audiant,</strong></span> <span class='ocrx_word' id='word_1_417' title='bbox 1579 1085 1625 1112; x_wconf 88' lang='lat' dir='ltr'><strong>sed</strong></span> <span class='ocrx_word' id='word_1_418' title='bbox 1643 1085 1675 1112; x_wconf 90' lang='lat' dir='ltr'><strong>iis</strong></span> <span class='ocrx_word' id='word_1_419' title='bbox 1687 1093 1746 1119; x_wconf 71' lang='lat' dir='ltr'><strong>qum</strong></span> 
     </span>
    </p>
   </div>
   <div class='ocr_carea' id='block_1_54' title="bbox 966 1127 1746 1164">
    <p class='ocr_par' dir='ltr' id='par_1_54' title="bbox 966 1127 1746 1164">
     <span class='ocr_line' id='line_1_54' title="bbox 966 1127 1746 1164; baseline 0.006 -11"><span class='ocrx_word' id='word_1_420' title='bbox 966 1128 1092 1155; x_wconf 86' lang='lat' dir='ltr'><strong>dicuntur</strong></span> <span class='ocrx_word' id='word_1_421' title='bbox 1115 1127 1220 1155; x_wconf 88' lang='lat' dir='ltr'><strong>ﬁrmam</strong></span> <span class='ocrx_word' id='word_1_422' title='bbox 1243 1128 1323 1156; x_wconf 79' lang='lat' dir='ltr'><strong>ﬁdem</strong></span> <span class='ocrx_word' id='word_1_423' title='bbox 1345 1137 1397 1156; x_wconf 88' lang='lat' dir='ltr'><strong>non</strong></span> <span class='ocrx_word' id='word_1_424' title='bbox 1420 1129 1583 1164; x_wconf 84' lang='lat' dir='ltr'><strong>adhibeant;</strong></span> <span class='ocrx_word' id='word_1_425' title='bbox 1609 1130 1651 1158; x_wconf 86' lang='lat' dir='ltr'><strong>vel</strong></span> <span class='ocrx_word' id='word_1_426' title='bbox 1672 1131 1746 1158; x_wconf 84' lang='lat' dir='ltr'><strong>circa</strong></span> 
     </span>
    </p>
   </div>
   <div class='ocr_carea' id='block_1_55' title="bbox 965 1174 1745 1210">
    <p class='ocr_par' dir='ltr' id='par_1_55' title="bbox 965 1174 1745 1210">
     <span class='ocr_line' id='line_1_55' title="bbox 965 1174 1745 1210; baseline 0.005 -10"><span class='ocrx_word' id='word_1_427' title='bbox 965 1174 1150 1208; x_wconf 82' lang='lat' dir='ltr'><strong>operationem</strong></span> <span class='ocrx_word' id='word_1_428' title='bbox 1163 1192 1171 1206; x_wconf 85' lang='lat'><strong>,</strong></span> <span class='ocrx_word' id='word_1_429' title='bbox 1195 1175 1344 1202; x_wconf 86' lang='lat' dir='ltr'><strong>secundum</strong></span> <span class='ocrx_word' id='word_1_430' title='bbox 1365 1175 1492 1203; x_wconf 82' lang='lat' dir='ltr'><strong>desiderii</strong></span> <span class='ocrx_word' id='word_1_431' title='bbox 1520 1177 1723 1210; x_wconf 84' lang='lat' dir='ltr'><strong>perversitatem</strong></span> <span class='ocrx_word' id='word_1_432' title='bbox 1736 1198 1745 1209; x_wconf 88' lang='lat'><strong>,</strong></span> 
     </span>
    </p>
   </div>
   <div class='ocr_carea' id='block_1_56' title="bbox 966 1220 1746 1256">
    <p class='ocr_par' dir='ltr' id='par_1_56' title="bbox 966 1220 1746 1256">
     <span class='ocr_line' id='line_1_56' title="bbox 966 1220 1746 1256; baseline 0.004 -9"><span class='ocrx_word' id='word_1_433' title='bbox 966 1221 1038 1254; x_wconf 89' lang='lat' dir='ltr'><strong>quod</strong></span> <span class='ocrx_word' id='word_1_434' title='bbox 1056 1220 1122 1249; x_wconf 82' lang='lat' dir='ltr'><strong>velit</strong></span> <span class='ocrx_word' id='word_1_435' title='bbox 1140 1221 1201 1256; x_wconf 86' lang='lat' dir='ltr'><strong>quis</strong></span> <span class='ocrx_word' id='word_1_436' title='bbox 1220 1229 1273 1249; x_wconf 95' lang='lat' dir='ltr'><strong>non</strong></span> <span class='ocrx_word' id='word_1_437' title='bbox 1291 1221 1403 1254; x_wconf 85' lang='lat' dir='ltr'><strong>bonum.</strong></span> <span class='ocrx_word' id='word_1_438' title='bbox 1418 1222 1463 1249; x_wconf 92' lang='lat' dir='ltr'><strong>sed</strong></span> <span class='ocrx_word' id='word_1_439' title='bbox 1477 1221 1586 1256; x_wconf 86' lang='lat' dir='ltr'><strong>malum;</strong></span> <span class='ocrx_word' id='word_1_440' title='bbox 1601 1224 1746 1251; x_wconf 86' lang='lat' dir='ltr'><strong>universim</strong></span> 
     </span>
    </p>
   </div>
   <div class='ocr_carea' id='block_1_57' title="bbox 967 1267 1746 1304">
    <p class='ocr_par' dir='ltr' id='par_1_57' title="bbox 967 1267 1746 1304">
     <span class='ocr_line' id='line_1_57' title="bbox 967 1267 1746 1304; baseline 0.003 -10"><span class='ocrx_word' id='word_1_441' title='bbox 967 1267 1040 1295; x_wconf 90' lang='lat' dir='ltr'><strong>enim</strong></span> <span class='ocrx_word' id='word_1_442' title='bbox 1060 1268 1105 1303; x_wconf 87' lang='lat' dir='ltr'><strong>qui</strong></span> <span class='ocrx_word' id='word_1_443' title='bbox 1130 1267 1196 1295; x_wconf 87' lang='lat' dir='ltr'><strong>i&#39;acit</strong></span> <span class='ocrx_word' id='word_1_444' title='bbox 1209 1268 1319 1301; x_wconf 89' lang='lat' dir='ltr'><strong>malum,</strong></span> <span class='ocrx_word' id='word_1_445' title='bbox 1336 1274 1447 1304; x_wconf 88' lang='lat' dir='ltr'><strong>propter</strong></span> <span class='ocrx_word' id='word_1_446' title='bbox 1459 1269 1595 1297; x_wconf 82' lang='lat' dir='ltr'><strong>delectum</strong></span> <span class='ocrx_word' id='word_1_447' title='bbox 1615 1269 1642 1296; x_wconf 90' lang='lat' dir='ltr'><strong>id</strong></span> <span class='ocrx_word' id='word_1_448' title='bbox 1665 1269 1746 1302; x_wconf 78' lang='lat' dir='ltr'><strong>facit,</strong></span> 
     </span>
    </p>
   </div>
   <div class='ocr_carea' id='block_1_58' title="bbox 968 1313 1748 1349">
    <p class='ocr_par' dir='ltr' id='par_1_58' title="bbox 968 1313 1748 1349">
     <span class='ocr_line' id='line_1_58' title="bbox 968 1313 1748 1349; baseline 0.003 -10"><span class='ocrx_word' id='word_1_449' title='bbox 968 1313 1009 1339; x_wconf 90' lang='lat' dir='ltr'><strong>vel</strong></span> <span class='ocrx_word' id='word_1_450' title='bbox 1027 1313 1190 1348; x_wconf 77' lang='lat' dir='ltr'><strong>cognitionis</strong></span> <span class='ocrx_word' id='word_1_451' title='bbox 1208 1313 1312 1341; x_wconf 85' lang='lat' dir='ltr'><strong>scilicet</strong></span> <span class='ocrx_word' id='word_1_452' title='bbox 1328 1314 1497 1347; x_wconf 87' lang='lat' dir='ltr'><strong>doctrinalis,</strong></span> <span class='ocrx_word' id='word_1_453' title='bbox 1519 1321 1600 1349; x_wconf 87' lang='lat' dir='ltr'><strong>quam</strong></span> <span class='ocrx_word' id='word_1_454' title='bbox 1614 1314 1656 1342; x_wconf 86' lang='lat' dir='ltr'><strong>vel</strong></span> <span class='ocrx_word' id='word_1_455' title='bbox 1679 1314 1748 1342; x_wconf 82' lang='lat' dir='ltr'><strong>obli—</strong></span> 
     </span>
    </p>
   </div>
   <div class='ocr_carea' id='block_1_59' title="bbox 967 1359 1749 1396">
    <p class='ocr_par' dir='ltr' id='par_1_59' title="bbox 967 1359 1749 1396">
     <span class='ocr_line' id='line_1_59' title="bbox 967 1359 1749 1396; baseline 0.004 -11"><span class='ocrx_word' id='word_1_456' title='bbox 967 1359 1011 1386; x_wconf 83' lang='lat' dir='ltr'><strong>vio</strong></span> <span class='ocrx_word' id='word_1_457' title='bbox 1024 1366 1211 1393; x_wconf 71' lang='lat' dir='ltr'><strong>saepenumero</strong></span> <span class='ocrx_word' id='word_1_458' title='bbox 1221 1359 1379 1388; x_wconf 86' lang='lat' dir='ltr'><strong>oblitterare</strong></span> <span class='ocrx_word' id='word_1_459' title='bbox 1394 1365 1493 1395; x_wconf 85' lang='lat' dir='ltr'><strong>potest,</strong></span> <span class='ocrx_word' id='word_1_460' title='bbox 1508 1368 1590 1396; x_wconf 87' lang='lat' dir='ltr'><strong>quam</strong></span> <span class='ocrx_word' id='word_1_461' title='bbox 1602 1361 1686 1388; x_wconf 90' lang='lat' dir='ltr'><strong>etiam</strong></span> <span class='ocrx_word' id='word_1_462' title='bbox 1705 1368 1749 1388; x_wconf 84' lang='lat' dir='ltr'><strong>su-</strong></span> 
     </span>
    </p>
   </div>
   <div class='ocr_carea' id='block_1_60' title="bbox 968 1405 1748 1442">
    <p class='ocr_par' dir='ltr' id='par_1_60' title="bbox 968 1405 1748 1442">
     <span class='ocr_line' id='line_1_60' title="bbox 968 1405 1748 1442; baseline 0.003 -10"><span class='ocrx_word' id='word_1_463' title='bbox 968 1405 1058 1439; x_wconf 90' lang='lat' dir='ltr'><strong>perius</strong></span> <span class='ocrx_word' id='word_1_464' title='bbox 1076 1405 1143 1433; x_wconf 82' lang='lat' dir='ltr'><strong>dixit</strong></span> <span class='ocrx_word' id='word_1_465' title='bbox 1159 1413 1193 1433; x_wconf 72' lang='lat' dir='ltr'><strong>ex</strong></span> <span class='ocrx_word' id='word_1_466' title='bbox 1214 1406 1307 1433; x_wconf 89' lang='lat' dir='ltr'><strong>auditu</strong></span> <span class='ocrx_word' id='word_1_467' title='bbox 1327 1406 1497 1441; x_wconf 73' lang='lat' dir='ltr'><strong>ingenerari;</strong></span> <span class='ocrx_word' id='word_1_468' title='bbox 1514 1406 1556 1434; x_wconf 86' lang='lat' dir='ltr'><strong>vel</strong></span> <span class='ocrx_word' id='word_1_469' title='bbox 1579 1406 1686 1442; x_wconf 65' lang='lat' dir='ltr'><strong>liquidae</strong></span> <span class='ocrx_word' id='word_1_470' title='bbox 1700 1414 1748 1435; x_wconf 85' lang='lat' dir='ltr'><strong>co-</strong></span> 
     </span>
    </p>
   </div>
   <div class='ocr_carea' id='block_1_61' title="bbox 968 1450 1750 1486">
    <p class='ocr_par' dir='ltr' id='par_1_61' title="bbox 968 1450 1750 1486">
     <span class='ocr_line' id='line_1_61' title="bbox 968 1450 1750 1486; baseline 0.004 -9"><span class='ocrx_word' id='word_1_471' title='bbox 968 1450 1107 1485; x_wconf 73' lang='lat' dir='ltr'><strong>gnitionis,</strong></span> <span class='ocrx_word' id='word_1_472' title='bbox 1120 1458 1181 1486; x_wconf 68' lang='lat' dir='ltr'><strong>quae</strong></span> <span class='ocrx_word' id='word_1_473' title='bbox 1194 1452 1323 1479; x_wconf 89' lang='lat' dir='ltr'><strong>nimirum</strong></span> <span class='ocrx_word' id='word_1_474' title='bbox 1339 1459 1373 1479; x_wconf 78' lang='lat' dir='ltr'><strong>ex</strong></span> <span class='ocrx_word' id='word_1_475' title='bbox 1386 1452 1500 1479; x_wconf 87' lang='lat' dir='ltr'><strong>naturali</strong></span> <span class='ocrx_word' id='word_1_476' title='bbox 1514 1452 1689 1481; x_wconf 87' lang='lat' dir='ltr'><strong>meditatione</strong></span> <span class='ocrx_word' id='word_1_477' title='bbox 1703 1458 1750 1480; x_wconf 87' lang='lat' dir='ltr'><strong>aut</strong></span> 
     </span>
    </p>
   </div>
   <div class='ocr_carea' id='block_1_62' title="bbox 968 1499 1749 1534">
    <p class='ocr_par' dir='ltr' id='par_1_62' title="bbox 968 1499 1749 1534">
     <span class='ocr_line' id='line_1_62' title="bbox 968 1499 1749 1534; baseline 0.003 -8"><span class='ocrx_word' id='word_1_478' title='bbox 968 1499 1151 1527; x_wconf 84' lang='lat' dir='ltr'><strong>illustratione</strong></span> <span class='ocrx_word' id='word_1_479' title='bbox 1170 1500 1228 1527; x_wconf 87' lang='lat' dir='ltr'><strong>sine</strong></span> <span class='ocrx_word' id='word_1_480' title='bbox 1249 1500 1362 1528; x_wconf 84' lang='lat' dir='ltr'><strong>doctore</strong></span> <span class='ocrx_word' id='word_1_481' title='bbox 1384 1500 1514 1533; x_wconf 71' lang='lat' dir='ltr'><strong>inhaeret;</strong></span> <span class='ocrx_word' id='word_1_482' title='bbox 1527 1501 1568 1529; x_wconf 87' lang='lat' dir='ltr'><strong>vel</strong></span> <span class='ocrx_word' id='word_1_483' title='bbox 1585 1501 1658 1534; x_wconf 82' lang='lat' dir='ltr'><strong>ﬁdei,</strong></span> <span class='ocrx_word' id='word_1_484' title='bbox 1671 1501 1707 1528; x_wconf 83' lang='lat' dir='ltr'><strong>ita</strong></span> <span class='ocrx_word' id='word_1_485' title='bbox 1720 1506 1749 1528; x_wconf 89' lang='lat' dir='ltr'><strong>ut</strong></span> 
     </span>
    </p>
   </div>
   <div class='ocr_carea' id='block_1_63' title="bbox 969 1545 1750 1582">
    <p class='ocr_par' dir='ltr' id='par_1_63' title="bbox 969 1545 1750 1582">
     <span class='ocr_line' id='line_1_63' title="bbox 969 1545 1750 1582; baseline 0.004 -11"><span class='ocrx_word' id='word_1_486' title='bbox 969 1545 1030 1579; x_wconf 86' lang='lat' dir='ltr'><strong>quis</strong></span> <span class='ocrx_word' id='word_1_487' title='bbox 1041 1545 1134 1572; x_wconf 82' lang='lat' dir='ltr'><strong>audiat</strong></span> <span class='ocrx_word' id='word_1_488' title='bbox 1148 1545 1269 1580; x_wconf 87' lang='lat' dir='ltr'><strong>quidem,</strong></span> <span class='ocrx_word' id='word_1_489' title='bbox 1285 1545 1332 1573; x_wconf 86' lang='lat' dir='ltr'><strong>sed</strong></span> <span class='ocrx_word' id='word_1_490' title='bbox 1343 1553 1396 1573; x_wconf 90' lang='lat' dir='ltr'><strong>non</strong></span> <span class='ocrx_word' id='word_1_491' title='bbox 1406 1546 1526 1581; x_wconf 75' lang='lat' dir='ltr'><strong>perfecte</strong></span> <span class='ocrx_word' id='word_1_492' title='bbox 1538 1547 1632 1575; x_wconf 88' lang='lat' dir='ltr'><strong>credat</strong></span> <span class='ocrx_word' id='word_1_493' title='bbox 1645 1554 1678 1574; x_wconf 87' lang='lat' dir='ltr'><strong>ea</strong></span> <span class='ocrx_word' id='word_1_494' title='bbox 1691 1554 1750 1582; x_wconf 75' lang='lat' dir='ltr'><strong>qua:</strong></span> 
     </span>
    </p>
   </div>
   <div class='ocr_carea' id='block_1_64' title="bbox 134 1585 916 1635">
    <p class='ocr_par' dir='ltr' id='par_1_64' title="bbox 134 1595 916 1635">
     <span class='ocr_line' id='line_1_64' title="bbox 134 1595 916 1635; baseline 0.005 -13"><span class='ocrx_word' id='word_1_495' title='bbox 134 1595 239 1630; x_wconf 77' lang='grc' dir='ltr'>ἐφίεται</span> <span class='ocrx_word' id='word_1_496' title='bbox 259 1596 304 1622; x_wconf 77' lang='grc' dir='ltr'>καὶ</span> <span class='ocrx_word' id='word_1_497' title='bbox 323 1596 473 1632; x_wconf 81' lang='grc' dir='ltr'>ἁμαρτάνει</span> <span class='ocrx_word' id='word_1_498' title='bbox 491 1597 555 1632; x_wconf 80' lang='grc' dir='ltr'>περὶ</span> <span class='ocrx_word' id='word_1_499' title='bbox 573 1597 621 1633; x_wconf 85' lang='grc' dir='ltr'>τὴν</span> <span class='ocrx_word' id='word_1_500' title='bbox 632 1598 724 1632; x_wconf 79' lang='grc' dir='ltr'>ἔφεσιν</span> <span class='ocrx_word' id='word_1_501' title='bbox 734 1606 741 1613; x_wconf 94' lang='grc'><strong>·</strong></span> <span class='ocrx_word' id='word_1_502' title='bbox 754 1598 770 1634; x_wconf 84' lang='grc' dir='ltr'>ἦ</span> <span class='ocrx_word' id='word_1_503' title='bbox 782 1599 831 1634; x_wconf 84' lang='grc' dir='ltr'>τῆς</span> <span class='ocrx_word' id='word_1_504' title='bbox 841 1600 916 1635; x_wconf 86' lang='grc' dir='ltr'>ὲνερ-</span> 
     </span>
    </p>
   </div>
   <div class='ocr_carea' id='block_1_65' title="bbox 967 1585 1750 1635">
    <p class='ocr_par' dir='ltr' id='par_1_65' title="bbox 969 1591 1750 1627">
     <span class='ocr_line' id='line_1_65' title="bbox 969 1591 1750 1627; baseline 0.004 -10"><span class='ocrx_word' id='word_1_505' title='bbox 969 1591 1111 1624; x_wconf 87' lang='lat' dir='ltr'><strong>dicuntur;</strong></span> <span class='ocrx_word' id='word_1_506' title='bbox 1127 1591 1168 1618; x_wconf 88' lang='lat' dir='ltr'><strong>vel</strong></span> <span class='ocrx_word' id='word_1_507' title='bbox 1188 1591 1326 1624; x_wconf 82' lang='lat' dir='ltr'><strong>desiderii,</strong></span> <span class='ocrx_word' id='word_1_508' title='bbox 1346 1596 1375 1619; x_wconf 91' lang='lat' dir='ltr'><strong>ut</strong></span> <span class='ocrx_word' id='word_1_509' title='bbox 1396 1593 1504 1627; x_wconf 86' lang='lat' dir='ltr'><strong>quando</strong></span> <span class='ocrx_word' id='word_1_510' title='bbox 1519 1593 1580 1627; x_wconf 88' lang='lat' dir='ltr'><strong>quis</strong></span> <span class='ocrx_word' id='word_1_511' title='bbox 1596 1594 1666 1620; x_wconf 84' lang='lat' dir='ltr'><strong>male</strong></span> <span class='ocrx_word' id='word_1_512' title='bbox 1681 1594 1750 1620; x_wconf 77' lang='lat' dir='ltr'><strong>desi-</strong></span> 
     </span>
    </p>
   </div>
   <div class='ocr_carea' id='block_1_66' title="bbox 134 1642 920 1680">
    <p class='ocr_par' dir='ltr' id='par_1_66' title="bbox 134 1642 920 1680">
     <span class='ocr_line' id='line_1_66' title="bbox 134 1642 920 1680; baseline 0.005 -12"><span class='ocrx_word' id='word_1_513' title='bbox 134 1642 212 1676; x_wconf 86' lang='grc' dir='ltr'>γείας</span> <span class='ocrx_word' id='word_1_514' title='bbox 230 1642 276 1668; x_wconf 83' lang='grc' dir='ltr'>τοῦ</span> <span class='ocrx_word' id='word_1_515' title='bbox 294 1642 407 1676; x_wconf 83' lang='grc' dir='ltr'>ἀγαθοῦ,</span> <span class='ocrx_word' id='word_1_516' title='bbox 424 1643 461 1675; x_wconf 85' lang='grc' dir='ltr'>ὡς</span> <span class='ocrx_word' id='word_1_517' title='bbox 480 1643 639 1678; x_wconf 84' lang='grc' dir='ltr'>βουλόμενος</span> <span class='ocrx_word' id='word_1_518' title='bbox 659 1644 708 1679; x_wconf 84' lang='grc' dir='ltr'>μὲν</span> <span class='ocrx_word' id='word_1_519' title='bbox 729 1645 871 1680; x_wconf 77' lang='grc' dir='ltr'>ἐνεργῆσαι</span> <span class='ocrx_word' id='word_1_520' title='bbox 889 1645 920 1672; x_wconf 81' lang='grc' dir='ltr'>τὸ</span> 
     </span>
    </p>
   </div>
   <div class='ocr_carea' id='block_1_67' title="bbox 134 1688 919 1724">
    <p class='ocr_par' dir='ltr' id='par_1_67' title="bbox 134 1688 919 1724">
     <span class='ocr_line' id='line_1_67' title="bbox 134 1688 919 1724; baseline 0.004 -9"><span class='ocrx_word' id='word_1_521' title='bbox 134 1688 246 1723; x_wconf 83' lang='grc' dir='ltr'>ἀγαθὸν,</span> <span class='ocrx_word' id='word_1_522' title='bbox 260 1688 468 1724; x_wconf 78' lang='grc' dir='ltr'>ἐμποδιζόμενος</span> <span class='ocrx_word' id='word_1_523' title='bbox 483 1690 511 1716; x_wconf 83' lang='grc' dir='ltr'><strong>δὲ</strong></span> <span class='ocrx_word' id='word_1_524' title='bbox 525 1690 569 1716; x_wconf 82' lang='grc' dir='ltr'><strong>διά</strong></span> <span class='ocrx_word' id='word_1_525' title='bbox 579 1698 617 1716; x_wconf 87' lang='grc' dir='ltr'>τι·</span> <span class='ocrx_word' id='word_1_526' title='bbox 632 1690 692 1717; x_wconf 83' lang='grc' dir='ltr'>ὅθεν</span> <span class='ocrx_word' id='word_1_527' title='bbox 704 1690 750 1717; x_wconf 76' lang='grc' dir='ltr'>καὶ</span> <span class='ocrx_word' id='word_1_528' title='bbox 760 1691 814 1718; x_wconf 73' lang='grc' dir='ltr'>ἀπὸ</span> <span class='ocrx_word' id='word_1_529' title='bbox 825 1691 919 1719; x_wconf 85' lang='grc' dir='ltr'>τούτου</span> 
     </span>
    </p>
   </div>
   <div class='ocr_carea' id='block_1_68' title="bbox 134 1735 918 1772">
    <p class='ocr_par' dir='ltr' id='par_1_68' title="bbox 134 1735 918 1772">
     <span class='ocr_line' id='line_1_68' title="bbox 134 1735 918 1772; baseline 0.005 -11"><span class='ocrx_word' id='word_1_530' title='bbox 134 1735 269 1762; x_wconf 74' lang='grc' dir='ltr'>εἰσϐάλλει</span> <span class='ocrx_word' id='word_1_531' title='bbox 280 1736 391 1772; x_wconf 86' lang='grc' dir='ltr'>ἀπορία.</span> <span class='ocrx_word' id='word_1_532' title='bbox 401 1735 507 1769; x_wconf 83' lang='grc' dir='ltr'>Καίτοι,</span> <span class='ocrx_word' id='word_1_533' title='bbox 518 1736 584 1771; x_wconf 81' lang='grc' dir='ltr'>φαίη</span> <span class='ocrx_word' id='word_1_534' title='bbox 591 1745 632 1768; x_wconf 91' lang='grc' dir='ltr'><strong>τις</strong></span> <span class='ocrx_word' id='word_1_535' title='bbox 644 1736 686 1769; x_wconf 81' lang='grc' dir='ltr'><strong>ἂν,</strong></span> <span class='ocrx_word' id='word_1_536' title='bbox 699 1738 877 1772; x_wconf 73' lang='grc' dir='ltr'>συγγνωστὸν,</span> <span class='ocrx_word' id='word_1_537' title='bbox 889 1739 918 1765; x_wconf 80' lang='grc' dir='ltr'>οὐ</span> 
     </span>
    </p>
   </div>
   <div class='ocr_carea' id='block_1_69' title="bbox 134 1781 921 1819">
    <p class='ocr_par' dir='ltr' id='par_1_69' title="bbox 134 1781 921 1819">
     <span class='ocr_line' id='line_1_69' title="bbox 134 1781 921 1819; baseline 0.004 -11"><span class='ocrx_word' id='word_1_538' title='bbox 134 1781 289 1817; x_wconf 82' lang='grc' dir='ltr'>τιμωρητδν</span> <span class='ocrx_word' id='word_1_539' title='bbox 299 1783 315 1817; x_wconf 91' lang='grc' dir='ltr'><strong>ή</strong></span> <span class='ocrx_word' id='word_1_540' title='bbox 325 1782 461 1809; x_wconf 79' lang='grc' dir='ltr'>ἀσθένεια.</span> <span class='ocrx_word' id='word_1_541' title='bbox 471 1782 539 1809; x_wconf 79' lang='grc' dir='ltr'>Ἀλλ’</span> <span class='ocrx_word' id='word_1_542' title='bbox 548 1783 654 1818; x_wconf 71' lang='grc' dir='ltr'>εὐθὺςὴ</span> <span class='ocrx_word' id='word_1_543' title='bbox 667 1783 752 1815; x_wconf 83' lang='grc' dir='ltr'>λύσις.</span> <span class='ocrx_word' id='word_1_544' title='bbox 764 1784 795 1810; x_wconf 79' lang='lat' dir='ltr'><strong>Ei</strong></span> <span class='ocrx_word' id='word_1_545' title='bbox 811 1784 859 1819; x_wconf 88' lang='grc' dir='ltr'>μὲν</span> <span class='ocrx_word' id='word_1_546' title='bbox 871 1784 921 1811; x_wconf 88' lang='grc' dir='ltr'>οὐκ</span> 
     </span>
    </p>
   </div>
   <div class='ocr_carea' id='block_1_70' title="bbox 135 1826 920 1864">
    <p class='ocr_par' dir='ltr' id='par_1_70' title="bbox 135 1826 920 1864">
     <span class='ocr_line' id='line_1_70' title="bbox 135 1826 920 1864; baseline 0.003 -10"><span class='ocrx_word' id='word_1_547' title='bbox 135 1827 245 1862; x_wconf 81' lang='grc' dir='ltr'>εἴχομεν</span> <span class='ocrx_word' id='word_1_548' title='bbox 263 1827 292 1854; x_wconf 87' lang='grc' dir='ltr'>τὸ</span> <span class='ocrx_word' id='word_1_549' title='bbox 309 1827 448 1860; x_wconf 81' lang='grc' dir='ltr'>δύνασθαι,</span> <span class='ocrx_word' id='word_1_550' title='bbox 459 1828 547 1860; x_wconf 85' lang='grc' dir='ltr'>καλῶς</span> <span class='ocrx_word' id='word_1_551' title='bbox 557 1828 590 1855; x_wconf 88' lang='grc' dir='ltr'>ἂν</span> <span class='ocrx_word' id='word_1_552' title='bbox 600 1826 672 1864; x_wconf 73' lang='grc' dir='ltr'>εῖχεν</span> <span class='ocrx_word' id='word_1_553' title='bbox 682 1830 697 1855; x_wconf 77' lang='grc' dir='ltr'>ὁ</span> <span class='ocrx_word' id='word_1_554' title='bbox 712 1829 804 1864; x_wconf 76' lang='grc' dir='ltr'>λόγος’</span> <span class='ocrx_word' id='word_1_555' title='bbox 817 1830 878 1856; x_wconf 78' lang='grc' dir='ltr'>ἐπεὶ</span> <span class='ocrx_word' id='word_1_556' title='bbox 892 1830 920 1856; x_wconf 84' lang='grc' dir='ltr'><strong>δὲ</strong></span> 
     </span>
    </p>
   </div>
   <div class='ocr_carea' id='block_1_71' title="bbox 136 1872 921 1910">
    <p class='ocr_par' dir='ltr' id='par_1_71' title="bbox 136 1872 921 1910">
     <span class='ocr_line' id='line_1_71' title="bbox 136 1872 921 1910; baseline 0.003 -12"><span class='ocrx_word' id='word_1_557' title='bbox 136 1873 169 1899; x_wconf 69' lang='grc' dir='ltr'>ἐκ</span> <span class='ocrx_word' id='word_1_558' title='bbox 179 1872 225 1898; x_wconf 84' lang='grc' dir='ltr'>τοῦ</span> <span class='ocrx_word' id='word_1_559' title='bbox 238 1872 338 1907; x_wconf 81' lang='grc' dir='ltr'>ἀγαθοῦ</span> <span class='ocrx_word' id='word_1_560' title='bbox 351 1874 416 1908; x_wconf 88' lang='grc' dir='ltr'>ἡμῖν</span> <span class='ocrx_word' id='word_1_561' title='bbox 426 1872 456 1898; x_wconf 83' lang='grc' dir='ltr'><strong>τὸ</strong></span> <span class='ocrx_word' id='word_1_562' title='bbox 466 1872 603 1905; x_wconf 82' lang='grc' dir='ltr'>δύνασθαι,</span> <span class='ocrx_word' id='word_1_563' title='bbox 616 1873 665 1900; x_wconf 81' lang='grc' dir='ltr'>οὐκ</span> <span class='ocrx_word' id='word_1_564' title='bbox 677 1873 816 1900; x_wconf 81' lang='grc' dir='ltr'>ἐπαινετὸν</span> <span class='ocrx_word' id='word_1_565' title='bbox 830 1875 847 1909; x_wconf 84' lang='grc' dir='ltr'>ἡ</span> <span class='ocrx_word' id='word_1_566' title='bbox 857 1874 921 1910; x_wconf 78' lang='grc' dir='ltr'>περὶ</span> 
     </span>
    </p>
   </div>
   <div class='ocr_carea' id='block_1_72' title="bbox 135 1918 921 1955">
    <p class='ocr_par' dir='ltr' id='par_1_72' title="bbox 135 1918 921 1955">
     <span class='ocr_line' id='line_1_72' title="bbox 135 1918 921 1955; baseline 0.003 -11"><span class='ocrx_word' id='word_1_567' title='bbox 135 1918 167 1945; x_wconf 82' lang='grc' dir='ltr'><strong>τὺ</strong></span> <span class='ocrx_word' id='word_1_568' title='bbox 187 1918 286 1952; x_wconf 81' lang='grc' dir='ltr'>ἀγαθὸν</span> <span class='ocrx_word' id='word_1_569' title='bbox 304 1919 435 1954; x_wconf 82' lang='grc' dir='ltr'>ἁμαρτία.</span> <span class='ocrx_word' id='word_1_570' title='bbox 446 1918 524 1945; x_wconf 82' lang='grc' dir='ltr'><strong>Ἀλλά</strong></span> <span class='ocrx_word' id='word_1_571' title='bbox 540 1919 625 1945; x_wconf 83' lang='grc' dir='ltr'>ταῦτα</span> <span class='ocrx_word' id='word_1_572' title='bbox 645 1920 694 1955; x_wconf 80' lang='grc' dir='ltr'>μὲν</span> <span class='ocrx_word' id='word_1_573' title='bbox 712 1920 741 1946; x_wconf 84' lang='grc' dir='ltr'>ὲν</span> <span class='ocrx_word' id='word_1_574' title='bbox 760 1920 844 1955; x_wconf 79' lang='grc' dir='ltr'>ἑτέρῳ</span> <span class='ocrx_word' id='word_1_575' title='bbox 856 1928 921 1953; x_wconf 84' lang='grc' dir='ltr'>συγ-</span> 
     </span>
    </p>
   </div>
   <div class='ocr_carea' id='block_1_73' title="bbox 136 1965 921 2002">
    <p class='ocr_par' dir='ltr' id='par_1_73' title="bbox 136 1965 921 2002">
     <span class='ocr_line' id='line_1_73' title="bbox 136 1965 921 2002; baseline 0.003 -11"><span class='ocrx_word' id='word_1_576' title='bbox 136 1965 280 2001; x_wconf 79' lang='grc' dir='ltr'>γράμματι</span> <span class='ocrx_word' id='word_1_577' title='bbox 291 1965 459 2001; x_wconf 79' lang='grc' dir='ltr'>διελάϐομεν,</span> <span class='ocrx_word' id='word_1_578' title='bbox 471 1965 531 1992; x_wconf 82' lang='grc' dir='ltr'>καθ’</span> <span class='ocrx_word' id='word_1_579' title='bbox 542 1965 575 2001; x_wconf 83' lang='grc' dir='ltr'>ἣν</span> <span class='ocrx_word' id='word_1_580' title='bbox 593 1966 781 2002; x_wconf 84' lang='grc' dir='ltr'>πραγματείαν</span> <span class='ocrx_word' id='word_1_581' title='bbox 792 1967 838 1993; x_wconf 78' lang='grc' dir='ltr'>καὶ</span> <span class='ocrx_word' id='word_1_582' title='bbox 849 1967 921 2002; x_wconf 79' lang='grc' dir='ltr'><strong>ἠγω-</strong></span> 
     </span>
    </p>
   </div>
   <div class='ocr_carea' id='block_1_74' title="bbox 137 2010 921 2047">
    <p class='ocr_par' dir='ltr' id='par_1_74' title="bbox 137 2010 921 2047">
     <span class='ocr_line' id='line_1_74' title="bbox 137 2010 921 2047; baseline 0 -10"><span class='ocrx_word' id='word_1_583' title='bbox 137 2010 270 2046; x_wconf 79' lang='grc' dir='ltr'>νισάμεθα</span> <span class='ocrx_word' id='word_1_584' title='bbox 289 2010 356 2046; x_wconf 70' lang='grc' dir='ltr'>πρὸς</span> <span class='ocrx_word' id='word_1_585' title='bbox 370 2011 432 2043; x_wconf 83' lang='grc' dir='ltr'>τοὺς</span> <span class='ocrx_word' id='word_1_586' title='bbox 444 2011 507 2046; x_wconf 79' lang='grc' dir='ltr'>περὶ</span> <span class='ocrx_word' id='word_1_587' title='bbox 516 2011 618 2038; x_wconf 87' lang='grc' dir='ltr'>τούτων</span> <span class='ocrx_word' id='word_1_588' title='bbox 630 2011 800 2047; x_wconf 78' lang='grc' dir='ltr'>σοφιστικοὺς</span> <span class='ocrx_word' id='word_1_589' title='bbox 811 2011 858 2037; x_wconf 72' lang='grc' dir='ltr'>καὶ</span> <span class='ocrx_word' id='word_1_590' title='bbox 869 2020 921 2037; x_wconf 82' lang='grc' dir='ltr'><strong>πα-</strong></span> 
     </span>
    </p>
   </div>
   <div class='ocr_carea' id='block_1_75' title="bbox 137 2057 921 2094">
    <p class='ocr_par' dir='ltr' id='par_1_75' title="bbox 137 2057 921 2094">
     <span class='ocr_line' id='line_1_75' title="bbox 137 2057 921 2094; baseline 0 -10"><span class='ocrx_word' id='word_1_591' title='bbox 137 2058 275 2094; x_wconf 84' lang='grc' dir='ltr'>ράφρονας</span> <span class='ocrx_word' id='word_1_592' title='bbox 295 2057 390 2092; x_wconf 80' lang='grc' dir='ltr'>λόγους</span> <span class='ocrx_word' id='word_1_593' title='bbox 400 2065 406 2072; x_wconf 63' lang='grc' dir='ltr'><strong>θ</strong></span> <span class='ocrx_word' id='word_1_594' title='bbox 420 2057 467 2085; x_wconf 77' lang='grc' dir='ltr'>νῦν</span> <span class='ocrx_word' id='word_1_595' title='bbox 486 2058 514 2085; x_wconf 86' lang='grc' dir='ltr'><strong>δὲ</strong></span> <span class='ocrx_word' id='word_1_596' title='bbox 531 2059 596 2094; x_wconf 82' lang='grc' dir='ltr'>ἡμῖν</span> <span class='ocrx_word' id='word_1_597' title='bbox 612 2058 767 2094; x_wconf 87' lang='grc' dir='ltr'>ἀρκούντως</span> <span class='ocrx_word' id='word_1_598' title='bbox 781 2057 812 2084; x_wconf 81' lang='grc' dir='ltr'>τὸ</span> <span class='ocrx_word' id='word_1_599' title='bbox 822 2057 921 2092; x_wconf 83' lang='grc' dir='ltr'>ἀγαθὸν</span> 
     </span>
    </p>
   </div>
   <div class='ocr_carea' id='block_1_76' title="bbox 138 2099 924 2135">
    <p class='ocr_par' dir='ltr' id='par_1_76' title="bbox 138 2099 924 2135">
     <span class='ocr_line' id='line_1_76' title="bbox 138 2099 924 2135; baseline 0 -9"><span class='ocrx_word' id='word_1_600' title='bbox 138 2099 268 2135; x_wconf 81' lang='grc' dir='ltr'>ὕμνηται,</span> <span class='ocrx_word' id='word_1_601' title='bbox 279 2099 317 2131; x_wconf 82' lang='grc' dir='ltr'>ὡς</span> <span class='ocrx_word' id='word_1_602' title='bbox 329 2100 436 2127; x_wconf 81' lang='grc' dir='ltr'>πάντων</span> <span class='ocrx_word' id='word_1_603' title='bbox 450 2099 503 2127; x_wconf 85' lang='grc' dir='ltr'><strong>τῶν</strong></span> <span class='ocrx_word' id='word_1_604' title='bbox 520 2100 628 2135; x_wconf 82' lang='grc' dir='ltr'>ἀγαθῶν</span> <span class='ocrx_word' id='word_1_605' title='bbox 639 2099 733 2132; x_wconf 76' lang='grc' dir='ltr'>αἴτιον,</span> <span class='ocrx_word' id='word_1_606' title='bbox 745 2100 791 2127; x_wconf 77' lang='grc' dir='ltr'>καὶ</span> <span class='ocrx_word' id='word_1_607' title='bbox 810 2100 863 2126; x_wconf 86' lang='grc' dir='ltr'>τῶν</span> <span class='ocrx_word' id='word_1_608' title='bbox 873 2108 924 2126; x_wconf 83' lang='grc' dir='ltr'>κα-</span> 
     </span>
    </p>
   </div>
   <div class='ocr_carea' id='block_1_77' title="bbox 137 2145 919 2181">
    <p class='ocr_par' dir='ltr' id='par_1_77' title="bbox 137 2145 919 2181">
     <span class='ocr_line' id='line_1_77' title="bbox 137 2145 919 2181; baseline 0 -9"><span class='ocrx_word' id='word_1_609' title='bbox 137 2145 196 2172; x_wconf 83' lang='grc' dir='ltr'>κῶν</span> <span class='ocrx_word' id='word_1_610' title='bbox 204 2146 321 2172; x_wconf 87' lang='grc' dir='ltr'>ἀναίτιον</span> <span class='ocrx_word' id='word_1_611' title='bbox 330 2154 337 2161; x_wconf 86' lang='grc'><strong>·</strong></span> <span class='ocrx_word' id='word_1_612' title='bbox 348 2146 385 2178; x_wconf 85' lang='grc' dir='ltr'>ὡς</span> <span class='ocrx_word' id='word_1_613' title='bbox 395 2145 533 2179; x_wconf 83' lang='grc' dir='ltr'>είδοποιδν,</span> <span class='ocrx_word' id='word_1_614' title='bbox 546 2146 592 2173; x_wconf 70' lang='grc' dir='ltr'><strong>καὶ</strong></span> <span class='ocrx_word' id='word_1_615' title='bbox 607 2145 645 2178; x_wconf 83' lang='grc' dir='ltr'><strong>ὡς</strong></span> <span class='ocrx_word' id='word_1_616' title='bbox 662 2147 748 2181; x_wconf 87' lang='grc' dir='ltr'>πέρας</span> <span class='ocrx_word' id='word_1_617' title='bbox 758 2145 811 2173; x_wconf 87' lang='grc' dir='ltr'><strong>τῶν</strong></span> <span class='ocrx_word' id='word_1_618' title='bbox 820 2145 903 2173; x_wconf 73' lang='grc' dir='ltr'>ὄντων</span> <span class='ocrx_word' id='word_1_619' title='bbox 913 2154 919 2161; x_wconf 90' lang='grc'><strong>·</strong></span> 
     </span>
    </p>
   </div>
   <div class='ocr_carea' id='block_1_78' title="bbox 139 2190 922 2228">
    <p class='ocr_par' dir='ltr' id='par_1_78' title="bbox 139 2190 922 2228">
     <span class='ocr_line' id='line_1_78' title="bbox 139 2190 922 2228; baseline 0 -11"><span class='ocrx_word' id='word_1_620' title='bbox 139 2190 226 2226; x_wconf 79' lang='grc' dir='ltr'>πέρας</span> <span class='ocrx_word' id='word_1_621' title='bbox 235 2191 263 2218; x_wconf 83' lang='grc' dir='ltr'><strong>δὲ</strong></span> <span class='ocrx_word' id='word_1_622' title='bbox 275 2192 304 2218; x_wconf 80' lang='grc' dir='ltr'>οὐ</span> <span class='ocrx_word' id='word_1_623' title='bbox 316 2191 439 2226; x_wconf 76' lang='grc' dir='ltr'>φυσικὸν,</span> <span class='ocrx_word' id='word_1_624' title='bbox 452 2191 517 2219; x_wconf 87' lang='grc' dir='ltr'><strong>ἀλλά</strong></span> <span class='ocrx_word' id='word_1_625' title='bbox 528 2191 721 2228; x_wconf 80' lang='grc' dir='ltr'>δημιουργικὸν</span> <span class='ocrx_word' id='word_1_626' title='bbox 731 2191 771 2227; x_wconf 79' lang='grc' dir='ltr'><strong>(τὸ</strong></span> <span class='ocrx_word' id='word_1_627' title='bbox 781 2191 835 2227; x_wconf 87' lang='grc' dir='ltr'><strong>γὰρ</strong></span> <span class='ocrx_word' id='word_1_628' title='bbox 845 2199 922 2226; x_wconf 86' lang='grc' dir='ltr'>φυσι-</span> 
     </span>
    </p>
   </div>
   <div class='ocr_carea' id='block_1_79' title="bbox 138 2235 961 2282">
    <p class='ocr_par' dir='ltr' id='par_1_79' title="bbox 138 2235 961 2282">
     <span class='ocr_line' id='line_1_79' title="bbox 138 2235 961 2282; baseline 0.001 -20"><span class='ocrx_word' id='word_1_629' title='bbox 138 2235 187 2263; x_wconf 75' lang='grc' dir='ltr'>κδν</span> <span class='ocrx_word' id='word_1_630' title='bbox 197 2236 283 2273; x_wconf 81' lang='grc' dir='ltr'>πέρας</span> <span class='ocrx_word' id='word_1_631' title='bbox 293 2238 322 2264; x_wconf 82' lang='grc' dir='ltr'>ὲν</span> <span class='ocrx_word' id='word_1_632' title='bbox 332 2237 371 2273; x_wconf 82' lang='grc' dir='ltr'>τῷ</span> <span class='ocrx_word' id='word_1_633' title='bbox 381 2246 498 2273; x_wconf 82' lang='grc' dir='ltr'>περατου</span> <span class='ocrx_word' id='word_1_634' title='bbox 503 2238 574 2273; x_wconf 87' lang='grc' dir='ltr'>μένῳ</span> <span class='ocrx_word' id='word_1_635' title='bbox 584 2238 653 2271; x_wconf 76' lang='grc' dir='ltr'>ἐστὶ,</span> <span class='ocrx_word' id='word_1_636' title='bbox 664 2238 701 2270; x_wconf 87' lang='grc' dir='ltr'>ὡς</span> <span class='ocrx_word' id='word_1_637' title='bbox 712 2238 729 2274; x_wconf 86' lang='grc' dir='ltr'><strong>ή</strong></span> <span class='ocrx_word' id='word_1_638' title='bbox 741 2237 841 2273; x_wconf 84' lang='grc' dir='ltr'>στιγμὴ</span> <span class='ocrx_word' id='word_1_639' title='bbox 848 2239 877 2265; x_wconf 84' lang='grc' dir='ltr'>ὲν</span> <span class='ocrx_word' id='word_1_640' title='bbox 887 2238 921 2273; x_wconf 80' lang='grc' dir='ltr'>τῇ</span> <span class='ocrx_word' id='word_1_641' title='bbox 940 2253 961 2282; x_wconf 74' lang='grc' dir='ltr'><strong>ο</strong></span> 
     </span>
    </p>
   </div>
   <div class='ocr_carea' id='block_1_80' title="bbox 138 2283 923 2319">
    <p class='ocr_par' dir='ltr' id='par_1_80' title="bbox 138 2283 923 2319">
     <span class='ocr_line' id='line_1_80' title="bbox 138 2283 923 2319; baseline 0.003 -11"><span class='ocrx_word' id='word_1_642' title='bbox 138 2284 254 2318; x_wconf 84' lang='grc' dir='ltr'>γραμμῇ</span> <span class='ocrx_word' id='word_1_643' title='bbox 263 2283 282 2319; x_wconf 87' lang='grc'><strong>·)</strong></span> <span class='ocrx_word' id='word_1_644' title='bbox 295 2283 333 2316; x_wconf 81' lang='grc' dir='ltr'>ὡς</span> <span class='ocrx_word' id='word_1_645' title='bbox 347 2283 393 2310; x_wconf 79' lang='grc' dir='ltr'>καὶ</span> <span class='ocrx_word' id='word_1_646' title='bbox 402 2284 470 2311; x_wconf 87' lang='grc' dir='ltr'>αὺτά</span> <span class='ocrx_word' id='word_1_647' title='bbox 479 2284 513 2311; x_wconf 81' lang='grc' dir='ltr'>τὰ</span> <span class='ocrx_word' id='word_1_648' title='bbox 526 2284 597 2311; x_wconf 85' lang='grc' dir='ltr'><strong>κακά</strong></span> <span class='ocrx_word' id='word_1_649' title='bbox 612 2283 756 2319; x_wconf 82' lang='grc' dir='ltr'>ἀγαθῦνον,</span> <span class='ocrx_word' id='word_1_650' title='bbox 768 2284 815 2310; x_wconf 74' lang='grc' dir='ltr'>καὶ</span> <span class='ocrx_word' id='word_1_651' title='bbox 823 2284 863 2311; x_wconf 71' lang='grc' dir='ltr'>ὅτι</span> <span class='ocrx_word' id='word_1_652' title='bbox 872 2285 923 2311; x_wconf 83' lang='grc' dir='ltr'><strong>πᾶ-</strong></span> 
     </span>
    </p>
   </div>
   <div class='ocr_carea' id='block_1_81' title="bbox 140 2327 833 2364">
    <p class='ocr_par' dir='ltr' id='par_1_81' title="bbox 140 2327 833 2364">
     <span class='ocr_line' id='line_1_81' title="bbox 140 2327 833 2364; baseline 0.009 -11"><span class='ocrx_word' id='word_1_653' title='bbox 140 2327 184 2354; x_wconf 82' lang='grc' dir='ltr'><strong>σίν</strong></span> <span class='ocrx_word' id='word_1_654' title='bbox 194 2328 267 2354; x_wconf 78' lang='grc' dir='ltr'>ἐστιν</span> <span class='ocrx_word' id='word_1_655' title='bbox 277 2329 382 2362; x_wconf 75' lang='grc' dir='ltr'>ἐφετὸν,</span> <span class='ocrx_word' id='word_1_656' title='bbox 394 2329 441 2357; x_wconf 77' lang='grc' dir='ltr'>καὶ</span> <span class='ocrx_word' id='word_1_657' title='bbox 450 2330 500 2357; x_wconf 78' lang='grc' dir='ltr'>ὅσα</span> <span class='ocrx_word' id='word_1_658' title='bbox 511 2329 578 2357; x_wconf 77' lang='grc' dir='ltr'>ἄλλα.</span> <span class='ocrx_word' id='word_1_659' title='bbox 586 2330 601 2357; x_wconf 76' lang='grc' dir='ltr'><strong><em>ὁ</em></strong></span> <span class='ocrx_word' id='word_1_660' title='bbox 611 2329 688 2364; x_wconf 86' lang='grc' dir='ltr'>λόγος</span> <span class='ocrx_word' id='word_1_661' title='bbox 699 2328 833 2362; x_wconf 80' lang='grc' dir='ltr'>ἀπέδειξε.</span> 
     </span>
    </p>
   </div>
   <div class='ocr_carea' id='block_1_82' title="bbox 970 1637 1750 1674">
    <p class='ocr_par' dir='ltr' id='par_1_82' title="bbox 970 1637 1750 1674">
     <span class='ocr_line' id='line_1_82' title="bbox 970 1637 1750 1674; baseline 0.005 -11"><span class='ocrx_word' id='word_1_662' title='bbox 970 1637 1047 1664; x_wconf 82' lang='lat' dir='ltr'><strong>derat</strong></span> <span class='ocrx_word' id='word_1_663' title='bbox 1067 1642 1095 1664; x_wconf 90' lang='lat' dir='ltr'><strong>et</strong></span> <span class='ocrx_word' id='word_1_664' title='bbox 1117 1643 1213 1672; x_wconf 85' lang='lat' dir='ltr'><strong>peccat</strong></span> <span class='ocrx_word' id='word_1_665' title='bbox 1235 1639 1307 1667; x_wconf 91' lang='lat' dir='ltr'><strong>circa</strong></span> <span class='ocrx_word' id='word_1_666' title='bbox 1327 1639 1509 1672; x_wconf 81' lang='lat' dir='ltr'><strong>desiderium;</strong></span> <span class='ocrx_word' id='word_1_667' title='bbox 1527 1639 1568 1666; x_wconf 89' lang='lat' dir='ltr'><strong>vel</strong></span> <span class='ocrx_word' id='word_1_668' title='bbox 1585 1640 1750 1674; x_wconf 82' lang='lat' dir='ltr'><strong>operationis</strong></span> 
     </span>
    </p>
   </div>
   <div class='ocr_carea' id='block_1_83' title="bbox 971 1682 1750 1720">
    <p class='ocr_par' dir='ltr' id='par_1_83' title="bbox 971 1682 1750 1720">
     <span class='ocr_line' id='line_1_83' title="bbox 971 1682 1750 1720; baseline 0.005 -12"><span class='ocrx_word' id='word_1_669' title='bbox 971 1682 1055 1713; x_wconf 68' lang='lat' dir='ltr'><strong>bonae,</strong></span> <span class='ocrx_word' id='word_1_670' title='bbox 1070 1682 1106 1709; x_wconf 87' lang='lat' dir='ltr'><strong>ita</strong></span> <span class='ocrx_word' id='word_1_671' title='bbox 1120 1687 1150 1710; x_wconf 93' lang='lat' dir='ltr'><strong>ut</strong></span> <span class='ocrx_word' id='word_1_672' title='bbox 1164 1683 1229 1710; x_wconf 87' lang='lat' dir='ltr'><strong>velit</strong></span> <span class='ocrx_word' id='word_1_673' title='bbox 1249 1684 1358 1719; x_wconf 88' lang='lat' dir='ltr'><strong>quidem</strong></span> <span class='ocrx_word' id='word_1_674' title='bbox 1380 1685 1479 1712; x_wconf 89' lang='lat' dir='ltr'><strong>bonum</strong></span> <span class='ocrx_word' id='word_1_675' title='bbox 1498 1691 1588 1720; x_wconf 76' lang='lat' dir='ltr'><strong>agere,</strong></span> <span class='ocrx_word' id='word_1_676' title='bbox 1608 1691 1638 1712; x_wconf 86' lang='lat' dir='ltr'><strong>re</strong></span> <span class='ocrx_word' id='word_1_677' title='bbox 1661 1690 1750 1713; x_wconf 85' lang='lat' dir='ltr'><strong>autem</strong></span> 
     </span>
    </p>
   </div>
   <div class='ocr_carea' id='block_1_84' title="bbox 970 1729 1752 1765">
    <p class='ocr_par' dir='ltr' id='par_1_84' title="bbox 970 1729 1752 1765">
     <span class='ocr_line' id='line_1_84' title="bbox 970 1729 1752 1765; baseline 0.004 -10"><span class='ocrx_word' id='word_1_678' title='bbox 970 1729 1096 1763; x_wconf 86' lang='lat' dir='ltr'><strong>quapiam</strong></span> <span class='ocrx_word' id='word_1_679' title='bbox 1118 1730 1308 1765; x_wconf 72' lang='lat' dir='ltr'><strong>prmpediatur,</strong></span> <span class='ocrx_word' id='word_1_680' title='bbox 1325 1731 1396 1758; x_wconf 90' lang='lat' dir='ltr'><strong>unde</strong></span> <span class='ocrx_word' id='word_1_681' title='bbox 1417 1731 1499 1758; x_wconf 87' lang='lat' dir='ltr'><strong>etiam</strong></span> <span class='ocrx_word' id='word_1_682' title='bbox 1517 1731 1581 1759; x_wconf 91' lang='lat' dir='ltr'><strong>hinc</strong></span> <span class='ocrx_word' id='word_1_683' title='bbox 1599 1731 1687 1759; x_wconf 89' lang='lat' dir='ltr'><strong>oritur</strong></span> <span class='ocrx_word' id='word_1_684' title='bbox 1705 1731 1752 1758; x_wconf 89' lang='lat' dir='ltr'><strong>de-</strong></span> 
     </span>
    </p>
   </div>
   <div class='ocr_carea' id='block_1_85' title="bbox 970 1775 1750 1812">
    <p class='ocr_par' dir='ltr' id='par_1_85' title="bbox 970 1775 1750 1812">
     <span class='ocr_line' id='line_1_85' title="bbox 970 1775 1750 1812; baseline 0.004 -10"><span class='ocrx_word' id='word_1_685' title='bbox 970 1775 1066 1804; x_wconf 78' lang='lat' dir='ltr'><strong>fectus.</strong></span> <span class='ocrx_word' id='word_1_686' title='bbox 1079 1776 1160 1811; x_wconf 83' lang='lat' dir='ltr'><strong>Atqui</strong></span> <span class='ocrx_word' id='word_1_687' title='bbox 1175 1777 1246 1805; x_wconf 89' lang='lat' dir='ltr'><strong>dicet</strong></span> <span class='ocrx_word' id='word_1_688' title='bbox 1260 1777 1368 1812; x_wconf 83' lang='lat' dir='ltr'><strong>aliquis,</strong></span> <span class='ocrx_word' id='word_1_689' title='bbox 1384 1777 1588 1806; x_wconf 85' lang='lat' dir='ltr'><strong>condonandam</strong></span> <span class='ocrx_word' id='word_1_690' title='bbox 1602 1785 1662 1807; x_wconf 86' lang='lat' dir='ltr'><strong>esse</strong></span> <span class='ocrx_word' id='word_1_691' title='bbox 1675 1778 1750 1806; x_wconf 48' lang='lat' dir='ltr'><strong>inlir&#39;</strong></span> 
     </span>
    </p>
   </div>
   <div class='ocr_carea' id='block_1_86' title="bbox 971 1823 1738 1861">
    <p class='ocr_par' dir='ltr' id='par_1_86' title="bbox 971 1823 1738 1861">
     <span class='ocr_line' id='line_1_86' title="bbox 971 1823 1738 1861; baseline 0.007 -13"><span class='ocrx_word' id='word_1_692' title='bbox 971 1823 1103 1855; x_wconf 82' lang='lat' dir='ltr'><strong>Initalem,</strong></span> <span class='ocrx_word' id='word_1_693' title='bbox 1118 1827 1144 1850; x_wconf 91' lang='lat' dir='ltr'><strong>et</strong></span> <span class='ocrx_word' id='word_1_694' title='bbox 1159 1823 1270 1851; x_wconf 90' lang='lat' dir='ltr'><strong>minime</strong></span> <span class='ocrx_word' id='word_1_695' title='bbox 1283 1824 1458 1859; x_wconf 88' lang='lat' dir='ltr'><strong>puniendam.</strong></span> <span class='ocrx_word' id='word_1_696' title='bbox 1473 1825 1513 1852; x_wconf 89' lang='lat' dir='ltr'><strong>En</strong></span> <span class='ocrx_word' id='word_1_697' title='bbox 1527 1825 1554 1852; x_wconf 91' lang='lat' dir='ltr'><strong>in</strong></span> <span class='ocrx_word' id='word_1_698' title='bbox 1569 1831 1693 1861; x_wconf 85' lang='lat' dir='ltr'><strong>promptu</strong></span> <span class='ocrx_word' id='word_1_699' title='bbox 1709 1833 1738 1854; x_wconf 83' lang='lat' dir='ltr'><strong>se</strong></span> 
     </span>
    </p>
   </div>
   <div class='ocr_carea' id='block_1_87' title="bbox 971 1866 1734 1905">
    <p class='ocr_par' dir='ltr' id='par_1_87' title="bbox 971 1866 1734 1905">
     <span class='ocr_line' id='line_1_87' title="bbox 971 1866 1734 1905; baseline 0.005 -11"><span class='ocrx_word' id='word_1_700' title='bbox 971 1866 1046 1894; x_wconf 90' lang='lat' dir='ltr'><strong>lutio.</strong></span> <span class='ocrx_word' id='word_1_701' title='bbox 1059 1867 1197 1903; x_wconf 89' lang='lat' dir='ltr'><strong>Siquidem</strong></span> <span class='ocrx_word' id='word_1_702' title='bbox 1217 1868 1333 1896; x_wconf 72' lang='lat' dir='ltr'><strong>facultas</strong></span> <span class='ocrx_word' id='word_1_703' title='bbox 1351 1877 1403 1896; x_wconf 90' lang='lat' dir='ltr'><strong>non</strong></span> <span class='ocrx_word' id='word_1_704' title='bbox 1426 1875 1591 1905; x_wconf 78' lang='lat' dir='ltr'><strong>suppeteret.</strong></span> <span class='ocrx_word' id='word_1_705' title='bbox 1606 1875 1680 1898; x_wconf 91' lang='lat' dir='ltr'><strong>recte</strong></span> <span class='ocrx_word' id='word_1_706' title='bbox 1697 1872 1734 1898; x_wconf 92' lang='lat' dir='ltr'><strong>uti</strong></span> 
     </span>
    </p>
   </div>
   <div class='ocr_carea' id='block_1_88' title="bbox 970 1915 1752 1950">
    <p class='ocr_par' dir='ltr' id='par_1_88' title="bbox 970 1915 1752 1950">
     <span class='ocr_line' id='line_1_88' title="bbox 970 1915 1752 1950; baseline 0.005 -10"><span class='ocrx_word' id='word_1_707' title='bbox 970 1921 1022 1948; x_wconf 89' lang='lat' dir='ltr'><strong>que</strong></span> <span class='ocrx_word' id='word_1_708' title='bbox 1044 1915 1070 1941; x_wconf 88' lang='lat' dir='ltr'><strong>id</strong></span> <span class='ocrx_word' id='word_1_709' title='bbox 1093 1915 1245 1950; x_wconf 83' lang='lat' dir='ltr'><strong>diceretur;</strong></span> <span class='ocrx_word' id='word_1_710' title='bbox 1270 1924 1331 1943; x_wconf 86' lang='lat' dir='ltr'><strong>cum</strong></span> <span class='ocrx_word' id='word_1_711' title='bbox 1354 1919 1445 1944; x_wconf 87' lang='lat' dir='ltr'><strong>autem</strong></span> <span class='ocrx_word' id='word_1_712' title='bbox 1470 1924 1504 1944; x_wconf 84' lang='lat' dir='ltr'><strong>ex</strong></span> <span class='ocrx_word' id='word_1_713' title='bbox 1529 1916 1599 1944; x_wconf 90' lang='lat' dir='ltr'><strong>bono</strong></span> <span class='ocrx_word' id='word_1_714' title='bbox 1620 1916 1697 1943; x_wconf 89' lang='lat' dir='ltr'><strong>nobis</strong></span> <span class='ocrx_word' id='word_1_715' title='bbox 1717 1917 1752 1944; x_wconf 81' lang='lat' dir='ltr'><strong>sit</strong></span> 
     </span>
    </p>
   </div>
   <div class='ocr_carea' id='block_1_89' title="bbox 971 1962 1753 1998">
    <p class='ocr_par' dir='ltr' id='par_1_89' title="bbox 971 1962 1753 1998">
     <span class='ocr_line' id='line_1_89' title="bbox 971 1962 1753 1998; baseline 0.003 -11"><span class='ocrx_word' id='word_1_716' title='bbox 971 1967 1061 1994; x_wconf 87' lang='lat' dir='ltr'><strong>posse,</strong></span> <span class='ocrx_word' id='word_1_717' title='bbox 1086 1969 1257 1997; x_wconf 85' lang='lat' dir='ltr'><strong>nequaquam</strong></span> <span class='ocrx_word' id='word_1_718' title='bbox 1281 1962 1421 1991; x_wconf 85' lang='lat' dir='ltr'><strong>laudabilis</strong></span> <span class='ocrx_word' id='word_1_719' title='bbox 1444 1967 1486 1991; x_wconf 88' lang='lat' dir='ltr'><strong>est</strong></span> <span class='ocrx_word' id='word_1_720' title='bbox 1508 1963 1598 1998; x_wconf 84' lang='lat' dir='ltr'><strong>lapsus</strong></span> <span class='ocrx_word' id='word_1_721' title='bbox 1617 1964 1690 1991; x_wconf 84' lang='lat' dir='ltr'><strong>circa</strong></span> <span class='ocrx_word' id='word_1_722' title='bbox 1706 1964 1753 1991; x_wconf 89' lang='lat' dir='ltr'><strong>bo-</strong></span> 
     </span>
    </p>
   </div>
   <div class='ocr_carea' id='block_1_90' title="bbox 972 2007 1753 2044">
    <p class='ocr_par' dir='ltr' id='par_1_90' title="bbox 972 2007 1753 2044">
     <span class='ocr_line' id='line_1_90' title="bbox 972 2007 1753 2044; baseline 0.001 -10"><span class='ocrx_word' id='word_1_723' title='bbox 972 2015 1047 2035; x_wconf 88' lang='lat' dir='ltr'><strong>num.</strong></span> <span class='ocrx_word' id='word_1_724' title='bbox 1060 2007 1159 2035; x_wconf 81' lang='lat' dir='ltr'><strong>Verum</strong></span> <span class='ocrx_word' id='word_1_725' title='bbox 1175 2008 1233 2036; x_wconf 73' lang='lat' dir='ltr'><strong>haec</strong></span> <span class='ocrx_word' id='word_1_726' title='bbox 1249 2008 1275 2036; x_wconf 92' lang='lat' dir='ltr'><strong>in</strong></span> <span class='ocrx_word' id='word_1_727' title='bbox 1291 2013 1406 2036; x_wconf 84' lang='lat' dir='ltr'><strong>tractatu</strong></span> <span class='ocrx_word' id='word_1_728' title='bbox 1419 2010 1534 2044; x_wconf 87' lang='lat' dir='ltr'><strong>quodam</strong></span> <span class='ocrx_word' id='word_1_729' title='bbox 1550 2009 1603 2037; x_wconf 89' lang='lat' dir='ltr'><strong>alio</strong></span> <span class='ocrx_word' id='word_1_730' title='bbox 1619 2009 1753 2044; x_wconf 86' lang='lat' dir='ltr'><strong>explicui-</strong></span> 
     </span>
    </p>
   </div>
   <div class='ocr_carea' id='block_1_91' title="bbox 972 2053 1754 2090">
    <p class='ocr_par' dir='ltr' id='par_1_91' title="bbox 972 2053 1754 2090">
     <span class='ocr_line' id='line_1_91' title="bbox 972 2053 1754 2090; baseline 0.004 -10"><span class='ocrx_word' id='word_1_731' title='bbox 972 2061 1042 2086; x_wconf 84' lang='lat' dir='ltr'><strong>mus,</strong></span> <span class='ocrx_word' id='word_1_732' title='bbox 1060 2053 1086 2081; x_wconf 93' lang='lat' dir='ltr'><strong>in</strong></span> <span class='ocrx_word' id='word_1_733' title='bbox 1106 2061 1159 2089; x_wconf 91' lang='lat' dir='ltr'><strong>quo</strong></span> <span class='ocrx_word' id='word_1_734' title='bbox 1176 2058 1291 2082; x_wconf 86' lang='lat' dir='ltr'><strong>tractatu</strong></span> <span class='ocrx_word' id='word_1_735' title='bbox 1310 2056 1490 2089; x_wconf 89' lang='lat' dir='ltr'><strong>quorumdam</strong></span> <span class='ocrx_word' id='word_1_736' title='bbox 1506 2055 1641 2090; x_wconf 86' lang='lat' dir='ltr'><strong>captiosas</strong></span> <span class='ocrx_word' id='word_1_737' title='bbox 1654 2060 1681 2083; x_wconf 93' lang='lat' dir='ltr'><strong>et</strong></span> <span class='ocrx_word' id='word_1_738' title='bbox 1698 2061 1754 2083; x_wconf 83' lang='lat' dir='ltr'><strong>slo-</strong></span> 
     </span>
    </p>
   </div>
   <div class='ocr_carea' id='block_1_92' title="bbox 972 2097 1740 2135">
    <p class='ocr_par' dir='ltr' id='par_1_92' title="bbox 972 2097 1740 2135">
     <span class='ocr_line' id='line_1_92' title="bbox 972 2097 1740 2135; baseline 0.005 -11"><span class='ocrx_word' id='word_1_739' title='bbox 972 2097 1039 2125; x_wconf 83' lang='lat' dir='ltr'><strong>lidas</strong></span> <span class='ocrx_word' id='word_1_740' title='bbox 1052 2099 1171 2126; x_wconf 86' lang='lat' dir='ltr'><strong>rationes</strong></span> <span class='ocrx_word' id='word_1_741' title='bbox 1188 2099 1420 2135; x_wconf 81' lang='lat' dir='ltr'><strong>impugnavimus;</strong></span> <span class='ocrx_word' id='word_1_742' title='bbox 1434 2099 1490 2134; x_wconf 86' lang='lat' dir='ltr'><strong>jam</strong></span> <span class='ocrx_word' id='word_1_743' title='bbox 1507 2108 1571 2128; x_wconf 91' lang='lat' dir='ltr'><strong>vero</strong></span> <span class='ocrx_word' id='word_1_744' title='bbox 1584 2108 1599 2128; x_wconf 89' lang='lat' dir='ltr'><strong>a</strong></span> <span class='ocrx_word' id='word_1_745' title='bbox 1619 2101 1698 2128; x_wconf 86' lang='lat' dir='ltr'><strong>nobis</strong></span> <span class='ocrx_word' id='word_1_746' title='bbox 1710 2108 1740 2128; x_wconf 81' lang='lat' dir='ltr'><strong>sa</strong></span> 
     </span>
    </p>
   </div>
   <div class='ocr_carea' id='block_1_93' title="bbox 973 2144 1753 2179">
    <p class='ocr_par' dir='ltr' id='par_1_93' title="bbox 973 2144 1753 2179">
     <span class='ocr_line' id='line_1_93' title="bbox 973 2144 1753 2179; baseline 0.004 -8"><span class='ocrx_word' id='word_1_747' title='bbox 973 2144 1007 2171; x_wconf 86' lang='lat' dir='ltr'><strong>tis</strong></span> <span class='ocrx_word' id='word_1_748' title='bbox 1027 2144 1163 2172; x_wconf 88' lang='lat' dir='ltr'><strong>laudatum</strong></span> <span class='ocrx_word' id='word_1_749' title='bbox 1192 2150 1233 2173; x_wconf 86' lang='lat' dir='ltr'><strong>est</strong></span> <span class='ocrx_word' id='word_1_750' title='bbox 1258 2146 1369 2179; x_wconf 88' lang='lat' dir='ltr'><strong>bonum,</strong></span> <span class='ocrx_word' id='word_1_751' title='bbox 1396 2150 1425 2173; x_wconf 89' lang='lat' dir='ltr'><strong>ut</strong></span> <span class='ocrx_word' id='word_1_752' title='bbox 1450 2154 1533 2174; x_wconf 90' lang='lat' dir='ltr'><strong>causa</strong></span> <span class='ocrx_word' id='word_1_753' title='bbox 1559 2151 1600 2174; x_wconf 88' lang='lat' dir='ltr'><strong>est</strong></span> <span class='ocrx_word' id='word_1_754' title='bbox 1622 2147 1753 2174; x_wconf 89' lang='lat' dir='ltr'><strong>bonorum</strong></span> 
     </span>
    </p>
   </div>
   <div class='ocr_carea' id='block_1_94' title="bbox 972 2189 1753 2222">
    <p class='ocr_par' dir='ltr' id='par_1_94' title="bbox 972 2189 1753 2222">
     <span class='ocr_line' id='line_1_94' title="bbox 972 2189 1753 2222; baseline 0.003 -6"><span class='ocrx_word' id='word_1_755' title='bbox 972 2189 1105 2222; x_wconf 87' lang='lat' dir='ltr'><strong>omnium,</strong></span> <span class='ocrx_word' id='word_1_756' title='bbox 1125 2195 1152 2217; x_wconf 86' lang='lat' dir='ltr'><strong>et</strong></span> <span class='ocrx_word' id='word_1_757' title='bbox 1169 2190 1268 2217; x_wconf 85' lang='lat' dir='ltr'><strong>nullius</strong></span> <span class='ocrx_word' id='word_1_758' title='bbox 1287 2190 1367 2222; x_wconf 89' lang='lat' dir='ltr'><strong>mali;</strong></span> <span class='ocrx_word' id='word_1_759' title='bbox 1382 2195 1411 2217; x_wconf 92' lang='lat' dir='ltr'><strong>ut</strong></span> <span class='ocrx_word' id='word_1_760' title='bbox 1423 2195 1464 2218; x_wconf 89' lang='lat' dir='ltr'><strong>est</strong></span> <span class='ocrx_word' id='word_1_761' title='bbox 1475 2198 1558 2218; x_wconf 84' lang='lat' dir='ltr'><strong>causa</strong></span> <span class='ocrx_word' id='word_1_762' title='bbox 1577 2191 1671 2218; x_wconf 63' lang='lat' dir='ltr'><strong>formae</strong></span> <span class='ocrx_word' id='word_1_763' title='bbox 1685 2191 1753 2218; x_wconf 81' lang='lat' dir='ltr'><strong>ell&#39;e-</strong></span> 
     </span>
    </p>
   </div>
   <div class='ocr_carea' id='block_1_95' title="bbox 973 2237 1754 2271">
    <p class='ocr_par' dir='ltr' id='par_1_95' title="bbox 973 2237 1754 2271">
     <span class='ocr_line' id='line_1_95' title="bbox 973 2237 1754 2271; baseline 0 -7"><span class='ocrx_word' id='word_1_764' title='bbox 973 2237 1043 2264; x_wconf 78' lang='lat' dir='ltr'><strong>ctrix</strong></span> <span class='ocrx_word' id='word_1_765' title='bbox 1055 2245 1088 2264; x_wconf 89' lang='lat' dir='ltr'><strong>ac</strong></span> <span class='ocrx_word' id='word_1_766' title='bbox 1103 2237 1164 2264; x_wconf 78' lang='lat' dir='ltr'><strong>linis</strong></span> <span class='ocrx_word' id='word_1_767' title='bbox 1178 2244 1280 2269; x_wconf 88' lang='lat' dir='ltr'><strong>rerum,</strong></span> <span class='ocrx_word' id='word_1_768' title='bbox 1297 2237 1359 2264; x_wconf 80' lang='lat' dir='ltr'><strong>ﬁnis</strong></span> <span class='ocrx_word' id='word_1_769' title='bbox 1377 2242 1468 2265; x_wconf 87' lang='lat' dir='ltr'><strong>autem</strong></span> <span class='ocrx_word' id='word_1_770' title='bbox 1480 2245 1535 2265; x_wconf 96' lang='lat' dir='ltr'><strong>non</strong></span> <span class='ocrx_word' id='word_1_771' title='bbox 1551 2237 1693 2271; x_wconf 86' lang='lat' dir='ltr'><strong>naturalis,</strong></span> <span class='ocrx_word' id='word_1_772' title='bbox 1706 2238 1754 2265; x_wconf 73' lang='lat' dir='ltr'><strong>scil</strong></span> 
     </span>
    </p>
   </div>
   <div class='ocr_carea' id='block_1_96' title="bbox 974 2282 1752 2318">
    <p class='ocr_par' dir='ltr' id='par_1_96' title="bbox 974 2282 1752 2318">
     <span class='ocr_line' id='line_1_96' title="bbox 974 2282 1752 2318; baseline -0.001 -8"><span class='ocrx_word' id='word_1_773' title='bbox 974 2282 1093 2310; x_wconf 81' lang='lat' dir='ltr'><strong>elliciens</strong></span> <span class='ocrx_word' id='word_1_774' title='bbox 1109 2283 1252 2318; x_wconf 87' lang='lat' dir='ltr'><strong>(terminus</strong></span> <span class='ocrx_word' id='word_1_775' title='bbox 1266 2283 1338 2310; x_wconf 89' lang='lat' dir='ltr'><strong>enim</strong></span> <span class='ocrx_word' id='word_1_776' title='bbox 1356 2283 1486 2311; x_wconf 84' lang='lat' dir='ltr'><strong>naturalis</strong></span> <span class='ocrx_word' id='word_1_777' title='bbox 1502 2288 1544 2311; x_wconf 92' lang='lat' dir='ltr'><strong>est</strong></span> <span class='ocrx_word' id='word_1_778' title='bbox 1558 2283 1584 2310; x_wconf 91' lang='lat' dir='ltr'><strong>in</strong></span> <span class='ocrx_word' id='word_1_779' title='bbox 1597 2284 1752 2313; x_wconf 80' lang='lat' dir='ltr'><strong>terminato.</strong></span> 
     </span>
    </p>
   </div>
   <div class='ocr_carea' id='block_1_97' title="bbox 974 2328 1753 2364">
    <p class='ocr_par' dir='ltr' id='par_1_97' title="bbox 974 2328 1753 2364">
     <span class='ocr_line' id='line_1_97' title="bbox 974 2328 1753 2364; baseline -0.004 -8"><span class='ocrx_word' id='word_1_780' title='bbox 974 2329 1044 2356; x_wconf 89' lang='lat' dir='ltr'><strong>sicut</strong></span> <span class='ocrx_word' id='word_1_781' title='bbox 1059 2333 1186 2362; x_wconf 89' lang='lat' dir='ltr'><strong>punctum</strong></span> <span class='ocrx_word' id='word_1_782' title='bbox 1199 2329 1226 2356; x_wconf 92' lang='lat' dir='ltr'><strong>in</strong></span> <span class='ocrx_word' id='word_1_783' title='bbox 1244 2328 1344 2363; x_wconf 87' lang='lat' dir='ltr'><strong>linea);</strong></span> <span class='ocrx_word' id='word_1_784' title='bbox 1357 2333 1388 2356; x_wconf 90' lang='lat' dir='ltr'><strong>ut</strong></span> <span class='ocrx_word' id='word_1_785' title='bbox 1399 2329 1445 2364; x_wconf 85' lang='lat' dir='ltr'><strong>qui</strong></span> <span class='ocrx_word' id='word_1_786' title='bbox 1460 2329 1541 2357; x_wconf 88' lang='lat' dir='ltr'><strong>etiam</strong></span> <span class='ocrx_word' id='word_1_787' title='bbox 1557 2330 1669 2364; x_wconf 89' lang='lat' dir='ltr'><strong>ipsamet</strong></span> <span class='ocrx_word' id='word_1_788' title='bbox 1685 2329 1753 2355; x_wconf 77' lang='lat' dir='ltr'><strong>mala</strong></span> 
     </span>
    </p>
   </div>
   <div class='ocr_carea' id='block_1_98' title="bbox 140 2374 1756 2412">
    <p class='ocr_par' dir='ltr' id='par_1_98' title="bbox 140 2374 1756 2412">
     <span class='ocr_line' id='line_1_98' title="bbox 140 2374 1756 2412; baseline -0.001 -11"><span class='ocrx_word' id='word_1_789' title='bbox 140 2374 210 2401; x_wconf 87' lang='lat' dir='ltr'><strong>bona</strong></span> <span class='ocrx_word' id='word_1_790' title='bbox 226 2375 321 2408; x_wconf 83' lang='lat' dir='ltr'><strong>reddit,</strong></span> <span class='ocrx_word' id='word_1_791' title='bbox 332 2380 359 2403; x_wconf 90' lang='lat' dir='ltr'><strong>ct</strong></span> <span class='ocrx_word' id='word_1_792' title='bbox 369 2376 414 2411; x_wconf 90' lang='lat' dir='ltr'><strong>qui</strong></span> <span class='ocrx_word' id='word_1_793' title='bbox 426 2377 550 2404; x_wconf 89' lang='lat' dir='ltr'><strong>omnibus</strong></span> <span class='ocrx_word' id='word_1_794' title='bbox 565 2377 599 2404; x_wconf 91' lang='lat' dir='ltr'><strong>sit</strong></span> <span class='ocrx_word' id='word_1_795' title='bbox 612 2375 777 2411; x_wconf 87' lang='lat' dir='ltr'><strong>expetendus</strong></span> <span class='ocrx_word' id='word_1_796' title='bbox 790 2380 817 2403; x_wconf 90' lang='lat' dir='ltr'><strong>ct</strong></span> <span class='ocrx_word' id='word_1_797' title='bbox 830 2375 961 2404; x_wconf 78' lang='lat' dir='ltr'><strong>amandus</strong></span> <span class='ocrx_word' id='word_1_798' title='bbox 989 2380 1016 2403; x_wconf 84' lang='lat' dir='ltr'><strong>et</strong></span> <span class='ocrx_word' id='word_1_799' title='bbox 1038 2376 1199 2412; x_wconf 78' lang='lat' dir='ltr'><strong>diligendus,</strong></span> <span class='ocrx_word' id='word_1_800' title='bbox 1225 2382 1253 2403; x_wconf 85' lang='lat' dir='ltr'><strong>et</strong></span> <span class='ocrx_word' id='word_1_801' title='bbox 1269 2383 1437 2412; x_wconf 75' lang='lat' dir='ltr'><strong>qumcunquc</strong></span> <span class='ocrx_word' id='word_1_802' title='bbox 1464 2375 1514 2403; x_wconf 89' lang='lat' dir='ltr'><strong>alia</strong></span> <span class='ocrx_word' id='word_1_803' title='bbox 1537 2375 1625 2403; x_wconf 85' lang='lat' dir='ltr'><strong>oratio</strong></span> <span class='ocrx_word' id='word_1_804' title='bbox 1646 2375 1756 2401; x_wconf 81' lang='lat' dir='ltr'><strong>deumn-</strong></span> 
     </span>
    </p>
   </div>
   <div class='ocr_carea' id='block_1_99' title="bbox 140 2422 247 2450">
    <p class='ocr_par' dir='ltr' id='par_1_99' title="bbox 140 2422 247 2450">
     <span class='ocr_line' id='line_1_99' title="bbox 140 2422 247 2450; baseline -0.009 0"><span class='ocrx_word' id='word_1_805' title='bbox 140 2422 247 2450; x_wconf 86' lang='lat' dir='ltr'><strong>stravit.</strong></span> 
     </span>
    </p>
   </div>
   <div class='ocr_carea' id='block_1_100' title="bbox 195 2514 423 2545">
    <p class='ocr_par' dir='ltr' id='par_1_100' title="bbox 195 2514 423 2545">
     <span class='ocr_line' id='line_1_100' title="bbox 195 2514 423 2545; baseline 0 -2"><span class='ocrx_word' id='word_1_806' title='bbox 195 2519 215 2531; x_wconf 86' lang='grc'><strong><em>“</em></strong></span> <span class='ocrx_word' id='word_1_807' title='bbox 227 2514 295 2545; x_wconf 90' lang='lat' dir='ltr'><strong>Luc.</strong></span> <span class='ocrx_word' id='word_1_808' title='bbox 312 2524 362 2545; x_wconf 85' lang='lat' dir='ltr'><strong>xu.</strong></span> <span class='ocrx_word' id='word_1_809' title='bbox 378 2516 423 2544; x_wconf 66' lang='grc'><strong>47.</strong></span> 
     </span>
    </p>
   </div>
  </div>
