1938 3065
201 156 253 187 M5

408 315 490 352 427
517 307 709 353 CAPUT
742 308 800 352 V.

305 379 342 406 De
355 385 423 413 cute,
438 380 467 407 in
478 388 528 414 quo
542 380 622 407 etiam
635 380 667 407 de
679 379 883 414 exemplaribus.

790 158 818 186 Ξ.
836 157 982 186 DIONYSII
999 157 1229 186 ABEOPAGITAE

1775 159 1829 186 διο

1238 307 1562 352 ΚΕΦΑΛΑΙΟΝ
1582 308 1637 350 E'.

1092 378 1162 412 Περὶ
1175 378 1272 411 ὄντος,
1287 378 1322 404 ἐν
1334 377 1358 410 ᾧ
1371 377 1421 405 καὶ
1439 377 1507 413 περὶ
1520 377 1772 414 παραδειγμάτων.

850 455 1016 485 SYNOPSIS
1034 455 1183 485 CAPITIS.

197 530 218 557 I.
234 530 314 557 Docet
325 529 422 561 Deum,
436 534 514 564 prout
534 530 562 556 in
588 537 616 556 se
626 533 677 560 est,
691 536 774 564 neque
787 529 909 562 cognosci
929 536 1010 563 neque
1028 528 1159 564 explicari
1170 536 1265 563 posse;
1281 533 1305 555 et
1322 529 1446 562 ostendit,
1458 528 1589 563 quomodo
1604 537 1696 556 nomen
1708 529 1770 556 boni
1783 529 1825 556 Io-

233 566 284 592 titts
297 569 386 599 pateat
402 563 481 600 quam
493 573 585 591 nomen
600 565 678 600 entia.
697 563 729 590 Il.
744 564 786 589 Ait
802 563 852 590 sibi
865 565 1028 597 propositum
1040 571 1111 600 esse,
1126 563 1211 590 Deum
1230 564 1379 600 secundum,
1390 565 1568 600 providentiae
1582 572 1628 590 seu
1644 566 1825 592 emanationes

231 600 388 633 prwdicarc.
410 600 452 626 Ill.
473 600 529 631 Ea,
546 607 604 634 qum
623 599 707 625 Deum
728 600 812 633 magis
831 600 1007 633 participant,
1022 599 1045 624 ei
1062 607 1118 625 esse
1134 599 1333 633 propinquiora.
1349 599 1391 627 IV.
1410 599 1490 626 Deum
1502 608 1556 626 esse
1566 599 1654 626 omnia
1668 599 1695 627 in
1705 601 1825 627 omnibus

231 636 384 662 eminenter.
400 634 431 661 V.
446 634 487 661 Ex
499 635 554 661 Deo
566 642 622 661 esse
634 642 717 660 a'vum
729 639 754 660 et
767 640 880 668 tempus,
892 639 916 660 et
930 634 1017 660 omnia
1030 641 1039 660 .'
1055 638 1078 661 et
1091 635 1202 668 gradum
1216 634 1284 669 entia
1296 642 1350 660 esse
1362 635 1477 668 primum
1489 643 1534 661 seu
1546 635 1760 669 antiquissimum
1775 635 1824 662 Dei

232 672 339 697 donum.
355 669 397 696 VI.
412 669 532 696 Gradum
545 670 612 696 entia
624 674 648 695 et
665 677 706 705 res
721 677 816 705 omnes
828 677 882 705 esse
894 677 914 705 Aa
927 669 982 696 Deo
996 674 1020 695 et
1035 670 1062 695 in
1078 669 1130 705 Deo
1148 670 1229 696 unite.
1252 668 1309 696 VII.
1330 669 1363 695 In
1378 669 1445 702 Deo,
1464 673 1589 705 tanquam
1604 677 1683 696 causa
1697 672 1823 702 omnium,

231 705 322 732 omnia
341 705 420 731 etiam
435 705 570 731 contraria
583 712 637 731 esse
652 704 740 730 unita.
761 703 828 730 VIII.
848 704 870 729 Α
886 703 939 730 Deo
955 705 1066 738 spiritus
1080 703 1194 731 caelestes
1209 708 1234 730 et
1254 705 1360 731 animus
1375 709 1398 730 et
1414 712 1454 731 res
1466 703 1556 732 omnes
1568 705 1680 739 gradum
1693 713 1769 732 suum
1783 714 1825 732 ιβ

232 740 307 767 sendi
320 740 447 772 obtinere,
460 745 484 766 et
495 739 623 774 quidquid
636 738 748 775 habent;
760 745 783 775 et
802 739 924 775 Deuntin
941 741 1060 766 omnibus
1074 747 1129 766 esse
1142 745 1270 773 exempte.
1285 744 1308 766 et
1322 740 1461 773 conﬁrmat
1475 738 1592 775 exemplo
1604 740 1669 766 solis
1681 747 1690 766 :
1705 746 1730 767 et
1744 741 1825 767 simul

232 775 345 808 explicat
356 775 419 809 quid
433 776 486 802 sint
499 772 670 808 exemplaria.
686 772 732 800 ΙΧ.
753 773 846 810 Docet,
858 774 916 810 illa,
932 782 990 807 qtta'
1001 775 1028 801 in
1040 775 1116 810 rebus
1134 775 1324 809 principalium
1336 772 1408 808 sunt,
1423 783 1475 801 non
1485 772 1659 810 esse'proprie
1670 776 1823 807 relationes,

233 818 280 837 nec
291 810 463 844 exemplaria,
477 811 522 836 sed
534 810 694 844 exemptam,
712 814 735 835 et
755 809 838 836 Deum
857 809 970 843 simplici
990 818 1039 837 sua
1050 809 1211 844 perfectione
1230 813 1325 837 cuncta
1342 809 1489 844 complecti.
1506 809 1540 837 Χ.
1555 811 1693 844 Quomodo
1706 810 1777 838 Deus
1789 813 1825 837 sit

235 854 323 872 rerum
336 846 452 872 omnium
464 845 626 879 principium
640 849 664 871 et
679 844 752 878 ﬁnis.

982 926 1034 963 §I.

232 997 308 1025 Modo
333 995 529 1023 transeundum
551 998 594 1022 est
615 994 649 1021 ad
668 994 851 1030 theologicam
878 1003 977 1024 nomen

1066 996 1195 1023 Μετιτέον
1208 997 1236 1023 δὲ
1249 996 1296 1024 νῦν
1309 997 1355 1023 ἐπὶ
1369 996 1418 1032 τὴν
1436 996 1520 1028 ὅντως
1532 994 1614 1023 οὖσαν
1625 995 1673 1023 τοῦ
1686 996 1770 1029 ὅντως
1783 997 1826 1024 ὕνι-

193 1044 264 1071 etttis
285 1049 348 1071 vere
370 1041 536 1069 exsistcntis.
560 1040 677 1068 Tantum
696 1046 786 1068 autem
816 1047 983 1070 commenta-

195 1091 302 1122 ltimur,
337 1093 468 1123 quantum
503 1087 636 1122 propositi
668 1087 737 1115 ratio
765 1088 897 1122 postulat;
929 1097 981 1115 non

194 1136 267 1164 enim
282 1134 450 1170 propositum
465 1138 524 1166 est,
541 1133 723 1160 substantiam
736 1154 743 1166 ,
759 1141 819 1168 quin
838 1139 982 1167 estsupra-

194 1189 277 1216 quam
310 1179 480 1212 substantia,
508 1178 645 1213 explicare
674 1183 806 1214 quatenus
833 1184 980 1218 estsupra-

193 1234 275 1262 quam
317 1225 470 1253 substantia
500 1225 574 1259 (hoc
605 1225 678 1252 enim
715 1225 852 1254 lnetl‘abile
883 1232 925 1254 est
955 1231 982 1254 et

193 1276 327 1310 ignotum,
343 1280 375 1300 ac
390 1271 498 1308 penitus
513 1272 636 1306 expromi
654 1279 707 1299 non
724 1277 829 1307 potest,
850 1277 879 1300 et
896 1273 980 1308 ipsam

193 1320 391 1355 copulationem
412 1318 512 1346 mentis
530 1318 651 1353 superat)
665 1317 712 1345 sed
735 1319 835 1353 potius,
850 1319 980 1347 substan-

194 1367 237 1393 tia:
255 1365 370 1398 deiiicae,
394 1368 421 1392 et
443 1371 504 1400 quae
523 1364 613 1391 onmis
633 1363 798 1391 substantia:
818 1365 980 1400 principium

192 1418 245 1446 est,
259 1413 292 1440 ad
307 1413 435 1439 universa
454 1417 514 1445 qua:
530 1414 593 1437 sunt
610 1410 812 1437 emanationem
829 1410 980 1438 substanti-

193 1459 272 1486 Iicam
287 1457 436 1485 celebrare.
456 1457 597 1491 Siquidem
619 1464 716 1484 nomen
733 1456 796 1484 boui
812 1457 845 1485 de
859 1457 913 1484 Deo
933 1458 981 1485 de-

193 1506 281 1533 clarat
305 1512 400 1533 otnnes
433 1503 623 1532 emanationes
648 1504 768 1532 auctoris
790 1505 930 1536 omnium,
953 1509 980 1532 et

192 1552 340 1587 porrigitur
352 1551 409 1578 hinc
423 1550 573 1578 nominatio
587 1549 636 1577 Dei
647 1558 662 1579 a
675 1550 747 1578 bono
760 1555 816 1577 tum
829 1551 862 1578 ad
876 1558 906 1578 ea
920 1557 980 1586 quae

193 1603 270 1632 sunt,
287 1603 342 1625 tum
357 1598 391 1624 ad
405 1605 437 1625 ea
449 1605 511 1632 qua:
524 1605 576 1625 non
588 1603 661 1631 sunt,
674 1602 769 1632 estque
779 1605 860 1632 supra
874 1605 905 1624 ea
919 1604 980 1632 quas

192 1649 265 1678 sunt,
280 1649 306 1673 et
320 1652 401 1680 supra
414 1652 445 1671 ea
462 1652 521 1679 quae
535 1653 587 1671 non
600 1649 673 1672 sunt.
687 1644 789 1671 Nomen
802 1649 893 1671 autem
907 1643 978 1672 entis

193 1693 226 1719 ad
247 1692 337 1720 omnia
359 1700 419 1727 quae
433 1697 496 1720 sunt
510 1692 677 1724 extenditur,
692 1700 724 1719 ac
743 1700 827 1727 supra
845 1691 979 1719 essentias

1033 1052 1078 1075 τος
1100 1043 1255 1079 θεολογικὴν
1269 1043 1461 1079 οὑσιωνυμίαν.
1476 1043 1608 1070 Τοσοῦτον
1629 1043 1658 1070 δὲ
1671 1043 1826 1079 ὑπομνήσο-

1035 1098 1083 1125 μΞν
1091 1090 1124 1122 ⁵⁸,
1137 1090 1177 1116 ὅτι
1195 1089 1233 1125 τῷ
1245 1089 1316 1125 λόγῳ
1330 1090 1429 1126 σκοπὸς
1441 1090 1471 1116 οὐ
1485 1089 1533 1125 τὴν
1545 1089 1705 1125 ὑπερούσιον
1717 1090 1823 1123 οὐσίαν,

1032 1133 1049 1172 ᾗ
1071 1135 1248 1171 ὑπερούσιος,
1273 1135 1421 1170 ἐκφαίνειν,
1443 1134 1578 1171 (ἄρῤητον
1602 1135 1655 1171 γὰρ
1675 1135 1754 1162 τοῦτο
1777 1137 1824 1162 καὶ

1032 1182 1169 1216 ἄγνωστον
1186 1183 1254 1215 ἐστι,
1269 1184 1316 1210 καὶ
1332 1182 1471 1214 παντελῶς
1484 1183 1659 1218 ἁνέκφαντον,
1678 1184 1724 1210 καὶ
1738 1183 1824 1219 αὐτὴν

1032 1228 1178 1264 ὑπεραῖρον
1197 1229 1247 1264 τὴν
1265 1229 1361 1255 ἕνωσιν
1370 1229 1390 1265 ·)
1404 1229 1472 1256 ἀλλὰ
1490 1228 1539 1264 τὴν
1558 1229 1708 1256 οὐσιοποιὺν
1728 1231 1768 1261 εἰς
1789 1229 1825 1257 τὰ

1031 1274 1094 1301 ὄντα
1115 1275 1204 1302 πάντα
1215 1276 1264 1310 τῆς
1276 1275 1423 1311 θεαρχικῆς
1435 1275 1592 1312 οὑσιαρχίας
1606 1275 1717 1311 πρόοδον
1736 1276 1824 1312 ὑμνῆ-

1032 1329 1086 1347 σαι.
1101 1321 1155 1347 Kal
1167 1320 1222 1357 γὰρ
1235 1322 1252 1358 ὴ
1263 1321 1382 1356 τάγαθοῦ
1397 1321 1535 1358 θεωνυμία
1553 1322 1603 1354 τὰς
1616 1322 1679 1354 ὅλας
1692 1322 1739 1348 τοῦ
1754 1322 1823 1349 πάν-

1030 1373 1085 1392 των
1096 1366 1184 1393 αἰτίου
1197 1367 1327 1403 προόδους
1340 1368 1516 1403 ἐκφαίνουσα,
1529 1367 1578 1395 καὶ
1591 1369 1631 1400 είς
1642 1368 1677 1394 τὰ
1688 1368 1762 1399 ὄντα,
1776 1368 1824 1395 καὶ

1030 1412 1070 1444 είς
1088 1412 1123 1438 τὰ
1136 1412 1187 1439 οὐκ
1210 1413 1274 1439 ὅντα
1293 1413 1458 1445 ἐκτείνεται,
1480 1414 1527 1440 καὶ
1549 1413 1619 1449 ὑπὲρ
1637 1413 1673 1440 τὰ
1690 1413 1754 1440 ὅντα
1775 1413 1824 1440 καὶ

1031 1457 1101 1493 ὑπὲρ
1113 1457 1147 1484 τὰ
1159 1459 1209 1484 οὐκ
1222 1458 1286 1485 ὂντα
1299 1459 1381 1486 ἐστίν.
1391 1459 1423 1486 Ἦ
1434 1459 1464 1486 δὲ
1475 1459 1522 1486 τοῦ
1535 1459 1620 1492 ὄντος,
1633 1460 1673 1492 είς
1687 1460 1775 1486 πάντα
1786 1459 1824 1487 τὰ

1029 1502 1093 1529 ὄντα
1105 1503 1266 1536 ἐκτείνεται,
1281 1504 1328 1530 κα)⁵
1342 1504 1412 1540 ὑπὲρ
1433 1504 1469 1531 τὰ
1489 1504 1552 1531 ὅντα
1569 1504 1654 1531 ἐστίν.
1673 1504 1706 1531 Ἡ
1725 1504 1753 1531 δὲ
1769 1504 1822 1539 τῆς

1029 1548 1103 1586 ζωῆς
1120 1551 1160 1582 εἰς
1182 1551 1270 1578 πάντα
1288 1551 1323 1578 τὰ
1342 1551 1429 1584 ζῶντα
1449 1551 1608 1583 ἐκτείνεται,
1626 1552 1673 1579 καὶ
1694 1552 1765 1588 ὑπὲρ
1786 1552 1822 1578 τὰ

1030 1595 1120 1628 ζῶντά
1138 1597 1220 1624 ἐστιν.
1241 1598 1273 1624 Ἦ
1293 1598 1321 1624 δὲ
1334 1598 1384 1633 τῆς
1403 1599 1507 1633 σοφίας,
1529 1599 1568 1634 εἰς
1593 1598 1727 1625 πάντατὰ
1739 1597 1822 1632 νοερὰ

1029 1643 1076 1670 καὶ
1087 1643 1193 1678 λογικὰ,
1206 1645 1253 1671 καὶ
1267 1644 1413 1680 αίσθητικὰ
1424 1645 1582 1677 ἐκτείνεται,
1592 1645 1638 1671 καὶ
1651 1644 1721 1680 ὑπὲρ
1733 1644 1822 1671 πάντα

1031 1690 1118 1718 ταῦτα
1130 1692 1198 1718 ἐστι.

192 1741 266 1774 ipsas
284 1738 393 1766 eminet.
416 1737 520 1766 Nomen
535 1746 602 1767 vero
617 1740 679 1765 vitae
693 1739 726 1765 ad
749 1739 840 1766 omnia
867 1737 988 1764 viventia
1013 1738 1142 1770 tenditur,
1163 1742 1192 1765 et
1214 1745 1296 1773 supra
1320 1738 1438 1765 viventia
1462 1743 1516 1766 est.
1550 1737 1705 1766 Nominatio
1725 1737 1773 1765 Dei
1805 1745 1820 1764 a

192 1785 344 1819 sapientia,
367 1785 516 1820 porrigitur
545 1785 578 1812 ad
602 1785 693 1812 omnia
717 1792 778 1819 qua:
811 1784 982 1820 intelligunt,
1010 1791 1070 1819 qua:
1103 1785 1313 1819 ratiocinantur,
1336 1793 1395 1820 quae
1421 1785 1556 1818 sentiunt,
1573 1789 1601 1813 et
1623 1792 1705 1820 supra
1727 1783 1821 1812 omnia

189 1831 241 1859 ista
257 1837 310 1861 est.

971 1894 985 1930 ἕ
1004 1897 1045 1928 ll.

225 1985 281 2013 Has
304 1985 387 2021 igitur
410 1984 458 2013 Dei
483 1984 694 2018 nominationes,
717 1991 777 2020 qua:
794 1985 977 2020 providentias

1062 1984 1168 2016 Ταύτας
1181 1981 1227 2010 οὗν
1242 1985 1256 2011 ὁ
1275 1984 1352 2018 λόγος
1375 1984 1494 2020 ὑμνῆσαι
1517 1984 1593 2011 ποθεῖ
1612 1985 1661 2017 τὰς
1680 1986 1729 2021 τῆς
1752 1994 1822 2022 προ-

190 2032 238 2059 llei
256 2031 396 2066 aperiunt,
415 2031 585 2066 propositum
597 2036 639 2058 est
655 2032 822 2066 prmdieare;
836 2039 889 2058 non
903 2032 975 2059 enim

192 2079 318 2106 tractatio
339 2083 433 2106 nostra
457 2079 592 2112 promittit
614 2079 732 2106 enodare
755 2083 782 2105 et
805 2078 911 2113 aperire
928 2085 976 2105 su—

189 2124 412 2159 praesscntialem
438 2124 580 2158 ipsiusmet
610 2123 848 2158 superessentialis
874 2123 975 2151 divini-

190 2171 255 2198 tatis
269 2171 420 2198 bonitatem
439 2174 467 2197 et
481 2170 637 2204 essentiam,
660 2175 687 2197 et
711 2171 794 2197 vitam
816 2175 845 2197 et
868 2169 976 2204 sapien-

189 2217 266 2250 tiam,
281 2224 340 2251 qua:
355 2222 436 2251 supra
450 2223 558 2242 omnetn
576 2215 738 2249 bonitatem,
751 2221 778 2244 et
792 2216 974 2248 divinitatem,

187 2267 215 2290 ιιι
231 2264 387 2297 essentiam,
410 2269 438 2291 et
461 2263 636 2297 sapientiam,
656 2267 683 2290 et
705 2264 789 2290 vitam
806 2265 831 2290 in
857 2264 974 2291 abscon-

187 2309 264 2342 ditis,
276 2315 307 2337 ut
317 2309 431 2344 Eloquia
451 2310 572 2341 tradunt,
585 2308 677 2336 sedem
693 2310 785 2344 posait
797 2309 897 2345 ψη
909 2311 973 2345 quin

187 2355 278 2390 potius
291 2356 490 2391 providentiam
511 2354 688 2390 patefactam,
710 2355 842 2383 bonorum
856 2356 974 2383 etl‘ectri-

187 2409 258 2435 cem,
273 2402 424 2430 bonitatem
439 2401 709 2433 excellentissimam,
724 2405 752 2427 et
767 2401 901 2428 bonorum
915 2409 974 2428 om-

187 2449 262 2476 nium
279 2455 388 2475 causam
415 2447 544 2475 laudibus
560 2447 697 2480 celebrat;
719 2453 750 2475 ut
773 2455 833 2480 ens,
847 2452 875 2476 et
888 2448 973 2475 vitam

187 2499 215 2521 et
237 2494 420 2529 sapientiam,
444 2492 606 2520 substantiae
627 2497 654 2520 et
678 2494 741 2520 vita:
759 2492 923 2520 ellectricem
946 2498 974 2520 et

186 2547 313 2574 causam,
335 2547 394 2574 quae
415 2539 575 2574 sapientiam
600 2539 695 2566 tribuit
715 2540 748 2566 iis
766 2546 827 2574 qua:
847 2539 972 2565 substan-

187 2588 251 2614 tiam
272 2590 299 2613 et
313 2586 408 2619 vitam,
431 2590 458 2612 et
474 2590 591 2612 mentem
608 2589 633 2611 et
659 2585 804 2617 rationem,
826 2591 852 2612 et
875 2592 972 2613 sensus

187 2632 362 2666 participant.
380 2631 439 2657 Non
455 2630 522 2657 dicit
535 2630 605 2665 (haec
625 2635 717 2658 ttostra
741 2632 879 2663 tractatio)
896 2631 970 2658 aliud

1028 2029 1101 2061 νοίας
1113 2028 1310 2064 ὲκφαντορικὰς
1325 2029 1476 2066 θεωνυμίας
1485 2038 1492 2044 '
1508 2030 1538 2056 οὗ
1551 2029 1605 2065 γὰρ
1618 2030 1754 2064 ἐκφράσαι
1768 2031 1821 2066 τὴν

1027 2075 1252 2110 αὺτοῦπερούσιον
1264 2075 1286 2090 ⁸¹
1306 2073 1473 2110 ἀγαθότητα,
1489 2074 1535 2101 καὶ
1548 2074 1652 2106 οὐσίαν,
1668 2075 1715 2101 καὶ
1732 2070 1819 2110 ζωὴν,

1027 2121 1074 2148 καὶ
1087 2121 1182 2155 σοφίαν
1195 2121 1244 2156 τῆς
1263 2120 1490 2156 αὑτοῦπερουσίαυ
1510 2120 1635 2156 θεότητος
1651 2120 1822 2156 ἐπαγγέλλε-

1024 2176 1081 2199 ται,
1094 2167 1144 2202 τῆς
1156 2167 1179 2183 ⁵⁸
1194 2167 1263 2203 ὑπὲρ
1277 2167 1366 2194 πᾶσαν
1379 2167 1544 2202 ἀγαθάτητα,
1560 2168 1607 2194 καὶ
1628 2167 1754 2204 θεότητα,
1769 2169 1821 2195 καὶ

1025 2213 1130 2246 οὐσίαν,
1143 2213 1188 2240 καὶ
1203 2213 1309 2248 σοφίαν,
1321 2213 1367 2240 καὶ
1387 2213 1468 2248 ζωὴν,
1481 2213 1510 2239 ἐν
1527 2212 1704 2249 ἀποκρύφοις,
1722 2213 1760 2246 ὡς
1783 2214 1822 2240 τὰ

1025 2258 1102 2294 λόγιά
1125 2267 1217 2295 φησιν,
1238 2258 1457 2295 ὑπεριδρυμένης
1468 2258 1507 2274 ⁵³·
1531 2258 1600 2285 ἀλλὰ
1620 2259 1670 2295 τὴν
1692 2260 1820 2295 ἐκπεφα-

1026 2305 1127 2341 σμένην
1140 2305 1302 2340 ἀγαθοποιὸν
1321 2303 1447 2340 πρόνοιαν
1461 2304 1629 2340 ὐπεροχικῶς
1647 2305 1818 2342 autem”,

1025 2351 1071 2377 καὶ
1084 2351 1191 2378 πάντων
1205 2350 1315 2386 ἀγαθῶν
1327 2350 1415 2377 αἰτίαν
1430 2350 1518 2386 ὑμνεῖ,
1533 2351 1580 2377 καὶ
1600 2350 1641 2383 ὃν,
1662 2352 1710 2378 καὶ
1730 2351 1818 2388 ζωὴν,

1024 2399 1071 2426 καὶ
1087 2399 1193 2434 σοφίαν,
1206 2398 1255 2435 τὴν
1269 2398 1430 2430 οὺσιοποιὸν,
1444 2399 1491 2425 καὶ
1510 2398 1653 2432 ζωοποιὸν,
1667 2399 1714 2426 καὶ
1735 2408 1819 2434 σοφο-

1023 2446 1093 2473 δότιν
1106 2446 1205 2479 αἰτίαν,
1217 2446 1272 2473 τῶν
1292 2446 1395 2478 οὐσίας,
1415 2446 1461 2472 καὶ
1474 2445 1556 2481 ζωῆς,
1571 2447 1619 2472 καὶ
1631 2445 1688 2479 νοῦ,
1703 2446 1750 2472 καὶ
1772 2446 1819 2473 λό-

1023 2501 1082 2528 γου,
1095 2493 1143 2519 καὶ
1156 2493 1308 2528 αἰσθήσεως
1322 2492 1532 2529 μετειληφάτων.
1547 2493 1604 2519 Οὐκ
1618 2492 1681 2520 ἄλλο
1700 2492 1728 2520 δὲ
1742 2490 1816 2520 εἶναι

1022 2539 1138 2573 τάγαθόν
1153 2547 1229 2574 φησι,
1250 2540 1296 2566 καὶ
1309 2539 1372 2566 ἄλλο
1391 2538 1421 2564 τὸ
1434 2538 1474 2571 ὃν,
1496 2539 1543 2565 καὶ
1561 2538 1625 2565 ἄλλο
1637 2539 1688 2575 τὴν
1708 2539 1782 2574 ζωὴν
1796 2539 1814 2574 ἢ

1022 2585 1071 2621 τὴν
1081 2585 1187 2620 σοφίαν,
1201 2585 1261 2611 οὐδὲ
1273 2585 1358 2612 πολλὰ
1370 2585 1405 2612 τὰ
1413 2585 1486 2612 αἴτια
1498 2585 1545 2611 καὶ
1552 2585 1637 2612 ἄλλων
1650 2584 1733 2616 ἄλλας
1742 2593 1816 2620 mp:

1022 2631 1136 2663 ακτικὰς
1153 2631 1291 2666 θεότητας,
1305 2630 1490 2667 ὑπερεχούσας
1513 2631 1559 2657 καὶ
1578 2630 1735 2665 ὑφειμένας,
1751 2630 1814 2656 ἀλλ’

184 2685 246 2705 esse
261 2677 371 2710 bonum,
391 2681 419 2704 et
434 2676 507 2703 aliud
524 2682 584 2709 ens,
605 2675 733 2711 aliudque
747 2676 841 2709 vitam,
858 2676 901 2704 vel
924 2684 969 2704 sa-

1027 2678 1078 2709 ivbg
1099 2677 1166 2704 Θεοῦ
1185 2676 1235 2709 τὰς
1250 2676 1313 2709 ὅλας
1331 2676 1436 2711 ἀγαθὰς
1452 2676 1591 2712 προόδους,
1610 2677 1656 2704 καὶ
1673 2676 1723 2709 τὰς
1744 2678 1814 2713 παρ’

828 2744 946 2772 VARUE
963 2744 1110 2773 LECTION
1114 2744 1165 2774 ES.

209 2825 233 2841 ⁵⁵
254 2825 465 2860 ὑπομνήσωμεν,
491 2824 521 2851 S.
550 2828 578 2851 et
592 2823 668 2851 Vien.

184 2860 215 2888 ὃ.
232 2859 262 2888 Β.
276 2860 320 2888 Se.
338 2859 398 2888 Sor.

711 2823 733 2839 "
748 2823 829 2850 αὐτοῦ
843 2822 1016 2860 ὑπερούσιον,
1030 2823 1066 2851 M.
1083 2823 1129 2852 Sc.
1145 2829 1173 2852 et
1184 2822 1262 2852 Vien.
1301 2824 1325 2840 "
1340 2824 1402 2860 τήν,
1414 2824 1446 2851 D.
1486 2824 1508 2840 "
1521 2823 1754 2860 ὑπεριδρυμένων,
1773 2822 1808 2851 D.
