1938 3065
220 199 273 229 819

220 391 302 419 nibus
313 396 341 419 et
354 390 431 423 aevis,
444 391 531 425 ipsum
545 397 605 417 esse
619 391 653 417 ab
665 397 698 418 eo
710 390 756 424 qui
772 388 932 424 praiexstitit
944 388 1005 416 exi-

219 443 302 466 Stere.
323 438 414 472 Atque
435 443 516 464 omne
539 437 649 471 quidem
669 444 756 463 aevum
780 443 812 463 ac
839 440 945 469 tempus
969 442 1003 462 ex

218 484 290 519 ipso,
303 482 392 510 omnis
404 490 469 511 vero
484 483 534 510 σξνί
548 490 580 510 ac
592 483 734 518 temporis,
746 483 839 517 reique
857 482 1005 517 cujuslibet

219 527 383 564 principium
405 534 438 554 ac
453 534 537 554 causa
553 527 575 553 is
591 531 633 554 est
647 527 693 561 qui
711 526 876 560 praeexistit;
895 530 923 554 et
937 534 1006 554 cun-

219 578 263 600 cta
279 573 367 607 ipsum
388 572 561 608 participant,
581 576 609 598 et
626 579 639 598 a
663 571 738 598 nullo
756 571 859 598 cnlium
884 571 1004 603 recedit;

218 625 247 648 et
270 620 328 655 ipse
343 623 386 647 est
400 624 463 646 ante
484 619 586 650 omnia,
603 621 630 645 et
644 618 772 645 universa
797 617 824 644 in
842 617 900 652 ipso
914 617 1005 644 cousi—

219 672 305 699 stunt,
318 671 346 694 et
367 665 540 700 simpliciter.
555 665 577 692 si
592 665 656 700 quid
675 664 879 699 quomodolibet
900 664 1005 697 existit,

219 711 247 739 in
264 712 322 747 ipso
337 715 457 747 pratente
473 715 529 738 tum
544 714 598 743 est,
613 715 670 737 tum
687 709 861 745 intelligitur,
877 715 934 737 tum
950 710 1006 737 sal-

218 763 316 792 vatur;
335 763 362 785 ct
383 762 446 784 ante
468 757 537 785 alias
557 757 616 791 ejus
638 756 863 792 participationes
885 764 1006 792 praasup-

219 805 329 838 ponitur
344 804 431 839 ipsum
451 811 523 836 esse,
535 807 563 830 et
577 808 620 831 est
635 804 724 838 ipsum
745 812 793 839 per
806 811 835 832 se
852 811 915 832 esse
935 804 1006 832 anti-

219 851 312 886 quius,
323 858 405 885 quam
420 857 481 877 esse
496 857 545 885 per
565 856 595 877 se
610 850 693 877 vitam
703 870 711 883 ,
731 854 758 877 et
773 857 822 884 per
843 857 873 878 se
893 850 1005 885 sapien-

221 898 298 931 tiam,
311 902 338 924 et
357 904 407 932 per
418 904 448 924 se
464 896 668 925 similitudinem
686 896 817 929 divinam,
833 901 860 924 et
878 904 1007 932 quaecun-

219 951 274 978 que
294 944 347 971 alia
368 944 567 979 participantur
585 944 619 971 ab
643 943 676 971 iis
692 951 753 979 qua:
772 949 848 977 sunt,
869 949 932 972 ante
950 952 1006 971 om-

220 997 282 1017 nem
307 990 348 1017 sui
382 990 619 1025 participationem
650 990 818 1026 participant
847 998 925 1024 esse;
951 991 1007 1019 imo

218 1043 285 1063 vero
298 1035 380 1062 etiam
404 1035 461 1070 ipsa
484 1036 632 1063 secundum
655 1043 716 1070 quze
740 1041 806 1063 sunt
821 1036 925 1068 omnia,
947 1042 1007 1070 quae

219 1081 254 1109 ab
269 1081 303 1108 iis
316 1087 376 1116 qua:
397 1085 462 1108 sunt
483 1081 692 1116 participantur,
716 1082 804 1116 ipsum
826 1089 874 1117 per
894 1089 924 1109 se
945 1089 1007 1109 esse

220 1127 400 1162 participant;
417 1131 443 1155 et
470 1127 538 1155 nihil
561 1132 618 1160 est,
639 1127 717 1160 cuius
733 1128 820 1163 ipsum
837 1135 887 1162 per
901 1135 931 1156 se
946 1135 1007 1156 eese

219 1182 273 1202 non
286 1174 323 1202 sit
335 1175 452 1202 essentia
466 1178 494 1201 et
516 1181 615 1202 awum.
632 1174 704 1202 Deus
726 1174 811 1209 igitur
828 1182 889 1202 cum
910 1175 955 1207 sit,
978 1181 1007 1202 ut

219 1226 432 1249 consentaneum
448 1226 501 1255 est,
523 1221 649 1249 omnibus
667 1221 729 1249 aliis
753 1222 839 1258 magis
861 1222 1008 1257 principia-

219 1267 265 1299 Iis,
286 1267 321 1294 ab
342 1267 498 1302 antiquiore
520 1267 592 1295 dono
607 1275 657 1296 suo
681 1268 808 1296 laudatur
831 1272 860 1295 ut
882 1275 947 1302 ens;
970 1269 1009 1295 si-

220 1313 328 1348 quidem
344 1313 420 1348 prius
440 1320 501 1341 esse
518 1318 546 1341 et
561 1314 742 1342 excellentius
763 1322 824 1342 esse
845 1322 906 1342 cum
928 1315 1007 1350 prius

222 1359 320 1387 habeat
333 1364 361 1387 et
373 1359 552 1388 excellentius
567 1360 677 1393 habeat,
695 1360 769 1395 prius
786 1360 850 1388 fecit
862 1368 924 1388 esse
935 1362 1007 1396 quod

221 1410 273 1438 est,
287 1405 388 1441 ipsum,
403 1406 526 1441 inquam,
540 1413 588 1441 per
603 1414 633 1434 se
646 1414 718 1439 esse,
729 1412 815 1442 et'per
830 1407 917 1442 ipsum
929 1415 1009 1436 omne

221 1449 294 1483 quod
322 1450 573 1485 quomodocunque
597 1455 655 1484 est,
676 1452 793 1479 existere
824 1452 900 1480 fecit.
926 1453 1008 1488 Atqui

221 1495 354 1531 principia
367 1503 462 1524 eorum
485 1504 546 1531 qua?
562 1502 637 1530 sunt,
650 1498 742 1525 omnia
756 1499 921 1533 participant
935 1506 1007 1532 esse,

220 1545 248 1569 et
263 1546 372 1574 sunt,et
380 1542 512 1577 principia
525 1549 600 1576 sunt,
613 1548 642 1571 et
654 1543 771 1579 primum
789 1550 863 1577 sunt,
875 1549 902 1572 et
916 1550 1009 1580 postea

221 1587 356 1623 principia
368 1592 441 1615 sunt.
453 1589 484 1616 Et
495 1589 518 1616 si
532 1589 575 1617 vis
585 1590 747 1624 viventium,
757 1596 891 1626 quatenus
903 1593 1008 1626 vivunt,

221 1634 384 1669 principium
392 1634 481 1675 dicere
490 1642 579 1671 perhse
589 1635 681 1670 vitam;
689 1641 718 1664 et
728 1637 869 1671 similium,
876 1643 1010 1672 quatenus

805 199 834 227 Β.
853 197 1002 228 ῡιοΝῐειι
1019 198 1251 227 AREOPAGITA‘}

979 268 1048 306 §V.

257 344 344 374 Altius
365 343 456 378 itaque
480 347 644 378 repetentes,
667 343 809 376 dicamus,
835 342 917 370 rebus
940 348 1002 370 om-
1017 345 1041 372 Α

1794 198 1848 228 820

1094 336 1286 375 Ἀναλαόόντες
1304 339 1351 370 οὖν
1372 342 1504 378 εἴπωμεν,
1515 342 1558 369 ὅτι
1571 342 1639 368 πᾶσι
1652 342 1709 374 τοῖς
1728 339 1788 369 οὖσι
1801 343 1849 370 καὶ

1054 389 1111 421 τοῖς
1131 389 1212 415 αῑῶσι
1228 389 1260 416 τὸ
1273 387 1344 416 εἶναι
1365 387 1443 424 παρὰ
1454 388 1501 415 τοῦ
1519 387 1647 424 προόντος
1659 388 1692 415 ⁸⁵.
1713 389 1769 415 Kal.
1794 391 1848 421 πᾶς

1054 434 1106 470 μὲν
1120 433 1189 461 αἰὼν
1207 435 1254 461 καὶ
1267 434 1361 470 χρόνος
1376 434 1406 466 ἐξ
1418 433 1512 466 αὐτοῦ,
1527 433 1627 465 παντὸς
1643 433 1671 460 δὲ
1686 434 1733 461 καὶ
1747 435 1846 466 αἰῶνος

1056 482 1102 509 καὶ
1117 481 1224 517 χρόνου,
1239 482 1286 508 καὶ
1300 480 1400 513 παντὸς
1410 480 1534 508 ὁπωσοῦν
1545 480 1631 513 ὄντος,
1647 481 1661 507 ὁ
1674 480 1765 516 προὼν
1776 480 1848 517 ἀρχὴ

1055 528 1102 554 καὶ
1123 528 1216 555 αἰτία·
1238 528 1285 554 καὶ
1306 527 1395 554 πάντα
1418 526 1500 554 αὑτοῦ
1525 527 1649 562 μετέχει,
1673 528 1719 554 καὶ
1741 527 1849 560 οὐδενὸς

1054 574 1110 601 τῶν
1124 574 1209 601 ὄντων
1223 574 1389 601 ἀποστατεῖ”
1412 574 1460 601 καὶ
1478 573 1559 605 αὑτός
1576 575 1634 600 ἐστι
1655 574 1707 609 πρὸ
1729 574 1847 606 πάντων,

1055 621 1102 648 καὶ
1115 620 1150 647 τὰ
1164 621 1253 648 πάντα
1272 621 1300 647 ὲν
1315 619 1389 655 αὐτῷ
1403 619 1552 654 συνέστηκε
1565 628 1571 634 ·
1593 620 1641 646 καὶ
1659 619 1762 651 ἁπλῶς,
1776 617 1804 644 εῐ
1822 626 1849 644 τι

1055 666 1177 694 ὁπωσοῦν
1192 668 1276 699 ἐστιν,
1291 667 1320 694 ἐν
1338 666 1377 702 τῷ
1394 665 1505 702 προόντι
1519 666 1566 692 καὶ
1579 665 1647 698 ἐστι,
1669 665 1716 692 καὶ
1734 664 1850 691 ἐπινοεῖ-

1054 722 1111 745 ται,
1124 713 1172 740 καὶ
1193 712 1322 745 σώζεται·
1338 713 1385 740 καὶ
1408 712 1462 748 πρὸ
1483 712 1539 739 τῶν
1555 712 1642 740 ἄλλων
1662 710 1745 738 αὑτοῦ
1769 719 1850 746 μετο-

1056 760 1111 796 χῶν
1125 761 1147 777 ⁸⁹
1167 760 1198 787 τὸ
1220 758 1290 787 εἶναι
1314 760 1511 796 προϐέϐληται·
1532 759 1580 786 καὶ
1604 759 1678 785 ἐστιν
1700 758 1765 785 αὐτὸ
1788 757 1850 785 καθ’

1056 805 1122 833 αὐτὸ
1136 805 1167 832 τὸ
1189 804 1259 832 εἶναι
1274 805 1460 841 πρεσϐύτερον
1474 804 1523 831 τοῦ
1540 803 1679 839 αὐτοζωὴν
1700 801 1780 836 εἶναι,
1802 803 1851 830 καὶ

1056 853 1219 888 αὐτοσοφιαν
1234 851 1313 885 εἶναι,
1329 853 1376 879 καὶ
1391 851 1604 887 αὑτοομοιότητα
1620 850 1695 877 θείαν
1708 847 1788 881 εἶναι,
1803 850 1851 876 καὶ

1055 899 1090 926 τὰ
1105 899 1173 926 ἄλλα
1186 899 1257 926 ὅσων
1269 898 1303 925 τὰ
1322 898 1386 924 ὄντα
1401 897 1557 933 μετέχοντα,
1570 896 1622 931 πρὸ
1639 895 1747 923 πάντων
1759 894 1851 921 αὐτῶν

1056 944 1103 971 τοῦ
1130 942 1199 971 εἶναι
1224 943 1346 980 μετέχει·
1370 943 1468 978 μᾶλλον
1490 942 1519 969 δὲ
1543 943 1589 968 καὶ
1612 940 1681 968 αὐτὰ
1698 940 1759 967 καθ’
1780 940 1852 967 αὐτὰ

1057 992 1155 1023 πάντα,
1171 988 1209 1018 ὧν
1219 990 1254 1017 τὰ
1270 990 1334 1017 ὄντα
1353 990 1471 1026 μετέχει,
1486 989 1534 1015 τοῦ
1551 988 1616 1015 αὐτὸ
1629 987 1690 1015 καθ’
1703 988 1768 1015 αὐτὸ
1777 984 1851 1013 εἶναι

1059 1038 1182 1074 μετέχει·
1201 1038 1249 1064 καὶ
1268 1037 1344 1064 οὐδέν
1364 1037 1438 1063 ἐστιν
1454 1035 1494 1068 ὃν,
1507 1032 1537 1063 οὗ
1558 1035 1595 1071 μὴ
1614 1035 1688 1062 ἔστιν
1709 1035 1789 1061 οὐσία
1804 1035 1852 1061 καὶ

1057 1082 1123 1110 αἰὼν
1134 1083 1164 1110 τὸ
1181 1083 1247 1110 αὐτὸ
1262 1080 1340 1109 εἶναι.
1353 1082 1465 1109 Πάντων
1477 1078 1524 1108 οὖν
1538 1080 1649 1112 εἰκότως
1660 1081 1682 1096 ⁶⁶
1693 1080 1747 1106 τῶν
1762 1079 1853 1107 ἄλλων

1057 1128 1292 1165 ἁρχηγικὼτερον,
1308 1128 1346 1160 ὡς
1358 1127 1405 1159 ὢν,
1424 1127 1438 1154 ὁ
1452 1126 1517 1159 Θεὸς
1543 1127 1575 1152 ἐκ
1593 1126 1642 1161 τῆς
1663 1125 1852 1162 πρεσϐυτέρας

1056 1175 1111 1202 τῶν
1125 1175 1212 1202 ἄλλων
1226 1173 1309 1201 αὑτοῦ
1324 1173 1434 1209 δωρεῶν
1454 1173 1596 1208 ὑμνεῖται·
1611 1173 1659 1198 καὶ
1677 1172 1731 1208 γὰρ
1744 1172 1775 1198 τὺ
1788 1180 1854 1207 προ-

1058 1224 1126 1249 εῖναι
1141 1215 1188 1248 ical.
1211 1222 1350 1256 ὑπερείναι
1364 1220 1488 1256 προέχων
1504 1219 1551 1246 καὶ
1565 1218 1749 1254 ὑπερέχων,τὺ
1768 1216 1842 1245 εἶναι

1058 1269 1112 1300 πᾶν
1125 1267 1158 1300 ⁸⁷,
1175 1266 1241 1294 αὑτό
1261 1275 1331 1302 φημι
1354 1265 1415 1292 καθ’
1436 1265 1502 1292 αὐτὸ
1535 1264 1566 1292 τὸ
1585 1262 1853 1300 εἷναι.προῦπεστή-

1059 1323 1134 1347 σατο,
1156 1313 1204 1341 καὶ
1225 1313 1265 1348 τῷ
1288 1310 1357 1339 εἶναι
1377 1311 1451 1347 αὐτῷ
1468 1312 1522 1338 πᾶν
1539 1310 1570 1337 τὸ
1590 1309 1713 1336 ὁπωσοῦν
1734 1309 1764 1336 ὃν
1785 1310 1853 1336 ὑπε-

1060 1362 1185 1397 στήσατο.
1208 1360 1263 1387 Kal.
1282 1359 1347 1394 γοῦν
1360 1359 1388 1385 αἱ
1403 1358 1484 1394 ἀρχαὶ
1505 1357 1559 1384 τῶν
1582 1357 1665 1384 ὄντων
1686 1356 1782 1388 πᾶσαι,
1804 1355 1853 1382 τοῦ

1059 1405 1129 1433 εἶναι
1146 1406 1315 1442 μετέχουσαι,
1329 1405 1375 1432 καί
1387 1405 1452 1437 εισι,
1467 1404 1514 1431 καὶ
1533 1403 1615 1439 ἀρχαί
1629 1404 1692 1435 εἱσι,
1715 1403 1762 1430 καὶ
1777 1402 1855 1437 πρῶ-

1059 1453 1104 1481 τόν
1116 1454 1195 1486 εἰσιν,
1210 1453 1304 1479 ἔπειτα
1320 1451 1402 1487 ἀρχαί
1424 1453 1487 1478 εισι.
1499 1451 1554 1478 Καὶ
1568 1451 1593 1478 ει
1610 1450 1698 1486 βούλει
1711 1449 1766 1476 τῶν
1783 1449 1854 1482 ζών-

1059 1509 1124 1533 των,
1141 1500 1179 1532 ὼς
1198 1499 1317 1532 ζώντων,
1340 1498 1427 1535 ἀρχὴν
1450 1498 1531 1532 φάναι
1552 1497 1602 1532 τὴν
1627 1494 1784 1532 αὑτοζωήν·
1805 1495 1854 1521 καὶ

1059 1546 1115 1575 τῶν
1129 1545 1244 1582 ,ὁμοιωι
1258 1546 1296 1577 ὼς
1309 1544 1419 1581 ὁμοίων,
1432 1543 1481 1580 τὴν
1493 1543 1704 1579 αὑτοομοιότητα
1713 1551 1719 1557 ·
1739 1542 1786 1569 καὶ
1798 1541 1854 1568 τῶν

1061 1594 1218 1631 ήνωμένων,
1232 1593 1269 1625 ὡς
1285 1592 1442 1628 ἡνωμένων,
1461 1590 1510 1626 τὴν
1530 1589 1706 1618 αὑτοένωσιν·
1728 1589 1774 1616 καὶ
1796 1588 1853 1616 τῶν

1061 1640 1244 1676 τεταγμένων,
1258 1639 1296 1670 ὡς
1306 1638 1488 1673 τεταγμένων,
1503 1636 1552 1673 τὴν
1569 1635 1710 1668 αὐτόταξιν
1719 1644 1726 1651 ·
1738 1636 1785 1662 καὶ
1797 1636 1853 1662 τῶν

221 1680 322 1708 similia
334 1685 407 1714 sunt,
423 1688 472 1716 per
486 1689 515 1709 se
525 1682 748 1716 similitudinem;
766 1689 793 1711 et
808 1685 1007 1720 copulatorum,

1060 1688 1148 1718 ἄλλων
1167 1687 1217 1713 ὅσα
1237 1685 1313 1712 τοῦδε
1329 1684 1346 1720 ἢ
1368 1683 1457 1716 τοῦδε,
1476 1684 1493 1719 ἢ
1513 1683 1685 1720 ἀμφοτέρων,
1707 1683 1723 1718 ἢ
1746 1681 1853 1709 πολλῶν

221 1731 356 1761 quatenus
373 1727 497 1762 copulata
523 1734 599 1761 sunt,
621 1736 668 1764 per
691 1737 721 1757 se
747 1730 962 1766 copulationem;
980 1737 1008 1759 et

221 1771 420 1805 ordinatorum,
441 1777 578 1807 quatenus
598 1773 724 1800 ordinata
739 1778 814 1807 sunt,
830 1782 879 1809 per
890 1783 919 1803 se
934 1776 1008 1802 ordi-

225 1820 377 1853 nationem;
392 1825 420 1848 et
434 1820 560 1848 similiter
574 1820 600 1848 in
615 1821 687 1852 aliis,
706 1828 876 1856 quacunque
889 1821 942 1850 hoc
962 1827 1009 1850 aut

223 1865 301 1899 illud,
320 1870 367 1893 aut
386 1871 542 1901 utrumque,
556 1870 603 1892 aut
624 1866 707 1894 multa
729 1866 812 1903 430
831 1867 1007 1903 participant,

224 1917 252 1940 nl.
267 1913 320 1941 hoc
334 1916 381 1940 aut
397 1913 473 1946 illud,
487 1913 528 1940 vel
542 1919 688 1949 utrumque
705 1918 751 1940 aut
768 1914 852 1942 multa
868 1919 930 1942 sunt
945 1922 1008 1950 par-

225 1961 345 1997 ticipata,
367 1962 497 1996 reperies,
520 1969 569 1997 per
582 1969 613 1989 se
632 1961 868 1997 participationes,
888 1963 1005 1998 primum

224 2007 389 2043 participare
409 2015 480 2040 esse,
500 2012 528 2035 ct
549 2008 588 2035 sic
608 2008 724 2042 primum
748 2015 808 2036 esse
828 2009 901 2043 quod
924 2015 1004 2043 sunt,

1061 1734 1217 1772 μετέχοντα,
1228 1732 1290 1760 τόδε
1312 1732 1329 1768 ἢ
1346 1733 1415 1765 τάδε,
1439 1731 1455 1767 ἢ
1476 1731 1618 1768 ἀμφότερα
1640 1731 1656 1766 ἢ
1677 1730 1762 1758 πολλά
1780 1732 1851 1762 ἐστι,

1059 1782 1109 1814 τὰς
1129 1779 1311 1817 αὑτομετοχὰς
1326 1779 1463 1815 εὑρήσεις,
1481 1778 1528 1804 τοῦ
1551 1775 1620 1804 εἶναι
1639 1777 1746 1813 πρῶτον
1766 1777 1852 1809 αὐτὰς

1061 1826 1237 1864 μετεχούσας,
1250 1826 1297 1852 καὶ
1318 1825 1357 1860 τῷ
1376 1824 1446 1851 εἶναι
1462 1823 1568 1860 πρῶτον
1584 1823 1733 1858 μενούσας·
1756 1823 1853 1848 ἔπειτα

1060 1873 1136 1900 τοῦδε
1158 1873 1174 1909 ἢ
1198 1872 1276 1899 τοῦδε
1303 1871 1389 1908 ἀρχὰς
1410 1870 1506 1903 οὔσας,
1527 1871 1573 1897 καὶ
1595 1869 1633 1905 τῷ
1660 1869 1784 1904 μετέχειν
1805 1866 1853 1895 τοῦ

1060 1917 1147 1952 εἶναι,
1169 1919 1215 1946 καὶ
1235 1918 1316 1950 οὔσας
1338 1918 1386 1945 καὶ
1406 1916 1598 1953 μετεχομένας.
1618 1916 1649 1941 Εἰ
1670 1915 1699 1941 δὲ
1712 1914 1798 1942 ταῦτα
1819 1916 1853 1950 τῇ

1062 1967 1161 2002 μετοχῇ
1181 1965 1226 1992 τοῦ
1251 1963 1319 1992 εἷναί
1339 1966 1406 1996 ἐστι,
1428 1963 1516 1999 πολλῷ
1532 1971 1563 1998 γε
1584 1963 1683 1999 μᾶλλον
1701 1962 1736 1989 τὰ
1761 1961 1854 1988 αὐτῶν

1060 2012 1216 2048 μετέχοντα.

224 2054 322 2082 deinde
343 2054 422 2089 hujus
445 2059 493 2081 aut
516 2054 589 2082 illius
604 2054 738 2089 principia
768 2062 837 2086 esse.
865 2060 892 2082 et
914 2058 1103 2093 participando
1129 2066 1199 2090 esse,
1222 2059 1339 2086 existere
1369 2062 1397 2084 et
1424 2055 1591 2092 participari.
1621 2055 1648 2083 Si
1671 2059 1762 2081 autem
1797 2054 1855 2081 Iure

224 2100 296 2133 (qua:
313 2100 427 2128 aliorum
460 2101 592 2136 principia
620 2103 808 2137 numerantur)
828 2111 876 2138 per
902 2106 1139 2142 participationem
1170 2107 1256 2141 ipsius
1282 2112 1343 2134 esse
1357 2104 1486 2136 existant,
1502 2103 1586 2131 multo
1609 2104 1695 2138 magis
1716 2110 1778 2138 qua:
1795 2102 1853 2137 ipsa

225 2145 270 2173 illa
285 2146 416 2181 principia
430 2148 604 2184 participant.

998 2216 1012 2252 ᾗ
1031 2215 1082 2245 Vl.

261 2289 382 2318 Primum
395 2291 477 2326 igitur
489 2291 588 2320 donum
604 2300 653 2327 per
664 2300 695 2321 se
707 2300 767 2322 esse
784 2301 845 2322 cum
859 2303 907 2331 per
919 2303 948 2324 se
960 2296 1008 2324 illa

227 2343 392 2371 supraquam
405 2337 511 2365 bonitas
524 2338 668 2373 producat,
682 2339 780 2367 merito
801 2340 835 2368 ab
854 2341 1009 2376 antiquiore

226 2386 254 2409 ct
268 2382 354 2417 prima
367 2384 490 2410 omnium
504 2384 742 2420 participationum
763 2386 907 2421 laudatur;
924 2393 952 2416 et
969 2395 1012 2417 est

226 2436 260 2456 ex
283 2429 340 2463 ipsa
361 2435 389 2457 et
409 2430 437 2457 in
459 2430 517 2462 ipsa
538 2431 625 2466 ipsum
650 2439 698 2467 per
719 2439 750 2460 se
769 2440 841 2466 esse.
863 2439 893 2461 et
921 2443 1012 2464 rerum

228 2475 373 2510 principia,
393 2480 421 2503 et
437 2477 529 2504 omnia
542 2485 712 2513 quaecunque
733 2484 806 2512 sunt,
827 2484 854 2507 et
873 2488 933 2515 quas
947 2489 1014 2515 quo-

229 2520 418 2556 modocumque
436 2526 516 2555 sunt;
537 2522 618 2558 idque
635 2523 871 2559 incomprehense,
885 2531 913 2553 et
931 2534 1014 2561 copu-

228 2566 295 2600 late,
317 2571 345 2594 et
366 2567 553 2603 singulariter.
578 2567 718 2603 Siquidem
737 2569 764 2596 in
790 2570 893 2598 unitate
924 2572 1014 2602 omnis

228 2621 360 2641 numerus
375 2613 549 2642 uniformiter
571 2616 745 2650 praeexstitit,
769 2616 906 2652 habetque
921 2618 1013 2645 unitas

227 2659 256 2686 in
270 2660 359 2695 seipsa
379 2660 557 2696 singulariter
570 2669 679 2690 omnem
700 2669 861 2696 numerum;
877 2669 904 2690 ct
924 2663 1014 2691 omnis

228 2714 359 2735 numerus
372 2707 398 2734 in
412 2715 495 2736 unum
514 2707 656 2743 copulatus
667 2712 719 2741 est,
732 2713 760 2736 et
782 2709 808 2736 in
832 2709 937 2737 unitate
959 2715 1012 2743 est,

1099 2295 1213 2332 Πρώτην
1225 2292 1272 2322 οὖν
1289 2295 1338 2330 τὴν
1349 2294 1396 2321 τοῦ
1415 2293 1480 2321 αὐτὸ
1493 2291 1562 2320 εἶναι
1575 2292 1678 2328 δωρεὰν
1689 2293 1712 2308 θ⁸
1727 2293 1743 2328 ἡ
1759 2293 1857 2320 αὐτοῦ-

1064 2341 1254 2378 περαγαθότης
1274 2339 1488 2377 προϐαλλομένη,
1508 2340 1542 2376 τῇ
1562 2339 1734 2374 πρεσϐυτέρᾳ
1759 2339 1855 2374 πρώτῃ

1064 2389 1119 2415 τῶν
1142 2387 1262 2424 μετοχῶν
1279 2388 1412 2423 ὑμνεῖται,
1435 2386 1481 2413 καὶ
1499 2386 1573 2412 ἐστιν
1594 2385 1624 2417 ἐξ
1644 2385 1739 2420 αὐτῆς,
1760 2387 1808 2412 καὶ
1826 2387 1857 2412 ὲν

1066 2434 1145 2469 αὐτῇ,
1160 2433 1206 2459 καὶ
1224 2432 1291 2459 αὐτὸ
1308 2432 1338 2458 τὸ
1361 2429 1448 2463 εἶναι,
1471 2431 1517 2457 καὶ
1536 2431 1564 2457 αἱ
1585 2430 1638 2457 τῶν
1659 2430 1744 2457 ὄντων
1759 2430 1856 2466 ἀρχαὶ,

1066 2480 1113 2506 καὶ
1126 2478 1161 2506 τὰ
1172 2478 1236 2506 ὂντα
1248 2478 1346 2510 πάντα,
1359 2477 1406 2504 καὶ
1423 2476 1458 2503 τὰ
1471 2475 1595 2503 ὁπωσοῦν
1607 2475 1646 2511 τῷ
1661 2474 1729 2503 εῖναι
1742 2476 1858 2512 διακρα-

1063 2525 1193 2561 τούμενα’
1207 2525 1254 2552 καὶ
1267 2524 1346 2551 τοῦτο
1359 2523 1489 2559 ἀσχέτως,
1501 2523 1548 2549 καὶ
1561 2521 1793 2557 συνειλημμένως,
1808 2522 1857 2550 καὶ

1063 2571 1180 2604 ἑνιαιως.
1202 2571 1258 2597 Kal.
1276 2570 1330 2605 γὰρ
1351 2571 1379 2597 ὲν
1401 2569 1494 2605 μονάδι
1516 2570 1570 2600 πᾶς
1593 2568 1708 2604 ἀριθμὸς
1731 2569 1857 2601 ὲνοειδῶς

1064 2616 1254 2652 προϋφέστηκε
1265 2616 1297 2648 θ’,
1314 2616 1360 2644 καὶ
1380 2615 1436 2651 ἔχει
1455 2615 1541 2642 πάντα
1557 2614 1672 2650 ἀριθμὸν
1683 2615 1700 2649 ἡ
1724 2614 1808 2649 μονὰς
1827 2614 1857 2640 ὲν

1064 2663 1146 2698 ἑαυτῇ
1163 2662 1298 2698 μοναχῶς·
1313 2662 1360 2688 καὶ
1369 2663 1421 2693 πᾶς
1430 2661 1543 2697 ἀριθμὸς
1551 2661 1652 2696 ἥνωται
1660 2660 1709 2696 μὲν
1723 2660 1752 2687 ὲν
1759 2661 1793 2695 τῇ
1809 2668 1857 2695 μο-

1064 2709 1137 2736 νάδι·
1155 2709 1214 2736 καθ’
1231 2709 1292 2736 ὅσον
1304 2707 1333 2735 δὲ
1347 2707 1396 2743 τῆς
1415 2707 1526 2743 μονάδος
1540 2707 1660 2743 πρόεισι,
1675 2706 1747 2734 κατὰ
1761 2705 1856 2732 τοσοῦ-

868 2817 985 2847 ῩΑΒΙᾸΞ
1003 2817 1205 2846 LECTIONES.

264 2900 288 2917 ⁸⁵
303 2900 488 2936 προνοοῦντος,
505 2900 540 2928 Μ.
555 2900 599 2927 Sc.
615 2900 661 2928 τοῦ
676 2901 761 2932 ὄντος,
781 2899 870 2936 γίοηη
882 2899 903 2915 ⁸⁵
920 2899 1104 2936 μετεχόντων,
1124 2898 1157 2936 lii.
1172 2898 1216 2924 Sc.
1237 2897 1365 2936 μετέχων,
1377 2896 1404 2925 S.
1421 2896 1452 2924 Ι).
1491 2897 1514 2913 ⁸⁸
1530 2896 1560 2923 τὸ
1576 2895 1641 2924 αὐτὸ
1657 2893 1726 2923 εἶναι
1745 2894 1854 2922 πάντων

228 2935 358 2969 εἰκότως,
377 2936 412 2966 Μ.
427 2935 472 2965 Sc.
517 2937 538 2953 ⁸⁷
556 2936 652 2969 πάντα,
672 2936 700 2965 S.

746 2936 767 2952 εθ
785 2935 901 2971 δωρεῶν,
920 2932 954 2962 Μ.
972 2932 1016 2962 SC.
1046 2935 1074 2972 AW
1092 2934 1237 2970 ὑξέετῃκε,
1256 2932 1284 2960 S.
