1938 3065
127 114 177 141 8‘2!

680 115 724 143 DE
741 116 866 146 DIVINIS
882 117 1078 151 NOMINIBUS,
1096 117 1171 146 CAP.
1189 118 1220 148 ν.

1694 121 1748 150 8!!

126 181 173 199 τον
196 172 378 209 διακρίνεται,
403 174 451 204 καὶ
477 174 649 210 πληθύνεται.
674 176 728 202 Καὶ
751 177 780 203 ὲν
811 177 914 214 κέντρῳ

969 183 992 206 et
1009 185 1111 214 quanto
1131 180 1236 214 longius
1249 179 1283 207 ab
1295 179 1400 206 unitate
1418 180 1549 214 procedit,
1572 185 1647 208 tanto
1662 183 1748 216 magis

127 218 214 244 πᾶσαι
239 219 267 245 αἱ
296 219 342 245 τοῦ
365 219 464 247 κύκλου
485 221 612 257 γραμμαὶ
633 220 704 248 κατὰ
726 221 790 257 μίαν
818 222 914 250 ἕνωσιν

127 264 357 299 συνυφεστήκασι·
373 265 420 291 καὶ
434 265 523 297 πάσας
542 265 598 301 ἔχει
608 267 639 293 τὸ
653 268 763 302 σημεῖον
778 269 806 294 ὲν
824 269 913 304 ἐαυτῷ

125 308 176 340 τὰς
200 309 305 341 εὐθείας
330 310 450 343 ένοειδῶς
479 311 618 346 ἡνωμένας
638 312 706 348 πρός
727 321 757 340 τε
779 313 913 350 ἀλλήλας,

126 355 255 390 καὶπρὸς
277 355 327 391 τὴν
351 356 414 391 μίαν
430 357 515 392 ἀρχὴν
533 357 580 392 ἀφ’
595 355 628 394 ἦς
650 358 795 394 προῆλθον,
819 349 865 387 καὶ
884 349 914 388 ἒν

126 399 200 434 αὐτῷ
223 400 271 434 μὲν
291 400 330 435 τῷ
347 400 450 437 κέντρῳ
469 402 609 434 παντελῶς
624 403 757 438 ἥνωνται’
775 404 862 440 βραχὺ
885 405 914 432 δὲ

125 444 208 471 αὑτοῦ
222 446 374 479 διαστᾶσαι,
396 446 482 483 βραχὺ
495 447 542 474 καὶ
554 448 736 484 διακρίνονται
746 458 752 464 ·
770 450 870 485 μᾶλλον
884 451 913 479 δὲ

125 490 287 523 ἀποστᾶσαι,
302 492 414 527 μᾶλλοψ
429 493 475 520 καὶ
488 493 593 526 ἁπλῶς,
608 494 668 521 καθ’
683 495 744 522 ὅσον
755 495 794 531 τῷ
808 497 912 532 κέντρῳ

125 536 316 572 πλησιαίτεραι
339 539 392 565 εἰσι
402 539 435 571 ⁷⁰,
451 538 522 565 κατὰ
542 540 668 567 τοσοῦτον
691 541 740 568 καὶ
765 542 840 577 αὑτῷ
864 543 912 570 καὶ

123 580 253 616 ἀλλήλαις
267 583 393 618 ἥνωνται,
408 584 455 611 καὶ
467 584 528 611 καθ’
542 585 603 612 ὅσον
621 586 714 620 αὐτοῦ,
729 587 799 614 κατὰ
818 588 913 616 τοσοῦ-

125 638 172 656 τον
184 630 230 656 καὶ
243 630 363 666 ἀλλήλων
375 631 557 668 διεστήκασιν.

963 225 1093 253 dividitur
1113 230 1140 252 et
1161 224 1366 258 multiplicatur.
1391 224 1424 251 Et
1445 225 1471 251 in
1486 230 1582 253 centro
1597 233 1693 253 omnes
1713 227 1747 253 li-

966 277 1022 296 nem
1045 270 1137 297 circuli
1161 277 1214 296 una
1245 269 1417 303 copulatione
1447 270 1528 298 simul
1560 271 1696 304 existunt;
1721 277 1749 298 et

965 319 1093 350 punctum
1117 315 1198 343 habet
1219 323 1317 344 omnes
1346 321 1433 344 rectas
1463 316 1551 345 lineas
1575 317 1748 344 uniformiter

965 360 1106 395 copulatas
1133 362 1204 388 inter
1224 369 1266 394 se,
1288 366 1317 389 ct
1335 370 1396 389 cum
1418 370 1471 389 uno
1499 363 1634 397 principio
1657 371 1671 390 a
1695 370 1749 397 quo

965 406 1102 440 exierunt,
1115 412 1143 434 et
1160 407 1187 434 in
1209 407 1266 442 ipso
1279 412 1374 435 centro
1394 408 1503 434 omnino
1521 408 1650 442 copulatae
1670 413 1747 440 sunt;

964 456 992 479 et
1005 460 1099 487 parum
1111 452 1146 480 ab
1156 460 1188 480 eo
1202 454 1334 481 distantes
1357 461 1453 488 parum
1476 453 1644 486 dividuntur,
1664 455 1749 488 magis

963 502 1052 524 autem
1064 497 1197 526 distantes
1210 499 1312 534 magis;
1330 504 1369 532 et,
1383 503 1412 526 ut
1425 499 1510 526 semel
1530 499 1630 532 dicam,
1646 505 1750 534 quanto

963 547 1027 570 sunt
1043 549 1137 572 centro
1150 545 1372 579 propinquiorcs,
1388 549 1464 573 tanto
1486 546 1573 580 magis
1592 553 1654 573 cum
1675 553 1708 573 eo
1721 549 1751 573 et

962 590 1034 617 inter
1067 595 1098 616 se
1124 589 1299 624 copulantur;
1331 595 1358 617 et
1381 594 1484 626 quanto
1515 590 1602 626 magis
1620 598 1636 618 a
1656 595 1751 619 centro

963 634 1083 667 distant.
1105 639 1180 663 tanto
1194 635 1279 671 magis
1289 640 1316 664 et
1332 635 1404 664 inter
1414 643 1443 665 se
1458 637 1572 664 distant.

899 725 913 758 ξ
928 723 997 755 νυ.

171 805 247 832 Ἀλλὰ
266 805 311 832 καὶ
324 807 353 832 ὲν
368 807 401 842 τῇ
416 806 464 843 ὅλῃ
474 806 529 834 τῶν
542 807 611 835 ὅλων
619 808 698 844 φύσει
715 809 814 842 πάντες
826 810 850 836 οι
861 809 911 845 τῆς

1068 768 1073 782 l

1000 809 1054 836 Imo
1065 813 1090 836 et
1111 809 1137 836 in
1150 812 1204 836 tota
1225 813 1320 836 natura
1339 807 1460 835 universi
1488 811 1610 845 rationes
1623 807 1754 836 uniuscu-

125 849 187 876 καθ’
209 849 323 878 ἕκαστον
341 852 362 867 ⁷¹
385 851 493 885 φύσεως
520 853 594 888 λόγοι
626 855 835 890 συνειλημμένοι
858 855 911 881 εἰσὶ

969 856 1061 890 Iusque
1081 860 1185 883 natura:
1207 863 1259 882 una
1283 854 1461 890 copulatione
1480 862 1535 881 non
1559 854 1674 882 confusa
1693 854 1752 882 col-

127 896 197 922 κατὰ
212 897 275 932 μίαν
289 898 441 934 ἀσὺγχυτον
454 899 559 933 ἕνωσιν,
573 900 620 927 καὶ
635 901 664 927 ὲν
677 902 710 937 τῇ
723 900 795 936 ψυχῇ
811 909 914 936 μονοει-

126 941 179 973 δῶς
202 942 230 968 αι
254 942 308 968 τῶν
327 942 398 969 κατὰ
427 943 508 979 μέρος
543 945 650 971 πάντων
667 946 843 981 προνοητικαὶ
865 945 913 972 τοῦ

125 986 187 1012 ὅλου
204 986 328 1022 σώματος
348 988 489 1024 δυνάμειςο
505 990 581 1017 οὐδὲν
597 988 643 1017 οὖν
664 991 774 1024 ἄτοπον,
794 991 824 1024 ἐξ
842 993 914 1027 ἀμυ-

125 1032 196 1068 δρῶν
210 1034 320 1060 εἰκόνων
336 1035 382 1061 ὲπὶ
394 1035 424 1061 τὸ
436 1036 544 1063 πάντων
560 1036 644 1064 αἴτιον
658 1037 819 1071 ἀναϐάντας,
834 1039 915 1074 ὑπερ-

125 1079 249 1113 κοσμίοις
264 1079 409 1115 ὀφθαλμοῖς
435 1081 570 1118 θεωρῆσαι
593 1083 680 1110 πάντα
696 1085 725 1110 ὲν
746 1083 785 1120 τῷ
807 1085 915 1111 πάντων

125 1123 214 1159 αἰτίῳ,
236 1126 283 1152 καὶ
302 1125 337 1151 τὰ
352 1126 476 1162 ἀλλήλοις
490 1128 607 1161 ἐναντία,
624 1128 766 1164 μονοειδῶς
784 1130 830 1157 καὶ
845 1131 915 1166 ἡνω-

127 1168 228 1204 μένως’
244 1171 315 1206 ἀρχὴ
336 1172 390 1207 γάρ
408 1173 467 1198 ἐστι
481 1172 535 1199 τῶν
556 1173 649 1206 ὄντων,
668 1174 714 1209 ἀφ’
734 1174 767 1210 ῆς
782 1175 830 1202 καὶ
848 1175 916 1202 αὐτὸ

125 1215 156 1241 τὸ
171 1213 255 1249 εἶναι,
277 1217 324 1243 καὶ
340 1217 428 1244 πάντα
449 1217 483 1244 τὰ
502 1219 624 1246 ὁπωσοῦν
641 1219 720 1252 ὄντα,
740 1222 813 1247 πᾶσα
828 1222 914 1257 ἀρχὴ,

126 1262 180 1287 πᾶν
200 1262 296 1298 πέρας,
312 1263 386 1289 πᾶσα
400 1262 466 1299 ζωὴ,
480 1264 555 1290 πᾶσα
567 1264 710 1297 ἀθανασία,
727 1267 801 1292 πᾶσα
823 1267 913 1301 σοφία,

125 1309 200 1334 πᾶσα
219 1307 312 1341 τάξις,
336 1310 410 1335 πᾶσα
434 1310 568 1346 ἁρμονία,
594 1312 667 1338 πᾶσα
689 1311 817 1348 δύναμις,
842 1314 915 1340 πᾶσα

127 1353 242 1388 φρουρὰ,
258 1355 333 1380 πᾶσα
347 1354 460 1390 ἵδρυσις,
482 1357 555 1383 πᾶσα
572 1356 696 1394 διανομὴ,
717 1359 792 1385 πᾶσα
812 1359 914 1395 νόησις,

127 1399 182 1430 πᾶς
197 1399 284 1433 λόγος,
298 1401 372 1427 πᾶσα
386 1400 523 1437 αἴσθησις,
543 1403 617 1429 πᾶσα
633 1403 699 1436 ἕξις,
715 1405 788 1431 πᾶσα
811 1405 914 1438 στάσις,

127 1445 202 1471 πᾶσα
217 1446 332 1481 κίνησις,
356 1447 430 1474 πᾶσα
453 1446 566 1486 ἓνωσιςη
582 1449 655 1475 πᾶσα
680 1451 778 1485 κρᾶσις
789 1451 822 1482 ⁷³,
842 1452 916 1478 πᾶσα.

127 1492 213 1526 φιλία,
225 1493 299 1519 πᾶσα
312 1493 464 1530 ὲφαρμογὴ,
477 1495 551 1522 πᾶσα
564 1495 709 1532 διάκρισις,
720 1498 773 1529 πᾶς
784 1498 855 1533 ὄρος,
868 1498 916 1525 καὶ

965 901 1041 928 lectae
1059 904 1131 932 sunt,
1144 904 1171 927 et
1191 899 1217 926 in
1237 900 1326 926 anima
1345 899 1478 934 copulata:
1497 904 1560 926 sunt
1579 899 1755 927 uniformitcr

964 947 1089 979 virtutes,
1102 954 1162 981 qua:
1177 946 1304 974 omnibus
1317 945 1441 980 partibus
1452 945 1579 979 corporis
1590 945 1751 980 provident;

964 1001 1016 1020 non
1028 997 1070 1020 est
1086 993 1168 1027 igitur
1181 991 1337 1022 absurdum,
1351 999 1385 1018 ex
1400 990 1492 1025 parvis
1505 995 1532 1017 et
1550 989 1666 1017 minutis
1684 990 1756 1017 ima-

964 1038 1072 1072 ginibus
1083 1041 1109 1063 et
1123 1035 1253 1070 exemplis
1263 1035 1296 1062 ad
1308 1043 1415 1062 causam
1428 1034 1550 1062 omnium
1563 1034 1751 1065 ascendentes.

965 1082 1189 1118 supermundanis
1208 1081 1294 1109 oculis
1315 1080 1494 1115 contemplari
1513 1080 1606 1107 omnia
1629 1080 1659 1107 in
1671 1087 1751 1107 causa

965 1128 1096 1161 onmium,
1105 1131 1132 1154 et
1144 1134 1202 1162 quae
1215 1132 1278 1154 sunt
1290 1127 1360 1153 inter
1371 1133 1401 1153 se
1413 1125 1562 1156 contraria,
1576 1124 1751 1152 unifortniter

965 1178 992 1200 et
1003 1173 1140 1208 copulate;
1163 1173 1295 1206 siquidem
1317 1172 1480 1207 principium
1492 1176 1534 1199 est
1554 1179 1656 1204 rerum,
1669 1179 1685 1198 a
1699 1178 1754 1206 quo

967 1225 1020 1247 tam
1035 1220 1180 1254 ipsummet
1201 1225 1271 1250 esse,
1294 1226 1376 1254 quam
1406 1218 1498 1246 omnia
1520 1225 1580 1252 qua:
1598 1217 1750 1253 quomodo-

965 1273 1072 1300 cunque
1091 1269 1165 1298 sunt,
1179 1272 1259 1293 omne
1271 1264 1447 1299 principium,
1467 1263 1558 1291 omnis
1580 1263 1653 1296 ﬁnis,
1665 1263 1755 1291 omnis

966 1312 1032 1344 vita,
1052 1311 1140 1339 omnis
1163 1310 1364 1342 immortalitas,
1388 1309 1478 1337 omnis
1499 1309 1644 1344 sapientia,
1665 1308 1754 1338 omnis

965 1359 1044 1390 ordo,
1064 1358 1154 1385 omnis
1183 1356 1371 1391 congruentia,
1392 1355 1482 1384 omnis
1503 1354 1645 1390 potentia,
1664 1354 1754 1382 omnis

966 1401 1105 1433 custodia,
1132 1407 1213 1428 omne
1241 1402 1460 1432 ﬁrmamentum,
1481 1399 1571 1427 omnis
1589 1399 1754 1435 permansio,

966 1447 1056 1475 omnis
1086 1447 1284 1483 intelligentia,
1305 1447 1397 1474 omnis
1428 1446 1510 1479 ratio,
1532 1446 1621 1474 omnis
1643 1453 1753 1478 sensus,

966 1494 1055 1521 onmis
1077 1493 1194 1526 habitus,
1216 1493 1305 1521 omnis
1323 1498 1424 1525 status,
1438 1492 1527 1519 omnis
1544 1496 1644 1524 motus,
1664 1491 1755 1523 omnis

125 1537 161 1564 τὰ
175 1538 241 1565 ἄλλα
255 1539 313 1572 ὅσα,
329 1539 367 1575 τῷ
380 1538 447 1569 εἶναι
465 1541 538 1573 ὄντα,
553 1541 588 1568 τὰ
601 1542 665 1569 ὄντα
681 1544 768 1570 πάντα
783 1553 915 1581 χαρακτη-

969 1539 1042 1571 unio,
1053 1539 1141 1566 omnis
1154 1538 1322 1573 complexus,
1336 1538 1424 1566 omnis
1435 1536 1514 1573 5.31
1524 1537 1654 1569 amicitia,
1665 1537 1755 1564 omnis

129 1584 208 1620 ρίζει.

967 1586 1158 1620 discrepantia,
1179 1585 1269 1613 omnis
1289 1584 1438 1618 distinctio,
1460 1583 1549 1611 omnis
1572 1584 1706 1617 deﬁnitio,
1727 1589 1756 1610 et

968 1636 1065 1658 caetera
1086 1637 1257 1666 quaecunque
1269 1630 1384 1658 esscndo
1396 1635 1459 1658 sunt
1469 1629 1555 1662 entia,
1568 1629 1693 1656 universa
1714 1629 1756 1656 in-

969 1678 1063 1713 signit.

884 1758 898 1794 §
917 1757 1002 1787 Vlll.

163 1825 218 1852 Kal.
239 1826 271 1852 ὲκ
291 1826 341 1861 τῆς
359 1827 474 1863 αὑτῆς⁷³
490 1829 598 1856 πάντων
613 1830 701 1862 αἰτίας
719 1831 746 1857 αἱ
764 1831 856 1866 νοηταὶ
873 1831 920 1857 καὶ

129 1872 220 1908 νοεραὶ
237 1873 291 1899 τῶν
303 1873 426 1901 θεοειδῶν
443 1875 566 1910 ἀγγέλων
581 1877 680 1910 οὐσίαι,
695 1877 743 1904 καὶ
757 1878 784 1903 αι
798 1876 852 1903 τῶν
869 1876 920 1912 ψυ-

129 1918 194 1953 χῶν,
209 1919 255 1946 καὶ
271 1921 298 1946 αι
313 1920 359 1946 τοῦ
374 1922 474 1954 παντὸς
486 1922 589 1957 κόσμου
605 1923 711 1959 φύσεις,
723 1924 816 1951 καὶτὰ
828 1926 920 1951 ὁπωσ-

129 1963 176 1990 οὖν
201 1964 218 2000 ἢ
239 1966 268 1992 ὲν
291 1966 394 2002 ἑτέροις
415 1967 560 2004 ὑπάρχειν,
580 1969 596 2004 ἢ
622 1969 682 1996 κατ’
705 1970 825 1996 ἐπίνοιαν
850 1967 919 1996 εἶναι

129 2009 279 2045 λεγόμενα·
307 2013 354 2038 καὶ
373 2013 438 2046 γοῦν
463 2015 490 2040 αἱ
517 2014 648 2049 πανάγιαι.
672 2015 718 2042 καὶ
735 2015 919 2051 πρεσϐύταται

130 2054 258 2091 δυνάμεις
281 2056 364 2090 ὅντως
385 2056 478 2091 οὖσαι,
502 2061 550 2086 καὶ
572 2058 627 2087 οἷον
648 2061 678 2087 ὲν
701 2060 847 2096 προθύροις
866 2060 917 2095 τῆς

131 2100 292 2136 ὑπερουσίου
311 2103 424 2138 Τριάδος
443 2104 600 2140 ἱδρυμέναι,
623 2105 691 2140 πρὸς
714 2105 800 2141 αὐτῆς
823 2106 869 2132 καὶ
888 2107 917 2132 ὲν

130 2147 216 2182 αὐτῇ,
236 2148 327 2175 καὶτὸ
348 2147 433 2182 εἶναι,
459 2151 506 2177 καὶ
525 2151 555 2177 τὸ
574 2151 697 2183 θεοειδῶς
718 2149 786 2178 εἶναι
807 2151 916 2188 ἔχουσι·

131 2193 178 2245 καὶ
198 2195 255 2229 μετ’
269 2195 375 2227 ὲκείνας
389 2197 416 2223 αἱ
436 2196 580 2232 ὑφειμέναι
594 2197 624 2224 τὸ
641 2197 794 2233 ὑφειμένως
804 2217 812 2230 ,
829 2198 876 2225 καὶ
890 2199 918 2226 αἱ
935 2217 957 2245 D

131 2238 244 2274 ἔσχαται
263 2241 294 2267 τὸ
313 2241 452 2277 ἐσχάτως,
476 2242 515 2274 ὡς
537 2242 605 2278 πρὸς
623 2243 773 2278 ἀγγέλους,
793 2244 831 2277 ὡς
850 2245 918 2280 πρὸς

131 2285 205 2320 ἡμᾶς
215 2286 243 2312 δὲ
253 2287 453 2324 ὑπερκοσμίως.
461 2289 516 2315 Καὶ
523 2289 550 2315 αἱ
557 2289 651 2325 ψυχαὶ,
659 2290 747 2317 καὶτὰ
755 2290 821 2318 ἄλλα
829 2292 918 2319 πάντα

131 2331 207 2364 ὄντα,
220 2332 290 2359 κατὰ
302 2333 346 2360 τὸν
355 2334 436 2360 αὑτὸν
446 2334 523 2369 λόγον
535 2335 620 2362 καὶτὸ
631 2334 699 2363 εἶναι
713 2337 759 2364 καὶ
766 2337 796 2364 τὺ
806 2335 835 2365 εὖ
848 2336 918 2366 εἶναι

132 2378 189 2412 ἔχει
198 2398 205 2410 ,
222 2379 268 2405 καὶ
281 2379 337 2406 ἔστι
349 2381 395 2406 καὶ
408 2378 437 2407 εὖ
452 2381 534 2414 ἐστιν,
546 2382 579 2408 ὲκ
592 2382 639 2409 τοῦ
657 2383 786 2418 προόντος
798 2383 830 2410 τὸ
848 2381 917 2411 εἶναι

133 2424 180 2450 καὶ
193 2423 224 2450 τὸ
239 2423 269 2450 εὖ
282 2423 351 2453 εἶναι
365 2425 473 2461 ἔχοντα,
489 2428 536 2454 καὶ
552 2427 582 2454 ὲν
604 2427 740 2464 αὺτῷικαὶ
751 2428 815 2455 ὄντα
827 2430 875 2456 καὶ
887 2427 917 2456 εὖ

133 2469 216 2502 ὂντα,
232 2471 278 2497 καὶ
298 2471 328 2504 ἐξ
348 2472 431 2498 αὐτοῦ
453 2473 608 2509 ἀρχόμενα,
627 2475 673 2501 καὶ
688 2475 717 2502 ἐν
741 2475 815 2511 αὐτῷ
837 2484 920 2511 φρου-

135 2516 268 2554 ρούμενα,
293 2518 338 2544 καὶ
358 2519 398 2550 εἰς
421 2519 502 2545 αὐτὸν
519 2521 718 2556 περατούμενα.
742 2521 797 2548 Καὶ
816 2522 850 2549 τὰ
870 2523 920 2558 μὲν

134 2564 267 2599 πρεσϐεῖα
288 2564 335 2590 τοῦ
359 2562 428 2592 εἶναι
452 2566 527 2601 νέμει
545 2568 606 2598 ταῖς
623 2567 775 2602 κρείττοσιν
796 2568 919 2600 οὐσίαις,

132 2608 168 2641 ἃς
184 2611 230 2636 καὶ
246 2611 358 2643 αἰωνίας
376 2611 452 2638 καλεῖ
466 2612 500 2639 τὰ
514 2612 605 2646 λόγια·
620 2613 651 2639 τὺ
662 2613 691 2640 δὲ
705 2611 773 2641 εἶναι
787 2614 852 2640 αὐτὸ
865 2614 920 2643 τῶν

135 2654 219 2681 ὀντων
231 2655 340 2682 πάντων
354 2656 480 2683 οὐδέποτε
496 2657 687 2685 ἀπολείπεται·
706 2659 753 2686 καὶ
765 2659 830 2686 αὐτὸ
845 2659 874 2686 δὲ
891 2659 922 2686 τὸ

1008 1832 1096 1865 Atque
1107 1838 1140 1859 ex
1151 1831 1203 1859 hac
1214 1830 1270 1865 ipsa
1282 1829 1401 1857 omnium
1415 1834 1573 1858 causa‘sunt
1582 1829 1756 1858 intellectiles

972 1885 1004 1904 ac
1024 1876 1205 1912 intelligentes
1225 1876 1399 1904 deiformium
1413 1876 1572 1911 angelorum
1588 1876 1756 1903 animarum-

971 1931 1024 1959 que
1038 1924 1176 1956 essentiai,
1187 1931 1218 1951 ac
1232 1923 1314 1950 totius
1326 1922 1417 1950 mundi
1430 1927 1543 1954 natur-:2,
1552 1928 1579 1950 et
1589 1929 1756 1957 qumcunque

972 1969 1014 1996 νυ]
1027 1969 1054 1996 in
1076 1969 1137 1996 aliis
1155 1969 1284 2000 existere,
1300 1968 1342 1995 vel
1363 1975 1412 2004 per
1432 1969 1623 2003 cogitationem
1641 1975 1701 1995 esse
1715 1968 1757 1995 di-

971 2017 1086 2045 cuntur;
1102 2014 1218 2047 denique
1233 2013 1414 2040 sanctissima:
1433 2013 1485 2040 illa:
1506 2013 1756 2048 antiquissimmque

970 2059 1101 2092 virtutes,
1116 2066 1177 2094 qua:
1191 2066 1263 2087 verte
1285 2064 1349 2087 sunt
1369 2060 1503 2092 essentim,
1517 2065 1544 2086 et
1555 2059 1754 2094 quodaminodo

972 2105 998 2132 in
1011 2105 1070 2140 ipso
1083 2105 1216 2133 vestibulo
1236 2105 1472 2140 supercsscntialis
1493 2105 1636 2132 Trinitatis
1650 2106 1754 2132 consti-

973 2155 1046 2185 tutae,
1056 2151 1089 2179 ab
1099 2151 1156 2186 ipsa
1164 2159 1272 2187 quoque
1282 2156 1308 2178 et
1321 2152 1345 2178 in
1358 2153 1426 2186 ipsa,
1439 2154 1465 2177 et
1478 2155 1539 2185 post
1551 2158 1598 2178 eas
1610 2150 1755 2178 inferiores

972 2196 1108 2231 inferiori,
1124 2198 1344 2232 novissimchue,
1357 2197 1445 2233 quoad
1461 2196 1572 2231 angelos
1583 2196 1692 2233 quidem
1708 2203 1757 2223 no.-

970 2244 1093 2276 vissimo,
1107 2244 1196 2278 quoad
1212 2252 1261 2272 nos
1273 2249 1363 2271 autem
1374 2243 1588 2278 supertnundiali
1600 2243 1684 2278 gradu
1699 2247 1755 2270 tum

971 2297 1033 2317 esse
1046 2295 1100 2317 tum
1114 2289 1283 2318 deiformiter
1295 2297 1356 2317 esse
1369 2290 1504 2321 obtinent,
1522 2290 1628 2317 Animae
1638 2296 1754 2324 quoque,

971 2338 1134 2369 caeleraeque
1143 2341 1239 2362 omnes
1254 2335 1395 2367 entitates,
1412 2334 1559 2361 secundum
1572 2336 1695 2363 eamdem
1709 2342 1754 2361 ra-

972 2378 1084 2413 tionem,
1102 2384 1156 2408 tam
1170 2387 1231 2408 esse
1246 2388 1326 2414 quam
1349 2380 1419 2408 bene
1439 2387 1499 2408 esse
1517 2380 1630 2414 habent,
1650 2385 1678 2408 et
1693 2385 1756 2407 sunt

971 2430 998 2452 et
1009 2425 1078 2453 bene
1089 2430 1162 2458 sunt,
1178 2426 1240 2453 dum
1253 2426 1287 2454 ab
1304 2433 1336 2454 eo
1346 2427 1392 2461 qui
1408 2427 1485 2464 prius
1497 2431 1539 2455 est
1547 2435 1608 2454 cum
1624 2433 1683 2454 esse
1697 2432 1754 2454 tum

970 2472 1039 2500 bene
1051 2480 1110 2500 esse
1123 2473 1255 2506 obtinent,
1268 2478 1296 2500 et
1311 2475 1338 2500 in
1354 2474 1412 2508 ipso
1427 2479 1454 2501 et
1472 2477 1537 2501 sunt
1548 2479 1575 2501 et
1588 2473 1656 2500 bene
1673 2477 1748 2504 sunt,

971 2523 998 2546 et
1011 2525 1045 2545 ex
1065 2518 1122 2553 ipso
1135 2519 1276 2554 incipiunt,
1289 2525 1314 2546 et
1328 2520 1353 2546 in
1369 2519 1426 2554 ipso
1441 2525 1652 2551 conservantur,
1673 2524 1701 2547 et
1716 2520 1751 2546 ad

971 2565 1059 2600 ipsum
1081 2565 1269 2593 terminantur.
1283 2567 1322 2593 Ac
1340 2567 1442 2601 primas
1462 2566 1572 2601 quidem
1589 2567 1673 2601 ipsius
1694 2574 1754 2594 esse

972 2611 1110 2639 distribuit
1124 2612 1359 2646 praestantioribus
1379 2613 1432 2640 illis
1452 2613 1592 2642 essentiis.
1609 2620 1677 2647 quas
1690 2613 1755 2639 mvi—

973 2662 1065 2685 ternas
1082 2658 1230 2692 Scriptura:
1247 2663 1362 2692 vocant;
1382 2659 1471 2694 ipsum
1483 2663 1573 2687 autent
1589 2666 1649 2686 esse
1663 2665 1754 2685 rerqu
1771 2683 1774 2687 ,

772 2729 889 2777 unus
906 2747 1108 2777 LECTIONES.

172 2824 196 2841 ¹³
217 2825 408 2861 πλησιόπεραι,
427 2825 454 2854 S.
511 2827 532 2843 ⁷¹
550 2829 573 2855 οἱ
593 2828 675 2863 αὐτῆς
693 2828 752 2855 καθ’
770 2827 892 2861 ἕκαστον,
912 2829 943 2856 ι).

1015 2830 1037 2845 ⁷²
1055 2829 1152 2864 κρίσις,
1173 2827 1195 2855 Μ
1218 2827 1262 2856 Sc.
1319 2828 1341 2844 ⁷³
1358 2829 1403 2855 καὶ
1420 2829 1451 2855 ἐκ
1468 2829 1576 2863 ταύτης,
1596 2828 1628 2857 Μ.
