1938 3065
188 123 241 152 823
774 124 801 151 δ.
823 125 970 154 DIONYSII
989 126 1220 155 AREOPAGI'LE
1762 123 1822 153 835

188 182 378 210 universartuu
401 189 540 217 nunquam
564 182 672 216 deficit;
701 190 886 212 verumtamen
910 185 953 213 illa

1056 196 1094 213 ναι
1107 206 1114 218 ,
1136 184 1236 214 ἐκῖτοῦ
1260 184 1406 220 προόντος·
1427 183 1475 210 καὶ
1491 182 1573 210 αὑτοῦ
1594 183 1652 210 ἐστι
1673 182 1704 210 τὸ
1727 180 1821 216 εἶναι,

188 228 277 262 ipsum
303 234 364 255 esse
385 232 428 255 est
454 235 486 255 ex
507 235 539 255 eo
553 227 598 262 qui
621 229 695 263 prius
715 234 773 263 est;
787 234 813 257 et
830 230 914 264 ipsius
933 239 953 258 Cl

1054 234 1072 260 ιὶ
1089 234 1139 260 οὐκ
1152 232 1233 264 αὐτὸς
1248 231 1295 258 τοῦ
1310 228 1396 257 εἶναι·
1413 230 1461 257 καὶ
1474 230 1503 257 ὲν
1518 229 1591 266 αὐτῷ
1607 231 1664 257 ἐστι
1682 230 1714 256 τὸ
1733 227 1819 263 εἶναι,

187 273 319 305 essentia,
332 277 360 300 et
374 280 427 300 nou
444 273 502 308 ipse
518 274 659 308 assentire;
677 279 704 302 et
726 275 752 302 in
775 276 834 310 ipso
853 281 894 303 est
917 283 950 304 ex

1054 280 1071 307 ιὶ
1084 281 1134 307 οὐκ
1151 278 1232 310 αὐτὸς
1249 279 1278 305 ὲν
1296 277 1336 313 τῷ
1353 274 1437 303 εἶναι·
1453 276 1501 304 καὶ
1518 276 1599 303 αὑτὸν
1617 276 1673 312 ἔχει
1690 275 1720 303 τὸ
1734 274 1819 309 εῖναι,

188 321 297 352 slentia,
311 326 339 348 et
352 328 405 347 non
421 321 478 355 ipse
491 329 516 346 In
531 320 693 354 existentia;
722 325 804 356 atque
819 322 906 357 ipsum
923 322 953 349 lia

1056 327 1072 354 ι).
1087 327 1137 353 οὐκ
1151 325 1231 357 αὐτὸς
1247 324 1303 360 ἔχει
1315 323 1345 350 τὺ
1360 321 1429 350 εἶναι
1439 332 1446 338 ·
1459 323 1506 350 καὶ
1520 323 1599 355 αὐτός
1618 323 1675 350 ἐστι
1688 323 1735 350 τοῦ
1746 321 1821 350 εἶναι

188 363 233 392 bet
256 365 411 396 existentia.
436 371 463 394 et
486 374 538 394 non
566 367 624 402 ipse
639 367 721 394 habet
743 367 953 400 existentiam;<

1056 374 1071 400 εὶ
1091 374 1168 405 αἰὼν,
1184 372 1232 398 καὶ
1248 371 1331 407 ἀρχὴ,
1350 370 1397 397 καὶ
1415 369 1524 406 μέτρον,
1538 369 1591 405 πρὸ
1607 369 1699 401 οὑσίας
1712 369 1750 396 ὢν
1769 369 1821 396 καὶ

189 412 247 446 ipse
259 417 304 439 est
320 413 404 444 ipsius
426 413 579 440 existentize
592 418 620 441 et
636 421 732 446 aevum,
751 418 778 441 et
799 414 951 449 principiuu

1052 427 1115 451 τος,
1139 418 1186 445 καὶ
1211 417 1308 448 αἰῶνος,
1322 435 1329 449 ,
1355 416 1402 443 καὶ
1427 416 1535 443 πάντων
1555 416 1707 448 οὐσιοποιὸς
1725 415 1817 451 ἀρχὴ,

188 463 215 484 et
231 465 366 491 mensura,
379 466 439 486 cum
462 465 524 487 ante
544 460 719 488 existentiam
741 465 769 488 et
788 461 859 488 eutis
872 465 896 487 et
910 468 949 488 aer

1054 465 1070 491 tt
1089 464 1222 500 μεσότης,
1240 464 1287 491 καὶ
1305 465 1427 500 τελευτή.
1444 463 1500 491 Καὶ
1516 463 1560 490 διὰ
1579 462 1659 490 τοῦτο
1677 462 1744 499 πρὸς
1760 462 1819 490 τῶν

188 507 217 530 et
228 503 349 532 omnium
367 504 586 532 substantiﬁcum
611 504 783 540 principium,
805 510 833 533 et
855 505 953 532 medim

1055 511 1121 546 γίων
1134 512 1149 538 6
1168 511 1252 544 ὅντως
1272 510 1362 547 προὼν
1381 510 1453 538 κατὰ
1472 510 1562 537 πᾶσαν
1578 508 1633 536 τῶν
1649 508 1734 535 ὄντων
1753 509 1819 536 ὲπί-

186 553 216 575 et
233 548 295 576 linls
304 549 414 577 existat.
435 550 596 585 Atqueideo
609 550 643 578 ab
663 549 784 586 Eloquiis
824 551 872 586 qui
910 558 951 578 νει

1057 564 1098 582 ιαν
1111 554 1390 589 πολλαπλασιάζεται,
1407 555 1454 583 καὶ
1470 554 1500 582 τὺ
1515 552 1549 590 ἦν
1564 553 1608 580 ἐπ’
1619 552 1702 580 αὐτοῦ
1713 553 1746 585 ⁷⁸,
1769 553 1821 580 καὶ

187 595 362 629 ιιι-ειξθιίειίι,
386 598 534 623 secundum
557 596 677 626 omnium
706 603 800 624 eorum
824 603 884 631 qua:
911 605 952 625 SUI

1068 601 1137 633 ἔστι,
1153 601 1200 628 καὶ
1219 601 1250 628 τὸ
1269 600 1346 627 ἔσται
1359 620 1367 633 ,
1385 600 1433 627 καὶ
1451 600 1481 627 τὸ
1498 599 1615 634 ἐγένετο,
1637 599 1683 626 καὶ
1698 598 1821 634 γίνεται,

188 641 384 675 cogitationem
411 642 618 676 multiplicatur,
634 647 662 670 et
683 643 710 669 in
732 649 765 669 eo
782 642 890 676 proprie
904 643 953 671 celi

1054 648 1071 674 ι).
1090 647 1251 683 γενήσεται,
1267 646 1371 683 κυρίως
1388 646 1531 682 ὑμνεῖται’
1545 644 1633 672 ταῦτα
1653 644 1708 680 γὰρ
1727 644 1819 672 πάντα

188 685 294 721 bratur,
308 691 380 719 erat,
400 692 428 714 et
443 692 496 721 est,
510 691 537 714 et
548 688 612 720 erit,
626 688 690 715 item
705 688 806 715 factum
822 692 872 720 est,
888 693 915 716 et
933 689 948 715 ti

1055 694 1080 726 ῖς
1095 692 1252 729 Θεοπρεπῶς
1270 692 1361 719 νοοῦσι
1371 692 1394 709 ⁷³
1415 691 1447 719 τὸ
1465 691 1536 718 κατὰ
1554 691 1644 719 πᾶσαν
1659 690 1739 717 αὐτὸν
1755 690 1820 717 ὲπί-

187 737 216 760 et
228 733 289 767 ﬁet;
308 733 365 761 hac
377 733 448 761 enim
465 734 555 761 omnia
569 733 723 769 signiﬁcant
735 733 769 762 iis
786 734 831 769 qui
847 738 875 762 ut
891 735 952 762 Deut

1056 750 1097 769 ιαν
1117 741 1284 777 ὑπερουσίως
1297 738 1367 768 εἶναι
1379 738 1523 776 σημαίνει,
1539 738 1587 766 καὶ
1601 737 1655 765 τῶν
1672 735 1819 772 πανταχῶς

188 779 267 807 decet
283 779 449 816 intelligunt,
466 787 527 808 esse
543 788 604 808 eum
621 782 768 809 secundtun
785 789 892 810 omnem
903 790 953 817 cog

1056 797 1109 815 των
1132 787 1228 815 αἴτιον.
1256 787 1312 814 Καὶ
1334 786 1390 822 γὰρ
1404 787 1434 813 οὐ
1457 785 1516 813 τόδε
1542 785 1592 819 μὲν
1616 784 1694 817 ἔστι,
1710 783 1771 810 τόδε
1788 782 1819 809 δὲ

189 826 319 854 tationem
348 826 625 862 suprasubstantiam,
643 831 671 853 et
683 833 743 854 esse
755 834 866 855 causam
880 835 954 856 eorut

1057 843 1075 861 κ
1091 833 1177 861 ἔστιν·
1196 833 1257 860 οὐδὲ
1274 833 1313 868 πῆ
1333 832 1383 869 μὲν
1394 833 1469 865 ἔστι,
1487 831 1526 867 πῆ
1537 831 1565 858 δὲ
1580 830 1630 858 οὐκ
1642 830 1731 857 ἔστιν·
1748 828 1819 856 ἀλλὰ

187 879 249 907 quze
263 872 351 902 modis
371 873 498 900 omnibus
513 877 585 900 sunt.
601 872 707 900 Etenim
723 881 775 901 non
793 874 845 902 hoc
865 875 952 910 quidet

1054 881 1113 908 ivra
1126 881 1210 914 ἐστὶν,
1230 880 1267 913 ὡς
1285 863 1393 908 παντων
1407 863 1572 912 αῐτιοςίκαΣ
1588 880 1617 906 ὲν
1635 877 1710 913 αὑτῷ
1726 878 1819 909 πάσας

187 923 238 950 cst,
256 918 322 946 illud
343 927 408 949 vero
428 927 482 947 non
500 925 559 952 est;
582 927 632 947 nec
651 920 743 955 aliquo
758 921 868 954 quidem
894 921 952 949 mod

1054 926 1129 962 ›χάς,
1154 926 1243 953 πάντα
1266 925 1504 961 συμπεράσματα,
1528 923 1636 951 πάντων
1654 922 1708 950 τῶν
1731 922 1819 949 όντων

187 970 239 999 est,
262 965 354 1000 aliquo
369 973 433 993 vero
449 973 502 994 non
519 971 575 999 est;
600 966 647 993 sed
665 967 755 1001 potius
767 968 859 994 omnia
877 972 931 998 est.
946 976 952 994 ι

1051 972 1145 1008 ινέχων
1156 973 1178 989 ⁷⁸
1197 972 1243 999 καὶ
1265 971 1388 1007 προέχων
1398 979 1405 986 ’
1429 970 1476 998 καὶ
1492 969 1562 1006 ὑπὲρ
1580 969 1614 996 τὰ
1629 969 1716 996 πάντα
1731 968 1816 1001 ἐστὶν,

185 1012 308 1039 annulum
328 1017 434 1045 auctor,
457 1018 485 1040 et
505 1013 531 1039 iu
554 1020 584 1040 so
606 1014 696 1040 omnia
723 1014 867 1048 principia,
881 1022 950 1041 Olllﬂt

1054 1027 1062 1051 ;
1078 1018 1132 1054 πρὸ
1149 1018 1257 1045 πάντων
1272 1016 1441 1053 ὑπερονσίως
1461 1015 1580 1052 ὑπερών.
1601 1015 1648 1042 Διὸ
1664 1015 1711 1042 καὶ
1727 1014 1819 1042 πάντα

185 1059 308 1087 ninnium
327 1066 417 1087 rerum
437 1059 645 1088 terminationes
668 1059 810 1088 continens
831 1065 859 1088 et
879 1060 950 1088 antic

1053 1064 1107 1092 ‘rroii
1129 1065 1177 1092 καὶ
1202 1064 1261 1100 ἅμα
1285 1061 1497 1099 κατηγορεῖται,
1514 1062 1562 1089 καὶ
1581 1061 1658 1089 οὐδέν
1680 1061 1739 1088 ἐστι
1761 1060 1818 1087 τῶν

185 1114 270 1143 pans;
283 1111 312 1134 et
328 1113 413 1142 supra
428 1106 520 1134 omnia
535 1110 588 1140 est,
601 1110 694 1142 utpote
703 1111 766 1135 ante
776 1107 867 1134 omnia
883 1114 950 1143 supr,

1055 1111 1134 1139 Ξντων
1147 1112 1170 1128 "
1181 1120 1188 1126 '
1207 1111 1366 1147 πάνσχημος
1376 1130 1383 1143 ,
1402 1109 1540 1141 πανείδεος
1550 1129 1557 1142 ,
1577 1109 1700 1145 ἄμορφος
1709 1128 1717 1140 ,
1732 1107 1820 1134 ἀκαλ-

184 1153 365 1182 essentialiter
373 1161 539 1189 supraquam
548 1154 681 1182 existens.
689 1153 873 1187 Quamobrem
882 1161 946 1181 onm

1053 1166 1074 1193 ις
1085 1177 1092 1191 ,
1115 1157 1203 1194 ἀρχὰς
1217 1157 1264 1184 καὶ
1284 1157 1353 1193 μέσα
1368 1156 1415 1183 καὶ
1431 1156 1496 1192 τέλη
1522 1155 1576 1182 τῶν
1591 1154 1676 1182 όντων
1693 1154 1818 1189 ἀσχέτως

185 1199 220 1227 de
236 1200 297 1234 ipso
307 1204 335 1227 et
348 1199 429 1227 simul
440 1199 579 1233 dicuntur,
595 1200 716 1235 nihilque
728 1205 770 1228 est
780 1201 919 1233 omnium;
933 1207 948 1228 e

1053 1204 1073 1231 ιὶ
1086 1203 1263 1240 ὲξῃρημένως
1281 1203 1310 1230 ὲν
1326 1201 1414 1238 ἑαυτῷ
1429 1201 1602 1238 προειληφὼς
1613 1221 1621 1234 ,
1636 1201 1684 1228 καὶ
1703 1201 1769 1227 πᾶσι
1786 1199 1818 1226 τὺ

185 1245 275 1272 omnis
288 1245 392 1281 ﬁgurae,
408 1246 498 1273 omnis
510 1245 591 1282 532
606 1245 711 1279 formae,
730 1246 789 1274 sine
803 1246 902 1279 forma.
915 1247 950 1275 sir

1052 1259 1093 1278 ναι
1111 1249 1264 1286 κατὰλμίαν
1279 1250 1325 1277 καὶ
1342 1248 1557 1286 ὑπερηνωμένην
1570 1247 1660 1275 αἰτίαν
1674 1246 1817 1282 ἀχράντως

185 1290 407 1326 pulchritudine,
430 1293 562 1328 principia
581 1297 610 1321 et
627 1293 716 1321 media
736 1298 764 1320 et
790 1292 860 1321 lines
883 1300 950 1320 rerui

1053 1297 1197 1332 ιιλάμπων.
1224 1296 1258 1323 Et
1277 1295 1333 1331 γὰρ
1351 1295 1366 1322 ὁ
1381 1295 1442 1322 καθ’
1459 1295 1533 1331 ἡμᾶς
1551 1293 1626 1330 ἥλιος
1642 1292 1691 1325 τὰς
1707 1293 1762 1318 τῶν
1773 1292 1818 1318 αἰ-

185 1337 275 1366 solute
290 1342 318 1365 et
339 1338 473 1366 abstracta
488 1339 515 1366 in
531 1338 621 1373 seipso
643 1339 791 1374 anticipata
817 1340 950 1371 habens“

1053 1342 1133 1378 iqtﬂiv
1144 1342 1238 1374 οὐσίας
1249 1342 1296 1369 καὶ
1307 1342 1453 1378 ποιότητας
1463 1361 1470 1373 ,
1488 1341 1576 1367 καίτοι
1589 1339 1688 1370 πολλὰς
1699 1338 1746 1365 καὶ
1759 1337 1818 1366 δια-

185 1383 313 1412 omnibus
327 1391 394 1419 pure
409 1384 522 1412 illucens
532 1406 539 1417 ,
553 1385 694 1420 largiendo
709 1390 738 1413 ut
754 1385 810 1413 sint
824 1386 950 1413 secundu:

1052 1387 1125 1424 5ρους
1149 1387 1247 1420 οὔσας,
1270 1388 1345 1423 ὅμως
1370 1386 1451 1419 αὐτὸς
1473 1383 1512 1418 εἷς
1535 1385 1583 1418 ὣν,
1609 1384 1656 1412 καὶ
1680 1383 1817 1419 μονοειδὲς

185 1437 297 1458 causam
310 1438 391 1459 unam
409 1435 437 1459 et
447 1438 613 1466 supraquam
629 1432 794 1468 copulatam.
809 1432 838 1459 Si
851 1433 924 1460 enim
934 1440 950 1461 εκ

1050 1435 1190 1470 τιλάμπων
1206 1433 1281 1469 φῶς,
1299 1434 1407 1461 ἀνανεοῖ
1419 1453 1426 1467 ,
1443 1434 1490 1460 καὶ
1503 1432 1612 1468 τρέφει,
1626 1431 1673 1459 καὶ
1690 1430 1815 1466 φρουρεῖ,

186 1475 235 1504 ille
249 1481 344 1505 noster
361 1485 452 1505 rerum
470 1478 610 1506 sensilium
624 1478 792 1506 substantias
808 1486 841 1505 ac
858 1478 951 1513 qualiu

1050 1480 1072 1508 ιι
1085 1479 1199 1513 τελειοῖ,
1213 1480 1261 1507 καὶ
1272 1479 1404 1516 διακρίνει
1416 1499 1424 1512 ,
1440 1479 1487 1505 καὶ
1503 1479 1560 1504 ενοῖ
1571 1498 1578 1510 ,
1597 1477 1644 1504 καὶ
1655 1475 1815 1507 ἀναθάλπει,

187 1528 238 1557 tes,
251 1523 427 1558 quantumvis
445 1523 537 1551 multae
556 1524 611 1552 sint
628 1531 661 1551 ac
677 1524 803 1557 diversas,
818 1524 898 1552 simul
916 1524 952 1551 ιιιι

1050 1526 1072 1553 ti.
1090 1526 1189 1562 γόνιμα
1211 1523 1280 1553 εἶναι
1302 1527 1392 1557 ποιεῖ,
1411 1525 1458 1553 καὶ
1475 1523 1628 1558 dicunt
1641 1521 1815 1555 ἐξαλλάττει,

186 1576 249 1596 cum
261 1569 298 1597 sit
307 1569 414 1602 unicus,
425 1576 452 1597 et
461 1570 633 1598 uniformiter
641 1568 774 1597 diffundat
782 1570 871 1598 lumen
881 1578 951 1598 suun

1053 1572 1072 1599 ιὶ
1093 1571 1226 1607 ὲνιδρύει,
1249 1571 1297 1598 καὶ
1317 1569 1432 1605 ἐκφύει,
1455 1569 1502 1597 καὶ
1524 1568 1665 1599 ἀνακινεῖ,
1685 1566 1732 1593 καὶ
1752 1566 1818 1597 ζωοί

186 1623 283 1644 omnes
297 1620 419 1648 renovat,
437 1622 464 1644 et
487 1617 583 1649 nutrit,
598 1621 627 1644 et
642 1621 742 1650 servat,
761 1622 789 1644 et
805 1617 930 1652 perﬁcit,
946 1627 951 1644 ‹

1053 1617 1114 1643 ivra.
1123 1636 1131 1649 ,
1144 1615 1192 1643 καὶ
1203 1615 1258 1642 τῶν
1269 1615 1337 1643 ὅλων
1349 1615 1463 1642 ἕκαστον
1475 1613 1583 1645 οἰκείως
1593 1611 1682 1646 ἑαυτῷ
1694 1610 1741 1637 τοῦ
1751 1609 1818 1636 ταὺ-

186 1662 342 1698 distiuguit,
354 1668 382 1691 et
394 1664 464 1697 unit,
477 1669 503 1691 et
514 1663 628 1695 refovet,
643 1667 671 1691 et
682 1663 818 1695 fecundat,
832 1668 860 1691 et
880 1671 950 1699 auge

1051 1662 1072 1689 μῦ
1090 1663 1137 1690 καὶ
1147 1662 1206 1695 ἑνὸς
1214 1662 1289 1698 ἡλίου
1306 1661 1431 1698 μετέχει,
1446 1660 1552 1692 καὶτὰς
1563 1659 1618 1686 τῶν
1632 1657 1737 1685 πολλῶν
1750 1664 1816 1692 μετ-

186 1711 215 1735 et
225 1707 363 1741 lnImutat,
371 1713 399 1736 et
410 1708 510 1741 ﬁrmat,
525 1713 553 1736 οι
561 1708 735 1743 ρτοιιυοίι,,οι
746 1709 871 1743 suscitat,
887 1714 916 1737 et
927 1717 951 1737 νε

1051 1708 1140 1744 [όντων
1155 1709 1169 1735 ὁ
1185 1705 1225 1741 εἴς
1242 1708 1316 1744 ἥλιος
1326 1707 1415 1739 αἰτίας
1428 1707 1457 1733 ὲν
1470 1704 1557 1741 ἑαυτῷ
1569 1703 1712 1740 μονοειδῶς
1722 1703 1816 1738 προεί-

186 1758 279 1790 gelat;
296 1759 324 1783 et
338 1755 478 1790 quodlibet
498 1762 531 1783 ex
555 1755 608 1788 iis,
626 1755 706 1782 modo
727 1756 827 1791 cuique
850 1757 951 1791 proprie

1050 1763 1093 1791 γφε
1104 1763 1110 1770 ·
1130 1753 1219 1790 πολλῷ
1232 1762 1265 1789 γε
1283 1753 1382 1789 μᾶλλον
1399 1752 1447 1779 ἐπὶ
1455 1752 1506 1786 τῆς
1523 1751 1570 1778 καὶ
1587 1749 1669 1777 αὐτοῦ
1685 1749 1732 1776 καὶ
1745 1748 1815 1775 πάν-

187 1801 269 1828 tmius
283 1801 456 1836 ejusdemque
473 1801 538 1829 solis
555 1803 692 1837 particeps
708 1802 820 1836 existit,
844 1807 873 1830 et
888 1803 950 1838 plur

1050 1809 1080 1828 υν
1101 1801 1190 1833 αἰτίας
1199 1801 1232 1834 ⁷⁸,
1251 1799 1454 1836 προϋφεστάναι
1469 1798 1503 1825 τὰ
1520 1798 1609 1825 πάντα
1627 1796 1681 1824 τῶν
1697 1796 1780 1823 ὅντων
1791 1795 1815 1811 ⁷⁸

190 1854 297 1876 tuorum
316 1855 347 1876 se
363 1848 581 1883 participantium
599 1856 698 1876 causas
710 1849 751 1877 sol
770 1850 867 1877 unicus
885 1850 911 1877 in
928 1858 955 1878 se

1051 1846 1233 1883 ιραδείγματα
1242 1865 1250 1879 ,
1265 1845 1336 1873 κατὰ
1352 1845 1416 1881 μίαν
1428 1843 1588 1879 ὑπερούσιον
1598 1842 1695 1869 ἕνωσιν
1710 1849 1816 1877 συγχω-

188 1893 249 1929 ipso
262 1893 435 1923 uniformiter
449 1895 625 1930 anticipavit;
641 1896 740 1930 potiori
757 1897 853 1932 utique
867 1897 953 1924 ration

1051 1891 1137 1927 ἰτέον-
1156 1891 1217 1918 ἐπεὶ
1233 1891 1280 1918 καὶ
1295 1891 1389 1923 οὐσίας
1409 1890 1528 1926 παράγει
1547 1889 1618 1917 κατὰ
1633 1887 1683 1924 τὴν
1701 1887 1754 1915 ἀπὸ
1769 1887 1816 1914 οὺ-

186 1941 390 1968 concedendutu
404 1944 456 1975 est,
476 1941 502 1968 in
520 1941 663 1976 ipsiusmet
680 1941 746 1969 solis
759 1949 791 1970 ac
808 1950 898 1970 rerum
915 1950 951 1970 on

1049 1941 1086 1973 ἷας
1103 1940 1225 1968 ἔκϐασιν.
1236 1940 1455 1976 ’Παραδείγματα
1468 1939 1498 1967 δέ
1516 1946 1604 1974 φαμεν
1619 1935 1689 1965 εἷναι
1703 1936 1767 1968 τοὺς
1784 1936 1814 1962 ἐν

187 1987 263 2015 nium
281 1994 363 2015 causa
376 2007 385 2022 ,
401 1988 550 2016 secundum
577 1988 686 2015 unicam
716 1988 952 2023 supraessentialet

1049 1991 1084 2027 εῷ
1100 1990 1153 2018 τῶν
1172 1991 1257 2018 ὄντων
1277 1989 1448 2022 οὺσιοποιοὺς
1471 1989 1519 2017 καὶ
1535 1987 1643 2020 ὲνιαῖως
1652 1986 1674 2003 ⁸⁸
1695 1988 1814 2023 προῦφε-

185 2033 398 2069 copulationem,
414 2042 504 2062 rerum
516 2034 638 2061 omnium
653 2034 819 2069 exemplaria
832 2040 949 2070 praeexst

1049 2037 1130 2070 ιῶτας
1146 2037 1241 2072 λόγους
1252 2057 1260 2070 ,
1277 2036 1323 2069 οὓς
1340 2038 1357 2073 ἡ
1372 2036 1494 2072 θεολογία
1511 2034 1693 2072 προορισμοὺς
1716 2032 1814 2064 καλεῖ,

185 2081 264 2112 tisse.
280 2082 500 2117 quandoquidem
527 2082 584 2109 haec
606 2080 737 2116 ipsasmet
759 2082 893 2110 essentias
909 2089 950 2118 prc

1050 2085 1071 2111 ιὶ
1087 2083 1146 2111 θεῖα
1158 2085 1204 2111 καὶ
1214 2083 1306 2119 ἀγαθὰ
1321 2084 1475 2120 θελήματα,
1486 2083 1540 2110 τῶν
1556 2082 1640 2109 ὄντων
1651 2077 1815 2116 ἀφοριστικά

185 2126 268 2154 ducat
292 2128 439 2155 secundum
469 2135 614 2155 excessum
639 2128 775 2155 cssentiaa.
804 2128 947 2164 Exemplar

1050 2131 1072 2158 ti.
1091 2131 1237 2167 ποιητικὰ,
1255 2131 1316 2158 καθ’
1328 2130 1375 2162 οὒς
1390 2131 1405 2157 6
1421 2128 1580 2165 ὑπερούσιος
1594 2129 1630 2156 τὰ
1644 2127 1709 2155 ὂντα
1725 2126 1815 2153 πάντα

185 2179 253 2200 vero
279 2173 395 2201 dicimus
419 2181 480 2202 esse
504 2175 625 2203 rationes
649 2175 676 2202 in
690 2175 744 2203 Deo
770 2175 950 2203 substantilic:

715 2183 744 2203 eo
770 2175 973 2204 substantilicas
1024 2178 1072 2204 καὶ
1091 2176 1226 2213 προώρισε
1245 2177 1293 2204 καὶ
1311 2176 1480 2213 παρήγαγεν.

186 2226 278 2247 rerum
296 2225 324 2248 et
337 2221 411 2248 unite
433 2221 657 2256 praeexistentes,
684 2229 752 2256 quas
774 2221 882 2250 divmus
908 2229 998 2250 sermo
1020 2228 1100 2251 vocat
1127 2224 1368 2259 prmdetlnitiones,
1389 2227 1417 2251 et
1442 2221 1547 2251 divinas
1563 2225 1643 2255 atque
1659 2219 1745 2247 bonas
1768 2225 1816 2244 vo-

185 2265 325 2299 luntates,
348 2274 439 2294 rerum
463 2267 631 2295 delluitrices
654 2273 680 2296 et
709 2267 877 2297 elTectrices:
904 2270 1051 2298 secundum
1075 2278 1144 2305 quas
1159 2270 1205 2306 qui
1241 2275 1284 2298 est
1305 2277 1386 2306 supra
1417 2268 1614 2300 substantiam,
1639 2267 1729 2294 omnia
1752 2272 1815 2300 qua:

179 2318 250 2342 sunt
265 2313 445 2348 praedelinivit
462 2319 490 2342 et
504 2316 642 2350 produxit.

963 2372 1037 2410 51X

222 2444 251 2473 Si
264 2450 356 2473 autem
373 2445 429 2473 vult
448 2444 573 2473 Clemens
596 2444 789 2479 philosophus,
815 2445 849 2472 ad
867 2445 970 2481 aliquid

1060 2445 1092 2472 Εί
1109 2445 1137 2473 δὲ
1152 2446 1167 2472 6
1185 2444 1329 2479 φιλόσοφος
1347 2442 1418 2477 ἀξιοῖ
1431 2442 1549 2479 Κλήμης
1559 2462 1566 2475 ,
1579 2444 1626 2469 καὶ
1643 2442 1710 2477 πρός
1720 2450 1747 2468 τι
1758 2450 1812 2468 πα-

184 2492 239 2519 dici
263 2491 429 2528 exemplaria
447 2499 508 2527 qum
529 2495 592 2519 sunt
615 2492 642 2519 in
668 2491 749 2519 rebus
765 2491 949 2526 principalior:

1046 2492 1195 2527 αδείγματα
1219 2490 1362 2526 λέγεσθαι,
1383 2489 1417 2517 τὰ
1440 2490 1469 2516 ἐν
1487 2491 1543 2521 τοῖς
1562 2488 1637 2517 οὖσιν
1652 2488 1811 2525 ἀρχηγικώ-

185 2538 358 2573 progreditur
371 2539 492 2573 quidem,
507 2546 568 2566 cmn
586 2539 625 2566 sic
639 2538 768 2573 loquitur,
784 2547 838 2566 non
855 2546 903 2574 per
914 2546 950 2576 prt

1047 2546 1090 2573 ερα
1101 2558 1109 2570 ,
1126 2537 1232 2574 πρόεισι
1252 2536 1301 2573 μὲν
1319 2536 1348 2563 οὐ
1365 2536 1409 2564 διὰ
1424 2535 1526 2571 κυρίων
1545 2536 1593 2562 καὶ
1611 2534 1750 2562 παπελῶν
1765 2533 1812 2560 καὶ

185 2584 245 2620 pria
260 2589 288 2611 et
300 2585 421 2620 perfecta
436 2588 465 2612 et
479 2585 612 2620 simplicia
629 2585 737 2613 nomina
750 2595 758 2620 ;
774 2585 821 2613 sed
835 2585 857 2612 si
872 2592 950 2613 conci

1046 2583 1119 2611 πλῶν
1133 2583 1271 2619 ὀνομάτων
1281 2583 1296 2610 6
1306 2582 1384 2618 λόγος
1398 2581 1473 2618 αὐτῷ
1484 2590 1491 2596 ο
1509 2580 1715 2617 συγχωροῦντας
1724 2580 1753 2607 δὲ
1764 2579 1811 2607 καὶ

185 2630 283 2658 damus
304 2630 387 2659 etiam
412 2631 465 2660 hoc
488 2636 563 2660 recte
582 2632 656 2666 dici,
681 2637 788 2668 oportet
816 2631 950 2659 meminiss

1046 2630 1103 2658 ›ὖτο
1117 2629 1204 2666 ὀρθῶς
1222 2629 1349 2665 λέγεσθαι
1361 2648 1368 2661 ,
1390 2628 1441 2664 τῆς
1458 2627 1594 2662 θεολογίας
1613 2625 1811 2663 μνημονευτέον

826 2721 940 2750 VARle
956 2720 1156 2750 LECTIONES.

246 2816 256 2831 ⁸
273 2815 364 2842 subdit
380 2813 399 2840 Ρ
430 2815 476 2841 καὶ
492 2814 522 2840 τὸ
534 2811 614 2840 εἶναι.
661 2814 684 2830 ⁷⁵
702 2814 826 2848 ὑμνοῦσι,
845 2814 873 2841 S.
890 2814 919 2840 Ι).
969 2814 991 2829 ⁷⁸
1009 2813 1135 2845 συνελών,
1155 2813 1188 2839 Μ.
1205 2812 1250 2839 Sc.
1303 2812 1327 2829 "
1343 2813 1398 2840 τῶν
1412 2812 1506 2846 ὄντων,
1523 2811 1557 2839 Μ.
1573 2811 1618 2840 Sc.
1657 2811 1679 2828 ⁷⁸
1695 2811 1742 2838 ἰπὶ
1758 2809 1809 2847 γῆς

186 2857 215 2881 et
228 2851 325 2885 αἴτιος,
344 2849 379 2878 Μ.
400 2850 444 2879 Sc.
482 2851 504 2867 7'
522 2849 630 2877 πάντων
647 2849 700 2878 τῶν
713 2850 796 2878 όντων
814 2850 842 2878 S.
862 2849 890 2878 P.
910 2849 940 2878 Ι),
985 2849 1008 2865 ⁸⁸
1025 2848 1154 2881 ἐνιαὶιιυς,
1171 2848 1199 2876 S.
1215 2848 1245 2875 Ρ.
