1938 3065
205 145 258 173 827
802 143 830 172 S.
848 142 970 172 DIONYS

1063 140 1172 170 EOPAG
1176 140 1245 168 lTlE
1772 141 1828 170 828

207 203 317 230 nomine
329 203 513 236 intelligentes
527 207 608 230 vocat
624 207 680 229 tum
698 201 809 234 angelos
826 208 883 228 tum
899 202 1014 234 animas,
1027 201 1090 235 quia
1105 204 1160 227 tum
1176 199 1269 236 angeli
1285 204 1340 236 tum
1352 198 1617 236 animaelntelligunl
1629 198 1724 236 Deum,
1740 205 1766 226 et
1783 200 1828 232 ip-

208 239 352 272 telligendo
368 234 448 265 Deum
463 239 495 265 ad
512 246 574 265 eum
589 246 618 264 sc
632 242 806 264 convertunt.
820 236 872 263 Per
884 244 915 263 ea
932 243 995 263 vero
1012 234 1069 271 qna:
1089 235 1281 272 ratiocinantur
1297 234 1422 261 [nomines
1437 234 1556 261 viatores
1576 234 1716 267 intelligit;
1732 236 1829 272 anima

206 270 280 301 enirn
293 274 355 300 dum
368 274 394 300 in
414 281 529 308 corpore
542 278 594 305 est,
612 273 769 299 ratiocinari
787 276 875 307 potest
891 279 939 305 per
953 272 1159 308 conversionem
1173 270 1206 296 ad
1220 271 1427 308 phantasmata,
1448 277 1500 308 non
1517 274 1606 308 alitem
1622 274 1757 308 separata.
1774 270 1829 298 Per

207 317 238 334 ea
258 317 317 342 qua:
335 309 450 335 sentiunt
465 304 598 342 signiﬁcat
617 307 758 338 animalia,
778 304 837 340 time
855 304 907 333 non
927 306 1242 342 participantArationem
1253 324 1260 337 ,
1275 311 1336 339 qua:
1349 304 1511 339 sapientiam
1527 304 1573 330 Dei
1588 304 1614 330 in
1627 304 1683 331 suis
1696 312 1712 331 a
1727 310 1829 333 natura

209 340 297 370 insitis
309 344 451 370 conatibus
465 340 636 378 participant,
655 348 682 368 ιιι
696 343 725 369 Β.
740 343 854 368 Basilius
868 342 899 378 in,
912 340 1177 378 llexaemerundocet.

245 378 258 413 §
280 379 312 406 ll.
331 379 371 406 Ad
388 379 432 406 illa
447 373 527 405 vcrba
543 388 549 405 :
563 373 634 404 ’Νοιί
647 378 708 404 dicit
729 377 803 403 aliud
815 385 878 413 fessa
892 376 997 413 bonurn:
1010 381 1032 402 et
1049 375 1124 402 aliud
1142 382 1210 413 ens;
1228 382 1280 413 non
1301 374 1398 413 otiose,
1413 374 1503 408 inquit
1524 373 1666 413 Maximus.
1682 374 1735 402 hoc
1746 376 1827 413 dicit,

208 409 257 440 sed
273 420 300 440 ut
320 415 500 448 reprehendat
514 421 561 440 eos
580 413 755 447 philosophos
770 417 795 439 et
811 412 950 448 Simonem
973 410 1089 445 Magum,
1106 410 1150 444 qni
1169 410 1306 448 ponebant
1322 409 1388 448 deos
1397 409 1602 448 gicapommiig,
1620 410 1644 436 id
1661 415 1704 448 est
1717 411 1828 448 opiﬁces

207 450 322 482 partium
336 445 436 480 iiiundi,
450 449 568 483 majores
579 445 606 474 et
616 445 781 474 valentiores
794 447 925 483 majorum
938 450 1137 483 creaturarum,
1148 451 1175 471 et
1188 445 1352 483 inﬁrmiores
1365 445 1554 483 inlirmiorum,
1566 445 1714 483 secniulum
1724 446 1830 480 gradus

208 479 530 520 iilltisrliL‘SCdlltlelllQS‘ill
545 483 652 517 opilicio
669 490 718 520 suo
742 479 884 516 usquead
909 481 1062 520 materiam.
1084 479 1190 520 Nomen
1206 488 1272 515 ergo
1289 480 1363 520 bo'oi.
1379 481 1433 520 ait,
1449 480 1593 520 complecti
1613 479 1694 516 434
1712 488 1828 520 omnem

209 519 421 552 providentiam,
438 519 539 552 reliqua
557 515 621 545 vero
636 518 756 546 nomina.
773 515 863 551 partes
886 515 1073 552 providentiie,
1095 519 1125 541 ut
1146 515 1241 547 vitam,
1270 515 1448 552 sapientiam,
1472 515 1730 552 rationemaumnia
1750 517 1826 543 enim

209 550 268 587 ipuc
284 559 356 583 sunt,
370 559 481 587 propter
495 550 643 580 bonitatem
660 553 706 579 Dei
723 553 853 587 producta
868 555 943 582 sunt,
959 556 988 577 ut
1009 550 1146 587 eaistanl;
1163 555 1264 587 etsunt
1279 550 1361 580 bona,
1379 557 1431 576 non
1448 554 1540 587 tamen
1552 550 1642 587 omnia
1658 551 1829 587 participant

210 585 303 621 vitam,
318 589 359 614 vel
370 585 545 622 sapientiam,
562 588 600 616 vel
621 585 763 615 rationem.
776 586 967 614 Generaliores
983 585 1284 622 scilicetprovidentias
1296 590 1375 612 vocat
1394 592 1461 618 quas
1474 585 1500 622 in
1516 585 1638 622 pluribus
1653 585 1828 622 contempla-

211 632 283 653 lttur,
305 630 333 649 ιιι
346 620 539 657 νὶιθᾟοννςιώι
555 624 581 650 in
597 623 695 656 stirpes
710 627 736 648 et
756 623 909 657 animantes
925 626 981 657 tum
998 620 1273 657 rationisparticipes
1291 624 1347 646 tum
1360 627 1413 647 non
1429 620 1594 655 participes;
1613 620 1747 655 sapientia
1761 628 1830 649 vero

210 663 237 685 et
251 659 320 685 ratio
336 655 491 693 pauciorum
508 663 571 685 sunt
589 667 595 685 :
613 655 670 684 huic
686 657 757 684 enim
771 657 856 683 solum
874 656 899 682 in
919 656 1022 693 ratione
1036 655 1174 693 utentibus
1184 659 1347 693 cernuntur.

248 693 261 728 §
283 694 324 720 Ill.
336 689 454 725 "Verum,
472 693 538 720 dicet
558 693 666 727 aliquis,
690 699 749 718 cum
771 700 817 728 ent
836 699 914 724 quant
929 691 995 728 vita,
1010 695 1064 728 etc.
1079 689 1148 728 Nota
1164 690 1208 717 hic
1221 697 1283 717 cum
1297 689 1329 718 Ι).
1345 689 1459 728 Thema,
1477 693 1525 721 1-2
1536 710 1543 722 ,
1559 695 1655 728 quaest.
1674 690 1704 724 2,
1728 697 1782 728 art.
1797 692 1829 725 5,

211 725 280 761 quod
298 736 358 755 esse
372 729 533 762 simpliciter
547 725 699 762 acceptum,
719 727 865 753 secundum
880 726 950 759 quod
965 725 1076 762 includit
1100 725 1130 762 in‘
1150 733 1180 751 se
1198 732 1308 752 omnem
1324 726 1518 762 perfectionem
1534 726 1654 761 essendi,
1668 727 1831 760 praeeminet

211 759 284 795 vitae,
300 768 327 790 et
339 759 464 790 omnibus
482 759 694 797 perfectionibus
710 762 940 795 subsequentibus
960 761 1013 795 (sic
1033 761 1104 797 enim
1124 759 1212 797 ipsum
1226 767 1285 787 esse
1302 761 1439 793 praehabet
1452 760 1478 787 in
1491 768 1520 788 se
1531 761 1622 797 omnia
1639 759 1708 788 bona
1728 763 1829 790 subsec

210 798 342 832 quentia;
359 799 450 825 ethoc
469 795 548 824 modo
564 798 708 832 Dionysius
723 797 864 831 loquitur),
879 796 926 823 sed
940 796 970 822 vsi
983 795 1181 832 icunsideretur
1201 796 1287 832 ipsum
1302 802 1362 832 esse
1378 800 1454 830 prout
1473 796 1650 832 participatur
1667 796 1692 823 in
1716 798 1766 824 hac
1784 798 1830 825 vel

211 830 255 861 illa
275 841 302 860 re
314 841 373 860 uiue
390 841 442 860 non
459 834 570 866 capiunt
584 830 668 860 totam
682 830 876 866 pet-feetiouem
891 830 1066 866 essendi,sed
1079 830 1180 866 habent
1193 837 1253 857 esse
1266 830 1462 863 itnperlectnm,
1477 831 1596 858 sicutest
1609 838 1669 858 esse
1680 832 1830 866 cujuslibet

211 873 358 900 creaturae;
376 869 415 895 sic
429 864 602 894 manifestum
615 873 666 899 est,
677 864 747 901 quod
760 866 846 903 ipsum
859 873 919 903 esse
929 873 990 903 cum
1002 864 1350 903 perfectionesuperaddita
1365 866 1400 903 si_t_
1410 865 1584 903 eminentius.
1596 866 1672 903 [inde
1683 864 1830 903 Dionysius

211 903 312 930 ibidem
329 899 404 933 dicit,
427 903 500 937 quod
519 903 635 929 viventia
653 899 707 929 sint
722 902 832 928 meliora
846 900 1086 937 existetitibus,>et
1101 899 1278 937 intelligentia
1293 901 1454 937 viventibus.
1473 901 1530 928 Hoc
1545 902 1616 927 enim
1631 899 1830 930 intercstinter

211 938 284 971 ipsas
298 938 342 964 Dei
358 934 589 972 participationes,
605 943 632 965 et
649 937 857 972 participatitcs,
870 936 943 972 quod
955 934 1128 968 participatio
1137 939 1238 968 quanto
1249 935 1398 972 simplicioi"
1411 940 1464 968 est,
1480 940 1553 962 tanto
1569 936 1686 972 nobilior
1697 937 1746 970 sit;
1766 946 1832 972 par-

212 970 327 1008 ticipans
344 970 408 1000 vero
427 970 528 1007 quanto
545 970 674 1007 majorem
703 973 784 998 habet
808 971 1030 1008 compositionem
1045 971 1176 1008 donorum
1192 970 1434 1008 participatornni,
1454 975 1528 1008 tanto
1543 971 1660 1008 nobilius
1674 972 1709 1008 sit
1725 985 1730 1000 :
1749 970 1826 1000 sicut

212 1005 274 1035 esse
289 1014 331 1035 est
347 1005 462 1035 nobilius
476 1016 557 1042 quam
573 1005 674 1039 vivere,
690 1011 716 1033 et
732 1008 823 1033 vivere
839 1014 919 1040 quant
937 1005 1096 1042 intelligere,
1111 1005 1133 1031 si
1151 1012 1231 1031 unum
1247 1005 1306 1032 sine
1322 1005 1407 1032 altero
1426 1005 1594 1040 intelligatur
1605 1006 1742 1041 (omnibus
1754 1008 1829 1035 enitu

212 1051 272 1070 esse
288 1040 501 1078 prweligeretuil
517 1044 563 1070 sed
580 1045 649 1077 quod
667 1042 748 1069 habet
765 1042 841 1076 plura
858 1049 891 1068 ex
907 1041 961 1078 his,
974 1040 1069 1067 melius
1082 1042 1186 1067 existit.

249 1078 262 1114 §
281 1075 324 1105 Ν.
344 1075 394 1104 Ad'
404 1079 454 1105 ista
472 1079 552 1104 verba
571 1075 640 1104 εἘδι
657 1085 712 1104 vere
723 1075 829 1114 e/féclor
842 1077 997 1114 existentiw,
1015 1083 1143 1114 persona,
1164 1075 1330 1114 substanliw,
1350 1081 1462 1105 naturai.
1481 1082 1544 1114 nota
1559 1086 1593 1105 ex
1612 1078 1642 1104 Ι).
1661 1078 1776 1109 Tlioma,
1796 1085 1828 1104 ea

212 1110 272 1147 quae
283 1113 581 1140 existuntconsiderari
597 1120 677 1147 posse
687 1116 713 1138 ct
727 1110 757 1138 ut
767 1111 926 1146 singularia,
939 1115 1007 1138 etut
1021 1110 1125 1144 species
1135 1110 1177 1137 vel
1191 1118 1286 1144 genus,
1299 1115 1325 1137 et
1336 1116 1365 1137 ul
1377 1117 1482 1138 natura.
1495 1112 1574 1139 Verbi
1587 1114 1686 1147 gratia,
1700 1114 1831 1141 Socrates

212 1146 255 1175 est
272 1156 399 1183 persona,
415 1150 506 1178 homo.
524 1146 636 1180 animal,
649 1147 753 1181 species
769 1152 796 1173 et
812 1155 907 1181 genus,
925 1154 983 1180 qua:
997 1149 1129 1180 potestate
1141 1151 1281 1172 continent
1296 1146 1457 1183 singularia,
1471 1149 1532 1181 quia
1547 1146 1658 1182 possunt
1669 1147 1784 1182 cogitari
1800 1149 1830 1175 in

213 1182 411 1217 singularibus;
429 1183 748 1213 humanitasestnatui‘a,
759 1189 818 1216 qua:
830 1190 881 1208 nec
891 1188 953 1208 actu
967 1185 1197 1217 nequepotestate
1211 1182 1333 1217 continet
1346 1182 1490 1216 singularia
1505 1190 1512 1208 :
1530 1183 1621 1217 itaque
1634 1184 1714 1210 homo
1730 1191 1831 1210 secun-

214 1215 278 1244 dum
298 1219 480 1245 substantiam
501 1223 608 1245 constat
626 1226 657 1245 ex
676 1215 844 1244 humanitate
860 1224 919 1251 qua:
933 1220 975 1242 est
990 1215 1110 1242 hominis
1129 1221 1237 1252 natura,
1255 1216 1331 1250 cujus
1347 1222 1436 1252 partes
1450 1221 1511 1244 stitit
1527 1215 1626 1252 corpus
1641 1224 1669 1245 et
1690 1218 1782 1244 anima
1800 1219 1828 1244 in

213 1253 360 1280 universali
374 1262 380 1285 ;
400 1253 547 1279 secundum
563 1253 735 1280 existentiam
755 1256 861 1279 constat
882 1260 915 1279 ex
940 1252 993 1277 hoc
1007 1258 1122 1284 corpore
1137 1256 1165 1277 et
1179 1259 1211 1277 ex
1227 1251 1277 1287 hac
1291 1252 1390 1278 aniuia.
1405 1251 1506 1278 Natura
1522 1251 1630 1287 generis
1648 1253 1690 1280 vel
1708 1254 1829 1287 speciei,

213 1288 240 1315 id
257 1294 298 1315 est
313 1288 485 1320 universalis,
501 1295 532 1314 ca
548 1293 651 1314 tantum
672 1293 733 1314 actu
753 1287 874 1314 continet
889 1294 949 1321 qua:
963 1287 990 1313 in
1004 1286 1191 1312 delitiitioneut
1206 1286 1318 1316 cadunt,
1333 1291 1361 1312 ut
1382 1286 1534 1314 humanitas
1549 1296 1608 1321 quae
1627 1297 1679 1316 non
1704 1286 1831 1315 centinct

213 1328 276 1349 actu
291 1331 387 1350 carncs
404 1328 432 1350 ct
448 1332 520 1352 ossa.
539 1331 599 1358 qua:
618 1331 670 1349 tioti
687 1323 786 1349 cadunt
802 1322 828 1348 in
841 1322 1040 1358 deﬁnitionem,
1057 1321 1127 1347 sicut
1138 1322 1263 1358 continet
1279 1321 1375 1354 homo;
1390 1322 1453 1356 quia
1470 1324 1545 1349 notio
1562 1324 1679 1350 hominis
1694 1323 1832 1350 abstrahit

214 1358 248 1384 ab
266 1358 337 1390 istis,
353 1356 567 1385 sicutabstrahit
585 1358 659 1385 notio
675 1357 867 1389 humanitatis;
886 1357 1118 1392 continctrtamen
1137 1356 1372 1392 potentiacarnes
1388 1361 1412 1383 et
1432 1364 1504 1389 ossa,
1526 1359 1589 1391 quia
1608 1363 1697 1392 potest
1710 1358 1830 1392 cogitari

214 1393 371 1419 humanitas
386 1395 412 1420 iii
428 1395 535 1420 nomine
551 1393 698 1420 universali
713 1393 759 1426 qui
773 1392 918 1428 delinitur;
935 1391 1067 1426 principia
1081 1399 1170 1428 autem
1191 1390 1321 1418 individui
1337 1399 1424 1426 neque
1437 1398 1511 1425 actu,
1529 1390 1617 1428 neque
1631 1390 1833 1427 potentia'con-

212 1427 299 1460 tinet;
316 1429 483 1455 humanitate
496 1429 566 1455 enim
582 1434 622 1455 est
639 1429 736 1459 homo;
753 1427 799 1453 seti
815 1434 867 1453 non
883 1432 934 1458 est,
950 1433 1036 1460 neque
1048 1426 1161 1461 cogitari
1179 1430 1267 1460 potest
1280 1432 1338 1453 esse
1353 1428 1520 1454 humanitate
1533 1426 1580 1455 hic
1593 1426 1683 1456 hoino.
1699 1429 1739 1455 Ad
1758 1430 1832 1455 hunc

213 1467 324 1490 inodum
341 1472 369 1490 se
385 1464 485 1490 habent
501 1472 547 1497 per
565 1472 594 1491 se
611 1463 793 1497 participatio,
811 1462 981 1496 participatio
993 1482 1000 1493 ,
1015 1465 1043 1488 et
1063 1461 1119 1488 haec
1135 1461 1318 1497 participatio,
1336 1466 1365 1488 ut
1380 1470 1405 1488 v.
1424 1469 1450 1496 ε.
1465 1470 1513 1497 per
1525 1471 1554 1490 se
1570 1464 1636 1496 vita,
1649 1465 1714 1494 vita.
1729 1468 1757 1490 et
1771 1463 1831 1490 haec

214 1498 281 1523 vita.
296 1498 346 1526 lter
362 1506 391 1525 se
414 1499 468 1524 vita
489 1496 616 1525 naturam
631 1499 693 1524 vitae
708 1497 854 1531 signiﬁcat,
874 1497 900 1523 id
915 1501 956 1523 est
973 1505 1003 1522 ea
1017 1503 1076 1530 qua:
1096 1497 1195 1522 cadunt
1210 1496 1236 1522 in
1253 1496 1438 1523 delinitiOnein
1455 1496 1525 1525 vitae.
1543 1499 1603 1525 Vita
1621 1504 1662 1526 est
1677 1499 1833 1525 universale

214 1533 327 1565 speciei,
344 1538 372 1560 ut
386 1534 442 1559 vita
459 1534 607 1566 hominum,
621 1534 674 1559 vita
694 1534 756 1566 equi
772 1541 779 1558 :
795 1532 836 1558 vel
850 1531 1002 1558 universale
1020 1531 1141 1565 generis,
1155 1536 1184 1557 ut
1198 1532 1252 1557 vita
1271 1531 1370 1566 angeli,
1387 1533 1515 1561 hominis.
1530 1533 1603 1568 equi.
1623 1534 1654 1561 Et
1668 1534 1740 1561 sicut.
1756 1533 1831 1560 Deus

214 1572 256 1593 est
269 1573 364 1595 auctor
374 1576 422 1602 per
433 1577 462 1595 se
477 1569 606 1600 hominis,
622 1569 649 1595 id
661 1573 701 1595 est
714 1568 902 1599 humanitatis,
917 1572 970 1597 est.
983 1567 1103 1600 inquam,
1118 1574 1210 1598 causa,
1227 1570 1255 1592 ut
1268 1573 1365 1593 natura
1382 1568 1500 1594 hominis
1511 1569 1545 1595 sit
1556 1577 1617 1596 esse
1633 1569 1734 1596 animal
1747 1571 1832 1595 ratio-

213 1603 278 1639 nale
294 1603 363 1636 (haec
379 1604 450 1631 enim
467 1604 587 1631 continet
602 1603 772 1635 humanitas)
792 1609 818 1628 et
842 1607 937 1639 auctor
957 1602 1083 1635 hominis,
1096 1606 1124 1628 et
1139 1602 1217 1639 hujus
1235 1602 1368 1634 hominis;
1387 1604 1427 1629 sic
1446 1610 1527 1639 causa
1543 1609 1584 1631 est
1600 1612 1649 1639 per
1669 1611 1698 1631 se
1714 1605 1786 1634 vitae,
1804 1610 1832 1631 et

214 1638 286 1674 vitia,
302 1645 327 1665 et
342 1639 420 1672 hujus
436 1639 507 1666 vitae.
529 1639 580 1666 Per
591 1647 621 1665 se
635 1640 689 1665 vita
703 1646 755 1664 non
769 1643 810 1663 est
824 1638 932 1671 proprie
947 1642 974 1664 et
988 1643 1113 1674 vcreens
1127 1637 1287 1674 subsistens,
1305 1642 1332 1663 ut
1349 1639 1439 1670 homo,
1454 1638 1532 1672 lapis,
1546 1637 1618 1666 sicut
1633 1646 1720 1674 neque
1732 1640 1831 1665 huiua.

215 1673 287 1699 nitas
298 1682 305 1706 ;
318 1675 365 1701 sed
378 1682 432 1708 quo
447 1674 547 1708 aliquid
563 1679 614 1706 est,
628 1679 656 1699 ut
670 1681 717 1707 per
739 1680 768 1699 se
785 1673 838 1698 vita
854 1674 957 1704 vivens,
972 1672 1043 1699 sicut
1058 1672 1226 1698 humanitate
1242 1672 1334 1708 homo.

251 1708 350 1735 Ibidem
366 1718 373 1736 :
388 1707 460 1735 Deus
480 1707 549 1736 enim
564 1717 615 1735 non
626 1709 717 1743 quovis
735 1708 812 1744 modo
821 1713 858 1744 est
874 1715 930 1740 eus,
948 1709 993 1733 sed
1010 1707 1164 1744 simpliciter
1178 1712 1202 1733 et
1221 1707 1323 1741 iii/inite
1334 1712 1418 1735 totum
1436 1717 1491 1735 esse
1506 1708 1534 1735 in
1546 1717 1571 1736 se
1585 1710 1747 1744 complexus.
1761 1709 1831 1743 Quia

213 1745 340 1770 omnibus
356 1745 402 1770 dat
417 1751 488 1776 esse,
503 1752 551 1778 per
566 1745 606 1770 sui
622 1751 682 1770 esse
703 1743 950 1776 participationem,
966 1748 993 1769 et
1012 1743 1070 1776 ipse
1083 1746 1125 1768 est
1140 1744 1240 1778 omnia
1251 1744 1400 1770 secundum
1417 1752 1537 1775 causam,
1554 1750 1581 1771 et
1598 1743 1647 1772 suo
1662 1752 1723 1771 esse
1737 1747 1832 1772 omnia

215 1785 275 1810 qua:
297 1784 369 1809 sunt,
387 1786 413 1806 et
426 1777 669 1812 qiioiuodocnnque
684 1783 756 1809 sunt,
775 1779 924 1814 t'acitesse;
943 1785 983 1814 εις
999 1783 1041 1814 est
1053 1777 1259 1814 citiusarproprie
1284 1778 1418 1811 absoluta,
1441 1784 1468 1806 et
1492 1780 1741 1814 iucireuinseripta.
1760 1779 1830 1807 Vide

216 1814 267 1840 hac
281 1815 315 1841 de
330 1822 358 1840 re
372 1815 429 1841 fuse
445 1823 475 1841 ac
493 1814 605 1848 pulchie
624 1813 748 1841 Lessium
765 1813 812 1839 lib.
830 1821 839 1840 ι
863 1813 902 1848 De
913 1812 1115 1847 perfectionibus
1128 1813 1305 1847 diuinis,cap.
1326 1814 1351 1840 t.

253 1850 266 1884 §
291 1849 331 1876 Vl.
354 1849 472 1875 Primum
485 1847 568 1883 igitur
583 1851 680 1875 donum
692 1857 737 1883 per
750 1856 777 1875 se
790 1856 854 1875 esse.
874 1847 1018 1882 Dionysius
1032 1848 1076 1874 hic
1089 1855 1231 1881 aggressus
1246 1848 1380 1877 disserere
1396 1851 1545 1883 generatim
1559 1851 1585 1877 in
1601 1851 1752 1878 substantia
1767 1851 1834 1878 siin-

215 1883 334 1918 pliciter,
353 1890 380 1911 ct
395 1886 420 1911 in
438 1885 650 1919 partictpatione
661 1884 831 1918 simpliciter,
851 1887 977 1910 tractant
992 1888 1019 1920 et
1033 1883 1153 1920 ostendit
1164 1883 1238 1916 prius
1251 1883 1358 1920 quidem
1374 1891 1499 1918 oportere
1512 1894 1570 1913 esse
1584 1886 1748 1920 subjectum,
1758 1887 1832 1920 quod

214 1920 324 1954 quidem
341 1920 421 1952 dixit,
431 1920 570 1953 antiquius
578 1927 637 1946 csse
647 1919 692 1946 Dei
705 1922 816 1956 doiiutn,
827 1919 925 1946 deinde
935 1919 1182 1956 participationem,
1192 1926 1252 1956 qtae
1261 1920 1287 1945 in
1297 1919 1342 1956 illo
1350 1920 1472 1952 subjecto
1484 1921 1553 1947 facta
1562 1927 1615 1948 est.
1627 1919 1834 1956 Proposita’igi-

216 1959 260 1980 tur
274 1960 315 1981 est
330 1956 362 1982 ad
377 1955 610 1989 put-iteipatiOnem
632 1955 854 1989 participaiitium
878 1961 926 1988 per
948 1961 977 1980 se
993 1954 1159 1984 substantia;
1178 1955 1248 1988 quod
1270 1955 1380 1988 perinde
1395 1960 1446 1985 est,
1463 1960 1493 1981 ut
1509 1957 1531 1983 si
1551 1957 1658 1983 dicatur
1678 1954 1833 1984 Substaniia

215 1989 286 2016 facta
301 1993 334 2016 ad
349 1991 600 2025 participationem;
625 1991 675 2017 nisi
691 1991 764 2016 enim
780 1989 959 2016 substantiam
975 1989 1210 2025 participarenius,
1235 1990 1340 2022 penitus
1359 1990 1383 2015 iii
1404 1998 1496 2017 rerum
1519 1996 1613 2018 natura
1631 2000 1682 2018 non
1697 1999 1833 2019 essemus.

215 2025 360 2059 Deinceps,
379 2026 427 2059 ipsi
446 2025 604 2052 substantia:
620 2024 698 2052 facta:
712 2025 744 2051 ad
757 2026 916 2058 capiendam
933 2024 1166 2058 participationem
1181 2024 1241 2060 alite
1255 2025 1474 2059 participationes
1490 2027 1634 2060 proposita:
1649 2032 1722 2055 sntit.

251 2058 351 2087 lhtdein
369 2058 493 2087 {Omnia
511 2068 671 2095 qitwcuiique
685 2065 756 2092 sunt,
774 2065 796 2085 et
808 2068 866 2094 qua:
880 2060 1114 2094 quomodocuitque
1134 2064 1204 2085 sunt.
1223 2058 1256 2086 Ut
1274 2068 1333 2094 quae
1348 2058 1411 2086 sunt
1426 2061 1452 2087 in
1471 2058 1524 2088 alio
1540 2058 1610 2088 sicut
1623 2062 1791 2091 accidentia.
1806 2067 1834 2088 et

213 2104 276 2130 qua:
290 2101 354 2122 sunt
371 2097 540 2130 inpotentia,
558 2100 585 2121 et
596 2104 656 2129 qua:
672 2100 736 2122 sunt
752 2097 929 2130 privationes.
944 2099 972 2121 et
983 2102 1106 2128 qutenon
1124 2095 1226 2121 habent
1237 2099 1320 2121 totum
1336 2104 1395 2122 esse
1409 2097 1499 2130 simul,
1521 2101 1549 2123 ut
1561 2102 1650 2124 tnotus
1660 2104 1722 2124 sunt
1736 2099 1762 2124 in
1779 2098 1834 2124 Deo

213 2132 454 2165 ilicotuprchctise,
470 2131 495 2157 iti
508 2138 537 2157 se
553 2137 643 2167 autem
658 2131 733 2157 [inite
749 2131 798 2167 triti
814 2137 844 2156 se
857 2132 952 2162 multa,
967 2131 993 2157 in
1010 2131 1062 2156 Deo
1076 2138 1176 2161 unum;
1191 2131 1216 2156 in
1233 2138 1262 2156 se
1275 2131 1373 2167 divisa,
1390 2131 1416 2157 in
1433 2132 1487 2158 Deo
1502 2132 1637 2167 copulata.
1654 2133 1724 2159 Sunt
1742 2135 1834 2166 itaque

216 2167 453 2200 incoiiiprchense,
467 2173 493 2192 et
510 2166 664 2201 coiijniicte,
681 2171 708 2192 et
723 2166 802 2201 unice
821 2173 864 2191 res
878 2173 971 2192 omnes
983 2173 1152 2200 qutecunqne
1167 2171 1230 2192 sunt
1247 2167 1271 2192 iii
1291 2166 1361 2198 er;
1377 2168 1437 2199 quia
1458 2172 1520 2193 sunt
1534 2166 1591 2201 ipsa
1608 2168 1697 2195 divina
1713 2168 1833 2195 essentia

219 2201 522 2236 incomprchensibilis,
536 2200 629 2234 Pater,
647 2200 732 2227 Filius
748 2206 776 2228 et
787 2200 906 2235 Spiritus
920 2208 1033 2227 sanctus
1049 2202 1075 2227 in
1093 2208 1174 2226 unum
1196 2202 1508 2235 incouiprcliensibiliter
1522 2200 1601 2229 uniti.
1630 2203 1695 2231 Vide
1708 2204 1833 2231 Lessiutu

213 2245 298 2270 supra
315 2237 440 2267 citatum,
456 2241 481 2263 ct
496 2238 585 2270 capite
600 2237 616 2262 4
630 2242 657 2264 et

249 2271 328 2307 535
348 2271 431 2309 Ulli.
449 2271 516 2298 Nota
533 2272 575 2297 illa
591 2273 670 2309 verba
688 2281 694 2297 :
709 2271 797 2309 Ipsius
810 2277 846 2298 est
858 2271 970 2298 essentia
980 2292 987 2304 ,
998 2274 1022 2298 et
1036 2279 1087 2309 non
1102 2272 1154 2305 ipse
1165 2273 1294 2304 esseittiw;
1310 2277 1332 2298 et
1347 2273 1375 2309 iit
1387 2273 1443 2306 ipso
1458 2277 1496 2299 est
1510 2274 1659 2307 existentia,
1676 2280 1698 2301 et
1714 2283 1765 2301 non
1780 2276 1834 2309 ipse

215 2307 243 2334 in
258 2307 414 2338 cxtstculiu;
429 2313 506 2341 atque
520 2310 606 2340 ipsum
623 2307 698 2333 liabet
711 2306 895 2340 ea'istentia,et
909 2314 960 2332 non
975 2308 1030 2341 ipse
1046 2306 1121 2332 habet
1139 2313 1314 2333 extsteitttum.
1327 2308 1478 2335 Existentia
1491 2309 1561 2335 enini
1584 2309 1665 2335 habet
1689 2306 1795 2340 Deum;
1806 2314 1835 2337 ut

217 2343 350 2369 consistat
366 2342 423 2375 ipsa
440 2343 595 2373 existentia,
614 2343 686 2368 sicut
700 2342 762 2375 quis
781 2342 861 2368 habet
876 2343 957 2369 vitam
973 2342 1006 2368 ad
1026 2342 1067 2367 sui
1082 2342 1276 2376 existentiam;
1295 2351 1347 2369 non
1364 2349 1453 2370 autem
1475 2344 1514 2371 sic
1529 2344 1602 2370 Deus
1614 2345 1696 2371 habet
1711 2351 1834 2372 eiusten-

218 2378 294 2410 tiam,
311 2382 338 2403 ut
359 2385 407 2415 per
420 2377 593 2415 existentiaui
607 2377 653 2415 sitt
667 2377 743 2415 Sicut
756 2377 837 2415 igitur
848 2377 996 2404 existentia
1009 2377 1200 2415 habettbeum,
1215 2379 1255 2415 sic
1269 2378 1414 2415 existctitia
1430 2385 1471 2406 est
1489 2379 1547 2412 Dei,
1563 2380 1627 2414 quia
1648 2381 1682 2407 ab
1696 2381 1755 2415 ipso
1774 2389 1833 2407 ma-

214 2419 281 2444 nat;
299 2419 325 2439 ct
341 2418 369 2452 nt
385 2412 455 2438 Deus
470 2420 522 2438 non
536 2412 618 2439 habet
631 2412 671 2439 sic
683 2412 859 2439 existctttiam
873 2417 902 2439 ut
917 2418 965 2447 per
975 2413 1149 2440 existentiani
1161 2413 1205 2446 sit,
1219 2413 1258 2441 sic
1273 2420 1361 2448 neque
1377 2414 1449 2441 Deus
1461 2419 1503 2441 est
1520 2412 1604 2449 Ipsius
1619 2412 1790 2448 existentias,
1805 2421 1834 2442 ut

225 2455 262 2474 ter
274 2455 333 2475 eam
345 2451 390 2475 sit.

225 2455 262 2474 ier
274 2455 333 2475 eam
345 2455 390 2475 sit.

214 2455 234 2521 l7
252 2484 352 2511 Ibidem
368 2483 473 2521 {sitque
489 2482 672 2521 ideo_,_itiquit,
689 2482 720 2521 tib
732 2482 841 2521 eloquii:
853 2483 903 2521 qui
919 2490 976 2510 vere
994 2484 1151 2521 priveristil,
1167 2483 1309 2510 secundum
1324 2482 1441 2510 omnium
1457 2492 1546 2511 eorum
1563 2493 1622 2519 qua:
1645 2490 1707 2512 sunt
1730 2487 1833 2521 cogita-

216 2520 311 2546 tionem
326 2519 528 2552 multiplicatur.
545 2518 572 2544 ld
588 2523 640 2549 est,
656 2519 787 2552 quidquid
800 2519 944 2552 cogitetur,
961 2525 989 2546 et
1003 2519 1036 2545 ad
1051 2527 1241 2553 quamcunque
1259 2527 1316 2545 rem
1333 2527 1395 2553 quis
1409 2525 1527 2547 mentem
1549 2518 1682 2550 intendat,
1712 2518 1834 2549 invotiiet

214 2555 244 2581 in
260 2563 291 2581 ea
301 2555 437 2581 notionem
448 2561 547 2585 causw,
558 2553 582 2579 id
596 2558 636 2579 est
649 2554 769 2580 auctoris
785 2553 842 2580 Dei.
853 2553 909 2581 lloc
919 2553 1046 2588 igiturcsl
1056 2554 1239 2589 multiplicari,
1249 2555 1322 2580 cerni
1335 2562 1396 2581 cuni
1407 2556 1434 2582 in
1447 2555 1538 2582 multis
1552 2563 1673 2583 causam.
1683 2556 1723 2582 Ex
1737 2563 1834 2585 sancto

215 2589 333 2617 Maximo
343 2595 369 2617 ct
385 2589 559 2622 l’achymere.

253 2626 373 2662 Ibidem:
391 2624 424 2650 Et
441 2625 467 2650 in
484 2633 512 2650 co
526 2623 636 2662 proprie
644 2623 800 2658 celebratur,
818 2629 888 2656 erat,
902 2629 930 2662 et
945 2629 994 2657 est,
1010 2629 1061 2652 etc.
1076 2625 1187 2662 Scilicet
1203 2624 1427 2662 sicutl_)ionysius
1448 2625 1568 2662 scipsutu
1589 2626 1719 2661 explicat,
1735 2633 1833 2662 quate-

218 2668 268 2686 nus
285 2660 472 2694 intelliguntur
486 2664 513 2685 ut
524 2659 607 2686 Deum
622 2659 709 2692 decet,
719 2664 831 2686 eatenus
841 2661 950 2694 proprie
959 2661 1086 2687 dicuntur
1098 2663 1123 2695 in
1135 2661 1197 2692 Deo,
1212 2660 1275 2686 etin
1289 2660 1341 2686 Deo
1352 2659 1432 2693 sunt;
1450 2661 1474 2687 id
1488 2666 1540 2692 est.
1554 2659 1688 2694 quatenus
1696 2659 1752 2695 est,
1763 2659 1832 2693 erat.

214 2701 280 2727 erit,
292 2693 548 2732 participatttesse;
564 2702 654 2721 ouinta
668 2702 740 2721 enitn
754 2693 909 2732 secundum
927 2703 1037 2732 causam
1064 2693 1242 2732 dictinturutle
1264 2695 1330 2732 Deo»,
1346 2701 1373 2722 et
1391 2697 1417 2723 in
1435 2697 1490 2723 Deo
1508 2693 1584 2728 sunt,
1599 2701 1628 2723 et
1644 2693 1833 2732 intelliguntur

218 2730 527 2768 snprasiibstantialiter.
543 2731 681 2768 Quatenus
698 2738 760 2757 vero
788 2731 827 2768 sic
855 2731 1036 2768 accipiuntur,
1053 2737 1082 2758 ut
1101 2738 1165 2758 cum
1183 2730 1293 2763 dicitur,
1317 2730 1388 2758 Deus
1401 2737 1452 2765 est,
1468 2737 1538 2764 erat,
1565 2732 1630 2764 erit,
1658 2730 1830 2768 significetur

217 2765 301 2792 Deum
316 2767 478 2800 participare
491 2773 560 2796 esse,
578 2765 665 2791 aliena
680 2770 742 2791 sunt
757 2773 771 2791 a
788 2766 851 2792 Dco.
868 2767 903 2792 Ita
920 2768 1110 2800 Pachymeres.

254 2801 351 2837 Ibidem
366 2809 372 2826 :
384 2800 833 2837 Estomnis/ignrtr,oinnis]'oriiite,
845 2801 1019 2835 sineformu,t

1073 2801 1275 2836 pulchritudine.
1284 2801 1312 2828 S.
1327 2800 1471 2835 Maximus,
1482 2806 1576 2830 contra
1585 2802 1661 2832 illud.
1673 2803 1772 2837 inquit,
1781 2811 1833 2830 esu

215 2836 302 2861 omnis
317 2836 408 2870 ﬁgurae
424 2840 552 2870 opposuit
568 2843 622 2862 esse
637 2836 692 2862 sine
710 2836 807 2870 forma,
824 2837 888 2870 quia
904 2845 984 2870 supra
1011 2839 1199 2871 incorporeum
1215 2839 1242 2862 et.
1263 2844 1345 2870 supra
1360 2838 1529 2865 vacationem
1555 2838 1685 2870 materiae,
1702 2836 1757 2865 non
1777 2840 1832 2866 for-

217 2878 307 2898 tnam:
321 2879 352 2898 ad
366 2871 512 2908 quidquam
528 2879 622 2899 eorum
648 2879 707 2907 qua:
720 2877 800 2905 sntit;
819 2879 913 2901 contra
931 2873 994 2900 dtud
1012 2881 1074 2900 vero
1090 2872 1173 2901 omnis
1186 2872 1280 2906 [crime
1296 2880 1340 2899 seu
1363 2874 1456 2909 speciei
1479 2873 1602 2908 opposuit
1622 2881 1679 2901 esse
1693 2874 1750 2902 sine
1776 2875 1821 2909 ,ιιι
