1938 3065
171 173 219 202 εἰι
757 173 787 201 S.
804 171 953 202 DIONYSII
972 172 1215 203 AREOPAGITE:
1742 174 1799 203 833

172 231 366 268 intelliguntur
380 239 394 268 a
409 231 488 260 nobis
499 235 529 259 et
547 231 748 267 signiﬁcantur.
765 231 843 259 Unde
858 231 922 259 licet
943 231 984 268 sit
999 231 1161 266 principium
1176 235 1202 258 et
1222 231 1294 268 linis,
1313 230 1384 268 sicut
1399 229 1502 257 dictum
1513 234 1565 268 est,
1590 233 1681 268 tamen
1706 238 1799 264 neque

173 268 255 295 habet
266 264 452 302 'priucipium,
473 275 560 302 neque
573 264 672 299 linem,
697 274 786 302 nequc
812 267 940 298 medium,
963 264 1034 294 sicut
1058 264 1241 294 in‘creaturis
1259 266 1458 302 intelligimus;
1478 270 1506 302 et
1526 264 1592 302 licet
1616 265 1652 292 sit
1675 272 1798 302 praesens

171 299 299 330 omnibus
321 307 350 329 et
361 299 472 336 ubique,
491 299 625 336 nosquam
643 308 732 330 tamen
742 299 800 331 'est.
821 310 871 329 nec
883 303 909 329 in
925 302 979 328 ullo
993 307 1035 329 est
1049 302 1120 329 sicut
1134 306 1274 333 creatura.
1289 299 1408 328 Sanctus
1429 299 1563 336 Maximus
1586 300 1613 327 in
1629 301 1755 336 centuria
1773 308 1793 333 ι,

172 345 234 371 cap.
251 337 278 369 'l,
294 338 333 364 ait
347 344 353 363 :
373 346 382 362 ι
403 334 490 365 Omne
507 334 671 372 principium
693 342 720 364 et
733 338 851 365 medium
867 341 895 365 et
915 337 978 372 linis
1002 344 1055 372 non
1071 344 1266 371 usquequaque
1278 339 1388 372 negant,
1404 335 1469 371 quin
1485 336 1636 372 secundum
1660 334 1800 372 habitudi-

174 380 235 399 nem
253 373 452 406 prtedicentur;
473 371 543 399 Deus
556 371 646 399 autem
662 373 686 399 in
700 373 858 400 universum
873 371 947 399 omni
964 371 1122 398 habitudine
1137 372 1242 398 inﬁnite
1255 377 1282 398 et
1301 371 1435 398 inﬁnitum
1453 371 1579 404 superior
1595 378 1656 397 cmn
1671 371 1717 402 sit,
1731 378 1799 398 con-

173 405 334 435 sentaneum
355 412 408 439 est,
425 412 454 434 ιιι
478 415 564 442 neque
587 407 760 442 principium.
781 415 868 442 neque
885 406 1015 437 medium,
1034 414 1123 441 neque
1144 407 1206 433 ﬁnis
1224 406 1277 439 sit;
1292 413 1382 440 neque
1404 405 1552 441 quidquam
1580 405 1692 432 omnino
1713 406 1797 433 habet

174 450 282 475 eorum,
301 443 326 468 iu
345 443 444 476 quibus
460 441 555 469 natura
569 443 717 469 secundum
735 441 933 473 habitudinem,
951 442 1107 475 praedicatio
1122 442 1155 468 ad
1172 441 1275 476 aliquid
1290 442 1365 468 cerni
1379 445 1477 475 potest.
1501 450 1510 467 ι

213 450 282 475 rum,
301 451 326 468 ιιι
365 450 444 469 mnus
460 450 555 469 natura
569 450 717 469 secundum
735 450 933 473 naottuumem,
951 450 1107 475 przeutcauo
1122 450 1155 468 an
1172 450 1275 476 anqutu
1290 450 1365 468 cerni
1379 450 1477 475 potest.
1501 450 1510 467 ι

213 450 386 504 Ibidem:th
408 485 487 511 neque
512 478 631 504 letaliter
658 478 709 512 ipsi
723 478 839 504 convenit
865 477 966 511 aliquid
992 477 1152 504 a’lernaliter
1176 477 1354 509 existenlium,
1379 481 1425 503 aut
1451 475 1628 510 temporaliter
1652 474 1800 512 subsisten-

175 512 251 544 tium.
261 517 314 539 ctc.
327 521 336 538 ‹
350 512 554 544 Universaliter,
569 513 657 547 inquit
674 518 784 540 sanctus
796 512 926 542 Thomas.
942 519 994 538 non
1012 513 1137 539 convenit
1152 513 1175 539 ei
1193 512 1294 546 aliquid
1306 512 1340 539 de
1356 518 1470 538 numero
1483 516 1683 547 creaturarum,
1697 511 1744 537 sed
1755 518 1801 547 se-

175 553 287 582 paratur
306 555 354 581 per
367 549 511 581 quamdam
529 546 704 575 eminentiam
718 556 726 579 ;
743 557 753 573 ι
774 553 801 574 et
816 556 912 574 rursus
928 556 934 574 :
954 555 963 571 ι
986 547 1085 577 Etiam,
1102 548 1199 582 inquit,
1213 551 1357 581 separatur
1368 548 1401 574 ab
1412 546 1444 573 iis
1455 554 1517 580 qua:
1530 546 1631 582 suntin
1647 553 1705 572 aevo
1724 547 1751 582 et
1771 546 1798 572 in

177 581 299 615 temporc
315 590 332 617 p
351 591 363 609 r
376 583 521 617 quamdam
537 583 725 610 eminentiam.
742 593 752 608 ι
770 583 846 616 Quod
868 584 959 617 igitur,
971 582 1034 609 alibi
1049 581 1144 610 etiam
1156 587 1270 610 sanctus
1292 582 1412 610 Thomas
1425 582 1493 609 dixit
1508 597 1515 609 ,
1537 581 1592 608 lure
1608 581 1655 608 Dei
1677 581 1798 613 nomina,

177 616 393 651 bonusmapiens;
405 622 433 644 et
448 618 562 650 similia,
579 618 734 652 signiﬁcare
747 625 807 646 esse
823 618 881 645 haec
897 618 923 645 in
950 616 1005 644 Deo
1029 618 1193 648 etuiucuter,
1210 625 1243 645 ex
1266 617 1406 653 Dionysio,
1430 625 1510 652 quem
1527 617 1727 651 'tnterpretatus
1743 620 1800 647 est,

176 654 300 686 sumpsit.

687 763 768 799 437
786 757 1029 792 PARAPHRASIS
1045 762 1269 792 PACllYMER/E
1286 765 1353 802 (Η).

213 821 227 857 §
249 820 269 848 1.
289 820 367 848 Modo
379 819 572 847 transeundum
592 824 634 847 est
648 820 682 847 ad
701 819 844 847 essentiale
864 827 961 847 nomen

1050 821 1063 857 §
1077 821 1097 846 1.
1107 820 1289 847 Μετενεκτέον
1300 819 1346 846 τὸν
1357 818 1434 853 λόγον
1447 819 1493 845 ἐπὶ
1503 818 1553 854 τὴν
1563 818 1646 850 ὄντως
1662 815 1744 844 οὖσαν
1759 817 1807 844 οὺ-

177 870 248 895 ειιιῖε
263 875 326 894 vere
346 866 499 894 existentis.
519 865 752 898 Quemadmodum
768 865 840 893 enim
854 865 964 900 ἀγαθω-

177 913 276 948 νυμίαν
287 917 365 939 vocat
379 918 477 939 nomen
490 911 567 943 boni,
579 911 619 938 sic
626 915 654 938 et
664 910 858 945 οὑσιωνυμίαν,
867 917 965 938 nomen

177 958 259 989 entis,
273 958 342 985 sicut
355 956 525 991 ἀντωνυμίαν
537 964 545 988 ;
561 963 609 983 ens
622 960 713 983 autem
725 959 752 983 et
765 956 884 983 essentia
900 959 963 983 sunt

179 1005 401 1032 ldenu.Caeterum
412 1007 516 1030 tantum
527 1002 733 1030 admoncbimus
741 1003 876 1030 sermonis
887 1002 967 1037 hujus

178 1058 290 1085 scopum
303 1057 355 1077 non
368 1056 439 1082 esse,
453 1049 537 1084 ipsam
551 1049 809 1082 supraessentialem
818 1049 967 1076 essentiam

178 1102 313 1131 quatenus
327 1095 566 1131 superessentialis
580 1100 633 1127 est,
655 1095 802 1130 explicare,
827 1095 874 1123 sed
888 1101 968 1129 expo-

179 1149 244 1168 nvre
267 1141 376 1177 quidem
400 1141 490 1168 omnis
514 1141 676 1168 substantia
706 1141 881 1175 principium,
903 1148 968 1168 cau-

179 1194 249 1220 sam,
266 1187 428 1218 essentiam,
446 1193 499 1214 ιιοιι
516 1186 543 1213 in
568 1191 700 1221 quantum
721 1187 869 1214 essentiam
892 1193 970 1221 supc-

181 1238 223 1260 rat
236 1233 318 1268 (quod
334 1234 406 1260 enim
432 1240 513 1266 supra
537 1233 683 1260 essentiam
703 1233 807 1266 existit,
834 1233 969 1268 quomodo

179 1278 327 1306 secundum
342 1285 371 1306 se
386 1278 516 1312 explicari
534 1279 662 1315 posset?)
679 1279 727 1307 sed
746 1279 772 1306 in
787 1284 919 1314 quantum
934 1278 969 1305 ab

180 1323 241 1350 aliis
251 1323 359 1351 entihus
372 1324 406 1350 ab
419 1324 474 1358 ipsa
489 1324 630 1358 productis
641 1325 674 1351 ad
690 1325 776 1359 ipsam
791 1325 968 1352 adducimur:

182 1370 238 1404 ipsa
254 1369 326 1396 enim
341 1370 490 1396 secundum
507 1377 537 1397 se
553 1369 699 1398 ineﬁ‘abilis
718 1370 822 1402 existit,
838 1374 866 1397 et
884 1371 970 1405 ipsam

181 1416 308 1442 unionem
323 1416 431 1442 excedit
456 1423 464 1446 ;
491 1422 540 1449 per
566 1417 693 1443 unionem
722 1414 876 1450 intelligens
898 1415 970 1442 entis

181 1462 312 1489 unitatem
341 1469 374 1489 ac
403 1461 608 1494 deﬁnitionem,
635 1461 783 1488 secundum
813 1468 893 1495 quam
920 1468 970 1489 ens

181 1512 232 1534 est.
248 1507 481 1541 Quemadmodqu
496 1508 568 1535 enim
584 1507 611 1534 id
630 1507 701 1542 quod
717 1514 769 1534 non
785 1512 840 1539 est,
861 1514 914 1534 non
928 1511 971 1534 est
987 1505 1008 1533 Β

182 1560 276 1583 ιιιιιιιιι,
290 1552 337 1579 sed
353 1560 385 1580 ex
406 1552 497 1580 multis
509 1558 591 1588 atque
608 1552 721 1579 inﬁnitis
739 1552 890 1580 defectibus
907 1559 973 1587 pro-

182 1599 304 1631 ductum,
316 1600 356 1626 sic
371 1599 453 1626 etiam
469 1599 495 1626 id
507 1600 578 1634 quod
597 1603 650 1631 est,
664 1607 750 1626 unum
765 1603 820 1632 est,
837 1599 863 1626 in
882 1606 970 1634 quan-

183 1649 240 1672 tmu
260 1653 309 1672 ens
328 1647 369 1673 es‘t
391 1653 422 1686 τις
447 1645 607 1678 deﬁnitum;
633 1653 715 1680 supra
731 1646 803 1680 quod
821 1645 912 1674 existit
929 1653 972 1673 es-

183 1692 272 1720 Seutia
295 1692 338 1719 illa
360 1692 608 1727 supraessentialis,
630 1700 691 1727 qua:
706 1700 790 1720 unum
805 1693 972 1726 nominatur,

185 1745 238 1765 non
254 1743 283 1765 ut
298 1738 460 1773 principium
485 1745 672 1772 numerorum,
696 1739 744 1766 sed
761 1738 832 1773 quod
843 1739 973 1766 Omnibus

184 1784 314 1816 emineat,
330 1783 465 1818 nullisque
482 1785 563 1811 rebus
575 1791 635 1818 quae
650 1788 711 1818 post
724 1783 812 1818 ipsum
827 1789 890 1812 sunt
908 1793 974 1812 con-

185 1831 324 1858 numerari
342 1831 439 1865 possit,
460 1830 525 1865 quin
550 1832 634 1858 etiam
663 1835 774 1865 propter
798 1831 975 1865 compositio-

183 1877 230 1904 .nis
253 1877 417 1904 vacuitatem
449 1882 532 1911 atque
567 1875 782 1910 simplicitatem.
811 1876 925 1911 Itaque,
950 1877 972 1904 si

184 1922 270 1950 Deum
283 1930 389 1957 quoque
399 1930 482 1950 unum
498 1923 611 1955 dixeris,
627 1930 679 1949 non
699 1922 750 1950 hoc
763 1923 910 1950 essentiam
926 1922 973 1950 Dei

182 1969 349 2004 explicabit;
361 1977 423 1996 nam
435 1969 554 1997 essentia
568 1969 676 2004 proprie
690 1969 722 1996 de
733 1969 786 1996 Deo
802 1975 855 1996 non
864 1969 974 2001 dicitur,

183 2022 315 2049 quoniam
334 2014 574 2050 superessentialis
588 2019 646 2047 est;
663 2014 790 2048 quocirca
805 2014 874 2041 banc
888 2014 974 2048 ipsam

187 2065 314 2091 unionem
323 2063 438 2091 extollit.
448 2062 678 2096 Quemadmodum
690 2061 772 2096 igitur
780 2061 812 2088 de
820 2061 891 2089 bono
906 2061 978 2088 dixi-

189 2117 259 2141 mus,
272 2110 390 2136 divinam
405 2110 552 2136 bonitatem
571 2115 601 2136 se
609 2107 756 2135 extendere
771 2111 798 2134 et
809 2107 843 2134 ad
865 2114 896 2134 ea
917 2114 976 2141 qua:

186 2158 299 2185 suut,ct
313 2155 386 2180 adea
402 2161 462 2188 qua:
475 2162 528 2180 non
543 2157 607 2180 sunt
618 2153 679 2188 (per
693 2160 724 2179 ea
737 2152 840 2180 scilicet
848 2160 908 2187 quae
922 2159 975 2178 non

186 2205 261 2232 sunt,
277 2200 440 2232 materialia,
461 2201 660 2234 materiamque
679 2199 866 2234 intelligenda)
887 2201 927 2226 vel
941 2206 973 2226 ea

182 2256 247 2283 .quae
274 2248 370 2282 partim
397 2247 506 2281 quidem
533 2253 609 2279 sunt,
628 2247 726 2282 partim
744 2254 808 2273 vero
823 2254 875 2273 non
898 2251 974 2280 sunt,

184 2301 241 2321 non
259 2297 348 2320 autem
363 2300 393 2318 ea
411 2299 470 2326 qua:
482 2291 576 2318 nullibi
591 2298 705 2326 usquam
725 2294 804 2317 sunt:
825 2289 866 2317 vel
882 2290 973 2322 tertio,

183 2343 216 2366 ut
227 2339 328 2366 dictmu
342 2343 383 2366 est
407 2346 422 2364 a
440 2338 469 2365 S.
488 2337 579 2369 Patre,
595 2337 666 2372 quod
683 2336 707 2364 id
724 2336 810 2371 ipsum
825 2336 896 2369 quod
920 2343 974 2362 non

181 2391 239 2419 est,
270 2384 414 2419 pulchrum
443 2383 490 2415 sit,
516 2382 734 2417 quandoquidem
757 2382 784 2408 in
808 2381 863 2408 Dco
885 2388 934 2416 per
948 2381 973 2408 id

186 2431 259 2466 quod
284 2429 511 2464 superesseutiale
536 2432 587 2460 est,
613 2428 811 2454 consideretur.
836 2427 974 2460 Quemad-

182 2477 296 2506 modum
312 2477 394 2511 igitur
414 2476 439 2502 in
464 2475 591 2502 omnibus
619 2474 727 2501 bonitas
747 2472 794 2499 Dei
815 2473 927 2506 relucet,
947 2477 976 2500 et

185 2530 295 2550 rursum
313 2522 355 2550 bis
369 2521 481 2553 eminet,
505 2528 586 2556 supra
610 2527 659 2548 eus
686 2519 808 2555 quidem.
828 2519 894 2554 quia
920 2527 973 2546 non

185 2575 232 2599 est
249 2570 398 2605 quidquam
430 2576 524 2596 eorum
556 2574 616 2602 quae
638 2571 719 2599 sunt;
745 2573 826 2601 supra
847 2573 900 2593 non
926 2573 976 2593 ens

187 2625 265 2649 vero,
280 2617 343 2652 quia
367 2615 497 2650 quidquid
522 2614 575 2642 tale
590 2619 632 2642 est
657 2614 805 2647 informat;
833 2614 874 2640 sic
894 2612 975 2639 etiam

186 2663 336 2691 essentiale
357 2663 429 2689 entis
453 2670 550 2689 nomen
569 2661 601 2687 ad
626 2661 718 2688 omnia
741 2660 897 2695 porrigitur,
915 2666 977 2686 cum

188 2711 320 2739 omnibus
339 2717 400 2738 esse
420 2709 511 2741 doucl,
539 2713 567 2735 et
588 2715 669 2742 supra
689 2708 745 2742 ipsa
764 2708 811 2739 sit,
827 2708 890 2742 quia
910 2706 978 2734 nihil

189 2762 236 2784 est
247 2764 341 2784 eorum
366 2759 516 2790 quae-sunt.
532 2754 567 2780 At
586 2753 658 2780 enim
675 2753 739 2781 hinc
753 2754 887 2788 quispiam
905 2761 980 2788 (μιξε-

190 2804 300 2835 siverit,
326 2802 466 2836 Quomodo
486 2801 512 2828 in
529 2801 600 2828 bono
615 2800 724 2835 quidem
746 2800 811 2828 dicit
832 2799 979 2827 bonitatem

1017 867 1176 902 σιωνυμίαν.
1196 866 1239 898 Ὡς
1257 866 1312 902 γὰρ
1331 865 1525 900 ἁγαθωνυμίαν
1544 864 1619 898 λέγει
1639 863 1685 890 τοῦ
1700 863 1805 897 ἀγαθοῦ

1016 913 1174 948 ὀνομασίαν,
1187 903 1258 938 οὖτὼ
1271 912 1318 939 καὶ
1335 911 1518 947 οὐσιωνυμίαν
1538 911 1588 946 τὴν
1599 910 1646 937 τοῦ
1659 910 1736 942 ὄντος
1744 909 1807 936 ὀνο-

1019 958 1128 994 μασίαν,
1143 959 1223 985 οἱονεὶ
1232 957 1414 993 ἀντωνυμίαν·
1428 957 1458 984 τὸ
1471 957 1500 984 δὲ
1514 956 1544 983 ὂν
1556 957 1603 983 καὶ
1616 956 1633 992 ή
1645 956 1725 983 οὐσία
1739 955 1806 982 ταὺ-

1016 1005 1072 1032 τόν.
1093 1005 1308 1040 Ύπομνήσωμεν
1317 1004 1346 1031 δὲ
1358 1003 1495 1036 τοσοῦτον,
1507 1003 1548 1030 ὃτι
1557 1003 1607 1030 οὐκ
1619 1002 1675 1029 ἑστι
1684 1002 1723 1038 τῷ
1734 1002 1808 1038 λόγῳ

1018 1050 1128 1082 σκοπὸς,
1143 1051 1228 1086 αὐτὴν
1248 1051 1297 1087 τὴν
1312 1049 1473 1086 ὑπεροὺσιον
1484 1049 1587 1081 οὐσίαν,
1633 1047 1807 1084 ὑπερούσιος,

1017 1096 1166 1131 ἐκφαίνειν·
1184 1095 1240 1123 ἀλλ’
1256 1096 1394 1130 ἐκφαίνειν
1413 1095 1462 1130 μὲν
1484 1095 1534 1130 τὴν
1549 1094 1638 1129 πάσης
1650 1093 1810 1129 οὐσίαςρρ-

1017 1141 1189 1176 χὴνναιτίαν,
1203 1141 1308 1174 οὐσίαν,
1327 1141 1356 1168 οὐ
1375 1141 1442 1168 καθὸ
1461 1141 1490 1167 δὲ
1501 1141 1673 1176 ὑπερούσιον,
1692 1139 1732 1175 (τδ
1750 1138 1808 1175 γὰρ

1018 1187 1088 1224 ὑπὲρ
1098 1187 1192 1215 οὐσίαν
1203 1187 1233 1214 ὄν
1244 1187 1303 1220 πῶς
1323 1187 1521 1222 ὲκφανθήσεται
1540 1187 1600 1214 κατ’
1621 1185 1721 1222 αὑτό;)
1738 1185 1808 1213 ἀλλὰ

1018 1233 1086 1260 καθὸ
1100 1233 1153 1260 ἀπὸ
1169 1233 1224 1260 τῶν
1240 1233 1340 1270 ἑτέρως
1355 1233 1438 1260 ὄντων
1461 1234 1506 1260 καὶ
1529 1233 1592 1269 παρ’
1613 1233 1696 1268 αὐτῆς
1717 1240 1810 1268 παρα-

1018 1280 1136 1316 χθέντων
1148 1280 1188 1312 εἰς
1204 1279 1288 1315 αὐτὴν
1305 1279 1470 1315 ἀναγόμεθα.
1488 1279 1593 1315 Ἐκείνη
1611 1278 1666 1315 γὰρ
1679 1278 1740 1306 καθ’
1760 1278 1811 1305 αὐ-

1018 1327 1068 1362 τὴν
1081 1326 1247 1361 ὰνέκφαντός
1263 1327 1332 1358 ἐστι,
1346 1325 1393 1352 καὶ
1414 1325 1497 1362 αὐτὴν
1516 1326 1566 1360 τὴν
1585 1325 1682 1351 ἕνωσιν
1695 1324 1812 1360 ὑπεραί-

1022 1380 1104 1408 ρουσα
1113 1372 1209 1398 ἕνωσιν
1223 1371 1310 1405 λέγων
1322 1371 1352 1398 τὸ
1362 1370 1408 1397 τοῦ
1424 1371 1500 1403 ὄντος
1515 1371 1615 1398 ὲνιαῖον
1630 1371 1676 1397 καὶ
1689 1369 1811 1406 ὡρισμέ-

1020 1426 1074 1450 νον,
1090 1418 1156 1444 καθὸ
1172 1418 1201 1444 ὄν
1217 1418 1300 1444 ἐστιν.
1316 1417 1359 1448 Ὧς
1378 1417 1432 1453 γὰρ
1444 1417 1475 1444 τὸ
1489 1415 1526 1452 μὴ
1545 1416 1575 1443 ὂν
1591 1416 1640 1452 οὐχ
1652 1416 1691 1448 ἓν,
1709 1416 1766 1442 ἀλλ’
1777 1416 1812 1442 ὲκ

1020 1463 1125 1499 πολλῶν
1137 1464 1183 1491 καὶ
1189 1464 1308 1500 ἀπείρων
1317 1463 1460 1498 ἐλλείψεων
1469 1472 1507 1490 πα
1511 1463 1711 1499 ρεισαγόμενον·
1722 1461 1811 1495 οὓτως

1021 1510 1052 1536 τὸ
1067 1510 1108 1543 ὂν,
1127 1510 1166 1543 ἓν,
1194 1510 1261 1537 καθὸ
1281 1509 1311 1537 ὄν
1335 1510 1381 1537 καὶ
1397 1509 1560 1546 ὡρισμένον,
1581 1509 1652 1545 ὑπὲρ
1667 1509 1681 1536 δ
1697 1509 1771 1535 ὲστιν
1793 1509 1811 1544 ἡ

1022 1555 1182 1591 ὑπερούσιος
1194 1555 1282 1586 οὐσία,
1294 1555 1354 1590 ἥτις
1365 1554 1523 1590 ὀνομάζεται
1531 1554 1570 1586 ἓν,
1582 1554 1630 1589 οὐχ
1638 1553 1675 1585 ὠς
1687 1552 1811 1588 ἀριθμῶν

1022 1601 1103 1638 ἀρχὴ,
1121 1600 1188 1628 ἀλλὰ
1200 1600 1244 1627 διὰ
1255 1601 1286 1627 τὸ
1294 1601 1402 1627 πάντων
1413 1599 1572 1636 ἐξῃρῆσθαι,
1584 1600 1631 1626 καὶ
1643 1598 1718 1625 οὐδὲν
1731 1606 1812 1624 συνα-

1024 1646 1203 1683 ριθμούμενον
1218 1646 1291 1682 ἔχειν
1306 1646 1361 1672 τῶν
1380 1646 1439 1681 μετ’
1456 1645 1551 1681 αὐτὴν,
1565 1644 1653 1676 ἄλλως
1666 1643 1694 1670 δὲ
1707 1643 1754 1670 καὶ
1766 1643 1811 1669 διὰ

1022 1693 1052 1720 τὸ
1061 1693 1206 1721 ἀσύνθετον
1217 1694 1264 1720 καὶ
1278 1691 1390 1720 ἁπλοῦν.
1405 1691 1480 1724 Τέως
1492 1691 1530 1723 δὲ,
1544 1691 1591 1721 καὶ
1603 1690 1631 1716 ἓν
1642 1689 1676 1717 ἂν
1692 1689 1774 1725 εἴπῃς
1780 1688 1812 1716 τὸ

1022 1738 1109 1770 Θείον,
1121 1739 1151 1765 οὐ
1170 1738 1250 1765 τοῦτο
1265 1739 1413 1774 παρίστησι
1431 1737 1481 1773 τὴν
1503 1735 1595 1763 οὐσίαν
1606 1737 1654 1764 τοῦ
1670 1734 1748 1762 Θεοῦ·
1761 1742 1812 1760 κυ-

1026 1786 1090 1823 ρίως
1109 1785 1163 1821 γὰρ
1179 1785 1258 1812 οὐσία
1278 1784 1324 1811 ἐπὶ
1342 1783 1410 1810 Θεοῦ
1425 1784 1475 1810 οὐκ
1493 1782 1526 1810 ἂν
1547 1782 1661 1816 λέγοιτο,
1679 1781 1736 1807 ἐστι
1756 1779 1812 1815 γὰρ

1024 1831 1197 1867 ὑπερούσιος·
1212 1830 1257 1857 διὰ
1268 1830 1348 1857 τοῦτο
1362 1829 1505 1865 ὑπεραίρει
1524 1829 1570 1855 καὶ
1589 1827 1672 1863 αὐτὴν
1685 1827 1733 1863 τὴν
1746 1826 1814 1853 ἐνω-

1025 1885 1077 1904 σιν.
1101 1876 1144 1908 Ὠς
1158 1875 1223 1910 γοῦν
1238 1876 1284 1902 ἐπὶ
1298 1874 1346 1901 τοῦ
1370 1874 1472 1908 ἀγαθοῦ
1490 1874 1628 1909 ἐλέγομεν·
1649 1873 1689 1899 ὅτι
1713 1874 1730 1907 ὴ
1753 1871 1814 1900 θεία

1024 1922 1160 1957 ἀγαθότης
1172 1921 1218 1948 καὶ
1229 1921 1268 1953 εἰς
1280 1920 1316 1947 τὰ
1330 1921 1404 1953 ὄντα,
1417 1920 1464 1948 καὶ
1481 1921 1521 1951 εἰς
1536 1919 1570 1946 τὰ
1589 1920 1638 1946 οὐκ
1647 1919 1710 1945 ὄντα
1722 1918 1813 1944 ἐκτεί-

1025 1975 1098 1994 νεται
1111 1966 1180 2002 (οὐκ
1195 1966 1258 1993 ὄντα
1270 1965 1298 1992 δὲ
1312 1965 1407 2001 ῥητέον
1420 1964 1454 1992 τὰ
1468 1964 1547 1991 ὑλικὰ
1561 1964 1607 1990 καὶ
1618 1964 1667 1998 τὴν
1680 1962 1755 1999 ὕλην·
1768 1963 1777 1997 )
1795 1962 1813 1998 ἢ

1024 2013 1059 2040 τὰ
1071 2013 1108 2048 πῆ
1127 2012 1177 2048 μὲν
1193 2012 1268 2043 ὄντα,
1287 2012 1324 2047 πῆ
1344 2011 1372 2038 δὲ
1387 2011 1438 2038 οὐκ
1458 2011 1534 2043 ὄντα,
1548 2010 1595 2037 καὶ
1607 2010 1655 2045 οὐχ
1670 2009 1762 2042 ἁπλῶς
1778 2009 1815 2037 τὰ

1027 2059 1137 2095 μηδαμῆ
1157 2057 1288 2094 μηδαμῶς
1299 2057 1373 2084 lina:
1391 2057 1408 2093 ἢ
1427 2057 1530 2093 τρίτον,
1546 2056 1656 2083 κατὰτὸ
1669 2056 1816 2092 εἰρημένον

1027 2104 1100 2140 αὺτῷ
1112 2104 1151 2140 τῷ
1168 2105 1267 2140 Πατρὶ,
1285 2104 1325 2130 ὅτι
1338 2104 1384 2130 καὶ
1402 2103 1466 2130 αὐτὸ
1482 2103 1512 2130 τὺ
1527 2103 1564 2138 μὴ
1582 2103 1622 2135 ὂν,
1639 2103 1731 2135 καλὸν,
1750 2102 1816 2129 ὃταν

989 2177 1011 2205 c
1027 2154 1056 2180 ὲν
1072 2152 1132 2188 Θεῷ
1143 2152 1186 2179 διὰ
1199 2152 1229 2178 τὸ
1240 2151 1399 2188 ὑπερούσιον
1410 2151 1554 2186 θεωρῆται.
1574 2150 1616 2182 Ὧς
1629 2149 1693 2185 γοῦν
1704 2149 1751 2176 ἐπὶ
1764 2150 1817 2176 πᾶ-

1030 2208 1072 2226 σιν
1086 2201 1103 2235 ἡ
1117 2198 1252 2234 ἁγαθὸτης
1261 2198 1309 2224 τοῦ
1320 2197 1388 2225 Θεοῦ
1396 2198 1438 2234 διή
1443 2206 1496 2229 κει,
1505 2198 1551 2224 καὶ
1560 2197 1640 2225 πάλιν
1649 2197 1719 2231 ὑπὲρ
1728 2196 1818 2224 ταῦτά

1029 2246 1114 2277 ἐστιν,
1131 2245 1202 2280 ὑπὲρ
1222 2244 1253 2271 τὸ
1268 2243 1299 2271 ὃν
1322 2245 1381 2279 μὲν,
1404 2244 1446 2270 ὅτι
1459 2244 1508 2270 οὐκ
1528 2243 1585 2270 ἔστι
1601 2252 1626 2270 τι
1647 2242 1703 2270 τῶν
1719 2242 1815 2270 ὄντων·

1028 2292 1099 2328 ὑπὲρ
1117 2291 1147 2318 τὸ
1169 2291 1219 2318 οὐκ
1235 2290 1264 2317 ὃν
1281 2290 1320 2323 δὲ,
1338 2290 1378 2316 ὅτι
1391 2290 1437 2317 καὶ
1450 2289 1522 2316 ἅπαν
1540 2289 1659 2316 τοιοῦτον
1675 2289 1815 2316 είδοποιεί’

1026 2337 1112 2370 οὕτως
1128 2338 1175 2364 καὶ
1187 2339 1204 2372 ὴ
1217 2336 1264 2364 τοῦ
1278 2337 1354 2368 ὄντος
1367 2335 1534 2371 οὐσιωνυμία
1550 2336 1590 2367 εἰς
1602 2336 1689 2362 πάντα
1703 2335 1737 2362 τὰ
1751 2335 1818 2362 ὄντα,

1029 2383 1190 2415 ἐκτείνεται,
1211 2384 1278 2410 πᾶσι
1300 2383 1332 2409 τὸ
1357 2380 1425 2408 εἶναι
1443 2381 1561 2413 διδοῦσα,
1583 2381 1629 2408 καὶ
1642 2381 1712 2417 ὑπὲρ
1729 2380 1819 2408 nimi

1026 2429 1110 2461 ἐστιν,
1121 2429 1162 2455 ὅτι
1178 2427 1208 2455 οὕ
1222 2437 1249 2455 τι
1264 2428 1317 2455 τῶν
1338 2428 1423 2455 ὄντων
1438 2427 1523 2454 ἐστίν.
1548 2427 1616 2454 Ἀλλ’
1638 2428 1709 2454 εῐποι
1726 2435 1768 2458 τις
1785 2427 1819 2454 ἄν

1026 2475 1136 2512 ἀπορῶν
1147 2474 1273 2502 ἐνταῦθα·
1292 2474 1354 2506 Πῶς
1366 2474 1411 2501 ἐπὶ
1424 2474 1475 2510 μὲν
1492 2473 1540 2500 τοῦ
1557 2473 1660 2508 ἀγαθοῦ
1677 2473 1760 2508 λέγει,
1774 2473 1818 2500 ὄτι

1026 2522 1116 2557 διήκει
1128 2522 1143 2556 ή
1153 2520 1290 2557 ἁγαθότης
1298 2520 1344 2546 καὶ
1353 2521 1393 2552 εἰς
1404 2519 1439 2546 τὰ
1448 2520 1523 2552 ὄντα,
1534 2519 1581 2546 καὶ
1594 2520 1634 2552 είς
1644 2519 1679 2546 τὰ
1693 2519 1730 2555 μὴ
1740 2519 1817 2551 ὄντα.

1027 2568 1113 2596 ὲπὶδὲ
1128 2567 1175 2594 τοῦ
1192 2567 1267 2598 ὄντος
1281 2567 1311 2593 οὺ
1331 2566 1405 2600 λέγει
1425 2565 1515 2598 τοῦτο,
1535 2564 1603 2592 ἀλλὰ
1623 2564 1702 2600 μόνον
1728 2564 1818 2600 διήκει

1027 2615 1068 2647 είς
1079 2614 1114 2641 τὰ
1124 2614 1204 2645 evre;
1219 2613 1274 2640 Καὶ
1286 2611 1390 2648 ῥητέον,
1409 2612 1449 2638 ὅτι
1465 2611 1496 2638 τὸ
1508 2611 1558 2646 μὲν
1567 2610 1597 2638 ὂν
1614 2610 1816 2645 ἀγαθυνόμενον

1030 2661 1104 2697 μένει
1121 2660 1250 2692 πολλάκις
1263 2659 1299 2694 μὴ
1310 2658 1348 2685 ὄν·
1361 2658 1423 2685 ἐπεὶ
1438 2658 1493 2693 γὰρ
1512 2657 1549 2694 μὴ
1571 2657 1600 2684 ὃν
1616 2657 1723 2691 λέγεται
1737 2657 1784 2683 καὶ
1797 2658 1816 2692 ὴ

1029 2707 1090 2743 ὕλη.
1103 2707 1203 2741 ἀγαθὸν
1215 2705 1316 2738 δόξειεν
1327 2705 1360 2732 ἂν
1372 2705 1419 2731 καὶ
1430 2705 1447 2740 ἡ
1460 2704 1509 2740 ὓλη
1521 2706 1537 2740 ὴ
1551 2704 1620 2740 νόθῳ
1636 2703 1758 2739 λογισμῷ
1768 2712 1819 2730 κα-

1029 2753 1266 2789 ταλαμϐανομὲνη,
1284 2753 1329 2779 καὶ
1339 2752 1400 2787 δίχα
1416 2751 1469 2778 τῶν
1484 2751 1563 2778 εἰδῶν
1578 2750 1719 2786 νοουμένη,
1729 2750 1753 2776 εἰ
1770 2749 1818 2776 καὶ

1034 2799 1070 2834 μὴ
1084 2799 1143 2826 καθ’
1156 2799 1239 2834 αὐτήν
1252 2799 1335 2830 ἐστιν,
1347 2798 1384 2830 ὡς
1393 2798 1427 2824 ἐκ
1434 2796 1502 2824 Θεοῦ
1516 2796 1694 2833 ταραχθεῖσα,
1706 2795 1754 2823 καὶ
1767 2794 1817 2832 μέ»

231 2892 291 2926 ,(41)
313 2891 376 2919 Vide
393 2891 499 2920 Scholia
515 2891 544 2919 S.
563 2891 681 2924 Maximi,
696 2897 760 2919 tom.
774 2889 806 2922 ll,
819 2897 877 2924 Cap.
896 2889 913 2917 5
947 2889 983 2916 De
994 2888 1076 2917 divin.
1092 2887 1190 2915 uomiu.
