1938 3065
133 154 186 181 8ῦῦ

416 155 460 182 DE
479 155 605 184 DIVINIS
622 155 820 189 NOMINIBUS,
840 157 917 185 CAP.
938 157 969 185 ν.
987 172 1022 177 --
1039 155 1213 185 PARAPHR.
1232 156 1470 191 PACHYMERE,

1706 160 1760 189 835

132 221 173 239 νει
185 212 265 239 πάλιν
283 212 320 249 μὴ
336 213 375 240 δν.
390 213 470 249 mss
484 214 520 250 μὴ
537 214 604 246 ὄντι,
619 214 676 246 πῶς
692 214 818 250 ἐκταθείη
837 214 866 241 τὺ
878 214 907 241 ὃν

970 214 1053 251 438
1071 216 1224 251 pertingere
1250 216 1284 243 ad
1309 223 1340 243 ea
1369 224 1430 251 quae
1449 222 1512 244 sunt
1533 222 1559 244 et
1584 225 1616 245 ea
1631 226 1692 253 quae
1706 228 1759 248 non

133 259 180 286 καὶ
191 261 267 294 μενεῖ
279 260 315 296 μὴ
329 260 358 286 ὃν
378 261 469 292 πάλιν,
492 261 571 287 τοῦτο
593 261 683 296 πάντη
703 261 756 287 τῶν
773 261 919 288 ἀδυνάτων.

139 305 278 341 Ἀσφαλῶς
289 306 354 340 γοῦν
369 306 458 343 τίθησι
471 306 558 333 ταῦτα
574 307 589 333 ὁ
600 307 686 341 ἀγιος.
708 307 823 342 Ὁμοίως
845 307 890 333 καὶ
904 308 920 343 ὴ

131 352 181 388 τῆς
197 352 269 387 ζωῆς
291 352 421 388 ὀνομασία
444 352 491 380 τοῦ
510 352 613 387 ἀγαθοῦ
633 352 701 380 Θεοῦ
722 353 762 385 εἰς
782 353 871 380 πάντα
886 353 920 380 τὰ

132 396 222 429 ζῶντα
239 398 398 432 ἐκτείνεται,
421 400 468 426 καὶ
484 398 555 435 ὑπὲρ
577 398 664 426 ταῦτά
680 400 748 432 ἐστι,
766 400 812 426 καὶ
829 401 846 435 ἡ
871 399 920 435 τῆς

133 443 227 478 σοφίας
248 445 288 476 είς
308 445 396 472 πάντα
412 445 446 473 τὰ
461 446 558 481 λογικά
581 447 628 474 καὶ
649 446 741 482 νοερὰ,
758 447 822 479 τοὺς
838 446 920 481 ἀγγέ-

131 489 193 521 λους
206 491 287 526 φημὶ,
309 492 355 519 καὶ
372 492 526 528 αίσθητικὰ,
539 492 659 528 δηλονότι
675 492 728 525 ’τὰς
741 492 811 529 μετὰ
826 492 920 528 σώμα-

129 543 176 568 τος
187 536 276 572 ψυχὰς
292 538 451 570 ἐκτείνεται,
466 539 512 565 καὶ
530 538 601 574 ὑπὲρ
619 538 706 566 ταῦτά
726 539 795 565 ἐστι.
818 539 878 576 Χρὴ
890 539 918 566 δὲ

129 581 238 614 ειδέναι,
252 583 293 609 ὅτι
308 583 371 610 ὃταν
384 584 449 620 περὶ
464 584 587 618 ἀγγέλων
600 584 646 610 καὶ
666 583 817 619 ἀνθρώπων
831 585 919 620 μόνων

128 627 205 663 φησὶ,
218 628 282 660 τοὺς
296 628 427 663 ἀγγέλους
447 629 558 665 νοητούς
576 638 653 666 φησι,
672 629 721 662 τὰς
737 630 764 656 δὲ
783 631 918 667 ἡμετέρας

126 673 215 708 ψυχὰς
226 675 330 710 νοεράς·
346 674 393 701 νῦν
409 675 438 701 δὲ
451 675 544 711 ἐπειδὴ
561 676 626 712 περὶ
645 675 712 702 Θεοῦ
726 684 826 711 φησιν⁷
844 676 918 703 είκό-

124 726 181 752 τως
196 720 242 747 καὶ
255 721 317 752 τοὺς
329 721 460 755 ἀγγέλους
479 721 536 757 μεθ’
550 721 628 757 ἡμῶν
639 721 748 758 νοερούς
761 731 852 758 φησιν,
869 722 917 749 ἅτε

125 766 174 793 καὶ
189 766 286 798 αὐτοὺς
308 766 352 794 διὰ
368 767 416 794 τοῦ
442 768 512 794 νοεῖν
535 767 581 794 τὸν
597 767 663 794 Θεὸν
683 768 867 804 τρεφομένους
882 769 916 804 τῇ

123 813 232 849 νοήσει,
250 812 339 845 καθὼς
356 814 402 840 καὶ
422 814 449 840 αἱ
465 813 634 850 ἀνθρώπιναι
650 814 746 850 ψυχαί.
766 815 918 851 Δίσθητικά

121 857 152 885 δὲ
170 859 274 894 νοήσεις
285 859 338 886 -καὶ
356 859 391 886 τὰ
407 860 502 895 ἄλογα,
520 860 558 892 ὡς
574 860 621 887 καὶ
642 860 711 887 αὐτὰ
723 860 797 893 θείας
821 861 917 896 σοφίας

124 905 282 941 μετέχοντα,
300 907 330 933 ὲν
349 908 410 939 ταῖς
430 908 558 942 φυσικαῖς
577 907 666 934 αὐτῶν
682 907 791 943 ὁρμαῖς,
810 908 848 940 ὼς
869 908 915 935 ἐπὶ

973 268 1047 293 sunt,
1065 262 1091 289 in
1105 266 1168 290 ente
1180 266 1270 289 autem
1289 263 1338 290 hoc
1352 270 1404 289 non
1420 263 1496 296 dicit,
1513 262 1560 291 sed
1578 268 1681 292 tantum
1696 273 1759 300 per-

973 308 1077 342 tingere
1099 309 1134 334 ad
1162 315 1194 335 ea
1216 315 1276 342 quae
1302 309 1446 336 existunt?
1470 309 1568 345 Utique
1596 311 1755 346 dicendum,

971 360 1019 380 ens
1041 353 1151 388 quidem
1180 354 1281 381 bomnu
1312 354 1412 382 factum
1440 363 1551 383 manere
1575 364 1760 392 saepenumero

972 406 1026 426 non
1046 406 1110 432 ens;
1134 406 1196 426 cum
1223 400 1295 427 enim
1315 400 1428 427 materia
1447 408 1556 436 quoque
1580 410 1633 430 non
1651 410 1699 430 ens
1715 404 1759 430 di-

971 448 1059 477 catur,
1077 444 1170 480 utique
1185 445 1300 472 materia
1313 452 1421 480 quoque
1435 445 1534 473 bonum
1557 447 1694 475 videbitur
1709 448 1759 475 im-

970 491 1078 526 propria
1102 491 1208 518 ratione
1233 496 1344 526 accepta
1362 496 1391 518 et
1412 491 1471 519 sine
1492 492 1587 520 formis
1608 494 1756 527 intellecta,

972 538 1077 565 tametsi
1094 545 1147 564 non
1169 545 1217 572 per
1232 545 1261 566 se
1272 538 1318 571 sit,
1334 543 1429 572 utpote
1442 546 1456 566 a
1474 539 1528 566 Deo
1546 541 1687 574 producta,
1700 550 1758 568 rita-

971 587 1088 618 neatque
1100 591 1208 611 rursum
1225 591 1276 611 non
1292 591 1351 612 ens.
1375 585 1516 618 Quomodo
1532 591 1622 613 autem
1638 594 1686 614 ens
1703 595 1757 615 non

969 628 1024 656 enti
1038 630 1183 657 coextendi
1200 631 1297 665 possit,
1323 635 1350 658 et
1371 635 1479 658 maneat
1499 639 1604 659 rursum
1625 640 1677 660 non
1695 641 1756 666 eius,

970 675 1022 703 hoc
1038 676 1134 711 utique
1156 676 1324 711 impossibile
1343 682 1394 705 cst.
1413 677 1515 705 Secure
1532 679 1615 714 igitur
1630 681 1757 714 proponit

969 721 1026 748 haec
1041 727 1161 748 sanctus.
1183 721 1314 749 Similiter
1330 723 1413 750 etiam
1431 731 1530 750 nomen
1553 724 1615 751 vita:
1631 723 1692 752 boni
1707 725 1756 753 Dei

969 767 1002 794 ad
1028 768 1118 795 omnia
1141 768 1259 796 viventia
1286 770 1455 804 extenditur,
1482 775 1509 797 et
1525 778 1606 806 supra
1623 772 1680 798 haec
1699 775 1751 804 est,

969 812 1007 839 uti
1021 816 1048 840 et
1063 814 1203 847 sapientia:
1220 815 1253 841 ad
1277 815 1367 842 omnia
1392 815 1535 843 rationalia
1554 821 1581 843 et
1604 816 1756 851 intelligen-

969 859 1016 890 tia,
1036 860 1148 893 angelos
1164 860 1274 894 inquam
1292 867 1320 889 et
1335 861 1455 895 sensilia,
1481 861 1508 889 id
1534 868 1576 890 est
1597 863 1630 890 ad
1650 863 1755 890 animas

967 912 1112 940 corporcas
1127 907 1293 940 extenditur,
1309 912 1337 934 et
1353 915 1434 943 supra
1453 909 1509 936 haec
1524 909 1635 937 eminet.
1659 909 1754 936 Scien-

120 939 170 978 -ι-οὖ
186 939 315 988 ἀράχνου,
327 953 374 980 καὶ
389 939 442 980 τοῦ.
455 952 610 989 μύρμηκος,
624 953 671 980 καὶ
756 939 843 982 ἀλλων
850 954 909 988 ἑφε-

966 939 1029 980 dum
1055 960 1130 986 vero,
1150 954 1259 988 quando
1281 939 1315 982 de
1337 939 1440 989 angelis
1462 961 1490 982 et
1513 955 1669 983 hominibus
1688 955 1754 983 solis

121 996 173 1033 ξῆς
187 998 325 1026 ἁπάντων.

965 998 1097 1034 loquitur,
1118 999 1205 1034 ipsum
1228 1001 1340 1036 angelos
1366 1008 1466 1029 vocare
1490 1001 1683 1035 iutelligibiies,
1701 1009 1754 1028 no-

127 1050 201 1073 stras
231 1053 296 1073 vero
316 1046 423 1074 animas
456 1045 656 1082 intelligentes;
688 1053 762 1073 nunc
786 1051 878 1073 autent
910 1054 972 1074 eum
1002 1046 1036 1074 de
1051 1046 1106 1074 Deo
1122 1054 1212 1074 sermo
1234 1052 1287 1080 est,
1312 1048 1411 1075 merito
1439 1047 1519 1076 etiam
1553 1052 1606 1075 tam
1639 1048 1753 1084 angelos

121 1100 204 1125 quam
231 1102 280 1122 nos
312 1094 495 1130 intelligentes
518 1093 676 1129 appellare,
706 1093 778 1128 quod
812 1094 893 1122 etiam
916 1093 966 1129 ipsi
996 1093 1080 1120 Deum
1115 1093 1292 1129 intelligendo
1318 1094 1502 1122 intellectione
1530 1095 1659 1128 alantur,
1695 1102 1750 1122 non

120 1146 199 1166 secus
228 1146 260 1166 ac
281 1139 377 1166 animte
390 1139 525 1166 humanae.
561 1138 678 1166 Sensilia
702 1146 767 1166 vero
782 1138 919 1173 intelliges
952 1139 1033 1166 etiam
1066 1139 1259 1174 irrationalia,

1297 1145 1327 1167 ut
1365 1147 1426 1176 quae
1444 1140 1526 1168 citam
1557 1141 1677 1168 divinam
1705 1149 1751 1168 sa-

121 1185 254 1218 pientiam
267 1185 431 1220 participent
458 1184 486 1212 in
510 1184 567 1212 suis
588 1184 760 1212 naturalibus
784 1184 1025 1219 propensionibus,
1043 1185 1111 1212 utin
1128 1192 1227 1212 aranea
1246 1189 1273 1213 et
1300 1185 1413 1212 formica
1432 1185 1592 1220 exterisque
1627 1186 1752 1214 omnibus

119 1236 204 1266 patet.

154 1277 168 1313 §
182 1278 216 1304 Ii.
225 1276 332 1310 Ταύτας
345 1277 467 1313 βούλεται
480 1276 494 1303 6
506 1276 585 1311 λόγος
595 1276 714 1312 ὑμνῆσαι
726 1276 776 1309 τὰς
786 1277 835 1312 τῆς
845 1285 913 1312 προ-

119 1326 194 1358 νοίας
212 1325 410 1363 ὲκφαντορικὰς
430 1325 478 1352 καὶ
501 1325 717 1360 παραπατικάς,
734 1324 782 1351 καὶ
800 1324 913 1360 δηλωτι-

118 1372 171 1405 κὰς
186 1372 347 1408 θεωνυμίας,
360 1372 421 1399 οὐδὲ
433 1371 487 1407 γὰρ
502 1371 586 1407 αὐτὴν
599 1371 649 1407 τὴν
660 1371 731 1407 ὑπὲρ
745 1372 833 1397 πᾶσαν
844 1372 912 1405 ἀγα-

118 1419 219 1454 θότητα
235 1419 281 1445 καὶ
294 1418 409 1454 θεότητα
425 1417 499 1453 (θεοὶ
519 1418 574 1454 γὰρ
593 1418 640 1444 καὶ
657 1418 681 1444 οἱ
696 1417 807 1452 ἄγγελοι
827 1417 874 1444 καὶ
885 1418 910 1444 al

116 1464 217 1491 δίκαιοι
227 1463 376 1500 ἄνθρωποι)
395 1463 446 1499 τὴν
457 1463 602 1499 ἱδρυμένην
613 1464 642 1490 ὲν
649 1463 829 1499 ἀποκρύφοις,
838 1463 910 1490 κατὰ

116 1510 160 1543 τό,
186 1509 234 1536 Ἐν
243 1510 406 1544 ἀποκρύφῳ
415 1509 592 1544 καταιγιδος-
607 1509 654 1536 καὶ
670 1508 701 1535 τό
709 1529 717 1541 ,
729 1509 829 1536 ’Ἐθετο
836 1510 909 1536 σκό-

116 1564 170 1588 τος
184 1553 365 1589 ἀποκρυφὴν·
378 1554 482 1582 αὐτοῦ·
496 1554 562 1581 ἀλλὰ
577 1554 625 1590 τὴν
638 1554 694 1581 τῶν
705 1553 815 1589 ἀγαθῶν
823 1554 909 1581 ἀπάν-

961 1553 994 1580 lir
1017 1557 1047 1585 ';
1081 1557 1163 1585 atque
1195 1552 1259 1580 illud
1292 1560 1300 1581 :

115 1609 170 1627 των
187 1600 276 1627 αἰτίαν
295 1599 461 1636 ἀγαθότητα,
482 1600 529 1627 καὶ
550 1600 581 1627 τὸ
594 1600 648 1627 τῶν
665 1600 750 1627 ὄντων
768 1600 855 1628 αττιον
867 1600 907 1633 ὃν,

115 1647 165 1674 καὶ
178 1647 227 1683 τὴν
244 1647 298 1674 τῶν
312 1645 421 1678 ζώντων
435 1647 524 1673 αἰτίαν
538 1646 621 1682 ζωὴν,
636 1647 684 1674 καὶ
698 1647 746 1682 τὴν
772 1646 908 1681 σοφοδότιν

116 1694 223 1729 σοφίαν·
236 1693 262 1720 τί
279 1693 374 1720 τούτου
388 1692 531 1728 δηλοῦντος
550 1693 672 1720 ἐντεῦθεν
683 1713 690 1725 ,
704 1694 733 1719 ὲν
745 1692 784 1728 τῷ
796 1693 909 1727 συνάγε-

117 1741 179 1769 σθαι
192 1741 250 1776 ἅμα
263 1740 303 1776 τῷ
315 1740 429 1776 αίτιατῷ
442 1739 472 1767 τὸ
488 1740 584 1767 αἴτιον·
604 1740 632 1766 ἓν
645 1739 734 1775 δῆλον,
754 1739 787 1766 ἵν’
800 1739 908 1765 ἀποδει-

115 1787 194 1823 χθείη
208 1788 241 1814 ὲκ
250 1786 297 1813 τοῦ
308 1785 430 1813 αίτιατοῦ
441 1785 472 1812 τὸ
482 1786 577 1813 αἴτιον·
590 1785 606 1821 ἢ
619 1786 666 1812 καὶ
679 1784 816 1818 ἀπόδειξις
828 1785 907 1819 λέγε-

114 1843 172 1866 ται,
186 1833 242 1860 ἀλλ’
254 1833 284 1860 οὐ
298 1833 345 1860 τοῦ
357 1833 442 1866 διότι,
455 1832 522 1859 ἀλλὰ
537 1832 585 1859 τοῦ
595 1832 649 1863 ὅτι,
664 1832 702 1864 ὡς
709 1832 771 1858 ὅταν
779 1831 908 1858 δεικνύω-

117 1888 168 1916 μεν
181 1880 232 1916 τὴν
250 1880 299 1915 τῆς
315 1879 429 1915 σελήνης
442 1878 603 1914 ἀντίφραξιν
622 1877 667 1904 διὰ
684 1878 734 1913 τῆς
748 1876 904 1911 ἐκλείψεως.

116 1923 178 1952 Ὅτι
193 1925 258 1960 γοῦν
271 1926 330 1952 ἐστι
342 1924 373 1951 τὸ
385 1924 462 1951 Θεῖον
475 1923 587 1958 ἀγαθὸν,
601 1923 648 1950 καὶ
662 1923 702 1956 ὃν,
715 1923 763 1949 καὶ
776 1922 841 1958 ζωὴ,
860 1922 906 1948 καὶ

116 1971 208 2006 σοφία,
225 1971 396 2006 μανθάνομεν
408 1970 454 1997 διὰ
466 1969 520 1996 τῶν
541 1969 679 1996 αἰτιατῶν·
700 1969 734 1995 δι’
747 1968 762 1994 ὃ
776 1968 804 1994 δὲ
820 1968 906 1995 ταῦτά

115 2017 198 2049 ἐστιν,
221 2017 250 2043 οὐ
269 2016 448 2052 γινώσκομεν,
462 2015 555 2052 ἐπειδὴ
569 2015 621 2051 πρὸ
637 2015 735 2051 μικροῦ
757 2014 829 2047 ἔδοξέ
847 2024 905 2047 πως

115 2063 248 2090 ὑπόϐασιν
261 2063 361 2098 λέγειν,
376 2063 407 2090 τὸ
428 2063 527 2098 ἀγαθὸν
544 2062 628 2089 εἰπὼν
643 2062 690 2089 τοῦ
710 2062 786 2094 δντος
808 2061 903 2088 αἴτιον.

114 2109 170 2136 Καὶ
183 2109 254 2136 οὓτω
264 2109 390 2144 καθεξῆς,
405 2110 450 2136 ἵνα
461 2109 497 2145 μὴ
512 2109 663 2145 δράξωνταί
682 2117 754 2141 τινες
776 2108 904 2144 ἀφορμῆς

114 2154 263 2187 ἀσυνέτως,
279 2155 329 2181 οὐκ
352 2154 416 2181 ἄλλο
431 2155 513 2189 φησὶν
535 2152 605 2180 εἶναι
624 2154 655 2180 τὸ
674 2153 713 2185 ὒν,
736 2154 782 2180 καὶ
796 2153 859 2180 ἄλλο
873 2153 904 2180 τὸ

114 2201 226 2236 ἀγαθὸν,
241 2202 288 2228 καὶ
302 2201 419 2237 καθεξῆς
431 2200 524 2228 τᾶλλα·
536 2201 565 2228 ἓν
581 2201 636 2237 γὰρ
648 2201 702 2228 τῶν
716 2201 842 2228 ἁπάντων
859 2201 902 2228 αῖ-

1001 1275 1059 1312 ςιι.
1081 1275 1134 1304 Has
1154 1275 1237 1311 igitur
1264 1275 1311 1302 Dei
1336 1276 1545 1308 nominationes,
1561 1281 1630 1311 qua:
1660 1278 1753 1311 provi-

964 1322 1072 1350 dentias
1087 1321 1136 1349 Dei
1159 1322 1286 1356 aperiunt
1301 1326 1329 1349 et
1344 1327 1497 1356 proponunt
1515 1330 1547 1349 ac
1568 1323 1752 1357 manifestam,

965 1368 1133 1403 propositum
1153 1372 1195 1395 est
1215 1367 1375 1401 praedicare,
1394 1375 1445 1394 non
1458 1375 1524 1395 vero
1543 1367 1614 1395 illam
1629 1376 1689 1403 qua:
1704 1377 1752 1396 sn-

963 1422 1010 1448 pra
1030 1421 1138 1441 omnem
1155 1414 1304 1441 bonitatem
1328 1421 1362 1441 ac
1384 1414 1512 1441 deitatem
1528 1415 1602 1449 (nam
1618 1419 1645 1441 et
1660 1415 1752 1449 angeli

966 1460 1143 1494 hominesque
1165 1459 1232 1494 justi
1258 1459 1298 1486 Dii
1325 1459 1506 1494 appellantur)
1529 1460 1557 1488 in
1583 1461 1752 1489 absconditis

964 1507 1055 1534 sedem
1067 1506 1167 1541 posuit,
1179 1505 1257 1541 juxta
1277 1505 1342 1533 illud
1358 1515 1365 1534 :
1380 1505 1422 1533 ῖῙη
1440 1506 1593 1533 abscondito
1613 1512 1753 1540 (enipeum-

1332 1552 1425 1579 Posuil
1458 1553 1576 1579 tenebras
1610 1553 1750 1580 latibulum

959 1607 1036 1626 suum
1057 1604 1088 1631 ⁵;
1115 1599 1162 1626 sed
1188 1598 1335 1626 bonitatem
1361 1598 1433 1626 illam
1457 1606 1517 1633 qua:
1537 1599 1668 1626 bonorum
1688 1606 1750 1627 om-

959 1646 1034 1673 nium
1058 1653 1203 1680 rerumque
1219 1653 1301 1672 causa
1316 1645 1419 1676 existit,
1436 1649 1463 1672 et
1477 1645 1559 1671 vitam
1579 1652 1640 1679 quae
1658 1645 1751 1672 viven-

961 1691 1025 1718 tium
1042 1698 1124 1718 causa
1148 1694 1201 1722 est,
1226 1689 1444 1725 sapientiamque
1466 1689 1606 1724 sapientiae
1631 1689 1750 1725 largitri-

958 1744 1033 1771 cem;
1057 1737 1128 1772 quod
1145 1737 1208 1764 hinc
1222 1736 1396 1763 manifestum
1414 1736 1454 1769 fit,
1476 1736 1539 1763 dum
1561 1743 1614 1762 una
1631 1743 1692 1763 cum
1706 1736 1748 1763 ef-

958 1784 1030 1812 fectu
1043 1791 1152 1811 causam
1165 1783 1315 1818 coniungit,
1336 1788 1365 1810 ut
1378 1783 1506 1811 nimirum
1522 1791 1553 1811 ex
1566 1783 1662 1812 eii'ectu
1675 1784 1749 1812 clare

958 1838 1040 1859 causa
1058 1831 1279 1864 demonstretur;
1301 1831 1342 1857 vel
1358 1831 1440 1857 etiam
1460 1830 1656 1858 demonstratio
1679 1831 1748 1859 dici-

957 1882 1001 1904 tur
1016 1884 1069 1904 non
1085 1876 1223 1911 particula:
1236 1876 1313 1916 διότι,
1331 1877 1379 1904 sed
1395 1877 1446 1908 ὅτι,
1465 1881 1495 1904 ut
1514 1877 1622 1911 quando
1636 1877 1748 1905 demon-

956 1928 1077 1950 stramus
1091 1922 1160 1949 lunai
1175 1922 1377 1957 oppositioncm
1399 1930 1447 1957 per
1461 1923 1594 1959 eclipsim.
1610 1924 1744 1956 Quoniam

956 1969 1040 2004 igitur
1055 1969 1125 1996 Deus
1143 1968 1243 1996 bonum
1261 1972 1314 2000 est,
1332 1973 1358 1996 et
1380 1976 1440 2003 ens,
1466 1974 1494 1997 et
1510 1970 1574 2002 vita,
1589 1975 1618 1997 et
1638 1971 1746 2005 sapien—

956 2016 1003 2048 tia,
1023 2015 1152 2043 discimus
1172 2022 1206 2043 ει
1221 2014 1344 2048 eii'ectis;
1362 2023 1411 2051 per
1425 2017 1499 2050 quod
1516 2021 1605 2043 autem
1625 2017 1682 2044 inec
1697 2017 1744 2050 sit,

955 2069 1009 2088 non
1028 2061 1231 2096 cognoscimus,
1255 2061 1355 2096 quippe
1375 2061 1422 2096 qui
1436 2062 1516 2096 paulo
1537 2067 1599 2089 ante
1613 2063 1687 2090 visus
1700 2068 1744 2090 est

954 2107 1060 2140 dicere,
1075 2107 1176 2134 bonum
1193 2113 1253 2134 esse
1270 2106 1432 2140 subjectum,
1445 2115 1506 2135 eum
1521 2108 1590 2136 dixit
1611 2116 1672 2136 esse
1686 2108 1745 2143 ejus

953 2154 1025 2188 quod
1047 2159 1089 2180 est
1105 2160 1196 2180 causa.
1219 2151 1253 2179 Et
1271 2152 1307 2179 ita
1331 2152 1468 2188 deinceps,
1483 2161 1517 2181 ne
1535 2155 1582 2189 qui
1595 2154 1648 2182 bac
1660 2162 1743 2182 occa-

954 2206 1029 2226 suone
1054 2199 1240 2233 imprudentes
1274 2201 1481 2234 deciperentur,
1513 2208 1565 2228 non
1593 2201 1641 2233 ait,
1668 2201 1745 2229 aliud

112 2256 180 2280 τιον,
198 2248 245 2274 καὶ
257 2249 286 2274 οὺ
303 2248 458 2279 πολλά-ςκαὶ
473 2249 521 2284 μία
535 2247 630 2285 θεότης
643 2249 659 2285 ὴ
677 2249 711 2276 τὰ
731 2249 818 2276 πάντα
832 2257 905 2285 παρ-

961 2253 1017 2274 esse
1030 2246 1113 2282 439
1126 2254 1185 2280 cns,
1202 2251 1229 2273 et
1243 2246 1315 2273 aliud
1327 2245 1437 2280 bonum,
1452 2251 1481 2274 et
1501 2246 1539 2274 sic
1555 2246 1588 2274 de
1607 2247 1714 2275 caneris
1732 2253 1744 2275 :

114 2293 228 2328 ἄγουσα.
250 2295 427 2322 Καθάπτεται
447 2295 477 2321 δὲ
500 2294 624 2322 ἐντεῦθεν
638 2294 693 2321 τῶν
703 2304 732 2321 τε
749 2297 778 2322 ἐν
791 2296 903 2332 Ἕλλησι

115 2339 205 2374 σοφῶν
223 2340 269 2367 καὶ
289 2339 344 2366 τῶν
361 2340 416 2367 ἀπὸ
437 2341 559 2376 Σίμωνος
579 2340 735 2376 αἱρετικῶν,
759 2341 784 2368 οἳ
805 2350 904 2376 κοσμο-

114 2386 208 2419 ποιούς
221 2395 285 2422 φασι
300 2386 388 2418 θεοὺς,
400 2387 459 2413 καθ’
473 2387 533 2414 ὅσον
550 2387 736 2423 ὑποϐεϐήκασι
747 2407 755 2419 ,
778 2387 903 2414 τοσοῦτον

113 2433 206 2460 καὶτὰ
221 2433 401 2468 ἀσθενέστερα
413 2432 467 2460 τῶν
481 2434 639 2468 κτισμάτων
650 2434 836 2469 παράγοντας,
850 2433 902 2466 ἕως

114 2480 224 2515 καὶτῆς
239 2479 347 2506 πάντων
362 2479 558 2515 ὑποστάθμης,
578 2480 628 2515 τῆς
643 2478 719 2515 ὕλης·
737 2480 784 2507 καὶ
801 2480 902 2516 ταύτης

113 2525 170 2561 γὰρ
188 2526 252 2553 ἴδιον
274 2525 438 2561 δημιουργὸν
457 2525 653 2552 ἀποδεδώκασι.
680 2525 790 2552 Τούτων
813 2526 903 2552 τοίνυν

112 2572 168 2599 τῶν
184 2571 232 2599 τοῦ
250 2570 308 2603 ἑνὸς
319 2571 386 2598 Θεοῦ
400 2571 568 2607 θεωνυμιῶν,
584 2572 601 2607 ἡ
616 2572 665 2607 μὲν
677 2571 724 2598 τοῦ
739 2572 840 2606 ἀγαθοῦ
853 2573 901 2598 ἑκ-

114 2619 230 2654 φαντική
242 2619 299 2644 ἐστι
310 2618 359 2654 τῆς
375 2618 522 2650 παντελοῦς
534 2618 581 2645 τοῦ
592 2618 660 2645 Θεοῦ
674 2618 810 2654 προνοίας,
826 2619 853 2645 αἱ
873 2619 901 2645 δὲ

112 2663 206 2691 λοιπαὶ
219 2663 338 2700 μερικῶν
357 2664 488 2700 προνοιῶν
503 2664 555 2691 είσι
572 2664 729 2700 δηλωτικαὶ,
741 2666 767 2691 οιί
786 2665 835 2700 μὲν
847 2664 901 2691 ὀλι-

113 2711 252 2747 κωτέρων,
266 2712 294 2737 αἱ
308 2710 337 2737 δὲ
349 2711 553 2746 μερικωτέρων·
567 2712 583 2746 ἡ
599 2711 653 2747 γὰρ
671 2710 718 2737 τοῦ
734 2710 836 2746 ἀγαθοῦ
851 2711 901 2747 τῆς

113 2757 262 2790 παντελοῦς
273 2757 409 2793 προνοίας,
427 2757 467 2784 ὃτι
488 2757 576 2784 πάντα
589 2757 622 2784 δι’
637 2758 791 2793 ἀγαθότητα
810 2758 900 2794 παρή-

113 2803 167 2840 χθη
181 2804 227 2831 καί
240 2805 317 2831 εἰσιν·
334 2805 350 2840 ἡ
362 2804 391 2831 δὲ
402 2804 452 2839 τῆς
462 2803 545 2840 ζωῆς,
563 2805 689 2841 μερικῆς,
703 2804 760 2832 ἀλλ’
770 2805 896 2832 ὁλικωτέ-

187 2885 198 2900 σ
213 2880 283 2909 Psnl.
297 2888 378 2913 Lxxx,
393 2882 420 2908 8.
457 2885 467 2899 ⁵
482 2880 552 2908 Psal.
569 2888 636 2914 xm,
659 2880 703 2907 12.

955 2301 1008 2320 una
1023 2293 1156 2328 siquidem
1172 2293 1293 2320 omnium
1304 2300 1397 2325 causa,
1413 2297 1440 2321 et
1452 2301 1507 2321 non
1526 2293 1632 2327 multae;
1649 2299 1677 2321 et
1688 2301 1742 2322 una

953 2339 1042 2367 deitas
1063 2346 1123 2373 quae
1146 2339 1272 2366 universa
1297 2338 1435 2373 produxit.
1467 2339 1629 2375 Perstringit
1649 2344 1742 2367 autem

953 2385 999 2412 hic
1025 2384 1181 2412 Graecorum
1214 2383 1362 2417 sapientes,
1389 2388 1418 2410 et
1449 2383 1593 2412 haereticos
1622 2384 1742 2412 Simonis

953 2435 1115 2463 sectatores,
1131 2431 1176 2466 qui
1191 2434 1327 2461 asserunt,
1356 2432 1421 2458 deos
1445 2430 1538 2457 mundi
1560 2429 1742 2457 fabricatores

953 2483 1054 2511 quanto
1073 2477 1216 2504 inferiores
1237 2482 1312 2509 sunt,
1342 2481 1416 2504 tanto
1444 2483 1553 2511 quoque
1575 2475 1741 2504 inﬁrmiOres

952 2523 1101 2558 producere
1119 2527 1269 2556 creaturas,
1292 2523 1373 2551 etiam
1392 2530 1476 2558 usque
1492 2523 1525 2550 ad
1540 2523 1662 2550 omnium
1676 2522 1740 2549 fun-

952 2569 1108 2596 damentum
1135 2569 1173 2604 (id
1202 2570 1254 2604 est)
1278 2569 1437 2601 materiam;
1453 2576 1515 2596 nam
1538 2573 1566 2595 et
1580 2569 1644 2595 huic
1657 2575 1740 2604 pecu-

952 2616 1046 2643 liarem
1077 2617 1248 2643 conditorem
1269 2616 1452 2650 assignarunt.
1476 2614 1548 2642 Inter
1570 2615 1628 2642 inec
1646 2615 1738 2649 itaque

952 2662 1031 2689 unius
1041 2662 1085 2689 Dei
1101 2663 1219 2694 nomina,
1234 2670 1330 2690 nomen
1345 2663 1408 2690 boni
1424 2661 1591 2689 uniVersales
1613 2661 1660 2688 Dei
1674 2668 1738 2696 pro-

951 2707 1086 2734 videntias
1104 2708 1234 2741 declarat,
1256 2707 1358 2741 reliqua
1376 2713 1441 2734 vero
1467 2706 1647 2742 particulares
1672 2712 1737 2740 pro-

951 2753 1084 2781 vidcntias
1095 2753 1283 2787 manifestam,
1305 2754 1357 2780 alia
1375 2753 1484 2788 quidem
1497 2752 1583 2788 magis
1594 2751 1737 2779 universa-

951 2801 1002 2836 ‘rs,
1022 2801 1075 2829 alia
1101 2808 1165 2829 vero
1189 2799 1276 2836 magis
1296 2799 1493 2835 particulares;
1521 2798 1654 2833 siquidem
1670 2797 1734 2825 boni
