1938 3065
206 152 258 181 835

795 154 824 184 s.
842 154 988 183 mons”
1006 143 1236 183 maeniana:

1783 158 1836 186 836

203 218 301 237 nomen
314 211 437 246 designat
451 211 633 240 uuivcrsalem
648 213 760 239 omnino
777 213 983 247 providentiam,

1042 221 1100 248 ρας,
1118 213 1148 239 οὐ
1162 212 1216 249 γὰρ
1232 214 1320 240 πάντα
1338 212 1428 245 ζῶσιν·
1446 213 1501 248 ἡδὲ
1517 213 1566 249 τῆς
1581 213 1684 249 σοφίας,
1700 214 1743 241 ἔτι
1756 224 1837 252 μερι-

202 258 329 293 quoniam
345 259 469 286 universa
491 266 538 294 per
555 259 703 286 bonitatem
720 259 850 293 producta
875 264 948 292 sunt,
965 265 993 287 et

201 304 336 336 existunt;
356 312 453 331 nomen
476 311 540 332 vero
561 305 623 332 vita:
642 305 833 339 particularem
846 306 992 340 providen-

201 350 265 377 tiam
285 351 415 383 declarat,
433 351 480 378 sed
507 351 715 386 generaliorem.
737 358 790 378 non
810 352 882 378 enim
902 351 993 379 omnia

183 396 306 428 .vivunt,
329 397 471 432 sapientia:
488 404 554 424 vero
575 397 666 424 adhuc
681 397 766 432 magis
785 397 991 432 particularem,

1044 259 1178 294 κωτέρας,
1196 259 1257 286 οὐδὲ
1273 258 1328 295 γὰρ
1345 259 1434 286 πάντα
1446 259 1481 286 τὰ
1491 258 1581 292 ζῶντα
1594 261 1672 296 σοφά.
1690 260 1837 288 ὐλικωτί-

1048 313 1096 340 ρας
1106 304 1172 338 γοῦν
1185 313 1252 340 φησι
1264 305 1314 337 τὰς
1328 305 1374 331 ἐπὶ
1390 305 1521 332 πλειόνων
1533 305 1733 343 θεωρουμένας·
1748 308 1766 342 ή
1781 306 1838 342 ζωὴ

1045 350 1100 387 γὰρ
1119 351 1214 386 φθάνει
1235 352 1281 378 καὶ
1300 352 1346 378 ἐπὶ
1367 352 1468 387 φυτῶν,
1485 353 1533 379 καὶ
1546 351 1623 385 ζώων
1641 353 1768 388 λογικῶν,
1791 353 1840 380 καὶ

1046 397 1160 432 ἀλόγων·
1176 398 1256 433 σοφία
1269 398 1298 425 δὲ
1309 398 1357 426 καὶ
1367 398 1456 433 λόγος,
1473 399 1651 436 μερικώτεροί
1662 400 1741 427 εἰσιν.

200 451 253 471 non
273 445 345 472 enim
367 444 458 472 omnia
472 452 534 479 quae
552 446 647 472 vivunt
661 445 780 480 sapiunt.
794 444 988 472 Generaliores
1003 449 1095 472 autem
1110 449 1190 472 vocat
1207 453 1267 478 eas,
1298 453 1359 481 quae
1386 446 1411 473 in
1436 445 1560 481 pluribus
1580 452 1746 480 cernuntur;
1780 448 1836 474 vita

199 491 272 518 enim
287 493 410 526 pervenit
425 499 512 525 usque
527 491 560 518 ad
576 492 699 526 'plantas,
717 496 744 519 et
764 491 892 518 animalia
919 490 1063 518 rationalia
1085 491 1253 526 rationisque
1286 492 1425 527 expertia;
1454 493 1589 527 sapientia
1616 498 1707 520 autem
1737 499 1763 521 et
1795 502 1837 520 ra-

201 536 239 562 tio
256 542 318 563 sunt
334 537 420 571 magis
433 536 623 572 partieulares.

235 593 310 630 §'Ill.
331 593 447 621 Dubium
476 594 540 621 hinc
562 595 700 622 resultans
727 593 817 626 solvit,
839 602 898 626 cur,
927 600 988 620 eum

200 647 297 666 nomen
318 640 404 674 ipsius
422 639 501 671 eutis,
526 647 607 673 quam
628 641 700 672 vitae,
716 644 743 666 et
758 640 829 672 vitae,
848 647 928 674 quam
942 647 988 666 sa-

199 686 308 720 pienti-ie
330 685 410 712 latius
431 690 523 720 pateat
537 686 681 720 (siquidem
698 693 747 712 ens
761 691 791 712 ut
808 686 989 713 universalius

199 731 226 757 in
243 732 368 758 omnibus
393 732 537 766 reperitur,
559 732 615 759 vita
631 739 696 759 vero
714 737 742 759 ut
765 732 851 767 magis
868 733 989 768 particu-

198 777 265 805 laris
286 778 312 805 in
337 778 520 812 quibusdam,
536 784 563 805 et
578 779 711 814 sapientia
727 778 816 806 adhuc
838 779 864 806 in
879 780 988 813 paucio-

198 825 284 859 ribus)
312 833 364 852 uon
387 826 474 860 magis
498 825 646 857 excellant,
663 825 771 860 Deoque
791 825 922 852 viciniora
935 826 989 852 sint

197 877 258 904 qua:
273 870 434 904 simpliciter
449 871 579 904 existunt,
594 875 622 898 et
643 871 686 898 his
700 871 791 898 minus
806 878 866 906 qum
882 871 987 904 vivunt,

196 919 225 942 et
241 915 283 942 his
307 916 404 943 iterum
433 916 522 943 minus
538 924 581 950 ea,
601 924 660 951 qua:
676 917 847 952 intelligunt;
874 917 920 944 sed
941 925 989 944 or-

195 960 259 987 dine
273 961 391 994 inverso,
414 961 500 996 magis
528 962 716 997 particular-ia,
739 967 769 989 ut
798 963 988 999 intelligentia,

1075 591 1088 627 ᾗ
1105 592 1152 618 Ill.
1176 589 1315 617 Ἐντεῦθεν
1327 583 1570 618 ὲπανακύπῖτουσαν
1583 591 1698 628 ἀπορίαν
1711 593 1780 626 λύει,
1791 595 1835 622 διὰ

1039 637 1076 669 τί,
1095 636 1142 663 τοῦ
1157 636 1289 672 ὀνόματος
1307 636 1390 663 αὐτοῦ
1410 636 1457 663 τοῦ
1478 637 1554 669 δντος
1572 639 1765 674 ὑπεραίροντος
1786 641 1835 677 τὴν

1040 683 1122 719 ζωὴν,
1143 683 1190 710 καὶ
1205 683 1256 718 τῆς
1272 683 1345 718 ζωῆς
1367 683 1570 719 ὑπεραιρούσης
1587 684 1636 720 τὴν
1661 686 1771 720 σοφίαν,
1793 687 1836 719 (τὸ

1039 729 1094 765 γὰρ
1106 729 1135 756 ὃν
1148 729 1314 763 πλατύτερον
1326 730 1373 755 καὶ
1391 729 1437 756 ἐπὶ
1455 730 1576 765 πᾶσιν,ἠ
1596 730 1624 756 δὲ
1643 730 1699 767 ζωὴ
1718 741 1835 768 μερικω-

1039 776 1107 811 τέρα
1124 774 1170 802 καὶ
1182 774 1232 802 ἐπὶ
1243 784 1308 807 τισι,
1331 775 1377 802 καὶ
1395 775 1436 802 ἔτι
1455 776 1472 811 ἡ
1491 776 1570 810 σοφία
1589 777 1782 813 μερικωτὲρα)’
1803 774 1838 805 οὗ

1042 822 1141 857 μᾶλλον
1162 821 1342 858 ὑπερέχουσι,
1370 820 1417 848 καὶ
1437 822 1501 857 περὶ
1521 821 1587 848 θεόν
1606 823 1658 848 εισι
1679 822 1713 849 τὰ
1739 823 1834 854 ἁπλῶς

1040 868 1113 900 ὄντα,
1131 869 1179 895 καὶ
1191 865 1272 904 ἧττον
1288 867 1441 894 τούτων-τὰ
1460 867 1557 900 ζῶντα,
1580 868 1626 894 καὶ
1646 868 1734 894 αὐτῶν
1752 869 1833 896 πάλιν

1040 912 1121 951 ἦττον
1132 914 1166 941 τὰ
1178 914 1268 950 νοερά-
1281 913 1338 940 air
1354 914 1554 950 ἁντέστραπται
1571 915 1587 950 ὴ
1600 914 1686 947 τάξις,
1700 916 1746 942 καὶ
1765 916 1835 951 μᾶλ-

1040 961 1086 988 λον
1097 961 1132 987 τὰ
1145 960 1326 996 μερικώτερα,
1344 959 1434 995 νοερὰ,
1455 961 1517 996 περὶ
1529 960 1595 986 Θεόν
1607 961 1661 987 εἰσι
1670 981 1677 993 ,
1693 962 1739 987 καὶ
1753 963 1835 989 καθε-

195 1007 268 1034 circa
292 1007 376 1034 Deum
407 1013 482 1040 sunt,
508 1013 535 1035 et
558 1007 687 1042 deinceps
707 1014 839 1044 quantum
856 1016 983 1043 superex-

1039 1007 1087 1042 ξῆς
1104 1007 1166 1034 ὅσον
1185 1007 1432 1042 ὑπερεκτείνονται,
1453 1006 1484 1032 τὸ
1510 1006 1684 1042 πορρώτερον
1707 1008 1739 1034 ἐκ
1761 1009 1832 1035 Θεοῦ

196 1054 362 1086 panduntur,
389 1058 465 1080 tanto
489 1055 622 1082 remotius
651 1062 665 1081 a
697 1054 751 1082 Deo
778 1056 908 1082 existunt.
930 1055 986 1082 Ma-

191 1098 252 1134 jora
278 1107 343 1127 vero
361 1108 475 1128 munera
495 1106 573 1128 vocat
594 1109 637 1133 ea.
664 1109 724 1136 qum
745 1110 759 1128 ιι
781 1102 905 1137 pluribus
922 1110 987 1129 cer-

195 1150 307 1179 nuntur,
325 1151 354 1173 ut
371 1154 429 1179 eus,
446 1151 473 1174 et
488 1147 582 1174 vitam.
603 1147 758 1182 Respondet
771 1149 874 1182 itaque,
891 1153 917 1176 et
933 1148 986 1175 sol-

193 1191 234 1217 vit
247 1192 425 1225 quaestionem
438 1192 543 1223 dicens,
559 1193 631 1227 quod
647 1193 668 1219 si
683 1193 793 1228 quidem
809 1201 852 1226 ea,
868 1201 928 1228 qua:
945 1194 987 1221 iu-

194 1236 329 1271 tellignnl,
354 1238 466 1264 eutitate
490 1246 522 1265 ac
547 1239 602 1265 vita
618 1243 755 1273 carerent,
777 1244 805 1267 et
821 1248 852 1267 ea
868 1247 928 1275 qum
947 1242 986 1267 vi-

193 1286 261 1309 vunt
280 1283 407 1310 similiter
426 1283 608 1311 substantiam
631 1292 685 1311 non
702 1285 846 1317 haberent,
865 1291 941 1313 recte
956 1294 986 1314 se

193 1328 309 1356 haberet
327 1328 480 1361 dubitatio;
506 1337 601 1356 verum
617 1337 679 1356 cum
702 1337 733 1358 ea
750 1338 810 1365 qua:
831 1331 985 1366 intelligunt

192 1374 276 1401 etiam
288 1375 419 1408 existant,
437 1379 464 1402 et
486 1375 578 1402 vivant
595 1377 649 1403 vita
663 1376 774 1412 potiori,
790 1382 817 1404 et
830 1377 985 1413 intelligant

193 1427 277 1455 supra
294 1427 403 1447 sensum
423 1428 454 1447 ac
479 1421 628 1454 rationem,
646 1427 672 1448 et
686 1429 742 1456 prae
758 1423 863 1450 cunctis
877 1424 986 1451 entilms

193 1466 358 1501 participem
375 1466 531 1499 entitatcm,
556 1467 606 1494 hoc
633 1468 726 1502 utique
750 1469 821 1496 bouo
844 1468 897 1496 Deo
915 1470 984 1497 vici-

194 1511 285 1538 niores
300 1511 430 1544 exi-stunt,
452 1519 505 1546 quo
529 1511 693 1539 luculentius
711 1513 798 1547 ipsum
816 1514 983 1549 participau-

193 1561 246 1589 tes,
263 1556 353 1591 plures
364 1557 443 1584 etiam
460 1557 494 1584 ab
513 1557 571 1592 ipso
584 1558 662 1585 dotes
681 1564 858 1594 acceperunt,
876 1560 983 1587 scilicet

192 1607 222 1629 et
237 1603 391 1635 enlilatem,
411 1607 437 1629 et
459 1604 553 1635 vitam,
576 1608 603 1630 et
620 1605 815 1639 cognitionem,
833 1611 860 1632 et
884 1607 987 1634 intelle-

193 1654 287 1682 ctum;
309 1657 359 1676 nec
381 1657 433 1676 non
457 1649 539 1677 etiam
565 1650 643 1678 dotes
664 1651 817 1685 amplimes,
841 1653 911 1686 quod
929 1654 984 1681 lucc

191 1695 281 1723 omnia
306 1703 363 1730 prre
385 1697 491 1724 cmteris
524 1697 707 1730 priestantiori
743 1698 822 1725 modo
846 1698 978 1733 habeant;

191 1745 287 1776 estque
303 1741 353 1769 hoc
369 1749 472 1774 verum,
488 1741 570 1778 Μιο
585 1742 628 1769 illa
643 1751 702 1778 qua:
719 1743 802 1771 Deum
817 1744 903 1778 magis
917 1753 980 1780 par-

189 1786 305 1822 ticipant
325 1786 375 1821 ipsi
397 1794 505 1821 quoque
521 1788 641 1816 existere
663 1789 820 1816 viciniores.
843 1789 976 1823 Quoniam

1037 1054 1137 1089 ἔχουσι.
1160 1052 1296 1085 Μείζονας
1312 1052 1340 1078 δὲ
1358 1051 1462 1088 δωρεάς
1482 1061 1548 1088 φησι
1567 1052 1617 1084 τὰς
1632 1053 1679 1078 ἐπὶ
1700 1053 1833 1080 πλειόνων

1037 1099 1236 1135 θεωρουμένας,
1252 1096 1307 1124 οἷον
1321 1098 1352 1124 τὺ
1370 1097 1399 1125 ὃν
1414 1099 1460 1124 καὶ
1477 1098 1525 1134 τὴν
1539 1097 1621 1133 ζωήν.
1643 1097 1833 1135 Ἀποκρίνεται

1036 1146 1125 1173 τοίνυν
1142 1146 1188 1172 καὶ
1203 1144 1261 1171 λύει
1274 1144 1323 1180 τὴν
1335 1144 1462 1180 ἀπορίαν,
1477 1144 1574 1178 λέγων,
1592 1144 1632 1170 ὅτι
1645 1145 1669 1170 εί
1687 1145 1736 1180 μὲν
1753 1145 1834 1172 ἀνού-

1038 1200 1082 1218 σια
1097 1189 1166 1227 ἦσαν
1189 1191 1224 1218 τὰ
1245 1190 1326 1226 νοερὰ
1350 1190 1397 1216 καὶ
1417 1190 1503 1223 ἄζωα,
1523 1191 1569 1217 καὶ
1589 1190 1670 1217 πάλιν
1689 1190 1724 1217 τὰ
1742 1191 1833 1224 ζῶντα

1035 1237 1168 1268 ἀνούσια,
1194 1236 1283 1267 καλῶς
1308 1235 1340 1262 ἂν
1362 1234 1433 1271 εἶχεν
1461 1237 1478 1272 ἡ
1502 1236 1611 1271 ἀπορία·
1636 1236 1728 1272 ἐπειδὴ
1751 1237 1781 1263 δὲ
1797 1238 1833 1265 τὰ

1036 1282 1116 1319 νοερὰ
1135 1283 1182 1309 καὶ
1201 1282 1266 1309 ὄντα
1287 1282 1356 1314 εἰσὶ,
1376 1282 1423 1308 καὶ
1435 1281 1512 1315 ζῶσι,
1525 1283 1572 1309 καὶ
1590 1282 1661 1317 ζωὴν
1675 1283 1830 1318 κρείττονα,

1036 1328 1083 1355 καὶ
1096 1328 1275 1363 γινώσκουσιν
1295 1328 1364 1364 ὑπὲρ
1378 1328 1503 1363 αἴσθησιν
1516 1329 1562 1355 καὶ
1581 1328 1658 1363 λόγον
1670 1349 1676 1360 ,
1690 1329 1738 1355 καὶ
1754 1330 1832 1366 παρὰ

1036 1375 1124 1401 πάντα
1140 1374 1172 1400 τὰ
1184 1374 1249 1401 ὄντα
1260 1373 1307 1401 τοῦ
1318 1374 1394 1406 ὄντος
1405 1374 1561 1410 μετέχουσιν
1570 1394 1577 1406 ,
1593 1375 1669 1401 αὐτοὶ
1686 1375 1785 1410 μᾶλλον
1797 1376 1832 1402 ἃν

1037 1420 1216 1456 πλησιάζοιεν
1225 1420 1264 1456 τῷ
1278 1420 1372 1456 ἁγαθῷ
1392 1420 1461 1456 Θεῷ,
1478 1422 1502 1447 οἱ
1524 1421 1733 1457 ὑπερπερισσῶς
1744 1422 1829 1449 αὐτοῦ

1036 1468 1204 1504 μετέχοντες,
1217 1467 1265 1494 καὶ
1279 1467 1387 1499 πλείους
1399 1467 1502 1503 δωρεὰς
1515 1467 1632 1502 ἔχοντες,
1645 1467 1766 1503 δηλονότι
1781 1469 1830 1495 καὶ

1033 1514 1065 1541 τὸ
1073 1512 1152 1546 εἶναι,
1161 1514 1206 1541 καὶ
1213 1513 1246 1547 τὸ,
1252 1513 1300 1548 ζῇν
1309 1533 1316 1544 ,
1326 1514 1411 1540 καὶτὸ
1418 1514 1571 1548 γινώσκειν,
1582 1514 1649 1541 ἀλλὰ
1657 1514 1704 1541 καὶ
1710 1514 1740 1540 τὸ
1747 1517 1830 1541 νοεῖν·

1035 1561 1115 1588 πάλιν
1124 1561 1154 1587 δὲ
1170 1560 1279 1596 μείζους
1293 1560 1407 1595 δωρεὰς,
1423 1561 1463 1587 ὅτι
1472 1560 1558 1587 ταῦτα
1566 1561 1654 1587 πάντα
1665 1561 1831 1596 κρειττόνως

1034 1607 1142 1643 ἔχουσιν
1156 1604 1228 1634 οὗτοι
1243 1606 1318 1641 παρὰ
1329 1606 1362 1633 τὰ
1372 1606 1448 1634 ἄλλω
1464 1608 1510 1633 καὶ
1525 1606 1598 1633 ἔστιν
1613 1607 1720 1642 ἀληθὲς,
1739 1608 1781 1634 ὅτι
1795 1608 1830 1634 τὰ

1038 1653 1136 1689 μᾶλλον
1151 1652 1298 1688 μετέχοντα
1306 1652 1353 1679 τοῦ
1365 1652 1432 1679 Θεοῦ
1446 1653 1544 1689 μᾶλλον
1555 1653 1628 1689 αὐτῷ
1637 1653 1828 1688 πλησιάζουσι.

1042 1699 1152 1735 Ἐπειδὴ
1170 1699 1198 1726 δὲ
1214 1699 1278 1734 περὶ
1293 1699 1394 1726 τούτων
1410 1700 1534 1735 εἴπομεν,
1555 1700 1621 1735 φέρε
1643 1700 1688 1726 ἐπὶ
1702 1699 1747 1726 τὸν
1762 1708 1831 1735 προ-

1032 1745 1157 1781 κείμενον
1174 1745 1275 1772 σκοπὸν
1291 1744 1428 1781 ἔλθωμεν,
1445 1746 1493 1772 καὶ
1509 1746 1573 1781 περὶ
1587 1745 1634 1772 τοῦ
1645 1745 1727 1777 ὅντως
1741 1745 1829 1778 ὄντος,

1031 1793 1078 1819 καὶ
1092 1792 1145 1819 τῶν
1156 1792 1239 1819 ὄντων
1253 1792 1406 1818 οὺσιοποιοῦ
1417 1792 1597 1828 διαλάϐωμεν.

191 1839 281 1862 autem
296 1833 329 1861 de
347 1834 389 1861 his
408 1834 597 1867 disseruimus,
621 1836 736 1870 agedum
759 1836 794 1863 ad
817 1837 984 1871 propositum
1008 1846 1118 1873 scopum
1140 1838 1293 1870 veniamus,
1309 1842 1337 1865 et
1361 1838 1395 1865 de
1413 1842 1477 1866 ente
1493 1846 1557 1866 vere
1571 1838 1706 1866 existente
1721 1842 1749 1866 et
1781 1844 1832 1865 en-

191 1879 300 1907 titatum
314 1880 450 1910 eli‘cctriee
468 1883 550 1910 verba
569 1883 714 1912 faciamus.

228 1926 242 1962 ᾗ
258 1926 302 1954 ιν.
324 1927 373 1961 Qui
390 1933 443 1961 est,
466 1929 493 1956 id
512 1934 554 1957 est
573 1929 655 1963 Deus,
671 1931 820 1958 secundum
840 1931 980 1959 oraculum

191 1971 351 2006 Mosaieum,
367 1979 411 2001 est
429 1982 512 2009 supra
529 1976 674 2010 ipsummet
692 1984 754 2004 esse
770 1977 834 2012 (hoc
848 1978 920 2004 enim
939 1982 981 2004 est

189 2028 272 2055 supra
295 2021 486 2057 substantiam)
516 2029 597 2050 causa
623 2022 744 2050 efﬁciens
773 2023 979 2056 substantiam;

191 2066 291 2101 quippe
310 2067 513 2094 subsistentiam
527 2072 554 2095 et
578 2068 753 2096 existentiam
773 2070 920 2105 periieiens
937 2074 980 2096 tu—

191 2113 245 2138 tius
256 2120 317 2140 esse
331 2112 473 2140 collective
486 2114 584 2148 sumpti
597 2122 604 2146 ;
621 2115 687 2142 nihil
702 2115 775 2143 enim
789 2121 831 2143 est
846 2117 872 2143 iu
890 2116 980 2150 rebus,

190 2159 262 2193 quod
278 2167 332 2187 non
349 2159 412 2188 inde
427 2167 504 2187 suum
517 2167 580 2188 esse
594 2162 735 2190 sortiatur.
753 2162 903 2191 Secundum
929 2165 982 2191 vir-

189 2209 270 2231 tulem
286 2211 375 2234 autem
398 2208 478 2242 dixit,
495 2209 624 2244 quoniam
643 2209 697 2237 alia
721 2210 830 2243 quidem
848 2211 981 2246 producta

190 2257 272 2285 sunt,
300 2248 352 2281 alia
380 2260 446 2282 Vero
473 2257 673 2290 producuntur.
703 2257 770 2284 Cum
795 2258 887 2293 itaque
910 2258 981 2285 Deus

1071 1931 1084 1967 ᾖ
1103 1931 1149 1958 IV.
1172 1930 1201 1956 '0
1215 1930 1262 1961 ὣν,
1272 1931 1286 1956 ὁ
1301 1929 1367 1961 Θεὸς
1379 1928 1450 1956 κατὰ
1465 1929 1511 1955 τὸν
1526 1929 1593 1965 πρὸς
1605 1929 1709 1964 Μωσῆν
1719 1939 1832 1966 χρημα-

1034 1977 1141 2013 τισμὸν,
1163 1977 1233 2012 ὑπὲρ
1251 1974 1319 2002 εἶναι
1334 1975 1374 2008 ὃν,
1397 1975 1487 2011 (τοῦτο
1501 1976 1558 2012 γάρ
1573 1977 1630 2002 ἐστι
1651 1976 1683 2002 τὺ
1700 1977 1831 2011 ὑπερού-

1035 2022 1124 2056 σιος,)
1140 2023 1215 2049 αἰτία
1228 2022 1376 2053 ὑποστάτις
1393 2022 1462 2048 ἐστί·
1480 2022 1510 2048 τὸ
1531 2022 1596 2056 γοῦν
1617 2023 1658 2054 εἰς
1679 2023 1831 2050 ὑπόστασιν

1035 2070 1082 2096 καὶ
1105 2068 1221 2103 ὓπαρξιν
1241 2067 1404 2095 συντελοῢσα
1425 2067 1486 2094 ὅλου
1502 2067 1550 2108 τοῦ
1573 2066 1643 2095 εἶναι
1665 2068 1828 2106 συλλήϐδηνθ

1034 2115 1109 2142 οὐδὲν
1117 2114 1171 2151 γὰρ
1179 2114 1232 2141 τῶν
1244 2114 1339 2147 ὄντων,
1353 2114 1367 2140 ὂ
1379 2113 1417 2149 μὴ
1429 2114 1533 2141 ἐκεῖθεν
1544 2114 1600 2150 ἔχει
1612 2113 1641 2140 τὸ
1651 2113 1731 2141 εἶναι.
1745 2117 1831 2143 Κατὰ

1034 2162 1163 2197 δύναμιν
1173 2161 1201 2188 δὲ
1219 2160 1306 2193 εἶπεν,
1317 2160 1398 2188 ὅτιτά
1415 2161 1464 2197 μὲν
1474 2161 1667 2196 παρήχθησαν,
1675 2161 1708 2188 τὰ
1718 2162 1747 2189 δὲ
1755 2171 1830 2199 παρ-

1035 2208 1156 2243 ἀγονται.
1179 2208 1256 2234 Ἐπεὶ
1274 2207 1340 2242 γοῦν
1361 2207 1391 2234 τὸ
1412 2207 1490 2234 Θεῖον
1506 2208 1578 2234 ἆπαν
1590 2207 1620 2234 τὸ
1632 2207 1701 2235 εἶναι
1718 2210 1747 2235 ὲν
1761 2210 1829 2236 ἐαυ-

1033 2255 1072 2290 τῷ
1089 2254 1220 2281 συλλαῶν
1239 2254 1294 2289 ἔχει
1304 2274 1311 2286 ,
1327 2253 1374 2280 καὶ
1388 2253 1442 2280 τῶν
1451 2253 1535 2280 ὄντων
1553 2254 1599 2280 καὶ
1613 2253 1667 2280 τῶν
1678 2255 1829 2290 ἐσομένων.

189 2299 345 2327 universum
362 2308 425 2328 esse
445 2302 473 2328 in
499 2310 528 2330 se
551 2304 610 2338 ipso
635 2304 777 2331 collectum
798 2306 906 2337 habent,
924 2310 977 2332 tam

1037 2301 1122 2337 τίθησι
1137 2301 1167 2327 τὸ
1186 2300 1261 2327 κατὰ
1277 2299 1407 2334 δύναμιν
1419 2299 1630 2335 περιλαμϐάνων
1644 2301 1691 2327 καὶ
1706 2301 1736 2326 τὸ
1757 2300 1830 2330 εἶναι

189 2353 286 2373 eorum
304 2354 363 2381 quin
381 2348 511 2378 existunt.
532 2357 613 2384 quam
632 2358 692 2384 qua:
708 2351 797 2377 fultura
814 2356 887 2384 sunt,
904 2352 979 2386 ponit

1037 2348 1081 2374 τῶν
1093 2347 1230 2383 ἐσομένων
1239 2367 1247 2377 ,
1259 2347 1300 2373 ὅτι
1315 2347 1345 2372 ὲν
1355 2346 1394 2382 τῷ
1408 2346 1492 2378 ὅντως
1508 2345 1564 2372 ὕντι
1579 2346 1652 2373 ἐστὶν
1662 2367 1669 2378 ,
1688 2346 1704 2382 ἢ
1725 2347 1829 2382 μᾶλλον

189 2389 255 2418 illud
275 2393 417 2420 secundum
435 2393 557 2420 virtutem
576 2395 813 2429 comprehendens
827 2397 910 2422 etiam
930 2403 980 2422 en—

189 2438 296 2465 titatem
311 2439 476 2472 futurorum,
489 2440 555 2474 quia
572 2441 598 2467 in
611 2448 644 2468 eo
659 2442 704 2474 qui
719 2449 783 2469 vere
796 2447 838 2469 est
849 2442 980 2472 existunt.

189 2484 232 2511 vel
245 2486 334 2518 potius
349 2486 431 2512 etiam
451 2488 641 2521 prmcxistunt.
657 2488 723 2515 Etsi
737 2488 809 2515 enim
824 2496 883 2522 qum
894 2490 980 2515 exsti-

191 2534 251 2557 tura
265 2535 327 2558 sunt
343 2530 464 2558 futurum
487 2532 617 2565 habeant,
635 2537 725 2561 tamen
741 2534 811 2568 apud
827 2538 977 2561 creatorem

190 2576 375 2609 praeexistuut,
402 2577 550 2604 secundum
566 2577 591 2604 id
610 2578 681 2612 quod
697 2586 712 2605 a
735 2578 853 2606 Jcremia
876 2579 978 2606 dictum

188 2626 247 2654 est;
269 2621 305 2649 ita
320 2626 349 2648 ut
367 2622 433 2650 illud
448 2623 594 2650 secundum
615 2624 736 2651 virtutem
753 2632 804 2651 non
823 2625 855 2651 ad
872 2630 977 2652 creato-

190 2675 247 2695 rem
277 2668 452 2696 rel'erendum
475 2669 523 2702 sit,
549 2669 596 2696 sed
623 2670 656 2696 ad
681 2674 832 2698 creaturas.
854 2669 929 2703 Quod
956 2671 979 2697 si

189 2714 270 2740 aliam
298 2714 526 2749 signiﬁcationem
555 2715 664 2743 virtutis
694 2716 822 2750 accipias,
848 2717 979 2751 quemad-

189 2760 299 2788 modum
312 2761 391 2792 dicis.
411 2762 501 2795 ignem
526 2761 628 2789 habere
646 2762 699 2788 vim
719 2762 908 2794 calefaciendi,
929 2763 980 2789 hoc

189 2816 272 2836 sensu
287 2808 321 2836 de
337 2813 462 2836 creatore
484 2808 599 2842 intelligi
636 2810 777 2836 commode
804 2817 857 2836 non
881 2813 978 2843 potest.

189 2854 238 2882 Est
260 2854 342 2890 igitur
366 2859 474 2882 creator
489 2854 622 2887 entitatis,
643 2859 672 2882 et
693 2855 757 2889 quid
773 2855 837 2882 dico
855 2854 979 2882 entitatis

189 2901 246 2928 rei?
273 2901 394 2936 quinimo
420 2901 733 2937 ipsiusumtpxistentim
755 2901 895 2935 cntitatis,
914 2902 978 2929 sub-

1029 2394 1076 2421 καὶ
1090 2393 1229 2430 πρόεστιν.
1242 2393 1290 2419 Ἂν
1310 2392 1365 2428 γὰρ
1393 2393 1441 2421 καὶ
1463 2391 1497 2419 τὰ
1526 2392 1643 2428 ἐσόμενα
1666 2393 1697 2419 τὺ
1727 2393 1828 2428 μέλλον

1029 2440 1135 2476 ἔχωσιν,
1143 2439 1210 2466 ἀλλὰ
1218 2439 1292 2474 παρὰ
1298 2438 1337 2474 τῷ
1345 2438 1504 2475 δημιουργῷ
1517 2438 1744 2473 προῦφίστανται,
1757 2440 1827 2466 καθ-

1030 2486 1067 2518 ὼς
1090 2486 1146 2521 ἔχει
1169 2486 1216 2512 καὶ
1232 2486 1262 2511 τὸ
1285 2480 1349 2521 περὶ
1365 2485 1412 2511 τοῦ
1434 2485 1564 2521 Ἱερεμίου
1580 2485 1736 2520 λεγόμενον·
1755 2486 1829 2513 ὥστε

1030 2534 1060 2559 τὸ
1073 2533 1147 2559 κατὰ
1163 2532 1301 2566 δύναμιν,
1321 2532 1351 2558 οὺ
1371 2532 1439 2568 πρὸς
1452 2532 1498 2559 τὸν
1519 2532 1682 2568 δημιουργὸν
1701 2534 1826 2568 χρήσεις,

1032 2579 1099 2606 ἀλλὰ
1112 2579 1180 2615 πρὸς
1189 2579 1224 2605 τὰ
1236 2579 1332 2614 δημιου
1338 2579 1483 2614 ργούμενα.
1501 2580 1532 2606 Εἰ
1546 2579 1574 2605 δέ
1590 2588 1621 2613 γε
1636 2579 1666 2605 τὺ
1676 2579 1768 2615 ἕτερον
1778 2589 1828 2616 ση-

1033 2626 1193 2661 μαινόμενον
1210 2625 1260 2659 τῆς
1277 2625 1418 2660 δυνάμεως
1433 2625 1597 2661 λαμϐάνεις,
1613 2625 1706 2661 ὥσπερ
1723 2625 1825 2660 λέγες,

1031 2672 1141 2699 δύναται
1154 2670 1255 2707 τδπῦρ
1267 2670 1434 2707 θερμαίνειν,
1445 2671 1524 2698 τοῦτο
1538 2672 1584 2699 ἐπὶ
1594 2671 1641 2698 τοῦ
1655 2671 1824 2708 δημιουργοῦ

1031 2719 1125 2754 νοῆσαι
1139 2718 1189 2745 οὐκ
1203 2717 1362 2752 ἐπισφαλές.
1379 2718 1456 2745 Ἐστι
1468 2718 1532 2753 γοῦν
1543 2719 1708 2754 δημιουργὸς
1718 2719 1766 2745 τοῦ
1777 2719 1823 2746 ὗν-

1030 2773 1087 2796 τος.
1099 2765 1145 2791 καὶ
1159 2765 1185 2791 τί
1199 2763 1271 2798 λέγω
1287 2764 1363 2796 δντος
1377 2765 1541 2800 πράγματος
1553 2773 1560 2798 ;
1576 2765 1660 2801 αὐτῆς
1670 2766 1719 2801 τῆς
1731 2766 1823 2802 ὑπάρ-

1033 2810 1099 2842 ξεως
1116 2810 1162 2836 τοῦ
1182 2809 1267 2842 ὕντος,
1280 2810 1328 2846 τῆς
1342 2810 1527 2842 ὑποστάσεως,
1540 2811 1590 2846 τῆς
1599 2811 1702 2843 οὐσίας,
1711 2811 1761 2847 τῆς
1771 2811 1823 2846 φύ-

1034 2865 1111 2888 σεως,
1123 2855 1194 2892 ἀρχὴ
1208 2856 1262 2883 τῶν
1272 2855 1387 2887 αἰώνων,
1397 2855 1434 2888 ὡς
1449 2855 1612 2892 δημιουργὸς
1627 2856 1726 2883 αὐτῶν
1741 2856 1775 2883 δι’
1790 2853 1822 2884 οὗ

1032 2901 1086 2937 γὰρ
1102 2902 1147 2928 καὶ
1161 2902 1231 2934 τοὺς
1244 2901 1353 2935 αἰῶνας
1366 2902 1598 2938 (inefficax/135w
1617 2904 1631 2930 ὁ
1647 2902 1820 2936 Ἀπόστολος.
