1938 3065
145 146 197 175 837

425 151 469 178 DE
488 151 614 182 DIVINIS
630 155 827 188 NOMINIBUS,
847 156 924 185 CAP.
945 156 981 185 V.
1000 174 1035 179 —-
1050 158 1225 189 PARAPHR.
1244 162 1477 192 PACIIYMERz’E.

1717 169 1770 198 833

150 207 274 243 '0v-161'qg
282 208 336 236 τῶν
351 207 460 245 χρόνωνσ
482 212 622 241 ἔστωσαν
639 215 692 250 γὰρ
708 217 751 248 εις
759 216 877 250 σημεῖα,
888 225 912 243 κ(

963 224 972 247 t
987 218 1128 254 sistentize,
1144 222 1281 254 essentire,
1293 227 1408 256 naturm,
1420 225 1583 260 principium
1597 227 1772 259 saeculorum.

141 255 187 286 εὶς
200 254 450 291 ἐνιαυτοὺς-,φησὶν
473 258 489 293 ἡ
510 258 614 295 Γραφή·
637 262 651 287 ὸ
666 260 720 296 γὰρ
737 261 831 296 χρόνος
858 262 931 297 ἡλίου

142 300 213 335 φορᾷ
226 301 374 336 μετρεῖται,
393 303 439 328 καὶ
454 303 523 339 ὅπερ
537 305 603 340 ἡμῖν
620 306 635 332 ὁ
651 306 745 342 χρόνος
760 307 790 333 τὸ
801 308 932 344 πρότερον

141 346 189 372 καὶ
203 346 233 372 τὸ
245 346 356 382 ὕστερον
366 347 446 383 ἔχων,
460 349 538 376 τοῦτο
548 352 605 383 τοῖς
618 352 713 384 ἀϊδίοις
727 353 802 380 αίών.
820 355 852 380 Ὃ
867 353 932 388 γοῦν

142 392 211 427 μήτε
229 390 263 428 ἦν
280 394 348 429 μήτε
369 393 444 421 ἔσται
455 415 461 427 ,
478 396 535 422 ἀλλ’
557 396 615 424 ἐστι
637 399 732 433 μόνον,
749 399 827 427 τοῦτο
845 400 930 433 ἑστὼς

139 437 202 473 ἔχον
214 439 244 465 τὸ
252 437 330 471 εἶναι,
346 440 385 476 τῷ
396 441 433 477 μὴ
447 442 625 477 μεταϐάλλειν
634 445 674 476 εἰς
685 444 716 471 τὸ
726 444 812 478 ἔσται,
825 446 885 482 μηδ’
895 444 929 474 αὖ

141 484 371 520 μεταϐεϐληκέναι
385 488 418 513 ἐκ
438 487 485 514 τοῦ
501 486 535 524 ἦν
553 489 596 521 εις
616 489 647 516 τὸ
669 490 726 517 ἐστι
738 510 745 522 ,
759 491 838 518 τοῦτό
856 493 929 519 ἐστιν

138 530 216 558 αἰών.
237 531 286 558 Διὰ
304 532 383 559 τοῦτο
402 533 456 569 γὰρ
478 535 525 561 καὶ
544 535 611 562 αἰὼν
632 536 740 565 λέγεται
753 537 807 564 τῶν
820 537 904 564 ὅντων
915 539 929 565 ὁ

137 576 214 608 Θεὸς,
233 577 271 609 ὡς
292 579 360 613 μήτε
375 579 462 615 ἀρχὴν
477 579 556 615 ἔχων,
573 582 640 617 μήτε
653 582 738 613 τέλος,
753 583 820 618 μήτε
840 583 870 609 τὸ
883 581 926 619 ἧν,

138 623 207 657 μήτε
221 623 251 649 τὸ
262 623 347 656 ἔσται,
359 625 426 652 ἀλλὰ
441 626 519 661 μόνον
530 627 560 653 τὸ
571 627 654 654 ἀΐδιον
666 629 712 654 καὶ
724 629 925 664 ἁπεριόριπον’

136 668 231 702 χρόνος
246 669 274 696 δὲ
286 669 339 697 τῶν
350 671 509 706 γινομένων,
523 673 563 699 ὅτι
578 673 612 700 τὰ
622 673 748 709 ὁρώμενα
763 675 863 707 εἰκόνες
874 677 927 703 εισι

134 713 189 740 τῶν
206 715 329 751 ἀοράτων
343 718 390 743 καὶ
405 718 519 753 νοητῶν.
535 720 589 746 Καὶ
604 720 698 756 ὥσπερ
713 722 797 748 αἰῶνα
813 722 926 758 λέγομεν

133 759 184 795 τὴν
207 761 340 797 ἄτρεπτον
358 763 481 799 ἐκείνην,
506 766 552 792 καὶ
571 766 638 802 ὁμοῦ
659 769 748 794 πᾶσαν
771 768 853 804 ζωὴν,
879 770 926 796 καὶ

133 806 235 842 ἄπορον
249 808 299 844 ἤδη
316 809 362 836 καὶ
372 810 466 845 ἀκλινῆ
484 812 585 848 πάντη,
603 813 650 839 καὶ
664 814 692 840 ὲν
703 814 742 840 ἑνὶ
752 815 799 841 καὶ
814 815 881 851 πρὸς
897 815 925 842 ἒν

133 852 266 880 ἑστῶσαν·
278 855 350 882 οὕτω
359 856 406 883 και
418 856 463 883 τὸν
476 858 570 893 χρόνον
585 859 645 885 τότε
659 860 706 894 μὲν
722 861 750 886 ὲν
761 860 799 895 τῷ
809 861 852 887 ἀεὶ
867 861 923 888 ὃντι

986 266 1114 298 tanquam
1133 266 1258 294 conditor
1277 275 1383 300 eorum,
1404 277 1453 304 per
1464 279 1526 297 eum
1541 271 1613 298 enim
1629 273 1709 300 etiam
1723 283 1773 301 ste-

983 309 1042 336 cula
1056 310 1128 344 fecit,
1144 315 1173 338 ut
1186 312 1275 347 inquit
1290 314 1434 349 Apostolus
1452 315 1471 342 ί.
1485 315 1590 344 Entitas
1608 323 1769 353 temporum.

981 356 1115 390 siquidem
1131 362 1232 385 statuta
1253 365 1316 387 sunt
1333 361 1361 387 in
1381 362 1468 396 signa,
1482 368 1506 389 et
1526 363 1554 389 in
1572 373 1667 397 annos,
1687 370 1717 392 ut
1733 368 1771 393 ait

981 401 1122 437 Scriptura
1137 407 1171 437 “;
1198 406 1325 439 quoniam
1353 411 1460 441 tempus
1475 408 1540 436 solis
1554 417 1638 438 cursu
1658 420 1769 440 mensu-

981 452 1076 482 ratur;
1099 454 1127 476 et
1157 450 1229 484 quod
1254 451 1333 478 nobis
1362 456 1469 487 tempus
1490 458 1543 487 est,
1567 456 1638 489 quod
1652 457 1727 490 prius
1742 462 1769 485 et

980 496 1115 530 posterius
1131 497 1222 528 habet,
1238 497 1290 524 hoe
1305 498 1386 526 rebus
1402 500 1576 534 sempiternis
1599 508 1640 530 est
1660 506 1754 532 aeterni

980 545 1029 568 las.
1048 540 1127 574 Quod
1141 542 1233 576 itaque
1249 550 1338 578 neque
1352 549 1422 577 erat,
1436 552 1527 580 neque
1538 547 1601 580 erit,
1617 549 1663 575 sed
1681 550 1766 577 solum

978 592 1030 620 est,
1045 587 1148 614 habens
1164 588 1214 616 hoc
1227 595 1286 616 esse
1302 591 1464 624 consistens,
1481 599 1534 619 non
1548 594 1646 620 mutari
1674 595 1765 630 inerit,

978 640 1067 667 neque
1084 635 1246 662 transivisse
1265 643 1298 662 ex
1317 642 1377 663 erat
1398 637 1424 663 in
1452 643 1507 670 est,
1531 639 1583 665 hoc
1602 644 1643 666 est
1657 642 1766 668 aeterni-

978 681 1029 705 tas.
1053 678 1156 706 Idcirco
1178 680 1250 707 enim
1277 681 1359 708 etiam
1381 683 1522 711 aeternitas
1547 685 1647 712 dicitur
1675 693 1764 713 rerum

976 722 1058 757 Deus,
1083 725 1182 759 quippe
1208 733 1261 753 non
1286 727 1391 755 habens
1414 728 1588 763 principium,
1617 739 1705 766 neque
1732 733 1764 760 ﬁ-

977 777 1049 802 nem,
1069 778 1156 806 neque
1180 776 1250 805 erat,
1276 781 1363 808 neque
1387 776 1451 810 erit,
1467 777 1514 803 sed
1529 777 1615 804 solum
1628 786 1688 806 esse
1702 787 1760 814 per-

974 821 1083 849 petuum
1114 821 1142 844 et
1164 817 1447 854 incircumscriptum;
1475 827 1580 858 tempus
1600 829 1689 852 autem
1719 831 1763 853 est

974 868 1066 888 eorum
1087 870 1147 896 quw
1162 863 1240 895 ﬁunt,
1260 867 1388 899 quoniam
1412 874 1444 894 ea
1466 875 1526 901 qua:
1547 869 1674 897 videnlur
1693 871 1760 898 ima-

131 899 318 928 ἀναπαύεσθαι
341 901 472 938 λέγομεν,
494 904 644 939 ἐκφανῆναι
658 892 696 937 δὲ,
709 905 752 932 ὅτε
774 892 856 942 ἐχρῆν
875 909 912 934 κα

973 907 1050 941 gines
1065 913 1129 935 sunt
1153 916 1247 936 eorum
1270 917 1330 944 qua:
1352 919 1403 938 non
1426 910 1552 940 videntur
1565 919 1592 942 et
1610 915 1761 950 intellig-tn-

129 944 208 979 ἥλιον
221 946 384 982 ὑποστῆσαι,
401 949 448 975 καὶ
472 950 573 985 ὁρατὴν
592 950 672 985 φύσιν
694 951 844 987 προελθεῖν.
866 953 921 988 Τὴν

129 988 229 1023 οὗνεζς
240 991 275 1018 τὰ
291 993 406 1028 αἰσθητὰ
416 994 527 1029 πρόοδον
541 996 590 1031 τῆς
609 998 650 1028 εἰς
659 997 689 1023 τὸ
696 997 782 1024 ταῦτα
791 998 920 1035 δημιουρ-

129 1037 189 1070 γεῖν
207 1038 373 1074 ἁγαθότητος
392 1040 439 1066 τοῦ
456 1040 523 1067 Θεοῦ
545 1041 623 1068 καλεῖ
637 1043 731 1078 χρόνον
744 1043 797 1070 τῶν
813 1045 920 1080 γινομέ-

129 1090 193 1115 νων,
208 1083 274 1110 ὰλλὰ
293 1085 340 1111 και
360 1083 427 1112 εἴναι
443 1087 499 1118 τοῖς
514 1085 584 1119 οὖσι,
600 1089 646 1115 και
660 1089 766 1123 γένεσιν
777 1090 832 1116 τῶν
847 1099 920 1125 γινο-

129 1128 228 1163 μένων,
237 1130 277 1156 ὃτι
290 1130 319 1164 ἐξ
329 1130 410 1157 αὐτοῦ
419 1132 584 1168 ἐκινήθησαν
592 1135 639 1160 καὶ
647 1134 802 1170 ὑπέστησαν
811 1136 918 1164 ἅπαντα

126 1175 162 1201 τὰ
173 1176 224 1202 ὑπὸ
233 1176 346 1210 ,γένεσιν
355 1177 428 1209 ὅντα,
443 1179 490 1205 καὶ
501 1178 535 1206 τὰ
547 1180 599 1206 ὑπὸ
609 1181 702 1216 χρόνον
711 1182 849 1217 γινόμενα.
870 1183 918 1211 Ἐκ

125 1221 221 1248 τούτου
235 1222 282 1249 τοῦ
299 1223 462 1259 ὑπερουσίου
477 1225 554 1258 ὄντος
571 1227 619 1253 καὶ
639 1228 652 1254 ό
669 1227 737 1254 αἰὼν
755 1228 869 1264 ὑπέστη,
886 1233 917 1257 τὸ
931 1253 935 1263 ,

125 1268 183 1299 τοῖς
206 1265 266 1295 οὖσι
286 1268 385 1305 δηλαδὴ
406 1272 719 1311 συμπαρεκτεινόμενον·
740 1274 788 1301 καὶ
805 1275 821 1310 ὴ
838 1275 916 1302 οὐσία

123 1313 180 1340 τῶν
194 1313 288 1347 ὄντων,
303 1316 351 1342 καὶ
371 1315 402 1342 τὸ
419 1316 448 1342 ὃν
464 1317 529 1343 αὐτὸ
541 1317 572 1344 τὸ
585 1318 656 1345 κατὰ
667 1319 717 1354 τὴν
732 1320 825 1347 οὐσίαν
838 1320 915 1356 λετό-

126 1367 215 1394 μενον.
241 1360 333 1387 Ταῦτα
359 1361 413 1388 τῶν
430 1362 500 1398 ὑπὲρ
512 1364 585 1398 ἡμᾶς
605 1364 652 1391 καὶ
671 1365 815 1402 Θειοτέρων
834 1366 914 1395 δυνά-

126 1412 209 1439 μεων.
227 1406 282 1432 Καὶ
299 1405 376 1439 αὖθις
397 1407 431 1434 τὰ
445 1408 505 1434 καθ’
520 1409 602 1444 ἡμᾶς,
622 1411 670 1436 καὶ
694 1411 708 1437 ὁ
730 1412 833 1447 χρόνος,
858 1415 914 1446 τοῖς

123 1450 177 1477 ὑπὸ
188 1451 293 1485 γένεσιν
310 1452 349 1488 τῷ
371 1454 496 1490 προτέρῳ
514 1456 561 1482 καὶ
580 1456 619 1491 τῷ
633 1457 740 1494 ὑστέρῳ
761 1459 913 1495 μετρούμε-

122 1505 177 1529 νος,
190 1498 236 1525 καὶ
247 1499 263 1534 ή
275 1499 381 1533 γένεσις
395 1500 450 1527 τῶν
468 1501 521 1528 ὑπὸ
533 1502 640 1536 γένεσιν
655 1503 748 1537 ὄντων,
763 1505 810 1532 καὶ
827 1506 857 1532 τὸ
869 1515 912 1541 γι-

121 1542 252 1578 γνόμενον
275 1545 340 1571 αὐτὸ
354 1545 466 1573 πὺκατὰ
487 1546 536 1583 τὴν
561 1548 667 1582 γένεσιν
690 1549 844 1585 λεγόμενον,
866 1553 912 1580 καὶ
926 1561 947 1589 C

120 1589 205 1616 τᾶλλα
220 1591 361 1624 πάντα,τά
369 1601 398 1619 τε
412 1594 441 1619 ἐν
454 1596 510 1626 τοῖς
523 1592 598 1622 οὖσιν
611 1595 676 1622 ὄντα
686 1598 741 1629 τοῖς
753 1597 909 1634 θειοτέροις,

121 1635 169 1662 καὶ
187 1636 222 1663 τὰ
243 1638 366 1665 ὁπωσοῦν
390 1639 542 1674 ὑφεστῶτα,
564 1641 598 1668 τὰ
622 1642 683 1669 καθ’
703 1644 777 1678 ἡμᾶς
800 1644 909 1682 δηλαδή.

120 1682 213 1709 Πάντα
226 1683 254 1710 δὲ
268 1684 354 1711 ταῦτα
366 1686 457 1718 ποσῶς
472 1688 546 1714 ἐστιν
558 1687 630 1714 ὄντα·
649 1689 709 1715 οὐδὲ
724 1690 778 1725 γὰρ
789 1691 819 1717 τὸ
839 1691 868 1718 ὃν
881 1693 911 1719 τὸ

118 1727 174 1754 τῶν
197 1730 321 1764 ἀγγέλων
336 1731 533 1767 περιλαμϐάνει
560 1734 606 1760 καὶ
626 1735 656 1760 τὸ
679 1735 733 1761 τῶν
748 1736 908 1772 ἀνθρώπων,

118 1774 180 1800 ὀὺδὲ
202 1775 232 1801 τὸ
247 1776 349 1803 τούτων
374 1779 420 1804 καὶ
440 1778 470 1804 τὸ
487 1778 540 1805 τῶν
564 1780 697 1814 ἀγγέλων,
719 1780 775 1807 ἀλλ’
796 1781 909 1811 ἕκαστόν

118 1820 193 1846 ἐστιν
214 1821 423 1855 ιόιοϋπόστατον,
438 1825 485 1851 καὶ
503 1826 698 1861 περιγραπτὺν,
716 1828 763 1854 καὶ
773 1828 813 1855 ὄτι
828 1829 846 1855 ἃ
859 1830 908 1865 μὲν

118 1866 205 1902 ἀρχὴν
222 1867 328 1903 ἔχοντα,
344 1870 420 1902 τέλος
434 1870 484 1898 οὐκ
495 1871 612 1907 ἔχουσιν,
627 1872 645 1899 ἃ
656 1873 684 1898 δὲ
699 1873 746 1900 καὶ
760 1874 847 1910 ἀρχὴν
861 1876 907 1903 καὶ

116 1912 192 1945 τέλος
207 1913 324 1949 ἔχουσιν.
336 1915 419 1942 Ἐστι
432 1916 459 1944 δὲ
474 1917 492 1944 ἃ
505 1918 551 1944 καὶ
569 1919 655 1954 ἀρχὴν
670 1919 718 1954 μὲν
737 1920 786 1946 οὐκ
805 1921 904 1956 ἔχουσι,

115 1957 192 1990 τέλος
206 1959 233 1986 δὲ
247 1959 348 1995 ἔχουσι,
363 1961 453 1994 καθὼς
468 1963 514 1990 καὶ
534 1964 548 1990 ὁ
567 1964 654 2000 μέγας
665 1964 841 2001 διαλαμϐάνει
855 1967 906 1994 Βα-

116 2003 224 2038 σίλειος,
238 2005 324 2040 λέγων
338 2009 402 2044 περὶ
418 2008 470 2036 τῶν
486 2009 566 2037 θείων
582 2011 632 2046 τῆς
648 2012 776 2047 προνοίας
794 2013 840 2039 τοῦ
861 2014 906 2040 κό-

116 2058 184 2085 σμου
196 2051 357 2088 βουλήσεων,
373 2052 404 2081 αἳ
422 2054 453 2091 δὴ
468 2056 514 2082 καὶ
524 2056 610 2092 ἀρχὴν
625 2057 674 2092 μὲν
691 2058 741 2084 οὐκ
759 2058 847 2094 ἔσχον,
859 2059 904 2086 τέ-

114 2094 160 2128 λος
178 2097 206 2124 δὲ
221 2098 299 2134 ἔσχον
319 2099 421 2127 τούτων
434 2101 516 2134 τινὲς,
544 2102 589 2128 καί
604 2111 676 2134 τινες
694 2103 794 2136 ἕξουσι.
813 2104 904 2132 Ταῦτα

113 2142 179 2176 γοῦν
194 2144 280 2171 πάντα
299 2145 390 2177 ποσῶς
404 2146 478 2179 ὄντα,
495 2147 574 2183 μόνον
589 2147 617 2174 δὲ
631 2148 661 2175 τὸ
673 2148 749 2176 Θεῖον
768 2150 798 2176 οὐ
812 2151 903 2184 ποσῶς

113 2188 187 2214 ἔστιν
202 2188 241 2220 ὃν,
258 2190 315 2216 ἀλλ’
337 2190 430 2223 ἁπλῶς
443 2193 490 2218 καὶ
510 2194 717 2230 ἁπεριορίστως·
731 2195 790 2222 ὅλον
806 2196 861 2232 γὰρ
872 2199 900 2224 ἐν

113 2232 202 2268 ἑαυτῷ
225 2234 353 2262 ωλλαὸὸν
367 2236 423 2272 ἕχει
439 2237 469 2263 τὸ
493 2236 573 2271 εἶναι,
592 2239 653 2265 οὔτε
668 2239 819 2276 ἀρξάμενον
839 2241 900 2268 οὔτε

113 2280 292 2314 παυσόμενον
306 2281 345 2308 διὸ
359 2283 405 2308 καὶ
417 2282 542 2318 βασιλεὺς
552 2283 658 2318 λέγεται
669 2286 722 2312 τῶν
736 2286 851 2319 αἰώνων,
862 2288 900 2320 ὡς

112 2324 201 2351 πάντα
218 2326 303 2353 αίῶνα
321 2328 367 2354 καὶ
379 2329 433 2355 πᾶν
444 2329 473 2355 ὃν
486 2330 622 2366 περιέχον,
634 2331 725 2358 καὶτὰ
739 2331 786 2358 τοῦ
803 2333 898 2368 χρόνου

111 2370 243 2405 τμήματα
253 2391 260 2404 ,
279 2371 310 2398 τὸ
327 2370 370 2408 ἦν,
390 2373 420 2399 τὸ
442 2373 528 2407 ἔσται,
539 2375 570 2401 τὺ
584 2375 718 2410 γενέσθαι,
732 2377 763 2403 τὸ
775 2378 898 2412 γίνεσθαι

110 2414 302 2451 διαπεφευγός
315 2419 400 2445 ταῦτα
416 2418 470 2455 γὰρ
483 2420 537 2446 τῶν
553 2420 614 2447 καθ’
627 2421 701 2456 ἡμᾶς
713 2423 760 2449 καὶ
773 2423 822 2458 τῆς
833 2425 896 2459 ῥευ-

112 2460 176 2495 στῆς
187 2461 301 2495 φύσεως.
324 2463 382 2489 Ἔτι
396 2463 424 2490 δὲ
439 2465 498 2491 οὐδὲ
511 2465 541 2492 τὸ
556 2465 630 2493 ἐστιν
646 2466 712 2502 ἔχει,
743 2468 813 2504 ὑπὲρ
831 2471 897 2497 αὐτὸ

110 2505 165 2541 γάρ
174 2508 256 2538 ἐστιν,
270 2508 335 2534 αὐτὸ
350 2510 406 2535 ἐστι
419 2509 449 2536 τὸ
459 2512 515 2542 τοῖς
531 2509 606 2538 οὖσιν
622 2510 700 2539 εἶναι·
717 2514 778 2540 οὐδὲ
794 2515 849 2551 γὰρ
862 2516 895 2543 τὰ

109 2550 173 2576 ὅντα
183 2551 262 2586 μόνον
269 2553 301 2579 ὲκ
314 2552 360 2579 τοῦ
373 2553 450 2586 Θεοῦ,
466 2554 533 2582 ἀλλὰ
546 2557 593 2582 καὶ
607 2557 637 2583 τὸ
649 2555 717 2584 εἶναι
731 2558 785 2585 τῶν
799 2559 892 2588 ὄντων·

108 2596 189 2628 αὑτὸς
208 2597 261 2633 γάρ
276 2599 349 2625 ἐστιν
364 2599 379 2625 ὁ
397 2599 525 2635 ὑπάρχων
544 2601 596 2636 πρὸ
616 2602 669 2628 τῶν
693 2603 807 2637 αἰώνων,
824 2605 893 2632 κατὰ

107 2639 154 2666 τὸν
168 2637 257 2673 Δαυῖδ,
273 2642 286 2667 ὁ
305 2641 372 2669 αἰὼν
391 2642 444 2670 τῶν
459 2643 563 2671 αἰώνων
573 2665 581 2678 ,
597 2645 716 2681 δηλονότι
737 2649 751 2674 ὁ
766 2651 892 2685 συνοχεὺς

112 2685 156 2719 τῇς
169 2684 253 2711 αιάίου
268 2688 472 2722 παρεκτάσεως,
488 2690 502 2715 ὁ
519 2690 581 2726 ὄρος
598 2691 647 2726 τῆς
657 2693 766 2720 αἰωνίου
778 2684 861 2730 ζωῆς,
877 2697 892 2723 ὁ

109 2729 235 2756 ἐπέκεινα
250 2731 296 2758 τοῦ
311 2732 348 2769 μὴ
361 2733 556 2767 ἐπιλείποντος.

973 957 1025 980 tur.
1053 953 1086 981 Et
1107 954 1177 981 sicut
1200 956 1381 984 mternitatem
1411 958 1527 986 dicimus
1563 960 1758 989 immutabilem

972 997 1045 1025 illam
1065 999 1162 1032 vitam,
1188 1008 1248 1035 quze
1269 1006 1297 1028 et
1322 1002 1402 1029 simul
1421 1007 1475 1030 tota
1492 1005 1595 1036 existit,
1613 1010 1641 1033 et
1657 1007 1758 1034 nullius

970 1050 1088 1078 unquam
1111 1049 1182 1079 eget,
1207 1053 1256 1073 uec
1279 1047 1391 1073 omnino
1416 1048 1517 1083 deﬁcit,
1547 1055 1574 1077 et
1599 1050 1626 1078 in
1649 1059 1702 1078 uno
1725 1061 1757 1079 ac

970 1093 1080 1124 propter
1093 1098 1176 1117 unum
1199 1091 1338 1124 consistit;
1355 1092 1395 1119 sic
1410 1094 1491 1120 etiam
1507 1099 1611 1129 tempus
1625 1100 1681 1123 tum
1697 1097 1758 1131 qui-

969 1136 1029 1161 dem
1047 1135 1072 1162 in
1088 1143 1120 1163 eo
1133 1136 1203 1170 quod
1219 1144 1328 1171 semper
1341 1137 1421 1174 ul
1437 1144 1479 1166 est
1495 1141 1665 1175 requiescere
1688 1143 1755 1170 dit'i-

969 1187 1039 1213 mus,
1056 1188 1188 1215 apparere
1209 1189 1284 1215 vero,
1305 1185 1413 1218 quando
1425 1187 1569 1219 oportebat
1588 1195 1696 1222 quoque
1711 1196 1756 1216 so-

968 1225 1019 1252 lem
1035 1227 1193 1261 subsistere,
1212 1233 1239 1255 et
1256 1229 1540 1258 visibilem-naturam
1560 1234 1678 1267 prodire.
1703 1235 1755 1262 lta-

967 1280 1019 1307 que
1040 1281 1212 1309 progressum
1233 1275 1332 1303 divinae
1357 1276 1487 1305 b0uitatis
1507 1279 1540 1305 ad
1562 1280 1671 1307 sensilia
1689 1289 1753 1316 pro-

965 1318 1105 1352 ducenda,
1141 1326 1220 1348 vocat
1250 1327 1355 1356 tempus
1381 1331 1472 1350 eorum
1500 1331 1560 1359 qua:
1588 1325 1663 1358 ﬁniit,
1688 1327 1752 1361 quin

965 1365 1047 1392 etiam
1063 1373 1124 1393 esse
1140 1374 1228 1394 rerum
1244 1373 1271 1394 et
1284 1369 1489 1403 generationum
1505 1378 1564 1404 quae
1583 1372 1669 1406 ﬁunt;
1682 1381 1751 1406 quo-

965 1411 1037 1438 niam
1063 1420 1096 1439 ex
1120 1411 1181 1446 ipso
1207 1418 1280 1440 mota
1301 1420 1373 1447 sunt,
1404 1420 1430 1442 et
1456 1416 1639 1444 substiterunt
1660 1420 1751 1447 omnia

964 1465 1024 1492 qua
1049 1459 1217 1493 generationi
1247 1461 1369 1495 subjecta
1395 1466 1471 1494 sunt,
1495 1467 1522 1490 et
1538 1471 1597 1497 qth
1617 1465 1666 1491 sub
1681 1469 1750 1492 tem-

963 1510 1028 1537 pore
1046 1503 1125 1531 ﬁunt.
1142 1504 1180 1531 Ex
1192 1504 1243 1532 hoc
1257 1507 1477 1540 superessentiali
1490 1512 1552 1535 enle
1568 1510 1650 1536 etiam
1663 1517 1749 1538 aevum

963 1549 1066 1579 existit,
1090 1548 1161 1583 quod
1181 1550 1309 1576 nimirum
1338 1551 1418 1578 rebus
1440 1553 1638 1586 coextendltur,
1660 1558 1687 1580 et
1708 1562 1751 1581 es—

963 1595 1051 1621 sentia
1080 1603 1183 1626 rerum,
1207 1600 1234 1623 et
1261 1596 1405 1630 ipsummet
1429 1605 1489 1628 ens.
1512 1598 1583 1632 quod
1601 1600 1747 1626 secundum

962 1641 1107 1668 essentiam
1131 1642 1243 1670 dicitur.
1267 1643 1329 1669 Haec
1343 1644 1432 1678 quoad
1446 1645 1600 1678 superiores
1615 1646 1694 1673 nobis
1706 1646 1748 1672 di-

961 1686 1134 1721 vinioresque
1151 1688 1283 1722 ,virtutcs.
1308 1688 1340 1714 Et
1361 1696 1469 1716 rursum
1499 1691 1586 1723 quoad
1615 1692 1746 1718 nostratia

960 1739 1080 1766 quoque,
1097 1737 1201 1767 tempus
1216 1737 1257 1760 est
1277 1741 1325 1768 per
1338 1734 1413 1768 prius
1429 1739 1453 1761 et
1469 1735 1603 1768 posterius
1622 1736 1648 1762 in
1665 1737 1747 1764 rebus

960 1779 1058 1813 genitis
1074 1784 1269 1812 mensuratum,
1283 1785 1310 1806 et
1329 1782 1467 1814 generatio
1481 1789 1575 1808 eorum
1590 1790 1649 1816 quae
1664 1791 1746 1817 gene-

959 1828 1064 1856 rantur,
1081 1829 1107 1850 et
1123 1825 1148 1850 id
1165 1824 1250 1858 ipsum
1268 1825 1338 1859 quod
1358 1826 1478 1860 gignitur
1499 1828 1646 1854 secundum
1663 1837 1746 1862 gene-

960 1868 1091 1895 rationem
1107 1869 1218 1903 dictmn,
1244 1875 1397 1905 caeleraque
1413 1872 1503 1898 omnia
1528 1880 1587 1906 quae
1613 1873 1638 1899 in
1662 1874 1744 1901 rebus

958 1914 1136 1943 divinioribus
1162 1916 1299 1948 existunt,
1325 1923 1353 1943 et
1387 1923 1446 1951 qua:
1476 1926 1637 1953 quocunque
1663 1923 1743 1946 inoio

956 1961 1089 1993 existunt,
1106 1961 1212 1989 scilicet
1232 1963 1379 1989 secundum
1399 1971 1458 1990 nos.
1475 1964 1537 1991 Haec
1548 1970 1636 1992 autem
1651 1966 1742 1993 omnia

955 2011 1020 2034 sunt
1032 2007 1122 2042 aliquo
1138 2008 1216 2035 modo
1234 2009 1305 2035 entia
1323 2018 1329 2036 :
1356 2016 1409 2035 non
1426 2009 1497 2037 enim
1512 2017 1573 2037 esse
1585 2011 1740 2045 angelorum

954 2057 982 2079 et
995 2052 1133 2079 hominum
1160 2053 1405 2087 comprehendunt,
1422 2061 1509 2088 neque
1526 2055 1620 2082 horum
1641 2060 1669 2082 et
1692 2055 1744 2082 an;

954 2098 1086 2132 gelorum,
1100 2098 1148 2125 sed
1162 2098 1303 2133 quodlibet
1325 2099 1406 2126 habet
1433 2100 1570 2134 propriam
1590 2101 1743 2139 subsisteuﬁ

954 2145 1031 2176 tiam,
1063 2151 1177 2178 eamque
1202 2144 1365 2178 limitatam;
1395 2146 1522 2180 quoniam
1548 2146 1601 2172 alia
1627 2144 1742 2181 quidem

954 2189 1115 2224 principium
1137 2189 1249 2222 habent,
1267 2189 1346 2216 ﬁnem
1363 2198 1416 2217 non
1439 2190 1555 2225 habent,
1566 2191 1616 2218 alia
1631 2200 1694 2220 vero
1710 2199 1738 2220 et

916 2229 939 2258 D
953 2235 1112 2268 principium
1128 2239 1155 2261 et
1178 2235 1256 2261 ﬁnem
1279 2235 1389 2262 habent.
1413 2235 1481 2263 Sunt
1501 2244 1567 2264 vero
1582 2237 1663 2264 etiam
1676 2247 1736 2272 qua:

952 2280 1113 2315 principium
1133 2281 1240 2315 quidem
1265 2289 1318 2308 non
1335 2281 1445 2314 habent,
1461 2283 1507 2309 sed
1525 2282 1605 2310 ﬁnem
1624 2284 1735 2318 habent,

950 2327 988 2353 uti
1000 2327 1080 2353 etiam
1093 2326 1205 2361 Magnus
1224 2327 1338 2353 Basilius
1355 2328 1447 2359 tradit,
1462 2328 1574 2363 loquens
1585 2329 1618 2356 de
1633 2329 1733 2358 divinis

950 2371 1023 2398 circa
1040 2372 1131 2399 tnundi
1151 2372 1349 2406 providentiam
1368 2372 1554 2405 volitionibus,
1578 2381 1638 2408 qum
1660 2375 1735 2409 prin-

949 2418 1048 2453 cipium
1064 2418 1172 2453 quidem
1190 2426 1243 2445 non
1258 2419 1425 2450 habuerunt,
1450 2420 1530 2447 linem
1557 2429 1621 2447 vero
1637 2422 1737 2458 aliqua}

951 2466 1055 2492 illarum
1082 2466 1138 2501 jam
1164 2471 1338 2500 acceperunt,
1363 2466 1459 2500 aliqua:
1484 2468 1566 2494 etiam
1587 2462 1737 2494 habehuul.‘

949 2511 1012 2538 lla-c
1033 2511 1116 2546 igitur
1138 2512 1229 2539 omnia
1252 2518 1316 2539 sunt
1342 2512 1432 2546 aliquo
1457 2514 1535 2540 modo
1556 2513 1640 2546 entia,
1659 2514 1736 2554 solus,

948 2564 1036 2586 autem
1060 2559 1130 2587 Deus
1157 2568 1208 2588 non
1233 2565 1274 2588 est
1288 2561 1378 2595 aliquo
1394 2562 1474 2588 modo
1489 2569 1547 2594 ens,
1564 2562 1609 2589 sed
1625 2555 1735 2597 simpli-i

947 2607 1015 2634 citer
1026 2613 1055 2634 et
1069 2608 1223 2634 illimitate:
1249 2612 1333 2635 totum
1362 2608 1434 2635 enim
1464 2615 1523 2635 esse
1549 2608 1575 2635 in
1604 2615 1634 2635 se
1656 2593 1734 2635 com-l

946 2651 1042 2687 plexus
1062 2657 1114 2684 est,
1138 2661 1188 2680 nec
1208 2653 1341 2688 incipiens
1366 2661 1455 2688 neque
1476 2653 1621 2685 desinens;
1644 2660 1731 2688 quare.

945 2699 1026 2725 etiam
1049 2699 1148 2726 dicitur
1172 2699 1229 2727 Rex
1259 2699 1431 2734 surculorum,
1456 2700 1554 2735 quippe
1573 2700 1619 2734 qui
1636 2700 1727 2727 omnia

944 2743 1040 2771 saecula
1055 2749 1082 2771 et
1095 2752 1144 2771 eos
1157 2752 1237 2772 omne
1258 2745 1454 2780 complectitur,
1471 2749 1498 2771 et
1516 2749 1664 2779 temporum
1682 2745 1730 2772 de-

108 2782 235 2809 etstones,
253 2782 323 2810 erat,
348 2779 411 2813 erit,
441 2780 541 2808 factum
567 2790 627 2811 esse
649 2791 681 2813 ac
700 2785 771 2816 iﬁeri
794 2787 979 2824 subterfugit;
1012 2790 1145 2826 siquidem
1177 2791 1234 2819 hac
1258 2779 1338 2819 rebus
1360 2791 1545 2824 nostratibus,
1570 2795 1727 2824 natumque

145 2852 155 2870 ⁸
172 2852 253 2881 llebr.
272 2861 291 2887 ι,
305 2853 332 2882 9.
369 2861 382 2875 υ
395 2855 462 2884 Gen.
478 2865 496 2890 ι,
516 2857 557 2886 Μ.
