  <div class='ocr_page' id='page_1' title='image "/cluster/home/n/w/nwhite01/storage/ocr_20150623/3/njp.32101077772356/515.png"; bbox 0 0 1938 3065; ppageno 0'>
   <div class='ocr_carea' id='block_1_1' title="bbox 192 154 244 184">
    <p class='ocr_par' dir='ltr' id='par_1_1' title="bbox 192 154 244 184">
     <span class='ocr_line' id='line_1_1' title="bbox 192 154 244 184; baseline -0.038 0"><span class='ocrx_word' id='word_1_1' title='bbox 192 154 244 184; x_wconf 68' lang='lat'><strong>859</strong></span> 
     </span>
    </p>
   </div>
   <div class='ocr_carea' id='block_1_2' title="bbox 782 143 1226 176">
    <p class='ocr_par' dir='ltr' id='par_1_2' title="bbox 782 143 1226 176">
     <span class='ocr_line' id='line_1_2' title="bbox 782 143 1226 176; baseline -0.007 -1"><span class='ocrx_word' id='word_1_2' title='bbox 782 148 810 176; x_wconf 87' lang='lat' dir='ltr'><strong>S.</strong></span> <span class='ocrx_word' id='word_1_3' title='bbox 829 145 977 175; x_wconf 76' lang='lat' dir='ltr'><strong>DIONYSII</strong></span> <span class='ocrx_word' id='word_1_4' title='bbox 993 143 1226 174; x_wconf 61' lang='lat' dir='ltr'><strong>AREOPAGITIE</strong></span> 
     </span>
    </p>
   </div>
   <div class='ocr_carea' id='block_1_3' title="bbox 1771 139 1833 168">
    <p class='ocr_par' dir='ltr' id='par_1_3' title="bbox 1771 139 1833 168">
     <span class='ocr_line' id='line_1_3' title="bbox 1771 139 1833 168; baseline -0.032 0"><span class='ocrx_word' id='word_1_5' title='bbox 1771 139 1833 168; x_wconf 68' lang='lat'><strong>850</strong></span> 
     </span>
    </p>
   </div>
   <div class='ocr_carea' id='block_1_4' title="bbox 193 199 1829 243">
    <p class='ocr_par' dir='ltr' id='par_1_4' title="bbox 193 199 1829 243">
     <span class='ocr_line' id='line_1_4' title="bbox 193 199 1829 243; baseline -0.009 -4"><span class='ocrx_word' id='word_1_6' title='bbox 193 212 271 240; x_wconf 77' lang='lat' dir='ltr'><strong>llum</strong></span> <span class='ocrx_word' id='word_1_7' title='bbox 285 209 460 238; x_wconf 68' lang='lat' dir='ltr'><strong>conveniunt.</strong></span> <span class='ocrx_word' id='word_1_8' title='bbox 476 207 546 242; x_wconf 83' lang='lat' dir='ltr'><strong>Quin</strong></span> <span class='ocrx_word' id='word_1_9' title='bbox 560 215 594 236; x_wconf 88' lang='lat' dir='ltr'><strong>ne</strong></span> <span class='ocrx_word' id='word_1_10' title='bbox 607 207 717 243; x_wconf 79' lang='lat' dir='ltr'><strong>quidem</strong></span> <span class='ocrx_word' id='word_1_11' title='bbox 733 206 816 234; x_wconf 86' lang='lat' dir='ltr'><strong>habet</strong></span> <span class='ocrx_word' id='word_1_12' title='bbox 829 206 917 240; x_wconf 90' lang='lat' dir='ltr'><strong>ipsum</strong></span> <span class='ocrx_word' id='word_1_13' title='bbox 931 208 984 235; x_wconf 88' lang='lat' dir='ltr'><strong>est.</strong></span> <span class='ocrx_word' id='word_1_14' title='bbox 1000 203 1132 239; x_wconf 86' lang='lat' dir='ltr'><strong>quoniam</strong></span> <span class='ocrx_word' id='word_1_15' title='bbox 1149 209 1231 238; x_wconf 88' lang='lat' dir='ltr'><strong>supra</strong></span> <span class='ocrx_word' id='word_1_16' title='bbox 1255 202 1342 235; x_wconf 86' lang='lat' dir='ltr'><strong>ipsum</strong></span> <span class='ocrx_word' id='word_1_17' title='bbox 1358 204 1412 234; x_wconf 88' lang='lat' dir='ltr'><strong>est,</strong></span> <span class='ocrx_word' id='word_1_18' title='bbox 1444 204 1471 228; x_wconf 84' lang='lat' dir='ltr'><strong>et</strong></span> <span class='ocrx_word' id='word_1_19' title='bbox 1494 199 1612 235; x_wconf 76' lang='lat' dir='ltr'><strong>ipsemet</strong></span> <span class='ocrx_word' id='word_1_20' title='bbox 1632 202 1675 226; x_wconf 88' lang='lat' dir='ltr'><strong>est</strong></span> <span class='ocrx_word' id='word_1_21' title='bbox 1689 203 1751 225; x_wconf 80' lang='lat' dir='ltr'><strong>esse</strong></span> <span class='ocrx_word' id='word_1_22' title='bbox 1781 205 1829 225; x_wconf 88' lang='lat' dir='ltr'><strong>re-</strong></span> 
     </span>
    </p>
   </div>
   <div class='ocr_carea' id='block_1_5' title="bbox 193 244 1829 291">
    <p class='ocr_par' dir='ltr' id='par_1_5' title="bbox 193 244 1829 291">
     <span class='ocr_line' id='line_1_5' title="bbox 193 244 1829 291; baseline -0.01 -5"><span class='ocrx_word' id='word_1_23' title='bbox 193 261 260 291; x_wconf 84' lang='lat' dir='ltr'><strong>bus;</strong></span> <span class='ocrx_word' id='word_1_24' title='bbox 276 265 326 285; x_wconf 86' lang='lat' dir='ltr'><strong>nec</strong></span> <span class='ocrx_word' id='word_1_25' title='bbox 338 257 412 284; x_wconf 87' lang='lat' dir='ltr'><strong>enim</strong></span> <span class='ocrx_word' id='word_1_26' title='bbox 426 256 498 283; x_wconf 85' lang='lat' dir='ltr'><strong>entia</strong></span> <span class='ocrx_word' id='word_1_27' title='bbox 518 255 606 283; x_wconf 85' lang='lat' dir='ltr'><strong>solum</strong></span> <span class='ocrx_word' id='word_1_28' title='bbox 621 262 635 281; x_wconf 88' lang='lat' dir='ltr'><strong>a</strong></span> <span class='ocrx_word' id='word_1_29' title='bbox 651 253 706 281; x_wconf 90' lang='lat' dir='ltr'><strong>Deo</strong></span> <span class='ocrx_word' id='word_1_30' title='bbox 730 258 804 286; x_wconf 84' lang='lat' dir='ltr'><strong>sunt,</strong></span> <span class='ocrx_word' id='word_1_31' title='bbox 819 253 866 280; x_wconf 90' lang='lat' dir='ltr'><strong>sed</strong></span> <span class='ocrx_word' id='word_1_32' title='bbox 891 252 994 279; x_wconf 88' lang='lat' dir='ltr'><strong>entium</strong></span> <span class='ocrx_word' id='word_1_33' title='bbox 1010 258 1119 284; x_wconf 88' lang='lat' dir='ltr'><strong>quoque</strong></span> <span class='ocrx_word' id='word_1_34' title='bbox 1146 249 1203 284; x_wconf 89' lang='lat' dir='ltr'><strong>ipsa</strong></span> <span class='ocrx_word' id='word_1_35' title='bbox 1231 249 1350 281; x_wconf 81' lang='lat' dir='ltr'><strong>entitas;</strong></span> <span class='ocrx_word' id='word_1_36' title='bbox 1375 247 1433 282; x_wconf 84' lang='lat' dir='ltr'><strong>ipse</strong></span> <span class='ocrx_word' id='word_1_37' title='bbox 1452 246 1525 274; x_wconf 87' lang='lat' dir='ltr'><strong>enim</strong></span> <span class='ocrx_word' id='word_1_38' title='bbox 1550 250 1593 273; x_wconf 81' lang='lat' dir='ltr'><strong>est</strong></span> <span class='ocrx_word' id='word_1_39' title='bbox 1617 244 1740 272; x_wconf 83' lang='lat' dir='ltr'><strong>existens</strong></span> <span class='ocrx_word' id='word_1_40' title='bbox 1762 250 1829 271; x_wconf 72' lang='lat' dir='ltr'><strong>ante</strong></span> 
     </span>
    </p>
   </div>
   <div class='ocr_carea' id='block_1_6' title="bbox 191 290 1826 337">
    <p class='ocr_par' dir='ltr' id='par_1_6' title="bbox 191 290 1826 337">
     <span class='ocr_line' id='line_1_6' title="bbox 191 290 1826 337; baseline -0.011 -4"><span class='ocrx_word' id='word_1_41' title='bbox 191 305 301 337; x_wconf 70' lang='lat' dir='ltr'><strong>masta,</strong></span> <span class='ocrx_word' id='word_1_42' title='bbox 316 305 464 332; x_wconf 87' lang='lat' dir='ltr'><strong>secundum</strong></span> <span class='ocrx_word' id='word_1_43' title='bbox 481 302 610 329; x_wconf 85' lang='lat' dir='ltr'><strong>Davidem</strong></span> <span class='ocrx_word' id='word_1_44' title='bbox 642 304 667 333; x_wconf 74' lang='grc' dir='ltr'>ν,</span> <span class='ocrx_word' id='word_1_45' title='bbox 689 300 819 328; x_wconf 60' lang='lat' dir='ltr'><strong>saeculum</strong></span> <span class='ocrx_word' id='word_1_46' title='bbox 849 297 1024 329; x_wconf 72' lang='lat' dir='ltr'><strong>saeculorum,</strong></span> <span class='ocrx_word' id='word_1_47' title='bbox 1053 296 1151 331; x_wconf 87' lang='lat' dir='ltr'><strong>quippe</strong></span> <span class='ocrx_word' id='word_1_48' title='bbox 1175 295 1320 333; x_wconf 82' lang='lat' dir='ltr'><strong>continens</strong></span> <span class='ocrx_word' id='word_1_49' title='bbox 1352 293 1548 330; x_wconf 74' lang='lat' dir='ltr'><strong>sempiternam</strong></span> <span class='ocrx_word' id='word_1_50' title='bbox 1587 290 1826 324; x_wconf 79' lang='lat' dir='ltr'><strong>coextensionetn,</strong></span> 
     </span>
    </p>
   </div>
   <div class='ocr_carea' id='block_1_7' title="bbox 191 341 1174 384">
    <p class='ocr_par' dir='ltr' id='par_1_7' title="bbox 191 341 1174 384">
     <span class='ocr_line' id='line_1_7' title="bbox 191 341 1174 384; baseline -0.013 -4"><span class='ocrx_word' id='word_1_51' title='bbox 191 352 326 380; x_wconf 85' lang='lat' dir='ltr'><strong>terminus</strong></span> <span class='ocrx_word' id='word_1_52' title='bbox 348 350 412 377; x_wconf 79' lang='lat' dir='ltr'><strong>vita:</strong></span> <span class='ocrx_word' id='word_1_53' title='bbox 435 348 622 384; x_wconf 78' lang='lat' dir='ltr'><strong>sempiternae,</strong></span> <span class='ocrx_word' id='word_1_54' title='bbox 644 348 690 382; x_wconf 86' lang='lat' dir='ltr'><strong>qui</strong></span> <span class='ocrx_word' id='word_1_55' title='bbox 711 351 752 374; x_wconf 84' lang='lat' dir='ltr'><strong>est</strong></span> <span class='ocrx_word' id='word_1_56' title='bbox 770 352 853 380; x_wconf 80' lang='lat' dir='ltr'><strong>supra</strong></span> <span class='ocrx_word' id='word_1_57' title='bbox 870 344 897 372; x_wconf 92' lang='lat' dir='ltr'><strong>id</strong></span> <span class='ocrx_word' id='word_1_58' title='bbox 913 343 986 378; x_wconf 90' lang='lat' dir='ltr'><strong>quod</strong></span> <span class='ocrx_word' id='word_1_59' title='bbox 1007 348 1059 368; x_wconf 84' lang='lat' dir='ltr'><strong>non</strong></span> <span class='ocrx_word' id='word_1_60' title='bbox 1073 341 1174 369; x_wconf 85' lang='lat' dir='ltr'><strong>deﬁcit.</strong></span> 
     </span>
    </p>
   </div>
   <div class='ocr_carea' id='block_1_8' title="bbox 228 379 981 435">
    <p class='ocr_par' dir='ltr' id='par_1_8' title="bbox 228 379 980 435">
     <span class='ocr_line' id='line_1_8' title="bbox 228 379 980 435; baseline -0.015 -8"><span class='ocrx_word' id='word_1_61' title='bbox 228 399 243 435; x_wconf 65' lang='grc' dir='ltr'>ᾗ</span> <span class='ocrx_word' id='word_1_62' title='bbox 265 398 296 427; x_wconf 78' lang='grc' dir='ltr'><strong>γ.</strong></span> <span class='ocrx_word' id='word_1_63' title='bbox 318 398 406 425; x_wconf 84' lang='lat' dir='ltr'><strong>Altius</strong></span> <span class='ocrx_word' id='word_1_64' title='bbox 429 379 524 431; x_wconf 77' lang='lat' dir='ltr'><strong>itaque</strong></span> <span class='ocrx_word' id='word_1_65' title='bbox 541 379 704 429; x_wconf 77' lang='lat' dir='ltr'><strong>repetentes</strong></span> <span class='ocrx_word' id='word_1_66' title='bbox 733 379 866 425; x_wconf 82' lang='lat' dir='ltr'><strong>dicamus,</strong></span> <span class='ocrx_word' id='word_1_67' title='bbox 899 390 980 418; x_wconf 81' lang='lat' dir='ltr'><strong>rebus</strong></span> 
     </span>
    </p>
   </div>
   <div class='ocr_carea' id='block_1_9' title="bbox 1032 379 1828 435">
    <p class='ocr_par' dir='ltr' id='par_1_9' title="bbox 1067 379 1828 422">
     <span class='ocr_line' id='line_1_9' title="bbox 1067 379 1828 422; baseline -0.007 -8"><span class='ocrx_word' id='word_1_68' title='bbox 1067 386 1081 422; x_wconf 82' lang='lat'>§</span> <span class='ocrx_word' id='word_1_69' title='bbox 1095 387 1125 414; x_wconf 87' lang='lat' dir='ltr'><strong>V.</strong></span> <span class='ocrx_word' id='word_1_70' title='bbox 1145 386 1335 418; x_wconf 80' lang='grc' dir='ltr'>Ἀναλαϐόντες</span> <span class='ocrx_word' id='word_1_71' title='bbox 1348 383 1395 413; x_wconf 77' lang='grc' dir='ltr'>οὖν</span> <span class='ocrx_word' id='word_1_72' title='bbox 1408 385 1539 420; x_wconf 72' lang='grc' dir='ltr'>εἴπωμεν,</span> <span class='ocrx_word' id='word_1_73' title='bbox 1550 384 1592 411; x_wconf 82' lang='grc' dir='ltr'>ὅτι</span> <span class='ocrx_word' id='word_1_74' title='bbox 1606 384 1672 411; x_wconf 80' lang='grc' dir='ltr'>πᾶσι</span> <span class='ocrx_word' id='word_1_75' title='bbox 1682 383 1738 415; x_wconf 82' lang='grc' dir='ltr'>τοῖς</span> <span class='ocrx_word' id='word_1_76' title='bbox 1751 379 1828 412; x_wconf 70' lang='grc' dir='ltr'>οὖσι,</span> 
     </span>
    </p>
   </div>
   <div class='ocr_carea' id='block_1_10' title="bbox 191 438 980 479">
    <p class='ocr_par' dir='ltr' id='par_1_10' title="bbox 191 438 980 479">
     <span class='ocr_line' id='line_1_10' title="bbox 191 438 980 479; baseline -0.011 -5"><span class='ocrx_word' id='word_1_77' title='bbox 191 446 320 475; x_wconf 89' lang='lat' dir='ltr'><strong>omnibus</strong></span> <span class='ocrx_word' id='word_1_78' title='bbox 330 451 357 473; x_wconf 93' lang='lat' dir='ltr'><strong>et</strong></span> <span class='ocrx_word' id='word_1_79' title='bbox 367 445 432 472; x_wconf 71' lang='lat' dir='ltr'><strong>mvis</strong></span> <span class='ocrx_word' id='word_1_80' title='bbox 450 444 518 479; x_wconf 82' lang='lat' dir='ltr'><strong>ipsis</strong></span> <span class='ocrx_word' id='word_1_81' title='bbox 532 450 636 476; x_wconf 89' lang='lat' dir='ltr'><strong>rerum,</strong></span> <span class='ocrx_word' id='word_1_82' title='bbox 655 443 744 477; x_wconf 87' lang='lat' dir='ltr'><strong>ipsum</strong></span> <span class='ocrx_word' id='word_1_83' title='bbox 760 447 820 468; x_wconf 82' lang='lat' dir='ltr'><strong>esse</strong></span> <span class='ocrx_word' id='word_1_84' title='bbox 835 440 869 466; x_wconf 90' lang='lat' dir='ltr'><strong>ab</strong></span> <span class='ocrx_word' id='word_1_85' title='bbox 889 446 923 466; x_wconf 88' lang='lat' dir='ltr'><strong>eo</strong></span> <span class='ocrx_word' id='word_1_86' title='bbox 935 438 980 472; x_wconf 92' lang='lat' dir='ltr'><strong>qui</strong></span> 
     </span>
    </p>
   </div>
   <div class='ocr_carea' id='block_1_11' title="bbox 192 485 982 528">
    <p class='ocr_par' dir='ltr' id='par_1_11' title="bbox 192 485 982 528">
     <span class='ocr_line' id='line_1_11' title="bbox 192 485 982 528; baseline -0.011 -8"><span class='ocrx_word' id='word_1_87' title='bbox 192 491 343 528; x_wconf 72' lang='lat' dir='ltr'><strong>praeexislit</strong></span> <span class='ocrx_word' id='word_1_88' title='bbox 357 490 484 521; x_wconf 84' lang='lat' dir='ltr'><strong>existere,</strong></span> <span class='ocrx_word' id='word_1_89' title='bbox 505 487 587 524; x_wconf 67' lang='grc'><strong>442</strong></span> <span class='ocrx_word' id='word_1_90' title='bbox 601 488 646 523; x_wconf 92' lang='lat' dir='ltr'><strong>qui</strong></span> <span class='ocrx_word' id='word_1_91' title='bbox 669 488 765 515; x_wconf 87' lang='lat' dir='ltr'><strong>horum</strong></span> <span class='ocrx_word' id='word_1_92' title='bbox 792 485 913 513; x_wconf 90' lang='lat' dir='ltr'><strong>omnium</strong></span> <span class='ocrx_word' id='word_1_93' title='bbox 940 489 982 512; x_wconf 86' lang='lat' dir='ltr'><strong>est</strong></span> 
     </span>
    </p>
   </div>
   <div class='ocr_carea' id='block_1_12' title="bbox 190 531 981 573">
    <p class='ocr_par' dir='ltr' id='par_1_12' title="bbox 190 531 981 573">
     <span class='ocr_line' id='line_1_12' title="bbox 190 531 981 573; baseline -0.01 -8"><span class='ocrx_word' id='word_1_94' title='bbox 190 538 357 573; x_wconf 92' lang='lat' dir='ltr'><strong>principium</strong></span> <span class='ocrx_word' id='word_1_95' title='bbox 373 543 405 563; x_wconf 89' lang='lat' dir='ltr'><strong>ac</strong></span> <span class='ocrx_word' id='word_1_96' title='bbox 418 543 501 563; x_wconf 86' lang='lat' dir='ltr'><strong>causa</strong></span> <span class='ocrx_word' id='word_1_97' title='bbox 516 535 706 570; x_wconf 64' lang='lat' dir='ltr'><strong>praesislens,</strong></span> <span class='ocrx_word' id='word_1_98' title='bbox 717 533 863 568; x_wconf 80' lang='lat' dir='ltr'><strong>omniaque</strong></span> <span class='ocrx_word' id='word_1_99' title='bbox 881 532 906 558; x_wconf 96' lang='lat' dir='ltr'><strong>in</strong></span> <span class='ocrx_word' id='word_1_100' title='bbox 922 531 981 566; x_wconf 88' lang='lat' dir='ltr'><strong>ipso</strong></span> 
     </span>
    </p>
   </div>
   <div class='ocr_carea' id='block_1_13' title="bbox 191 578 981 616">
    <p class='ocr_par' dir='ltr' id='par_1_13' title="bbox 191 578 981 616">
     <span class='ocr_line' id='line_1_13' title="bbox 191 578 981 616; baseline -0.01 -3"><span class='ocrx_word' id='word_1_101' title='bbox 191 586 358 615; x_wconf 85' lang='lat' dir='ltr'><strong>consistunt,</strong></span> <span class='ocrx_word' id='word_1_102' title='bbox 377 590 440 610; x_wconf 90' lang='lat' dir='ltr'><strong>cum</strong></span> <span class='ocrx_word' id='word_1_103' title='bbox 453 582 488 609; x_wconf 92' lang='lat' dir='ltr'><strong>sit</strong></span> <span class='ocrx_word' id='word_1_104' title='bbox 502 587 565 609; x_wconf 89' lang='lat' dir='ltr'><strong>ante</strong></span> <span class='ocrx_word' id='word_1_105' title='bbox 580 581 631 609; x_wconf 86' lang='lat' dir='ltr'><strong>alia</strong></span> <span class='ocrx_word' id='word_1_106' title='bbox 647 590 706 616; x_wconf 78' lang='lat' dir='ltr'><strong>qua:</strong></span> <span class='ocrx_word' id='word_1_107' title='bbox 718 587 779 608; x_wconf 89' lang='lat' dir='ltr'><strong>esse</strong></span> <span class='ocrx_word' id='word_1_108' title='bbox 793 578 981 615; x_wconf 82' lang='lat' dir='ltr'><strong>participando</strong></span> 
     </span>
    </p>
   </div>
   <div class='ocr_carea' id='block_1_14' title="bbox 190 625 980 665">
    <p class='ocr_par' dir='ltr' id='par_1_14' title="bbox 190 625 980 665">
     <span class='ocr_line' id='line_1_14' title="bbox 190 625 980 665; baseline -0.011 -5"><span class='ocrx_word' id='word_1_109' title='bbox 190 632 286 660; x_wconf 87' lang='lat' dir='ltr'><strong>sortita</strong></span> <span class='ocrx_word' id='word_1_110' title='bbox 303 636 375 659; x_wconf 86' lang='lat' dir='ltr'><strong>sunt.</strong></span> <span class='ocrx_word' id='word_1_111' title='bbox 397 630 525 665; x_wconf 88' lang='lat' dir='ltr'><strong>Suppone</strong></span> <span class='ocrx_word' id='word_1_112' title='bbox 535 630 608 657; x_wconf 89' lang='lat' dir='ltr'><strong>enim</strong></span> <span class='ocrx_word' id='word_1_113' title='bbox 628 627 766 656; x_wconf 84' lang='lat' dir='ltr'><strong>hominem</strong></span> <span class='ocrx_word' id='word_1_114' title='bbox 780 635 787 654; x_wconf 91' lang='lat'><strong>:</strong></span> <span class='ocrx_word' id='word_1_115' title='bbox 805 626 849 653; x_wconf 89' lang='lat' dir='ltr'><strong>hic</strong></span> <span class='ocrx_word' id='word_1_116' title='bbox 863 625 980 660; x_wconf 88' lang='lat' dir='ltr'><strong>primum</strong></span> 
     </span>
    </p>
   </div>
   <div class='ocr_carea' id='block_1_15' title="bbox 192 673 982 710">
    <p class='ocr_par' dir='ltr' id='par_1_15' title="bbox 192 673 982 710">
     <span class='ocr_line' id='line_1_15' title="bbox 192 673 982 710; baseline -0.009 -4"><span class='ocrx_word' id='word_1_117' title='bbox 192 678 276 706; x_wconf 81' lang='lat' dir='ltr'><strong>habet</strong></span> <span class='ocrx_word' id='word_1_118' title='bbox 291 682 321 705; x_wconf 91' lang='lat' dir='ltr'><strong>nt</strong></span> <span class='ocrx_word' id='word_1_119' title='bbox 346 677 392 710; x_wconf 86' lang='lat' dir='ltr'><strong>sit,</strong></span> <span class='ocrx_word' id='word_1_120' title='bbox 406 676 504 704; x_wconf 88' lang='lat' dir='ltr'><strong>deinde</strong></span> <span class='ocrx_word' id='word_1_121' title='bbox 521 676 604 703; x_wconf 84' lang='lat' dir='ltr'><strong>habet</strong></span> <span class='ocrx_word' id='word_1_122' title='bbox 629 679 658 701; x_wconf 92' lang='lat' dir='ltr'><strong>ut</strong></span> <span class='ocrx_word' id='word_1_123' title='bbox 677 673 749 701; x_wconf 86' lang='lat' dir='ltr'><strong>vivat</strong></span> <span class='ocrx_word' id='word_1_124' title='bbox 763 677 791 700; x_wconf 88' lang='lat' dir='ltr'><strong>et</strong></span> <span class='ocrx_word' id='word_1_125' title='bbox 819 673 932 704; x_wconf 83' lang='lat' dir='ltr'><strong>sentiat.</strong></span> <span class='ocrx_word' id='word_1_126' title='bbox 954 676 982 699; x_wconf 93' lang='lat' dir='ltr'><strong>et</strong></span> 
     </span>
    </p>
   </div>
   <div class='ocr_carea' id='block_1_16' title="bbox 192 721 982 756">
    <p class='ocr_par' dir='ltr' id='par_1_16' title="bbox 192 721 982 756">
     <span class='ocr_line' id='line_1_16' title="bbox 192 721 982 756; baseline -0.005 -3"><span class='ocrx_word' id='word_1_127' title='bbox 192 724 383 754; x_wconf 84' lang='lat' dir='ltr'><strong>ratiocinetur:</strong></span> <span class='ocrx_word' id='word_1_128' title='bbox 406 728 434 751; x_wconf 89' lang='lat' dir='ltr'><strong>et</strong></span> <span class='ocrx_word' id='word_1_129' title='bbox 458 727 564 750; x_wconf 86' lang='lat' dir='ltr'><strong>meutcs</strong></span> <span class='ocrx_word' id='word_1_130' title='bbox 597 721 748 750; x_wconf 84' lang='lat' dir='ltr'><strong>invisibiles</strong></span> <span class='ocrx_word' id='word_1_131' title='bbox 776 721 892 756; x_wconf 88' lang='lat' dir='ltr'><strong>primum</strong></span> <span class='ocrx_word' id='word_1_132' title='bbox 920 727 982 749; x_wconf 85' lang='lat' dir='ltr'><strong>esse</strong></span> 
     </span>
    </p>
   </div>
   <div class='ocr_carea' id='block_1_17' title="bbox 191 765 981 807">
    <p class='ocr_par' dir='ltr' id='par_1_17' title="bbox 191 765 981 807">
     <span class='ocr_line' id='line_1_17' title="bbox 191 765 981 807; baseline -0.006 -9"><span class='ocrx_word' id='word_1_133' title='bbox 191 771 400 807; x_wconf 88' lang='lat' dir='ltr'><strong>participarunt,</strong></span> <span class='ocrx_word' id='word_1_134' title='bbox 415 773 443 796; x_wconf 89' lang='lat' dir='ltr'><strong>et</strong></span> <span class='ocrx_word' id='word_1_135' title='bbox 457 769 497 796; x_wconf 87' lang='lat' dir='ltr'><strong>sic</strong></span> <span class='ocrx_word' id='word_1_136' title='bbox 513 768 596 795; x_wconf 83' lang='lat' dir='ltr'><strong>vitam</strong></span> <span class='ocrx_word' id='word_1_137' title='bbox 608 772 636 795; x_wconf 86' lang='lat' dir='ltr'><strong>et</strong></span> <span class='ocrx_word' id='word_1_138' title='bbox 652 767 823 802; x_wconf 72' lang='lat' dir='ltr'><strong>sapientiam.</strong></span> <span class='ocrx_word' id='word_1_139' title='bbox 836 765 899 794; x_wconf 71' lang='lat' dir='ltr'><strong>Haac</strong></span> <span class='ocrx_word' id='word_1_140' title='bbox 915 772 981 793; x_wconf 85' lang='lat' dir='ltr'><strong>vero</strong></span> 
     </span>
    </p>
   </div>
   <div class='ocr_carea' id='block_1_18' title="bbox 190 814 982 850">
    <p class='ocr_par' dir='ltr' id='par_1_18' title="bbox 190 814 982 850">
     <span class='ocr_line' id='line_1_18' title="bbox 190 814 982 850; baseline -0.006 -5"><span class='ocrx_word' id='word_1_141' title='bbox 190 818 275 846; x_wconf 87' lang='lat' dir='ltr'><strong>etiam</strong></span> <span class='ocrx_word' id='word_1_142' title='bbox 303 816 451 845; x_wconf 86' lang='lat' dir='ltr'><strong>secundum</strong></span> <span class='ocrx_word' id='word_1_143' title='bbox 477 820 639 850; x_wconf 88' lang='lat' dir='ltr'><strong>conceptum</strong></span> <span class='ocrx_word' id='word_1_144' title='bbox 660 814 876 848; x_wconf 67' lang='lat' dir='ltr'><strong>distinguuntur.</strong></span> <span class='ocrx_word' id='word_1_145' title='bbox 904 814 982 841; x_wconf 85' lang='lat' dir='ltr'><strong>Sicut</strong></span> 
     </span>
    </p>
   </div>
   <div class='ocr_carea' id='block_1_19' title="bbox 191 860 981 900">
    <p class='ocr_par' dir='ltr' id='par_1_19' title="bbox 191 860 981 900">
     <span class='ocr_line' id='line_1_19' title="bbox 191 860 981 900; baseline -0.006 -9"><span class='ocrx_word' id='word_1_146' title='bbox 191 864 274 900; x_wconf 70' lang='lat' dir='ltr'><strong>igitur</strong></span> <span class='ocrx_word' id='word_1_147' title='bbox 289 864 315 890; x_wconf 86' lang='lat' dir='ltr'><strong>iu</strong></span> <span class='ocrx_word' id='word_1_148' title='bbox 341 863 420 890; x_wconf 86' lang='lat' dir='ltr'><strong>nobis</strong></span> <span class='ocrx_word' id='word_1_149' title='bbox 435 863 520 898; x_wconf 84' lang='lat' dir='ltr'><strong>prima</strong></span> <span class='ocrx_word' id='word_1_150' title='bbox 550 861 662 888; x_wconf 86' lang='lat' dir='ltr'><strong>materia</strong></span> <span class='ocrx_word' id='word_1_151' title='bbox 687 860 852 895; x_wconf 85' lang='lat' dir='ltr'><strong>concipitur,</strong></span> <span class='ocrx_word' id='word_1_152' title='bbox 879 867 913 887; x_wconf 78' lang='lat' dir='ltr'><strong>ex</strong></span> <span class='ocrx_word' id='word_1_153' title='bbox 927 867 981 895; x_wconf 87' lang='lat' dir='ltr'><strong>qua</strong></span> 
     </span>
    </p>
   </div>
   <div class='ocr_carea' id='block_1_20' title="bbox 191 907 981 941">
    <p class='ocr_par' dir='ltr' id='par_1_20' title="bbox 191 907 981 941">
     <span class='ocr_line' id='line_1_20' title="bbox 191 907 981 941; baseline -0.005 -4"><span class='ocrx_word' id='word_1_154' title='bbox 191 915 359 940; x_wconf 85' lang='lat' dir='ltr'><strong>constamus.</strong></span> <span class='ocrx_word' id='word_1_155' title='bbox 373 910 412 937; x_wconf 84' lang='lat' dir='ltr'><strong>sic</strong></span> <span class='ocrx_word' id='word_1_156' title='bbox 433 909 518 937; x_wconf 86' lang='lat' dir='ltr'><strong>etiam</strong></span> <span class='ocrx_word' id='word_1_157' title='bbox 534 909 561 935; x_wconf 88' lang='lat' dir='ltr'><strong>in</strong></span> <span class='ocrx_word' id='word_1_158' title='bbox 580 908 718 935; x_wconf 78' lang='lat' dir='ltr'><strong>mentibus</strong></span> <span class='ocrx_word' id='word_1_159' title='bbox 746 907 923 941; x_wconf 87' lang='lat' dir='ltr'><strong>incorporeis,</strong></span> <span class='ocrx_word' id='word_1_160' title='bbox 939 907 981 933; x_wconf 90' lang='lat' dir='ltr'><strong>in-</strong></span> 
     </span>
    </p>
   </div>
   <div class='ocr_carea' id='block_1_21' title="bbox 191 953 980 990">
    <p class='ocr_par' dir='ltr' id='par_1_21' title="bbox 191 953 980 990">
     <span class='ocr_line' id='line_1_21' title="bbox 191 953 980 990; baseline -0.005 -6"><span class='ocrx_word' id='word_1_161' title='bbox 191 961 250 985; x_wconf 74' lang='lat' dir='ltr'><strong>star</strong></span> <span class='ocrx_word' id='word_1_162' title='bbox 265 957 397 989; x_wconf 63' lang='lat' dir='ltr'><strong>materia,</strong></span> <span class='ocrx_word' id='word_1_163' title='bbox 424 956 580 990; x_wconf 84' lang='lat' dir='ltr'><strong>concipitur</strong></span> <span class='ocrx_word' id='word_1_164' title='bbox 606 955 751 990; x_wconf 85' lang='lat' dir='ltr'><strong>ipsummet</strong></span> <span class='ocrx_word' id='word_1_165' title='bbox 775 954 920 988; x_wconf 80' lang='lat' dir='ltr'><strong>cujuslibet</strong></span> <span class='ocrx_word' id='word_1_166' title='bbox 942 953 980 980; x_wconf 88' lang='lat' dir='ltr'><strong>rei</strong></span> 
     </span>
    </p>
   </div>
   <div class='ocr_carea' id='block_1_22' title="bbox 191 999 980 1037">
    <p class='ocr_par' dir='ltr' id='par_1_22' title="bbox 191 999 980 1037">
     <span class='ocr_line' id='line_1_22' title="bbox 191 999 980 1037; baseline -0.008 -7"><span class='ocrx_word' id='word_1_167' title='bbox 191 1010 251 1031; x_wconf 85' lang='lat' dir='ltr'><strong>esse</strong></span> <span class='ocrx_word' id='word_1_168' title='bbox 265 1008 313 1037; x_wconf 89' lang='lat' dir='ltr'><strong>per</strong></span> <span class='ocrx_word' id='word_1_169' title='bbox 336 1001 400 1029; x_wconf 71' lang='lat' dir='ltr'><strong>vita:</strong></span> <span class='ocrx_word' id='word_1_170' title='bbox 416 1002 545 1037; x_wconf 85' lang='lat' dir='ltr'><strong>speciem,</strong></span> <span class='ocrx_word' id='word_1_171' title='bbox 560 1005 588 1028; x_wconf 90' lang='lat' dir='ltr'><strong>et</strong></span> <span class='ocrx_word' id='word_1_172' title='bbox 600 1006 737 1036; x_wconf 86' lang='lat' dir='ltr'><strong>quatenus</strong></span> <span class='ocrx_word' id='word_1_173' title='bbox 748 999 781 1026; x_wconf 91' lang='lat' dir='ltr'><strong>ad</strong></span> <span class='ocrx_word' id='word_1_174' title='bbox 796 999 879 1026; x_wconf 76' lang='lat' dir='ltr'><strong>vitam</strong></span> <span class='ocrx_word' id='word_1_175' title='bbox 897 1003 924 1026; x_wconf 87' lang='lat' dir='ltr'><strong>et</strong></span> <span class='ocrx_word' id='word_1_176' title='bbox 933 1005 980 1026; x_wconf 87' lang='lat' dir='ltr'><strong>sa-</strong></span> 
     </span>
    </p>
   </div>
   <div class='ocr_carea' id='block_1_23' title="bbox 191 1045 981 1082">
    <p class='ocr_par' dir='ltr' id='par_1_23' title="bbox 191 1045 981 1082">
     <span class='ocr_line' id='line_1_23' title="bbox 191 1045 981 1082; baseline -0.005 -7"><span class='ocrx_word' id='word_1_177' title='bbox 191 1047 319 1082; x_wconf 87' lang='lat' dir='ltr'><strong>pientiam</strong></span> <span class='ocrx_word' id='word_1_178' title='bbox 344 1051 372 1074; x_wconf 89' lang='lat' dir='ltr'><strong>et</strong></span> <span class='ocrx_word' id='word_1_179' title='bbox 388 1047 422 1074; x_wconf 92' lang='lat' dir='ltr'><strong>ad</strong></span> <span class='ocrx_word' id='word_1_180' title='bbox 436 1046 558 1074; x_wconf 86' lang='lat' dir='ltr'><strong>divinam</strong></span> <span class='ocrx_word' id='word_1_181' title='bbox 580 1045 789 1073; x_wconf 82' lang='lat' dir='ltr'><strong>similitudinem</strong></span> <span class='ocrx_word' id='word_1_182' title='bbox 813 1045 981 1072; x_wconf 77' lang='lat' dir='ltr'><strong>substantia~</strong></span> 
     </span>
    </p>
   </div>
   <div class='ocr_carea' id='block_1_24' title="bbox 191 1089 982 1126">
    <p class='ocr_par' dir='ltr' id='par_1_24' title="bbox 191 1089 982 1126">
     <span class='ocr_line' id='line_1_24' title="bbox 191 1089 982 1126; baseline -0.005 -6"><span class='ocrx_word' id='word_1_183' title='bbox 191 1098 249 1120; x_wconf 87' lang='lat' dir='ltr'><strong>tum</strong></span> <span class='ocrx_word' id='word_1_184' title='bbox 261 1097 314 1120; x_wconf 85' lang='lat' dir='ltr'><strong>est.</strong></span> <span class='ocrx_word' id='word_1_185' title='bbox 332 1092 437 1120; x_wconf 83' lang='lat' dir='ltr'><strong>Idcirco</strong></span> <span class='ocrx_word' id='word_1_186' title='bbox 453 1092 531 1125; x_wconf 87' lang='lat' dir='ltr'><strong>dicit,</strong></span> <span class='ocrx_word' id='word_1_187' title='bbox 545 1092 618 1126; x_wconf 90' lang='lat' dir='ltr'><strong>quod</strong></span> <span class='ocrx_word' id='word_1_188' title='bbox 636 1091 723 1126; x_wconf 88' lang='lat' dir='ltr'><strong>ipsum</strong></span> <span class='ocrx_word' id='word_1_189' title='bbox 742 1098 790 1125; x_wconf 90' lang='lat' dir='ltr'><strong>per</strong></span> <span class='ocrx_word' id='word_1_190' title='bbox 811 1097 840 1117; x_wconf 88' lang='lat' dir='ltr'><strong>se</strong></span> <span class='ocrx_word' id='word_1_191' title='bbox 859 1097 919 1117; x_wconf 84' lang='lat' dir='ltr'><strong>esse</strong></span> <span class='ocrx_word' id='word_1_192' title='bbox 945 1089 982 1117; x_wconf 81' lang='lat' dir='ltr'><strong>sit.</strong></span> 
     </span>
    </p>
   </div>
   <div class='ocr_carea' id='block_1_25' title="bbox 192 1137 981 1175">
    <p class='ocr_par' dir='ltr' id='par_1_25' title="bbox 192 1137 981 1175">
     <span class='ocr_line' id='line_1_25' title="bbox 192 1137 981 1175; baseline -0.005 -8"><span class='ocrx_word' id='word_1_193' title='bbox 192 1140 332 1175; x_wconf 81' lang='lat' dir='ltr'><strong>antiquius</strong></span> <span class='ocrx_word' id='word_1_194' title='bbox 345 1146 426 1174; x_wconf 89' lang='lat' dir='ltr'><strong>quam</strong></span> <span class='ocrx_word' id='word_1_195' title='bbox 443 1145 504 1166; x_wconf 80' lang='lat' dir='ltr'><strong>esse</strong></span> <span class='ocrx_word' id='word_1_196' title='bbox 521 1145 569 1172; x_wconf 90' lang='lat' dir='ltr'><strong>per</strong></span> <span class='ocrx_word' id='word_1_197' title='bbox 582 1145 612 1165; x_wconf 89' lang='lat' dir='ltr'><strong>se</strong></span> <span class='ocrx_word' id='word_1_198' title='bbox 624 1137 709 1164; x_wconf 89' lang='lat' dir='ltr'><strong>vitam</strong></span> <span class='ocrx_word' id='word_1_199' title='bbox 723 1141 752 1164; x_wconf 89' lang='lat' dir='ltr'><strong>et</strong></span> <span class='ocrx_word' id='word_1_200' title='bbox 771 1145 820 1172; x_wconf 82' lang='lat' dir='ltr'><strong>per</strong></span> <span class='ocrx_word' id='word_1_201' title='bbox 831 1144 861 1164; x_wconf 83' lang='lat' dir='ltr'><strong>se</strong></span> <span class='ocrx_word' id='word_1_202' title='bbox 872 1137 981 1170; x_wconf 86' lang='lat' dir='ltr'><strong>sapien-</strong></span> 
     </span>
    </p>
   </div>
   <div class='ocr_carea' id='block_1_26' title="bbox 193 1182 982 1219">
    <p class='ocr_par' dir='ltr' id='par_1_26' title="bbox 193 1182 982 1219">
     <span class='ocr_line' id='line_1_26' title="bbox 193 1182 982 1219; baseline -0.005 -5"><span class='ocrx_word' id='word_1_203' title='bbox 193 1186 274 1216; x_wconf 81' lang='lat' dir='ltr'><strong>tiam;</strong></span> <span class='ocrx_word' id='word_1_204' title='bbox 290 1194 344 1214; x_wconf 87' lang='lat' dir='ltr'><strong>non</strong></span> <span class='ocrx_word' id='word_1_205' title='bbox 357 1185 428 1219; x_wconf 89' lang='lat' dir='ltr'><strong>quod</strong></span> <span class='ocrx_word' id='word_1_206' title='bbox 452 1185 479 1212; x_wconf 94' lang='lat' dir='ltr'><strong>in</strong></span> <span class='ocrx_word' id='word_1_207' title='bbox 497 1185 552 1212; x_wconf 90' lang='lat' dir='ltr'><strong>Deo</strong></span> <span class='ocrx_word' id='word_1_208' title='bbox 574 1184 611 1211; x_wconf 91' lang='lat' dir='ltr'><strong>sit</strong></span> <span class='ocrx_word' id='word_1_209' title='bbox 627 1183 780 1211; x_wconf 86' lang='lat' dir='ltr'><strong>istiusmodi</strong></span> <span class='ocrx_word' id='word_1_210' title='bbox 799 1182 908 1216; x_wconf 87' lang='lat' dir='ltr'><strong>divisio,</strong></span> <span class='ocrx_word' id='word_1_211' title='bbox 925 1183 982 1210; x_wconf 84' lang='lat' dir='ltr'><strong>sive</strong></span> 
     </span>
    </p>
   </div>
   <div class='ocr_carea' id='block_1_27' title="bbox 191 1229 982 1266">
    <p class='ocr_par' dir='ltr' id='par_1_27' title="bbox 191 1229 982 1266">
     <span class='ocr_line' id='line_1_27' title="bbox 191 1229 982 1266; baseline -0.003 -7"><span class='ocrx_word' id='word_1_212' title='bbox 191 1231 368 1266; x_wconf 75' lang='lat' dir='ltr'><strong>simpliciter,</strong></span> <span class='ocrx_word' id='word_1_213' title='bbox 382 1232 442 1259; x_wconf 81' lang='lat' dir='ltr'><strong>sive</strong></span> <span class='ocrx_word' id='word_1_214' title='bbox 467 1238 516 1265; x_wconf 87' lang='lat' dir='ltr'><strong>per</strong></span> <span class='ocrx_word' id='word_1_215' title='bbox 532 1234 708 1265; x_wconf 89' lang='lat' dir='ltr'><strong>conceptum,</strong></span> <span class='ocrx_word' id='word_1_216' title='bbox 722 1230 808 1263; x_wconf 73' lang='lat' dir='ltr'><strong>absit;</strong></span> <span class='ocrx_word' id='word_1_217' title='bbox 825 1230 871 1258; x_wconf 84' lang='lat' dir='ltr'><strong>sed</strong></span> <span class='ocrx_word' id='word_1_218' title='bbox 885 1229 918 1257; x_wconf 86' lang='lat' dir='ltr'><strong>ab</strong></span> <span class='ocrx_word' id='word_1_219' title='bbox 931 1230 982 1257; x_wconf 90' lang='lat' dir='ltr'><strong>hoc</strong></span> 
     </span>
    </p>
   </div>
   <div class='ocr_carea' id='block_1_28' title="bbox 192 1276 981 1313">
    <p class='ocr_par' dir='ltr' id='par_1_28' title="bbox 192 1276 981 1313">
     <span class='ocr_line' id='line_1_28' title="bbox 192 1276 981 1313; baseline -0.003 -8"><span class='ocrx_word' id='word_1_220' title='bbox 192 1277 383 1313; x_wconf 73' lang='lat' dir='ltr'><strong>intelliguntur</strong></span> <span class='ocrx_word' id='word_1_221' title='bbox 393 1277 451 1304; x_wconf 70' lang='lat' dir='ltr'><strong>lucc</strong></span> <span class='ocrx_word' id='word_1_222' title='bbox 465 1277 491 1304; x_wconf 92' lang='lat' dir='ltr'><strong>in</strong></span> <span class='ocrx_word' id='word_1_223' title='bbox 504 1277 537 1304; x_wconf 87' lang='lat' dir='ltr'><strong>iis</strong></span> <span class='ocrx_word' id='word_1_224' title='bbox 550 1276 676 1304; x_wconf 82' lang='lat' dir='ltr'><strong>omnibus</strong></span> <span class='ocrx_word' id='word_1_225' title='bbox 688 1284 747 1311; x_wconf 64' lang='lat' dir='ltr'><strong>qua:</strong></span> <span class='ocrx_word' id='word_1_226' title='bbox 756 1284 804 1311; x_wconf 83' lang='lat' dir='ltr'><strong>per</strong></span> <span class='ocrx_word' id='word_1_227' title='bbox 814 1276 981 1304; x_wconf 87' lang='lat' dir='ltr'><strong>creationem</strong></span> 
     </span>
    </p>
   </div>
   <div class='ocr_carea' id='block_1_29' title="bbox 192 1322 982 1358">
    <p class='ocr_par' dir='ltr' id='par_1_29' title="bbox 192 1322 982 1358">
     <span class='ocr_line' id='line_1_29' title="bbox 192 1322 982 1358; baseline 0 -8"><span class='ocrx_word' id='word_1_228' title='bbox 192 1323 324 1350; x_wconf 77' lang='lat' dir='ltr'><strong>existunt.</strong></span> <span class='ocrx_word' id='word_1_229' title='bbox 351 1322 543 1358; x_wconf 70' lang='lat' dir='ltr'><strong>Meritoigitur</strong></span> <span class='ocrx_word' id='word_1_230' title='bbox 563 1330 618 1357; x_wconf 76' lang='lat' dir='ltr'><strong>pra:</strong></span> <span class='ocrx_word' id='word_1_231' title='bbox 636 1323 744 1350; x_wconf 65' lang='lat' dir='ltr'><strong>caeteris</strong></span> <span class='ocrx_word' id='word_1_232' title='bbox 761 1330 822 1357; x_wconf 58' lang='lat' dir='ltr'><strong>(illa:</strong></span> <span class='ocrx_word' id='word_1_233' title='bbox 841 1323 982 1350; x_wconf 81' lang='lat' dir='ltr'><strong>existendo</strong></span> 
     </span>
    </p>
   </div>
   <div class='ocr_carea' id='block_1_30' title="bbox 194 1368 982 1404">
    <p class='ocr_par' dir='ltr' id='par_1_30' title="bbox 194 1368 982 1404">
     <span class='ocr_line' id='line_1_30' title="bbox 194 1368 982 1404; baseline -0.003 -7"><span class='ocrx_word' id='word_1_234' title='bbox 194 1369 280 1397; x_wconf 87' lang='lat' dir='ltr'><strong>Deum</strong></span> <span class='ocrx_word' id='word_1_235' title='bbox 313 1369 489 1404; x_wconf 82' lang='lat' dir='ltr'><strong>participant,</strong></span> <span class='ocrx_word' id='word_1_236' title='bbox 516 1368 588 1396; x_wconf 86' lang='lat' dir='ltr'><strong>Deus</strong></span> <span class='ocrx_word' id='word_1_237' title='bbox 618 1369 733 1404; x_wconf 82' lang='lat' dir='ltr'><strong>ipsemet</strong></span> <span class='ocrx_word' id='word_1_238' title='bbox 761 1369 982 1404; x_wconf 83' lang='lat' dir='ltr'><strong>antiquissimum</strong></span> 
     </span>
    </p>
   </div>
   <div class='ocr_carea' id='block_1_31' title="bbox 194 1415 981 1450">
    <p class='ocr_par' dir='ltr' id='par_1_31' title="bbox 194 1415 981 1450">
     <span class='ocr_line' id='line_1_31' title="bbox 194 1415 981 1450; baseline 0 -7"><span class='ocrx_word' id='word_1_239' title='bbox 194 1415 281 1448; x_wconf 84' lang='lat' dir='ltr'><strong>ipsius</strong></span> <span class='ocrx_word' id='word_1_240' title='bbox 307 1415 378 1443; x_wconf 88' lang='lat' dir='ltr'><strong>entis</strong></span> <span class='ocrx_word' id='word_1_241' title='bbox 394 1415 559 1450; x_wconf 85' lang='lat' dir='ltr'><strong>principium</strong></span> <span class='ocrx_word' id='word_1_242' title='bbox 585 1415 757 1450; x_wconf 80' lang='lat' dir='ltr'><strong>intelligitur.</strong></span> <span class='ocrx_word' id='word_1_243' title='bbox 776 1415 865 1448; x_wconf 83' lang='lat' dir='ltr'><strong>Quare</strong></span> <span class='ocrx_word' id='word_1_244' title='bbox 881 1423 942 1450; x_wconf 81' lang='lat' dir='ltr'><strong>qua:</strong></span> <span class='ocrx_word' id='word_1_245' title='bbox 953 1417 981 1443; x_wconf 93' lang='lat' dir='ltr'><strong>in</strong></span> 
     </span>
    </p>
   </div>
   <div class='ocr_carea' id='block_1_32' title="bbox 193 1461 982 1497">
    <p class='ocr_par' dir='ltr' id='par_1_32' title="bbox 193 1461 982 1497">
     <span class='ocr_line' id='line_1_32' title="bbox 193 1461 982 1497; baseline 0 -8"><span class='ocrx_word' id='word_1_246' title='bbox 193 1462 300 1490; x_wconf 76' lang='lat' dir='ltr'><strong>eﬁeetis</strong></span> <span class='ocrx_word' id='word_1_247' title='bbox 327 1466 391 1489; x_wconf 88' lang='lat' dir='ltr'><strong>sunt</strong></span> <span class='ocrx_word' id='word_1_248' title='bbox 412 1461 526 1489; x_wconf 84' lang='lat' dir='ltr'><strong>ascribit</strong></span> <span class='ocrx_word' id='word_1_249' title='bbox 541 1469 644 1494; x_wconf 67' lang='lat' dir='ltr'><strong>causaa,</strong></span> <span class='ocrx_word' id='word_1_250' title='bbox 661 1461 776 1497; x_wconf 84' lang='lat' dir='ltr'><strong>ideoque</strong></span> <span class='ocrx_word' id='word_1_251' title='bbox 794 1469 856 1489; x_wconf 89' lang='lat' dir='ltr'><strong>cum</strong></span> <span class='ocrx_word' id='word_1_252' title='bbox 871 1462 923 1489; x_wconf 87' lang='lat' dir='ltr'><strong>hac</strong></span> <span class='ocrx_word' id='word_1_253' title='bbox 941 1463 982 1489; x_wconf 88' lang='lat' dir='ltr'><strong>di-</strong></span> 
     </span>
    </p>
   </div>
   <div class='ocr_carea' id='block_1_33' title="bbox 193 1509 980 1544">
    <p class='ocr_par' dir='ltr' id='par_1_33' title="bbox 193 1509 980 1544">
     <span class='ocr_line' id='line_1_33' title="bbox 193 1509 980 1544; baseline -0.001 -7"><span class='ocrx_word' id='word_1_254' title='bbox 193 1511 285 1537; x_wconf 87' lang='lat' dir='ltr'><strong>ctione</strong></span> <span class='ocrx_word' id='word_1_255' title='bbox 299 1510 376 1544; x_wconf 83' lang='lat' dir='ltr'><strong>ponit</strong></span> <span class='ocrx_word' id='word_1_256' title='bbox 391 1516 423 1536; x_wconf 87' lang='lat' dir='ltr'><strong>ea</strong></span> <span class='ocrx_word' id='word_1_257' title='bbox 438 1516 499 1544; x_wconf 68' lang='lat' dir='ltr'><strong>quas</strong></span> <span class='ocrx_word' id='word_1_258' title='bbox 512 1509 590 1544; x_wconf 92' lang='lat' dir='ltr'><strong>ponit</strong></span> <span class='ocrx_word' id='word_1_259' title='bbox 609 1513 738 1543; x_wconf 84' lang='lat' dir='ltr'><strong>tanquam</strong></span> <span class='ocrx_word' id='word_1_260' title='bbox 753 1509 786 1536; x_wconf 90' lang='lat' dir='ltr'><strong>de</strong></span> <span class='ocrx_word' id='word_1_261' title='bbox 811 1509 864 1536; x_wconf 85' lang='lat' dir='ltr'><strong>Deo</strong></span> <span class='ocrx_word' id='word_1_262' title='bbox 884 1509 954 1536; x_wconf 78' lang='lat' dir='ltr'><strong>dicta</strong></span> <span class='ocrx_word' id='word_1_263' title='bbox 972 1517 980 1536; x_wconf 87' lang='lat'><strong>:</strong></span> 
     </span>
    </p>
   </div>
   <div class='ocr_carea' id='block_1_34' title="bbox 193 1553 982 1590">
    <p class='ocr_par' dir='ltr' id='par_1_34' title="bbox 193 1553 982 1590">
     <span class='ocr_line' id='line_1_34' title="bbox 193 1553 982 1590; baseline 0 -8"><span class='ocrx_word' id='word_1_264' title='bbox 193 1556 266 1582; x_wconf 87' lang='lat' dir='ltr'><strong>sicut</strong></span> <span class='ocrx_word' id='word_1_265' title='bbox 281 1555 364 1582; x_wconf 81' lang='lat' dir='ltr'><strong>etiam</strong></span> <span class='ocrx_word' id='word_1_266' title='bbox 394 1562 479 1590; x_wconf 78' lang='lat' dir='ltr'><strong>ipsam</strong></span> <span class='ocrx_word' id='word_1_267' title='bbox 508 1561 558 1589; x_wconf 85' lang='lat' dir='ltr'><strong>per</strong></span> <span class='ocrx_word' id='word_1_268' title='bbox 577 1561 607 1581; x_wconf 87' lang='lat' dir='ltr'><strong>se</strong></span> <span class='ocrx_word' id='word_1_269' title='bbox 633 1553 837 1581; x_wconf 83' lang='lat' dir='ltr'><strong>similitudinem</strong></span> <span class='ocrx_word' id='word_1_270' title='bbox 854 1561 906 1588; x_wconf 90' lang='lat' dir='ltr'><strong>qua</strong></span> <span class='ocrx_word' id='word_1_271' title='bbox 927 1553 982 1582; x_wconf 90' lang='lat' dir='ltr'><strong>Deo</strong></span> 
     </span>
    </p>
   </div>
   <div class='ocr_carea' id='block_1_35' title="bbox 193 1598 982 1633">
    <p class='ocr_par' dir='ltr' id='par_1_35' title="bbox 193 1598 982 1633">
     <span class='ocr_line' id='line_1_35' title="bbox 193 1598 982 1633; baseline 0 -7"><span class='ocrx_word' id='word_1_272' title='bbox 193 1599 382 1626; x_wconf 81' lang='lat' dir='ltr'><strong>assimilantur</strong></span> <span class='ocrx_word' id='word_1_273' title='bbox 399 1603 507 1626; x_wconf 88' lang='lat' dir='ltr'><strong>mentes</strong></span> <span class='ocrx_word' id='word_1_274' title='bbox 525 1598 575 1633; x_wconf 85' lang='lat' dir='ltr'><strong>ipsi</strong></span> <span class='ocrx_word' id='word_1_275' title='bbox 589 1598 697 1631; x_wconf 68' lang='lat' dir='ltr'><strong>vicinae,</strong></span> <span class='ocrx_word' id='word_1_276' title='bbox 716 1598 780 1633; x_wconf 77' lang='lat' dir='ltr'><strong>quin</strong></span> <span class='ocrx_word' id='word_1_277' title='bbox 796 1599 885 1633; x_wconf 87' lang='lat' dir='ltr'><strong>potius</strong></span> <span class='ocrx_word' id='word_1_278' title='bbox 900 1598 982 1626; x_wconf 80' lang='lat' dir='ltr'><strong>etiam</strong></span> 
     </span>
    </p>
   </div>
   <div class='ocr_carea' id='block_1_36' title="bbox 193 1644 981 1680">
    <p class='ocr_par' dir='ltr' id='par_1_36' title="bbox 193 1644 981 1680">
     <span class='ocr_line' id='line_1_36' title="bbox 193 1644 981 1680; baseline -0.001 -8"><span class='ocrx_word' id='word_1_279' title='bbox 193 1652 225 1672; x_wconf 83' lang='lat' dir='ltr'><strong>ea</strong></span> <span class='ocrx_word' id='word_1_280' title='bbox 241 1653 302 1680; x_wconf 69' lang='lat' dir='ltr'><strong>qua:</strong></span> <span class='ocrx_word' id='word_1_281' title='bbox 318 1645 482 1680; x_wconf 85' lang='lat' dir='ltr'><strong>participant</strong></span> <span class='ocrx_word' id='word_1_282' title='bbox 497 1653 529 1672; x_wconf 84' lang='lat' dir='ltr'><strong>ea</strong></span> <span class='ocrx_word' id='word_1_283' title='bbox 560 1652 622 1680; x_wconf 76' lang='lat' dir='ltr'><strong>qua:</strong></span> <span class='ocrx_word' id='word_1_284' title='bbox 636 1650 710 1677; x_wconf 84' lang='lat' dir='ltr'><strong>sunt,</strong></span> <span class='ocrx_word' id='word_1_285' title='bbox 727 1649 842 1678; x_wconf 81' lang='lat' dir='ltr'><strong>utesse,</strong></span> <span class='ocrx_word' id='word_1_286' title='bbox 867 1644 981 1677; x_wconf 81' lang='lat' dir='ltr'><strong>moveri,</strong></span> 
     </span>
    </p>
   </div>
   <div class='ocr_carea' id='block_1_37' title="bbox 194 1691 981 1726">
    <p class='ocr_par' dir='ltr' id='par_1_37' title="bbox 194 1691 981 1726">
     <span class='ocr_line' id='line_1_37' title="bbox 194 1691 981 1726; baseline -0.001 -7"><span class='ocrx_word' id='word_1_287' title='bbox 194 1692 362 1725; x_wconf 81' lang='lat' dir='ltr'><strong>ratiocinari.</strong></span> <span class='ocrx_word' id='word_1_288' title='bbox 380 1697 407 1720; x_wconf 85' lang='lat' dir='ltr'><strong>et</strong></span> <span class='ocrx_word' id='word_1_289' title='bbox 424 1692 537 1720; x_wconf 88' lang='lat' dir='ltr'><strong>similia.</strong></span> <span class='ocrx_word' id='word_1_290' title='bbox 554 1693 644 1726; x_wconf 86' lang='lat' dir='ltr'><strong>Atque</strong></span> <span class='ocrx_word' id='word_1_291' title='bbox 656 1692 724 1724; x_wconf 60' lang='lat' dir='ltr'><strong>hare,</strong></span> <span class='ocrx_word' id='word_1_292' title='bbox 737 1691 764 1719; x_wconf 93' lang='lat' dir='ltr'><strong>in</strong></span> <span class='ocrx_word' id='word_1_293' title='bbox 776 1695 906 1726; x_wconf 82' lang='lat' dir='ltr'><strong>quantum</strong></span> <span class='ocrx_word' id='word_1_294' title='bbox 917 1695 981 1719; x_wconf 85' lang='lat' dir='ltr'><strong>sunt.</strong></span> 
     </span>
    </p>
   </div>
   <div class='ocr_carea' id='block_1_38' title="bbox 996 1068 1018 1096">
    <p class='ocr_par' dir='ltr' id='par_1_38' title="bbox 996 1068 1018 1096">
     <span class='ocr_line' id='line_1_38' title="bbox 996 1068 1018 1096; baseline 0 0"><span class='ocrx_word' id='word_1_295' title='bbox 996 1068 1018 1096; x_wconf 84' lang='grc' dir='ltr'><strong>Β</strong></span> 
     </span>
    </p>
   </div>
   <div class='ocr_carea' id='block_1_39' title="bbox 1032 427 1828 465">
    <p class='ocr_par' dir='ltr' id='par_1_39' title="bbox 1032 427 1828 465">
     <span class='ocr_line' id='line_1_39' title="bbox 1032 427 1828 465; baseline -0.005 -7"><span class='ocrx_word' id='word_1_296' title='bbox 1032 432 1078 459; x_wconf 78' lang='grc' dir='ltr'><strong>καὶ</strong></span> <span class='ocrx_word' id='word_1_297' title='bbox 1090 434 1146 465; x_wconf 84' lang='grc' dir='ltr'>τοῖς</span> <span class='ocrx_word' id='word_1_298' title='bbox 1158 432 1254 460; x_wconf 79' lang='grc' dir='ltr'><strong>αἰῶσιν</strong></span> <span class='ocrx_word' id='word_1_299' title='bbox 1265 433 1358 465; x_wconf 81' lang='grc' dir='ltr'>αὐτοῖς</span> <span class='ocrx_word' id='word_1_300' title='bbox 1372 427 1434 460; x_wconf 79' lang='grc' dir='ltr'><strong>καθ’</strong></span> <span class='ocrx_word' id='word_1_301' title='bbox 1446 431 1492 464; x_wconf 87' lang='grc' dir='ltr'><strong>οὒς</strong></span> <span class='ocrx_word' id='word_1_302' title='bbox 1503 430 1538 458; x_wconf 82' lang='grc' dir='ltr'>τὰ</span> <span class='ocrx_word' id='word_1_303' title='bbox 1551 430 1625 462; x_wconf 74' lang='grc' dir='ltr'>ὄντα,</span> <span class='ocrx_word' id='word_1_304' title='bbox 1639 429 1670 457; x_wconf 79' lang='grc' dir='ltr'><strong>τὸ</strong></span> <span class='ocrx_word' id='word_1_305' title='bbox 1680 427 1751 456; x_wconf 75' lang='grc' dir='ltr'>εἶναι</span> <span class='ocrx_word' id='word_1_306' title='bbox 1765 429 1828 455; x_wconf 71' lang='grc' dir='ltr'>ἔστι</span> 
     </span>
    </p>
   </div>
   <div class='ocr_carea' id='block_1_40' title="bbox 1031 474 1828 515">
    <p class='ocr_par' dir='ltr' id='par_1_40' title="bbox 1031 474 1828 515">
     <span class='ocr_line' id='line_1_40' title="bbox 1031 474 1828 515; baseline -0.008 -8"><span class='ocrx_word' id='word_1_307' title='bbox 1031 479 1107 515; x_wconf 72' lang='grc' dir='ltr'>παρὰ</span> <span class='ocrx_word' id='word_1_308' title='bbox 1130 479 1178 506; x_wconf 86' lang='grc' dir='ltr'><strong>τοῦ</strong></span> <span class='ocrx_word' id='word_1_309' title='bbox 1209 479 1344 515; x_wconf 76' lang='grc' dir='ltr'>προόντος,</span> <span class='ocrx_word' id='word_1_310' title='bbox 1370 478 1417 506; x_wconf 74' lang='grc' dir='ltr'><strong>καὶ</strong></span> <span class='ocrx_word' id='word_1_311' title='bbox 1441 478 1550 505; x_wconf 82' lang='grc' dir='ltr'>πάντων</span> <span class='ocrx_word' id='word_1_312' title='bbox 1573 477 1675 504; x_wconf 85' lang='grc' dir='ltr'>τούτων</span> <span class='ocrx_word' id='word_1_313' title='bbox 1692 476 1706 504; x_wconf 85' lang='grc' dir='ltr'><strong>ό</strong></span> <span class='ocrx_word' id='word_1_314' title='bbox 1731 474 1828 512; x_wconf 80' lang='grc' dir='ltr'>προὼν</span> 
     </span>
    </p>
   </div>
   <div class='ocr_carea' id='block_1_41' title="bbox 1030 523 1827 562">
    <p class='ocr_par' dir='ltr' id='par_1_41' title="bbox 1030 523 1827 562">
     <span class='ocr_line' id='line_1_41' title="bbox 1030 523 1827 562; baseline -0.006 -8"><span class='ocrx_word' id='word_1_315' title='bbox 1030 526 1102 562; x_wconf 83' lang='grc' dir='ltr'>ἁρχὴ</span> <span class='ocrx_word' id='word_1_316' title='bbox 1114 527 1161 553; x_wconf 76' lang='grc' dir='ltr'>καὶ</span> <span class='ocrx_word' id='word_1_317' title='bbox 1173 527 1258 559; x_wconf 76' lang='grc' dir='ltr'>αἰτία,</span> <span class='ocrx_word' id='word_1_318' title='bbox 1273 527 1322 554; x_wconf 72' lang='grc' dir='ltr'>καὶ</span> <span class='ocrx_word' id='word_1_319' title='bbox 1335 526 1423 553; x_wconf 81' lang='grc' dir='ltr'>πάντα</span> <span class='ocrx_word' id='word_1_320' title='bbox 1442 526 1471 552; x_wconf 79' lang='grc' dir='ltr'>ὲν</span> <span class='ocrx_word' id='word_1_321' title='bbox 1485 524 1559 560; x_wconf 83' lang='grc' dir='ltr'>αὐτῷ</span> <span class='ocrx_word' id='word_1_322' title='bbox 1583 524 1742 559; x_wconf 80' lang='grc' dir='ltr'><strong>συνέστηκε,</strong></span> <span class='ocrx_word' id='word_1_323' title='bbox 1756 523 1827 559; x_wconf 87' lang='grc' dir='ltr'>πρὸς</span> 
     </span>
    </p>
   </div>
   <div class='ocr_carea' id='block_1_42' title="bbox 1029 569 1826 608">
    <p class='ocr_par' dir='ltr' id='par_1_42' title="bbox 1029 569 1826 608">
     <span class='ocr_line' id='line_1_42' title="bbox 1029 569 1826 608; baseline -0.004 -8"><span class='ocrx_word' id='word_1_324' title='bbox 1029 573 1084 600; x_wconf 79' lang='grc' dir='ltr'><strong>τῶν</strong></span> <span class='ocrx_word' id='word_1_325' title='bbox 1108 572 1194 600; x_wconf 77' lang='grc' dir='ltr'>ἄλλων</span> <span class='ocrx_word' id='word_1_326' title='bbox 1218 573 1299 605; x_wconf 84' lang='grc' dir='ltr'>αὐτὸς</span> <span class='ocrx_word' id='word_1_327' title='bbox 1325 572 1447 608; x_wconf 83' lang='grc' dir='ltr'><strong>μετοχῶν</strong></span> <span class='ocrx_word' id='word_1_328' title='bbox 1467 571 1498 598; x_wconf 86' lang='grc' dir='ltr'><strong>τὸ</strong></span> <span class='ocrx_word' id='word_1_329' title='bbox 1521 569 1590 598; x_wconf 84' lang='grc' dir='ltr'>εἶναι</span> <span class='ocrx_word' id='word_1_330' title='bbox 1615 570 1826 606; x_wconf 81' lang='grc' dir='ltr'>κεκληρωμένα.</span> 
     </span>
    </p>
   </div>
   <div class='ocr_carea' id='block_1_43' title="bbox 1037 615 1826 655">
    <p class='ocr_par' dir='ltr' id='par_1_43' title="bbox 1037 615 1826 655">
     <span class='ocr_line' id='line_1_43' title="bbox 1037 615 1826 655; baseline -0.004 -9"><span class='ocrx_word' id='word_1_331' title='bbox 1037 619 1150 646; x_wconf 79' lang='grc' dir='ltr'>’Υπύοου</span> <span class='ocrx_word' id='word_1_332' title='bbox 1163 619 1217 655; x_wconf 85' lang='grc' dir='ltr'><strong>γὰρ</strong></span> <span class='ocrx_word' id='word_1_333' title='bbox 1230 619 1372 655; x_wconf 76' lang='grc' dir='ltr'>ἄνθρωπον</span> <span class='ocrx_word' id='word_1_334' title='bbox 1383 627 1389 633; x_wconf 92' lang='grc'>·</span> <span class='ocrx_word' id='word_1_335' title='bbox 1403 618 1481 650; x_wconf 74' lang='grc' dir='ltr'>οὗτος</span> <span class='ocrx_word' id='word_1_336' title='bbox 1493 617 1524 644; x_wconf 87' lang='grc' dir='ltr'><strong>τὸ</strong></span> <span class='ocrx_word' id='word_1_337' title='bbox 1536 615 1606 644; x_wconf 81' lang='grc' dir='ltr'>εῖναι</span> <span class='ocrx_word' id='word_1_338' title='bbox 1624 616 1731 653; x_wconf 83' lang='grc' dir='ltr'>πρῶτον</span> <span class='ocrx_word' id='word_1_339' title='bbox 1743 617 1826 652; x_wconf 76' lang='grc' dir='ltr'>ἔχων,</span> 
     </span>
    </p>
   </div>
   <div class='ocr_carea' id='block_1_44' title="bbox 1030 663 1826 703">
    <p class='ocr_par' dir='ltr' id='par_1_44' title="bbox 1030 663 1826 703">
     <span class='ocr_line' id='line_1_44' title="bbox 1030 663 1826 703; baseline -0.005 -9"><span class='ocrx_word' id='word_1_340' title='bbox 1030 667 1080 703; x_wconf 81' lang='grc' dir='ltr'><strong>ἥδη</strong></span> <span class='ocrx_word' id='word_1_341' title='bbox 1095 666 1151 702; x_wconf 80' lang='grc' dir='ltr'>ἔχει</span> <span class='ocrx_word' id='word_1_342' title='bbox 1173 666 1220 693; x_wconf 81' lang='grc' dir='ltr'><strong>καὶ</strong></span> <span class='ocrx_word' id='word_1_343' title='bbox 1233 666 1263 693; x_wconf 86' lang='grc' dir='ltr'><strong>τὸ</strong></span> <span class='ocrx_word' id='word_1_344' title='bbox 1287 666 1348 702; x_wconf 83' lang='grc' dir='ltr'>ζῇν,</span> <span class='ocrx_word' id='word_1_345' title='bbox 1367 665 1414 692; x_wconf 73' lang='grc' dir='ltr'><strong>καὶ</strong></span> <span class='ocrx_word' id='word_1_346' title='bbox 1426 665 1456 691; x_wconf 85' lang='grc' dir='ltr'><strong>τὸ</strong></span> <span class='ocrx_word' id='word_1_347' title='bbox 1469 663 1655 695; x_wconf 77' lang='grc' dir='ltr'>αἰσθάνεσθαι,</span> <span class='ocrx_word' id='word_1_348' title='bbox 1670 664 1716 690; x_wconf 79' lang='grc' dir='ltr'>καὶ</span> <span class='ocrx_word' id='word_1_349' title='bbox 1735 663 1766 690; x_wconf 87' lang='grc' dir='ltr'><strong>τὸ</strong></span> <span class='ocrx_word' id='word_1_350' title='bbox 1779 663 1826 690; x_wconf 89' lang='grc' dir='ltr'>λο-</span> 
     </span>
    </p>
   </div>
   <div class='ocr_carea' id='block_1_45' title="bbox 1030 708 1826 747">
    <p class='ocr_par' dir='ltr' id='par_1_45' title="bbox 1030 708 1826 747">
     <span class='ocr_line' id='line_1_45' title="bbox 1030 708 1826 747; baseline -0.003 -8"><span class='ocrx_word' id='word_1_351' title='bbox 1030 712 1155 746; x_wconf 79' lang='grc' dir='ltr'>γίζεσθαι</span> <span class='ocrx_word' id='word_1_352' title='bbox 1167 720 1173 727; x_wconf 94' lang='grc'><strong>·</strong></span> <span class='ocrx_word' id='word_1_353' title='bbox 1188 712 1236 739; x_wconf 82' lang='grc' dir='ltr'>καὶ</span> <span class='ocrx_word' id='word_1_354' title='bbox 1249 711 1273 738; x_wconf 72' lang='grc' dir='ltr'><strong>οἱ</strong></span> <span class='ocrx_word' id='word_1_355' title='bbox 1287 711 1397 747; x_wconf 81' lang='grc' dir='ltr'><strong>ἀόρατοι</strong></span> <span class='ocrx_word' id='word_1_356' title='bbox 1411 711 1470 743; x_wconf 84' lang='grc' dir='ltr'>νόες</span> <span class='ocrx_word' id='word_1_357' title='bbox 1492 709 1595 746; x_wconf 75' lang='grc' dir='ltr'>πρῶτοι</span> <span class='ocrx_word' id='word_1_358' title='bbox 1611 709 1658 737; x_wconf 83' lang='grc' dir='ltr'><strong>τοῦ</strong></span> <span class='ocrx_word' id='word_1_359' title='bbox 1672 708 1741 737; x_wconf 87' lang='grc' dir='ltr'>εἶναι</span> <span class='ocrx_word' id='word_1_360' title='bbox 1756 719 1826 746; x_wconf 85' lang='grc' dir='ltr'>μετ-</span> 
     </span>
    </p>
   </div>
   <div class='ocr_carea' id='block_1_46' title="bbox 1030 756 1827 794">
    <p class='ocr_par' dir='ltr' id='par_1_46' title="bbox 1030 756 1827 794">
     <span class='ocr_line' id='line_1_46' title="bbox 1030 756 1827 794; baseline -0.003 -9"><span class='ocrx_word' id='word_1_361' title='bbox 1030 758 1117 794; x_wconf 81' lang='grc' dir='ltr'>έσχον,</span> <span class='ocrx_word' id='word_1_362' title='bbox 1132 758 1179 785; x_wconf 80' lang='grc' dir='ltr'>καὶ</span> <span class='ocrx_word' id='word_1_363' title='bbox 1191 758 1263 785; x_wconf 77' lang='grc' dir='ltr'>οὕτω</span> <span class='ocrx_word' id='word_1_364' title='bbox 1271 757 1344 793; x_wconf 83' lang='grc' dir='ltr'><strong>ζωῆς</strong></span> <span class='ocrx_word' id='word_1_365' title='bbox 1357 758 1404 784; x_wconf 70' lang='grc' dir='ltr'>καὶ</span> <span class='ocrx_word' id='word_1_366' title='bbox 1417 756 1523 792; x_wconf 83' lang='grc' dir='ltr'>σοφίας.</span> <span class='ocrx_word' id='word_1_367' title='bbox 1537 756 1629 784; x_wconf 74' lang='grc' dir='ltr'>Ταῦτα</span> <span class='ocrx_word' id='word_1_368' title='bbox 1643 756 1672 783; x_wconf 82' lang='grc' dir='ltr'><strong>δὲ</strong></span> <span class='ocrx_word' id='word_1_369' title='bbox 1692 757 1740 784; x_wconf 73' lang='grc' dir='ltr'><strong>καὶ</strong></span> <span class='ocrx_word' id='word_1_370' title='bbox 1761 757 1827 783; x_wconf 81' lang='grc' dir='ltr'>κατ’</span> 
     </span>
    </p>
   </div>
   <div class='ocr_carea' id='block_1_47' title="bbox 1030 801 1828 840">
    <p class='ocr_par' dir='ltr' id='par_1_47' title="bbox 1030 801 1828 840">
     <span class='ocr_line' id='line_1_47' title="bbox 1030 801 1828 840; baseline -0.005 -9"><span class='ocrx_word' id='word_1_371' title='bbox 1030 805 1150 832; x_wconf 74' lang='grc' dir='ltr'>ἐπίνοιαν</span> <span class='ocrx_word' id='word_1_372' title='bbox 1165 804 1330 840; x_wconf 81' lang='grc' dir='ltr'><strong>μερίζονται.</strong></span> <span class='ocrx_word' id='word_1_373' title='bbox 1347 803 1452 839; x_wconf 84' lang='grc' dir='ltr'>Ὠσπερ</span> <span class='ocrx_word' id='word_1_374' title='bbox 1464 803 1530 838; x_wconf 82' lang='grc' dir='ltr'>γοῦν</span> <span class='ocrx_word' id='word_1_375' title='bbox 1549 803 1592 838; x_wconf 73' lang='grc' dir='ltr'><strong>ἐφ’</strong></span> <span class='ocrx_word' id='word_1_376' title='bbox 1606 802 1684 838; x_wconf 82' lang='grc' dir='ltr'>ἡμῶν</span> <span class='ocrx_word' id='word_1_377' title='bbox 1698 801 1794 837; x_wconf 82' lang='grc' dir='ltr'><strong>πρώτη</strong></span> <span class='ocrx_word' id='word_1_378' title='bbox 1807 802 1828 837; x_wconf 79' lang='grc' dir='ltr'><strong>ἡ</strong></span> 
     </span>
    </p>
   </div>
   <div class='ocr_carea' id='block_1_48' title="bbox 1031 847 1828 887">
    <p class='ocr_par' dir='ltr' id='par_1_48' title="bbox 1031 847 1828 887">
     <span class='ocr_line' id='line_1_48' title="bbox 1031 847 1828 887; baseline -0.005 -9"><span class='ocrx_word' id='word_1_379' title='bbox 1031 851 1080 887; x_wconf 81' lang='grc' dir='ltr'><strong>ὕλη</strong></span> <span class='ocrx_word' id='word_1_380' title='bbox 1093 852 1241 878; x_wconf 72' lang='grc' dir='ltr'><strong>ἐπινοεῖται</strong></span> <span class='ocrx_word' id='word_1_381' title='bbox 1255 850 1302 885; x_wconf 82' lang='grc' dir='ltr'><strong>ἀφ’</strong></span> <span class='ocrx_word' id='word_1_382' title='bbox 1312 847 1347 887; x_wconf 78' lang='grc' dir='ltr'><strong>ἦς</strong></span> <span class='ocrx_word' id='word_1_383' title='bbox 1359 851 1453 886; x_wconf 75' lang='grc' dir='ltr'>ἐσμεν,</span> <span class='ocrx_word' id='word_1_384' title='bbox 1467 849 1554 882; x_wconf 80' lang='grc' dir='ltr'>οὕτως</span> <span class='ocrx_word' id='word_1_385' title='bbox 1578 849 1625 876; x_wconf 70' lang='grc' dir='ltr'><strong>ἐπὶ</strong></span> <span class='ocrx_word' id='word_1_386' title='bbox 1638 848 1692 875; x_wconf 83' lang='grc' dir='ltr'><strong>τῶν</strong></span> <span class='ocrx_word' id='word_1_387' title='bbox 1711 847 1828 880; x_wconf 81' lang='grc' dir='ltr'>ἀσωμά-</span> 
     </span>
    </p>
   </div>
   <div class='ocr_carea' id='block_1_49' title="bbox 1029 893 1827 932">
    <p class='ocr_par' dir='ltr' id='par_1_49' title="bbox 1029 893 1827 932">
     <span class='ocr_line' id='line_1_49' title="bbox 1029 893 1827 932; baseline -0.006 -7"><span class='ocrx_word' id='word_1_388' title='bbox 1029 906 1084 925; x_wconf 80' lang='grc' dir='ltr'><strong>των</strong></span> <span class='ocrx_word' id='word_1_389' title='bbox 1096 897 1175 929; x_wconf 82' lang='grc' dir='ltr'>νοῶν,</span> <span class='ocrx_word' id='word_1_390' title='bbox 1189 897 1270 924; x_wconf 77' lang='grc' dir='ltr'>οἱονεὶ</span> <span class='ocrx_word' id='word_1_391' title='bbox 1282 896 1331 932; x_wconf 81' lang='grc' dir='ltr'><strong>ὓλη</strong></span> <span class='ocrx_word' id='word_1_392' title='bbox 1345 897 1446 923; x_wconf 82' lang='grc' dir='ltr'>νοεῖται</span> <span class='ocrx_word' id='word_1_393' title='bbox 1470 895 1536 923; x_wconf 81' lang='grc' dir='ltr'>αὐτὸ</span> <span class='ocrx_word' id='word_1_394' title='bbox 1556 894 1587 922; x_wconf 85' lang='grc' dir='ltr'><strong>τὸ</strong></span> <span class='ocrx_word' id='word_1_395' title='bbox 1598 894 1628 922; x_wconf 76' lang='grc' dir='ltr'>ὃν</span> <span class='ocrx_word' id='word_1_396' title='bbox 1651 895 1767 922; x_wconf 77' lang='grc' dir='ltr'><strong>ἑκάστου</strong></span> <span class='ocrx_word' id='word_1_397' title='bbox 1780 893 1827 920; x_wconf 78' lang='grc' dir='ltr'><strong>διὰ</strong></span> 
     </span>
    </p>
   </div>
   <div class='ocr_carea' id='block_1_50' title="bbox 1030 940 1825 979">
    <p class='ocr_par' dir='ltr' id='par_1_50' title="bbox 1030 940 1825 979">
     <span class='ocr_line' id='line_1_50' title="bbox 1030 940 1825 979; baseline -0.006 -8"><span class='ocrx_word' id='word_1_398' title='bbox 1030 943 1104 979; x_wconf 76' lang='grc' dir='ltr'>ζωῆς</span> <span class='ocrx_word' id='word_1_399' title='bbox 1115 941 1194 975; x_wconf 79' lang='grc' dir='ltr'>εἶδος,</span> <span class='ocrx_word' id='word_1_400' title='bbox 1209 943 1256 970; x_wconf 77' lang='grc' dir='ltr'><strong>καὶ</strong></span> <span class='ocrx_word' id='word_1_401' title='bbox 1270 942 1336 970; x_wconf 62' lang='grc' dir='ltr'>καθὸ</span> <span class='ocrx_word' id='word_1_402' title='bbox 1349 942 1478 969; x_wconf 84' lang='grc' dir='ltr'>οὺσιωται</span> <span class='ocrx_word' id='word_1_403' title='bbox 1491 943 1531 974; x_wconf 77' lang='grc' dir='ltr'>εις</span> <span class='ocrx_word' id='word_1_404' title='bbox 1545 940 1628 977; x_wconf 82' lang='grc' dir='ltr'>ζωὴν,</span> <span class='ocrx_word' id='word_1_405' title='bbox 1643 941 1691 968; x_wconf 81' lang='grc' dir='ltr'>καὶ</span> <span class='ocrx_word' id='word_1_406' title='bbox 1715 940 1825 974; x_wconf 80' lang='grc' dir='ltr'>σοφίαν,</span> 
     </span>
    </p>
   </div>
   <div class='ocr_carea' id='block_1_51' title="bbox 1029 986 1827 1026">
    <p class='ocr_par' dir='ltr' id='par_1_51' title="bbox 1029 986 1827 1026">
     <span class='ocr_line' id='line_1_51' title="bbox 1029 986 1827 1026; baseline -0.005 -10"><span class='ocrx_word' id='word_1_407' title='bbox 1029 990 1077 1017; x_wconf 70' lang='grc' dir='ltr'><strong>καὶ</strong></span> <span class='ocrx_word' id='word_1_408' title='bbox 1088 990 1137 1026; x_wconf 86' lang='grc' dir='ltr'>τὴν</span> <span class='ocrx_word' id='word_1_409' title='bbox 1150 989 1218 1025; x_wconf 83' lang='grc' dir='ltr'>πρὸς</span> <span class='ocrx_word' id='word_1_410' title='bbox 1231 989 1261 1016; x_wconf 86' lang='grc' dir='ltr'><strong>τὸ</strong></span> <span class='ocrx_word' id='word_1_411' title='bbox 1274 989 1351 1016; x_wconf 71' lang='grc' dir='ltr'>Θεῐοιν</span> <span class='ocrx_word' id='word_1_412' title='bbox 1363 989 1520 1025; x_wconf 83' lang='grc' dir='ltr'>ὁμοιότητα.</span> <span class='ocrx_word' id='word_1_413' title='bbox 1533 988 1582 1015; x_wconf 79' lang='grc' dir='ltr'><strong>Διὰ</strong></span> <span class='ocrx_word' id='word_1_414' title='bbox 1593 986 1672 1014; x_wconf 80' lang='grc' dir='ltr'>τοῦτο</span> <span class='ocrx_word' id='word_1_415' title='bbox 1684 987 1768 1021; x_wconf 84' lang='grc' dir='ltr'>λέγει,</span> <span class='ocrx_word' id='word_1_416' title='bbox 1782 986 1827 1013; x_wconf 80' lang='grc' dir='ltr'>ὅτι</span> 
     </span>
    </p>
   </div>
   <div class='ocr_carea' id='block_1_52' title="bbox 1031 1032 1827 1071">
    <p class='ocr_par' dir='ltr' id='par_1_52' title="bbox 1031 1032 1827 1071">
     <span class='ocr_line' id='line_1_52' title="bbox 1031 1032 1827 1071; baseline -0.004 -9"><span class='ocrx_word' id='word_1_417' title='bbox 1031 1036 1078 1062; x_wconf 77' lang='grc' dir='ltr'>καὶ</span> <span class='ocrx_word' id='word_1_418' title='bbox 1091 1036 1149 1062; x_wconf 83' lang='grc' dir='ltr'>κατ’</span> <span class='ocrx_word' id='word_1_419' title='bbox 1163 1035 1228 1062; x_wconf 67' lang='grc' dir='ltr'>αὐτὸ</span> <span class='ocrx_word' id='word_1_420' title='bbox 1241 1036 1271 1062; x_wconf 90' lang='grc' dir='ltr'><strong>τὸ</strong></span> <span class='ocrx_word' id='word_1_421' title='bbox 1284 1033 1354 1063; x_wconf 80' lang='grc' dir='ltr'>εἶναι</span> <span class='ocrx_word' id='word_1_422' title='bbox 1368 1035 1552 1071; x_wconf 76' lang='grc' dir='ltr'>πρεσϐύτερόν</span> <span class='ocrx_word' id='word_1_423' title='bbox 1564 1035 1622 1061; x_wconf 76' lang='grc' dir='ltr'>ἐστι</span> <span class='ocrx_word' id='word_1_424' title='bbox 1635 1034 1666 1061; x_wconf 83' lang='grc' dir='ltr'><strong>τὸ</strong></span> <span class='ocrx_word' id='word_1_425' title='bbox 1682 1032 1827 1068; x_wconf 79' lang='grc' dir='ltr'>αὑτοζωῆν</span> 
     </span>
    </p>
   </div>
   <div class='ocr_carea' id='block_1_53' title="bbox 1032 1079 1827 1118">
    <p class='ocr_par' dir='ltr' id='par_1_53' title="bbox 1032 1079 1827 1118">
     <span class='ocr_line' id='line_1_53' title="bbox 1032 1079 1827 1118; baseline -0.004 -10"><span class='ocrx_word' id='word_1_426' title='bbox 1032 1079 1157 1109; x_wconf 72' lang='grc' dir='ltr'>εἶναικαὶ</span> <span class='ocrx_word' id='word_1_427' title='bbox 1169 1082 1344 1117; x_wconf 53' lang='grc' dir='ltr'>αὑτοσορίαν,</span> <span class='ocrx_word' id='word_1_428' title='bbox 1358 1082 1408 1118; x_wconf 84' lang='grc' dir='ltr'>οὐχ</span> <span class='ocrx_word' id='word_1_429' title='bbox 1418 1083 1460 1109; x_wconf 84' lang='grc' dir='ltr'>ὅτι</span> <span class='ocrx_word' id='word_1_430' title='bbox 1472 1082 1520 1109; x_wconf 70' lang='grc' dir='ltr'><strong>ἐπὶ</strong></span> <span class='ocrx_word' id='word_1_431' title='bbox 1533 1081 1601 1108; x_wconf 83' lang='grc' dir='ltr'>Θεοῦ</span> <span class='ocrx_word' id='word_1_432' title='bbox 1613 1082 1628 1108; x_wconf 86' lang='grc' dir='ltr'>ὁ</span> <span class='ocrx_word' id='word_1_433' title='bbox 1638 1080 1757 1111; x_wconf 76' lang='grc' dir='ltr'>τοιοῦτός</span> <span class='ocrx_word' id='word_1_434' title='bbox 1765 1080 1827 1106; x_wconf 75' lang='grc' dir='ltr'>ἐστι</span> 
     </span>
    </p>
   </div>
   <div class='ocr_carea' id='block_1_54' title="bbox 1034 1124 1828 1164">
    <p class='ocr_par' dir='ltr' id='par_1_54' title="bbox 1034 1124 1828 1164">
     <span class='ocr_line' id='line_1_54' title="bbox 1034 1124 1828 1164; baseline -0.004 -10"><span class='ocrx_word' id='word_1_435' title='bbox 1034 1127 1180 1164; x_wconf 82' lang='grc' dir='ltr'>μερισμὸς,</span> <span class='ocrx_word' id='word_1_436' title='bbox 1193 1127 1211 1164; x_wconf 75' lang='grc' dir='ltr'>ἦ</span> <span class='ocrx_word' id='word_1_437' title='bbox 1224 1127 1355 1164; x_wconf 82' lang='grc' dir='ltr'>ἀπλῶς,ἥ</span> <span class='ocrx_word' id='word_1_438' title='bbox 1368 1129 1427 1154; x_wconf 80' lang='grc' dir='ltr'>κατ’</span> <span class='ocrx_word' id='word_1_439' title='bbox 1440 1127 1570 1159; x_wconf 73' lang='grc' dir='ltr'>ἐπίνοιαν.</span> <span class='ocrx_word' id='word_1_440' title='bbox 1585 1126 1685 1161; x_wconf 76' lang='grc' dir='ltr'>ἄπαγε,</span> <span class='ocrx_word' id='word_1_441' title='bbox 1700 1125 1757 1152; x_wconf 83' lang='grc' dir='ltr'>ἀλλ’</span> <span class='ocrx_word' id='word_1_442' title='bbox 1770 1124 1828 1151; x_wconf 74' lang='grc' dir='ltr'>ἀπὸ</span> 
     </span>
    </p>
   </div>
   <div class='ocr_carea' id='block_1_55' title="bbox 1031 1172 1827 1211">
    <p class='ocr_par' dir='ltr' id='par_1_55' title="bbox 1031 1172 1827 1211">
     <span class='ocr_line' id='line_1_55' title="bbox 1031 1172 1827 1211; baseline -0.004 -10"><span class='ocrx_word' id='word_1_443' title='bbox 1031 1174 1138 1207; x_wconf 76' lang='grc' dir='ltr'>τούτου,</span> <span class='ocrx_word' id='word_1_444' title='bbox 1152 1174 1199 1201; x_wconf 78' lang='grc' dir='ltr'><strong>ὲπὶ</strong></span> <span class='ocrx_word' id='word_1_445' title='bbox 1214 1174 1268 1201; x_wconf 85' lang='grc' dir='ltr'><strong>τῶν</strong></span> <span class='ocrx_word' id='word_1_446' title='bbox 1282 1175 1312 1207; x_wconf 78' lang='grc' dir='ltr'>ἐξ</span> <span class='ocrx_word' id='word_1_447' title='bbox 1325 1175 1407 1202; x_wconf 84' lang='grc' dir='ltr'>αὑτοῦ</span> <span class='ocrx_word' id='word_1_448' title='bbox 1420 1173 1624 1211; x_wconf 77' lang='grc' dir='ltr'><strong>δημιουργικῶς</strong></span> <span class='ocrx_word' id='word_1_449' title='bbox 1648 1172 1827 1199; x_wconf 79' lang='grc' dir='ltr'>ὑποστάντων</span> 
     </span>
    </p>
   </div>
   <div class='ocr_carea' id='block_1_56' title="bbox 1033 1216 1827 1254">
    <p class='ocr_par' dir='ltr' id='par_1_56' title="bbox 1033 1216 1827 1254">
     <span class='ocr_line' id='line_1_56' title="bbox 1033 1216 1827 1254; baseline -0.001 -8"><span class='ocrx_word' id='word_1_450' title='bbox 1033 1219 1170 1252; x_wconf 84' lang='grc' dir='ltr'>ἁπάντων,</span> <span class='ocrx_word' id='word_1_451' title='bbox 1182 1220 1268 1247; x_wconf 81' lang='grc' dir='ltr'>ταῦτα</span> <span class='ocrx_word' id='word_1_452' title='bbox 1283 1220 1415 1247; x_wconf 83' lang='grc' dir='ltr'>νοοῦνται.</span> <span class='ocrx_word' id='word_1_453' title='bbox 1430 1220 1550 1251; x_wconf 76' lang='grc' dir='ltr'><strong>Εἰκότως</strong></span> <span class='ocrx_word' id='word_1_454' title='bbox 1563 1216 1610 1246; x_wconf 81' lang='grc' dir='ltr'>οὖν</span> <span class='ocrx_word' id='word_1_455' title='bbox 1634 1218 1688 1254; x_wconf 83' lang='grc' dir='ltr'><strong>πρὸ</strong></span> <span class='ocrx_word' id='word_1_456' title='bbox 1700 1218 1754 1245; x_wconf 84' lang='grc' dir='ltr'>τῶν</span> <span class='ocrx_word' id='word_1_457' title='bbox 1778 1218 1827 1245; x_wconf 82' lang='grc' dir='ltr'>ἆλ-</span> 
     </span>
    </p>
   </div>
   <div class='ocr_carea' id='block_1_57' title="bbox 1033 1262 1826 1302">
    <p class='ocr_par' dir='ltr' id='par_1_57' title="bbox 1033 1262 1826 1302">
     <span class='ocr_line' id='line_1_57' title="bbox 1033 1262 1826 1302; baseline 0 -11"><span class='ocrx_word' id='word_1_458' title='bbox 1033 1265 1087 1292; x_wconf 85' lang='grc' dir='ltr'><strong>λων</strong></span> <span class='ocrx_word' id='word_1_459' title='bbox 1099 1262 1136 1294; x_wconf 82' lang='grc' dir='ltr'>ὧν</span> <span class='ocrx_word' id='word_1_460' title='bbox 1154 1266 1262 1302; x_wconf 85' lang='grc' dir='ltr'>μετέχει</span> <span class='ocrx_word' id='word_1_461' title='bbox 1272 1266 1307 1293; x_wconf 83' lang='grc' dir='ltr'>τὰ</span> <span class='ocrx_word' id='word_1_462' title='bbox 1330 1266 1394 1293; x_wconf 72' lang='grc' dir='ltr'>ὅντα</span> <span class='ocrx_word' id='word_1_463' title='bbox 1419 1266 1467 1293; x_wconf 86' lang='grc' dir='ltr'><strong>τοῦ</strong></span> <span class='ocrx_word' id='word_1_464' title='bbox 1480 1265 1559 1297; x_wconf 83' lang='grc' dir='ltr'>Θεοῦ,</span> <span class='ocrx_word' id='word_1_465' title='bbox 1584 1265 1756 1302; x_wconf 75' lang='grc' dir='ltr'>πρεσϐυτέρα</span> <span class='ocrx_word' id='word_1_466' title='bbox 1782 1274 1826 1297; x_wconf 82' lang='grc' dir='ltr'><strong>τις</strong></span> 
     </span>
    </p>
   </div>
   <div class='ocr_carea' id='block_1_58' title="bbox 1032 1307 1826 1350">
    <p class='ocr_par' dir='ltr' id='par_1_58' title="bbox 1032 1307 1826 1350">
     <span class='ocr_line' id='line_1_58' title="bbox 1032 1307 1826 1350; baseline -0.004 -9"><span class='ocrx_word' id='word_1_467' title='bbox 1032 1313 1104 1350; x_wconf 78' lang='grc' dir='ltr'><strong>ἀρχὴ</strong></span> <span class='ocrx_word' id='word_1_468' title='bbox 1125 1314 1142 1349; x_wconf 82' lang='grc' dir='ltr'><strong>ἡ</strong></span> <span class='ocrx_word' id='word_1_469' title='bbox 1164 1313 1211 1340; x_wconf 85' lang='grc' dir='ltr'><strong>τοῦ</strong></span> <span class='ocrx_word' id='word_1_470' title='bbox 1225 1311 1294 1340; x_wconf 74' lang='grc' dir='ltr'>εἶναι</span> <span class='ocrx_word' id='word_1_471' title='bbox 1308 1307 1456 1340; x_wconf 70' lang='grc' dir='ltr'>ὲτῖινοεϊται</span> <span class='ocrx_word' id='word_1_472' title='bbox 1474 1312 1556 1344; x_wconf 85' lang='grc' dir='ltr'>αὐτὸς</span> <span class='ocrx_word' id='word_1_473' title='bbox 1577 1313 1591 1338; x_wconf 85' lang='grc' dir='ltr'>ὁ</span> <span class='ocrx_word' id='word_1_474' title='bbox 1615 1311 1690 1344; x_wconf 84' lang='grc' dir='ltr'>Θεός.</span> <span class='ocrx_word' id='word_1_475' title='bbox 1705 1311 1745 1338; x_wconf 74' lang='grc' dir='ltr'>Τὰ</span> <span class='ocrx_word' id='word_1_476' title='bbox 1758 1311 1826 1346; x_wconf 78' lang='grc' dir='ltr'>γοῦν</span> 
     </span>
    </p>
   </div>
   <div class='ocr_carea' id='block_1_59' title="bbox 1032 1357 1827 1395">
    <p class='ocr_par' dir='ltr' id='par_1_59' title="bbox 1032 1357 1827 1395">
     <span class='ocr_line' id='line_1_59' title="bbox 1032 1357 1827 1395; baseline -0.003 -8"><span class='ocrx_word' id='word_1_477' title='bbox 1032 1361 1088 1393; x_wconf 73' lang='grc' dir='ltr'>τοῖς</span> <span class='ocrx_word' id='word_1_478' title='bbox 1101 1360 1233 1392; x_wconf 72' lang='grc' dir='ltr'>αἰτιατοῖς</span> <span class='ocrx_word' id='word_1_479' title='bbox 1247 1359 1426 1395; x_wconf 69' lang='grc' dir='ltr'>ὲπινοοῦμενα</span> <span class='ocrx_word' id='word_1_480' title='bbox 1439 1359 1478 1395; x_wconf 81' lang='grc' dir='ltr'>τῷ</span> <span class='ocrx_word' id='word_1_481' title='bbox 1491 1359 1570 1394; x_wconf 76' lang='grc' dir='ltr'>αἰτίῳ</span> <span class='ocrx_word' id='word_1_482' title='bbox 1593 1357 1756 1394; x_wconf 77' lang='grc' dir='ltr'><strong>προσάπτει,</strong></span> <span class='ocrx_word' id='word_1_483' title='bbox 1780 1358 1827 1385; x_wconf 78' lang='grc' dir='ltr'>διά.</span> 
     </span>
    </p>
   </div>
   <div class='ocr_carea' id='block_1_60' title="bbox 1032 1403 1827 1441">
    <p class='ocr_par' dir='ltr' id='par_1_60' title="bbox 1032 1403 1827 1441">
     <span class='ocr_line' id='line_1_60' title="bbox 1032 1403 1827 1441; baseline -0.004 -9"><span class='ocrx_word' id='word_1_484' title='bbox 1032 1405 1112 1432; x_wconf 83' lang='grc' dir='ltr'>τοῦτο</span> <span class='ocrx_word' id='word_1_485' title='bbox 1124 1405 1171 1432; x_wconf 79' lang='grc' dir='ltr'><strong>καὶ</strong></span> <span class='ocrx_word' id='word_1_486' title='bbox 1186 1405 1255 1441; x_wconf 82' lang='grc' dir='ltr'>μετὰ</span> <span class='ocrx_word' id='word_1_487' title='bbox 1267 1405 1317 1441; x_wconf 82' lang='grc' dir='ltr'>τῆς</span> <span class='ocrx_word' id='word_1_488' title='bbox 1328 1405 1412 1441; x_wconf 82' lang='grc' dir='ltr'>αὐτῆς</span> <span class='ocrx_word' id='word_1_489' title='bbox 1424 1404 1523 1438; x_wconf 77' lang='grc' dir='ltr'>λέξεως</span> <span class='ocrx_word' id='word_1_490' title='bbox 1534 1404 1642 1440; x_wconf 81' lang='grc' dir='ltr'>τίθησιν</span> <span class='ocrx_word' id='word_1_491' title='bbox 1656 1404 1706 1430; x_wconf 81' lang='grc' dir='ltr'>ὅσα</span> <span class='ocrx_word' id='word_1_492' title='bbox 1715 1403 1827 1440; x_wconf 78' lang='grc' dir='ltr'>τίθησιν</span> 
     </span>
    </p>
   </div>
   <div class='ocr_carea' id='block_1_61' title="bbox 1032 1450 1827 1487">
    <p class='ocr_par' dir='ltr' id='par_1_61' title="bbox 1032 1450 1827 1487">
     <span class='ocr_line' id='line_1_61' title="bbox 1032 1450 1827 1487; baseline 0 -9"><span class='ocrx_word' id='word_1_493' title='bbox 1032 1451 1070 1484; x_wconf 88' lang='grc' dir='ltr'><strong>ὡς</strong></span> <span class='ocrx_word' id='word_1_494' title='bbox 1083 1452 1130 1478; x_wconf 77' lang='grc' dir='ltr'><strong>ἐπὶ</strong></span> <span class='ocrx_word' id='word_1_495' title='bbox 1140 1451 1207 1478; x_wconf 85' lang='grc' dir='ltr'>Θεοῦ</span> <span class='ocrx_word' id='word_1_496' title='bbox 1221 1451 1354 1487; x_wconf 84' lang='grc' dir='ltr'>λεγόμενα</span> <span class='ocrx_word' id='word_1_497' title='bbox 1366 1460 1372 1466; x_wconf 90' lang='grc'>·</span> <span class='ocrx_word' id='word_1_498' title='bbox 1385 1451 1479 1487; x_wconf 85' lang='grc' dir='ltr'>ὥσπερ</span> <span class='ocrx_word' id='word_1_499' title='bbox 1492 1451 1538 1478; x_wconf 76' lang='grc' dir='ltr'>καὶ</span> <span class='ocrx_word' id='word_1_500' title='bbox 1549 1450 1599 1487; x_wconf 83' lang='grc' dir='ltr'><strong>τὴν</strong></span> <span class='ocrx_word' id='word_1_501' title='bbox 1612 1451 1827 1486; x_wconf 79' lang='grc' dir='ltr'>αὺτοομοιὸτητα</span> 
     </span>
    </p>
   </div>
   <div class='ocr_carea' id='block_1_62' title="bbox 1033 1490 1825 1533">
    <p class='ocr_par' dir='ltr' id='par_1_62' title="bbox 1033 1490 1825 1533">
     <span class='ocr_line' id='line_1_62' title="bbox 1033 1490 1825 1533; baseline -0.003 -9"><span class='ocrx_word' id='word_1_502' title='bbox 1033 1497 1093 1525; x_wconf 82' lang='grc' dir='ltr'>καθ’</span> <span class='ocrx_word' id='word_1_503' title='bbox 1107 1497 1140 1533; x_wconf 80' lang='grc' dir='ltr'>ἢν</span> <span class='ocrx_word' id='word_1_504' title='bbox 1156 1497 1196 1533; x_wconf 83' lang='grc' dir='ltr'>τῷ</span> <span class='ocrx_word' id='word_1_505' title='bbox 1210 1497 1268 1533; x_wconf 85' lang='grc' dir='ltr'><strong>Θεῷ</strong></span> <span class='ocrx_word' id='word_1_506' title='bbox 1282 1497 1437 1533; x_wconf 74' lang='grc' dir='ltr'>ὁμοιοῦν-ται</span> <span class='ocrx_word' id='word_1_507' title='bbox 1455 1490 1638 1533; x_wconf 69' lang='grc' dir='ltr'>οίπροσεχεῖς</span> <span class='ocrx_word' id='word_1_508' title='bbox 1660 1496 1734 1531; x_wconf 87' lang='grc' dir='ltr'><strong>αὺτῷ</strong></span> <span class='ocrx_word' id='word_1_509' title='bbox 1752 1497 1825 1529; x_wconf 83' lang='grc' dir='ltr'>νόες,</span> 
     </span>
    </p>
   </div>
   <div class='ocr_carea' id='block_1_63' title="bbox 1035 1541 1826 1581">
    <p class='ocr_par' dir='ltr' id='par_1_63' title="bbox 1035 1541 1826 1581">
     <span class='ocr_line' id='line_1_63' title="bbox 1035 1541 1826 1581; baseline -0.004 -9"><span class='ocrx_word' id='word_1_510' title='bbox 1035 1544 1134 1581; x_wconf 76' lang='grc' dir='ltr'>μᾶλλον</span> <span class='ocrx_word' id='word_1_511' title='bbox 1153 1544 1181 1571; x_wconf 78' lang='grc' dir='ltr'><strong>δὲ</strong></span> <span class='ocrx_word' id='word_1_512' title='bbox 1198 1543 1245 1570; x_wconf 74' lang='grc' dir='ltr'><strong>καὶ</strong></span> <span class='ocrx_word' id='word_1_513' title='bbox 1269 1544 1365 1576; x_wconf 78' lang='grc' dir='ltr'>ταῦτα,</span> <span class='ocrx_word' id='word_1_514' title='bbox 1383 1541 1420 1570; x_wconf 87' lang='grc' dir='ltr'>ὦν</span> <span class='ocrx_word' id='word_1_515' title='bbox 1436 1543 1470 1570; x_wconf 86' lang='grc' dir='ltr'>τὰ</span> <span class='ocrx_word' id='word_1_516' title='bbox 1492 1543 1557 1570; x_wconf 71' lang='grc' dir='ltr'>ὂντα</span> <span class='ocrx_word' id='word_1_517' title='bbox 1574 1543 1694 1579; x_wconf 75' lang='grc' dir='ltr'><strong>μετέχει,</strong></span> <span class='ocrx_word' id='word_1_518' title='bbox 1708 1543 1739 1570; x_wconf 83' lang='grc' dir='ltr'><strong>τὸ</strong></span> <span class='ocrx_word' id='word_1_519' title='bbox 1753 1541 1826 1570; x_wconf 65' lang='grc' dir='ltr'>εἶναι</span> 
     </span>
    </p>
   </div>
   <div class='ocr_carea' id='block_1_64' title="bbox 1031 1588 1825 1626">
    <p class='ocr_par' dir='ltr' id='par_1_64' title="bbox 1031 1588 1825 1626">
     <span class='ocr_line' id='line_1_64' title="bbox 1031 1588 1825 1626; baseline -0.004 -9"><span class='ocrx_word' id='word_1_520' title='bbox 1031 1590 1141 1626; x_wconf 85' lang='grc' dir='ltr'>δηλαδὴ,</span> <span class='ocrx_word' id='word_1_521' title='bbox 1156 1590 1187 1616; x_wconf 85' lang='grc' dir='ltr'><strong>τὸ</strong></span> <span class='ocrx_word' id='word_1_522' title='bbox 1198 1590 1343 1621; x_wconf 84' lang='grc' dir='ltr'>κινεῖσθαι,</span> <span class='ocrx_word' id='word_1_523' title='bbox 1354 1589 1385 1616; x_wconf 88' lang='grc' dir='ltr'><strong>τὸ</strong></span> <span class='ocrx_word' id='word_1_524' title='bbox 1395 1588 1561 1623; x_wconf 79' lang='grc' dir='ltr'>λογίζεσθαι,</span> <span class='ocrx_word' id='word_1_525' title='bbox 1577 1589 1625 1615; x_wconf 77' lang='grc' dir='ltr'>καὶ</span> <span class='ocrx_word' id='word_1_526' title='bbox 1645 1588 1679 1615; x_wconf 79' lang='grc' dir='ltr'>τὰ</span> <span class='ocrx_word' id='word_1_527' title='bbox 1699 1588 1825 1615; x_wconf 87' lang='grc' dir='ltr'>τοιαῦτα.</span> 
     </span>
    </p>
   </div>
   <div class='ocr_carea' id='block_1_65' title="bbox 1032 1632 1826 1671">
    <p class='ocr_par' dir='ltr' id='par_1_65' title="bbox 1032 1632 1826 1671">
     <span class='ocr_line' id='line_1_65' title="bbox 1032 1632 1826 1671; baseline -0.006 -5"><span class='ocrx_word' id='word_1_528' title='bbox 1032 1639 1088 1666; x_wconf 71' lang='grc' dir='ltr'>Καὶ</span> <span class='ocrx_word' id='word_1_529' title='bbox 1099 1637 1196 1671; x_wconf 84' lang='grc' dir='ltr'>ταῦτα,</span> <span class='ocrx_word' id='word_1_530' title='bbox 1217 1637 1285 1664; x_wconf 81' lang='grc' dir='ltr'>καοό</span> <span class='ocrx_word' id='word_1_531' title='bbox 1299 1638 1352 1664; x_wconf 79' lang='grc' dir='ltr'>εἱσι</span> <span class='ocrx_word' id='word_1_532' title='bbox 1364 1636 1411 1663; x_wconf 68' lang='grc' dir='ltr'><strong>καὶ</strong></span> <span class='ocrx_word' id='word_1_533' title='bbox 1424 1636 1562 1671; x_wconf 74' lang='grc' dir='ltr'>φαίνονται</span> <span class='ocrx_word' id='word_1_534' title='bbox 1582 1636 1612 1662; x_wconf 85' lang='grc' dir='ltr'>ἐν</span> <span class='ocrx_word' id='word_1_535' title='bbox 1626 1636 1683 1667; x_wconf 84' lang='grc' dir='ltr'>τοῖς</span> <span class='ocrx_word' id='word_1_536' title='bbox 1709 1632 1780 1666; x_wconf 74' lang='grc' dir='ltr'>οὖσι,</span> <span class='ocrx_word' id='word_1_537' title='bbox 1794 1634 1826 1661; x_wconf 77' lang='grc' dir='ltr'><strong>τὸ</strong></span> 
     </span>
    </p>
   </div>
   <div class='ocr_carea' id='block_1_66' title="bbox 1032 1677 1822 1719">
    <p class='ocr_par' dir='ltr' id='par_1_66' title="bbox 1032 1677 1822 1719">
     <span class='ocr_line' id='line_1_66' title="bbox 1032 1677 1822 1719; baseline -0.009 -7"><span class='ocrx_word' id='word_1_538' title='bbox 1032 1684 1097 1712; x_wconf 80' lang='grc' dir='ltr'>αὐτὸ</span> <span class='ocrx_word' id='word_1_539' title='bbox 1112 1681 1182 1711; x_wconf 82' lang='grc' dir='ltr'>εἶναι</span> <span class='ocrx_word' id='word_1_540' title='bbox 1201 1683 1320 1719; x_wconf 82' lang='grc' dir='ltr'><strong>μετέχει,</strong></span> <span class='ocrx_word' id='word_1_541' title='bbox 1333 1682 1371 1714; x_wconf 87' lang='grc' dir='ltr'><strong>ὡς</strong></span> <span class='ocrx_word' id='word_1_542' title='bbox 1394 1681 1424 1715; x_wconf 75' lang='grc' dir='ltr'>ἐξ</span> <span class='ocrx_word' id='word_1_543' title='bbox 1445 1680 1549 1708; x_wconf 78' lang='grc' dir='ltr'>ἐκείνου</span> <span class='ocrx_word' id='word_1_544' title='bbox 1577 1679 1624 1707; x_wconf 75' lang='grc' dir='ltr'><strong>καὶ</strong></span> <span class='ocrx_word' id='word_1_545' title='bbox 1642 1679 1711 1706; x_wconf 81' lang='grc' dir='ltr'>αὐτὰ</span> <span class='ocrx_word' id='word_1_546' title='bbox 1734 1677 1822 1706; x_wconf 76' lang='grc' dir='ltr'>εἶναι·</span> 
     </span>
    </p>
   </div>
   <div class='ocr_carea' id='block_1_67' title="bbox 193 1724 981 1772">
    <p class='ocr_par' dir='ltr' id='par_1_67' title="bbox 193 1724 980 1772">
     <span class='ocr_line' id='line_1_67' title="bbox 193 1724 980 1772; baseline 0 -8"><span class='ocrx_word' id='word_1_547' title='bbox 193 1742 222 1765; x_wconf 81' lang='lat' dir='ltr'><strong>et</strong></span> <span class='ocrx_word' id='word_1_548' title='bbox 236 1742 371 1772; x_wconf 83' lang='lat' dir='ltr'><strong>apparent</strong></span> <span class='ocrx_word' id='word_1_549' title='bbox 387 1738 412 1765; x_wconf 91' lang='lat' dir='ltr'><strong>in</strong></span> <span class='ocrx_word' id='word_1_550' title='bbox 430 1737 522 1770; x_wconf 84' lang='lat' dir='ltr'><strong>rebus,</strong></span> <span class='ocrx_word' id='word_1_551' title='bbox 554 1724 642 1772; x_wconf 82' lang='lat' dir='ltr'><strong>ipsum</strong></span> <span class='ocrx_word' id='word_1_552' title='bbox 668 1745 728 1765; x_wconf 89' lang='lat' dir='ltr'><strong>esse</strong></span> <span class='ocrx_word' id='word_1_553' title='bbox 751 1724 926 1772; x_wconf 72' lang='lat' dir='ltr'><strong>participant,</strong></span> <span class='ocrx_word' id='word_1_554' title='bbox 945 1737 980 1764; x_wconf 81' lang='lat' dir='ltr'><strong>ita</strong></span> 
     </span>
    </p>
   </div>
   <div class='ocr_carea' id='block_1_68' title="bbox 1032 1724 1825 1772">
    <p class='ocr_par' dir='ltr' id='par_1_68' title="bbox 1033 1724 1825 1760">
     <span class='ocr_line' id='line_1_68' title="bbox 1033 1724 1825 1760; baseline -0.009 -3"><span class='ocrx_word' id='word_1_555' title='bbox 1033 1731 1078 1757; x_wconf 75' lang='grc' dir='ltr'>καὶ</span> <span class='ocrx_word' id='word_1_556' title='bbox 1090 1728 1167 1757; x_wconf 75' lang='grc' dir='ltr'>οὐδέν</span> <span class='ocrx_word' id='word_1_557' title='bbox 1178 1730 1253 1755; x_wconf 75' lang='grc' dir='ltr'>ἐστιν</span> <span class='ocrx_word' id='word_1_558' title='bbox 1272 1728 1313 1760; x_wconf 77' lang='grc' dir='ltr'>ὃν,</span> <span class='ocrx_word' id='word_1_559' title='bbox 1334 1727 1387 1754; x_wconf 78' lang='grc' dir='ltr'>κᾶν</span> <span class='ocrx_word' id='word_1_560' title='bbox 1409 1725 1599 1757; x_wconf 80' lang='grc' dir='ltr'>ἐνυπόστατον,</span> <span class='ocrx_word' id='word_1_561' title='bbox 1621 1725 1674 1752; x_wconf 83' lang='grc' dir='ltr'><strong>κᾶν</strong></span> <span class='ocrx_word' id='word_1_562' title='bbox 1696 1726 1726 1751; x_wconf 77' lang='grc' dir='ltr'>ἐν</span> <span class='ocrx_word' id='word_1_563' title='bbox 1752 1724 1825 1760; x_wconf 80' lang='grc' dir='ltr'>ἄλλῳ</span> 
     </span>
    </p>
   </div>
   <div class='ocr_carea' id='block_1_69' title="bbox 193 1784 983 1819">
    <p class='ocr_par' dir='ltr' id='par_1_69' title="bbox 193 1784 983 1819">
     <span class='ocr_line' id='line_1_69' title="bbox 193 1784 983 1819; baseline 0 -8"><span class='ocrx_word' id='word_1_564' title='bbox 193 1788 225 1811; x_wconf 85' lang='grc' dir='ltr'>ιιι</span> <span class='ocrx_word' id='word_1_565' title='bbox 242 1791 274 1811; x_wconf 82' lang='lat' dir='ltr'><strong>ex</strong></span> <span class='ocrx_word' id='word_1_566' title='bbox 289 1791 323 1811; x_wconf 88' lang='lat' dir='ltr'><strong>eo</strong></span> <span class='ocrx_word' id='word_1_567' title='bbox 336 1784 419 1811; x_wconf 85' lang='lat' dir='ltr'><strong>etiam</strong></span> <span class='ocrx_word' id='word_1_568' title='bbox 435 1784 495 1819; x_wconf 83' lang='lat' dir='ltr'><strong>ipsa</strong></span> <span class='ocrx_word' id='word_1_569' title='bbox 519 1784 593 1818; x_wconf 82' lang='lat' dir='ltr'><strong>sint;</strong></span> <span class='ocrx_word' id='word_1_570' title='bbox 613 1788 641 1811; x_wconf 91' lang='lat' dir='ltr'><strong>et</strong></span> <span class='ocrx_word' id='word_1_571' title='bbox 655 1784 758 1812; x_wconf 87' lang='lat' dir='ltr'><strong>nullum</strong></span> <span class='ocrx_word' id='word_1_572' title='bbox 772 1789 814 1812; x_wconf 88' lang='lat' dir='ltr'><strong>est</strong></span> <span class='ocrx_word' id='word_1_573' title='bbox 825 1791 885 1816; x_wconf 89' lang='lat' dir='ltr'><strong>ens,</strong></span> <span class='ocrx_word' id='word_1_574' title='bbox 897 1792 983 1819; x_wconf 90' lang='lat' dir='ltr'><strong>quan-</strong></span> 
     </span>
    </p>
   </div>
   <div class='ocr_carea' id='block_1_70' title="bbox 193 1829 984 1866">
    <p class='ocr_par' dir='ltr' id='par_1_70' title="bbox 193 1829 984 1866">
     <span class='ocr_line' id='line_1_70' title="bbox 193 1829 984 1866; baseline 0.001 -9"><span class='ocrx_word' id='word_1_575' title='bbox 193 1830 294 1858; x_wconf 73' lang='lat' dir='ltr'><strong>tumvis</strong></span> <span class='ocrx_word' id='word_1_576' title='bbox 311 1830 474 1863; x_wconf 88' lang='lat' dir='ltr'><strong>subsistens,</strong></span> <span class='ocrx_word' id='word_1_577' title='bbox 495 1829 538 1858; x_wconf 85' lang='lat' dir='ltr'><strong>vel</strong></span> <span class='ocrx_word' id='word_1_578' title='bbox 554 1831 581 1858; x_wconf 88' lang='lat' dir='ltr'><strong>in</strong></span> <span class='ocrx_word' id='word_1_579' title='bbox 602 1830 688 1858; x_wconf 85' lang='lat' dir='ltr'><strong>altero</strong></span> <span class='ocrx_word' id='word_1_580' title='bbox 703 1830 904 1858; x_wconf 76' lang='lat' dir='ltr'><strong>consideratam</strong></span> <span class='ocrx_word' id='word_1_581' title='bbox 931 1830 984 1866; x_wconf 86' lang='lat' dir='ltr'><strong>(si-</strong></span> 
     </span>
    </p>
   </div>
   <div class='ocr_carea' id='block_1_71' title="bbox 192 1876 982 1912">
    <p class='ocr_par' dir='ltr' id='par_1_71' title="bbox 192 1876 982 1912">
     <span class='ocr_line' id='line_1_71' title="bbox 192 1876 982 1912; baseline -0.001 -7"><span class='ocrx_word' id='word_1_582' title='bbox 192 1877 303 1912; x_wconf 83' lang='lat' dir='ltr'><strong>quidem</strong></span> <span class='ocrx_word' id='word_1_583' title='bbox 317 1882 398 1905; x_wconf 75' lang='lat' dir='ltr'><strong>ettam</strong></span> <span class='ocrx_word' id='word_1_584' title='bbox 411 1877 483 1905; x_wconf 89' lang='lat' dir='ltr'><strong>entia</strong></span> <span class='ocrx_word' id='word_1_585' title='bbox 496 1885 544 1912; x_wconf 88' lang='lat' dir='ltr'><strong>per</strong></span> <span class='ocrx_word' id='word_1_586' title='bbox 559 1877 686 1904; x_wconf 88' lang='lat' dir='ltr'><strong>accidens</strong></span> <span class='ocrx_word' id='word_1_587' title='bbox 700 1881 766 1904; x_wconf 85' lang='lat' dir='ltr'><strong>sunt</strong></span> <span class='ocrx_word' id='word_1_588' title='bbox 778 1884 841 1911; x_wconf 75' lang='lat' dir='ltr'><strong>qua:</strong></span> <span class='ocrx_word' id='word_1_589' title='bbox 855 1877 882 1904; x_wconf 92' lang='lat' dir='ltr'><strong>in</strong></span> <span class='ocrx_word' id='word_1_590' title='bbox 895 1876 982 1904; x_wconf 88' lang='lat' dir='ltr'><strong>altero</strong></span> 
     </span>
    </p>
   </div>
   <div class='ocr_carea' id='block_1_72' title="bbox 193 1923 983 1960">
    <p class='ocr_par' dir='ltr' id='par_1_72' title="bbox 193 1923 983 1960">
     <span class='ocr_line' id='line_1_72' title="bbox 193 1923 983 1960; baseline -0.003 -8"><span class='ocrx_word' id='word_1_591' title='bbox 193 1924 416 1960; x_wconf 81' lang='lat' dir='ltr'><strong>considerantur)</strong></span> <span class='ocrx_word' id='word_1_592' title='bbox 431 1923 511 1958; x_wconf 85' lang='lat' dir='ltr'><strong>cujus</strong></span> <span class='ocrx_word' id='word_1_593' title='bbox 523 1924 642 1951; x_wconf 86' lang='lat' dir='ltr'><strong>essentia</strong></span> <span class='ocrx_word' id='word_1_594' title='bbox 656 1930 710 1950; x_wconf 90' lang='lat' dir='ltr'><strong>non</strong></span> <span class='ocrx_word' id='word_1_595' title='bbox 729 1924 765 1950; x_wconf 87' lang='lat' dir='ltr'><strong>sit</strong></span> <span class='ocrx_word' id='word_1_596' title='bbox 776 1923 921 1958; x_wconf 80' lang='lat' dir='ltr'><strong>ipsuntmet</strong></span> <span class='ocrx_word' id='word_1_597' title='bbox 935 1931 983 1958; x_wconf 81' lang='lat' dir='ltr'><strong>per</strong></span> 
     </span>
    </p>
   </div>
   <div class='ocr_carea' id='block_1_73' title="bbox 192 1970 983 2005">
    <p class='ocr_par' dir='ltr' id='par_1_73' title="bbox 192 1970 983 2005">
     <span class='ocr_line' id='line_1_73' title="bbox 192 1970 983 2005; baseline -0.003 -7"><span class='ocrx_word' id='word_1_598' title='bbox 192 1978 224 1999; x_wconf 88' lang='lat' dir='ltr'><strong>se</strong></span> <span class='ocrx_word' id='word_1_599' title='bbox 235 1978 295 1999; x_wconf 82' lang='lat' dir='ltr'><strong>esse</strong></span> <span class='ocrx_word' id='word_1_600' title='bbox 310 1970 368 1998; x_wconf 84' lang='lat' dir='ltr'><strong>Dei.</strong></span> <span class='ocrx_word' id='word_1_601' title='bbox 381 1971 493 1998; x_wconf 71' lang='lat' dir='ltr'><strong>Cteteris</strong></span> <span class='ocrx_word' id='word_1_602' title='bbox 507 1970 642 2001; x_wconf 80' lang='lat' dir='ltr'><strong>omnibus,</strong></span> <span class='ocrx_word' id='word_1_603' title='bbox 653 1971 719 2004; x_wconf 90' lang='lat' dir='ltr'><strong>vita,</strong></span> <span class='ocrx_word' id='word_1_604' title='bbox 736 1971 859 2005; x_wconf 80' lang='lat' dir='ltr'><strong>inquam,</strong></span> <span class='ocrx_word' id='word_1_605' title='bbox 871 1970 983 2005; x_wconf 79' lang='lat' dir='ltr'><strong>sapien-</strong></span> 
     </span>
    </p>
   </div>
   <div class='ocr_carea' id='block_1_74' title="bbox 194 2016 983 2052">
    <p class='ocr_par' dir='ltr' id='par_1_74' title="bbox 194 2016 983 2052">
     <span class='ocr_line' id='line_1_74' title="bbox 194 2016 983 2052; baseline -0.001 -8"><span class='ocrx_word' id='word_1_606' title='bbox 194 2017 244 2052; x_wconf 87' lang='lat' dir='ltr'><strong>tia,</strong></span> <span class='ocrx_word' id='word_1_607' title='bbox 261 2017 395 2050; x_wconf 88' lang='lat' dir='ltr'><strong>bonitate,</strong></span> <span class='ocrx_word' id='word_1_608' title='bbox 421 2016 604 2052; x_wconf 87' lang='lat' dir='ltr'><strong>antiquiorem</strong></span> <span class='ocrx_word' id='word_1_609' title='bbox 626 2017 729 2044; x_wconf 89' lang='lat' dir='ltr'><strong>habens</strong></span> <span class='ocrx_word' id='word_1_610' title='bbox 759 2016 830 2044; x_wconf 85' lang='lat' dir='ltr'><strong>Deus</strong></span> <span class='ocrx_word' id='word_1_611' title='bbox 858 2016 893 2043; x_wconf 87' lang='lat' dir='ltr'><strong>ab</strong></span> <span class='ocrx_word' id='word_1_612' title='bbox 923 2016 983 2050; x_wconf 88' lang='lat' dir='ltr'><strong>ipso</strong></span> 
     </span>
    </p>
   </div>
   <div class='ocr_carea' id='block_1_75' title="bbox 191 2062 980 2099">
    <p class='ocr_par' dir='ltr' id='par_1_75' title="bbox 191 2062 980 2099">
     <span class='ocr_line' id='line_1_75' title="bbox 191 2062 980 2099; baseline -0.006 -5"><span class='ocrx_word' id='word_1_613' title='bbox 191 2073 257 2094; x_wconf 82' lang='lat' dir='ltr'><strong>esse</strong></span> <span class='ocrx_word' id='word_1_614' title='bbox 273 2066 522 2093; x_wconf 87' lang='lat' dir='ltr'><strong>denominationem</strong></span> <span class='ocrx_word' id='word_1_615' title='bbox 535 2071 616 2099; x_wconf 91' lang='lat' dir='ltr'><strong>quam</strong></span> <span class='ocrx_word' id='word_1_616' title='bbox 629 2064 680 2092; x_wconf 89' lang='lat' dir='ltr'><strong>sibi</strong></span> <span class='ocrx_word' id='word_1_617' title='bbox 697 2064 747 2098; x_wconf 85' lang='lat' dir='ltr'><strong>ipsi</strong></span> <span class='ocrx_word' id='word_1_618' title='bbox 765 2063 849 2096; x_wconf 90' lang='lat' dir='ltr'><strong>dedit,</strong></span> <span class='ocrx_word' id='word_1_619' title='bbox 865 2062 980 2090; x_wconf 89' lang='lat' dir='ltr'><strong>dicens:</strong></span> 
     </span>
    </p>
   </div>
   <div class='ocr_carea' id='block_1_76' title="bbox 193 2107 983 2148">
    <p class='ocr_par' dir='ltr' id='par_1_76' title="bbox 193 2107 983 2148">
     <span class='ocr_line' id='line_1_76' title="bbox 193 2107 983 2148; baseline -0.006 -9"><span class='ocrx_word' id='word_1_620' title='bbox 193 2111 251 2148; x_wconf 83' lang='lat' dir='ltr'><strong>Ego</strong></span> <span class='ocrx_word' id='word_1_621' title='bbox 269 2120 326 2138; x_wconf 73' lang='lat' dir='ltr'><strong>tum</strong></span> <span class='ocrx_word' id='word_1_622' title='bbox 343 2111 389 2147; x_wconf 81' lang='lat' dir='ltr'><strong>qui</strong></span> <span class='ocrx_word' id='word_1_623' title='bbox 398 2119 457 2138; x_wconf 72' lang='lat' dir='ltr'><strong>sum</strong></span> <span class='ocrx_word' id='word_1_624' title='bbox 471 2117 502 2144; x_wconf 76' lang='lat' dir='ltr'><strong>x;</strong></span> <span class='ocrx_word' id='word_1_625' title='bbox 522 2111 638 2145; x_wconf 89' lang='lat' dir='ltr'><strong>primum</strong></span> <span class='ocrx_word' id='word_1_626' title='bbox 659 2109 782 2136; x_wconf 84' lang='lat' dir='ltr'><strong>laudatur</strong></span> <span class='ocrx_word' id='word_1_627' title='bbox 805 2108 839 2136; x_wconf 87' lang='lat' dir='ltr'><strong>ab</strong></span> <span class='ocrx_word' id='word_1_628' title='bbox 863 2116 896 2136; x_wconf 89' lang='lat' dir='ltr'><strong>eo</strong></span> <span class='ocrx_word' id='word_1_629' title='bbox 910 2107 983 2143; x_wconf 86' lang='lat' dir='ltr'><strong>quod</strong></span> 
     </span>
    </p>
   </div>
   <div class='ocr_carea' id='block_1_77' title="bbox 193 2154 982 2193">
    <p class='ocr_par' dir='ltr' id='par_1_77' title="bbox 193 2154 982 2193">
     <span class='ocr_line' id='line_1_77' title="bbox 193 2154 982 2193; baseline -0.005 -7"><span class='ocrx_word' id='word_1_630' title='bbox 193 2158 249 2187; x_wconf 86' lang='lat' dir='ltr'><strong>sint</strong></span> <span class='ocrx_word' id='word_1_631' title='bbox 265 2166 321 2191; x_wconf 84' lang='lat' dir='ltr'><strong>res,</strong></span> <span class='ocrx_word' id='word_1_632' title='bbox 335 2158 407 2193; x_wconf 91' lang='lat' dir='ltr'><strong>quod</strong></span> <span class='ocrx_word' id='word_1_633' title='bbox 424 2157 477 2185; x_wconf 88' lang='lat' dir='ltr'><strong>hoc</strong></span> <span class='ocrx_word' id='word_1_634' title='bbox 499 2157 534 2184; x_wconf 90' lang='lat' dir='ltr'><strong>sit</strong></span> <span class='ocrx_word' id='word_1_635' title='bbox 562 2156 783 2191; x_wconf 86' lang='lat' dir='ltr'><strong>antiquissimum</strong></span> <span class='ocrx_word' id='word_1_636' title='bbox 798 2154 856 2189; x_wconf 86' lang='lat' dir='ltr'><strong>ejus</strong></span> <span class='ocrx_word' id='word_1_637' title='bbox 869 2155 982 2183; x_wconf 86' lang='lat' dir='ltr'><strong>donum.</strong></span> 
     </span>
    </p>
   </div>
   <div class='ocr_carea' id='block_1_78' title="bbox 194 2201 984 2238">
    <p class='ocr_par' dir='ltr' id='par_1_78' title="bbox 194 2201 984 2238">
     <span class='ocr_line' id='line_1_78' title="bbox 194 2201 984 2238; baseline -0.004 -6"><span class='ocrx_word' id='word_1_638' title='bbox 194 2205 318 2232; x_wconf 78' lang='lat' dir='ltr'><strong>Diximus</strong></span> <span class='ocrx_word' id='word_1_639' title='bbox 332 2205 416 2237; x_wconf 86' lang='lat' dir='ltr'><strong>enim,</strong></span> <span class='ocrx_word' id='word_1_640' title='bbox 434 2211 497 2231; x_wconf 88' lang='lat' dir='ltr'><strong>esse</strong></span> <span class='ocrx_word' id='word_1_641' title='bbox 509 2203 621 2238; x_wconf 91' lang='lat' dir='ltr'><strong>quidem</strong></span> <span class='ocrx_word' id='word_1_642' title='bbox 637 2203 695 2236; x_wconf 86' lang='lat' dir='ltr'><strong>Dei,</strong></span> <span class='ocrx_word' id='word_1_643' title='bbox 709 2202 781 2237; x_wconf 85' lang='lat' dir='ltr'><strong>quod</strong></span> <span class='ocrx_word' id='word_1_644' title='bbox 793 2201 931 2236; x_wconf 84' lang='lat' dir='ltr'><strong>antiquius</strong></span> <span class='ocrx_word' id='word_1_645' title='bbox 941 2207 984 2229; x_wconf 76' lang='lat' dir='ltr'><strong>est</strong></span> 
     </span>
    </p>
   </div>
   <div class='ocr_carea' id='block_1_79' title="bbox 193 2249 983 2286">
    <p class='ocr_par' dir='ltr' id='par_1_79' title="bbox 193 2249 983 2286">
     <span class='ocr_line' id='line_1_79' title="bbox 193 2249 983 2286; baseline -0.004 -7"><span class='ocrx_word' id='word_1_646' title='bbox 193 2251 264 2285; x_wconf 76' lang='lat' dir='ltr'><strong>vita,</strong></span> <span class='ocrx_word' id='word_1_647' title='bbox 287 2251 438 2286; x_wconf 81' lang='lat' dir='ltr'><strong>sapientia.</strong></span> <span class='ocrx_word' id='word_1_648' title='bbox 460 2250 596 2282; x_wconf 88' lang='lat' dir='ltr'><strong>bonitate,</strong></span> <span class='ocrx_word' id='word_1_649' title='bbox 623 2249 898 2284; x_wconf 85' lang='lat' dir='ltr'><strong>incomprehensibile</strong></span> <span class='ocrx_word' id='word_1_650' title='bbox 924 2249 983 2276; x_wconf 77' lang='lat' dir='ltr'><strong>exi-</strong></span> 
     </span>
    </p>
   </div>
   <div class='ocr_carea' id='block_1_80' title="bbox 194 2295 982 2332">
    <p class='ocr_par' dir='ltr' id='par_1_80' title="bbox 194 2295 982 2332">
     <span class='ocr_line' id='line_1_80' title="bbox 194 2295 982 2332; baseline -0.005 -6"><span class='ocrx_word' id='word_1_651' title='bbox 194 2303 277 2327; x_wconf 89' lang='lat' dir='ltr'><strong>stere.</strong></span> <span class='ocrx_word' id='word_1_652' title='bbox 290 2298 330 2325; x_wconf 78' lang='lat' dir='ltr'><strong>Ex</strong></span> <span class='ocrx_word' id='word_1_653' title='bbox 346 2305 379 2325; x_wconf 89' lang='lat' dir='ltr'><strong>eo</strong></span> <span class='ocrx_word' id='word_1_654' title='bbox 391 2304 481 2325; x_wconf 85' lang='lat' dir='ltr'><strong>autem</strong></span> <span class='ocrx_word' id='word_1_655' title='bbox 494 2298 567 2332; x_wconf 83' lang='lat' dir='ltr'><strong>quod</strong></span> <span class='ocrx_word' id='word_1_656' title='bbox 582 2297 638 2325; x_wconf 83' lang='lat' dir='ltr'><strong>sint</strong></span> <span class='ocrx_word' id='word_1_657' title='bbox 658 2296 762 2328; x_wconf 83' lang='lat' dir='ltr'><strong>omnia,</strong></span> <span class='ocrx_word' id='word_1_658' title='bbox 779 2295 982 2328; x_wconf 87' lang='lat' dir='ltr'><strong>concludimus,</strong></span> 
     </span>
    </p>
   </div>
   <div class='ocr_carea' id='block_1_81' title="bbox 195 2341 982 2379">
    <p class='ocr_par' dir='ltr' id='par_1_81' title="bbox 195 2341 982 2379">
     <span class='ocr_line' id='line_1_81' title="bbox 195 2341 982 2379; baseline -0.003 -8"><span class='ocrx_word' id='word_1_659' title='bbox 195 2349 325 2379; x_wconf 85' lang='lat' dir='ltr'><strong>tanquam</strong></span> <span class='ocrx_word' id='word_1_660' title='bbox 342 2352 375 2372; x_wconf 87' lang='lat' dir='ltr'><strong>ex</strong></span> <span class='ocrx_word' id='word_1_661' title='bbox 389 2344 506 2378; x_wconf 78' lang='lat' dir='ltr'><strong>cll‘cctis,</strong></span> <span class='ocrx_word' id='word_1_662' title='bbox 526 2352 635 2371; x_wconf 75' lang='lat' dir='ltr'><strong>causam</strong></span> <span class='ocrx_word' id='word_1_663' title='bbox 661 2351 723 2370; x_wconf 83' lang='lat' dir='ltr'><strong>esse</strong></span> <span class='ocrx_word' id='word_1_664' title='bbox 748 2343 845 2375; x_wconf 88' lang='lat' dir='ltr'><strong>Deum,</strong></span> <span class='ocrx_word' id='word_1_665' title='bbox 859 2341 982 2378; x_wconf 86' lang='lat' dir='ltr'><strong>quinimo</strong></span> 
     </span>
    </p>
   </div>
   <div class='ocr_carea' id='block_1_82' title="bbox 195 2388 982 2427">
    <p class='ocr_par' dir='ltr' id='par_1_82' title="bbox 195 2388 982 2427">
     <span class='ocr_line' id='line_1_82' title="bbox 195 2388 982 2427; baseline -0.004 -9"><span class='ocrx_word' id='word_1_666' title='bbox 195 2391 385 2427; x_wconf 63' lang='lat' dir='ltr'><strong>praeexistere,</strong></span> <span class='ocrx_word' id='word_1_667' title='bbox 401 2398 428 2417; x_wconf 83' lang='lat' dir='ltr'><strong>et</strong></span> <span class='ocrx_word' id='word_1_668' title='bbox 440 2390 656 2425; x_wconf 68' lang='lat' dir='ltr'><strong>super-existere.</strong></span> <span class='ocrx_word' id='word_1_669' title='bbox 669 2389 727 2417; x_wconf 71' lang='lat' dir='ltr'><strong>Nisi</strong></span> <span class='ocrx_word' id='word_1_670' title='bbox 738 2391 810 2417; x_wconf 86' lang='lat' dir='ltr'><strong>enim</strong></span> <span class='ocrx_word' id='word_1_671' title='bbox 825 2388 982 2425; x_wconf 67' lang='lat' dir='ltr'><strong>prmexiste-</strong></span> 
     </span>
    </p>
   </div>
   <div class='ocr_carea' id='block_1_83' title="bbox 195 2436 981 2471">
    <p class='ocr_par' dir='ltr' id='par_1_83' title="bbox 195 2436 981 2471">
     <span class='ocr_line' id='line_1_83' title="bbox 195 2436 981 2471; baseline -0.005 -6"><span class='ocrx_word' id='word_1_672' title='bbox 195 2443 249 2471; x_wconf 84' lang='lat' dir='ltr'><strong>ret,</strong></span> <span class='ocrx_word' id='word_1_673' title='bbox 263 2438 375 2465; x_wconf 88' lang='lat' dir='ltr'><strong>minitne</strong></span> <span class='ocrx_word' id='word_1_674' title='bbox 390 2437 574 2464; x_wconf 85' lang='lat' dir='ltr'><strong>subsisterent</strong></span> <span class='ocrx_word' id='word_1_675' title='bbox 589 2436 634 2463; x_wconf 87' lang='lat' dir='ltr'><strong>illa</strong></span> <span class='ocrx_word' id='word_1_676' title='bbox 650 2443 712 2470; x_wconf 62' lang='lat' dir='ltr'><strong>quae</strong></span> <span class='ocrx_word' id='word_1_677' title='bbox 724 2441 803 2469; x_wconf 87' lang='lat' dir='ltr'><strong>sunt,</strong></span> <span class='ocrx_word' id='word_1_678' title='bbox 815 2436 838 2463; x_wconf 92' lang='lat' dir='ltr'><strong>si</strong></span> <span class='ocrx_word' id='word_1_679' title='bbox 854 2443 917 2463; x_wconf 79' lang='lat' dir='ltr'><strong>vero</strong></span> <span class='ocrx_word' id='word_1_680' title='bbox 928 2442 981 2462; x_wconf 90' lang='lat' dir='ltr'><strong>non</strong></span> 
     </span>
    </p>
   </div>
   <div class='ocr_carea' id='block_1_84' title="bbox 195 2481 983 2519">
    <p class='ocr_par' dir='ltr' id='par_1_84' title="bbox 195 2481 983 2519">
     <span class='ocr_line' id='line_1_84' title="bbox 195 2481 983 2519; baseline -0.004 -8"><span class='ocrx_word' id='word_1_681' title='bbox 195 2483 422 2519; x_wconf 63' lang='lat' dir='ltr'><strong>superetisteret,</strong></span> <span class='ocrx_word' id='word_1_682' title='bbox 460 2483 672 2517; x_wconf 83' lang='lat' dir='ltr'><strong>haudquaquam</strong></span> <span class='ocrx_word' id='word_1_683' title='bbox 705 2481 752 2509; x_wconf 88' lang='lat' dir='ltr'><strong>taii</strong></span> <span class='ocrx_word' id='word_1_684' title='bbox 786 2482 886 2509; x_wconf 88' lang='lat' dir='ltr'><strong>virtute</strong></span> <span class='ocrx_word' id='word_1_685' title='bbox 917 2488 983 2508; x_wconf 92' lang='lat' dir='ltr'><strong>usus</strong></span> 
     </span>
    </p>
   </div>
   <div class='ocr_carea' id='block_1_85' title="bbox 196 2528 984 2564">
    <p class='ocr_par' dir='ltr' id='par_1_85' title="bbox 196 2528 984 2564">
     <span class='ocr_line' id='line_1_85' title="bbox 196 2528 984 2564; baseline -0.005 -7"><span class='ocrx_word' id='word_1_686' title='bbox 196 2530 304 2558; x_wconf 79' lang='lat' dir='ltr'><strong>fuisset.</strong></span> <span class='ocrx_word' id='word_1_687' title='bbox 320 2530 370 2558; x_wconf 89' lang='lat' dir='ltr'><strong>Hic</strong></span> <span class='ocrx_word' id='word_1_688' title='bbox 384 2529 455 2558; x_wconf 89' lang='lat' dir='ltr'><strong>Deus</strong></span> <span class='ocrx_word' id='word_1_689' title='bbox 473 2528 500 2556; x_wconf 90' lang='lat' dir='ltr'><strong>in</strong></span> <span class='ocrx_word' id='word_1_690' title='bbox 518 2529 734 2564; x_wconf 69' lang='lat' dir='ltr'><strong>prazdetinitione</strong></span> <span class='ocrx_word' id='word_1_691' title='bbox 745 2528 832 2563; x_wconf 86' lang='lat' dir='ltr'><strong>ipsius</strong></span> <span class='ocrx_word' id='word_1_692' title='bbox 847 2534 908 2554; x_wconf 86' lang='lat' dir='ltr'><strong>esse</strong></span> <span class='ocrx_word' id='word_1_693' title='bbox 924 2534 984 2561; x_wconf 88' lang='lat' dir='ltr'><strong>pro-</strong></span> 
     </span>
    </p>
   </div>
   <div class='ocr_carea' id='block_1_86' title="bbox 197 2574 982 2616">
    <p class='ocr_par' dir='ltr' id='par_1_86' title="bbox 197 2574 982 2616">
     <span class='ocr_line' id='line_1_86' title="bbox 197 2574 982 2616; baseline -0.009 -9"><span class='ocrx_word' id='word_1_694' title='bbox 197 2580 264 2616; x_wconf 65' lang='lat' dir='ltr'><strong>priae</strong></span> <span class='ocrx_word' id='word_1_695' title='bbox 275 2579 441 2615; x_wconf 79' lang='lat' dir='ltr'><strong>cognitionis</strong></span> <span class='ocrx_word' id='word_1_696' title='bbox 457 2577 606 2606; x_wconf 80' lang='lat' dir='ltr'><strong>univcrsim</strong></span> <span class='ocrx_word' id='word_1_697' title='bbox 624 2576 718 2605; x_wconf 90' lang='lat' dir='ltr'><strong>omnia</strong></span> <span class='ocrx_word' id='word_1_698' title='bbox 730 2575 882 2603; x_wconf 87' lang='lat' dir='ltr'><strong>subsistere</strong></span> <span class='ocrx_word' id='word_1_699' title='bbox 897 2574 982 2601; x_wconf 83' lang='lat' dir='ltr'><strong>fecit:</strong></span> 
     </span>
    </p>
   </div>
   <div class='ocr_carea' id='block_1_87' title="bbox 196 2622 984 2663">
    <p class='ocr_par' dir='ltr' id='par_1_87' title="bbox 196 2622 984 2663">
     <span class='ocr_line' id='line_1_87' title="bbox 196 2622 984 2663; baseline -0.009 -7"><span class='ocrx_word' id='word_1_700' title='bbox 196 2627 346 2656; x_wconf 86' lang='lat' dir='ltr'><strong>secundum</strong></span> <span class='ocrx_word' id='word_1_701' title='bbox 358 2628 476 2663; x_wconf 90' lang='lat' dir='ltr'><strong>primum</strong></span> <span class='ocrx_word' id='word_1_702' title='bbox 488 2627 560 2653; x_wconf 92' lang='lat' dir='ltr'><strong>enim</strong></span> <span class='ocrx_word' id='word_1_703' title='bbox 575 2629 737 2659; x_wconf 88' lang='lat' dir='ltr'><strong>conceptum</strong></span> <span class='ocrx_word' id='word_1_704' title='bbox 754 2631 831 2651; x_wconf 89' lang='lat' dir='ltr'><strong>mens</strong></span> <span class='ocrx_word' id='word_1_705' title='bbox 843 2622 924 2659; x_wconf 67' lang='lat' dir='ltr'><strong>m</strong></span> <span class='ocrx_word' id='word_1_706' title='bbox 937 2629 984 2656; x_wconf 88' lang='lat' dir='ltr'><strong>ap-</strong></span> 
     </span>
    </p>
   </div>
   <div class='ocr_carea' id='block_1_88' title="bbox 197 2670 984 2711">
    <p class='ocr_par' dir='ltr' id='par_1_88' title="bbox 197 2670 984 2711">
     <span class='ocr_line' id='line_1_88' title="bbox 197 2670 984 2711; baseline -0.011 -7"><span class='ocrx_word' id='word_1_707' title='bbox 197 2675 342 2711; x_wconf 82' lang='lat' dir='ltr'><strong>prehendit</strong></span> <span class='ocrx_word' id='word_1_708' title='bbox 368 2674 457 2709; x_wconf 90' lang='lat' dir='ltr'><strong>ipsum</strong></span> <span class='ocrx_word' id='word_1_709' title='bbox 482 2681 545 2701; x_wconf 86' lang='lat' dir='ltr'><strong>esse</strong></span> <span class='ocrx_word' id='word_1_710' title='bbox 557 2677 588 2699; x_wconf 87' lang='lat' dir='ltr'><strong>et</strong></span> <span class='ocrx_word' id='word_1_711' title='bbox 599 2672 639 2699; x_wconf 91' lang='lat' dir='ltr'><strong>sic</strong></span> <span class='ocrx_word' id='word_1_712' title='bbox 656 2671 748 2706; x_wconf 89' lang='lat' dir='ltr'><strong>aliquo</strong></span> <span class='ocrx_word' id='word_1_713' title='bbox 763 2670 844 2698; x_wconf 91' lang='lat' dir='ltr'><strong>modo</strong></span> <span class='ocrx_word' id='word_1_714' title='bbox 868 2677 911 2697; x_wconf 83' lang='lat' dir='ltr'><strong>res</strong></span> <span class='ocrx_word' id='word_1_715' title='bbox 923 2675 984 2696; x_wconf 84' lang='lat' dir='ltr'><strong>esse</strong></span> 
     </span>
    </p>
   </div>
   <div class='ocr_carea' id='block_1_89' title="bbox 196 2715 984 2758">
    <p class='ocr_par' dir='ltr' id='par_1_89' title="bbox 196 2715 984 2758">
     <span class='ocr_line' id='line_1_89' title="bbox 196 2715 984 2758; baseline -0.009 -8"><span class='ocrx_word' id='word_1_716' title='bbox 196 2722 327 2758; x_wconf 87' lang='lat' dir='ltr'><strong>concipit.</strong></span> <span class='ocrx_word' id='word_1_717' title='bbox 346 2721 441 2755; x_wconf 86' lang='lat' dir='ltr'><strong>Itaque</strong></span> <span class='ocrx_word' id='word_1_718' title='bbox 453 2719 614 2756; x_wconf 84' lang='lat' dir='ltr'><strong>simpliciter</strong></span> <span class='ocrx_word' id='word_1_719' title='bbox 629 2726 702 2751; x_wconf 87' lang='lat' dir='ltr'><strong>esse,</strong></span> <span class='ocrx_word' id='word_1_720' title='bbox 721 2725 775 2745; x_wconf 88' lang='lat' dir='ltr'><strong>non</strong></span> <span class='ocrx_word' id='word_1_721' title='bbox 797 2717 889 2751; x_wconf 89' lang='lat' dir='ltr'><strong>aliquo</strong></span> <span class='ocrx_word' id='word_1_722' title='bbox 904 2715 984 2743; x_wconf 83' lang='lat' dir='ltr'><strong>modo</strong></span> 
     </span>
    </p>
   </div>
   <div class='ocr_carea' id='block_1_90' title="bbox 196 2763 984 2802">
    <p class='ocr_par' dir='ltr' id='par_1_90' title="bbox 196 2763 984 2802">
     <span class='ocr_line' id='line_1_90' title="bbox 196 2763 984 2802; baseline -0.006 -7"><span class='ocrx_word' id='word_1_723' title='bbox 196 2774 258 2795; x_wconf 88' lang='lat' dir='ltr'><strong>esse</strong></span> <span class='ocrx_word' id='word_1_724' title='bbox 287 2767 453 2802; x_wconf 83' lang='lat' dir='ltr'><strong>signiﬁcavit</strong></span> <span class='ocrx_word' id='word_1_725' title='bbox 474 2775 535 2794; x_wconf 89' lang='lat' dir='ltr'><strong>cum</strong></span> <span class='ocrx_word' id='word_1_726' title='bbox 558 2766 637 2799; x_wconf 76' lang='lat' dir='ltr'><strong>dixit,</strong></span> <span class='ocrx_word' id='word_1_727' title='bbox 668 2772 717 2800; x_wconf 87' lang='lat' dir='ltr'><strong>per</strong></span> <span class='ocrx_word' id='word_1_728' title='bbox 739 2771 768 2792; x_wconf 88' lang='lat' dir='ltr'><strong>se</strong></span> <span class='ocrx_word' id='word_1_729' title='bbox 791 2771 867 2796; x_wconf 78' lang='lat' dir='ltr'><strong>esse;</strong></span> <span class='ocrx_word' id='word_1_730' title='bbox 894 2763 933 2790; x_wconf 85' lang='lat' dir='ltr'><strong>uti</strong></span> <span class='ocrx_word' id='word_1_731' title='bbox 957 2766 984 2790; x_wconf 91' lang='lat' dir='ltr'><strong>et</strong></span> 
     </span>
    </p>
   </div>
   <div class='ocr_carea' id='block_1_91' title="bbox 197 2809 984 2850">
    <p class='ocr_par' dir='ltr' id='par_1_91' title="bbox 197 2809 984 2850">
     <span class='ocr_line' id='line_1_91' title="bbox 197 2809 984 2850; baseline -0.008 -9"><span class='ocrx_word' id='word_1_732' title='bbox 197 2812 337 2850; x_wconf 85' lang='lat' dir='ltr'><strong>deinceps,</strong></span> <span class='ocrx_word' id='word_1_733' title='bbox 353 2821 414 2842; x_wconf 85' lang='lat' dir='ltr'><strong>cum</strong></span> <span class='ocrx_word' id='word_1_734' title='bbox 437 2813 523 2849; x_wconf 78' lang='lat' dir='ltr'><strong>ipsam</strong></span> <span class='ocrx_word' id='word_1_735' title='bbox 539 2819 587 2847; x_wconf 89' lang='lat' dir='ltr'><strong>per</strong></span> <span class='ocrx_word' id='word_1_736' title='bbox 602 2819 631 2840; x_wconf 87' lang='lat' dir='ltr'><strong>se</strong></span> <span class='ocrx_word' id='word_1_737' title='bbox 647 2810 742 2843; x_wconf 70' lang='lat' dir='ltr'><strong>vitam,</strong></span> <span class='ocrx_word' id='word_1_738' title='bbox 770 2809 866 2846; x_wconf 86' lang='lat' dir='ltr'><strong>ipsam&#39;</strong></span> <span class='ocrx_word' id='word_1_739' title='bbox 882 2816 930 2845; x_wconf 89' lang='lat' dir='ltr'><strong>per</strong></span> <span class='ocrx_word' id='word_1_740' title='bbox 953 2814 984 2836; x_wconf 84' lang='lat' dir='ltr'><strong>se</strong></span> 
     </span>
    </p>
   </div>
   <div class='ocr_carea' id='block_1_92' title="bbox 230 2889 787 2938">
    <p class='ocr_par' dir='ltr' id='par_1_92' title="bbox 230 2889 787 2938">
     <span class='ocr_line' id='line_1_92' title="bbox 230 2889 787 2938; baseline -0.013 -14"><span class='ocrx_word' id='word_1_741' title='bbox 230 2897 241 2911; x_wconf 88' lang='lat'>&#39;</span> <span class='ocrx_word' id='word_1_742' title='bbox 263 2895 334 2938; x_wconf 54' lang='lat' dir='ltr'><strong>Ifsal.</strong></span> <span class='ocrx_word' id='word_1_743' title='bbox 351 2893 505 2928; x_wconf 60' lang='lat'><strong>“3111,12.</strong></span> <span class='ocrx_word' id='word_1_744' title='bbox 547 2891 662 2930; x_wconf 31' lang='lat' dir='ltr'><strong>x&#39;Exod.</strong></span> <span class='ocrx_word' id='word_1_745' title='bbox 677 2898 721 2924; x_wconf 90' lang='grc' dir='ltr'>ιιι,</span> <span class='ocrx_word' id='word_1_746' title='bbox 743 2889 787 2918; x_wconf 69' lang='grc'><strong>14.</strong></span> 
     </span>
    </p>
   </div>
   <div class='ocr_carea' id='block_1_93' title="bbox 1035 1770 1825 1812">
    <p class='ocr_par' dir='ltr' id='par_1_93' title="bbox 1035 1770 1825 1812">
     <span class='ocr_line' id='line_1_93' title="bbox 1035 1770 1825 1812; baseline -0.008 -10"><span class='ocrx_word' id='word_1_747' title='bbox 1035 1775 1231 1812; x_wconf 75' lang='grc' dir='ltr'>θεωρούμενον,</span> <span class='ocrx_word' id='word_1_748' title='bbox 1247 1773 1322 1810; x_wconf 70' lang='grc' dir='ltr'>(ὅντα</span> <span class='ocrx_word' id='word_1_749' title='bbox 1335 1773 1389 1810; x_wconf 85' lang='grc' dir='ltr'><strong>γὰρ</strong></span> <span class='ocrx_word' id='word_1_750' title='bbox 1399 1773 1444 1800; x_wconf 79' lang='grc' dir='ltr'><strong>καὶ</strong></span> <span class='ocrx_word' id='word_1_751' title='bbox 1459 1771 1493 1798; x_wconf 78' lang='grc' dir='ltr'>τὰ</span> <span class='ocrx_word' id='word_1_752' title='bbox 1503 1770 1694 1807; x_wconf 75' lang='grc' dir='ltr'>συμϐεϐηκότα</span> <span class='ocrx_word' id='word_1_753' title='bbox 1705 1770 1777 1805; x_wconf 76' lang='grc' dir='ltr'>ἅπερ</span> <span class='ocrx_word' id='word_1_754' title='bbox 1795 1771 1825 1796; x_wconf 81' lang='grc' dir='ltr'>ὲν</span> 
     </span>
    </p>
   </div>
   <div class='ocr_carea' id='block_1_94' title="bbox 1033 1817 1825 1860">
    <p class='ocr_par' dir='ltr' id='par_1_94' title="bbox 1033 1817 1825 1860">
     <span class='ocr_line' id='line_1_94' title="bbox 1033 1817 1825 1860; baseline -0.01 -9"><span class='ocrx_word' id='word_1_755' title='bbox 1033 1824 1105 1860; x_wconf 75' lang='grc' dir='ltr'>ἄλλῳ</span> <span class='ocrx_word' id='word_1_756' title='bbox 1113 1823 1277 1859; x_wconf 82' lang='grc' dir='ltr'>θεωροῦνται</span> <span class='ocrx_word' id='word_1_757' title='bbox 1289 1822 1309 1858; x_wconf 90' lang='grc'><strong>·)</strong></span> <span class='ocrx_word' id='word_1_758' title='bbox 1321 1819 1352 1849; x_wconf 74' lang='grc' dir='ltr'><strong>οὗ</strong></span> <span class='ocrx_word' id='word_1_759' title='bbox 1367 1821 1405 1858; x_wconf 84' lang='grc' dir='ltr'>μὴ</span> <span class='ocrx_word' id='word_1_760' title='bbox 1416 1821 1489 1847; x_wconf 77' lang='grc' dir='ltr'>ἐστιν</span> <span class='ocrx_word' id='word_1_761' title='bbox 1501 1819 1614 1850; x_wconf 75' lang='grc' dir='ltr'>ὅντωσις</span> <span class='ocrx_word' id='word_1_762' title='bbox 1626 1818 1691 1845; x_wconf 69' lang='grc' dir='ltr'>αὐτὸ</span> <span class='ocrx_word' id='word_1_763' title='bbox 1698 1818 1730 1854; x_wconf 85' lang='grc' dir='ltr'><strong>δὴ</strong></span> <span class='ocrx_word' id='word_1_764' title='bbox 1736 1818 1766 1844; x_wconf 86' lang='grc' dir='ltr'><strong>τὸ</strong></span> <span class='ocrx_word' id='word_1_765' title='bbox 1776 1817 1825 1844; x_wconf 73' lang='grc' dir='ltr'><strong>τοῦ</strong></span> 
     </span>
    </p>
   </div>
   <div class='ocr_carea' id='block_1_95' title="bbox 1033 1863 1825 1900">
    <p class='ocr_par' dir='ltr' id='par_1_95' title="bbox 1033 1863 1825 1900">
     <span class='ocr_line' id='line_1_95' title="bbox 1033 1863 1825 1900; baseline -0.009 -4"><span class='ocrx_word' id='word_1_766' title='bbox 1033 1869 1100 1897; x_wconf 84' lang='grc' dir='ltr'>Θεοῦ</span> <span class='ocrx_word' id='word_1_767' title='bbox 1108 1867 1368 1895; x_wconf 82' lang='grc' dir='ltr'>αὺτοεϊναι.[1άντων</span> <span class='ocrx_word' id='word_1_768' title='bbox 1377 1866 1431 1893; x_wconf 83' lang='grc' dir='ltr'>τῶν</span> <span class='ocrx_word' id='word_1_769' title='bbox 1441 1866 1537 1898; x_wconf 71' lang='grc' dir='ltr'>ἀλλων,</span> <span class='ocrx_word' id='word_1_770' title='bbox 1546 1865 1596 1900; x_wconf 84' lang='grc' dir='ltr'>τῆς</span> <span class='ocrx_word' id='word_1_771' title='bbox 1602 1864 1675 1899; x_wconf 86' lang='grc' dir='ltr'>ζωῆς</span> <span class='ocrx_word' id='word_1_772' title='bbox 1683 1872 1765 1899; x_wconf 82' lang='grc' dir='ltr'>φημι,</span> <span class='ocrx_word' id='word_1_773' title='bbox 1773 1863 1825 1899; x_wconf 80' lang='grc' dir='ltr'>τῆς</span> 
     </span>
    </p>
   </div>
   <div class='ocr_carea' id='block_1_96' title="bbox 1034 1907 1826 1950">
    <p class='ocr_par' dir='ltr' id='par_1_96' title="bbox 1034 1907 1826 1950">
     <span class='ocr_line' id='line_1_96' title="bbox 1034 1907 1826 1950; baseline -0.011 -8"><span class='ocrx_word' id='word_1_774' title='bbox 1034 1915 1140 1950; x_wconf 83' lang='grc' dir='ltr'>σοφίας,</span> <span class='ocrx_word' id='word_1_775' title='bbox 1158 1914 1208 1949; x_wconf 83' lang='grc' dir='ltr'>τῆς</span> <span class='ocrx_word' id='word_1_776' title='bbox 1222 1912 1399 1948; x_wconf 77' lang='grc' dir='ltr'>ἀγαθότητος,</span> <span class='ocrx_word' id='word_1_777' title='bbox 1414 1909 1640 1947; x_wconf 81' lang='grc' dir='ltr'>ἀρχηγικωτέραν</span> <span class='ocrx_word' id='word_1_778' title='bbox 1654 1908 1722 1944; x_wconf 76' lang='grc' dir='ltr'>ἔχων</span> <span class='ocrx_word' id='word_1_779' title='bbox 1733 1908 1748 1934; x_wconf 85' lang='grc' dir='ltr'><strong>ὸ</strong></span> <span class='ocrx_word' id='word_1_780' title='bbox 1758 1907 1826 1939; x_wconf 79' lang='grc' dir='ltr'>Θεὸς</span> 
     </span>
    </p>
   </div>
   <div class='ocr_carea' id='block_1_97' title="bbox 1032 1952 1825 1997">
    <p class='ocr_par' dir='ltr' id='par_1_97' title="bbox 1032 1952 1825 1997">
     <span class='ocr_line' id='line_1_97' title="bbox 1032 1952 1825 1997; baseline -0.011 -9"><span class='ocrx_word' id='word_1_781' title='bbox 1032 1961 1082 1997; x_wconf 85' lang='grc' dir='ltr'><strong>τὴν</strong></span> <span class='ocrx_word' id='word_1_782' title='bbox 1110 1960 1155 1987; x_wconf 81' lang='grc' dir='ltr'><strong>τοῦ</strong></span> <span class='ocrx_word' id='word_1_783' title='bbox 1178 1959 1249 1986; x_wconf 82' lang='grc' dir='ltr'>εἷναι</span> <span class='ocrx_word' id='word_1_784' title='bbox 1272 1957 1432 1994; x_wconf 80' lang='grc' dir='ltr'>ὀνομασίαν,</span> <span class='ocrx_word' id='word_1_785' title='bbox 1452 1957 1486 1992; x_wconf 87' lang='grc' dir='ltr'>ἣν</span> <span class='ocrx_word' id='word_1_786' title='bbox 1507 1955 1595 1991; x_wconf 78' lang='grc' dir='ltr'>ἑαυτῷ</span> <span class='ocrx_word' id='word_1_787' title='bbox 1623 1954 1698 1981; x_wconf 76' lang='grc' dir='ltr'>ἔθετο</span> <span class='ocrx_word' id='word_1_788' title='bbox 1727 1952 1825 1985; x_wconf 79' lang='grc' dir='ltr'>εἰπὼν,</span> 
     </span>
    </p>
   </div>
   <div class='ocr_carea' id='block_1_98' title="bbox 1039 1997 1825 2042">
    <p class='ocr_par' dir='ltr' id='par_1_98' title="bbox 1039 1997 1825 2042">
     <span class='ocr_line' id='line_1_98' title="bbox 1039 1997 1825 2042; baseline -0.011 -8"><span class='ocrx_word' id='word_1_789' title='bbox 1039 2006 1109 2042; x_wconf 82' lang='grc' dir='ltr'><strong>Ἐγώ</strong></span> <span class='ocrx_word' id='word_1_790' title='bbox 1123 2004 1181 2042; x_wconf 68' lang='grc' dir='ltr'>εἶμι</span> <span class='ocrx_word' id='word_1_791' title='bbox 1198 2006 1213 2032; x_wconf 88' lang='grc' dir='ltr'><strong>ὸ</strong></span> <span class='ocrx_word' id='word_1_792' title='bbox 1235 2004 1283 2039; x_wconf 86' lang='grc' dir='ltr'>ὣν,</span> <span class='ocrx_word' id='word_1_793' title='bbox 1305 2003 1421 2040; x_wconf 79' lang='grc' dir='ltr'>πρώτως</span> <span class='ocrx_word' id='word_1_794' title='bbox 1437 2003 1562 2038; x_wconf 82' lang='grc' dir='ltr'>ὑμνεῖται</span> <span class='ocrx_word' id='word_1_795' title='bbox 1577 2001 1610 2028; x_wconf 82' lang='grc' dir='ltr'><strong>ὲκ</strong></span> <span class='ocrx_word' id='word_1_796' title='bbox 1633 2000 1680 2027; x_wconf 85' lang='grc' dir='ltr'><strong>τοῦ</strong></span> <span class='ocrx_word' id='word_1_797' title='bbox 1704 1997 1774 2026; x_wconf 79' lang='grc' dir='ltr'>εἶναι</span> <span class='ocrx_word' id='word_1_798' title='bbox 1790 1999 1825 2026; x_wconf 73' lang='grc' dir='ltr'>τὰ</span> 
     </span>
    </p>
   </div>
   <div class='ocr_carea' id='block_1_99' title="bbox 1036 2045 1822 2089">
    <p class='ocr_par' dir='ltr' id='par_1_99' title="bbox 1036 2045 1822 2089">
     <span class='ocr_line' id='line_1_99' title="bbox 1036 2045 1822 2089; baseline -0.013 -8"><span class='ocrx_word' id='word_1_799' title='bbox 1036 2054 1112 2087; x_wconf 82' lang='grc' dir='ltr'>ὖντα,</span> <span class='ocrx_word' id='word_1_800' title='bbox 1129 2054 1198 2089; x_wconf 82' lang='grc' dir='ltr'>ὅπερ</span> <span class='ocrx_word' id='word_1_801' title='bbox 1209 2053 1268 2079; x_wconf 68' lang='grc' dir='ltr'>ἐστὶ</span> <span class='ocrx_word' id='word_1_802' title='bbox 1280 2051 1328 2078; x_wconf 80' lang='grc' dir='ltr'><strong>καὶ</strong></span> <span class='ocrx_word' id='word_1_803' title='bbox 1338 2049 1522 2087; x_wconf 75' lang='grc' dir='ltr'>πρεσϐύτερον</span> <span class='ocrx_word' id='word_1_804' title='bbox 1533 2048 1588 2075; x_wconf 86' lang='grc' dir='ltr'><strong>τῶν</strong></span> <span class='ocrx_word' id='word_1_805' title='bbox 1605 2046 1687 2074; x_wconf 84' lang='grc' dir='ltr'>αὑτοῦ</span> <span class='ocrx_word' id='word_1_806' title='bbox 1702 2045 1822 2082; x_wconf 80' lang='grc' dir='ltr'>δωρεῶν.</span> 
     </span>
    </p>
   </div>
   <div class='ocr_carea' id='block_1_100' title="bbox 1033 2092 1826 2136">
    <p class='ocr_par' dir='ltr' id='par_1_100' title="bbox 1033 2092 1826 2136">
     <span class='ocr_line' id='line_1_100' title="bbox 1033 2092 1826 2136; baseline -0.013 -9"><span class='ocrx_word' id='word_1_807' title='bbox 1033 2100 1154 2136; x_wconf 78' lang='grc' dir='ltr'>Εἴπομεν</span> <span class='ocrx_word' id='word_1_808' title='bbox 1167 2098 1288 2135; x_wconf 85' lang='grc' dir='ltr'>γὰρ,ὅτι</span> <span class='ocrx_word' id='word_1_809' title='bbox 1303 2097 1333 2124; x_wconf 82' lang='grc' dir='ltr'><strong>τὸ</strong></span> <span class='ocrx_word' id='word_1_810' title='bbox 1351 2097 1402 2133; x_wconf 83' lang='grc' dir='ltr'><strong>μὲν</strong></span> <span class='ocrx_word' id='word_1_811' title='bbox 1419 2094 1489 2123; x_wconf 78' lang='grc' dir='ltr'>εἶναι</span> <span class='ocrx_word' id='word_1_812' title='bbox 1507 2094 1554 2122; x_wconf 82' lang='grc' dir='ltr'><strong>τοῦ</strong></span> <span class='ocrx_word' id='word_1_813' title='bbox 1576 2092 1655 2125; x_wconf 86' lang='grc' dir='ltr'>Θεοῦ,</span> <span class='ocrx_word' id='word_1_814' title='bbox 1671 2092 1685 2119; x_wconf 84' lang='grc' dir='ltr'>ὃ</span> <span class='ocrx_word' id='word_1_815' title='bbox 1712 2092 1826 2127; x_wconf 66' lang='grc' dir='ltr'>ἀρχηγιρ</span> 
     </span>
    </p>
   </div>
   <div class='ocr_carea' id='block_1_101' title="bbox 1033 2137 1823 2183">
    <p class='ocr_par' dir='ltr' id='par_1_101' title="bbox 1033 2137 1823 2183">
     <span class='ocr_line' id='line_1_101' title="bbox 1033 2137 1823 2183; baseline -0.014 -10"><span class='ocrx_word' id='word_1_816' title='bbox 1033 2145 1152 2183; x_wconf 85' lang='grc' dir='ltr'>κὼτερον</span> <span class='ocrx_word' id='word_1_817' title='bbox 1181 2145 1220 2171; x_wconf 74' lang='grc' dir='ltr'>ἔνι</span> <span class='ocrx_word' id='word_1_818' title='bbox 1252 2143 1320 2179; x_wconf 82' lang='grc' dir='ltr'>πρὸς</span> <span class='ocrx_word' id='word_1_819' title='bbox 1347 2142 1397 2178; x_wconf 83' lang='grc' dir='ltr'><strong>τὴν</strong></span> <span class='ocrx_word' id='word_1_820' title='bbox 1427 2141 1511 2177; x_wconf 78' lang='grc' dir='ltr'>ζωὴν,</span> <span class='ocrx_word' id='word_1_821' title='bbox 1538 2139 1607 2175; x_wconf 82' lang='grc' dir='ltr'>πρὸς</span> <span class='ocrx_word' id='word_1_822' title='bbox 1634 2138 1683 2174; x_wconf 81' lang='grc' dir='ltr'>τὴν</span> <span class='ocrx_word' id='word_1_823' title='bbox 1715 2137 1823 2171; x_wconf 80' lang='grc' dir='ltr'>σοφίαν,</span> 
     </span>
    </p>
   </div>
   <div class='ocr_carea' id='block_1_102' title="bbox 1033 2188 1825 2232">
    <p class='ocr_par' dir='ltr' id='par_1_102' title="bbox 1033 2188 1825 2232">
     <span class='ocr_line' id='line_1_102' title="bbox 1033 2188 1825 2232; baseline -0.013 -8"><span class='ocrx_word' id='word_1_824' title='bbox 1033 2197 1101 2232; x_wconf 76' lang='grc' dir='ltr'>πρὸς</span> <span class='ocrx_word' id='word_1_825' title='bbox 1123 2196 1173 2232; x_wconf 78' lang='grc' dir='ltr'>τὴν</span> <span class='ocrx_word' id='word_1_826' title='bbox 1200 2194 1366 2230; x_wconf 75' lang='grc' dir='ltr'>ἀγαθὰτητα,</span> <span class='ocrx_word' id='word_1_827' title='bbox 1390 2191 1573 2227; x_wconf 83' lang='grc' dir='ltr'>ἀκατανόητόν</span> <span class='ocrx_word' id='word_1_828' title='bbox 1597 2191 1682 2216; x_wconf 71' lang='grc' dir='ltr'>ἐστιν.</span> <span class='ocrx_word' id='word_1_829' title='bbox 1715 2189 1764 2216; x_wconf 81' lang='grc' dir='ltr'><strong>Ἐκ</strong></span> <span class='ocrx_word' id='word_1_830' title='bbox 1795 2188 1825 2214; x_wconf 70' lang='grc' dir='ltr'><strong>δὲ</strong></span> 
     </span>
    </p>
   </div>
   <div class='ocr_carea' id='block_1_103' title="bbox 1031 2234 1824 2274">
    <p class='ocr_par' dir='ltr' id='par_1_103' title="bbox 1031 2234 1824 2274">
     <span class='ocr_line' id='line_1_103' title="bbox 1031 2234 1824 2274; baseline -0.013 -4"><span class='ocrx_word' id='word_1_831' title='bbox 1031 2243 1079 2269; x_wconf 81' lang='grc' dir='ltr'><strong>τοῦ</strong></span> <span class='ocrx_word' id='word_1_832' title='bbox 1106 2240 1229 2269; x_wconf 83' lang='grc' dir='ltr'>εἶναιτὰ</span> <span class='ocrx_word' id='word_1_833' title='bbox 1260 2240 1348 2267; x_wconf 78' lang='grc' dir='ltr'>πάντα</span> <span class='ocrx_word' id='word_1_834' title='bbox 1372 2239 1534 2274; x_wconf 76' lang='grc' dir='ltr'>συνάγομεν.</span> <span class='ocrx_word' id='word_1_835' title='bbox 1564 2236 1602 2268; x_wconf 81' lang='grc' dir='ltr'>ὡς</span> <span class='ocrx_word' id='word_1_836' title='bbox 1625 2235 1655 2270; x_wconf 77' lang='grc' dir='ltr'><strong>ὲξ</strong></span> <span class='ocrx_word' id='word_1_837' title='bbox 1682 2234 1824 2266; x_wconf 79' lang='grc' dir='ltr'>αἰτιατῶν,</span> 
     </span>
    </p>
   </div>
   <div class='ocr_carea' id='block_1_104' title="bbox 1031 2285 1825 2324">
    <p class='ocr_par' dir='ltr' id='par_1_104' title="bbox 1031 2285 1825 2324">
     <span class='ocr_line' id='line_1_104' title="bbox 1031 2285 1825 2324; baseline -0.013 -3"><span class='ocrx_word' id='word_1_838' title='bbox 1031 2293 1063 2321; x_wconf 80' lang='grc' dir='ltr'><strong>τὸ</strong></span> <span class='ocrx_word' id='word_1_839' title='bbox 1078 2294 1164 2321; x_wconf 72' lang='grc' dir='ltr'>αἴτιον</span> <span class='ocrx_word' id='word_1_840' title='bbox 1179 2294 1222 2320; x_wconf 86' lang='grc' dir='ltr'><strong>ὃτι</strong></span> <span class='ocrx_word' id='word_1_841' title='bbox 1236 2292 1296 2319; x_wconf 72' lang='grc' dir='ltr'>ἔστι</span> <span class='ocrx_word' id='word_1_842' title='bbox 1309 2291 1386 2323; x_wconf 82' lang='grc' dir='ltr'>Θεὸς,</span> <span class='ocrx_word' id='word_1_843' title='bbox 1401 2289 1468 2317; x_wconf 79' lang='grc' dir='ltr'>ἀλλὰ</span> <span class='ocrx_word' id='word_1_844' title='bbox 1483 2289 1530 2316; x_wconf 76' lang='grc' dir='ltr'>καὶ</span> <span class='ocrx_word' id='word_1_845' title='bbox 1548 2287 1662 2324; x_wconf 79' lang='grc' dir='ltr'>πρόεστι</span> <span class='ocrx_word' id='word_1_846' title='bbox 1681 2286 1729 2313; x_wconf 84' lang='grc' dir='ltr'><strong>καί</strong></span> <span class='ocrx_word' id='word_1_847' title='bbox 1739 2285 1825 2320; x_wconf 83' lang='grc' dir='ltr'>ὑπέρ-</span> 
     </span>
    </p>
   </div>
   <div class='ocr_carea' id='block_1_105' title="bbox 1033 2331 1823 2375">
    <p class='ocr_par' dir='ltr' id='par_1_105' title="bbox 1033 2331 1823 2375">
     <span class='ocr_line' id='line_1_105' title="bbox 1033 2331 1823 2375; baseline -0.014 -8"><span class='ocrx_word' id='word_1_848' title='bbox 1033 2347 1119 2367; x_wconf 83' lang='grc' dir='ltr'>εστιν.</span> <span class='ocrx_word' id='word_1_849' title='bbox 1141 2341 1174 2366; x_wconf 73' lang='lat' dir='ltr'><strong>Et</strong></span> <span class='ocrx_word' id='word_1_850' title='bbox 1194 2338 1231 2375; x_wconf 85' lang='grc' dir='ltr'>μὴ</span> <span class='ocrx_word' id='word_1_851' title='bbox 1251 2338 1307 2374; x_wconf 87' lang='grc' dir='ltr'><strong>γὰρ</strong></span> <span class='ocrx_word' id='word_1_852' title='bbox 1327 2337 1425 2373; x_wconf 84' lang='grc' dir='ltr'>προῆν,</span> <span class='ocrx_word' id='word_1_853' title='bbox 1440 2336 1492 2362; x_wconf 80' lang='grc' dir='ltr'><strong>οὐκ</strong></span> <span class='ocrx_word' id='word_1_854' title='bbox 1509 2334 1542 2361; x_wconf 80' lang='grc' dir='ltr'><strong>ἂν</strong></span> <span class='ocrx_word' id='word_1_855' title='bbox 1565 2333 1666 2368; x_wconf 84' lang='grc' dir='ltr'>ὑφίστα</span> <span class='ocrx_word' id='word_1_856' title='bbox 1679 2331 1714 2358; x_wconf 81' lang='grc' dir='ltr'><strong>τὰ.</strong></span> <span class='ocrx_word' id='word_1_857' title='bbox 1738 2331 1823 2357; x_wconf 72' lang='grc' dir='ltr'>ὅντα·</span> 
     </span>
    </p>
   </div>
   <div class='ocr_carea' id='block_1_106' title="bbox 1033 2375 1824 2421">
    <p class='ocr_par' dir='ltr' id='par_1_106' title="bbox 1033 2375 1824 2421">
     <span class='ocr_line' id='line_1_106' title="bbox 1033 2375 1824 2421; baseline -0.011 -8"><span class='ocrx_word' id='word_1_858' title='bbox 1033 2388 1058 2413; x_wconf 82' lang='grc' dir='ltr'>εἰ</span> <span class='ocrx_word' id='word_1_859' title='bbox 1076 2386 1104 2413; x_wconf 82' lang='grc' dir='ltr'>δὲ</span> <span class='ocrx_word' id='word_1_860' title='bbox 1124 2386 1174 2421; x_wconf 79' lang='grc' dir='ltr'>οὐχ</span> <span class='ocrx_word' id='word_1_861' title='bbox 1184 2385 1299 2420; x_wconf 84' lang='grc' dir='ltr'>ὑπερῆν,</span> <span class='ocrx_word' id='word_1_862' title='bbox 1315 2384 1366 2410; x_wconf 82' lang='grc' dir='ltr'>οὐκ</span> <span class='ocrx_word' id='word_1_863' title='bbox 1385 2383 1418 2410; x_wconf 76' lang='grc' dir='ltr'><strong>ἂν</strong></span> <span class='ocrx_word' id='word_1_864' title='bbox 1439 2380 1552 2417; x_wconf 83' lang='grc' dir='ltr'>τοιαύτῃ</span> <span class='ocrx_word' id='word_1_865' title='bbox 1576 2379 1688 2414; x_wconf 85' lang='grc' dir='ltr'>δυνάμει</span> <span class='ocrx_word' id='word_1_866' title='bbox 1712 2375 1824 2413; x_wconf 77' lang='grc' dir='ltr'>ἐχρῆτο.</span> 
     </span>
    </p>
   </div>
   <div class='ocr_carea' id='block_1_107' title="bbox 1034 2423 1826 2465">
    <p class='ocr_par' dir='ltr' id='par_1_107' title="bbox 1034 2423 1826 2465">
     <span class='ocr_line' id='line_1_107' title="bbox 1034 2423 1826 2465; baseline -0.014 -5"><span class='ocrx_word' id='word_1_867' title='bbox 1034 2430 1142 2465; x_wconf 67' lang='grc' dir='ltr'>Οὗτοςὸ</span> <span class='ocrx_word' id='word_1_868' title='bbox 1166 2432 1232 2464; x_wconf 83' lang='grc' dir='ltr'>Θεὸς</span> <span class='ocrx_word' id='word_1_869' title='bbox 1253 2432 1283 2458; x_wconf 82' lang='grc' dir='ltr'>ὲν</span> <span class='ocrx_word' id='word_1_870' title='bbox 1305 2429 1379 2465; x_wconf 81' lang='grc' dir='ltr'>αὐτῷ</span> <span class='ocrx_word' id='word_1_871' title='bbox 1392 2428 1431 2464; x_wconf 81' lang='grc' dir='ltr'>τῷ</span> <span class='ocrx_word' id='word_1_872' title='bbox 1444 2426 1514 2455; x_wconf 82' lang='grc' dir='ltr'>εἶναι</span> <span class='ocrx_word' id='word_1_873' title='bbox 1527 2426 1567 2462; x_wconf 79' lang='grc' dir='ltr'>τῷ</span> <span class='ocrx_word' id='word_1_874' title='bbox 1594 2423 1754 2461; x_wconf 84' lang='grc' dir='ltr'>προορισμῷ</span> <span class='ocrx_word' id='word_1_875' title='bbox 1774 2423 1826 2458; x_wconf 77' lang='grc' dir='ltr'>τῆς</span> 
     </span>
    </p>
   </div>
   <div class='ocr_carea' id='block_1_108' title="bbox 1034 2467 1826 2513">
    <p class='ocr_par' dir='ltr' id='par_1_108' title="bbox 1034 2467 1826 2513">
     <span class='ocr_line' id='line_1_108' title="bbox 1034 2467 1826 2513; baseline -0.016 -6"><span class='ocrx_word' id='word_1_876' title='bbox 1034 2479 1137 2511; x_wconf 78' lang='grc' dir='ltr'>οἰκείας</span> <span class='ocrx_word' id='word_1_877' title='bbox 1156 2478 1283 2513; x_wconf 88' lang='grc' dir='ltr'>γνώσεως</span> <span class='ocrx_word' id='word_1_878' title='bbox 1307 2474 1534 2511; x_wconf 78' lang='grc' dir='ltr'>προῦπεστήσιιτο</span> <span class='ocrx_word' id='word_1_879' title='bbox 1554 2472 1585 2499; x_wconf 87' lang='grc' dir='ltr'><strong>τὸ</strong></span> <span class='ocrx_word' id='word_1_880' title='bbox 1605 2471 1675 2502; x_wconf 88' lang='grc' dir='ltr'><strong>ὅλως</strong></span> <span class='ocrx_word' id='word_1_881' title='bbox 1697 2467 1768 2496; x_wconf 84' lang='grc' dir='ltr'>εἶναι</span> <span class='ocrx_word' id='word_1_882' title='bbox 1790 2468 1826 2495; x_wconf 73' lang='grc' dir='ltr'>τὰ</span> 
     </span>
    </p>
   </div>
   <div class='ocr_carea' id='block_1_109' title="bbox 1036 2515 1826 2560">
    <p class='ocr_par' dir='ltr' id='par_1_109' title="bbox 1036 2515 1826 2560">
     <span class='ocr_line' id='line_1_109' title="bbox 1036 2515 1826 2560; baseline -0.016 -6"><span class='ocrx_word' id='word_1_883' title='bbox 1036 2527 1124 2554; x_wconf 82' lang='grc' dir='ltr'>πάντα</span> <span class='ocrx_word' id='word_1_884' title='bbox 1133 2534 1140 2541; x_wconf 89' lang='grc'><strong>·</strong></span> <span class='ocrx_word' id='word_1_885' title='bbox 1159 2524 1234 2560; x_wconf 84' lang='grc' dir='ltr'><strong>αὺτῴ</strong></span> <span class='ocrx_word' id='word_1_886' title='bbox 1245 2524 1299 2559; x_wconf 86' lang='grc' dir='ltr'><strong>γὰρ</strong></span> <span class='ocrx_word' id='word_1_887' title='bbox 1309 2523 1349 2558; x_wconf 87' lang='grc' dir='ltr'><strong>τῷ</strong></span> <span class='ocrx_word' id='word_1_888' title='bbox 1366 2520 1446 2553; x_wconf 82' lang='grc' dir='ltr'>εἶναι,</span> <span class='ocrx_word' id='word_1_889' title='bbox 1459 2520 1530 2548; x_wconf 79' lang='grc' dir='ltr'>κατὰ</span> <span class='ocrx_word' id='word_1_890' title='bbox 1544 2517 1656 2555; x_wconf 80' lang='grc' dir='ltr'>πρώτην</span> <span class='ocrx_word' id='word_1_891' title='bbox 1673 2515 1826 2560; x_wconf 77' lang='grc' dir='ltr'>προσ6ολὴν</span> 
     </span>
    </p>
   </div>
   <div class='ocr_carea' id='block_1_110' title="bbox 1035 2559 1825 2603">
    <p class='ocr_par' dir='ltr' id='par_1_110' title="bbox 1035 2559 1825 2603">
     <span class='ocr_line' id='line_1_110' title="bbox 1035 2559 1825 2603; baseline -0.014 -5"><span class='ocrx_word' id='word_1_892' title='bbox 1035 2571 1174 2600; x_wconf 72' lang='grc' dir='ltr'>ἐπιϐάλλει</span> <span class='ocrx_word' id='word_1_893' title='bbox 1185 2572 1200 2598; x_wconf 70' lang='grc' dir='ltr'>ὁ</span> <span class='ocrx_word' id='word_1_894' title='bbox 1217 2571 1289 2603; x_wconf 86' lang='grc' dir='ltr'>νοῦς,</span> <span class='ocrx_word' id='word_1_895' title='bbox 1303 2567 1354 2596; x_wconf 75' lang='grc' dir='ltr'><strong>εἶθ’</strong></span> <span class='ocrx_word' id='word_1_896' title='bbox 1367 2568 1454 2600; x_wconf 75' lang='grc' dir='ltr'>οὕτως</span> <span class='ocrx_word' id='word_1_897' title='bbox 1467 2567 1498 2594; x_wconf 84' lang='grc' dir='ltr'><strong>τὸ</strong></span> <span class='ocrx_word' id='word_1_898' title='bbox 1513 2564 1636 2593; x_wconf 82' lang='grc' dir='ltr'>ὁπωσοῦν</span> <span class='ocrx_word' id='word_1_899' title='bbox 1663 2562 1732 2590; x_wconf 77' lang='grc' dir='ltr'>αὐτὰ</span> <span class='ocrx_word' id='word_1_900' title='bbox 1755 2559 1825 2588; x_wconf 81' lang='grc' dir='ltr'>εἶναι</span> 
     </span>
    </p>
   </div>
   <div class='ocr_carea' id='block_1_111' title="bbox 1035 2607 1825 2655">
    <p class='ocr_par' dir='ltr' id='par_1_111' title="bbox 1035 2607 1825 2655">
     <span class='ocr_line' id='line_1_111' title="bbox 1035 2607 1825 2655; baseline -0.016 -8"><span class='ocrx_word' id='word_1_901' title='bbox 1035 2620 1142 2655; x_wconf 77' lang='grc' dir='ltr'>θεωρεῖ.</span> <span class='ocrx_word' id='word_1_902' title='bbox 1160 2618 1197 2645; x_wconf 85' lang='grc' dir='ltr'>Τὸ</span> <span class='ocrx_word' id='word_1_903' title='bbox 1207 2615 1253 2645; x_wconf 81' lang='grc' dir='ltr'>οὖν</span> <span class='ocrx_word' id='word_1_904' title='bbox 1268 2616 1362 2647; x_wconf 84' lang='grc' dir='ltr'>ἁπλῶς</span> <span class='ocrx_word' id='word_1_905' title='bbox 1377 2614 1457 2646; x_wconf 75' lang='grc' dir='ltr'>εἷναι,</span> <span class='ocrx_word' id='word_1_906' title='bbox 1471 2613 1502 2640; x_wconf 89' lang='grc' dir='ltr'><strong>οὑ</strong></span> <span class='ocrx_word' id='word_1_907' title='bbox 1517 2612 1549 2639; x_wconf 75' lang='grc' dir='ltr'><strong>τὸ</strong></span> <span class='ocrx_word' id='word_1_908' title='bbox 1563 2611 1622 2643; x_wconf 82' lang='grc' dir='ltr'>πῶς</span> <span class='ocrx_word' id='word_1_909' title='bbox 1645 2608 1715 2655; x_wconf 83' lang='grc' dir='ltr'>εἶναι</span> <span class='ocrx_word' id='word_1_910' title='bbox 1726 2607 1825 2655; x_wconf 68' lang='grc' dir='ltr'>ἐδήλω-</span> 
     </span>
    </p>
   </div>
   <div class='ocr_carea' id='block_1_112' title="bbox 1034 2653 1824 2695">
    <p class='ocr_par' dir='ltr' id='par_1_112' title="bbox 1034 2653 1824 2695">
     <span class='ocr_line' id='line_1_112' title="bbox 1034 2653 1824 2695; baseline -0.015 -4"><span class='ocrx_word' id='word_1_911' title='bbox 1034 2653 1193 2695; x_wconf 47' lang='grc' dir='ltr'>σενξεξπὼν</span> <span class='ocrx_word' id='word_1_912' title='bbox 1211 2662 1272 2689; x_wconf 78' lang='grc' dir='ltr'><strong>καθ’</strong></span> <span class='ocrx_word' id='word_1_913' title='bbox 1287 2661 1351 2688; x_wconf 80' lang='grc' dir='ltr'>αὐτὸ</span> <span class='ocrx_word' id='word_1_914' title='bbox 1373 2658 1463 2687; x_wconf 75' lang='grc' dir='ltr'>εἶναι’</span> <span class='ocrx_word' id='word_1_915' title='bbox 1493 2657 1589 2693; x_wconf 84' lang='grc' dir='ltr'>ὥσπερ</span> <span class='ocrx_word' id='word_1_916' title='bbox 1615 2655 1662 2683; x_wconf 79' lang='grc' dir='ltr'><strong>καὶ</strong></span> <span class='ocrx_word' id='word_1_917' title='bbox 1688 2654 1752 2690; x_wconf 78' lang='grc' dir='ltr'>ἑξῆς</span> <span class='ocrx_word' id='word_1_918' title='bbox 1774 2653 1824 2688; x_wconf 81' lang='grc' dir='ltr'>τὴν</span> 
     </span>
    </p>
   </div>
   <div class='ocr_carea' id='block_1_113' title="bbox 1033 2699 1824 2745">
    <p class='ocr_par' dir='ltr' id='par_1_113' title="bbox 1033 2699 1824 2745">
     <span class='ocr_line' id='line_1_113' title="bbox 1033 2699 1824 2745; baseline -0.016 -8"><span class='ocrx_word' id='word_1_919' title='bbox 1033 2709 1171 2745; x_wconf 79' lang='grc' dir='ltr'>αὑτοζωὴν</span> <span class='ocrx_word' id='word_1_920' title='bbox 1199 2710 1249 2745; x_wconf 80' lang='grc' dir='ltr'>τὴν</span> <span class='ocrx_word' id='word_1_921' title='bbox 1273 2706 1497 2742; x_wconf 83' lang='grc' dir='ltr'>αὺτοομοιότητα,</span> <span class='ocrx_word' id='word_1_922' title='bbox 1522 2703 1569 2731; x_wconf 74' lang='grc' dir='ltr'>καὶ</span> <span class='ocrx_word' id='word_1_923' title='bbox 1592 2701 1626 2729; x_wconf 82' lang='grc' dir='ltr'>τὰ</span> <span class='ocrx_word' id='word_1_924' title='bbox 1655 2701 1703 2728; x_wconf 73' lang='grc' dir='ltr'><strong>σὺν</strong></span> <span class='ocrx_word' id='word_1_925' title='bbox 1731 2699 1824 2730; x_wconf 83' lang='grc' dir='ltr'>αὐτοῖς</span> 
     </span>
    </p>
   </div>
   <div class='ocr_carea' id='block_1_114' title="bbox 1033 2745 1824 2788">
    <p class='ocr_par' dir='ltr' id='par_1_114' title="bbox 1033 2745 1824 2788">
     <span class='ocr_line' id='line_1_114' title="bbox 1033 2745 1824 2788; baseline -0.015 -5"><span class='ocrx_word' id='word_1_926' title='bbox 1033 2755 1128 2788; x_wconf 75' lang='grc' dir='ltr'>εἰπὼν,</span> <span class='ocrx_word' id='word_1_927' title='bbox 1140 2755 1171 2782; x_wconf 84' lang='grc' dir='ltr'><strong>τὸ</strong></span> <span class='ocrx_word' id='word_1_928' title='bbox 1184 2755 1252 2786; x_wconf 82' lang='grc' dir='ltr'>ὅλως</span> <span class='ocrx_word' id='word_1_929' title='bbox 1263 2752 1332 2781; x_wconf 78' lang='grc' dir='ltr'>εἶναι</span> <span class='ocrx_word' id='word_1_930' title='bbox 1344 2753 1417 2788; x_wconf 82' lang='grc' dir='ltr'>ζωὴν</span> <span class='ocrx_word' id='word_1_931' title='bbox 1438 2752 1486 2779; x_wconf 75' lang='grc' dir='ltr'>καὶ</span> <span class='ocrx_word' id='word_1_932' title='bbox 1498 2750 1590 2782; x_wconf 82' lang='grc' dir='ltr'>ἁπλῶς</span> <span class='ocrx_word' id='word_1_933' title='bbox 1601 2748 1632 2776; x_wconf 82' lang='grc' dir='ltr'><strong>τὸ</strong></span> <span class='ocrx_word' id='word_1_934' title='bbox 1645 2747 1704 2784; x_wconf 80' lang='grc' dir='ltr'>ζῇν,</span> <span class='ocrx_word' id='word_1_935' title='bbox 1720 2746 1781 2782; x_wconf 57' lang='grc' dir='ltr'><strong>οὺῤ</strong></span> <span class='ocrx_word' id='word_1_936' title='bbox 1792 2745 1824 2780; x_wconf 85' lang='grc' dir='ltr'><strong>δὴ</strong></span> 
     </span>
    </p>
   </div>
   <div class='ocr_carea' id='block_1_115' title="bbox 1032 2795 1825 2843">
    <p class='ocr_par' dir='ltr' id='par_1_115' title="bbox 1032 2795 1825 2843">
     <span class='ocr_line' id='line_1_115' title="bbox 1032 2795 1825 2843; baseline -0.015 -9"><span class='ocrx_word' id='word_1_937' title='bbox 1032 2807 1083 2843; x_wconf 76' lang='grc' dir='ltr'>τὴν</span> <span class='ocrx_word' id='word_1_938' title='bbox 1102 2805 1207 2833; x_wconf 85' lang='grc' dir='ltr'>τοιάνδε</span> <span class='ocrx_word' id='word_1_939' title='bbox 1230 2804 1304 2841; x_wconf 83' lang='grc' dir='ltr'>ζωὴν</span> <span class='ocrx_word' id='word_1_940' title='bbox 1326 2803 1500 2839; x_wconf 73' lang='grc' dir='ltr'>εἰσηγήσατο.</span> <span class='ocrx_word' id='word_1_941' title='bbox 1529 2801 1635 2836; x_wconf 81' lang='grc' dir='ltr'>Ὥσπερ</span> <span class='ocrx_word' id='word_1_942' title='bbox 1648 2798 1738 2826; x_wconf 80' lang='grc' dir='ltr'>τοίνυν</span> <span class='ocrx_word' id='word_1_943' title='bbox 1751 2795 1825 2831; x_wconf 78' lang='grc' dir='ltr'><strong>λόγῳ</strong></span> 
     </span>
    </p>
   </div>
  </div>
