1938 3065
130 179 179 207 8H

417 177 459 203 DE
479 176 605 204 DlVlNlS
622 175 821 208 NOMINIBUS,
840 175 916 204 CAP.
936 175 957 202 ν
988 191 1022 196 -—
1039 175 1214 204 PARAPHR.
1234 176 1470 206 PACHYMEﬁrE.

1703 178 1756 205 δίε

129 238 183 264 τινὶ
197 235 243 263 ἐπὶ
254 235 307 262 τῶν
318 235 378 262 καθ*
393 235 466 270 ἡμᾶς
477 237 637 269 ποιοτήτων,
652 234 736 269 ἤγουν
755 234 803 269 τῆς
824 233 911 260 λευκά

969 233 1175 260 similitudinem
1191 238 1218 261 et
1242 239 1341 262 caatera
1362 234 1441 266 dixit,
1457 234 1568 262 omnino
1583 234 1667 261 vitam
1679 242 1754 268 esse,

129 291 220 318 τητος,
238 282 289 317 τῆς
312 281 451 317 μελανίας,
471 280 552 307 οἱονεὶ
564 280 671 316 πρῶτόν
694 289 754 306 τινα
779 280 918 306 αὑτοποιό-

129 337 199 364 τητα
216 327 340 363 νοοῦμεν,
358 327 440 362 ἣγουν
453 325 612 362 λευκότητα,
628 326 661 361 ἢν
676 326 708 362 δὴ
720 326 918 362 συμὸαίνουσαν

128 376 186 407 τοῖς
201 375 400 410 ὑποκειμένοις,
416 374 463 400 καὶ
479 373 620 408 φαίνεσθαι
648 374 695 400 καὶ
718 373 801 408 δρᾷν·
821 371 878 399 οἷον
901 374 918 407 ἡ

129 420 341 457 αὑτοασώματος
355 420 497 455 λευκότης,
518 420 697 454 ἐπιγενομένη
725 419 843 454 σώματι,
860 419 919 446 λευ-

130 467 217 494 καίνει
230 467 319 499 τοῦτο,
335 466 405 493 οὓτω
421 475 464 502 μοι
483 466 548 498 νόει,
562 466 630 501 πλὴν
641 465 789 500 ἀναλόγως,
807 466 854 492 καὶ
873 467 919 493 ἐπὶ

128 512 183 539 τῶν
203 512 312 548 δωρεῶν
327 513 382 539 τῶν
406 512 495 544 θείων,
520 512 570 547 τῆς
585 512 667 547 ζωῆς,
683 512 734 547 τῆς
758 512 864 547 σοφίας,
886 512 918 544 ἃς

129 557 256 584 ἐκάλεσεν
269 557 355 593 ἀρχὰς
369 557 423 584 τῶν
437 556 530 585 ὄντων,
549 557 605 592 Τῆς
625 557 760 593 ημετέρας
775 557 829 594 γὰρ
846 557 918 592 ζωῆς

128 603 200 639 ἀρχὴ
217 604 265 630 καὶ
276 603 442 639 δημιουργὸς
461 603 477 638 ή
494 602 627 638 αὑτοζωὴ,
647 603 693 629 καὶ
715 603 765 638 τῆς
783 603 877 637 σοφίας
901 604 917 638 ἡ

128 650 285 685 αὑτοσοφία.
301 647 385 677 Αὗται
397 647 442 676 οὖν
459 649 567 685 πρῶτον
579 649 748 676 ὲπινοοῦνται
763 648 850 681 οὖσαι,
868 647 917 676 εἷθ’

128 698 214 730 οὕτως
227 699 280 724 είσὶ
290 698 336 724 καὶ
351 698 434 733 ἀρχαὶ
448 697 502 724 τῶν
521 697 640 729 ζώντων,
685 697 807 733 αὺτοζωὴ
819 699 834 733 ἡ
846 697 916 729 θεία,

128 745 210 780 φημὶ,
227 745 272 771 καὶ
290 745 318 770 εν
333 744 372 779 τῷ
386 743 444 779 Θεῴ
455 744 521 779 ζωή.
541 744 636 779 Τίθησι
650 744 678 771 δὲ
693 744 724 770 τὺ
742 744 782 776 ὡς
793 743 915 775 ζώντων,

127 790 168 816 ὅτι
183 789 261 816 πάλιν
275 790 312 821 ὡς
323 789 407 816 ὄντων
421 789 452 815 τὸ
465 789 530 815 αὐτὸ
546 788 591 815 ὃν·
606 789 652 815 καὶ
666 789 703 820 ὡς
719 788 808 822 σοφῶν
821 787 916 819 ὄντων,

127 836 144 870 ἡ
160 836 307 870 αὐτοσοφία
318 836 389 871 ἀρχή
402 836 470 866 ἐστι,
479 836 527 861 καὶ
541 834 595 860 τῶν
606 835 716 870 ὁμοίων.
732 833 852 869 Εἴπομεν
863 833 917 870 γὰρ

127 884 173 910 καὶ
194 884 299 920 πρώην,
316 884 356 910 ὅτι
370 884 531 919 ὁμοιότητας
545 882 618 916 λέγει
638 882 699 909 καθ’
711 883 744 914 ἃς
759 883 916 918 μετέχουσιν

126 931 151 956 οἱ
162 930 229 956 θεῖοι
240 931 299 962 νόες
310 929 356 956 τοῦ
368 929 446 956 Θεοῦ.
460 929 569 956 Τούτων
588 927 634 956 οὖν
653 927 708 955 τῶν
722 929 822 965 ὁμοίων
843 928 913 964 ἀρχὴ

126 977 143 1011 ὴ
166 976 368 1012 αὐτοομοιότης,
388 976 422 1012 ἢν
444 976 505 1003 καθ’
523 975 602 1002 ἑαυτὸ
616 975 646 1002 τὸ
661 975 737 1001 Θεῒον
759 975 854 1010 αὐχεῖ-
868 974 915 1000 καὶ

124 1022 180 1048 τῶν
209 1023 366 1058 ἡνωμένων,
397 1022 516 1058 δηλονότι
545 1021 599 1048 τῶν
630 1021 852 1057 περιωρισμένων
880 1021 912 1056 τῇ

126 1067 214 1102 οἰκείᾳ
237 1067 326 1102 φύσει,
349 1068 396 1094 καὶ
419 1068 456 1104 μὴ
483 1067 704 1103 ἐσκεδασμένων·
723 1067 836 1094 ἕκαστον
859 1066 914 1101 γὰρ

126 1112 181 1138 τῶν
194 1112 279 1139 ὅντων
305 1113 374 1140 κατά
390 1122 451 1140 τινα
464 1113 563 1140 ἑνιαῖον
575 1112 754 1148 περιορισμὸν
766 1112 813 1138 καὶ
825 1110 914 1146 ἑαυτῷ

125 1160 262 1194 ἡνωμένον
280 1159 446 1186 συνίσταται.
463 1159 571 1186 Τούτων
596 1157 643 1186 οὖν
658 1159 739 1186 πάλιν
758 1159 829 1194 ἀρχὴ
845 1160 862 1194 ἡ
885 1160 914 1186 ἐν

123 1205 163 1241 τῷ
177 1205 236 1240 Θεῷ
249 1205 410 1240 αὑτοενότης
420 1215 426 1220 ·
441 1206 488 1233 καὶ
507 1206 561 1232 τῶν
575 1206 661 1233 ἄλλων
677 1207 727 1233 ὅσα
745 1206 761 1242 ἢ
773 1206 823 1241 τῆς
841 1205 913 1242 ζωῆς

125 1251 282 1286 μετέχοντα,
294 1250 311 1287 ἦ
325 1251 375 1287 τῆς
391 1251 528 1285 γνώσεως,
545 1252 561 1288 ἢ
577 1252 623 1278 καὶ
637 1251 808 1287 ἀμφοτέρων,
824 1250 913 1283 ζῶντά

124 1299 203 1330 εἰσιν,
220 1298 236 1334 ἢ
254 1298 334 1334 σοφὰ,
347 1299 364 1334 ἢ
377 1299 424 1326 καὶ
434 1299 586 1335 ἀμφότερα,
599 1299 672 1334 ﬂata}.
688 1297 809 1330 πλείονα,
820 1298 836 1334 ἢ
848 1297 913 1333 γοῦν

124 1344 172 1370 κα)⁵
190 1343 264 1376 ὄντα,
277 1344 323 1370 καὶ
338 1344 470 1377 ἀθάνατα,
487 1345 535 1371 καὶ
545 1344 637 1380 νοερὰ,
652 1344 689 1376 ὡς
708 1345 753 1371 ἐπὶ
768 1345 821 1371 τῶν
833 1344 912 1371 θείων

123 1389 246 1424 ἀγγέλων
258 1399 265 1405 ·
282 1390 382 1417 τούτων
403 1388 448 1417 οὖν
465 1391 591 1418 ἁπάντων
602 1390 651 1423 τὰς
665 1391 848 1427 αὑτομετοχὰς
866 1392 911 1417 εὐ-

127 1435 232 1470 ρὴσεις,
246 1435 367 1470 δηλονότι
378 1436 427 1471 τὴν
447 1435 595 1472 αὐτοζωὴν,
608 1436 656 1472 τὴν
672 1437 845 1472 αὺτοσοφίαν,
865 1437 912 1464 καὶ

121 1480 158 1507 τὰ
172 1480 262 1513 λοιπὰ,
276 1481 323 1508 τοῦ
338 1479 407 1508 εἶναι
422 1482 597 1518 μετεχούσας,
619 1483 666 1509 καὶ
682 1484 711 1509 ὲν
729 1483 768 1518 τῷ
783 1481 850 1510 εἶναι
864 1492 912 1518 με-

122 1527 236 1558 νούσας’
254 1527 322 1554 καθὸ
346 1528 400 1564 γὰρ
423 1527 500 1556 αὗται
525 1529 572 1555 τοῦ
592 1527 661 1556 εἶναι
687 1530 838 1565 μετέχουσι,
866 1531 912 1557 καί

122 1573 188 1604 εἱσι,
204 1573 272 1599 κατὶ
285 1573 364 1599 τοῦτο
375 1575 421 1601 καὶ
433 1575 508 1610 παρὰ
522 1575 575 1601 τῶν
586 1574 674 1601 ἄλλων
690 1575 857 1610 μετέχονται.

970 283 998 306 et
1015 279 1177 313 simpliciter
1190 279 1294 312 vivere,
1324 287 1496 315 nequaquam
1513 287 1577 307 vero
1603 281 1756 308 istiusmodi

970 325 1053 351 vitam
1070 325 1227 359 explicavit.
1243 325 1319 352 Sicut
1336 325 1420 360 igitur
1431 325 1520 360 aliqua
1531 327 1639 354 ratione
1654 326 1681 353 in
1690 335 1757 361 qua-

970 371 1092 399 litalibus
1107 372 1286 404 nostratibus,
1300 380 1325 398 v.
1341 380 1366 407 g.
1381 371 1518 404 albedine,
1534 373 1685 407 nigredine,
1700 373 1747 406 pri~

970 425 1043 444 mum
1064 418 1142 451 quasi
1174 425 1222 452 per
1241 425 1271 445 se
1294 418 1455 452 qualitatem
1481 418 1600 452 aliquam
1629 419 1754 453 concipi-

970 471 1040 494 mus,
1063 463 1208 498 ipsammet
1233 463 1339 490 scilicet
1369 463 1523 491 albedinem
1550 471 1600 499 per
1628 465 1756 491 accidens

970 507 1100 542 subjectis
1115 509 1320 542 advenientem,
1343 514 1370 536 et
1383 515 1524 544 apparere,
1545 513 1572 536 et
1582 510 1709 544 operari;
1726 516 1756 537 ut

970 561 1031 581 cum
1045 554 1142 582 albedo
1153 562 1201 589 per
1221 562 1250 582 se
1265 555 1426 590 incorporea
1439 556 1462 571 ⁸⁵
1481 556 1589 590 corpori
1606 557 1756 583 adveniens

970 600 1035 627 illud
1064 600 1182 634 dealbat,
1205 601 1241 628 ita
1270 602 1383 636 concipe
1413 602 1479 634 hzec,
1502 602 1549 630 sed
1577 603 1756 637 proportione

970 654 1114 674 munerum
1134 647 1300 681 divinorum,
1322 648 1394 680 vitaz,
1417 647 1568 683 sapientiae,
1583 656 1644 682 qua:
1664 657 1756 676 rerum

968 693 1103 728 principia
1129 693 1285 728 appellavit.
1307 692 1414 721 Nostrae
1425 694 1498 721 enim
1514 694 1575 721 vitae
1589 695 1754 729 principium

969 744 996 766 et
1016 745 1111 767 auctor
1129 745 1171 768 est
1192 740 1250 774 ipsa
1271 747 1319 774 per
1338 748 1367 768 se
1388 741 1454 774 vita,
1475 746 1503 768 et
1530 741 1672 775 sapientia:
1698 742 1756 777 ipsa

970 793 1018 820 per
1045 794 1075 814 se
1094 787 1240 821 sapientia.
1257 787 1320 815 Haec
1339 787 1431 822 itaque
1458 788 1575 823 primum
1596 788 1756 823 concipiun-

969 837 1013 860 tur
1029 834 1173 867 exsistere,
1191 841 1223 861 ac
1239 834 1337 862 deinde
1357 834 1397 861 sic
1415 834 1548 862 exsistere
1559 835 1692 870 principia
1713 835 1755 861 vi-

968 881 1103 912 vcntium,
1116 880 1187 915 ipsa,
1208 880 1329 914 inquam,
1345 880 1436 908 divina
1457 888 1507 915 per
1520 888 1549 908 se
1567 881 1631 914 vita,
1648 885 1675 909 et
1695 888 1756 916 qua:

968 927 993 953 in
1027 928 1081 954 Deo
1119 931 1161 954 est
1195 927 1260 954 vita.
1289 928 1407 962 Apponit
1435 933 1525 955 autem
1559 933 1687 963 quatenus
1717 929 1755 955 vi-

966 978 1043 1006 vunt,
1073 974 1143 1000 sicut
1173 974 1255 1000 etiam
1290 980 1338 1001 ens
1371 981 1419 1008 per
1452 981 1492 1006 se,
1524 980 1660 1009 quatenus
1679 981 1753 1007 sunt,

966 1024 993 1047 et
1012 1024 1150 1054 quatenus
1173 1020 1293 1055 sapiunt,
1321 1021 1380 1055 ipsa
1400 1028 1448 1055 per
1471 1028 1500 1048 se
1528 1021 1660 1056 sapientia
1680 1023 1754 1057 prin-

967 1066 1070 1100 cipium
1099 1066 1217 1098 exsistit,
1234 1070 1261 1092 et
1280 1065 1319 1092 sic
1351 1065 1385 1092 de
1407 1065 1550 1092 similibus.
1575 1065 1653 1094 Prius
1680 1072 1752 1093 enim

967 1112 1140 1144 dicebamus,
1176 1113 1263 1146 ipsum
1293 1111 1484 1139 similitudines
1520 1118 1625 1143 vocare.
1656 1119 1753 1139 secun-

966 1158 1030 1185 dum
1056 1165 1124 1192 quas
1145 1158 1245 1185 divina:
1267 1163 1371 1185 mentes
1397 1157 1480 1184 Deum
1500 1158 1673 1192 participant.
1696 1156 1751 1184 lla-

965 1211 1024 1231 rum
1058 1203 1151 1238 itaque
1185 1204 1390 1232 similituthnum
1422 1204 1584 1239 principium
1617 1209 1660 1232 est
1694 1205 1751 1238 ipsa

964 1258 1013 1285 per
1027 1258 1057 1278 se
1067 1251 1225 1282 similitudo,
1239 1251 1272 1278 de
1284 1258 1336 1285 qua
1350 1250 1405 1285 ipse
1418 1258 1467 1285 per
1478 1257 1508 1277 se
1518 1250 1588 1277 Deus
1599 1251 1749 1285 gloriatur;

965 1298 1004 1327 uti
1017 1304 1044 1326 et
1054 1306 1145 1325 rerum
1169 1298 1318 1330 unitarum,
1340 1298 1365 1325 id
1388 1302 1429 1325 est
1451 1303 1548 1324 natura
1564 1305 1612 1325 sua
1626 1298 1752 1325 deﬁnita-

964 1352 1036 1378 rum,
1049 1350 1074 1371 et
1088 1345 1332 1379 nondispersarum
1347 1353 1353 1371 ε
1366 1343 1491 1379 quaelibet
1504 1344 1576 1370 enim
1592 1351 1645 1376 res,
1658 1351 1751 1371 secun-

963 1391 1027 1417 dum
1044 1398 1125 1417 unam
1142 1390 1260 1425 aliquam
1272 1390 1469 1421 deﬁnitionem,
1486 1390 1537 1417 sibi
1557 1397 1663 1424 quoque
1677 1390 1751 1417 unita

963 1441 1081 1465 constat.
1097 1436 1199 1463 llorum
1220 1436 1302 1471 igitur
1318 1437 1416 1464 iterum
1434 1436 1596 1472 principium
1619 1436 1676 1470 ipsa
1691 1444 1752 1472 qua:

964 1485 990 1511 in
1018 1484 1074 1510 Deo
1088 1488 1130 1510 est
1145 1491 1193 1518 per
1207 1491 1236 1511 se
1261 1483 1366 1514 unitas;
1385 1488 1442 1510 tum
1464 1489 1492 1510 et
1505 1487 1667 1510 caeterorum
1679 1491 1753 1518 qua:-

963 1538 1071 1564 cunque
1086 1530 1127 1556 vel
1146 1530 1242 1562 vitam,
1256 1529 1300 1557 vel
1315 1530 1452 1561 notitiam,
1466 1530 1509 1556 vel
1530 1535 1676 1565 utrumque
1689 1538 1752 1565 par-

965 1576 1101 1610 ticipando
1113 1576 1219 1608 vivunt,
1235 1575 1276 1601 vel
1294 1576 1412 1609 sapiunt,
1428 1575 1470 1602 vel
1485 1581 1601 1610 utraque
1615 1580 1662 1602 aut
1673 1575 1752 1609 plura

122 1619 236 1650 habent,
253 1619 374 1653 quinimo
390 1621 431 1648 vel
451 1622 523 1648 entia
539 1626 611 1654 sunt,
626 1621 668 1648 vel
694 1621 868 1652 immortalia.
894 1622 935 1649 vel
956 1622 1143 1656 intelligentia,
1160 1627 1189 1649 ut
1207 1623 1233 1649 in
1256 1622 1353 1650 divinis
1375 1622 1478 1658 angelis
1504 1622 1621 1655 accidit;
1642 1622 1751 1655 horum,

122 1666 246 1700 inquam.
262 1667 383 1695 omnium
406 1675 455 1702 per
481 1675 510 1695 se
536 1668 757 1703 partieipationes
781 1668 910 1703 reperies,
925 1668 1030 1696 scilicet
1045 1669 1130 1703 ipsam
1147 1675 1194 1703 per
1209 1675 1238 1696 se
1253 1669 1347 1700 vitam.
1364 1676 1412 1703 per
1423 1675 1451 1695 se
1466 1669 1640 1703 sapientiam,
1654 1673 1682 1696 et
1698 1676 1751 1695 cte-

123 1721 182 1743 tera
199 1716 345 1751 ipsuunnet
372 1723 432 1743 esse
452 1715 617 1750 participare
642 1720 668 1742 et
690 1715 716 1742 in
743 1722 804 1743 esse
838 1722 1015 1749 permanere;
1049 1716 1076 1742 in
1108 1720 1240 1750 quantum
1264 1716 1337 1742 enim
1359 1723 1419 1742 csse
1448 1716 1611 1750 participant
1631 1721 1659 1743 et
1676 1722 1750 1749 sunt,

122 1763 150 1790 in
172 1767 277 1789 tantum
297 1762 379 1788 etiam
399 1761 432 1787 ab
447 1761 508 1788 aliis
521 1760 732 1795 participantur.

159 1807 173 1843 ᾗ
188 1808 228 1835 Vl.
243 1808 275 1834 El
298 1807 326 1834 δὲ
356 1807 447 1833 ἐκεῖνα
460 1806 494 1833 τὰ
509 1806 629 1842 μείζονα,
646 1806 717 1841 ἆπερ
739 1806 828 1841 έχουσι
850 1807 910 1833 καθ’

1000 1804 1014 1840 §
1032 1804 1072 1831 Vl.
1090 1803 1117 1831 Si
1130 1800 1220 1831 autem
1239 1804 1282 1832 illa
1308 1805 1422 1840 majora,
1439 1814 1499 1840 quin
1521 1806 1622 1835 habent
1639 1815 1752 1843 quoque

121 1855 236 1881 ἕκαστον
254 1854 300 1881 καὶ
325 1854 355 1880 τὸ
377 1852 453 1884 αὐτὸ,
474 1854 503 1879 ὲν
517 1854 550 1888 τῇ
568 1854 667 1888 μετοχῇ
684 1852 731 1879 τοῦ
749 1852 824 1884 δντος
847 1853 910 1883 εἰσὶ,

122 1902 199 1936 πόσῳ
211 1910 243 1935 γε
261 1901 359 1936 μᾶλλον
373 1900 458 1927 ταῦτα
469 1900 501 1935 δὴ
511 1899 545 1926 τὰ
556 1899 667 1926 ἐκείνων
684 1899 829 1934 μετέχοντα
841 1900 912 1925 ποιεῖ

120 1947 153 1974 τὸ
167 1945 245 1980 εἶναι,
260 1948 348 1980 ζῶντα
358 1946 449 1982 τυχὸν,
462 1946 478 1982 ἢ
491 1946 570 1981 σοφὰ,
583 1947 611 1972 ὲν
620 1947 653 1981 τῇ
666 1946 776 1972 ἐκείνων
792 1946 891 1980 μετοχῇ
903 1954 908 1959 ·

121 1995 170 2021 καὶ
191 1995 220 2020 οὐ
237 1993 339 2030 (καθὼς
356 1993 524 2028 ὑπολήψαιτό
553 2002 595 2025 τις
619 1992 775 2026 ἀσυνέτως)
798 1993 840 2018 ὅτι
865 1991 912 2026 ἀφ’

121 2041 237 2072 ἑαυτῶν,
253 2041 299 2067 καὶ
309 2040 339 2066 οὐ
355 2039 424 2066 κατὰ
439 2039 554 2075 μετοχὴν
571 2039 674 2074 ἐτέρου,
688 2037 772 2064 ταῦτα
785 2039 890 2073 ἔχουσιν
903 2046 909 2069 ;

124 2087 202 2112 Ἔστι
214 2086 240 2112 δὲ
255 2085 285 2111 τὸ
299 2085 464 2120 ἐπιχείρημα
478 2083 694 2119 δραστικώτατον
707 2084 738 2109 ἐκ
758 2082 804 2109 τοῦ
821 2081 911 2118 μείζο-

121 2139 176 2162 νος.
192 2130 307 2166 Πρώτην
320 2131 409 2157 τοίνυν
430 2130 480 2165 τὴν
494 2129 541 2156 τοῦ
566 2127 636 2156 εἷναι
654 2128 758 2165 δωρεὰν
779 2130 838 2160 τοῖς
852 2126 911 2154 οὖσι

122 2176 310 2212 παρεχόμενος
324 2175 421 2207 ὁΘεὸς,
434 2176 466 2202 ἐκ
477 2175 578 2210 ταύτης
591 2175 638 2202 καὶ
650 2173 764 2210 πρώτως
776 2175 909 2210 ὑμνεῖται,

122 2223 171 2248 καὶ
186 2222 257 2248 ἐστιν
269 2222 297 2255 ἐξ
310 2221 395 2257 αὐτῆς
417 2222 463 2248 καὶ
479 2221 544 2248 αὐτὸ
556 2221 586 2247 τὸ
600 2219 668 2247 εἶναι
684 2221 802 2251 πάντων,
824 2221 870 2247 καὶ
883 2222 911 2246 ἐν

122 2269 191 2303 αὐτῇ
217 2268 416 2303 συνειλημμένα
431 2267 638 2304 διακρατοῦνται
654 2267 723 2294 κατὰ
747 2267 835 2302 ἁπλῆν
850 2276 912 2294 τινα

122 2315 171 2341 καὶ
186 2314 360 2349 περιεκτικὴν
375 2314 429 2340 τῶν
443 2314 510 2340 ὅλων
525 2314 613 2340 αἰτίαν
626 2314 673 2339 καὶ
684 2313 797 2349 ἄσχετον
807 2322 812 2328 ·
824 2314 910 2340 οὐδενὶ

121 2361 178 2396 γὰρ
197 2360 267 2395 λόγῳ
278 2360 295 2395 ἢ
309 2361 434 2396 νοήματι,
450 2360 466 2394 ἣ
481 2360 623 2395 πράγματι
641 2359 697 2394 ἔχει
712 2360 743 2385 τὸ
765 2360 842 2385 Θεῖον
862 2360 910 2395 τὴν

122 2407 192 2442 πρὸς
209 2405 242 2431 τὰ
258 2405 322 2431 ὅντα
338 2405 429 2440 σχέσιν
450 2413 480 2431 τε
505 2406 552 2431 καὶ
577 2405 727 2432 κοινωνίαν.
743 2405 783 2432 Τὰ
799 2405 826 2432 δὲ
848 2406 911 2441 ἑξῆς

123 2452 334 2488 παραδείγματα
349 2451 510 2478 πιστευτικά
529 2452 581 2478 εἱσι
605 2451 652 2478 τοῦ
674 2449 742 2478 εἷναι
769 2452 858 2479 πάντα
879 2453 911 2479 ὲκ

964 1851 1069 1884 singula
1092 1858 1140 1885 per
1153 1858 1194 1884 se,
1212 1852 1354 1878 cntitatem
1369 1852 1544 1887 participem,
1567 1859 1670 1888 quanto
1693 1864 1751 1883 ma-

963 1899 1005 1933 gis
1019 1899 1077 1926 inec
1098 1906 1157 1933 qua:
1173 1898 1281 1925 illorum
1298 1899 1442 1934 participia
1469 1906 1543 1933 sunt,
1571 1901 1635 1929 facit
1661 1903 1750 1937 ipsum

963 1952 1023 1972 esse
1043 1945 1174 1976 viventia,
1190 1952 1216 1971 v.
1233 1953 1273 1979 θη
1294 1945 1335 1972 vel
1350 1946 1493 1980 sapientia,
1510 1954 1559 1981 per
1581 1947 1622 1974 sui
1639 1949 1751 1982 partici-

963 1992 1100 2025 pationem
1115 2000 1121 2024 ;
1139 1996 1165 2018 et
1178 1998 1230 2018 non
1247 1992 1288 2026 (ut
1313 1986 1448 2026 quispiam
1471 1993 1596 2027 imperite
1618 1995 1750 2028 suspicari

962 2039 1064 2072 posset)
1081 2045 1129 2072 per
1155 2045 1184 2065 se
1205 2042 1230 2064 et
1247 2037 1306 2065 sine
1324 2039 1439 2066 alterius
1462 2039 1673 2074 participatione
1694 2041 1752 2069 haec

964 2083 1084 2110 habent?
1105 2083 1153 2110 Est
1173 2087 1262 2110 autem
1283 2085 1335 2111 hoc
1355 2090 1545 2119 argumentum
1565 2085 1647 2122 444
1660 2087 1752 2114 ellica-

963 2130 1102 2156 eissimum
1120 2137 1134 2156 a
1159 2129 1265 2164 majori.
1282 2129 1349 2156 Cum
1374 2130 1466 2164 itaque
1481 2132 1551 2158 Deus
1567 2134 1682 2166 primunt
1699 2135 1749 2161 hoc

963 2175 1062 2202 donum
1094 2177 1174 2203 rebus
1197 2176 1340 2210 largiantur,
1357 2184 1390 2202 ex
1418 2177 1476 2211 ipso
1501 2185 1608 2212 quoque
1631 2179 1749 2213 primum

965 2220 1102 2254 laudatur,
1116 2227 1143 2248 et
1154 2222 1263 2249 exsistit
1278 2229 1311 2248 ex
1326 2222 1394 2256 ipso,
1408 2222 1555 2256 ipsummet
1567 2229 1608 2251 est
1618 2232 1677 2252 esse
1691 2234 1750 2252 om-

963 2267 1048 2299 nium,
1061 2272 1088 2294 et
1104 2268 1130 2294 in
1144 2268 1202 2302 ipso
1224 2268 1337 2295 collecta
1359 2269 1533 2296 continentur
1546 2271 1635 2296 omnia
1653 2279 1748 2299 secun-

963 2315 1025 2341 dum
1042 2314 1193 2349 simplicem
1207 2315 1326 2349 aliquam
1351 2319 1379 2342 et
1393 2317 1648 2350 comprehensivam
1662 2323 1691 2346 et
1707 2319 1749 2346 in~

962 2361 1184 2395 comprehensam
1213 2362 1406 2389 universorum
1428 2369 1537 2389 causam
1552 2373 1559 2391 :
1576 2364 1650 2390 nulla
1676 2366 1748 2392 enim

964 2406 1081 2438 ratiOne,
1107 2406 1148 2433 vel
1171 2411 1316 2441 conceptu.
1335 2407 1377 2433 vel
1404 2414 1433 2434 re
1461 2409 1680 2436 communionem
1705 2411 1748 2436 vel

968 2452 1172 2487 proportionem
1186 2453 1269 2479 habet
1284 2453 1354 2480 Deus
1371 2461 1432 2480 cum
1449 2454 1530 2481 rebus
1540 2455 1747 2484 cxsistentibus.

121 2500 170 2526 τοῦ
193 2498 271 2529 Θεοῦ,
297 2498 334 2530 ὡς
356 2498 442 2524 αἰτίου
465 2498 514 2533 τῆς
537 2497 638 2524 τούτων
660 2498 812 2534 ὑπάρξεως,
830 2498 910 2525 ἄλλου

965 2499 1093 2534 Exempla
1118 2504 1209 2526 autem
1233 2507 1293 2534 quaa
1315 2505 1468 2535 sequuntur
1483 2500 1561 2528 [idem
1581 2501 1694 2534 faciunt,
1716 2511 1747 2530 ea

122 2544 199 2581 παρὰ
221 2543 305 2571 ταῦτα
325 2543 501 2578 ὑπάρχοντος,
528 2545 575 2570 καὶ
596 2545 625 2570 ὲν
651 2544 724 2579 αὐτῴ
750 2545 911 2571 συνεστάναι

122 2592 195 2627 ἄλλῳ
207 2591 282 2626 παρὰ
297 2590 382 2616 ταῦτα
395 2590 542 2625 ὑπάρχοντι
552 2599 558 2604 ·
575 2591 591 2625 ἡ
606 2590 660 2626 γὰρ
674 2590 768 2625 μονὰς,
784 2590 822 2622 ὡς
837 2591 911 2616 αἰτία

122 2637 258 2673 ἀριθμῶν,
271 2636 404 2668 ὲνοειδῶς,
417 2637 447 2662 οὑ
460 2636 662 2671 ποικιλλομένη,
675 2637 691 2671 ἢ
704 2636 790 2668 ἄλλως
805 2636 852 2662 καὶ
863 2636 910 2663 ἄλ·-

119 2687 176 2716 λως
194 2683 336 2719 νοουμένη,
351 2683 413 2714 τοὺς
436 2683 538 2714 πάντας
560 2683 732 2718 περιείληφεν
755 2683 888 2718 ἀριθμούς
901 2693 907 2698 ·

123 2730 208 2756 καὶτὸ
227 2730 308 2765 μέσον
320 2729 366 2755 τοῦ
383 2728 480 2754 κύκλου
497 2729 607 2763 κέντρον
621 2729 728 2761 ἁπάσας
738 2729 787 2761 τὰς
799 2730 852 2756 ἀπὸ
859 2729 909 2765 τῆς

123 2776 299 2811 περιφερείας
322 2775 427 2807 εὐθείας
451 2775 570 2810 περιέχει
589 2775 719 2808 ἑνοειδὼς,
737 2776 783 2802 καὶ
807 2775 908 2807 ἁπλῶς,

964 2555 1024 2581 quae
1047 2551 1110 2574 sunt
1140 2547 1229 2575 omnia
1252 2554 1283 2574 ex
1297 2547 1352 2574 Deo
1365 2547 1508 2581 exsistere,
1524 2553 1652 2583 tanquam
1667 2556 1747 2577 causa

965 2601 1060 2621 eorum
1081 2595 1257 2626 exsistentiaa,
1272 2601 1335 2621 cum
1351 2594 1474 2622 diversus
1487 2596 1522 2622 sit
1537 2595 1571 2622 ab
1596 2596 1646 2622 illis
1656 2616 1663 2628 ,
1678 2602 1705 2623 et
1720 2597 1747 2623 in

966 2641 1025 2674 ipso
1037 2641 1189 2668 consistant
1202 2641 1309 2667 diverso
1321 2640 1355 2667 ab
1370 2640 1423 2667 illis
1436 2641 1595 2673 exsistcnte;
1613 2641 1747 2675 siquidem

964 2691 1063 2719 unitas,
1088 2692 1215 2721 tanquam
1244 2693 1325 2714 causa
1350 2693 1537 2718 numerorum,
1565 2686 1746 2720 uniformiter,

963 2733 1171 2768 haudquaquam
1188 2733 1336 2767 variegata,
1353 2733 1394 2759 vel
1420 2732 1499 2759 aliter
1513 2737 1594 2767 atque
1607 2732 1686 2759 aliter
1705 2733 1748 2759 in»

963 2780 1077 2812 tellecta,
1096 2780 1239 2807 universos
1263 2786 1393 2806 numeros
1417 2778 1620 2813 complectitur;
1639 2782 1666 2804 et
1691 2784 1747 2805 mo-

761 2849 874 2877 νΑΙίΙᾹΞ
892 2848 1094 2878 LECTIONES.

178 2909 209 2924 ’⁵⁸
223 2908 296 2934 Max.
313 2915 452 2942 corporea.

215 2956 350 2985 l’nnos.
373 2955 430 2984 Gn.
451 2954 503 2983 Ill.

1541 2952 1578 2981 ,Ἦ
