1929 3061
188 143 242 171 815

776 144 805 173 S.
829 143 980 173 DIONYSII
996 144 1228 176 AREOPAGITzE

1763 151 1819 178 ΒΗ

187 201 263 228 dium
275 199 370 229 circuli
384 205 508 228 centrum
520 208 615 229 omnes
626 208 641 229 a
652 201 874 231 circumferentia
888 202 975 230 lineas

1030 204 1074 231 καὶ
1088 204 1190 240 ὁμοίως
1200 214 1206 219 ·
1220 205 1321 241 ἀμερὲς
1333 205 1387 241 γάρ
1399 206 1456 233 ἐστι
1469 205 1500 233 τὸ
1521 207 1643 244 σημεῖον,
1667 207 1738 235 ὥστε
1757 209 1819 240 πῶς

188 250 279 274 rectas
298 245 472 273 uniformiter
484 251 513 273 et
526 246 642 281 simplici
661 246 798 282 similique
813 247 893 275 modo
907 255 974 276 con-

187 292 272 324 tinet;
285 296 414 327 punctttm
429 293 501 320 enim
515 297 592 320 caret
609 292 744 327 partibus,
761 294 897 328 quomodo
910 301 974 330 ergo

187 339 269 366 aliter
281 343 364 373 atque
385 339 464 367 aliter
480 339 565 367 lineas
584 344 675 367 rectas
690 338 777 375 possit
797 341 976 376 comprehen-

187 386 402 414 dereiMirabili
417 391 508 414 autern
528 386 609 414 modo
634 386 725 421 posuit
748 387 901 422 exemplum
923 388 975 415 hoc

188 435 223 461 de
246 433 361 467 circulo,
377 438 406 461 ut
429 433 570 466 ostendat,
593 434 729 468 quomodo
747 433 920 462 uniformiter
947 434 974 461 in

187 480 244 508 Deo
268 480 392 508 universa
420 481 561 513 uniantur,
580 484 608 507 et
623 481 757 514 quomodo
785 487 845 515 quae
872 480 976 508 distant

190 528 403 562 distinguantur,
419 532 448 554 et
476 527 504 554 in
528 532 659 562 quantum
687 528 797 558 distant,
816 527 843 554 in
868 532 974 555 tantum

188 573 271 600 etiam
287 573 463 606 dissipentur.
476 573 516 599 Ad
532 573 600 605 haec,
620 573 702 600 etiarn
723 573 750 600 in
775 579 883 606 natura,
899 581 975 600 crea-

189 619 256 646 trice
268 619 470 653 universorum,
485 626 579 646 omnes
595 619 783 654 cujuscunque
807 624 912 646 naturae
932 627 976 647 ra-

189 666 277 693 tiones
301 665 404 700 absque
428 665 589 692 confusione
610 665 732 693 collecta:
760 670 833 698 sunt,
852 666 921 693 sicut
946 666 974 694 in

188 712 279 738 animo
293 710 467 738 uniformiter
487 711 619 746 copulata:
641 716 705 738 sunt
720 712 840 746 providm
859 713 977 741 virtutes

187 756 258 790 ejus,
274 757 401 784 videlicet
414 757 543 784 nutritiva
559 765 612 792 qua
629 758 726 791 nutrit,
741 758 848 785 auctrix
863 766 914 794 qua
927 767 977 786 au-

189 807 234 838 get
249 803 274 830 id
293 804 364 838 quod
387 808 479 838 aptum
497 808 540 830 est
560 804 745 838 generationi,
771 806 900 833 sensitiva
922 813 975 841 qua

188 853 285 885 praeest
312 849 446 880 sensibus,
465 849 606 883 opinativa
632 856 684 884 qua
713 850 844 877 discernit
863 858 893 877 ea
916 858 977 885 qua:

1026 250 1113 283 ἄλλως
1125 252 1172 278 καὶ
1186 251 1273 284 ἄλλως
1286 251 1336 283 τὰς
1353 252 1460 284 εὐθείας
1483 253 1681 289 περιλήψεταις
1704 254 1821 290 Θαυμα-

1026 297 1091 330 σίως
1104 297 1132 324 δὲ
1145 298 1250 325 τέθεικε
1263 299 1294 326 τὸ
1309 299 1374 334 περὶ
1383 299 1432 326 τοῦ
1445 300 1545 327 κύκλου
1560 301 1743 337 παράδειγμα,
1757 301 1819 333 πῶς

1026 342 1148 370 ἑνοῦνται
1164 344 1193 370 ὲν
1204 344 1243 379 τῷ
1257 344 1316 380 Θεῷ
1329 345 1437 378 ἑνιαίως
1453 345 1488 373 τὰ
1503 346 1602 379 πάντα,
1617 348 1665 374 καὶ
1687 347 1746 380 πῶς
1758 348 1820 374 δια-

1025 390 1164 426 κρίνονται
1174 391 1357 428 ἀφιστάμενα,
1369 393 1417 419 καὶ
1429 392 1491 420 καθ’
1502 394 1565 421 ὅσον
1582 394 1757 429 ἀφίστανται,
1770 395 1821 422 καὶ

1025 435 1071 461 τὸν
1099 436 1251 472 σκεδασμὸν
1275 437 1457 473 λαμϐάνοντα.
1495 439 1556 466 Ἔτι
1588 440 1635 466 καὶ
1656 441 1686 467 ὲν
1707 441 1740 476 τῇ
1769 440 1819 476 δη-

1028 484 1173 519 μιουργικῇ
1201 483 1254 510 τῶν
1278 484 1347 511 ὅλων
1375 484 1464 519 φύσει,
1488 486 1588 519 πάντες
1618 487 1643 513 οἰ
1668 486 1719 522 τῆς
1755 487 1819 514 καθ’

1026 529 1140 556 ἕκαστον
1158 529 1264 565 φύσεως
1285 530 1358 565 λόγοι
1385 530 1592 567 συνειλημμένοι
1616 532 1684 559 εἰσὶν
1696 532 1820 568 ἀσυγχύ-

1025 585 1090 608 τως,
1115 575 1211 612 ὣσπερ
1237 577 1284 603 καὶ
1304 577 1334 604 ἐν
1359 579 1392 614 τῇ
1417 578 1488 614 ψυχῇ
1521 579 1666 614 μονοειδῶς
1691 581 1719 606 αἰ
1753 588 1820 616 προ-

1026 623 1149 659 νοητικαὶ
1167 623 1296 658 δυνάμεις
1319 624 1415 660 αὐτῆς,
1432 625 1448 660 ἠ
1470 625 1602 661 θρετπικὴ
1615 625 1734 660 δηλονότι
1755 626 1818 652 καθ’

1026 669 1059 704 ῆν
1070 669 1174 704 τρέφει,
1195 670 1211 705 ἠ
1227 669 1361 706 αὐξητικὴ
1375 670 1435 697 καθ’
1450 670 1482 706 ἠν
1495 670 1570 703 αὔξει
1589 671 1620 698 τὸ
1633 671 1700 707 πρὸς
1711 672 1741 698 τὺ
1754 681 1819 706 γεν-

1027 715 1075 750 νᾷν
1091 715 1252 751 ἐπιτήδειον,
1266 717 1283 752 ἡ
1306 716 1450 752 αἰσθητικὴ
1463 717 1522 743 καθ’
1536 718 1569 753 ἡν
1594 718 1733 744 ἐπιστατεῖ
1757 719 1820 750 ταῖς

1026 761 1194 797 αἰσθήσεσιν,
1210 763 1226 798 ὴ
1241 762 1384 798 δοξαστικὴ
1401 764 1462 791 καθ’
1479 763 1513 799 ἢν
1535 763 1622 800 κρίνει
1640 764 1674 791 τὰ
1685 764 1819 800 αἰσθητὰ,

1028 809 1044 843 ἡ
1069 809 1237 845 φανταστικὴ
1264 810 1325 836 καθ’
1345 810 1378 845 ἣν
1402 810 1437 837 τὰ
1459 810 1574 846 αἰσθητὰ
1604 810 1780 845 φαντάζεται,
1802 813 1820 846 ὴ

1027 853 1155 888 ὀρεκτικὴ
1168 854 1229 881 καθ’
1249 853 1282 888 ὴν
1297 854 1433 890 ὀρέγεται.
1454 855 1502 882 καὶ
1521 855 1637 891 καθεξῆς
1663 856 1691 882 αἰ
1708 855 1818 882 λοιπαί·

188 896 353 928 sentiuntur,
375 895 552 930 imaginativa
579 903 632 930 qua
644 895 783 923 sensibilia
799 896 974 931 imaginatur,

1030 899 1097 926 οὕτω
1112 900 1158 926 καὶ
1172 901 1196 927 οἰ
1208 900 1399 937 δημιουργικοὶ
1413 901 1486 935 λόγοι
1498 902 1528 928 ὲν
1539 901 1579 937 τῷ
1591 901 1759 938 δημιουργῷ,
1772 901 1822 928 καὶ

188 942 335 977 appetitiva
351 949 403 976 qua
420 941 532 976 appetit,
547 946 575 969 et
590 942 630 969 sic
644 943 679 969 de
692 942 799 970 czeteris
811 951 818 970 :
830 943 871 970 sic
893 944 974 970 etiam

189 987 302 1014 creandi
328 989 450 1014 rationes
481 994 576 1015 Omnes
606 988 767 1023 speciesque
795 989 917 1016 omnium
949 990 976 1016 in

189 1039 314 1062 CI'CIIIOI'G
336 1038 411 1064 ευιιῑ,
435 1038 599 1068 tnanentque
615 1033 773 1066 inconiusze,
789 1039 976 1062 verumtamen

192 1081 219 1109 in
245 1081 304 1116 ipso
323 1085 398 1112 sunt,
427 1088 480 1107 non
510 1085 637 1115 tanquam
661 1081 688 1108 in
713 1080 773 1108 loco
787 1081 886 1116 (neque
904 1080 977 1108 enim

189 1130 248 1164 ipse
260 1129 285 1156 in
297 1128 358 1156 loco
369 1133 420 1161 est,
436 1135 486 1155 nec
499 1135 558 1162 qua:
573 1128 599 1154 iu
612 1129 695 1163 ipso),
709 1128 755 1156 sed
770 1128 853 1155 habet
868 1128 912 1155 illa
922 1128 977 1156 sic-

190 1181 219 1203 ut
233 1176 350 1210 seipsum
364 1177 455 1208 habet,
469 1175 596 1203 omnibus
610 1175 717 1207 quidem
738 1175 818 1202 simul
843 1175 978 1203 CISISICII-

189 1223 272 1254 tibus,
293 1223 427 1250 distinctis
453 1228 544 1250 autem
568 1223 594 1250 in
618 1227 697 1257 parte
722 1222 922 1250 indivisibiliter
941 1223 975 1251 ".

188 1270 317 1304 Acceptis
329 1269 461 1304 exemplis
472 1277 486 1296 a
500 1277 617 1296 numero
630 1274 658 1296 et
679 1274 787 1301 centro,
801 1269 851 1301 ait,
865 1269 978 1297 minime

191 1316 340 1343 absurdum
355 1323 427 1348 esse,
444 1322 478 1342 ex
494 1315 631 1343 similibus
650 1315 816 1350 imaginibus
830 1316 863 1343 ad
883 1323 977 1343 eorum

189 1369 250 1398 qua:
267 1362 340 1390 dicta
366 1367 429 1390 sunt
458 1363 566 1390 culmen
594 1363 755 1394 ascendere,
780 1362 860 1390 modo
881 1370 977 1397 super—

190 1409 339 1436 mundanos
352 1409 446 1436 oculos
462 1409 649 1436 adhibeamus.
661 1408 785 1436 Diximus
793 1409 877 1440 enim,
887 1408 977 1435 omnia

189 1455 217 1481 in
233 1461 315 1481 causa
331 1454 406 1482 unite
422 1458 551 1488 tanquam
569 1454 595 1480 in
612 1453 718 1481 unitate
734 1461 863 1482 numeros
872 1461 977 1485 omnes,

190 1505 218 1527 et
233 1500 379 1533 collectim,
396 1506 523 1535 tanquam
542 1501 570 1527 in
587 1505 682 1528 centro
697 1500 785 1528 lineas
805 1504 905 1534 rectas,
918 1508 979 1536 quae

190 1554 205 1576 a
219 1547 441 1575 circumferentia
459 1547 607 1580 ducuntur,
621 1547 765 1575 contineri.

225 1591 308 1630 §VIL
321 1593 419 1620 Omnia
434 1592 518 1628 igitur
528 1599 696 1628 quacunque
707 1593 815 1621 essendi
824 1592 906 1630 445
919 1601 979 1629 gra-

190 1639 254 1667 dum
266 1638 432 1671 sortiuntur,
447 1638 599 1674 insigniunt
615 1638 659 1666 illa
675 1646 734 1674 qua:
747 1644 825 1672 sunt;
839 1640 891 1666 nisi
905 1640 977 1666 enim

189 1689 261 1712 esset
276 1685 341 1716 vita,
359 1691 532 1719 nequaquam
547 1683 717 1717 viveremus;
734 1685 786 1712 nisi
803 1689 877 1712 esset
889 1688 980 1712 custo-

189 1731 246 1763 dia,
264 1738 436 1766 nequaquam
464 1730 682 1763 custodiremur;
703 1730 755 1758 nisi
782 1734 856 1758 esset
879 1736 977 1764 matus,

190 1784 362 1812 nequaquam
379 1783 563 1804 moveremur.
577 1776 672 1804 Omnia
688 1776 788 1811 itaque,
804 1776 895 1804 omnia
906 1783 978 1811 quae-

193 1832 300 1858 cunque
320 1823 428 1851 essendi
455 1825 569 1859 gradum
598 1823 733 1856 obtinent,
757 1823 907 1858 insignium
933 1822 978 1850 illa

189 1878 250 1906 quae
270 1875 343 1898 sunt.
358 1869 430 1896 Dicit
444 1874 535 1896 autent
552 1869 597 1896 illa
617 1877 678 1904 qua;
697 1874 770 1902 sunt,
783 1877 835 1896 non
852 1870 978 1897 substan-

191 1918 254 1949 tias,
271 1918 317 1944 sed
339 1915 516 1952 (accidentia)
537 1923 598 1950 qure
619 1915 645 1942 in
675 1915 837 1943 substantiis
862 1923 979 1943 cernun-

191 1967 247 1995 tur,
268 1967 350 1997 atque
369 1961 451 1988 etiam
470 1968 503 1988 ex
519 1961 573 1988 Deo
593 1965 674 1993 sunt;
700 1961 758 1989 bazc
783 1966 873 1988 autem
901 1967 978 1988 extra

189 2015 289 2044 corpus
307 2008 459 2035 consistere
474 2012 621 2042 nequeunt,
642 2015 728 2042 eaque
741 2007 823 2035 etiam
838 2014 887 2041 per
903 2007 978 2042 cogi-

192 2056 322 2082 tationem
342 2059 455 2081 sanctus
473 2052 555 2081 Pater
576 2053 676 2081 divisit.

228 2101 243 2138 ς
269 2101 336 2128 VIII.
367 2101 456 2135 Atque
489 2108 522 2126 ex
549 2100 600 2127 hac
634 2100 756 2127 omnium
785 2107 866 2128 causa
895 2101 977 2128 etiam

191 2148 364 2176 intellectiles
391 2148 480 2183 quoad
515 2155 584 2180 nos,
616 2151 644 2173 et
677 2147 860 2182 intclligentes
886 2148 978 2182 quoad

191 2195 295 2227 Deum,
333 2194 448 2221 virtutes
486 2194 656 2225 subsistunt,
689 2193 726 2219 uti
763 2198 790 2220 et
830 2192 928 2220 anima:
952 2197 979 2220 et

1028 945 1062 971 τὰ
1082 946 1140 981 εῐδη
1158 946 1276 978 πάντων,
1291 948 1337 974 καὶ
1352 947 1451 979 πάντες
1465 948 1518 974 εἰσὶ
1531 948 1578 974 καὶ
1601 947 1749 983 ἁσύγχυτοι
1771 948 1807 983 μέ

1029 999 1114 1024 νουσι,
1130 991 1199 1027 πλὴν
1215 992 1243 1018 ὲν
1258 992 1333 1028 αὐτῷ
1346 994 1415 1020 εἰσιν
1425 995 1475 1030 οὐχ
1488 993 1526 1026 ὡς
1539 994 1568 1020 ὲν
1581 994 1666 1029 τόπῳ,
1680 993 1753 1029 (οὔτε
1764 994 1821 1030 γὰρ

1028 1038 1108 1069 αὐτὸς
1122 1039 1151 1065 ὲν
1165 1039 1250 1074 τόπῳ,
1267 1038 1328 1066 οὔτε
1341 1040 1375 1067 τὰ
1391 1042 1421 1067 ἐν
1434 1040 1508 1076 αὐτῷ
1518 1041 1537 1077 -)
1549 1041 1606 1067 ἀλλ’
1620 1040 1676 1076 ἔχει
1691 1040 1762 1066 αὐτὰ
1780 1041 1821 1071 ὡς

1029 1085 1124 1112 ἑαυτὸν
1139 1085 1205 1121 ἔχει,
1221 1087 1329 1114 πάντων
1342 1087 1392 1123 μὲν
1406 1087 1473 1123 ὁμοῦ
1488 1087 1582 1119 ὅντων,
1603 1087 1822 1123 διακεκριμένων

1043 1130 1057 1156 ὲ
1071 1130 1100 1157 ἐν
1116 1130 1154 1166 τῷ
1171 1131 1250 1167 μέρει
1265 1131 1387 1168 ἀμερῶς.
1402 1132 1500 1160 Λαϐὼν
1512 1132 1566 1158 ἀπὸ
1577 1132 1624 1159 τοῦ
1642 1131 1760 1168 ἀριθμοῦ
1771 1132 1822 1158 καὶ

1028 1176 1075 1204 τοῦ
1091 1177 1203 1214 κέντρου
1223 1177 1258 1205 τὰ
1271 1178 1490 1215 παραδείγματα,
1504 1179 1596 1214 φησὶν,
1618 1177 1660 1204 ὅτι
1682 1178 1733 1204 οὐκ
1745 1177 1823 1204 ἔστιν

1029 1223 1126 1250 ἄτοπον
1138 1225 1170 1250 ὲκ
1181 1223 1309 1251 τοιούτων
1321 1224 1432 1251 εἰκόνων
1444 1224 1489 1251 ἐπὶ
1501 1224 1532 1250 τὸ
1550 1222 1617 1258 ὕψος
1637 1223 1691 1250 τῶν
1705 1222 1823 1258 λεγομέ-

1030 1278 1081 1296 νων
1101 1270 1266 1302 ἀνα6αίνειν,
1296 1270 1376 1306 μόνον
1400 1271 1424 1297 εἰ
1447 1269 1595 1305 ὀφθαλμοῖς
1621 1269 1822 1304 ὐπερκοσμίοις

1029 1314 1168 1351 χρώμεθα.
1184 1316 1304 1352 Εἴπομεν
1316 1317 1380 1352 γὰρ,
1393 1316 1435 1343 ὅτι
1460 1316 1550 1344 πάντα
1569 1317 1598 1342 ἐν
1613 1315 1652 1351 τῷ
1677 1316 1756 1351 αἰτίῳ
1772 1323 1823 1350 μο-

1029 1362 1146 1395 νοειδῶς,
1158 1362 1196 1395 ὡς
1205 1363 1234 1389 ὲν
1245 1364 1278 1398 τῇ
1292 1363 1385 1398 μονάδι
1396 1363 1420 1389 οἱ
1429 1362 1541 1398 ἀριθμοὶ
1554 1362 1682 1394 ἅπαντες,
1693 1361 1740 1387 καὶ
1754 1362 1823 1397 ἠνω-

1031 1407 1128 1442 μένως,
1141 1407 1179 1440 ὡς
1190 1409 1219 1435 ὲν
1231 1408 1270 1444 τῷ
1282 1408 1385 1444 κέντρῳ
1398 1409 1427 1436 αι
1441 1408 1495 1435 ἀπὸ
1507 1407 1557 1443 τῆς
1580 1407 1758 1443 περιφερείας
1773 1407 1823 1433 εὑ-

1030 1454 1110 1481 θεῖαι.

1063 1603 1078 1639 §
1093 1602 1151 1630 VII.
1166 1603 1257 1629 Πάντα
1270 1598 1327 1634 οὖν,
1341 1602 1391 1628 ὅσα
1403 1602 1432 1628 ὲν
1452 1601 1491 1637 τῷ
1503 1598 1572 1628 εἶναι
1585 1601 1659 1633 ὅντα,
1680 1609 1823 1636 χαρακτη-

1031 1649 1099 1685 ρίζει
1110 1648 1143 1675 τὰ
1156 1648 1220 1674 ὄντα
1229 1656 1235 1662 ·
1253 1649 1278 1674 εἰ
1290 1647 1344 1684 γὰρ
1359 1647 1396 1683 μὴ
1415 1645 1449 1683 ἦν
1461 1646 1529 1683 ζωὴ,
1542 1647 1592 1674 οὐκ
1613 1647 1646 1674 ἂν
1659 1646 1767 1682 ἐζῶμεν
1776 1655 1784 1661 ο
1796 1648 1824 1673 εἰ

1031 1695 1068 1730 μὴ
1081 1692 1115 1730 ἦν
1135 1693 1251 1730 φρουρὰ,
1268 1694 1317 1721 οὐκ
1329 1693 1361 1720 ἂν
1375 1693 1582 1729 ἐφρουρούμεθα
1591 1701 1598 1708 σ
1611 1694 1635 1720 εὶ
1648 1692 1686 1728 μὴ
1700 1691 1734 1729 ἧν
1744 1693 1824 1728 κίνη-

1030 1747 1082 1771 σις,
1097 1739 1147 1765 οὐκ
1159 1739 1191 1766 ἂν
1204 1737 1379 1774 ὲκινούμεθα.
1394 1739 1487 1765 Πάντα
1512 1738 1588 1773 γοῦν,
1615 1739 1703 1765 πάντα
1721 1739 1772 1764 ὅσα
1793 1739 1823 1764 ἐν

1028 1783 1067 1820 τῷ
1080 1782 1149 1810 εἶναι
1159 1785 1236 1816 ὄντα,
1251 1783 1286 1810 τὰ
1299 1783 1363 1810 ὅντα
1379 1784 1616 1820 χαρακτηρίζουσι.
1635 1784 1719 1810 Ὄντα
1730 1783 1758 1809 δὲ
1775 1783 1822 1810 λέ-

1029 1837 1072 1863 γει
1083 1830 1113 1856 οὺ
1129 1829 1178 1861 τὰς
1191 1829 1296 1861 οὐσίας,
1309 1828 1377 1855 ἀλλὰ
1395 1829 1429 1855 τὰ
1444 1830 1473 1855 ἐν
1497 1831 1556 1861 ταῖς
1571 1828 1675 1860 οὺσίαις
1698 1828 1820 1864 θεωρού-

1031 1885 1099 1912 μενα
1113 1876 1145 1902 ὲκ
1166 1875 1214 1902 τοῦ
1226 1875 1293 1902 Θεοῦ
1308 1876 1378 1902 εἰσι·
1399 1875 1484 1902 ταῦτα
1503 1875 1533 1902 δὲ
1545 1875 1622 1907 me;
1642 1875 1777 1911 σωμάτων
1791 1875 1822 1901 οὐ

1029 1923 1139 1949 δύναται
1155 1922 1339 1955 συνίστασθαι,
1365 1922 1446 1949 διεῖλε
1472 1921 1500 1949 δὲ
1520 1921 1596 1958 ὁμῶς
1613 1922 1682 1949 αὐτὰ
1699 1923 1713 1948 ὀ
1724 1922 1823 1958 Πατὴρ

1030 1969 1090 1994 κατ’
1104 1968 1235 1995 ἐπίνοιαν.

1067 2103 1080 2139 §
1101 2101 1167 2128 VIII.
1182 2101 1236 2128 Καὶ
1249 2101 1281 2128 ὲκ
1294 2102 1343 2137 τῆς
1363 2102 1451 2133 αἰτίας
1472 2101 1526 2127 τῶν
1549 2101 1657 2128 πάντων
1676 2102 1704 2127 αἰ
1728 2103 1825 2138 νοηταὶ

1029 2149 1067 2181 ὡς
1079 2149 1147 2184 πρὸς
1161 2148 1244 2184 ἡμᾶς,
1258 2148 1304 2174 καὶ
1316 2149 1408 2183 νοεραὶ
1420 2147 1457 2179 ὡς
1477 2147 1544 2182 πρὸς
1556 2147 1602 2173 τὸν
1615 2147 1681 2174 Θεὸν
1693 2147 1825 2182 δυνάμεις

1030 2195 1197 2231 ὑπέστησαν,
1222 2195 1269 2220 καὶ
1292 2195 1319 2221 αἱ
1341 2194 1434 2229 ψυχαὶ,
1458 2194 1505 2220 καὶ
1523 2193 1557 2220 τὰ
1581 2193 1710 2229 σώματα,
1728 2194 1777 2221 καὶ
1789 2194 1825 2220 τὰ

190 2248 316 2275 corpora,
340 2245 367 2268 et
389 2248 449 2275 quae
470 2240 661 2275 quoquomodo
685 2240 711 2266 in
737 2239 798 2267 aliis
823 2239 977 2271 exsistunt,

1031 2240 1156 2267 ὁπωσοῦν
1174 2240 1191 2275 ἦ
1204 2241 1232 2266 ὲν
1246 2240 1349 2275 ἑτέροις
1363 2240 1530 2276 ὑπάρχοντα,
1546 2239 1583 2272 ὡς
1595 2239 1703 2276 χρῶμα,
1718 2241 1824 2277 σχῆμα,

191 2292 220 2314 ιιι
241 2287 327 2319 color,
355 2287 454 2319 forma,
470 2286 600 2321 qualitas,
619 2287 728 2320 aliaque
747 2294 807 2320 qua:
828 2286 900 2314 circa
917 2293 979 2313 cor-

191 2342 241 2369 pus
270 2339 437 2366 cernuntur,
470 2333 512 2360 vel
543 2340 592 2368 per
625 2335 819 2368 cogitationem
847 2340 909 2361 esse
936 2332 978 2359 di-

191 2387 304 2412 cuntur,
336 2385 366 2407 ut
393 2380 553 2412 intellectio,
574 2387 681 2412 sensus,
697 2381 786 2413 ratio,
813 2385 842 2407 et
866 2380 976 2407 similia.

191 2428 239 2455 Illa
271 2427 365 2460 utique
386 2426 420 2453 ab
447 2425 490 2452 his
511 2425 641 2458 secernit,
671 2425 798 2460 quoniam
821 2425 885 2458 illa,
909 2431 979 2452 tam-

191 2474 242 2502 etsi
264 2473 290 2500 in
313 2472 374 2499 aliis
406 2471 576 2502 subsistant,
602 2476 692 2498 tamen
717 2471 810 2498 sensui
830 2471 979 2506 subjiciun-

194 2525 254 2552 tur;
283 2520 341 2546 hzec
377 2523 467 2546 autem
498 2524 668 2552 nequaquam
700 2518 791 2544 sensui
823 2517 979 2552 sublaceut,

193 2567 241 2594 sed
257 2573 306 2600 per
326 2565 410 2592 solam
431 2564 627 2599 cogitationem
655 2569 867 2599 cognoscuntur.
885 2564 982 2600 Itaque

192 2613 309 2639 virtutes
336 2612 388 2639 illa:
412 2612 518 2644 beatae,
546 2616 602 2638 tam
625 2611 719 2646 prima:
732 2619 813 2646 qualn
835 2616 980 2646 sequentes

192 2663 220 2686 et
253 2658 356 2685 ultima:
387 2658 475 2692 quoad
512 2657 590 2689 illas.
618 2665 673 2685 non
694 2659 785 2693 quoad
819 2666 887 2691 nos;
917 2666 978 2686 nam

193 2705 281 2739 quoad
316 2712 365 2732 nos
394 2712 489 2732 omnes
518 2705 755 2739 supermundiales
781 2711 863 2738 sunt,
898 2706 980 2733 etiam

193 2757 354 2785 pustremaz;
377 2757 404 2779 et
427 2752 598 2786 principatus
622 2756 649 2780 ct
664 2753 756 2781 omnia
775 2761 809 2782 ex
833 2752 888 2780 Deo
909 2757 935 2779 ct
951 2753 978 2779 in

1033 2286 1192 2321 πηλικότης,
1215 2286 1261 2312 καὶ
1281 2285 1364 2312 τᾶλλα
1382 2285 1416 2311 τὰ
1435 2286 1497 2320 περὶ
1516 2285 1546 2311 τὸ
1560 2285 1638 2321 σῶμα
1651 2285 1790 2321 ὁρώμενα,
1807 2286 1824 2321 ἢ

1032 2335 1093 2360 κατ’
1113 2333 1232 2360 ἐπίνοιαν
1255 2330 1324 2359 εἶναι
1343 2333 1484 2368 λεγόμενα,
1499 2330 1553 2359 οἷον
1571 2332 1669 2368 νόημα,
1684 2333 1824 2369 αἴσθησις,

1032 2380 1130 2413 λόγος,
1156 2381 1203 2406 καὶ
1223 2379 1258 2405 τὰ
1280 2377 1400 2404 τοιαῦτα.
1425 2377 1542 2413 Χωρίζει
1564 2377 1628 2412 γοῦν
1654 2378 1746 2404 ὲκεὶνα
1769 2379 1826 2404 ἀπὸ

1031 2427 1143 2458 τούτων,
1157 2428 1197 2454 ὅτι
1213 2427 1314 2457 ἐκεῖνα,
1327 2427 1352 2452 εἰ
1365 2426 1411 2452 καὶ
1423 2425 1452 2451 ὲν
1464 2425 1566 2460 ἑτέροις
1580 2425 1752 2460 ὑφίστανται,
1765 2424 1825 2451 ἀλλ’

1031 2473 1078 2502 οὖν
1100 2474 1222 2509 αἰσθήσει
1242 2473 1415 2499 ὑπόκεινται·
1438 2471 1525 2498 ταῦτα
1540 2472 1568 2498 δὲ
1591 2472 1640 2507 οὐχ
1665 2472 1824 2499 ὑπόκεινται

1032 2520 1166 2556 αἰσθήσει,
1181 2519 1248 2545 ἀλλὰ
1261 2518 1320 2545 κατ’
1334 2518 1454 2544 ἐπίνοιαν
1468 2518 1552 2553 μόνην
1564 2516 1753 2551 γινώσκονται.
1767 2517 1824 2543 Καὶ

1031 2566 1096 2600 γοῦν
1122 2567 1148 2593 αἰ
1175 2566 1307 2601 μακάριαι
1332 2564 1471 2598 δυνάμεις,
1494 2563 1581 2590 κα.ὶαί
1602 2562 1710 2598 πρῶται
1723 2563 1771 2589 καὶ
1794 2563 1823 2589 αἱ

1033 2612 1092 2648 μετ’
1107 2611 1202 2644 αὐτὰς,
1222 2612 1269 2638 καὶ
1292 2611 1319 2638 αἱ
1345 2610 1458 2644 ἔσχαται
1479 2609 1547 2646 πρὸς
1567 2610 1685 2641 ὲκείνας,
1703 2609 1733 2635 οὐ
1752 2609 1822 2644 πρὸς

1032 2660 1114 2695 ἡμᾶς·
1127 2658 1195 2693 πρὸς
1206 2658 1260 2693 γὰρ
1271 2658 1344 2692 ἡμᾶς
1352 2657 1530 2692 ὑπερκόσμιοί
1542 2656 1594 2682 εἰσι
1605 2656 1686 2683 καὶαί
1698 2655 1820 2690 ἔσχαται·

1032 2706 1079 2732 καὶ
1092 2705 1120 2732 αἱ
1136 2705 1219 2740 ἀρχαὶ
1236 2705 1282 2731 καὶ
1295 2704 1382 2730 πάντα
1396 2705 1427 2730 ὲκ
1441 2703 1487 2730 τοῦ
1499 2702 1566 2729 Θεοῦ
1589 2702 1635 2728 καὶ
1656 2703 1685 2728 ἐν
1704 2701 1742 2736 τῷ
1763 2701 1821 2736 θεῷ

1031 2753 1101 2779 εἰσι·
1127 2752 1174 2778 καὶ
1198 2752 1235 2787 μὴ
1262 2751 1341 2786 μόνον
1364 2750 1394 2776 τὸ
1417 2747 1496 2781 εἶναι,
1511 2748 1636 2776 ἀλλὰκαὶ
1653 2748 1683 2775 τὸ
1702 2745 1732 2774 εὖ
1754 2745 1820 2774 εἶναι

829 2824 947 2852 ΫΑΠΙᾸΞ
966 2823 1138 2852 LECTIONE
1145 2823 1174 2853 S.

227 2881 250 2895 "
269 2880 343 2908 Max.
365 2881 391 2909 in
416 2880 584 2910 indivisibili.
