1929 3061
99 188 150 217 845

382 187 426 216 DE
442 187 570 216 DIVINIS
586 186 786 219 NOMINIBUS,
802 186 878 215 CAP.
898 185 932 214 V.
952 200 988 207 —
1007 186 1182 214 PARAPi'lR.
1203 187 1441 215 PACIiYMER/E.

1678 188 1730 216 8ίῦ

98 248 200 283 ἔχουσι.
214 246 270 273 Καὶ
280 245 315 273 τὰ
337 246 386 282 μὲν
399 247 530 282 πρεσϐεῖα
550 245 599 272 τοῦ
620 243 700 276 εἶναι,
723 244 844 280 δηλονάτι
866 244 895 270 τὸ

948 244 1001 271 Deo
1016 249 1095 276 sunt;
1115 249 1142 272 et
1159 252 1210 272 non
1230 250 1335 272 tantum
1353 245 1387 272 ab
1402 253 1435 273 eo
1455 249 1486 272 ut
1503 245 1572 278 sint,
1591 245 1637 273 sed
1650 247 1730 274 etiam

100 293 273 328 ὑψηλότερον,
294 293 308 319 ὃ
327 293 385 319 ἐστι
405 292 436 318 τὸ
446 292 589 324 ἀθανάτως
609 290 690 322 εἶναι,
712 293 772 323 ταῖς
785 293 894 327 νοηταῖς

99 338 222 374 ἐδωρήθη
244 339 402 374 δυνάμεσιν,
426 338 459 370 ἃς
484 339 531 365 καὶ
558 338 670 370 αίωνίας
695 337 836 369 ἐκάλεσεν,
856 337 894 369 ὡς

98 384 196 416 αίῶνος
211 383 386 420 μετεχούσας·
401 385 418 420 ἡ
431 384 460 411 δὲ
480 383 561 411 τοῦτο
579 384 696 419 λέγουσα
714 383 809 419 Γραφή
823 384 892 410 ἐστι·

102 430 140 457 Τὰ
154 430 209 466 γὰρ
227 430 404 465 ,ϐλεπόμενα
421 431 606 465 πρόσκαιρα·
626 430 662 457 τὰ
675 430 709 457 δὲ
721 431 765 465 μὴ
778 431 892 462 βλεπό-

97 484 173 511 μενα
190 475 303 503 αἰώνια.
319 475 389 502 Δὺτὸ
407 476 436 502 δὲ
450 476 480 502 τὸ
493 474 561 503 εἴναι
576 476 702 503 οὐδέποτε
716 476 894 503 ἀπολείπεται

98 522 152 548 τῶν
174 521 258 548 ὅντων
268 529 274 536 ’
302 521 346 547 ὅτε
367 521 423 557 γὰρ
443 521 586 548 ἀπολείπει
597 522 628 548 τὸ
640 520 719 554 εἶναι,
733 523 782 549 οὐκ
793 523 851 550 ἔστι
864 523 895 550 τὸ

98 567 137 594 ὸν.
159 567 214 594 Καὶ
233 567 298 595 αὐτὸ
317 568 382 602 γοῦν
395 568 425 594 τὸ
438 565 508 595 εἶναι
521 569 553 595 ἐκ
565 568 612 595 τοῦ
627 568 764 604 προόντος,
786 569 826 596 διὸ
847 570 895 596 καὶ

99 614 127 641 ὲν
138 614 175 650 τῷ
195 614 255 650 Θεῷ
275 615 334 641 ἐστι
347 615 377 641 τὸ
389 612 470 647 εἶναι,
484 615 522 647 ὡς
535 615 564 641 ἓν
576 616 623 642 καὶ
645 615 710 642 αὐτὸ
723 615 777 642 τῶν
790 616 894 652 ἑτέρων

99 661 179 688 θείων
193 661 272 688 εῑδῶν
296 662 344 689 καὶ
357 662 486 698 νοήσεων,
499 663 548 698 τῆς
562 663 645 698 ζωῆς,
657 663 706 698 τῆς
722 663 817 698 σοφίας
827 684 834 697 ,
847 665 894 692 καὶ

98 707 152 734 Ιτῶν
173 707 310 735 τοιούτων.
331 708 368 735 Οὐ
391 708 443 744 μὴν
462 708 491 735 δὲ
514 710 528 736 ὀ
547 708 613 741 Θεὸς
630 709 659 736 ὲν
675 709 714 745 τῷ
725 707 795 737 εἶναι
807 719 814 725 ·
840 711 894 747 πρὸ

99 754 153 790 γὰρ
166 754 213 780 τοῦ
226 751 296 781 εἷναί
318 755 392 781 ἐστιν
406 754 500 790 (αὐτοῦ
513 755 566 790 γὰρ
579 756 638 781 ἐστι
650 755 681 782 τὸ
694 753 774 787 εἶναι,
797 755 834 788 ὼς
846 757 894 783 καὶ

99 800 116 835 ἡ
138 799 206 835 ζωὴ,
233 800 280 826 καὶ
299 800 329 827 τὸ
342 800 410 835 φῶς,
426 801 531 827 καὶούκ
549 800 629 833 αὐτὸς
645 801 692 828 τοῦ
711 799 802 837 εἶναι).
821 802 894 828 Τίδέ

99 845 167 877 ἐστι,
190 845 237 871 καὶ
258 845 337 872 αὐτὸν
360 845 416 880 ἔχει
429 845 460 872 τὸ
473 843 552 877 εἶναι,
571 846 618 872 καὶ
631 846 680 873 οὐκ
693 846 773 878 αὐτὸς
784 847 873 873 ἐκεῖνο
885 856 892 879 ;

99 889 116 925 ἢ
130 890 190 916 ἐπεὶ
204 889 273 924 μετὰ
285 890 338 916 τῶν
350 889 437 916 ἄλλων
456 890 664 926 σημαινομένων
689 889 736 917 τοῦ
757 891 838 925 ἔχειν
855 890 895 918 λέ-

99 945 177 971 γεται
198 937 269 972 ἔχειν
295 938 342 964 καὶ
360 937 390 963 τὸ
413 937 473 963 καθ’
494 937 550 970 ἕξιν
563 938 673 973 προσὸν,
688 938 725 969 ὠς
738 937 809 973 ἔχειν
823 937 895 972 λεγό-

102 983 171 1018 μεοα
184 983 297 1010 ὸντωσιν
319 984 366 1010 καὶ
382 984 454 1019 ζωὴν
467 1003 474 1015 ,
485 980 522 1010 ὧν
536 983 600 1010 ἄνευ
612 983 673 1010 οὔτε
685 981 756 1019 ἦμεν
769 984 817 1016 ἂν,
832 983 894 1010 οὔτε

99 1029 209 1064 εἴχομεν
222 1038 229 1044 θ
252 1029 332 1056 τοῦτο
352 1030 383 1056 τὸ
404 1030 602 1066 σημαινόμενον
616 1031 688 1057 ἐστιν
701 1030 828 1057 ἐνταῦθα.
843 1031 896 1057 Λῦ-

99 1076 144 1102 τὸν
157 1075 222 1110 γοῦν
235 1076 280 1102 τὸν
292 1076 359 1102 Θεὸν
372 1076 428 1111 ἔχει
446 1076 476 1102 τὸ
489 1074 558 1103 εἶναι
568 1097 575 1108 ,
597 1077 640 1103 ἴνα
654 1078 755 1112 συστῇ,
777 1077 821 1103 ἵνα
840 1077 896 1104 δει-

99 1121 162 1156 χθῇ,
175 1121 224 1148 οὑκ
243 1122 324 1153 αὐτὸς
335 1122 423 1148 ἐκεῖνο
435 1122 475 1154 εἰς
487 1122 593 1149 οἰκείαν
605 1121 730 1158 ὓπαρξιν·
748 1122 828 1154 αὐτὸς
841 1122 896 1158 γὰρ

99 1166 158 1193 ἐστι
174 1166 282 1193 καὶτοῦ
304 1165 373 1194 εἶναι
387 1167 466 1199 αἰὼν,
485 1168 532 1194 καὶ
551 1167 633 1204 ἀρχὴ,
657 1169 704 1195 καὶ
721 1168 830 1204 μέτρον,
848 1169 896 1195 καὶ

100 1212 209 1239 πάντων
223 1212 305 1248 ἀρχὴ,
328 1213 375 1239 καὶ
399 1213 526 1249 μεσότης,
546 1213 594 1240 καὶ
608 1213 735 1249 τελευτή·
750 1214 825 1250 πάσῃ
841 1214 896 1250 γὰρ

99 1258 212 1294 ἐπιϐολῇ
227 1258 274 1285 τοῦ
291 1258 337 1285 νοῦ
360 1259 576 1295 προῦπαντῶσαν
589 1260 710 1296 εὑρίσκει
722 1268 763 1292 τις
772 1260 814 1294 ἐφ’
828 1257 850 1294 ᾧ
863 1260 896 1287 ἂν

99 1304 148 1330 καὶ
163 1304 293 1338 σκέψαιτο
307 1304 353 1330 τοῦ
375 1305 462 1331 αἰτίου
482 1305 532 1340 τὴν
555 1305 670 1337 ἔννοιαν,
686 1306 769 1341 ἤγουν
788 1305 835 1332 τοῦ
854 1306 898 1341 δη.

101 1349 242 1385 μιουργοῦ.
252 1350 288 1376 Τὸ
297 1347 344 1377 οὖν
352 1350 668 1381 πολλαπλασιάζεσθαι
675 1351 750 1386 δηλοῖ
761 1351 790 1378 τὸ
801 1351 830 1378 ὲν
840 1352 897 1383 τοῖς

99 1395 208 1427 πολλοῖς
224 1396 308 1423 αἴτιον
328 1397 373 1423 τὸν
387 1397 467 1424 αὑτὸν
481 1397 652 1433 θεωρεῖσθαι,
669 1398 716 1424 καὶ
729 1397 770 1432 ἐφ’
781 1398 821 1424 ἑνὶ
833 1397 897 1424 πάν-

100 1450 155 1468 των
170 1442 278 1478 ἑκάστῳ
292 1443 388 1475 ὁσάκις
406 1451 448 1475 τις
459 1443 608 1476 ὲπιϐάλλοι,
626 1444 673 1471 καὶ
683 1444 778 1476 ὁσάκις
791 1444 851 1476 ῐδοι,
864 1444 898 1470 τὸ

101 1489 218 1523 πρᾶγμα
244 1489 440 1525 σκοπούμενος,
465 1491 511 1517 τὸν
533 1491 598 1518 Θεὸν
624 1492 667 1518 ἀεὶ
691 1490 897 1526 ἀναλογίζεσθαι

100 1533 188 1561 αἴτιον
200 1543 206 1550 ο
235 1535 305 1562 κατὰ
329 1536 407 1563 τοῦτο
422 1537 476 1573 γὰρ
495 1537 566 1564 κατὰ
587 1538 676 1564 πᾶσαν
697 1538 817 1565 ἐπίνοιαν
836 1539 897 1564 πολ-

100 1579 325 1614 λαπλασιάζεται,
349 1583 395 1609 καὶ
419 1583 491 1619 ἀρχὴ
512 1584 558 1610 καὶ
583 1584 698 1620 μεσότης
719 1585 765 1612 καὶ
784 1585 896 1620 τελευτή
911 1595 932 1624 C

100 1627 171 1653 ἐστι.
190 1627 226 1653 Τὸ
249 1626 325 1655 Θεῖον
347 1628 408 1655 οὕτε
430 1629 461 1656 τὸ
475 1628 520 1665 ἦν.
535 1629 596 1657 οὔτε
615 1631 645 1657 τὸ
660 1630 735 1658 ἔσται
756 1631 812 1667 ἔχει
828 1631 898 1658 κατὰ

99 1673 148 1699 τὸν
160 1673 242 1700 πολὺν
259 1673 288 1700 ἐν
302 1674 426 1710 θεολογίᾳ
441 1675 600 1712 Γρηγόριον.
621 1677 689 1703 Ἀλλ’
706 1677 766 1704 οὐδὲ
780 1677 810 1704 τὸ
825 1678 899 1704 ἐστὶν

100 1719 146 1746 ἐπ’
163 1719 246 1747 αὑτοῦ
265 1720 492 1756 κυριολεκτεῖται,
510 1722 580 1748 κατὰ
596 1722 689 1748 τοῦτον
711 1722 742 1758 δὴ
759 1722 804 1748 τὸν
828 1722 899 1749 θεῖον

100 1767 240 1794 Διονύσιον
252 1776 259 1782 ·
280 1767 311 1794 τὸ
328 1767 383 1804 γὰρ
395 1768 482 1795 ἐστὶν
494 1768 596 1795 ἔννοιαν
610 1769 782 1804 παρεισάγει,
799 1769 839 1795 ὅτι
856 1778 900 1804 με-

101 1813 177 1849 τέχει
191 1813 238 1840 τοῦ
251 1811 321 1840 εἶναι
330 1822 336 1829 ⁸
353 1815 368 1840 ὀ
387 1813 415 1840 δὲ
428 1813 494 1845 Θεὸς
506 1814 537 1840 οὐ
555 1814 663 1849 μετέχει
677 1814 724 1840 τοῦ
737 1811 806 1840 εἶναι
818 1835 825 1845 ,
842 1806 898 1840 ἀλλ’

101 1859 170 1886 αὐτὸ
181 1859 211 1886 τὸ
225 1857 294 1886 εἶναι
314 1859 422 1895 μετέχει
440 1859 486 1886 τοῦ
502 1859 580 1891 Θεοῦ,
598 1859 645 1886 καὶ
656 1860 684 1886 ὲν
704 1858 743 1895 τῷ
756 1859 816 1895 Θεῷ
827 1860 897 1893 ἐστι,

101 1906 195 1937 καθὼς
210 1906 256 1933 καὶ
274 1906 403 1941 ἀνωτέρω
423 1906 563 1941 ἐλέγομεν.
588 1905 650 1938 Πῶς
669 1903 716 1933 οὖν
730 1906 847 1933 ἐνταῦθα
863 1906 899 1932 τί·

101 1951 181 1988 θησιν
194 1952 208 1978 ὁ
221 1952 298 1986 ἅγιος
310 1971 317 1983 ,
335 1952 375 1978 ὅτι
386 1952 433 1978 καὶ
444 1952 475 1978 τὸ
487 1949 530 1987 ἦν,
550 1952 597 1979 καὶ
611 1951 641 1978 τὸ
652 1951 739 1983 ἔσται,
756 1951 802 1978 καὶ
815 1951 899 1978 τᾶλλα

101 1998 120 2025 ἃ
131 1998 163 2034 δή
174 1998 242 2024 είσιν
259 1997 380 2024 ἀνοίκεια
394 1997 441 2024 τοῦ
453 1997 531 2031 Θεοῦ,
548 1998 595 2025 ἐπὶ
610 1997 678 2025 Θεοῦ
692 1999 795 2034 κυρίως
811 1998 899 2034 ὑμνεῖ-

100 2053 163 2077 ται;
175 2044 259 2076 Αὐτὸς
271 2045 285 2071 ὁ
300 2045 386 2079 ἅγιος,
398 2044 469 2071 λύων
482 2044 530 2080 τὴν
543 2044 670 2081 ἀπορίαν,
684 2045 776 2080 φησὶν,
789 2045 829 2071 ὃτι
840 2044 898 2071 θεο-

101 2089 217 2124 πρεπῶς
226 2090 348 2116 νοοῦνται
356 2089 442 2117 ταῦτα
452 2090 498 2116 ἐπὶ
507 2090 584 2116 Θεοῦ·
594 2090 680 2117 ταῦτα
689 2089 744 2126 γὰρ
754 2090 841 2116 πάντα
851 2090 898 2116 καὶ

101 2134 231 2171 ἀλλότρια
241 2136 293 2162 εισι
302 2135 348 2162 τοῦ
361 2136 440 2168 Θεοῦ,
449 2137 496 2162 καὶ
508 2136 588 2163 πάλιν
599 2137 629 2164 ὲν
638 2136 677 2172 τῷ
687 2135 746 2172 Θεῷ
756 2136 819 2169 εἰσι,
830 2136 898 2163 καθὸ

101 2179 151 2206 τοῦ
165 2178 234 2207 εἶναι
251 2181 437 2217 μετειλήφασι.
455 2182 533 2209 Κατὰ
551 2181 605 2217 γὰρ
623 2182 673 2218 τὴν
690 2183 737 2209 τοῦ
753 2182 840 2210 αἰτίου
855 2182 897 2209 ἐν-

101 2233 178 2251 νοιαν
191 2225 279 2252 πάντα
289 2225 336 2252 τοῦ
347 2225 414 2252 Θεοῦ
430 2226 563 2261 λέγονται,
574 2228 622 2254 καὶ
630 2227 673 2254 ἐπ’
682 2227 764 2254 αὑτοῦ
775 2227 896 2254 νοοῦνται

946 294 976 316 ut
997 290 1067 317 bene
1090 290 1155 323 sint,
1179 290 1289 318 habent.
1308 293 1398 326 Atque
1412 299 1525 320 munera
1538 292 1646 325 quidem
1661 293 1733 320 auti-

945 335 1054 371 quiora,
1077 343 1104 362 ν.
1123 344 1149 372 g.
1165 336 1310 364 sublimius
1324 344 1384 364 esse
1397 357 1405 370 ,
1423 344 1471 365 seu
1487 338 1641 365 immortale
1660 346 1731 370 esse,

947 381 1152 410 intellectilibus
1172 382 1328 410 wirtutibus
1357 390 1487 411 concessa
1514 388 1587 415 sunt,
1611 392 1680 419 quas
1706 390 1733 412 et

945 432 1065 456 eternas
1079 428 1235 464 appellavit,
1247 433 1277 456 ut
1293 436 1352 463 qua:
1363 429 1527 464 participant
1539 431 1732 463 aeternitatem,

945 480 1006 500 cum
1022 477 1050 501 et
1065 473 1204 508 Scriptura
1220 474 1314 502 dicat:
1331 474 1402 502 Nam
1417 483 1475 510 qua
1495 476 1616 502 videntur
1635 481 1734 511 tempe.-

945 525 1027 544 ranea
1041 523 1119 551 sunt;
1129 526 1190 553 quae
1202 527 1262 546 vero
1277 527 1330 546 non
1345 520 1477 552 videntur,
1491 525 1589 548 wlerna
1606 524 1631 548 1.
1645 522 1732 556 Ipsum

945 570 1028 599 porro
1051 572 1112 593 esse
1135 572 1226 593 rerum
1251 573 1388 600 nunquam
1407 566 1518 600 deﬁcit;
1543 568 1652 602 quando
1661 568 1733 596 enim

945 609 1038 638 deﬁcit
1057 610 1145 645 ipsum
1162 618 1237 645 esse,
1256 612 1312 647 jam
1332 621 1385 642 non
1409 617 1451 640 est
1464 620 1526 642 ens.
1540 613 1733 642 Verumtamen

945 655 1010 684 illud
1020 657 1106 692 ipsum
1116 665 1176 686 esse
1183 663 1225 686 est
1232 666 1266 686 ex
1275 666 1307 687 eo
1313 659 1358 694 qui
1368 660 1442 695 prius
1451 665 1504 689 est.
1515 660 1642 695 quocirca
1650 662 1734 689 etiam

946 707 1108 731 cattcrarum
1121 703 1271 732 formarum
1285 706 1438 733 divinarum
1450 705 1733 742 etintelligentiarum,

945 748 1019 780 vitae,
1031 748 1182 783 sapientiae,
1198 754 1226 777 et
1240 749 1369 777 similium
1385 757 1445 778 esse
1456 750 1484 778 in
1500 750 1555 778 Deo
1568 751 1632 786 quid
1650 759 1734 779 unum

946 797 974 820 et
997 793 1069 821 idem
1095 799 1148 822 est.
1166 794 1344 830 Nequaquam
1365 801 1454 823 tamen
1481 796 1552 824 Deus
1571 801 1613 824 est
1632 797 1658 824 in
1677 797 1734 832 ipsa

949 839 1127 872 exsislentia;
1146 848 1207 868 nam
1223 842 1331 869 exsistit
1344 847 1409 870 ante
1438 842 1524 876 ipsam
1549 843 1734 870 exsistentiam

950 885 1091 920 (quoniam
1103 886 1188 922 ipsius
1204 887 1424 922 estexsistentia,
1438 889 1477 916 uti
1493 889 1574 916 etiam
1588 890 1642 916 vita
1654 894 1681 917 et
1694 889 1735 916 lu-

946 937 1019 963 men,
1034 935 1062 958 et
1081 939 1134 959 non
1159 932 1216 966 ipse
1230 937 1271 960 est
1285 934 1475 969 cxsistentiae).
1492 933 1561 968 Quid
1579 939 1670 962 autem
1682 935 1734 963 sibi

951 975 1019 1009 Vult,
1043 977 1115 1012 quod
1142 977 1229 1012 ipsum
1253 978 1353 1006 habeat
1374 979 1588 1013 exsistentia,et
1608 988 1660 1008 nou
1678 980 1735 1016 ipse

951 1023 1158 1050 exsistentiam?
1184 1024 1235 1052 nisi
1261 1031 1339 1057 cum,
1352 1030 1451 1060 prater
1469 1025 1538 1054 alias
1558 1027 1636 1054 istius
1654 1027 1736 1061 Nerbi

946 1068 1044 1096 habere
1071 1069 1300 1105 significationes,
1331 1071 1432 1099 dicitur
1457 1071 1558 1107 aliquid
1583 1072 1683 1101 habere
1708 1074 1735 1100 id

946 1115 1018 1149 quod
1040 1115 1066 1143 ei
1089 1116 1241 1143 secundum
1266 1116 1390 1144 habitum
1411 1117 1505 1150 adest;
1534 1118 1604 1145 sicut
1620 1119 1735 1146 dicimur

948 1161 1048 1189 habere
1066 1163 1211 1190 entitatcm
1233 1166 1260 1190 et
1281 1162 1375 1196 vitam,
1396 1164 1455 1192 sine
1473 1165 1572 1200 quibus
1590 1172 1639 1192 nec
1660 1172 1735 1193 esse-

947 1214 1007 1234 mus
1015 1207 1136 1242 quidem,
1152 1216 1203 1236 nec
1216 1209 1364 1244 quidquam
1380 1210 1542 1237 haberemus
1555 1217 1562 1237 :
1582 1210 1632 1238 hoc
1644 1216 1735 1238 autem

950 1252 995 1280 hic
1007 1253 1185 1289 signiﬁcatur.
1198 1254 1258 1290 Ipsa
1271 1255 1362 1290 itaque
1374 1256 1532 1283 exsistentia
1546 1255 1630 1283 Deum
1643 1256 1735 1289 habet.

953 1298 1038 1335 ιω
1056 1304 1087 1327 ut
1105 1300 1235 1328 subsistat
1251 1305 1280 1329 ct
1297 1305 1438 1336 appareat,
1461 1310 1513 1330 non
1534 1302 1592 1337 ipse
1604 1303 1676 1329 illam
1686 1302 1736 1329 ha-

948 1345 996 1373 bet
1008 1351 1036 1372 ut
1045 1346 1170 1381 exsistat;
1181 1353 1243 1374 nam
1253 1347 1366 1381 ipsemet
1380 1355 1465 1374 aevum
1475 1348 1698 1382 estexsistcutize,
1708 1353 1737 1375 et

948 1390 1125 1426 principium,
1142 1396 1170 1419 et
1184 1399 1327 1425 mensura,
1346 1397 1373 1419 et
1390 1399 1482 1419 rerum
1497 1393 1618 1420 omnium
1634 1393 1745 1428 princi-;

949 1436 1023 1471 pium
1035 1457 1043 1469 ,
1063 1442 1091 1464 et
1115 1437 1245 1470 medium,
1267 1442 1295 1465 et
1306 1437 1379 1465 ﬁnis.
1395 1438 1531 1473 Quidquid
1548 1438 1619 1465 enim
1632 1439 1736 1475 cogite-

951 1487 1006 1516 tur,
1019 1487 1048 1510 et
1062 1483 1095 1510 ad
1109 1491 1302 1518 quamcunque
1323 1492 1379 1511 rem
1391 1485 1452 1519 quis
1467 1489 1585 1512 mentem
1600 1485 1735 1518 intendat,

950 1529 1070 1558 inveniet
1091 1529 1117 1557 in
1137 1537 1168 1558 ea
1184 1530 1320 1558 notionem
1337 1538 1436 1564 causae,
1454 1531 1481 1559 id
1494 1531 1665 1559 estauctoris
1677 1532 1735 1559 Dei.

950 1575 1008 1603 Hoc
1028 1577 1110 1612 igitur
1135 1581 1177 1604 est
1203 1576 1390 1612 multiplicari,
1410 1577 1485 1605 cerni
1508 1585 1570 1605 eum
1592 1578 1618 1605 in
1643 1578 1737 1606 multis

950 1629 1073 1654 causam,
1089 1627 1117 1649 et
1130 1622 1157 1649 iu
1173 1622 1323 1657 quamlibet
1337 1630 1429 1650 earum
1446 1623 1660 1658 quotiescunque
1674 1624 1737 1659 quis

952 1668 1085 1701 intendat,
1096 1672 1124 1695 et
1137 1675 1195 1696 rem
1208 1668 1292 1703 ipsam
1303 1669 1469 1703 speculetur,
1479 1676 1586 1704 semper
1599 1670 1625 1696 in
1641 1676 1674 1697 ea
1691 1676 1736 1697 re-

950 1714 1037 1749 periet
1055 1714 1192 1742 notionem
1216 1715 1337 1742 auctoris
1352 1714 1416 1748 Dei;
1438 1715 1517 1750 juxta
1536 1716 1586 1743 hoc
1603 1715 1676 1743 enim
1691 1724 1737 1744 se-

951 1761 1069 1788 cundum
1084 1768 1192 1788 omnem
1205 1761 1396 1797 cogitationem
1409 1762 1606 1797 multiplicatur
1618 1782 1627 1796 ,
1641 1767 1737 1798 estque

950 1808 1124 1842 principium,
1136 1813 1163 1835 et
1174 1808 1336 1841 medium,et
1347 1809 1418 1835 ﬁnis.
1431 1809 1501 1837 Deus
1513 1817 1600 1844 neque
1612 1814 1736 1842 erat,nc-

949 1859 1003 1886 que
1014 1852 1068 1878 erit
1079 1852 1171 1884 habet,
1182 1853 1331 1879 secundum
1342 1851 1503 1888 Gregorium
1519 1854 1647 1881 eximium
1659 1855 1735 1882 theo-

950 1897 1055 1933 logum.
1071 1897 1123 1925 Sed
1139 1905 1228 1933 neque
1238 1902 1279 1925 est
1289 1898 1321 1925 de
1331 1899 1390 1934 ipso
1402 1901 1510 1934 proprie
1518 1900 1628 1933 dicitur,
1637 1907 1736 1928 secun—

950 1943 1014 1971 dum
1023 1944 1094 1971 hunc
1106 1944 1137 1971 D.
1146 1943 1313 1979 Dionysium,
1322 1946 1448 1979 quoniam
1462 1945 1571 1973 verbum
1582 1952 1619 1973 est
1626 1954 1735 1975 sensum

949 1990 1057 2025 ingerit,
1064 1998 1096 2019 ac
1103 1990 1126 2018 si
1137 1990 1280 2026 participct
1292 1991 1477 2018 exsistentiam
1487 2000 1494 2025 ;
1505 1992 1574 2019 Deus
1583 1997 1672 2020 autem
1682 2001 1736 2021 non

948 2037 1095 2072 participat
1107 2038 1304 2071 exsistentiam,
1321 2038 1367 2065 sed
1382 2038 1497 2072 ipsamet
1514 2039 1671 2066 exsistentia
1687 2039 1735 2067 Dei

948 2083 1083 2118 particeps
1097 2087 1148 2117 est,
1157 2088 1184 2110 et
1194 2083 1220 2110 in
1236 2083 1291 2110 Deo
1305 2084 1421 2115 exsistit,
1431 2084 1500 2111 sicut
1514 2085 1595 2111 etiam
1609 2085 1736 2120 superius

948 2129 1075 2157 diximus.
1086 2129 1225 2162 Quomodo
1235 2136 1299 2164 ergo
1306 2129 1350 2157 hic
1358 2135 1466 2157 sanctus
1473 2130 1520 2162 ait,
1529 2130 1654 2165 quoniam
1663 2135 1734 2164 erat,

948 2179 974 2202 et
985 2175 1048 2208 erit,
1058 2179 1085 2202 et
1092 2180 1188 2202 caetera
1195 2182 1255 2209 qua:
1266 2175 1378 2203 minime
1387 2176 1494 2210 propria
1503 2181 1567 2203 sunt
1574 2174 1629 2209 Dei,
1640 2177 1673 2204 de
1679 2176 1735 2204 Deo

947 2222 1056 2256 proprie
1068 2220 1265 2256 praedicantur?
1277 2221 1392 2256 lpsemet
1407 2227 1516 2250 sanctus
1531 2223 1601 2250 hanc
1609 2223 1735 2257 quaestio-

102 2271 283 2305 ὑπερουσίως·
300 2272 330 2298 τὸ
346 2272 400 2308 γὰρ
419 2273 629 2309 κατηγορεῖσθαι
646 2273 716 2301 κατὰ
736 2273 894 2308 φιλοσόφους

948 2275 1008 2295 nem
1017 2267 1123 2295 solvens
1130 2269 1177 2301 ait,
1186 2268 1237 2295 ista
1244 2268 1276 2296 de
1283 2268 1338 2295 Deo
1344 2267 1396 2295 dici
1403 2272 1537 2303 quatenus
1549 2269 1632 2296 Deum
1646 2269 1732 2298 docet.

100 2315 183 2348 τοῦτο
191 2316 275 2351 δηλοῖ.
285 2317 327 2349 Ὠς
335 2318 399 2351 γοῦν
411 2318 519 2345 πάντων
528 2318 623 2352 αἴτιος,
642 2320 689 2346 καὶ
702 2319 749 2346 τοῦ
765 2319 831 2352 ἐστι,
848 2320 896 2346 καὶ

102 2360 152 2387 τοῦ
161 2358 206 2396 ἦν,
215 2361 314 2388 καὶτοῦ
323 2362 454 2396 γίνεσθαι,
463 2364 509 2389 καὶ
519 2363 565 2390 τοῦ
576 2363 662 2396 ἔσται,
670 2365 698 2390 ὲν
706 2364 794 2399 ἑαυτῷ
806 2364 895 2391 πάντα

103 2407 221 2442 συνέχει·
232 2407 301 2443 πλὴν
312 2409 369 2443 ἃμα
378 2409 465 2435 πάντα
475 2409 522 2435 καὶ
532 2409 562 2436 τὸ
569 2407 612 2445 ἦν,
622 2410 706 2436 καὶτὸ
713 2410 799 2442 ἔσται,
809 2411 855 2437 καὶ
865 2411 896 2437 τὸ

102 2452 189 2484 ἔστιν,
207 2453 275 2488 ὅπερ
286 2453 314 2479 ὲν
328 2452 380 2479 τίνι
394 2453 465 2488 ἄλλῳ
480 2453 641 2489 λεχθήσεται
655 2453 778 2487 admota;
791 2451 844 2481 Καὶ
858 2454 895 2490 μὴ

104 2498 186 2534 μόνον
197 2498 231 2524 τὰ
250 2498 433 2533 καταφατικὰ,
454 2499 521 2526 ἀλλὰ
541 2500 588 2526 καὶ
602 2500 636 2527 τὰ
650 2500 817 2535 ἀποφατικὰ,
830 2501 896 2536 μᾶλ-

102 2544 150 2570 λην
176 2544 204 2571 δὲ
231 2545 278 2571 καὶ
299 2545 327 2571 αἱ
347 2546 487 2581 στερήσεις
510 2546 553 2572 ἐπ’
582 2545 664 2573 αὐτοῦ
686 2546 820 2581 λέγονται,
850 2548 897 2574 καὶ

102 2589 191 2616 ταῦτα
210 2590 279 2626 ἄμα,
302 2590 339 2623 ὼς
359 2588 428 2617 εἶναι
445 2592 492 2618 τὸν
515 2592 595 2618 αὐτὸν
615 2593 662 2619 καὶ
678 2593 837 2629 πάναχημον
851 2594 899 2620 καὶ

102 2636 238 2671 ἄμορφον,
261 2637 308 2663 καὶ
325 2637 464 2664 πανείδεον
485 2638 532 2664 καὶ
547 2638 650 2674 ἀκαλλῆ
664 2647 670 2653 ·
692 2640 784 2665 ἐκεῖνα
804 2639 849 2666 διὰ
868 2639 898 2665 τὸ

102 2681 190 2708 αἴτιον
209 2679 278 2708 εἶναι
292 2682 345 2708 τῶν
366 2683 511 2718 σχημάτων
523 2684 570 2712 καὶ
585 2684 639 2710 τῶν
653 2684 729 2711 εἱδῶν
750 2685 876 2712 ἁπάντων
889 2695 894 2700 ·

102 2726 190 2753 ταῦτα
204 2726 247 2753 διὰ
259 2727 289 2754 τὸ
304 2728 373 2763 ὑπὲρ
392 2729 481 2755 πάντα
493 2729 580 2756 ταῦτα
594 2727 663 2756 εἶναι
674 2749 681 2762 ,
697 2730 766 2756 κατὰ
781 2730 812 2756 τὸ
826 2731 894 2766 ὑπὲρ

103 2773 274 2807 ἀσωματίαν,
298 2775 344 2800 καὶ
359 2774 429 2810 ὑπὲρ
449 2775 546 2802 ὰῡλίαν
559 2775 682 2811 ἄμορφον
700 2776 745 2802 καὶ
765 2769 893 2809 ἀνείδεον,

101 2818 154 2850 τὰς
169 2819 255 2855 ἀρχὰς
264 2840 272 2852 ,
293 2821 384 2848 καὶτὰ
401 2821 475 2858 τέλη,
487 2823 535 2849 καὶ
549 2822 582 2849 τὰ
599 2823 668 2858 μέσα
680 2822 734 2849 τῶν
748 2822 831 2849 ὄντων
846 2831 894 2849 πε-

104 2863 318 2898 ριλαμϐάνοντα·
339 2865 450 2901 οὐδεμία
467 2866 521 2901 γὰρ
538 2867 609 2903 ἀρχή
623 2868 706 2899 ἐστιν,
719 2866 787 2901 ὑπὲρ
799 2867 832 2901 ἣν
843 2867 893 2894 οὐκ

180 2956 193 2975 -'
206 2952 225 2979 ll
240 2952 303 2980 Cor.
321 2961 356 2987 tv,
369 2954 411 2980 18.

948 2312 1012 2341 Haec
1027 2313 1099 2341 enim
1110 2313 1199 2340 omnia
1213 2313 1294 2340 etiam
1309 2312 1397 2341 aliena
1411 2318 1474 2341 sunt
1487 2321 1502 2340 a
1514 2313 1579 2347 Deo,
1594 2319 1621 2342 et
1636 2315 1734 2342 iterum

948 2360 975 2387 in
991 2359 1048 2388 Deo
1062 2364 1135 2394 sunt,
1147 2365 1281 2395 quatenus
1291 2360 1454 2395 participant
1468 2367 1536 2388 esse.
1552 2360 1647 2388 Omnia
1661 2361 1735 2388 enim

949 2405 1095 2433 secundum
1110 2412 1218 2432 causam
1234 2406 1361 2433 dicuntur
1374 2406 1407 2433 de
1422 2406 1486 2438 Deo,
1503 2411 1530 2433 et
1545 2406 1615 2434 ineo
1635 2406 1736 2434 intelli-

949 2455 1048 2485 guntur
1059 2450 1373 2485 suprasubstantialiter;
1389 2451 1439 2479 hoc
1454 2452 1525 2479 enim
1543 2452 1578 2478 ita
1592 2451 1735 2486 praedicari

950 2496 1099 2524 secundum
1126 2496 1310 2532 philosophos,
1325 2497 1453 2524 declarat.
1471 2497 1506 2525 Ut
1526 2505 1591 2533 ergo
1613 2498 1736 2526 omnium

950 2549 1030 2569 causa
1044 2547 1095 2576 est,
1111 2543 1191 2570 etiam
1204 2547 1254 2575 est,
1274 2549 1301 2570 et
1320 2548 1389 2576 erat,
1405 2548 1433 2570 et
1447 2544 1516 2578 ﬁeri,
1539 2549 1566 2571 et
1580 2544 1641 2577 erit,
1663 2545 1691 2572 in
1705 2553 1736 2572 se
1750 2553 1753 2556 '

948 2589 1038 2616 omnia
1051 2589 1188 2626 continet;
1204 2597 1297 2616 verum
1309 2589 1388 2616 simul
1402 2590 1492 2617 omnia
1506 2595 1534 2617 et
1547 2595 1617 2623 erat,
1629 2595 1657 2618 et
1669 2591 1733 2625 crit,

950 2641 976 2663 et
987 2640 1038 2668 est,
1060 2635 1132 2670 quod
1148 2636 1180 2663 dc
1198 2635 1272 2663 nullo
1286 2636 1340 2663 alio
1356 2637 1462 2664 dicetur
1475 2644 1604 2671 unquam.
1631 2637 1663 2664 Et
1679 2645 1734 2665 non

950 2682 1035 2709 solum
1061 2680 1261 2715 aﬂirmationcs,
1282 2689 1374 2709 verum
1393 2682 1474 2709 etiam
1495 2682 1662 2717 negationes,
1676 2691 1734 2709 rna-

948 2727 988 2762 gis
999 2731 1088 2754 autent
1105 2727 1270 2762 privationes
1288 2727 1320 2753 de
1343 2727 1400 2761 ipso
1412 2727 1547 2759 dicuntur,
1569 2731 1651 2761 atque
1676 2727 1733 2754 lucc

948 2772 1039 2806 simul,
1062 2772 1136 2800 velut
1159 2773 1246 2807 ipsum
1272 2779 1333 2799 esse
1358 2772 1447 2800 outnis
1471 2772 1564 2799 forma:
1580 2777 1608 2799 et
1630 2772 1733 2806 absque

947 2817 1044 2853 forma,
1063 2823 1091 2846 et
1111 2819 1200 2847 omnis
1220 2818 1311 2854 ﬁgurw
1331 2823 1357 2846 et
1374 2819 1433 2846 sine
1454 2818 1538 2854 ﬁgura
1550 2825 1596 2846 seu
1611 2818 1731 2852 pulchri-

948 2865 1039 2894 tudine
1061 2873 1067 2892 :
1088 2864 1132 2893 illa
1146 2864 1265 2900 quidem,
1279 2865 1342 2900 quia
1360 2872 1439 2893 causa
1465 2869 1506 2893 est
1532 2864 1680 2893 formarum
1703 2867 1731 2890 et
