1929 3061
212 201 264 228 867

794 202 822 230 S.
841 201 991 230 DIONYSII
1009 202 1239 230 AREOPAGszE

1788 203 1822 230 8ίῖ
1828 203 1846 230 8

210 258 356 294 ﬁgurarum
370 259 506 291 omnium;
527 260 583 287 haec
600 267 673 293 vero,
687 261 749 295 quia
764 269 845 295 supra
860 269 890 288 ea
911 261 994 288 omni:

1055 261 1112 287 ἔστι
1125 261 1191 293 Θεὸς
1202 261 1323 296 ἀσχέτως
1337 269 1383 287 και
1396 261 1478 297 ἐξῃρη
1484 260 1580 296 μὲνως·
1597 260 1643 288 καὶ
1662 260 1739 288 οὐδὲν
1756 261 1846 293 τέλος,

208 306 260 334 est,
282 307 307 329 et
327 310 409 336 supra
430 303 628 337 incorporeum,
652 309 680 332 et
704 312 786 340 supra
814 306 1001 334 immaterioh-

210 352 294 375 tatem
311 349 397 376 l'orma
420 349 564 384 specieque
582 357 690 383 carens,
708 353 840 387 principia
853 357 880 379 et
895 353 962 380 ﬁnes
975 360 1002 380 ιιι

209 395 298 422 media
316 402 406 422 rerum
423 396 650 431 circumplectcns
667 406 673 424 :
692 397 794 424 nullum
809 399 881 426 enim
897 400 1001 434 princi-

209 443 282 476 pium
307 446 358 475 est,
375 449 455 476 supra
477 443 548 477 quod
569 451 622 470 non
639 445 674 471 sit
693 444 762 472 Deus
778 445 1002 480 incompreheuse

208 491 237 514 et
251 493 389 522 example;
403 492 430 514 et
444 488 533 515 nullus
546 488 615 520 ﬁnis,
627 494 687 523 post
702 496 781 524 quem
794 499 846 518 non
862 492 897 519 sit
910 491 1000 522 Deus;

209 537 237 561 et
259 533 360 560 nullum
381 535 517 568 medium,
542 535 568 561 in
586 543 639 570 quo
653 543 706 563 non
722 537 758 564 sit
776 535 860 570 Deus,
878 537 954 571 juxta
969 538 1001 565 il--

208 579 254 606 lud
271 588 278 606 :
296 579 351 615 Ego
366 580 437 607 Deus
450 581 564 614 primus,
583 587 610 608 ct
629 589 679 616 ego
696 586 757 617 post
770 583 844 615 haec;
862 589 887 611 et
903 588 1002 618 prmter

209 633 252 653 me
264 634 317 653 non
332 631 375 654 est
384 627 455 654 alius
466 632 477 646 ι
489 636 495 660 ;
508 627 558 656 hoc
568 628 639 655 enim
656 633 697 656 est
708 629 881 664 principium,
891 635 917 658 et
927 631 999 664 ﬁnis,

208 678 236 700 et
258 674 388 705 medium,
404 674 497 708 utique
521 675 668 702 secundum
695 683 775 702 unarr.
787 681 815 703 et
836 684 1000 712 suprsquam

208 721 310 747 nnitam
328 719 409 756 447
425 728 544 747 causam.
570 720 647 748 Licet
674 722 746 748 enim
759 723 836 749 mu-lti
861 723 915 750 sint
935 723 1000 751 eﬁ‘e-

207 771 270 793 ctus
283 771 310 793 et
324 774 435 793 munera
456 765 572 798 inﬁnita,
590 771 680 794 tamen
700 775 780 802 supra
792 776 900 796 omnem
920 769 999 796 unio—

208 819 269 838 nem
286 812 366 839 habet
392 819 473 839 unttm
497 812 563 839 illud
587 821 686 846 causa,
707 821 768 848 quze
791 814 894 850 liquido
913 816 1001 842 omni-

207 857 258 884 bus
287 858 378 885 illucet
399 865 474 885 more
497 858 562 885 solis
587 858 666 892 hujus
689 860 827 888 sensibilis
851 872 857 888 :
880 861 902 888 si
928 862 1000 888 enim

208 905 269 937 hic,
288 912 349 931 cum
360 912 393 932 ex
407 904 462 932 Deo
477 904 616 935 subsistat,
645 906 744 934 multas
775 906 942 935 substantias
967 916 999 935 ac

213 952 337 978 diversas
353 951 499 985 qualitates
510 959 582 978 unus
601 952 733 980 exsistens
745 951 918 981 uniformiter
935 954 996 982 illu-

207 997 304 1029 minet,
330 1002 367 1030 et,
386 997 583 1025 illuminatione
603 1006 654 1024 una
672 1003 698 1025 ct
717 998 791 1026 unita
809 1005 997 1033 permanente,

207 1043 322 1070 diversas
348 1043 414 1070 ﬁant
437 1044 625 1078 operationes;
650 1049 751 1078 quanto
783 1044 868 1080 magis
893 1045 918 1072 in
942 1045 998 1073 Deo

207 1089 268 1124 quis
286 1089 351 1116 illud
367 1089 510 1125 intelligat,
525 1091 570 1126 qui
586 1096 639 1117 tam
653 1090 726 1117 illius
738 1098 819 1125 quam
836 1095 995 1119 cteterarum

207 1144 296 1163 rerum
314 1137 440 1164 conditor
452 1138 582 1165 exsistit?
593 1137 625 1164 Et
637 1138 659 1164 si
676 1136 715 1164 sol
731 1142 866 1165 tantorum
883 1145 996 1173 operum

205 1189 238 1209 ac
272 1182 422 1210 motionum
453 1191 551 1210 causas
587 1183 759 1212 uniformiter
789 1185 994 1220 prazacceperit.

206 1227 282 1254 unite
300 1232 374 1255 totus
394 1229 524 1256 omnibus
544 1228 692 1264 aﬂ‘ulgens,
710 1229 855 1264 unicuique
873 1237 996 1258 commo-

205 1274 256 1300 dus
272 1273 415 1309 inventus;
428 1279 531 1310 quanto
545 1276 630 1310 magis
644 1277 714 1310 apud
730 1277 887 1304 Creatorem
900 1284 995 1305 exem-

205 1320 290 1354 plaria
314 1328 405 1348 rerum
430 1323 552 1349 onmium
567 1323 700 1350 exsistere
724 1323 930 1351 concedamus?
956 1325 995 1352 Ac

205 1366 282 1394 Plato
299 1367 407 1402 quidem
423 1368 498 1395 ideas
511 1373 538 1395 et
561 1369 726 1403 exemplaria
747 1369 828 1396 nimis
848 1370 893 1396 vili
909 1374 936 1396 ct
952 1371 995 1397 in-

205 1412 284 1447 digna
305 1412 352 1439 Dei
367 1413 475 1441 ratione
489 1414 611 1448 accepit;
631 1414 675 1441 hic
689 1414 772 1441 Pater
789 1421 854 1442 vero
869 1415 918 1442 hac
935 1417 995 1451 qui-

207 1458 269 1485 dem
284 1466 349 1486 voce
360 1467 425 1486 usus
439 1465 479 1486 est
492 1479 499 1492 ,
515 1461 562 1487 sed
584 1467 693 1487 sensum
708 1460 766 1496 ejus
782 1461 826 1495 pie
838 1461 994 1496 explicavit,

205 1505 311 1537 dicens,
325 1506 488 1540 exemplaria
508 1513 568 1534 esse
584 1506 704 1534 rationes
718 1507 948 1542 prmexsistcntes,
964 1514 995 1534 ac

204 1550 309 1578 divinas
320 1551 474 1579 voluntates
485 1559 546 1588 quae
558 1553 692 1580 deﬁniunt
704 1560 737 1580 ac
751 1552 853 1580 faciunt
867 1553 994 1581 universa

204 1597 275 1630 (sola
292 1597 364 1624 enim
380 1596 451 1632 (Dei)
473 1597 614 1625 voluntate
635 1598 727 1625 omnia
746 1598 909 1634 consistunt)
925 1606 995 1635 quas
1007 1614 1030 1642 ε

204 1647 232 1669 et
247 1642 480 1676 praede-ﬁnitiones
499 1651 546 1671 seu
566 1644 818 1678 prazdestinationes
833 1645 912 1673 divus
926 1646 997 1673 Pau-

204 1688 247 1716 lus
261 1689 389 1724 appellat,
407 1689 502 1718 dicens
520 1699 526 1717 :
543 1689 614 1723 Quos
629 1695 716 1718 autem
731 1693 938 1726 prwdestinavil,
949 1694 996 1720 Im

203 1741 227 1761 et
247 1735 348 1762 vocavit
367 1741 397 1768 II;
413 1739 441 1762 et
455 1735 520 1763 alibi
535 1743 543 1762 :
566 1735 617 1768 Qui
636 1737 831 1770 praedestinavit
852 1746 898 1764 nos
912 1738 940 1764 in
956 1747 997 1765 vo-

203 1783 304 1809 luntate
320 1791 367 1809 sua
381 1782 406 1808 δ.
422 1782 500 1816 Quod
518 1788 609 1810 autem
626 1783 709 1810 etiam
730 1784 896 1812 substantias
909 1785 996 1812 addu-

203 1833 247 1854 cat
270 1829 419 1856 secundum
453 1830 636 1864 egressionem
661 1837 676 1856 a
705 1829 875 1862 substantia,
905 1831 997 1858 istius-

203 1874 275 1902 modi
304 1875 438 1903 rationem
466 1876 558 1904 habet.
587 1877 697 1903 Dixerat
725 1877 750 1904 in
773 1877 828 1904 Deo
849 1884 910 1904 esse
937 1886 995 1904 om-

202 1921 276 1948 nium
304 1929 393 1948 rerum
418 1921 605 1957 exemplaria;
627 1923 726 1951 deinde
755 1931 787 1950 ac
809 1923 831 1950 si
853 1924 914 1959 quis
929 1923 996 1950 alia-

203 1975 263 1994 rum
282 1968 391 2002 quidem
413 1976 504 1996 rerum
524 1969 642 1997 rationes
659 1970 685 1996 in
702 1969 757 1998 Deo
777 1978 838 1997 esse
854 1971 936 2002 dicat,
950 1975 994 1997 ut-

201 2020 266 2050 puta
289 2014 524 2049 providentiarum
553 2023 584 2043 ac
613 2023 776 2048 munerum,
803 2020 992 2050 motuumquc,

200 2062 274 2089 sicut
298 2061 446 2096 apostolica
462 2061 534 2089 dicta
551 2063 681 2095 tradunt;
704 2063 739 2090 ita
762 2068 791 2089 ut
806 2062 870 2090 hinc
883 2063 992 2098 quidem

201 2108 385 2142 probabiliter
403 2107 558 2143 colligatur,
585 2109 841 2143 prtedestinationes
869 2109 992 2136 ministe-

201 2153 234 2180 rii
250 2158 276 2180 et
291 2153 461 2188 apostolatus
482 2153 656 2187 rationesque
677 2154 773 2180 horum
796 2159 858 2181 esse
881 2153 908 2180 in
926 2153 990 2184 Deo,

201 2198 320 2231 ipsarum
343 2203 434 2225 autem
457 2205 635 2232 personarum
657 2198 822 2233 exemplaria
847 2206 900 2225 non
919 2205 989 2225 esse.

199 2243 240 2271 Ac
261 2243 283 2271 si
307 2243 368 2278 quis
391 2244 481 2279 itaque
511 2244 663 2272 istiusmodi
687 2245 821 2279 opinionis
851 2243 939 2275 foret.
963 2248 990 2271 et

1015 939 1035 966 li

1056 307 1115 342 μεθ’
1127 306 1141 332 ὅ
1154 306 1204 332 οὐκ
1220 305 1278 332 ἐστι
1291 306 1356 337 Θεὸς
1367 315 1373 320 ·
1391 307 1437 333 καὶ
1448 307 1523 333 οὐδὲν
1539 307 1630 341 μέσον,
1645 307 1675 333 ὲν
1687 303 1710 340 ᾧ
1720 307 1770 333 οὐκ
1786 306 1847 334 ἐστι

1052 352 1128 384 Θεὸς,
1153 351 1222 379 κατὰ
1241 351 1287 378 τό·
1308 351 1379 385 Ἐγὼ
1393 351 1460 383 Θεὸς
1479 351 1601 387 πρῶτος,
1627 353 1674 379 καὶ
1696 353 1751 387 ἐγὼ
1775 353 1846 388 μετὰ

1052 398 1147 429 ταῦτα,
1170 398 1217 424 καὶ
1239 397 1307 433 πλὴν
1323 397 1389 432 ὲμοῦ
1407 398 1457 424 οὐχ
1476 398 1532 424 ἐστι
1544 406 1550 412 ·
1573 398 1651 424 τοῦτο
1665 398 1719 434 γάρ
1732 399 1808 425 ἐστιν
1827 400 1845 435 ή

1053 443 1134 478 ἀρχὴ,
1155 442 1186 468 τὸ
1206 442 1290 474 τέλος,
1312 442 1359 469 καὶ
1377 443 1407 469 τὸ
1429 443 1520 478 μέσον,
1542 443 1611 470 κατὰ
1625 443 1690 477 γοῦν
1713 443 1778 479 μίαν
1797 445 1846 470 καὶ

1053 488 1267 523 ὑπερηνωμένην
1282 488 1381 516 αἰτίαν.
1406 489 1438 515 Εἰ
1455 488 1509 524 γὰρ
1524 489 1607 516 πολλὰ
1621 489 1654 516 τὰ
1665 490 1773 517 αἱτιατὰ
1794 490 1844 517 καὶ

1051 536 1079 561 αἱ
1104 535 1204 561 δωρεαὶ
1227 534 1346 568 ἄπειροι,
1374 535 1441 561 ἀλλὰ
1467 536 1514 562 καὶ
1543 536 1613 572 ὑπὲρ
1637 537 1727 563 πᾶσαν
1745 536 1844 564 ἕνωσιν

1052 580 1107 615 ἔχει
1124 581 1155 606 τὸ
1173 581 1271 607 ἑνιαῖον
1291 580 1321 606 τὸ
1338 580 1433 612 αἴτιον,
1452 581 1593 616 ἁχράντως
1612 583 1669 613 τοῖς
1683 583 1766 609 πᾶσιν
1783 583 1846 608 ὲπι-

1051 626 1170 662 λάμπει,
1190 627 1268 662 δίκην
1287 625 1334 654 τοῦ
1357 627 1485 663 αἰσθητοῦ
1506 628 1601 654 τούτου
1619 628 1695 663 ἡλίου
1716 637 1722 643 ·
1745 630 1770 655 εἰ
1788 628 1845 664 γὰρ

1051 670 1128 704 οὗτος
1139 674 1152 699 ὁ
1167 674 1199 699 ὲκ
1215 673 1262 699 τοῦ
1277 673 1344 700 Θεοῦ
1357 673 1476 705 ὑποστὰς
1493 673 1592 705 πολλὰς
1603 674 1696 706 οὐσίας
1713 675 1758 701 καὶ
1782 674 1844 701 δια-

1051 719 1149 754 φόρους
1171 719 1315 755 ποιότητας
1335 716 1375 751 εἷς
1394 719 1431 746 ὢν
1450 719 1593 754 μονοειδῶς
1613 720 1772 756 ἐπιλάμπει,
1796 721 1845 747 καὶ

1051 765 1183 800 μενούσης
1197 767 1261 801 μιᾶς
1274 766 1319 793 καὶ
1336 766 1438 798 ἑνιαίας
1455 767 1504 802 τῆς
1515 766 1652 802 λάμψεως,
1664 767 1785 803 διάφοροι
1798 768 1844 802 γί-

1051 819 1139 838 νονται
1160 813 1187 838 αἰ
1204 812 1355 848 ὲνέργειαι·
1377 812 1466 848 πολλῷ
1489 821 1520 847 γε
1545 813 1644 849 μᾶλλον
1658 815 1704 840 ἐπὶ
1727 814 1795 843 Θεοῦ
1812 815 1846 841 τὸ

1050 857 1168 884 τοιοῦτον
1190 859 1295 894 νοήσειέ
1311 867 1353 891 τις
1363 859 1410 886 τοῦ
1422 859 1533 895 ποιητοῦ
1549 861 1596 886 καὶ
1615 860 1707 893 αὑτοῦ,
1728 861 1845 888 καὶτῶν

1051 903 1137 930 ἄλλων
1154 904 1291 931 ἁπάντων.
1305 905 1360 930 Καὶ
1373 905 1397 931 εί
1408 906 1422 931 ό
1435 904 1508 940 ἥλιος
1524 904 1574 937 τὰς
1585 905 1674 937 αἰτίας
1689 905 1742 932 τῶν
1752 905 1846 932 τοσού-

1049 958 1102 976 των
1124 949 1269 985 ἐνεργειῶν
1286 950 1332 976 καὶ
1351 951 1484 986 κινήσεων
1503 947 1649 986 μονοειδῶς
1665 952 1844 988 προείληφεν,

1048 996 1156 1028 ὲνιαίως
1171 996 1230 1029 ὅλος
1242 997 1342 1024 ἆπασιν
1357 997 1529 1032 ὲπιλάμπων,
1544 998 1590 1024 καὶ
1601 999 1708 1034 ἑκάστῳ
1717 999 1845 1034 εὑρισκό-

1050 1049 1129 1076 μενος
1154 1041 1316 1078 πρόσφορος·
1340 1041 1429 1078 πολλῷ
1452 1051 1483 1077 γε
1505 1043 1603 1078 μᾶλλον
1629 1045 1844 1080 συγχωρήσομεν

1048 1085 1116 1114 εἶναι
1137 1089 1212 1124 παρᾶ
1223 1089 1262 1124 τῷ
1275 1089 1433 1125 δημιουργῷ
1447 1089 1480 1116 τὰ
1493 1090 1547 1117 τῶν
1563 1090 1646 1117 ὄντων
1664 1091 1773 1118 πάντων
1787 1100 1844 1117 πα-

1050 1133 1228 1169 ραδείγματα.
1248 1135 1303 1161 Καὶ
1314 1136 1327 1161 ό
1345 1135 1393 1170 μὲν
1404 1135 1514 1162 Πλάτων
1528 1135 1578 1167 τὰς
1594 1136 1665 1168 ἰδέας
1679 1136 1724 1162 καὶ
1739 1136 1774 1162 τὰ
1790 1144 1840 1163 πα-

1048 1179 1216 1216 ραδείγματα
1235 1180 1371 1212 ταπεινῶς
1393 1181 1440 1207 καὶ
1463 1181 1579 1215 ἀναξίως
1601 1181 1668 1208 Θεοῦ
1693 1181 1820 1216 ὲξείληφε
1834 1190 1843 1196 ·

1047 1226 1061 1251 ὁ
1079 1226 1107 1253 δὲ
1135 1226 1225 1262 πατὴρ
1241 1228 1274 1262 τῇ
1296 1227 1344 1262 μὲν
1361 1227 1432 1260 λέξει
1456 1228 1600 1263 ἐχρήσατο,
1621 1227 1669 1264 τὴν
1687 1228 1715 1254 δὲ
1736 1228 1845 1254 ἔννοιαν

1047 1271 1075 1298 εὑ
1081 1271 1166 1303 σεὸῶς
1179 1272 1331 1308 ἐξηγήσατο
1340 1293 1347 1305 ,
1362 1273 1569 1309 παραδείγματα
1583 1274 1669 1308 λέγων
1682 1275 1745 1306 τοὺς
1757 1277 1845 1309 προῦ-

1047 1317 1186 1352 φεστῶτας
1206 1319 1310 1353 λόγους,
1335 1320 1382 1346 καὶ
1402 1320 1436 1347 τὰ
1453 1320 1616 1356 ἀφοριστικὰ
1636 1321 1764 1356 ποιητικὰ
1781 1321 1844 1348 θεῖα

1047 1364 1197 1399 θελήματα.
1215 1365 1300 1401 (μόνῳ
1319 1366 1374 1402 γὰρ
1395 1366 1433 1402 τῷ
1449 1367 1590 1402 βούλεσθαι
1613 1367 1647 1394 τὰ
1666 1368 1754 1395 πάντα
1778 1367 1844 1394 ὑπέ-

1048 1414 1169 1447 στησεψ)
1193 1412 1240 1444 οὓς
1253 1414 1299 1440 καὶ
1313 1414 1498 1450 προορισμοὺς
1511 1414 1525 1440 ὁ
1536 1414 1606 1446 θεῖος
1621 1414 1725 1446 Παῦλός
1737 1423 1821 1449 φησιν
1835 1423 1841 1430 ·

1048 1458 1108 1491 Οὓς
1125 1459 1159 1485 δὲ
1178 1459 1335 1493 προώρισε,
1357 1460 1454 1494 λέγων,
1478 1461 1603 1493 τούτους
1622 1461 1671 1487 καὶ
1691 1460 1840 1488 ἐκάλεσε·

1047 1505 1093 1532 καὶ
1107 1505 1235 1541 ἑτέρωθι·
1254 1507 1420 1541 ΠροερΙσας
1436 1507 1514 1543 ἡμᾶς
1530 1507 1565 1533 ἐν
1578 1506 1617 1539 τῷ
1631 1506 1774 1542 θελήματι
1787 1508 1843 1534 αὺ-

1047 1551 1110 1578 τοῦ.
1130 1551 1166 1578 Τὸ
1183 1551 1222 1584 δὲ,
1243 1553 1305 1579 ἐπεὶ
1329 1554 1375 1579 καὶ
1389 1553 1482 1586 οὐσίας
1503 1554 1620 1589 παράγει
1635 1553 1704 1580 κατὰ
1716 1553 1764 1588 τὴν
1786 1553 1841 1580 ἀπὸ

1047 1598 1141 1630 οὐσίας
1155 1598 1277 1630 ἔκϐασιν,
1297 1599 1418 1626 τοιοῦτόν
1437 1609 1498 1626 τινα
1513 1599 1568 1635 ἔχει
1583 1600 1670 1633 λόγον.
1687 1599 1781 1631 Εἶπεν,
1798 1600 1840 1626 ὅτι

1049 1645 1157 1672 πάντων
1185 1645 1239 1672 τῶν
1262 1645 1346 1672 ὄντων
1370 1646 1404 1672 τὰ
1423 1645 1632 1682 παραδείγματα
1658 1647 1687 1672 ὲν
1709 1645 1748 1681 τῷ
1780 1645 1840 1680 θεῷ

1048 1692 1137 1722 ὲστιν,
1161 1688 1221 1720 εἶτα
1235 1691 1354 1727 ὡσπερεί
1370 1699 1443 1723 τινος
1461 1691 1515 1717 τῶν
1532 1690 1620 1718 ἄλλων
1641 1691 1690 1726 μὲν
1712 1691 1775 1723 τοὺς
1796 1691 1839 1717 λό-

1047 1744 1112 1770 γους
1121 1736 1236 1768 διδόντος
1248 1735 1318 1764 εἶναι
1329 1738 1358 1763 ἐν
1369 1736 1407 1772 τῷ
1417 1736 1486 1772 Θεῷ,
1498 1737 1618 1773 δηλονότι
1628 1737 1682 1763 τῶν
1694 1737 1838 1773 προνοιῶν,

1046 1783 1100 1809 τῶν
1111 1782 1229 1818 δωρεῶν,
1242 1783 1297 1809 τῶν
1312 1783 1456 1818 κινήσεων,
1469 1783 1560 1815 καθὼς
1571 1783 1657 1810 καὶτὰ
1671 1783 1839 1811 ἀποστολικά

1047 1830 1116 1865 ῥητὰ
1137 1830 1260 1865 ἔχουσινο
1287 1830 1325 1862 ὼς
1348 1829 1512 1864 συνάγεσθαι
1532 1829 1597 1862 ἴσως
1619 1830 1752 1862 ἐντεῦθεν,
1775 1832 1838 1863 τοὺς

1048 1876 1097 1911 μὲν
1120 1877 1305 1912 προορισμοὺς
1320 1877 1370 1912 τῆς
1386 1876 1524 1908 διακονίας
1542 1877 1590 1903 καὶ
1607 1876 1658 1912 τῆς
1674 1877 1837 1912 ἀποστολῆς,

1046 1923 1093 1949 καὶ
1111 1923 1174 1955 τοὺς
1193 1923 1288 1958 λόγους
1302 1925 1404 1949 τούτων
1422 1920 1491 1950 εἶναι
1513 1924 1542 1950 ὲν
1557 1922 1595 1958 τῷ
1611 1922 1679 1958 Θεῷ,
1701 1923 1792 1950 αὐτῶν
1809 1923 1838 1950 δὲ

1044 1968 1099 1995 τῶν
1111 1968 1264 2004 προσώπων
1279 1969 1314 1996 τὰ
1336 1969 1545 2005 παραδείγματα
1563 1969 1601 2005 μὴ
1615 1967 1684 1996 εἶναι
1694 1978 1700 1984 ·
1716 1969 1838 2005 ὡσπερεί

1044 2024 1116 2047 τινος
1124 2015 1188 2047 γοῦν
1198 2015 1321 2052 οἰομένου
1331 2015 1443 2042 τοιαῦτα
1455 2016 1503 2042 καὶ
1515 2015 1676 2051 χωρίζοντος
1686 2015 1740 2042 τῶν
1751 2023 1835 2051 προσ-

1044 2061 1126 2088 ώπων
1145 2061 1194 2092 τὰς
1207 2061 1354 2096 ἐνεργείας,
1371 2061 1438 2096 φησι
1453 2060 1593 2089 συνιστῶν.
1614 2061 1655 2087 ὅτι
1684 2061 1731 2087 καὶ
1746 2060 1837 2086 αὐτᾶν

1044 2108 1104 2134 καθ’
1119 2108 1184 2134 αὐτὸ
1196 2107 1250 2134 τῶν
1266 2107 1419 2142 προσώπων
1432 2107 1496 2139 τοὺς
1512 2106 1606 2141 λόγους
1616 2106 1672 2142 ἔχει
1693 2107 1758 2142 παρ’
1772 2107 1836 2133 ἑαυ-

1042 2151 1081 2188 τῷ
1099 2154 1113 2179 ὁ
1132 2152 1308 2188 δημιουργὸς,
1330 2152 1391 2178 ἐπεὶ
1411 2152 1458 2177 καὶ
1473 2151 1567 2182 οὐσίας
1586 2151 1714 2185 παράγει.
1732 2151 1836 2186 Σκέῷαι

1042 2198 1096 2233 γὰρ
1115 2197 1168 2224 ἀπὸ
1188 2197 1242 2224 τῶν
1265 2197 1325 2224 καθ’
1349 2197 1423 2232 ἡμᾶς
1442 2196 1595 2232 τεχνητῶν,
1613 2197 1653 2223 ὅτι
1671 2198 1752 2232 ἡμεῖς
1773 2197 1834 2232 μὲν,

1042 2245 1102 2270 ἐπεὶ
1128 2244 1178 2270 οὐκ
1200 2242 1293 2274 οὐσίας
1315 2242 1486 2278 παράγομεν,
1507 2241 1566 2268 οὐδὲ
1584 2243 1648 2273 τοὺς
1669 2241 1763 2276 λόγους
1781 2242 1837 2268 τῶν

199 2299 214 2317 a
242 2291 367 2325 personis
399 2291 523 2318 actiones
547 2295 707 2325 separaret,
736 2292 854 2324 asserit,
883 2295 992 2317 creato-

1047 2290 1141 2318 οὐσιῶν
1165 2291 1230 2326 παρ’
1252 2291 1356 2321 ἑαυτοῖς
1380 2289 1493 2324 ἔχομεν·
1512 2287 1595 2320 ἕξεων
1615 2289 1643 2315 δὲ
1663 2289 1709 2316 καὶ
1736 2289 1835 2324 τέχνης

199 2345 255 2364 rem
281 2338 460 2372 ipsarummet
477 2345 659 2372 personarum
675 2345 782 2372 quoque
808 2338 926 2364 ratiOnes
942 2345 989 2372 pe-

200 2391 248 2411 nes
266 2392 295 2411 se
321 2384 423 2411 habere
437 2404 444 2416 ,
465 2392 526 2411 cum
547 2384 629 2411 etiam
657 2384 822 2411 substantias
845 2384 986 2417 producat.

199 2429 339 2464 Siquidem
363 2429 388 2455 id
412 2429 560 2456 observare
581 2429 646 2456 licet
667 2429 694 2455 iu
716 2429 797 2456 rebus
821 2429 990 2456 nostratibus

198 2481 258 2504 arte
279 2476 368 2508 factis,
389 2476 518 2511 quoniam
545 2483 593 2503 nos
607 2476 716 2510 quidem
739 2483 801 2502 cum
821 2475 988 2503 substantias

1043 2337 1137 2371 λόγους
1158 2337 1234 2362 οὐδὲν
1256 2335 1353 2362 κωλύει
1373 2335 1444 2370 ἔχειν
1465 2336 1548 2370 ἡμᾶς,
1565 2335 1625 2361 καθ’
1644 2335 1691 2366 οὓς
1705 2335 1835 2361 ἀποτελε-

1042 2383 1117 2419 σθείη
1132 2383 1167 2417 ,τὸ
1183 2383 1321 2418 τεχνητὸν.
1346 2383 1373 2408 '0
1387 2382 1415 2408 δὲ
1429 2381 1495 2414 Θεὸς
1505 2402 1511 2413 ,
1528 2382 1590 2408 ἐπεὶ
1609 2382 1654 2408 καὶ
1667 2381 1771 2408 τούτων
1786 2382 1834 2408 κά-

1041 2429 1137 2456 κείνων
1157 2426 1339 2463 παραγωγεύς
1359 2427 1443 2457 ἐστιν,
1465 2425 1577 2456 εἰκότως
1588 2425 1701 2460 ἔχεικαὶ
1713 2425 1834 2460 ἀμφοτέ-

1041 2484 1096 2511 ρων
1114 2475 1177 2506 τοὺς
1190 2474 1296 2508 λόγους,
1309 2473 1355 2499 καὶ
1366 2472 1420 2499 τῶν
1435 2472 1535 2498 οὐσιῶν
1547 2472 1592 2498 καὶ
1605 2471 1659 2498 τῶν
1672 2471 1766 2504 ἕξεων,

198 2530 251 2550 non
268 2524 459 2558 producamus,
488 2522 705 2549 subSIantiarum
730 2529 838 2558 quoque
863 2522 985 2550 rationts
1007 2522 1078 2557 apud
1105 2529 1154 2548 nos
1176 2520 1290 2548 minime
1315 2519 1461 2551 habemus;
1478 2519 1668 2546 habitudinum
1700 2522 1832 2545 autemet

198 2570 265 2596 artis
280 2570 400 2597 rationes
409 2569 509 2596 habere
521 2576 570 2595 nos
580 2567 646 2595 nihil
659 2571 741 2600 vetat,
768 2567 916 2595 secundmn
930 2575 999 2602 quas
1011 2575 1054 2594 res
1069 2572 1130 2594 arte
1146 2567 1216 2593 facta
1230 2565 1395 2592 absolvatur.
1425 2565 1496 2592 Deus
1518 2571 1595 2596 vero,
1625 2572 1686 2591 cum
1703 2568 1758 2591 tam
1774 2564 1832 2592 haec

197 2625 279 2652 quam
295 2617 338 2643 illa
359 2616 510 2652 producat,
526 2615 624 2643 merito
644 2615 726 2642 habet
743 2619 921 2650 utrorumque
940 2615 1071 2647 rationes,
1091 2619 1144 2641 tam
1164 2614 1377 2641 subslantiarum
1396 2620 1476 2647 quam
1497 2612 1650 2639 habituum.

233 2663 249 2700 ᾗ
281 2663 326 2691 IX.
360 2663 486 2690 Clemens
514 2666 604 2689 autem
630 2661 807 2697 philosophus
831 2662 907 2688 urbis
930 2660 984 2687 Ro-

199 2717 286 2738 mana:
315 2709 480 2744 episcopus,
515 2713 544 2735 ut
573 2708 683 2743 quidam
713 2709 877 2743 interpretes
900 2707 984 2744 448

198 2756 289 2788 aiunt,
306 2754 465 2789 opinionem
479 2753 625 2788 quamdam
651 2757 762 2780 secutus
782 2757 834 2785 est,
849 2761 908 2788 qua:
925 2759 984 2778 tra—

198 2803 246 2834 dit,
262 2801 343 2829 etiam
359 2801 385 2828 in
402 2804 578 2836 generatione
590 2808 681 2828 rerum
696 2800 835 2827 sensilium
852 2800 982 2834 quasdam

197 2856 257 2876 esse
279 2856 377 2876 causas
398 2847 572 2883 principales.
590 2846 822 2880 Quemadmodum
850 2846 940 2880 itaque
956 2846 981 2872 in

236 2919 341 2954 zApoc.
356 2926 423 2950 xxu,
441 2918 480 2946 l3.
520 2924 533 2938 α
547 2917 624 2946 Rom.
643 2924 701 2950 VIII,
720 2916 764 2944 50.
805 2916 818 2936 b
832 2915 932 2950 Ephcs.
945 2923 964 2947 .I,
980 2915 1006 2942 5.

1075 2660 1089 2696 §
1108 2659 1153 2686 IX.
1178 2660 1206 2686 '0
1224 2659 1314 2695 μέντοι
1327 2658 1469 2693 φιλόσοφος
1483 2658 1598 2694 Κλήμης
1610 2659 1624 2684 ό
1643 2658 1751 2693 Ῥώμης
1768 2659 1828 2686 ἐπί-

1039 2715 1149 2738 σκοπος,
1171 2705 1209 2738 ὥς
1224 2706 1288 2740 φασί
1301 2714 1372 2737 τινες
1388 2704 1563 2740 ἐξηγούμενοι
1574 2724 1581 2736 ,
1598 2703 1660 2740 δόξῃ
1680 2706 1733 2730 τινὶ
1746 2713 1828 2740 κατη-

1038 2752 1184 2788 κολούθησε
1204 2752 1328 2788 λεγούσῃ,
1350 2751 1398 2778 καὶ
1418 2753 1448 2778 ὲν
1464 2753 1496 2786 τῇ
1510 2751 1614 2785 γενέσει
1626 2751 1680 2777 τῶν
1692 2751 1826 2786 αἰσθητῶν

1038 2796 1107 2825 εἷναί
1126 2806 1201 2829 τινας
1216 2797 1331 2833 ἀρχικὰς
1350 2797 1452 2828 αἰτίας.
1471 2797 1513 2828 Ὠς
1532 2796 1597 2830 γοῦν
1613 2798 1642 2822 ὲν
1655 2798 1712 2828 τοῖς
1724 2798 1826 2831 vomat;

1038 2844 1095 2870 ἔστι
1112 2844 1201 2879 λέγειν
1218 2843 1266 2876 τὰς
1280 2845 1387 2879 νοήσεις
1404 2843 1452 2875 τὰς
1471 2844 1562 2875 θείας,
1578 2843 1672 2877 λόγους
1697 2843 1825 2879 ἀρχικοὺς
