1929 3061
115 193 165 222 819

398 194 441 222 DE
458 194 587 223 DlVlNIS
604 194 804 228 NOMINIBUS,
821 194 898 222 CAP.
917 193 949 222 V.
966 208 1001 215 -
1019 193 1194 221 PARAPHR.
1214 193 1447 222 PACHYMERM.

1681 195 1734 223 850

115 253 160 280 καὶ
180 252 397 288 παραδείγματα,
423 254 508 285 οὕτως
524 256 553 280 ὲν
571 256 625 286 τοίς
646 254 784 288 αίσθητοῖς
805 253 897 287 ἔλεγεν

953 252 1152 280 intellectilibus
1175 252 1237 279 licet
1259 253 1366 284 dicere,
1384 253 1490 280 divinas
1512 253 1636 279 notiones
1651 253 1734 280 ratio-

114 295 181 323 εἷναί
196 305 257 323 τινα
272 297 480 333 ἀρχηγικώτερα
492 298 707 334 παραδείγματα,
721 298 767 325 τοῦ
779 298 827 334 μὲν
840 297 899 324 ἐνύ-

114 343 157 369 λου
169 343 247 378 τυχὸν
261 344 347 379 πυρὸς
357 344 387 370 τὸ
398 344 516 380 αἰθέριον
529 364 536 376 ,
562 344 616 372 τῶν
628 345 655 372 δὲ
668 345 825 381 π-ηγιμαίων
837 345 900 372 ὑδά-

113 398 165 415 των
180 389 214 416 τὰ
234 390 416 424 ὑπερθυράνια
430 389 521 422 ὕδατα,
541 390 617 417 ἆτινα
631 390 764 426 ἀῡλότερά
775 390 833 422 πώς
847 391 899 417 εἰσι

113 435 166 462 τῶν
183 435 346 471 ὑφειμένων,
366 436 431 470 παρ*
443 436 504 462 ὅσον
517 437 531 463 ὁ
545 437 592 472 μὲν
604 437 686 473 αἰθὴρ
699 437 780 469 αὐτὸς
797 438 825 464 ὲν
836 438 899 464 ἑαυ-

113 481 151 516 τῷ
171 482 256 508 καίων
276 481 431 516 ὑφίσταται,
455 482 489 508 τὰ
512 483 540 509 δὲ
564 483 692 519 ὑπράνω
709 483 763 510 τῶν
779 484 900 519 οὐρανῶν

114 527 195 554 ὕδατα
212 527 272 563 δίχα
287 528 333 554 τοῦ
353 529 534 564 προσήκοντος
560 530 735 565 περιορισμοΰ
756 530 901 564 συσφίγγε-

113 582 156 600 ται
177 575 223 600 καὶ
235 574 388 610 συνέχεται·
405 576 452 602 καὶ
474 575 571 610 μᾶλλον
593 576 638 602 ἐπὶ
658 575 841 611 σφαιροειδοῦς
854 575 901 602 καὶ

113 619 258 656 ὀλισθηρᾶς
277 620 342 647 ὄντα
361 621 478 656 φύσεως,
501 622 584 657 ἄμφω
606 622 634 649 δὲ
653 624 844 658 συγκρατεῖται
862 621 901 656 τῷ

112 667 299 703 δημιουργικῷ
322 667 368 694 καὶ
389 667 453 703 θείῳ
476 667 620 703 θελήματι,
641 668 689 694 Διὰ
711 668 790 695 τοῦτο
806 668 834 694 δὲ
855 669 901 695 καὶ

113 713 181 748 πρός
192 721 219 739 τι
232 713 443 748 παραδείγματά
458 722 541 750 φησι·
557 715 625 749 πρὸς
642 714 696 749 γὰρ
707 715 792 741 ταῦτα
810 715 901 741 ἐκεῖνα

113 758 331 794 παραδείγματα,
349 760 396 786 καὶ
410 759 459 795 οὐχ
473 760 565 792 ἁπλῶς
577 761 693 796 ἀρκτικὰ
705 760 788 793 αἴτια,
804 760 842 792 ὡς
855 758 900 787 οὖ-

113 803 157 835 τός
169 813 253 840 φησι,
268 804 302 831 τὰ
322 805 454 840 θεαρχικὰ
466 805 615 842 θελήματα.
633 806 723 833 ’Ἄλλοι
735 807 762 833 δὲ
772 806 806 833 τὰ
819 805 901 841 νοητὰ

112 848 166 875 τῶν
184 849 330 885 αίσοητῶν,
342 850 389 876 καὶ
409 850 510 877 τούτων
527 851 606 878 πάλιν
624 851 657 877 τὰ
680 851 829 887 ὑψηλότερα
848 852 901 878 τῶν

113 895 270 926 κατωτάτω,
289 895 498 931 παραδείγματα
511 896 599 930 λέγειν
610 897 655 922 τὸν
669 897 740 932 ἱερὸν
752 896 900 932 ἐκλαϐόμε-

951 306 999 328 nes
1014 307 1076 327 esse
1096 299 1259 334 principales
1272 305 1299 327 et
1326 300 1502 335 exemplaria,
1522 300 1561 327 sic
1580 300 1606 327 in
1627 301 1734 328 scusili-

949 345 1000 372 bus
1023 344 1092 372 dixit
1114 352 1174 372 esse
1191 346 1316 379 quaedam
1337 346 1529 380 principaliora
1555 346 1733 380 exemplaria,

950 397 976 417 ν.
992 398 1019 425 ς.
1047 391 1117 425 ignis
1133 391 1283 418 materialis
1305 391 1422 426 qualitas
1447 392 1570 423 tctheria,
1591 396 1619 419 et
1644 392 1734 419 l'outa-

950 437 1015 464 lium
1040 445 1171 472 aquarum
1194 437 1405 471 supercmlesles
1425 445 1512 472 aqum.
1532 445 1591 472 qua:
1605 438 1737 473 quodam—

951 484 1033 511 modo
1066 483 1151 518 magis
1175 483 1368 510 immateriales
1396 488 1458 510 sunt
1492 484 1685 518 inferioribus,
1708 485 1735 512 iu

950 533 1081 562 quantum
1108 528 1193 556 aether
1215 528 1324 562 quidem
1349 529 1404 563 ipse
1419 528 1444 556 in
1459 528 1549 563 seipso
1561 530 1659 557 ardens
1673 530 1737 557 sub-

951 574 1039 606 sistit,
1066 582 1144 609 aquae
1166 582 1232 602 vero
1253 574 1462 609 superctelesles
1486 575 1546 602 sine
1564 575 1736 604 circumscri-

951 620 1043 654 ptione
1057 620 1237 648 conveniente
1251 621 1479 656 constringuntur
1494 629 1526 648 ac
1544 622 1735 654 continentur;

951 666 1016 700 quin
1040 666 1130 700 potius
1146 674 1207 693 cum
1221 667 1384 694 orbicularis
1405 675 1436 694 ac
1450 667 1528 694 ﬂuxae
1546 673 1652 695 natura}
1670 668 1736 699 sint,

952 718 1069 747 utraque
1087 712 1236 740 conditoris
1251 721 1283 740 ac
1297 714 1389 740 divina
1403 714 1540 742 voluntate
1552 714 1739 744 continentur,

951 757 1086 790 Quocirca
1100 758 1184 785 etiam
1199 759 1232 785 ad
1252 759 1353 794 aliquid
1377 760 1544 794 exemplaria
1568 767 1632 788 esse
1651 760 1736 790 dicit:

952 804 985 831 ad
1012 804 1069 832 haec
1091 804 1148 839 ipsa
1165 806 1237 832 enim
1256 806 1435 840 exemplaria,
1457 812 1484 833 et
1505 815 1557 833 non
1580 807 1739 842 simpliciter

952 858 1050 878 causas
1069 851 1246 885 principales.
1266 856 1295 878 ut
1319 852 1363 879 hic
1378 852 1427 885 ait,
1443 852 1541 880 divina.-
1560 857 1623 880 suut
1644 852 1740 880 volun-

954 901 1032 924 tates.
1060 896 1111 923 Alii
1141 904 1205 924 vero
1226 897 1393 924 iutellectilia
1422 898 1573 930 sensiliuin,
1597 903 1625 925 et
1642 899 1738 925 borum

113 949 152 967 νοι
166 941 324 976 Κλήμεντα,
342 943 382 974 εἰς
393 943 540 978 σαφήνειαν
552 943 602 978 τῆς
623 942 749 979 τοιαύτης
761 943 838 979 δόξης
856 943 901 970 καὶ

954 945 1049 970 iterum
1072 944 1232 971 sublimiora
1253 944 1413 971 inferiorum
1432 944 1597 979 exemplaria
1614 944 1739 972 Clemen-

111 985 230 1012 τοιοῦτόν
249 995 275 1012 τι
296 987 475 1023 παράγουσιν.
497 988 612 1015 Ὑπόῦου
634 989 688 1025 γὰρ
703 989 843 1024 γραμμὴν,
867 987 900 1024 ἦς

112 1031 143 1058 τὺ
158 1032 206 1067 μὲν
219 1031 275 1060 ἄνω
291 1033 372 1069 μέρος
384 1033 550 1060 ὰποδιδόσϐω
562 1035 619 1066 τοῖς
635 1036 739 1069 νοητοῖς
748 1055 755 1067 ,
770 1035 801 1061 τὸ
812 1035 840 1061 δὲ
853 1036 902 1062 κά-

111 1087 150 1105 τω
172 1081 228 1111 τοῖς
247 1080 386 1116 αἰσθητοῖς
397 1089 403 1095 ·
432 1082 475 1108 καὶ
493 1082 594 1109 τούτων
606 1083 636 1109 τὸ
652 1083 700 1118 μὲν
714 1083 900 1118 ἀρχηγικωτέ-

113 1135 180 1161 ροις,
196 1127 268 1163 ἅπερ
283 1129 336 1155 eiul.
355 1127 387 1154 τὰ
407 1128 480 1160 ἰδίως
491 1130 573 1164 νοητὰ
586 1150 593 1162 ,
609 1130 638 1156 τὸ
652 1129 758 1164 πρῶτον
771 1131 817 1156 καὶ
830 1130 900 1157 ἀνώ-

111 1181 191 1200 τατον
213 1173 305 1209 μέρος,
321 1176 378 1206 τοῖς
395 1174 424 1200 δὲ
444 1176 476 1201 ὲκ
495 1174 549 1202 τῶν
564 1175 666 1211 νοητῶν
679 1176 709 1202 τὸ
729 1177 786 1211 μετ’
803 1178 900 1208 ἐκεῖνο,

111 1214 161 1243 εἷο*
177 1217 257 1249 οὕτω,
274 1218 336 1245 καθ’
349 1219 482 1246 ὑπόϐασιν
496 1220 545 1255 τῆς
556 1221 688 1256 γραμμῆς
699 1221 733 1247 τὰ
749 1221 824 1248 ἄλλα.
842 1223 901 1248 Δεῖ-

112 1262 156 1296 ξαι
174 1263 228 1300 γὰρ
242 1264 312 1291 θέλει
331 1266 348 1300 ἡ
365 1266 476 1302 τοιαύτη
489 1265 552 1298 δόξα
564 1285 571 1297 ,
590 1267 625 1302 μὴ
640 1267 689 1302 τῆς
700 1267 778 1300 ἀξίας
790 1267 840 1302 τῆς
852 1269 900 1295 αύ-

110 1309 160 1344 τῆς
182 1307 250 1336 εἶναι
271 1310 305 1337 τὰ
325 1312 423 1344 πάντα,
445 1311 502 1339 ἀλλ’
514 1311 543 1344 ἐξ
557 1312 677 1348 ἀλλήλων
693 1313 750 1340 ἔνια
762 1314 900 1349 γινόμενα,

111 1355 167 1384 οἷον
189 1357 223 1384 τὰ
249 1359 380 1394 ὑφειμένα
404 1360 460 1396 εἴδη
478 1362 533 1389 τῶν
555 1361 715 1389 καθολικῶν.
740 1363 795 1389 Καὶ
815 1363 902 1391 ταῦτα

114 1405 163 1439 μέν
177 1414 248 1438 τινες
259 1415 266 1422 ⁸
282 1407 312 1434 τὸ
326 1408 354 1435 δὲ
372 1408 442 1439 ὅλον,
458 1407 544 1444 οἶμαι,
555 1410 593 1441 ὡς
606 1410 638 1437 ἂν
649 1411 703 1437 τῶν
715 1410 802 1446 λόγων
817 1422 901 1440 κατα-

113 1452 297 1488 στοχάσωμαι,
312 1453 392 1480 τοῦτό
406 1455 479 1482 ἐστιν
489 1464 495 1469 ·
515 1455 574 1482 ’Ότι
587 1457 680 1493 ἐπειδὴ
693 1458 747 1484 τῶν
755 1460 857 1494 νοητῶν
867 1461 902 1488 τὰ

98 1497 233 1533 ’παρόντα
251 1498 382 1533 λέγουσιν,
402 1501 440 1532 ὡς
459 1502 473 1527 ὁ
497 1502 583 1536 μέγας
602 1503 759 1537 Ἀπόστολος
777 1504 835 1532 εἷπε
855 1507 900 1533 τοῦ

112 1543 195 1578 νόμου
224 1545 313 1577 σκιὰν,
339 1543 417 1578 οὗτος
440 1546 469 1580 ἐξ
486 1547 662 1583 ἀντιστρόφου
687 1551 778 1577 ἐκεῖνα
801 1551 902 1578 τούτων

112 1589 225 1616 ἐκάλεσε
239 1591 454 1627 παραδείγματα.
471 1593 520 1620 Διὰ
536 1593 613 1621 τοῦτο
627 1595 682 1631 γὰρ
694 1594 754 1623 εἶπε
769 1597 815 1624 καὶ
833 1599 899 1634 πρός
913 1609 933 1636 c

111 1646 138 1664 τι
157 1638 174 1672 ή
193 1638 275 1665 εἰκὼν
288 1639 356 1674 πρὸς
366 1639 397 1666 τὸ
410 1640 592 1676 παράδειγμα,
615 1643 661 1668 καὶ
679 1643 710 1669 τὸ
729 1645 902 1680 παράδειγμα

113 1684 183 1719 πρὸς
195 1684 244 1720 τὴν
259 1685 361 1713 είκόνα.
376 1687 444 1722 Φησὶ
458 1687 548 1714 τοίνυν
561 1689 576 1714 ὁ
591 1688 694 1724 Πατὴρ,
707 1689 758 1722 ὅτι,
772 1691 795 1716 εἰ
808 1691 902 1717 κάκεῖ-

113 1738 159 1761 νος
176 1730 210 1757 τὰ
227 1731 310 1767 νοητὰ
333 1732 387 1758 τῶν
407 1733 543 1769 αἰσθητῶν
555 1735 668 1761 ἐκάλεσε
681 1736 900 1772 παραδείγματα,

113 1776 180 1811 (ὅρα
190 1776 254 1811 γὰρ,
271 1778 348 1812 φησὶ,
364 1777 501 1812 ποιήσεις
513 1779 587 1806 κατὰ
603 1780 656 1806 τὸν
669 1781 765 1807 τύπον
779 1781 832 1808 τὸν
843 1782 901 1808 δει-

112 1821 223 1856 χθέντα
233 1823 305 1857 σοι’)
325 1823 382 1850 ἀλλ’
394 1821 440 1850 οὖν
453 1825 503 1850 οὐκ
516 1825 569 1851 eiul.
576 1825 686 1853 τοιαῦτα
697 1827 902 1863 παραδείγματα

110 1866 147 1893 τὰ
162 1867 244 1902 νοητὰ
263 1869 364 1898 ἐκεῖνα,
384 1868 454 1895 ὥστε
475 1869 521 1895 καὶ
537 1871 711 1906 προσκυνητὰ
725 1869 804 1904 εἶναι,
816 1873 853 1904 ὼς
868 1872 902 1899 τὰ

112 1913 174 1939 θεῖα
187 1913 336 1949 θελήματα,
352 1914 419 1942 ἀλλὰ
430 1916 544 1943 κάκεῖνα
557 1918 696 1953 ποιήματά
706 1919 769 1950 εισι,
785 1919 831 1945 καὶ
845 1918 903 1954 έχο-

113 1968 164 1995 μεν
187 1960 295 1987 ἀκούειν
309 1961 355 1987 καὶ
376 1962 439 1997 περὶ
463 1962 563 1995 αὐτῶν,
579 1963 669 1996 καθὼς
680 1965 694 1990 ό
708 1965 827 2000 Μωῠσῆς
839 1967 902 2002 περὶ

111 2005 167 2032 τῶν
186 2006 323 2043 αἰσθητῶν
335 2005 411 2033 εἶπεν
427 2008 465 2040 ὡς
478 2009 532 2036 ἀπὸ
546 2009 592 2036 τοῦ
607 2010 684 2037 Θεοῦ-
707 2011 743 2038 Οὺ
759 2011 903 2048 παρέδειξα

114 2060 155 2079 σοι
175 2053 244 2080 αὐτὰ
262 2053 309 2080 τοῦ
326 2055 486 2091 πορεύεσθαι
501 2057 588 2083 ὀπίσω
603 2057 708 2090 αὐτῶν,
727 2058 784 2085 ἀλλ’
803 2059 846 2086 ἵνα
859 2059 902 2086 διὰ

112 2098 215 2126 τούτων
234 2100 301 2136 πρὸς
314 2101 344 2127 τὸ
357 2101 440 2134 ὄντως
459 2103 488 2129 ὂν
508 2104 555 2130 καὶ
573 2104 619 2130 τὸν
637 2104 750 2140 ποιητὴν
765 2106 903 2142 ἁναγώμε-

113 2143 158 2171 Oa.
177 2145 284 2182 Ἐπειδὴ
293 2156 363 2179 τινες
371 2147 425 2174 τῶν
432 2148 564 2184 Ἑλλήνιον
575 2150 624 2181 τὰς
634 2151 705 2182 ἰδέας
715 2151 801 2178 καὶτὰ
811 2161 899 2188 παρα-

112 2191 246 2227 δείγματα
255 2194 423 2221 ὲνυπόστατα
445 2194 557 2230 ἔφησαν,
579 2197 689 2230 τούτους
704 2198 901 2234 ὰπορῤαπίζων

113 2237 214 2271 φησιν’
231 2238 262 2264 Εἰ
283 2239 338 2275 γὰρ
360 2240 397 2276 μὴ
420 2240 512 2272 ἁπλῶς
531 2243 578 2268 καὶ
597 2243 704 2276 ἐνιαίως
717 2242 771 2271 εἷεν
791 2247 818 2272 αἱ
833 2245 899 2272 ἰδέαι

113 2284 221 2319 νοήσεις
232 2284 317 2320 ὑπερη
323 2286 542 2322 πλωμέναιοῦσαι
553 2289 599 2316 τοῦ
610 2290 842 2326 ύπερηπλωμένου
854 2293 900 2318 καὶ
916 2282 938 2308 Ῑ)

115 2328 327 2364 ὑπερηνωμένου
349 2331 415 2357 Θεοῦ
425 2352 433 2364 ,
457 2332 582 2365 σύνθετος
595 2334 628 2360 ἂν
647 2334 689 2369 εἴη
699 2336 712 2361 ὁ
724 2335 789 2367 Θεὸς
804 2337 835 2362 ἐκ
849 2345 903 2362 πα-

116 2374 293 2410 ραδείγματος
303 2377 349 2403 καὶ
357 2377 462 2411 ἑαυτοῦ,
469 2380 536 2414 ὅπερ
546 2380 656 2416 διπλόην
663 2382 786 2417 ὠνόμασε
796 2391 802 2398 ’
815 2384 903 2410 πάντα

113 2419 162 2448 οὖν
180 2422 323 2449 ἀναθετέον
336 2425 368 2458 τῇ
383 2424 476 2460 πρώτῃ
491 2426 574 2461 αἰτίᾳ.
598 2427 666 2453 Ἀλλ’
682 2428 713 2454 οὐ
723 2449 730 2460 ,
745 2428 812 2455 διότι
828 2438 904 2464 μερι-

114 2468 152 2495 κὰ
172 2468 219 2494 καὶ
238 2469 399 2504 ὲτερόχρονα
413 2470 448 2497 τὰ
465 2473 590 2505 αἰτιατὰ,
608 2473 658 2508 ἤδη
677 2475 839 2509 ὑπονοητέον
859 2477 905 2502 καὶ

115 2514 267 2550 μερισμούς
293 2524 368 2547 τινας
396 2517 620 2557 ίδιοῦποστάτονς,
642 2519 658 2555 ἢ
680 2520 732 2556 μὴν
752 2521 823 2553 ἰδίως
848 2524 904 2548 ὲπι-

113 2563 276 2598 νοουμένους
294 2565 339 2590 ἐπὶ
357 2564 425 2591 Θεοῦ
437 2574 443 2580 ·
460 2565 526 2593 ἀλλὰ
547 2567 596 2602 μία
616 2568 674 2594 ἐστὶ
688 2568 734 2594 καὶ
753 2567 822 2604 αὕτη
842 2567 904 2604 ἐξῃ-

116 2609 222 2644 ρημένη
237 2610 337 2642 παντὸς
349 2611 448 2637 ἑνιαίου
461 2613 477 2647 ἡ
492 2612 605 2645 ἓνωσις’
623 2614 691 2641 κατὰ
710 2614 772 2649 μίαν
786 2615 839 2650 γὰρ
857 2616 904 2642 καὶ

113 2657 166 2692 τὴν
190 2655 275 2691 αὐτὴν
303 2656 352 2691 οὐχ
371 2657 464 2689 ἁπλῶς
484 2659 622 2694 ἁπλότητα
636 2680 643 2692 ,
667 2660 723 2686 ἀλλ’
751 2661 903 2696 ὑπερϐολὴν

83 2735 87 2741 Ι
113 2702 275 2737 ἁπλότητος,
296 2703 383 2729 πάντα
400 2705 429 2730 ὲν
445 2705 524 2741 ἑαυτῇ
541 2706 577 2741 μὴ
591 2706 669 2741 μόνον
688 2708 818 2743 περιέχει,
836 2707 903 2734 ἀλλὰ

115 2749 163 2775 καὶ
179 2749 288 2784 προέχει
307 2752 527 2786 προωρισμένως,
542 2752 680 2789 ἀρξαμένη
692 2754 741 2789 τῆς
751 2755 903 2782 οὺσιοποιοῦ

88 2794 93 2799 ’
115 2794 243 2829 προόδου,
264 2794 311 2820 καὶ
328 2797 497 2832 παραγωγῆς
517 2797 572 2824 τῶν
595 2798 759 2834 κτισμάτων,
782 2800 837 2826 ἀπὺ
858 2800 905 2826 τοῦ

116 2839 186 2868 εἶναι
204 2840 303 2876 ἑαυτῆς
319 2850 324 2855 ·
346 2841 440 2877 ὥσπερ
460 2844 506 2870 καὶ
526 2844 610 2878 αὐτῆς
627 2844 758 2876 ζωοποιοῦ
777 2846 831 2873 ἀπὸ
856 2846 905 2882 τῆς

155 2939 165 2952 ε
184 2933 266 2961 Exod.
280 2941 342 2966 xxv,
361 2934 404 2962 40.

952 995 1006 1017 tem
1030 991 1121 1018 dicere
1147 991 1346 1022 existimantes,
1371 990 1406 1018 ad
1428 990 1581 1018 istiusmodi
1603 990 1739 1025 opinionis

951 1035 1171 1071 explicationem,
1183 1036 1247 1071 quid
1256 1036 1346 1064 simile
1363 1036 1513 1064 adducunt.
1524 1036 1652 1071 Suppone
1664 1037 1736 1064 enim

952 1080 1051 1108 lineam
1065 1080 1142 1114 cujus
1156 1081 1282 1116 superior
1297 1082 1407 1116 quidem
1434 1090 1467 1117 pa
1474 1090 1499 1110 rs
1522 1083 1583 1110 data
1596 1083 1630 1110 sit
1659 1083 1739 1110 rebus

951 1129 1163 1162 iutellectilibus,
1188 1130 1302 1158 inferior
1325 1138 1389 1157 vero
1414 1131 1576 1163 sensilibus;
1599 1136 1680 1165 atque
1705 1131 1739 1158 iis

951 1175 1058 1210 quidem
1077 1184 1138 1211 qua;
1154 1177 1226 1204 inter
1245 1177 1302 1204 haec
1316 1177 1463 1211 primatum
1481 1181 1583 1209 tenent,
1602 1185 1662 1211 qua:
1676 1183 1740 1204 sunt

952 1221 1061 1257 proprie
1085 1222 1276 1257 intelligibilia,
1304 1222 1420 1256 primam
1444 1229 1475 1248 ac
1491 1223 1660 1256 superiorem
1677 1230 1739 1257 par-

954 1272 1007 1295 tem
1033 1268 1184 1304 obtigisse,
1220 1268 1425 1296 iulellectilibus
1448 1272 1540 1296 autem
1564 1268 1740 1296 inferioribus

953 1313 1123 1347 inferiorem,
1142 1319 1170 1341 et
1189 1315 1223 1341 ita
1240 1314 1357 1346 caeteris,
1374 1314 1522 1342 secundum
1535 1315 1614 1342 linea:
1625 1314 1739 1344 descen-

952 1368 1021 1387 sum.
1041 1361 1180 1395 Siquidem
1193 1361 1254 1388 talis
1272 1361 1365 1395 opinio
1381 1361 1438 1388 vult
1457 1361 1556 1388 docere
1573 1361 1665 1388 omnia
1687 1368 1739 1388 nou

953 1414 1014 1434 esse
1032 1407 1153 1442 ejusdem
1177 1407 1317 1442 dignitatis
1330 1427 1337 1439 ,
1354 1407 1401 1435 sed
1416 1407 1538 1441 quaedam
1554 1415 1587 1435 ex
1601 1414 1631 1434 se
1646 1412 1741 1434 mutuo

952 1453 1116 1488 dependere,
1136 1453 1208 1481 velut
1232 1452 1369 1487 subjectus
1389 1454 1493 1488 species
1516 1454 1549 1481 ab
1573 1452 1739 1481 universali-

952 1501 1014 1528 bus.
1028 1499 1062 1527 Et
1077 1501 1135 1528 haec
1152 1500 1261 1535 quidem
1286 1500 1438 1535 aliquorum
1459 1505 1500 1527 est
1524 1499 1660 1527 sententia
1677 1510 1683 1526 :
1698 1504 1739 1526 to-

953 1551 996 1574 tus
1015 1554 1090 1580 vero,
1111 1551 1243 1581 quantum
1260 1553 1294 1573 ex
1309 1545 1399 1573 verbis
1415 1547 1483 1580 ipsis
1502 1545 1628 1580 coujicio,
1644 1552 1740 1572 sensus

953 1593 996 1620 hic
1015 1596 1056 1620 est
1074 1601 1081 1619 :
1104 1592 1177 1627 quod
1194 1600 1255 1620 cum
1277 1591 1421 1626 prmseutia
1449 1592 1541 1618 dicant
1563 1598 1624 1618 esse
1648 1598 1740 1618 rerum

954 1639 1129 1674 spiritalium,
1150 1639 1220 1666 sicut
1246 1645 1360 1672 magnus
1382 1637 1527 1672 Apostolus
1550 1644 1582 1664 ea
1603 1644 1664 1671 qua:
1677 1641 1742 1663 sunt

954 1685 1021 1720 legis
1037 1686 1160 1711 umbram
1178 1683 1342 1718 appellavit,
1360 1682 1395 1709 ita
1414 1683 1460 1710 hic
1475 1681 1520 1708 illa
1540 1681 1582 1709 bis
1601 1688 1741 1715 opponens

953 1730 1118 1765 exemplaria
1135 1731 1252 1758 vocavit.
1279 1729 1385 1757 Idcirco
1411 1728 1483 1756 enim
1511 1727 1581 1755 dixit
1603 1727 1684 1753 etiam
1707 1727 1739 1753 ad

954 1776 1068 1812 aliquid,
1086 1776 1176 1811 imago
1191 1775 1318 1803 videlicet
1336 1775 1369 1803 ad
1386 1773 1544 1808 exemplar,
1560 1777 1588 1799 et
1601 1773 1741 1806 exemplar

953 1823 989 1851 ad
1007 1823 1163 1858 imaginem.
1180 1823 1226 1850 Ait
1245 1823 1335 1856 itaque
1355 1822 1400 1848 hic
1420 1820 1510 1852 Pater,
1532 1820 1603 1854 quod
1620 1819 1643 1847 si
1657 1819 1739 1846 etiam

954 1870 998 1897 ille
1014 1869 1179 1896 intellectilia
1200 1868 1341 1896 seusilium
1362 1867 1526 1903 exemplaria
1547 1867 1655 1894 vocavit
1674 1866 1742 1902 (vide

953 1917 1033 1949 enim,
1055 1917 1159 1950 inquit,
1182 1915 1266 1950 facias
1283 1915 1427 1942 secundum
1448 1914 1580 1948 exemplar
1602 1914 1672 1948 quod
1694 1912 1742 1940 tibi

954 1968 1128 1989 monstratum
1154 1967 1192 1989 est
1211 1962 1252 1997 ε),
1284 1962 1376 1995 utique
1408 1967 1460 1987 non
1491 1965 1556 1987 sunt
1587 1958 1740 1987 istiusmodi

954 2010 1119 2044 exemplaria
1137 2009 1308 2036 intcllcctilia
1328 2007 1371 2034 illa
1388 2028 1395 2040 ,
1418 2015 1479 2042 qua:
1501 2007 1583 2034 etiam
1603 2005 1740 2033 adoranda

953 2059 1009 2085 siut
1026 2061 1056 2084 ut
1073 2057 1172 2084 divina:
1186 2056 1353 2088 voluntates,
1371 2062 1464 2082 verum
1474 2053 1518 2081 illa
1532 2060 1637 2088 quoque
1649 2056 1741 2079 creata

954 2110 1033 2137 sunt,
1052 2104 1138 2138 deque
1156 2103 1189 2129 iis
1208 2102 1333 2129 audimus
1351 2102 1377 2128 id
1393 2100 1465 2136 quod
1483 2099 1588 2135 Moyses
1605 2099 1638 2126 de
1655 2098 1742 2126 sensi-

954 2151 1023 2179 libus
1040 2150 1087 2177 Dei
1105 2149 1215 2176 nomiue
1239 2147 1309 2175 dixit
1327 2156 1333 2173 :
1352 2146 1409 2173 Non
1437 2145 1544 2172 ostendi
1564 2143 1611 2171 tibi
1630 2143 1688 2170 haec
1712 2147 1742 2168 ut

953 2197 1073 2225 ambules
1090 2192 1162 2231 post'
1174 2201 1206 2222 ea
1222 2213 1230 2225 ,
1252 2194 1298 2222 sed
1317 2199 1347 2221 ut
1363 2201 1410 2228 per
1426 2193 1482 2220 haec
1499 2193 1533 2218 ad
1551 2191 1576 2218 id
1594 2191 1664 2226 quod
1679 2197 1742 2217 vere

953 2249 994 2271 est.
1021 2249 1049 2271 et
1071 2230 1233 2270 creatoreur
1252 2241 1429 2267 adducamur.
1452 2237 1536 2274 M9
1559 2238 1625 2264 Cum
1656 2236 1739 2271 aliqui

953 2290 1069 2325 gentiles
1086 2289 1225 2318 dixerint,
1252 2286 1325 2313 ideas
1351 2292 1411 2312 esse
1435 2285 1599 2318 exemplaria
1617 2291 1678 2318 quas
1694 2291 1741 2317 per

955 2345 984 2364 se
1000 2335 1169 2366 subsistunt,
1200 2334 1250 2361 hos
1275 2332 1395 2359 refutans
1412 2330 1474 2357 ait:
1495 2330 1551 2357 Nisi
1576 2330 1648 2357 enim
1675 2330 1741 2356 idete

955 2382 996 2409 lue
1028 2381 1152 2407 notiones
1188 2383 1279 2407 essent
1309 2376 1471 2411 simpliciter
1494 2381 1521 2402 ct
1546 2375 1621 2401 unite
1645 2382 1742 2409 super-

955 2434 1091 2461 expausae,
1115 2425 1350 2460 snperemincnter
1371 2427 1399 2450 et
1416 2429 1579 2456 supraquam
1598 2422 1664 2448 uniti
1683 2421 1741 2453 Dei,

957 2473 1052 2506 utique
1069 2472 1139 2498 Deus
1157 2469 1325 2504 compositus
1342 2473 1414 2495 esset
1430 2475 1464 2494 ex
1488 2467 1636 2502 exemplari
1654 2473 1681 2494 et
1698 2475 1742 2494 se-

957 2519 1027 2554 ipso,
1053 2519 1124 2553 quod
1149 2518 1333 2554 duplicitatem
1357 2517 1520 2551 appellavit;
1545 2515 1635 2543 omnia
1661 2515 1743 2549 igitur

957 2568 1052 2602 prima:
1074 2573 1163 2592 causa:
1187 2564 1348 2592 ascribeuda
1371 2568 1444 2590 sunt.
1471 2563 1523 2589 Sed
1550 2569 1647 2596 neque,
1671 2562 1741 2596 quod

957 2613 1088 2648 partiales
1105 2618 1132 2639 et
1149 2611 1250 2639 diversi
1276 2610 1406 2644 temporis
1423 2609 1478 2636 sint
1494 2608 1605 2636 effectus
1617 2630 1624 2641 ,
1650 2609 1741 2635 statim

958 2659 1150 2694 suspicandum
1176 2664 1236 2691 est,
1253 2665 1313 2686 esse
1331 2658 1479 2685 divisiones
1495 2656 1624 2691 quasdam
1648 2662 1697 2689 per
1714 2663 1743 2682 se

958 2707 1138 2736 subsistentes
1152 2727 1159 2738 ,
1177 2707 1217 2732 vel
1236 2710 1313 2732 certe
1331 2704 1439 2739 proprie
1456 2703 1607 2730 intellectas
1624 2702 1650 2728 in
1669 2702 1740 2733 Deo;

958 2754 1005 2781 sed
1023 2753 1101 2780 unica
1120 2756 1160 2779 est
1183 2752 1332 2785 eademque
1356 2750 1481 2777 eminens
1502 2750 1634 2777 universae
1651 2748 1740 2774 unita-

957 2801 992 2827 tis
1018 2799 1100 2832 uuio;
1125 2806 1186 2826 nam
1211 2797 1360 2824 secundum
1384 2804 1464 2823 unam
1490 2800 1518 2823 et
1541 2796 1663 2822 eamdem
1687 2801 1740 2820 nou

957 2846 1117 2882 simpliciter
1133 2844 1353 2879 simplicitatem,
1380 2843 1427 2870 sed
1444 2841 1618 2869 eminentiam
1636 2839 1741 2874 simpli-
