1929 3061
206 171 254 200 8ὺΙ

791 179 820 206 S.
840 176 989 205 DlONYSll
1006 175 1238 204 AREOPAGITA‘Z

1781 175 1839 203 852

173 225 179 232 ’
201 235 312 266 citatis.
337 235 428 262 omnia
452 235 479 262 in
502 235 590 270 seipsa
608 243 661 264 non
679 235 766 264 solum
783 236 925 268 continet,
943 243 987 263 ve-

1053 235 1111 269 ’ωῆς
1122 234 1236 266 ὲαυτῶν,
1252 234 1299 261 καὶ
1311 235 1360 270 τῆς
1371 233 1534 261 τελειοποιοῦ
1545 234 1599 265 ἀπὸ
1613 234 1661 270 τῆς
1670 233 1840 266 τελειώσεως

202 289 260 308 rum
285 281 369 309 ctiam
398 281 537 316 przehabet
568 281 738 316 przedeﬁuite
763 282 896 310 inchoans
926 289 988 317 pro—

201 333 324 360 gressum
356 333 436 354 suum
472 326 709 359 substantiﬁcum,
741 331 769 354 et
800 331 987 354 creaturarum

202 373 408 406 productionem
425 380 441 399 a
458 373 500 400 sui
519 373 604 407 ipsius
621 379 693 406 esse,
711 373 782 400 sicut
798 373 881 400 etiam
899 373 987 407 ipsam

200 418 413 446 viviﬁcationem
426 426 440 445 a
451 418 492 446 sui
507 418 593 452 ipsius
606 417 673 452 vita,
686 424 713 446 et
726 419 987 446 consummationem

204 471 216 490 ι
237 470 286 490 sua
308 463 485 499 perfectione.
507 465 579 492 Dixit
593 468 683 492 autern
698 466 749 493 hoc
760 485 767 496 ,
786 465 913 500 quoniam
929 472 988 492 om-

201 509 247 537 nia
260 517 294 536 ex
312 509 366 538 Deo
379 510 450 538 facta
463 514 537 544 sunt,
548 516 629 546 alque
645 511 736 538 omnia
754 511 850 546 seipsis
869 511 989 546 proprie,

201 555 270 582 etin
288 559 418 590 quantum
437 560 560 584 naturam
574 556 688 589 habent,
705 557 788 584 Deum
809 556 988 591 participant;

200 602 225 629 si
245 602 354 636 quidem
376 607 480 630 tantum
509 604 644 630 exsistant
657 622 665 635 ,
681 602 848 637 participant
867 602 989 630 divinum

201 654 281 680 esse;
299 647 321 674 si
335 651 513 682 cognoscant,
534 647 655 675 divinam
672 647 906 682 cognitionem;si
923 654 990 674 vero

200 693 284 720 etiam
301 692 471 728 intelligant,
493 693 615 721 divinam
630 692 842 721 intellectionem
859 700 920 728 qua:
932 700 991 720 om-

201 747 264 766 nem
281 740 388 768 excedit
404 739 624 775 intelligentiam.
646 738 761 767 lnchoat
785 744 875 767 autem
894 748 909 766 a
925 739 990 766 sub-

202 784 339 812 stantiﬁco
364 792 519 819 progressu,
538 785 665 823 quoniam
685 785 802 820 primum
816 784 992 820 intelligimus

1042 280 1150 315 ὲαυτῆς.
1177 277 1244 306 Εῐπε
1266 280 1294 307 δὲ
1307 279 1397 312 τοῦτο,
1412 281 1473 307 ἐπεὶ
1489 280 1524 307 τά
1540 280 1628 307 πάντα
1651 281 1684 307 ὲκ
1698 279 1746 306 τοῦ
1766 280 1838 307 Θεοῦ

1041 325 1180 360 ἐγένοντο,
1198 326 1244 352 καὶ
1257 326 1290 352 τὰ
1303 327 1392 354 πάντα
1408 326 1456 353 τοῦ
1469 326 1536 354 Θεοῦ
1555 326 1713 362 μετέχουσιν
1727 326 1840 358 οἰκείως

1041 373 1156 404 ἑαυτοῖς,
1177 373 1223 399 καὶ
1242 372 1333 405 καθὼς
1355 373 1446 408 ἔχουσι
1467 373 1592 408 φύσεως·
1611 375 1636 400 εί
1652 373 1701 408 μέν
1719 374 1773 400 εἱσι
1790 373 1840 408 μό-

1042 427 1096 452 νον,
1118 419 1172 445 ἀπὸ
1190 418 1238 445 τοῦ
1262 417 1331 446 εἶναι
1344 420 1391 446 τοῦ
1408 420 1479 447 θείου
1492 428 1498 435 ·
1514 421 1538 446 εί
1557 419 1586 446 δὲ
1598 419 1739 454 γνωστικά
1756 420 1838 451 εἰσιν,

1042 465 1095 491 ἀπὸ
1115 465 1164 500 τῆς
1187 464 1262 496 θείας
1289 465 1431 499 γνώσεως·
1455 466 1479 492 εί
1498 465 1527 492 δὲ
1545 466 1592 492 καὶ
1607 464 1699 501 νοερὰ,
1717 464 1773 491 ἀπὺ
1786 464 1840 499 τῆς

1042 510 1117 542 θείας
1134 511 1181 537 καὶ
1203 510 1273 546 ὑπὲρ
1294 512 1386 538 πᾶσαν
1405 511 1497 546 νόησιν
1516 511 1646 546 νοήσεως.
1667 510 1796 546 ’Δρχεται
1810 509 1840 536 δὲ

1041 555 1091 590 τῆς
1106 556 1260 583 οὐσιοποιοῦ
1282 556 1407 592 προόδου,
1429 557 1470 583 ὅτι
1492 555 1608 592 πρώτως
1624 555 1787 591 ἐπινοοῦμεν
1808 555 1841 582 τὸ

1043 598 1112 627 εἶναί
1136 609 1219 634 τινος,
1244 601 1292 628 καὶ
1317 599 1368 628 εἷθ’
1392 601 1464 628 οὕτω
1474 601 1505 628 τὸ
1523 601 1635 628 τοιῶσδε
1655 599 1725 628 εἶναι
1742 600 1839 628 τοῦτο.

1043 646 1138 673 Τοίνυν
1156 647 1258 683 ἡρξατο
1278 647 1329 682 τῆς
1351 647 1479 683 τοιαύτης
1493 647 1606 683 προόδου
1626 647 1680 674 ἀπὸ
1699 646 1747 673 τοῦ
1768 644 1842 673 εἶναι

1044 693 1144 728 ἑαυτῆς
1155 702 1162 708 ·
1185 694 1234 720 οὐκ
1246 694 1325 730 ἢρκει
1343 694 1397 730 γὰρ
1409 695 1442 730 τῇ
1461 693 1620 729 ἀγαθότητι,
1639 693 1707 729 μόνῃ
1720 693 1754 728 τῇ
1775 692 1844 727 περὶ

1044 740 1146 776 έαυτῆς
1169 740 1372 776 ἐνασχολεῖσθαι
1393 740 1505 776 θεωρίᾳ,
1519 739 1575 766 ἀλλ’
1596 738 1777 774 ἕδειχυθῆναι
1792 738 1844 765 καὶ

1047 786 1155 814 ὁδεῦσαι
1167 787 1198 814 τὸ
1210 786 1310 821 ἀγαθὸν
1322 787 1362 818 είς
1377 785 1487 814 πλείονα
1499 785 1534 813 τὰ
1542 785 1767 822 εὐεργετούμενα.

201 838 262 859 esse
283 832 407 866 alicujus,
428 837 456 860 et
474 833 571 860 deinde
595 833 636 861 sic
659 833 700 861 vel
724 833 814 861 taliter
837 833 902 862 illud
921 841 991 862 esse.
1020 834 1190 870 Quapropter
1211 835 1363 863 istiusmodi
1392 841 1565 870 progressum
1587 834 1725 862 inchoavit
1742 841 1758 861 a
1795 833 1841 861 sui

202 879 286 913 ipsius
298 885 377 913 esse;
394 887 447 907 non
460 879 532 907 enim
543 880 610 907 satis
633 885 674 908 est
690 881 814 913 bonitati,
831 881 854 909 si
881 882 956 910 circa
979 883 1153 919 semetipsam
1169 883 1287 918 propriae
1311 887 1388 910 vacet
1414 882 1649 918 euntemplationi,
1680 881 1728 909 sed
1755 879 1842 908 debe-

201 926 248 954 bat
263 934 312 961 per
328 927 404 962 plura
418 927 549 956 beneﬁcia
558 927 670 956 diﬁ’undi
684 936 715 956 ac
737 929 895 965 propagari.

238 973 252 1009 §
276 973 310 1001 X.
341 973 393 1001 Per
426 975 518 1001 omnia
548 979 638 1001 autent
665 974 788 1003 dimauat
815 976 995 1011 providentia,

1084 975 1098 1011 §
1112 975 1146 1002 X.
1166 974 1216 1001 Διά
1230 974 1338 1001 πάντων
1357 973 1386 1000 δὲ
1398 973 1478 1008 φοιτᾷ
1490 973 1523 1008 τῇ
1539 971 1662 1007 προνοίᾳ,
1679 971 1728 998 καὶ
1748 970 1842 997 πάντα

201 1023 356 1053 cunctaque
371 1019 457 1054 replet
471 1020 600 1053 essentia,
617 1025 645 1048 et
666 1021 693 1048 in
710 1022 791 1049 rebus
803 1023 931 1050 omnibus
946 1023 992 1050 de-

202 1063 331 1092 lectatur.
350 1064 407 1093 lloc
429 1072 494 1092 vero
516 1065 592 1097 dicit,
612 1074 664 1094 non
688 1067 760 1101 quod
777 1067 847 1094 Deus
869 1067 995 1096 aﬁ‘ectio-

202 1117 265 1138 nem
282 1110 381 1138 habeat
395 1112 484 1146 gaudii
499 1117 528 1140 et
546 1112 752 1146 exsultationis,
767 1114 814 1141 sed
828 1121 843 1140 a
858 1114 937 1142 nobis
955 1114 995 1150 ip—

202 1155 242 1182 sis
257 1156 440 1191 gaudentibus
459 1158 493 1185 de
508 1165 623 1193 operum
638 1163 796 1186 nostrorum
820 1159 995 1194 perfectioni-

202 1201 264 1235 bus,
290 1202 425 1237 siquidem
455 1204 605 1232 secundum
633 1205 766 1232 rationem
794 1206 954 1240 procedant,
969 1212 997 1233 et

204 1248 306 1275 nullam
331 1249 472 1277 incurrant
497 1251 760 1286 reprehensionem;
788 1252 839 1278 hoc
857 1251 930 1279 enim
945 1249 995 1279 sibi

203 1299 312 1328 unqne
329 1293 386 1320 vult
404 1294 450 1322 illa
465 1301 528 1333 qua;
543 1295 570 1322 in
590 1295 682 1323 divina
705 1302 838 1330 sacraque
852 1296 996 1331 Scriptura

204 1339 314 1367 additur
330 1340 492 1374 approbatio
517 1350 522 1367 :
549 1339 616 1369 Ecce
641 1341 710 1368 bona
737 1341 864 1369 ualded-o.
891 1341 996 1374 Quibus

204 1386 333 1420 congruit
353 1390 381 1414 et
400 1386 465 1414 illud
488 1387 573 1415 divini
587 1387 697 1415 Davidis
714 1388 831 1416 dicentis
849 1400 854 1416 :
879 1387 995 1416 Lwtabi»

204 1436 249 1458 tur
262 1431 390 1458 Dominus
411 1433 438 1458 in
463 1433 584 1466 operibus
606 1434 661 1460 suis
689 1433 721 1467 ¹;
740 1433 859 1468 illudque
874 1434 998 1462 Saluum-

206 1479 272 1507 nis:
306 1478 362 1513 Ego
378 1486 451 1506 eram
463 1480 506 1507 cui
523 1480 718 1514 congaudebat.
743 1481 850 1508 Etenim
879 1485 910 1507 ut
933 1488 996 1513 vox,

206 1532 268 1551 cum
287 1532 339 1552 una
362 1524 408 1558 sit,
432 1532 447 1552 a
466 1525 559 1552 ntultis
579 1534 688 1561 quoque
708 1526 832 1560 auribus,
850 1528 876 1554 in
893 1534 923 1554 se
944 1535 997 1554 una

210 1579 318 1599 rursum
343 1578 533 1606 perseverans,
555 1579 607 1599 non
630 1572 705 1607 prius
731 1580 819 1607 neque
851 1574 997 1608 posterius,

207 1625 295 1652 neque
320 1617 426 1646 divisim
452 1625 540 1652 neque
561 1618 724 1652 partialiter,
752 1618 800 1646 sed
818 1619 935 1654 integre,
951 1620 998 1647 sed

1047 1022 1147 1056 πληροῖ
1157 1020 1205 1048 τοῦ
1221 1018 1301 1053 εἶναι,
1315 1020 1362 1047 καὶ
1375 1020 1422 1046 ἐπὶ
1437 1020 1504 1046 πᾶσι
1520 1019 1577 1050 τοῖς
1595 1016 1670 1045 οὖσιν
1684 1017 1843 1052 ἀγάλλεται.

1047 1067 1134 1094 Τοῦτο
1146 1068 1174 1094 δὲ
1187 1068 1271 1102 λέγει,
1285 1067 1335 1103 οὺχ
1348 1067 1390 1094 ὅτι
1404 1068 1418 1093 ὁ
1432 1066 1498 1097 Θεὸς
1519 1065 1604 1097 πάθος
1623 1064 1680 1100 ἔχει
1694 1065 1783 1100 χαρᾶς
1795 1065 1846 1091 καὶ

1045 1113 1242 1147 ἀγαλλιάσεως,
1259 1112 1316 1139 ἀλλ’
1329 1113 1377 1146 ἀφ’
1389 1111 1468 1148 ἡμῶν
1480 1111 1628 1147 χαιρόντων
1639 1112 1695 1143 τοῖς
1707 1110 1762 1137 τῶν
1776 1111 1792 1146 ἡ
1797 1120 1844 1146 με-

1044 1159 1131 1195 τέρων
1144 1158 1231 1195 ἔργων
1247 1158 1473 1193 ἀποτελέσμασιν,
1492 1157 1571 1193 εἴπερ
1590 1157 1660 1184 κατὰ
1677 1157 1756 1192 λόγον
1774 1166 1844 1193 προ-

1046 1205 1132 1238 ϐαῖεν,
1146 1206 1192 1232 καὶ
1207 1205 1341 1241 μηδεμίαν
1357 1204 1466 1240 μομφὴν
1480 1204 1578 1240 ἑχοιενο
1597 1204 1676 1231 τοῦτο
1697 1204 1754 1239 γάρ
1778 1204 1840 1231 ἐστι

1046 1253 1120 1287 καὶὴ
1133 1251 1208 1288 παρὰ
1220 1253 1253 1288 τῇ
1274 1251 1334 1287 θείᾳ
1353 1251 1400 1278 καὶ
1417 1251 1478 1286 ἱερᾷ
1496 1250 1590 1286 Γραφῇ
1611 1250 1670 1286 μετ’
1691 1249 1846 1282 ὲπιτάσεως

1047 1298 1186 1333 ἐπίκρισις
1197 1319 1203 1330 ,
1224 1298 1254 1324 τὸ
1263 1318 1270 1330 ,
1292 1297 1370 1324 Ἰδοὺ
1390 1296 1468 1324 καλὰ
1481 1297 1562 1323 λίαν.
1575 1296 1724 1332 Σὺμφωνον
1737 1295 1847 1327 τούτοις

1047 1344 1132 1371 καὶτὸ
1142 1344 1218 1380 παρά
1228 1343 1268 1379 τῷ
1282 1343 1347 1379 θείῳ
1363 1343 1455 1375 Δαϐὶδ,
1465 1342 1711 1377 Εὑφριινθήσεται
1722 1343 1845 1376 Κύριος,

1047 1394 1143 1427 λέγων,
1165 1392 1211 1418 ἐπὶ
1225 1391 1286 1424 τοῖς
1293 1391 1390 1425 ἔργοις
1397 1389 1500 1417 αὐτοῦ·
1511 1389 1557 1416 καὶ
1567 1389 1596 1415 τὸ
1606 1388 1653 1415 τοῦ
1660 1388 1846 1424 Σολομῶντος,
1864 1420 1869 1424 ι

1137 1439 1218 1474 ἤμην
1227 1437 1247 1471 ᾖ
1256 1437 1447 1472 προσέχαιρε.
1459 1435 1514 1463 Καὶ
1521 1435 1586 1470 γοῦν
1600 1435 1694 1470 ὥσπερ
1705 1435 1782 1471 φωνὴ
1796 1435 1847 1471 μία

1048 1485 1114 1514 οὖσα
1134 1485 1209 1522 παρά
1233 1484 1337 1512 πολλῶν
1361 1483 1462 1516 ἀκοῶν,
1485 1483 1603 1519 μένουσα
1618 1482 1666 1508 καί⁸
1680 1481 1761 1508 πάλιν
1784 1481 1848 1517 μία,

1051 1533 1203 1569 μετέχεται,
1217 1531 1248 1558 οὑ
1266 1530 1406 1566 προτέρως
1422 1538 1468 1555 και
1481 1529 1612 1564 ὑστέρως,
1629 1528 1658 1554 οὐ
1673 1528 1846 1563 μεμερισμέ-

1049 1587 1111 1610 νως,
1127 1578 1178 1604 οὐκ
1188 1576 1239 1604 ἀνὰ
1256 1577 1338 1612 μέρος
1354 1576 1412 1611 μὲν,
1425 1574 1555 1606 ὁλοτελῶς
1564 1574 1603 1606 δὲ,
1613 1573 1680 1600 ἀλλά
1694 1574 1742 1600 καὶ
1754 1573 1847 1599 ὁλοτε-

1051 1624 1114 1655 λῶς,
1131 1623 1179 1649 καὶ
1203 1621 1329 1654 καθόλου,
1353 1621 1401 1648 καὶ
1422 1621 1491 1656 ἅμα,
1515 1620 1562 1646 καὶ
1578 1619 1708 1650 ὡσαύτως
1732 1618 1771 1650 ὡς
1787 1619 1846 1654 μίαο

209 1663 332 1691 totaliter
346 1667 374 1691 ot
389 1671 422 1692 ex
447 1669 513 1696 toto,
536 1669 564 1692 et
583 1664 666 1691 simul
690 1669 718 1692 et
736 1665 834 1692 eodem
860 1667 951 1698 modo,
971 1671 999 1693 ut

1053 1671 1123 1698 οὕτω
1130 1669 1198 1705 πρὸς
1208 1669 1315 1695 πάντων
1323 1668 1370 1694 καὶ
1378 1667 1408 1694 τὸ
1414 1667 1490 1693 Θεῖον
1505 1665 1650 1702 μετέχεται
1659 1664 1756 1696 ένικῶς
1761 1673 1791 1691 τε
1800 1665 1848 1691 καὶ

210 1717 262 1737 una
279 1710 443 1745 percipitur;
465 1711 506 1738 sic
530 1710 613 1747 450
631 1711 713 1739 etiam
731 1711 803 1740 Deus
823 1712 903 1741 unice
917 1718 945 1741 et
961 1713 1003 1740 in-

210 1761 288 1790 tegre
299 1756 335 1782 ab
353 1756 480 1784 omnibus
494 1757 684 1791 participatur,
706 1758 881 1793 omniumque
902 1758 1002 1793 princi-

209 1801 284 1835 pium
312 1805 366 1834 est,
392 1806 523 1836 tanquam
548 1810 643 1836 causa,
666 1802 728 1830 ﬁnis
748 1808 778 1830 ut
799 1803 877 1838 cujus
905 1811 1001 1834 causa;

210 1853 273 1874 nam
289 1847 382 1874 omnia
398 1852 509 1881 propter
531 1847 615 1874 Deum
634 1853 709 1880 sunt,
732 1855 828 1876 verum
857 1856 912 1877 non
938 1857 1003 1883 pro-

210 1897 270 1928 pter
285 1893 478 1921 necessitatem
489 1913 496 1926 ,
520 1894 567 1921 sed
585 1900 697 1929 propter
711 1895 880 1928 bonitatem;
898 1899 926 1922 et
941 1895 1003 1922 ﬁnis

210 1938 334 1966 omnium
352 1944 405 1973 est,
423 1943 452 1966 ut
470 1939 515 1974 qui
532 1939 654 1967 continuet
669 1945 697 1967 et
718 1940 848 1967 terminat
862 1941 1002 1968 universa.

211 1984 284 2012 Nihil
298 1985 372 2012 enim
395 1990 560 2020 potestatem
579 1993 612 2013 ac
630 1986 831 2021 providentiam
856 1985 914 2020 ejus
936 1985 1004 2013 eﬁ'u-

213 2033 265 2067 git,
290 2031 338 2059 sed
357 2031 385 2058 in
412 2032 471 2067 ipso
497 2037 594 2059 cuncta
621 2032 812 2066 terminantur,
834 2037 863 2060 et
885 2031 1005 2060 inﬁnitas

213 2077 305 2105 omnis
318 2077 464 2107 inﬁnitatis
486 2085 519 2106 ac
546 2078 745 2106 terminationis
765 2078 891 2111 exsistit;
911 2085 1004 2113 aequa-

215 2125 279 2152 liter
292 2124 366 2152 enim
381 2124 516 2152 deﬁciunt
536 2131 591 2152 tam
612 2124 732 2152 inﬁnitas
753 2132 833 2158 quam
849 2125 1005 2155 terminatio

214 2178 231 2197 a
259 2170 351 2197 divina
378 2170 524 2204 inﬁnitate,
551 2170 623 2197 sicut
644 2178 659 2197 a
681 2170 739 2198 sole
758 2177 792 2199 ac
808 2171 877 2199 creto
890 2171 937 2206 qui
961 2171 1006 2198 illa

217 2217 368 2249 intuentur,
382 2216 425 2243 vel
444 2217 533 2251 potius
548 2217 630 2244 etiam
650 2217 736 2253 magis
752 2222 781 2245 et
802 2218 941 2245 excessive
964 2222 1006 2245 at-

216 2270 271 2296 que
286 2262 392 2289 inﬁnite
411 2262 550 2290 deﬁciunt.
568 2263 667 2290 Verum
685 2271 809 2298 quasnam
825 2268 868 2291 est
886 2265 913 2291 in
926 2265 1006 2291 rebus

217 2308 388 2336 nostratibus
405 2308 544 2336 inﬁnitas?
560 2308 588 2337 Si
604 2309 676 2336 dicat
690 2309 752 2344 quis
771 2310 923 2343 materiam,
946 2317 1006 2344 quae

218 2362 328 2389 semper
348 2355 560 2390 transﬁguratur
584 2361 666 2391 atque
691 2356 719 2384 in
739 2356 806 2384 alias
834 2361 916 2392 atque
940 2343 1008 2384 alias
1025 2343 1046 2371 θ

218 2401 322 2427 t'ormas
346 2405 561 2435 transmutatur;
593 2402 669 2437 atqui
686 2403 745 2430 haec
768 2403 826 2438 ipsa
849 2409 957 2438 quoque
981 2402 1007 2429 in

217 2447 274 2474 Deo
290 2448 463 2481 terminatur,
477 2451 653 2483 quantumvis
675 2448 810 2476 instabilis
826 2450 865 2476 sit
883 2454 911 2476 et
920 2449 1007 2484 lindc-

220 2493 368 2522 ﬁnita.Est
386 2495 478 2529 itaque
499 2495 569 2522 Deus
593 2494 715 2522 inﬁnitas
741 2495 823 2522 etiam
850 2495 1008 2528 inﬁnitatis,

221 2548 275 2568 non
299 2541 377 2576 quasi
405 2542 555 2569 secundum
580 2548 610 2569 se
625 2541 845 2575 transformetur,
864 2543 912 2570 sed
935 2543 1008 2578 quod

223 2589 294 2614 hanc
307 2595 341 2614 ex
357 2587 442 2615 nihilo
464 2588 606 2626 producat.
628 2588 726 2616 Dicens
751 2594 842 2616 autem
865 2589 1008 2617 inﬁnitatis

221 2639 250 2661 et
263 2633 478 2666 terminationis,
495 2634 533 2661 ait
554 2634 625 2662 sicut
643 2635 845 2669 oppositorum;
863 2643 916 2662 non
936 2636 1009 2664 enim

222 2681 280 2708 haec
306 2681 415 2715 proprie
440 2680 512 2707 sicut
527 2680 636 2708 habitus
657 2685 684 2707 ct
703 2681 819 2716 privatio
835 2687 1010 2717 opponuntur

222 2727 378 2763 (oportebat
397 2727 470 2754 enitn
495 2735 629 2762 apparere
650 2728 800 2762 aliquando
822 2728 958 2761 habitum,
973 2729 1010 2755 si-

223 2775 332 2810 quidem
346 2774 370 2802 is
383 2779 452 2806 erat,
468 2779 493 2801 et
505 2774 546 2802 sic
562 2773 620 2801 ﬁeri
634 2774 908 2810 privationem),quin
919 2776 1010 2809 potius

224 2827 401 2857 opponuntur
429 2822 497 2850 sicut
533 2820 676 2849 atlirmatio
705 2827 734 2849 et
766 2823 884 2858 negatio.
907 2821 1010 2850 Dicitur

242 2909 357 2940 ll"’Gen.
376 2920 395 2946 ι,
415 2912 476 2950 δικ
501 2911 595 2940 ίΡεςιί,
611 2919 668 2946 cur,
687 2912 733 2939 5t.

1052 1715 1192 1747 ὁλοτελῶς,
1209 1715 1255 1742 καὶ
1264 1714 1334 1749 ἀρχή
1344 1714 1402 1740 ἐστι
1416 1713 1536 1743 πάντων,
1549 1712 1586 1743 ὡς
1601 1711 1698 1743 αἴτιον,
1713 1711 1761 1737 καὶ
1771 1710 1848 1742 τέλος

1052 1764 1090 1796 ὼς
1102 1760 1132 1790 οὗ
1145 1762 1236 1788 ἓνεκα·
1250 1761 1338 1787 πάντα
1348 1759 1488 1794 γὰρὲνεκα
1494 1757 1636 1790 Θεοῦ,ἁλλ’
1648 1757 1678 1783 οὺ
1687 1756 1732 1783 διὰ
1740 1756 1846 1792 χρείαν,

1054 1810 1110 1837 ἀλλ’
1122 1809 1286 1844 ἁγαθότητα·
1301 1808 1348 1834 καὶ
1358 1807 1444 1842 πέρας
1455 1806 1573 1836 πάντων,
1581 1804 1662 1831 οἱονεὶ
1673 1803 1848 1839 περιεκτικδν

1054 1857 1101 1883 καὶ
1108 1857 1179 1891 ὄρος.
1196 1854 1278 1881 Οὐδὲν
1286 1853 1340 1888 γὰρ
1351 1851 1526 1886 ὲκϐαίνειτὴν
1538 1850 1619 1877 αὑτοῦ
1630 1849 1789 1876 δυναστείαν
1802 1849 1849 1875 καὶ

1055 1902 1197 1938 πρόνοιαν.
1219 1899 1276 1926 ἀλλ’
1292 1900 1331 1930 εἰς
1348 1898 1414 1925 αὐτὸ
1431 1898 1466 1924 τὰ
1488 1896 1577 1923 πάντα
1594 1894 1786 1931 περατοῦν-ται,
1802 1895 1850 1921 καὶ

1055 1947 1168 1983 ἀπειρία
1185 1947 1274 1982 πάσης
1288 1944 1414 1980 ἀπειρίας
1438 1943 1486 1970 καὶ
1507 1942 1633 1978 πέρατος·
1657 1940 1688 1973 ἐξ
1714 1941 1773 1967 ἴσου
1795 1941 1849 1976 γὰρ

1056 1995 1250 2022 ἀπολείπονται
1267 1993 1314 2019 καὶ
1331 1993 1348 2026 ἠ
1364 1989 1478 2025 ἀπειρία
1493 1990 1539 2016 καὶ
1559 1989 1590 2015 τὺ
1605 1989 1692 2024 πέρας
1705 1988 1756 2023 τῆς
1772 1987 1848 2018 θείας

1056 2040 1195 2076 ἀπειρίας,
1211 2038 1337 2072 καθάπερ
1357 2037 1433 2072 ἡλίου
1452 2037 1500 2063 καὶ
1514 2034 1628 2071 οὐρανοῦ
1648 2035 1672 2060 oi
1691 2034 1760 2069 πρὸς
1779 2034 1849 2060 αὐτᾶ

1057 2087 1210 2122 βλέποντες,
1225 2085 1242 2120 ἦ
1260 2083 1359 2120 μᾶλλον
1375 2083 1422 2109 καὶ
1437 2082 1533 2114 πλέον,
1548 2081 1596 2108 καὶ
1609 2080 1784 2116 ὑπερέκεινα,
1801 2080 1849 2106 καὶ

1057 2131 1178 2167 ἀπείρως
1189 2130 1391 2157 ἀπολείπονται.
1413 2127 1492 2154 Ἀλλὰ
1504 2127 1545 2159 τίς
1560 2127 1577 2162 ἡ
1596 2128 1625 2153 ὲν
1637 2127 1693 2157 τοῖς
1705 2125 1767 2152 καθ’
1777 2126 1851 2160 ἡμᾶς

1057 2177 1169 2213 ἀπειρία
1179 2185 1186 2209 ;
1196 2176 1274 2203 Εἴποι
1288 2184 1331 2207 τις
1340 2175 1383 2202 ἀν·
1407 2174 1440 2201 Ἠ
1452 2173 1502 2209 ὕλη
1516 2174 1533 2209 ἡ
1547 2172 1592 2199 ἀεὶ
1609 2170 1850 2208 μετασχηματιζο-

1058 2222 1137 2259 μένη,
1151 2223 1198 2249 καὶ
1213 2221 1306 2248 ἄλλοσε
1324 2221 1364 2252 εἰς
1378 2219 1444 2247 ἄλλα
1467 2218 1523 2254 είδη
1545 2217 1758 2253 μεταϐάλλουσα.
1781 2215 1850 2242 Ἀλλ’

1058 2267 1106 2296 οὖν
1122 2269 1170 2295 κοι)⁸
1179 2268 1248 2303 αῦτη
1266 2268 1295 2294 ὲν
1306 2266 1346 2302 τῷ
1359 2265 1419 2300 Θεῷ
1431 2264 1612 2300 πεπέρασται,
1631 2264 1655 2290 εί
1673 2263 1719 2289 καὶ
1734 2262 1851 2293 ἄστατός

1060 2315 1119 2341 ἐστι
1130 2314 1176 2340 καὶ
1187 2313 1322 2349 ἀόριστος.
1346 2311 1423 2338 Ἐστι
1443 2309 1508 2344 γοῦν
1522 2309 1553 2336 τὸ
1569 2309 1647 2335 Θεῖον
1663 2307 1788 2343 ἀπειρία,
1805 2307 1851 2334 καὶ

1060 2360 1111 2396 τῆς
1129 2359 1257 2396 ἀπειρίας
1267 2380 1274 2392 ,
1293 2359 1343 2394 οὐχ
1355 2357 1392 2389 ὡς
1412 2354 1716 2392 μετασχηματιζόμενον
1727 2353 1788 2380 κατ’
1802 2352 1850 2379 αὑ-

1061 2407 1121 2442 τῆς,
1141 2406 1197 2433 ἀλλ’
1216 2405 1254 2438 ὡς
1272 2405 1320 2432 καὶ
1337 2403 1439 2438 ταύτην
1459 2402 1489 2436 ἐξ
1509 2401 1560 2428 οὑκ
1578 2400 1664 2427 ὄντων
1679 2399 1850 2435 παραγαγὸν.

1061 2451 1153 2478 Εἰπὼν
1163 2451 1192 2478 δὲ
1201 2450 1327 2486 ἀπειρίας
1341 2449 1389 2476 καὶ
1398 2448 1526 2483 πέρατος,
1537 2446 1604 2482 φησὶ
1615 2445 1670 2472 τῶν
1679 2445 1716 2476 ὡς
1731 2444 1852 2471 ἀντικει-

1064 2498 1160 2534 μένων·
1172 2497 1201 2524 οὐ
1216 2496 1270 2532 γὰρ
1279 2495 1380 2530 κυρίως
1390 2493 1478 2521 ταῦτα
1492 2493 1530 2525 ὡς
1538 2492 1595 2525 ἕξις
1607 2491 1654 2518 καὶ
1666 2490 1794 2525 στέρησις
1802 2489 1851 2516 ἀν-

1061 2533 1203 2574 τίκεινται,
1218 2542 1282 2578 (ἔδει
1297 2541 1352 2576 γὰρ
1362 2540 1479 2575 φανῆναί
1496 2547 1561 2566 ποτε
1571 2537 1620 2573 τὴν
1638 2536 1705 2569 ἕξιν,
1725 2536 1805 2571 εἴπερ
1817 2533 1851 2571 ἦν

1061 2590 1150 2621 τοῦτο,
1168 2589 1216 2615 καὶ
1233 2587 1304 2614 οὓτω
1320 2585 1447 2621 γενέσθαι
1461 2585 1510 2620 τὴν
1524 2584 1674 2620 στέρησιν·)
1693 2581 1760 2609 ἀλλὰ
1783 2581 1849 2617 μᾶλ-

1063 2637 1107 2664 λον
1119 2637 1157 2669 ὼς
1171 2635 1323 2670 κατάφασις
1343 2633 1390 2661 καὶ
1408 2633 1543 2666 ἀπόφασις
1555 2631 1730 2658 ἀντίκειγιαι·
1743 2628 1849 2662 λέγεται

1062 2682 1117 2718 γάρ
1132 2681 1192 2708 καθ’
1208 2680 1264 2713 ἕξιν
1279 2680 1326 2707 καὶ
1337 2679 1474 2714 στέρησιν,
1489 2678 1588 2704 νοεῖται
1603 2676 1632 2703 δὲ
1648 2674 1720 2702 κατά
1732 2674 1849 2708 κατάφφ

1065 2737 1106 2754 σιν
1123 2728 1168 2754 καὶ
1182 2727 1328 2760 ἀπόφασιν.
1347 2725 1475 2759 ’Ἄπειρον
1489 2723 1544 2758 γὰρ
1561 2723 1668 2756 λέγεται
1684 2721 1715 2747 τὸ
1734 2720 1771 2755 μὴ
1791 2719 1849 2754 ἔχον

1064 2774 1161 2809 πέρας,
1169 2773 1198 2800 οὐ
1210 2773 1241 2800 τὸ
1251 2771 1380 2807 στερηθὲν
1393 2771 1519 2806 πέρατος
1531 2770 1560 2796 ἐν
1567 2769 1609 2795 ἑνὶ
1618 2767 1718 2803 μέντοι,
1732 2764 1849 2801 δηλονότι

1066 2823 1182 2856 ἐνιαίως,
1198 2821 1236 2854 ὡς
1250 2819 1380 2852 πολλάκις
1391 2819 1508 2855 εἴρηται,
1525 2816 1559 2844 τὰ
1574 2815 1662 2843 πάντα
1676 2814 1690 2840 ὁ
1705 2811 1783 2844 Θεὸς,
1805 2811 1849 2837 καὶ
