1929 3061
107 181 155 208 855

387 186 432 213 DE
450 186 577 216 DiVlNIS
592 186 794 220 NOMINIBUS,
813 187 889 215 CAP.

964 203 998 208 -
1014 187 1188 215 manna.
1206 181 1442 216 assumtum.

1682 186 1734 215 856

108 240 214 277 προέχει
232 243 272 275 ὡς
296 243 392 278 αἴτιος,
414 246 461 272 καὶ
481 247 635 283 ὑπέστησεν
653 248 690 280 ὡς
707 247 831 283 ποιητὴς,
847 248 895 274 καὶ

949 247 1021 275 enim
1038 247 1187 275 secundum
1205 247 1327 275 habitum
1341 251 1369 275 et
1390 246 1582 282 privationem.
1606 245 1736 282 intelligi.

108 289 199 325 τιαρὼν
210 289 310 325 ὁμοίως
320 291 377 323 τοῖς
387 292 453 318 πᾶσι
461 293 509 320 καὶ
524 293 671 329 πανταχοῦ·
688 294 736 321 καὶ
747 295 794 321 ἐπὶ
805 293 895 321 πάντα

109 334 211 370 πρόεισι
227 336 259 370 τῇ
276 337 428 372 συστατικῇ
449 337 572 373 προνοίᾳ,
588 338 636 365 καῖ
649 338 692 373 ἐφ’
709 338 805 365 ἑαυτοῦ
820 337 894 373 μένει

107 379 142 411 ὡς
154 380 224 416 ὑπὲρ
241 381 330 408 πάντα
344 381 382 408 ὣν
395 382 441 409 καὶ
455 382 568 418 μηδενὸς
578 383 715 419 δεόμενος.
730 384 786 411 Καὶ
801 382 895 416 ἑστώς

108 427 163 452 Mm
181 425 221 461 τῷ
239 425 310 454 κατὰ
326 427 409 463 μηδὲν
430 428 499 461 ὅλως
518 430 548 456 ὲν
563 430 638 466 αὐτῷ
657 430 729 466 ίχνος
745 429 895 466 μεταὸολῆς

109 471 274 507 θεωρεῖσθαι·
286 473 334 500 καὶ
345 475 520 509 κινούμενος
537 475 618 502 πάλιν
630 477 659 503 ὲν
673 475 713 512 τῷ
726 475 847 511 συνέχειν
862 475 896 502 τὰ

110 516 170 544 ὄντα
185 519 232 545 καὶ
247 521 419 555 συγκρατεῖν.
435 521 492 548 Καὶ
511 519 588 554 αὖθις
609 522 638 549 οὺ
657 522 745 550 ταῦτά
758 523 842 555 ἐστιν,
855 523 896 549 ὅτι

108 565 174 599 ὑπὲρ
183 564 278 592 ταῦτα·
291 566 397 602 κίνησις
410 567 464 603 γὰρ
479 567 575 604 ἀτελὴς
588 569 713 604 ἐνέργειά
723 570 792 596 ἐστι’
803 570 896 601 στάσις

108 610 134 636 δὲ
148 611 163 646 ἡ
181 611 354 638 παντάπασιν
368 612 506 649 ἀκινησία·
521 615 590 650 ἥτις,
607 615 630 641 εί
647 614 714 650 μετὰ
728 615 778 650 τὴν
790 614 896 650 κίνησιν

108 655 219 689 γένοιτο,
233 656 336 693 ἠρεμία
355 657 388 684 ἂν
400 657 524 695 κληθείη.
542 659 578 686 Τὸ
590 660 676 687 κακοῦ
689 658 758 687 εἶναι
771 660 802 687 τὸ
819 660 896 687 Θεῖον

109 703 175 740 ὑπὲρ
188 703 239 739 τὴν
258 704 339 740 ἀτελῆ
353 705 505 741 ἐνέργειαν,
521 706 641 743 εὔδηλον·
661 708 702 735 ὅτι
721 708 750 735 δὲ
767 709 813 736 καὶ
827 709 897 746 ὑπὲρ

108 750 194 776 πᾶσαν
208 750 361 786 ἀκινησίαν,
375 751 453 786 δῆλον
469 753 501 779 ὲκ
510 753 557 780 τοῦ
571 753 604 780 τὰ
620 754 708 781 πάντα
723 754 796 790 ἔχειν
810 755 897 792 ὑπερ-

108 795 206 832 οχικῶς
218 816 226 829 ,
241 797 289 823 καὶ
311 797 341 824 ού
357 797 450 830 καθώς
465 799 518 825 είσι
534 799 581 825 καὶ
594 799 725 827 νοοῦνται.
738 801 770 827 Εί
784 799 838 836 γὰρ
850 801 898 828 καὶ

107 842 165 870 λίαν
181 843 289 880 συνᾴδει
305 844 350 870 ἐπὶ
361 843 427 870 Θεοῦ
441 844 471 871 τὸ
488 846 661 873 παντάπασιν
681 846 818 882 ἀκίνητον,
831 847 898 874 ἀλλὰ

109 889 153 916 καὶ
166 889 245 916 τοῦτο
258 890 427 926 ὑπεροχικῶς
445 891 501 918 ἐστί
515 900 544 918 τε
555 893 601 919 καὶ
620 893 719 920 νοεῖται
731 894 760 921 ἐν
775 893 814 930 τῷ
828 894 896 930 Θεῷ.

109 935 164 962 οὐκ
176 935 205 963 ἐν
220 945 272 963 τινι
291 936 345 963 τῶν
363 936 447 964 ὄντων
465 937 545 965 πάλιν
567 939 625 966 ἐστὶ
647 939 691 966 διὰ
706 940 737 967 τδ
762 941 793 967 ὲν
813 942 896 968 πᾶσιν

108 980 229 1016 ἁσχετοψ
244 982 319 1010 οὐδὲν
331 984 464 1020 προσήκει
485 984 572 1020 τούτῳ
588 985 643 1012 τῶν
656 986 782 1019 αἰωνίων,
795 987 836 1013 ὅτι
849 987 896 1014 καὶ

109 1027 161 1054 τῶν
171 1027 276 1056 αίώνων
290 1030 403 1066 ποιητής
416 1032 498 1058 ἐστιν’
519 1031 593 1058 οὐδὲν
608 1031 663 1059 τῶν
675 1032 726 1059 ὑπὸ
741 1033 845 1069 χρόνον,
854 1034 895 1060 ὅτι

109 1074 154 1100 καὶ
169 1074 271 1110 χρόνων
284 1077 409 1112 ποιητής.
427 1077 529 1104 Δίώνια
541 1077 568 1104 δὲ
585 1078 659 1112 λέγει
673 1078 724 1111 τὰς
739 1079 835 1116 νοερὰς
850 1080 895 1107 δυ-

110 1120 204 1156 νάμεις
215 1121 252 1154 ὼς
265 1122 361 1155 αἰῶνος
377 1123 552 1159 μετεχούσας,
567 1125 614 1152 καὶ
622 1125 666 1152 διὰ
679 1125 710 1152 τὸ
725 1126 774 1161 τῆς
786 1126 839 1162 πρὸ
849 1127 896 1154 τοῦ

110 1166 204 1201 χρόνου
223 1167 330 1202 φύσεως
348 1169 474 1203 γενέσθαι
491 1171 586 1203 αὑτάςο
605 1171 700 1207 χρόνος
713 1171 768 1207 γὰρ
782 1172 835 1200 ἀπὸ
847 1174 897 1208 τῆς

108 1214 223 1249 ούρανοῦ
239 1215 286 1242 καὶ
304 1216 356 1252 γῆς
372 1217 508 1253 ποιήσεως
519 1217 686 1254 ἀριθμεῖται.
705 1220 741 1246 Τὸ
755 1219 783 1246 δὲ
793 1240 800 1252 ,
815 1220 897 1247 Οὐδὲν

110 1262 242 1297 προσήκει
254 1263 351 1298 τούτῳ,
369 1264 429 1290 κατ’
446 1263 538 1291 οὐσίαν
552 1264 657 1300 νόησον,
673 1265 720 1293 καὶ
731 1266 760 1293 οὺ
776 1266 836 1293 κατ’
850 1266 897 1293 ἄλ-

109 1305 159 1342 λην
176 1306 237 1334 τινὰ
257 1307 371 1342 ἔννοιαν,
387 1306 441 1336 οἷον
454 1309 654 1346 κυϐερνήσεως,
669 1312 715 1339 καὶ
731 1312 896 1346 συστάσεως,

110 1353 158 1380 καὶ
183 1353 237 1380 τῶν
258 1355 395 1383 τοιούτων.
419 1356 575 1392 Σημείωσαι
602 1357 630 1384 δὲ
647 1358 781 1391 ἐντεῦθεν,
804 1359 846 1386 ὅτι
867 1359 898 1386 τὸ

109 1397 226 1434 ἄναρχον
239 1401 286 1426 καὶ
299 1398 416 1432 αἰώνιον,
432 1400 461 1427 οὺ
483 1401 535 1437 μὴν
550 1401 584 1433 ίδὲ
599 1402 653 1428 πᾶν
671 1401 704 1428 τὺ
721 1401 830 1434 αἰώνιον
851 1402 899 1429 καὶ

109 1443 237 1480 ἄναρχον.
256 1445 395 1472 Αὑτοαιὼν
412 1446 441 1473 δὲ
455 1446 486 1474 τὸ
501 1446 596 1480 Θείον,
613 1447 655 1474 ὅτι
668 1447 699 1474 τὸ
717 1445 787 1474 εῖναι
803 1447 898 1474 τούτου

110 1490 149 1526 μὴ
165 1491 245 1526 μόνον
264 1492 352 1528 χρόνῳ
370 1493 400 1520 οὐ
419 1495 569 1530 μετρεῖται,
588 1494 646 1521 ἀλλ’
662 1494 715 1521 οὐδ’
737 1495 826 1528 αἰῶνι,
841 1495 899 1522 ἀλλ’

108 1537 176 1564 αὑτό
189 1539 263 1565 ἐστιν
285 1538 374 1574 ἑαυτῷ
393 1539 470 1566 αἰών.
490 1540 586 1576 Μέτρα
609 1540 638 1567 δὲ
658 1540 713 1568 τῶν
733 1540 818 1568 ὂντων
835 1541 899 1574 τοὺς

109 1584 211 1617 αἰῶνας
220 1585 274 1613 τῶν
293 1586 396 1622 νοητῶν
406 1606 414 1619 ,
432 1587 479 1613 καὶ
491 1588 553 1618 τοὺς
568 1586 679 1622 χρόνους
689 1587 744 1614 τῶν
762 1588 899 1623 αίσθητῶν

109 1639 188 1666 φησι”
197 1631 230 1658 τὰ
242 1631 296 1668 γὰρ
304 1632 387 1668 νοητὰ
404 1633 441 1665 ὼς
450 1633 503 1660 ὑπὸ
515 1634 614 1669 μέτρου
626 1633 673 1660 τοῦ
684 1633 781 1666 αίῶνος
793 1635 900 1670 μετρει

107 1685 165 1710 ται,
179 1678 264 1705 ε1·χαὶ
277 1678 429 1714 ὁμωνύμως
444 1678 482 1713 τῷ
497 1678 639 1715 μετροῦντι
651 1679 728 1706 αίῶνι
741 1679 789 1706 καὶ
804 1679 838 1706 τὰ
857 1689 901 1716 με-

108 1722 246 1758 τρούμενα
260 1723 393 1757 λέγονται.
407 1723 510 1755 Λίῶνες
521 1723 576 1760 γὰρ
588 1724 710 1758 λέγονται
722 1725 770 1751 καὶ
783 1725 807 1751 οι
818 1725 901 1760 ἄγγε-

107 1768 161 1795 λοι.
177 1769 255 1796 Οὕτω
266 1771 313 1796 καὶ
327 1770 374 1797 ἐπὶ
385 1770 440 1796 τῶν
455 1770 601 1805 αἰσθητῶν·
613 1770 648 1797 τὰ
660 1771 715 1806 γὰρ
731 1771 900 1807 μετρούμενα

108 1813 150 1848 τῷ
171 1813 259 1849 χρόνῳ
280 1813 432 1850 ὁμωνύμως
450 1814 540 1850 χρόνοι
555 1815 688 1850 λέγονται,
707 1816 745 1848 ὡς
759 1816 776 1851 ἡ
793 1816 900 1852 κίνησις

108 1860 165 1886 τῶν
181 1861 304 1897 ἀστέρων
319 1861 366 1888 καὶ
382 1861 428 1888 τοῦ
441 1861 526 1897 ἡλίου,
540 1862 587 1889 καὶ
603 1863 628 1889 οι
646 1863 706 1898 βίοι·
723 1863 901 1899 μετρούμενοι

109 1905 167 1941 γὰρ
181 1906 234 1932 ὑπὸ
250 1907 345 1942 χρόνου
355 1927 362 1939 ,
385 1907 475 1943 χρόνοι
489 1907 622 1942 λέγονται·
638 1909 653 1936 ὁ
671 1909 725 1945 γὰρ
740 1909 834 1945 χρόνος
849 1907 899 1941 εἷς·

108 1951 145 1978 τὰ
159 1951 187 1978 δὲ
210 1952 334 1988 μετρικοὶ
345 1953 445 1988 χρόνοι,
465 1952 502 1984 ὡς
518 1952 570 1979 ὑπὸ
580 1953 630 1989 τῆς
643 1955 706 1989 μιᾶς
721 1955 901 1990 παρατάσεως

108 1995 158 2022 τοῦ
180 1996 240 2029 ἑνὸς
263 1997 358 2033 χρόνον
382 1998 563 2035 μετρούμενα.
587 1999 680 2026 Πάντα
693 1997 739 2026 οὖν
765 1999 852 2027 ταῦτα
866 2000 901 2027 δι’

110 2041 206 2075 αὑτοῦ,
220 2043 266 2070 καὶ
283 2043 330 2070 ἀπ’
348 2044 441 2077 αὑτοῦ,
453 2044 500 2071 καὶ
512 2045 541 2071 ὲν
552 2044 626 2080 αὐτῷ
636 2046 720 2073 ἐστιν.

948 298 991 321 tur
1004 297 1094 320 autem
1110 300 1157 328 per
1171 292 1378 320 aiiirmationem
1398 296 1425 319 et
1443 292 1626 327 negationem.
1643 291 1736 319 lntini-

948 347 1005 368 turn
1022 347 1139 375 namque
1152 339 1254 367 dicitur
1267 340 1294 366 id
1313 339 1385 374 quod
1399 346 1453 366 non
1473 339 1554 366 habet
1570 338 1662 371 linem,
1680 345 1734 365 nou

947 386 1018 422 quod
1034 386 1170 422 privatum
1193 391 1235 413 cst
1251 385 1320 418 line;
1340 385 1410 413 Deus
1424 384 1558 420 siquidem
1580 385 1607 412 in
1627 392 1680 411 uno
1707 384 1734 411 id

946 438 989 461 est
1004 433 1092 466 unite,
1113 437 1142 460 ut
1163 439 1236 468 saape
1249 432 1350 459 dictum
1375 436 1427 464 est,
1444 431 1534 458 omnia
1551 435 1579 458 et
1595 430 1736 466 praehabet

946 484 1080 512 utcausa,
1103 483 1130 506 et
1149 479 1299 506 subsistere
1316 477 1380 505 iacit
1403 482 1433 504 ut
1454 477 1589 508 conditor,
1606 481 1687 510 alque
1698 476 1736 503 si-

948 525 1049 553 militer
1061 525 1187 553 omnibus
1201 529 1228 552 et
1243 524 1344 559 ubique
1360 530 1480 559 praesens
1492 526 1543 554 est.
1558 526 1585 550 et
1599 522 1632 549 ad
1644 522 1734 550 omnia

947 579 978 600 se
1004 571 1127 599 extendit
1150 570 1353 598 conservatrice
1382 569 1570 604 providentia,
1595 567 1621 595 in
1646 566 1735 602 seipso

948 622 1041 646 manet
1056 623 1182 652 tanquam
1200 624 1283 652 supra
1304 616 1394 644 omnia
1421 617 1571 647 exsistens,
1586 619 1614 642 et
1637 613 1736 642 nullius

948 671 1041 698 egens.
1062 663 1096 691 Et
1109 669 1182 691 stans
1206 663 1315 694 dicitur,
1334 662 1398 696 quia
1422 662 1448 688 in
1469 669 1502 689 eo
1528 660 1630 688 nullum
1653 659 1737 686 vesti-

949 710 1023 745 gium
1047 708 1207 736 mutationis
1228 708 1364 741 cernitur;
1385 712 1412 734 et
1440 715 1546 734 rursum
1568 715 1596 733 se
1618 713 1734 737 movens,

949 755 1011 790 quia
1028 762 1072 782 res
1086 754 1209 782 continet
1229 760 1311 789 atque
1324 758 1480 782 conservat.
1497 753 1530 780 Et
1554 760 1663 780 rursum
1681 759 1734 779 non

949 801 1006 828 haec
1019 805 1071 835 est,
1084 801 1131 828 sed
1146 808 1226 836 supra
1239 801 1313 829 hinc:
1335 800 1419 828 motio
1439 800 1522 833 enim,
1543 803 1585 827 est
1599 799 1671 826 actio
1687 799 1737 826 im-

949 847 1092 882 perfecta;
1118 847 1199 875 statio
1220 854 1286 874 vero
1310 851 1351 874 est
1369 847 1526 874 omnimoda
1543 845 1734 878 immobilitas’;

949 900 1010 929 quae
1023 893 1046 921 si
1059 898 1121 927 post
1135 897 1239 926 motum
1264 893 1322 926 iiat,
1345 894 1423 928 quies
1445 892 1638 928 appellabitur.
1651 892 1735 919 Deum

912 934 933 961 Β
947 943 1038 966 autem
1064 938 1126 966 mali
1145 938 1286 973 plusquam
1308 938 1494 973 imperfectam
1513 937 1648 965 actionem
1665 944 1734 969 esse,

947 985 1051 1012 clarum
1067 989 1123 1018 est;
1136 985 1206 1020 quod
1220 992 1285 1012 vero
1298 984 1380 1012 etiam
1402 984 1439 1011 sit
1460 991 1541 1018 supra
1562 983 1736 1010 immobilita-

947 1034 1012 1062 tem,
1027 1029 1129 1057 clarum
1145 1034 1187 1057 est
1203 1037 1235 1058 ex
1251 1036 1284 1056 eo
1307 1029 1378 1063 quod
1395 1029 1486 1056 omnia
1502 1029 1602 1056 haheat
1613 1029 1737 1055 eminen-

948 1081 999 1110 ter,
1013 1081 1041 1104 et
1055 1085 1107 1105 non
1123 1076 1193 1104 sicut
1204 1083 1249 1104 res
1260 1081 1360 1104 suntet
1372 1075 1567 1111 intelliguntur.
1583 1075 1639 1104 Etsi
1659 1074 1733 1102 enim

948 1123 1002 1151 Deo
1017 1124 1095 1151 valde
1109 1130 1231 1151 consona
1252 1122 1288 1150 sit
1307 1123 1464 1150 omnimoda
1489 1121 1675 1156 immobilitas,
1693 1125 1737 1150 nt-

948 1174 1039 1196 tamen
1054 1176 1086 1196 ea
1105 1169 1162 1204 ipsa
1180 1168 1333 1196 eminenter
1347 1172 1389 1196 est
1404 1172 1431 1196 et
1452 1166 1612 1203 intelligitur
1629 1167 1655 1194 in
1670 1168 1736 1195 Deo.

947 1214 1066 1243 Rursum
1080 1223 1133 1243 non
1151 1220 1193 1243 est
1212 1215 1239 1242 in
1256 1215 1310 1242 ullo
1332 1222 1426 1242 eorum
1451 1222 1511 1249 qua:
1533 1219 1607 1247 sunt,
1624 1213 1688 1249 quia
1709 1213 1735 1239 iu

947 1259 1026 1296 εει
1053 1260 1180 1289 omnibus
1210 1259 1494 1296 incomprehensibilis
1526 1259 1649 1292 exsistit;
1667 1258 1735 1286 nihil

948 1315 1038 1336 rerum
1060 1308 1251 1336 :evitet'narum
1280 1307 1318 1334 illi
1353 1307 1492 1340 convenit,
1522 1306 1585 1341 quia
1615 1308 1736 1334 atrorum

948 1360 1055 1388 quoque
1072 1353 1197 1381 conditor
1211 1353 1332 1386 exsistit;
1347 1352 1414 1380 nihil
1428 1359 1519 1379 rerum
1535 1351 1735 1387 temporalium,

948 1400 1012 1434 quia
1049 1405 1203 1435 temporum
1229 1407 1338 1435 quoque
1363 1403 1472 1426 creator
1501 1403 1562 1431 est;
1592 1398 1736 1425 seviternas

949 1451 1039 1473 autem
1056 1450 1134 1473 vocat
1151 1446 1266 1473 virtutes
1285 1445 1424 1473 intellectu
1442 1444 1580 1480 praeditas,
1606 1444 1736 1479 quoniam

949 1492 997 1519 aevi
1018 1492 1165 1527 participes
1184 1493 1330 1524 exsistunt,
1353 1497 1380 1519 et
1398 1492 1463 1526 quia
1485 1496 1581 1518 natura
1603 1491 1733 1524 temporis

949 1539 1055 1574 priores
1085 1542 1164 1571 sunt;
1190 1538 1319 1573 quoniam
1348 1542 1455 1573 tempus
1474 1545 1489 1564 ιι
1517 1537 1578 1565 οωίί
1604 1542 1737 1571 terraeque

951 1584 1090 1612 creatione
1107 1590 1289 1620 computatur.
1313 1585 1388 1619 Quod
1405 1590 1495 1612 autem
1517 1585 1568 1619 ipsi
1585 1584 1653 1611 nihil
1669 1591 1737 1611 con»

951 1631 1053 1663 veniat,
1071 1630 1189 1666 intellige
1206 1631 1356 1658 secundum
1371 1631 1561 1662 substantiam,
1581 1633 1611 1657 et
1631 1636 1683 1656 non
1697 1636 1739 1655 se-

951 1677 1069 1703 cundum
1087 1676 1168 1703 aliam
1187 1677 1342 1711 quampiam
1364 1676 1582 1711 intelligentiam,
1606 1682 1631 1701 v.
1647 1683 1674 1710 κ.
1689 1683 1737 1710 gu—

951 1723 1120 1751 bernationis
1149 1730 1181 1750 ac
1215 1724 1437 1757 constitutionis,
1482 1728 1565 1758 atque
1596 1722 1737 1749 similium.

951 1771 1020 1798 Nola
1038 1776 1102 1796 vero
1119 1769 1191 1800 hinc.
1212 1770 1237 1797 id
1261 1770 1332 1803 quod
1354 1769 1489 1804 principio
1514 1773 1602 1800 caret,
1628 1775 1737 1803 quoque

951 1818 1082 1841 aeternum
1109 1821 1181 1846 esse,
1202 1821 1254 1841 non
1283 1818 1372 1841 tamen
1399 1821 1480 1840 omne
1510 1813 1581 1848 quod
1605 1817 1737 1840 (eternqu

952 1863 1004 1892 est,
1020 1860 1153 1896 principio
1166 1867 1271 1887 carere.
1289 1859 1358 1886 Deus
1371 1863 1459 1886 autem
1472 1864 1513 1886 est
1529 1860 1643 1894 ipsamet
1659 1862 1740 1885 atter-

952 1906 1033 1938 nitas,
1052 1907 1181 1941 quoniam
1200 1905 1260 1940 ejus
1277 1913 1337 1933 esse
1358 1913 1411 1933 non
1437 1905 1524 1933 solum
1543 1911 1664 1939 tempore
1684 1912 1738 1932 non

953 1958 1140 1986 mensuratur,
1155 1953 1202 1981 sed
1218 1960 1306 1988 neque
1320 1952 1481 1984 aeternitate,
1498 1952 1544 1979 sed
1559 1955 1600 1978 est
1624 1951 1739 1986 ipsamet

952 2000 1101 2028 aeternitas.
1130 2000 1176 2027 Ait
1200 2004 1289 2027 autem
1305 1998 1404 2027 saecula
1423 1997 1645 2033 intelligibilium,
1670 2002 1740 2024 tem-

953 2054 1019 2082 pora
1036 2055 1103 2075 vero
1125 2047 1267 2075 sensilium
1290 2053 1434 2074 mensuras
1453 2053 1528 2078 esse;
1545 2045 1678 2080 siquidem
1696 2044 1739 2071 in-

112 2089 264 2122 tellectilia,
294 2095 421 2126 tanquam
449 2100 586 2120 mensurae
609 2093 750 2129 subjecta,
779 2093 878 2121 szeculo
907 2098 1112 2128 mensurantur,
1148 2095 1199 2122 etsi
1225 2095 1320 2123 eodem
1343 2094 1464 2126 nomine,
1486 2095 1547 2127 qua:
1575 2097 1738 2119 mensuran-v

111 2141 170 2170 tur,
193 2141 221 2164 et
240 2137 312 2171 quod
339 2143 490 2172 mensurat,
519 2138 680 2166 afﬁciantur.
706 2138 804 2174 Angeli
827 2139 901 2167 enim
930 2140 1015 2168 etiam
1039 2141 1139 2168 saecula
1157 2141 1337 2176 appellantur.
1362 2141 1400 2168 Ita
1414 2141 1496 2168 etiam
1511 2140 1537 2167 in
1564 2138 1736 2167 sensilibus.

110 2191 175 2218 qua:
188 2183 259 2211 enim
291 2189 413 2220 tempore
445 2191 648 2218 mensurantur,
678 2185 773 2213 eodem
804 2193 867 2213 cum
890 2190 1013 2221 tempore
1038 2188 1147 2215 nomine
1170 2188 1352 2223 appellantur,
1382 2191 1412 2214 ut
1438 2190 1528 2213 motus
1548 2190 1685 2213 astrorum
1710 2189 1739 2212 et

111 2229 190 2262 solis,
209 2234 236 2257 et
256 2235 350 2258 aetates
369 2231 430 2258 vita:
453 2240 460 2258 :
489 2236 610 2268 tempore
637 2232 709 2260 enim
740 2236 905 2260 meusurata‘:
934 2238 1056 2269 tempora
1080 2235 1217 2268 dicuntur,
1244 2235 1378 2270 siquidem
1402 2238 1508 2268 tempus
1539 2240 1642 2266 unum;
1659 2240 1736 2261 men-

110 2276 215 2303 suraiia
234 2284 298 2304 vero
321 2281 443 2312 tempora
462 2283 536 2310 sunt,
559 2286 619 2313 quae
649 2279 730 2307 unius
753 2279 832 2314 hujus
853 2280 982 2316 temporis
1010 2282 1171 2310 extensione
1202 2286 1407 2310 mensurantur.
1444 2280 1506 2309 llaec
1531 2280 1624 2315 itaque
1645 2280 1737 2307 omnia

112 2329 164 2358 per
175 2321 273 2357 ipsum,
290 2323 364 2351 etab
377 2323 446 2359 ipso,
461 2329 488 2352 et
503 2325 529 2352 in
546 2325 604 2359 ipso
619 2330 694 2353 sunt.
