1929 3061
125 170 175 198 861

416 172 460 200 DE
476 173 603 202 DIVIMS
619 174 818 207 NOMINIBUS,
835 174 912 205 CAP.
925 174 970 207 Vl.
987 175 1205 205 —PARAPHR.
1224 177 1460 210 PACIIYMEIUE.

1692 185 1745 214 86%

125 235 172 263 καὶ
182 236 229 263 τοῦ
242 237 291 272 τῆς
305 237 377 274 ζωῆς
401 238 593 275 δημιουργικοῦ
620 240 698 274 λόγου
715 242 788 269 αἰτία
802 242 875 268 ἐστὶν
893 250 896 265 τ

961 242 1131 276 producitur,
1146 250 1227 270 causa
1250 242 1360 270 exsistit
1380 243 1472 270 divina
1498 243 1562 271 vita.
1575 244 1638 273 ilice
1653 251 1742 273 autem

123 282 184 308 θεία
195 282 262 318 ζωή.
274 283 367 310 Ταῦτα
377 283 405 310 δὲ
418 285 486 311 κατά
499 285 553 312 τῶν
567 286 769 322 πρεσϐευόντων
785 286 856 319 ἰδέας
866 287 910 313 αὐ-

123 327 306 360 θυποστάτους
318 330 365 355 καὶ
381 329 528 362 συναῖόἰους
544 330 583 366 τῷ
601 331 759 368 δημιουργῷ
774 332 908 366 λέγονται.

129 372 176 400 Ἐκ
192 373 292 410 ταύτης
312 375 362 410 τῆς
383 376 491 402 αἰωνίου
513 376 585 412 ζωῆς
606 377 634 403 αἰ
651 377 758 412 λογικαὶ
779 377 863 412 ψυχαὶ
878 377 908 403 τὺ

121 423 273 459 ἀνώλεθρον
290 423 390 459 ἔχουσι,
405 424 439 451 τὰ
448 424 533 459 ἄλογα
544 424 601 457 ζῶα
616 425 703 452 πάντα
718 426 794 458 ζῶσι,
812 426 858 453 καὶ
872 425 906 453 τὰ

121 469 193 504 φυτὰ
208 470 238 497 τὸ
253 469 302 506 ζῇν
319 470 409 506 ἔχουσι
428 471 497 498 κατὰ
515 471 628 507 ἔσχατον
642 472 785 507 ἀπήχημα,
797 472 835 504 ὼς
849 472 907 499 ἐλέ-

119 525 204 552 γομεν
224 517 366 554 πρότερον.
384 518 415 544 Αἰ
434 517 499 552 γοῦν
515 519 582 550 ζωαὶ
598 518 652 545 τῶν
674 518 777 553 ἀλόγων
793 519 838 545 καὶ
851 518 906 545 τῶν

119 562 212 596 φυτῶν
233 563 283 590 οὐκ
299 564 352 590 εἰσὶ
369 564 447 596 θεῖαι,
462 564 529 591 ἀλλὰ
546 564 594 591 τοῦ
616 565 708 592 ὲνύλου
723 564 807 601 πυρός
817 573 847 591 τε
860 565 906 592 καὶ

118 611 283 647 πνεύματος.
297 612 352 647 Τὴν
363 611 391 638 δὲ
405 612 579 648 ἀνθρωπίνην
601 612 673 648 ζωὴν
696 612 806 648 πνεῦμά
823 620 906 646 φησιν

117 655 234 688 Maura,
253 656 340 690 λέγων
353 665 359 672 ·
389 657 576 690 Ἀντανελεῑς
598 657 630 684 τὸ
656 657 774 692 πνεῦμα
795 656 905 690 αὐτῶν,

117 701 168 728 καὶ
194 702 389 736 ὲκλείψουσι·
414 702 462 729 καὶ
483 702 573 729 πάλιν·
610 701 839 735 Ἐξαποστελεῖς
866 701 897 728 τὸ

115 747 234 782 πνεῦμά
243 756 311 780 σου,
325 747 374 774 καὶ
391 747 616 781 armarium-tat,
627 747 747 783 δηλονότι
762 749 802 780 εἰς
815 747 905 774 παλιν-

115 792 200 825 ζωῖαν
219 793 266 820 καὶ
285 793 472 826 ἐξανάστασιν.
492 793 528 820 Τὸ
535 793 589 830 γὰρ
602 793 843 828 ἀνταναιρεῖσθαι
857 794 904 821 ἐπὶ

113 838 162 865 τοῦ
177 839 353 874 κεχωρίσθαι
362 839 479 872 τέθεικε,
498 839 614 872 δεικνὺς,
626 840 667 866 ὅτι
682 841 729 867 καὶ
742 840 806 876 παρ’
820 839 901 866 αὑτοῦ

113 884 233 920 ἀρχῆθεν
244 884 320 920 ἐδόθη
328 884 358 911 τὸ
367 884 474 920 πνεῦμα
483 893 490 900 ο
506 885 645 912 ἀσθενεῖν
660 885 688 912 δὲ
700 885 767 921 πρὸς
780 885 811 912 τὸ
825 884 903 921 μετέ-

961 289 1111 316 secundum
1127 289 1298 322 antiquiores
1320 288 1448 316 dicuntur
1471 290 1536 317 ide-i5
1553 298 1600 324 per
1611 299 1640 318 se
1653 293 1742 321 subsi-

959 338 1063 361 stentes
1079 339 1106 362 et
1122 334 1239 361 creatori
1256 338 1412 360 coazternre.
1435 333 1474 360 Ex
1494 335 1545 362 hac
1567 342 1668 364 mterna
1687 339 1742 366 vita

961 380 1059 407 animm
1073 377 1219 406 rationales
1235 378 1522 412 incorruptibilitatem
1537 380 1647 414 habent,
1664 383 1741 410 bruta

959 425 1050 453 omnia
1063 424 1168 456 vivunt,
1189 428 1217 451 et
1240 423 1339 458 planta:
1351 443 1359 456 ,
1381 424 1451 458 quod
1469 424 1564 452 ultimo
1584 427 1644 454 vitae
1657 428 1742 462 gradu

959 471 1106 506 gaudeant,
1129 471 1199 497 sicut
1213 475 1292 497 antea
1316 470 1446 498 diximus.
1466 469 1531 498 Vita:
1547 472 1638 507 itaque
1651 474 1742 501 bruto-

959 524 1018 543 rum
1035 524 1065 543 ac
1079 516 1233 551 plantarum
1258 524 1311 543 non
1334 522 1399 544 sunt
1414 517 1521 548 divinae,
1539 519 1585 545 sed
1599 519 1668 553 ignis
1685 527 1742 546 rna-

957 562 1059 589 terialis
1072 570 1103 590 ac
1115 562 1238 597 spiritus.
1264 562 1416 590 Humanam
1438 568 1529 590 autem
1553 564 1637 590 vitam
1659 570 1738 592 vocat

958 608 1042 636 David
1058 609 1195 643 spiritum,
1209 609 1304 636 (licens
1319 618 1326 636 :
1346 608 1456 643 Auferes
1466 609 1586 644 spiritum
1600 618 1700 642 eorum,
1717 619 1741 639 et

957 655 1076 689 deﬁcient
1087 655 1100 674 ⁸
1113 662 1123 686 ;
1138 659 1185 683 et;
1199 654 1310 682 Emitte:
1325 655 1446 690 spiritum
1461 661 1544 688 tuum,
1567 661 1590 683 et
1611 658 1742 684 creaban-

956 705 1001 726 tur
1012 700 1036 732 ιι,
1052 700 1177 728 videlicet
1198 701 1225 727 in
1247 701 1456 728 resuscitatione
1477 709 1508 729 ac
1529 703 1740 730 resurrectione.

957 746 1064 780 Aulam“
1078 751 1169 774 autem
1187 746 1278 781 posuit
1302 754 1352 781 pro
1375 748 1506 782 separari,
1532 748 1686 782 declarans,
1707 751 1742 777 ab

956 793 1033 820 initio
1048 801 1155 828 quoque
1169 794 1294 828 spiritum
1308 793 1391 821 fuisse
1402 793 1494 821 datum
1512 802 1520 828 ;
1534 794 1664 828 inﬁrmari
1676 803 1742 823 vero

955 839 1022 866 dicit
1043 839 1070 866 in
1095 839 1175 873 hujus
1199 841 1261 866 vita:
1281 839 1498 874 participatione,
1520 842 1582 875 quia
1598 849 1650 868 non
1667 841 1740 868 domi

954 890 1020 916 suae,
1046 891 1096 911 nec
1117 891 1133 911 a
1159 884 1256 919 scipsis
1279 884 1361 912 vitam
1391 885 1502 919 habent,
1522 887 1569 914 sed
1582 887 1706 932 .insitam
1724 894 1739 914 a

181 918 243 964 Vri];
264 918 337 965 ζωῆς
361 918 462 966 ταύτής
487 930 563 966 φησὶ,
586 929 630 957 διὰ
643 930 674 957 τὺ
687 918 728 967 μὴ.
741 918 845 957 οἴκοθεν
856 929 902 957 καὶ
918 918 939 947 Β
953 930 1019 958 Deo.

112 975 178 1011 παρ’
187 975 290 1002 ἑαυτῶν
298 974 423 1010 ἔχειντὴν
437 974 517 1010 ζωὴν,
526 974 582 1001 ἀλλ’
591 975 713 1011 ὲπακτὴν
727 975 758 1002 ὲκ
766 975 812 1001 τοῦ
821 975 900 1002 Θεοῦ.

147 1022 162 1058 §
181 1023 212 1049 ll.
235 1022 295 1049 Ὅτι
308 1021 372 1056 γοῦν
386 1021 436 1057 τὴν
448 1021 520 1057 ζωὴν
542 1021 666 1058 ὲπακτὴν
688 1021 804 1057 ἔχουσιν,
821 1021 902 1049 ἀσθε-

110 1067 207 1094 νοῦντα
218 1067 286 1103 πρὸς
301 1067 350 1102 τὴν
367 1067 483 1103 μετοχὴν
497 1066 592 1103 αὐτῆς,
608 1067 763 1095 ἐκλείπουσι
772 1076 779 1083 ·
793 1067 840 1094 καὶ
853 1067 902 1095 πά-

109 1114 153 1140 λιν
173 1114 403 1150 ὲπιστρεφόμενα,
426 1115 507 1141 πάλιν
524 1114 668 1147 ζωοῦνται.
684 1114 806 1150 Τοίνυνὴ
821 1114 901 1142 αὺτο-

110 1160 177 1197 ζωὴ,
190 1160 271 1193 αὐτὸς
286 1162 300 1188 ό
313 1161 508 1197 δημιουργικὸς
523 1163 569 1188 καὶ
589 1161 837 1197 παραδειγματικὸς
849 1162 899 1196 τῆς

109 1207 183 1242 ζωῆς
194 1206 282 1241 λόγος,
298 1208 312 1233 ό
327 1208 357 1234 ὲν
370 1207 410 1242 τῷ
427 1206 485 1243 Θεῷ
497 1208 580 1240 ἀΐδιος
599 1208 647 1241 ὢν,
666 1208 792 1243 δωρεῖται
806 1208 899 1244 ἁπάσῃ

108 1252 165 1288 ζωῇ
181 1252 211 1279 τὸ
223 1250 302 1285 εἶναι,
317 1252 364 1279 καί
375 1253 409 1289 τῇ
425 1252 529 1285 ἁπλῶς,
543 1254 590 1280 καὶ
603 1254 637 1290 τῇ
659 1253 720 1280 καθ’
734 1252 838 1281 ἕκαστα
857 1253 897 1281 ol—

107 1299 191 1333 uim;
207 1300 316 1337 ἑκάστῳ
338 1298 392 1326 τῶν
417 1299 540 1334 ζώντων·
561 1301 608 1328 καὶ
627 1303 685 1334 τοῖς
702 1301 750 1336 μὲν
773 1301 898 1336 ἀγγέλοις

107 1346 181 1382 ζωὴν
198 1347 289 1374 δίδωσι
309 1347 358 1383 τὴν
381 1347 462 1374 ἆῡλον
483 1347 530 1374 καὶ
554 1347 676 1383 θεοειδῆ⁸
699 1348 753 1374 ὂλοι
776 1348 830 1383 γάρ
845 1349 897 1375 εἰσι

107 1392 176 1425 ζωαὶ
198 1393 323 1426 ὲνούσιοι,
345 1393 389 1420 ἀεὶ
408 1394 455 1420 καὶ
473 1392 681 1429 ἀπαρεγκλίτως
703 1393 856 1428 κινούμενοι
868 1395 897 1421 ὲν

105 1438 146 1474 τῷ
164 1437 224 1474 ζῇν.
243 1438 444 1474 Ὑπερεκτεὶνει
457 1438 484 1464 δὲ
495 1438 544 1474 τὴν
556 1439 684 1474 τοιαύτην
693 1438 763 1474 ζωὴν
783 1438 815 1465 δι’
830 1439 897 1473 ἀγα-

106 1483 207 1518 θότητα
218 1483 434 1519 (ἀμεταμέλητα
448 1485 503 1519 γὰρ
511 1485 547 1511 τὰ
558 1484 622 1511 θεῖα
635 1485 804 1519 χαρίσματα
816 1484 834 1519 ’)
849 1484 896 1511 καὶ

104 1527 145 1563 τῷ
160 1528 291 1564 δαιμονίῳ
305 1528 380 1564 φύλῳ
389 1537 396 1544 '
412 1529 458 1555 καὶ
470 1530 486 1565 ἡ
499 1529 554 1565 ζωὴ
565 1529 619 1564 γὰρ
631 1528 685 1556 τῶν
695 1529 830 1564 δαιμόνων
847 1530 895 1556 καὶ

105 1574 269 1620 παρ’γαυτῆς
292 1574 404 1610 ὑπέστη,
422 1575 469 1602 καὶ
485 1575 549 1611 παρ’
574 1576 659 1612 αὐτῆς
680 1576 820 1611 συνέχεται
844 1576 894 1611 τῆς
910 1591 931 1620 C

104 1619 255 1655 αὺτοζωῆς.
270 1621 401 1656 Δωρεῖται
425 1621 471 1647 καὶ
484 1622 540 1653 τοῖς
552 1620 705 1657 ἀνθρώποις
717 1622 777 1653 ταῖς
793 1621 896 1657 συμμί-

105 1673 180 1696 κτοις
199 1665 299 1700 ψυχαῖς
328 1665 397 1701 μετὰ
423 1665 549 1701 σώματος
565 1666 614 1701 τὴν
633 1666 790 1702 ἀγγελοειδῆ
811 1666 894 1702 ζωὴν,

104 1711 176 1747 πλὴν
197 1712 235 1745 ὡς
256 1713 359 1740 ἔνεστι·
384 1713 466 1749 μέσον
490 1713 546 1748 γὰρ
566 1713 615 1749 τῆς
631 1714 746 1750 φυσικῆς
762 1714 834 1749 ζωῆς
849 1713 896 1741 καὶ

103 1757 154 1792 τῆς
162 1757 310 1793 ἀηελικῆς
321 1758 396 1790 ὅντες
407 1759 499 1793 ἡμεῖς,
516 1759 565 1794 τὴν
585 1759 671 1795 ῥοπὴν
689 1760 734 1786 ἐπ’
753 1760 896 1795 ἀμφότερα

104 1803 165 1830 κατ’
185 1804 411 1838 αὐτεξουσιότητα
429 1804 541 1840 ἔχομεν·
557 1805 574 1841 ἢ
589 1805 686 1840 μᾶλλον
706 1806 803 1838 εἰπεῖν,
826 1806 905 1842 πρὸς·

103 1851 154 1886 τὴν
167 1849 315 1885 ἀγγελικὴν
332 1849 476 1885 ταχθέντες
492 1850 574 1886 ζωὴν,
595 1851 623 1877 εἴ
642 1860 693 1878 που
715 1853 748 1887 τῇ
765 1852 895 1887 προαιρέ-

105 1905 147 1923 σει
168 1897 214 1923 καὶ
236 1896 472 1932 παρεγκλίνοιμεν,
496 1897 662 1932 ὑπερϐλὺσει
690 1897 894 1934 φιλανθρωπίας

105 1941 175 1977 πρὸς
186 1941 217 1968 τὺ
232 1942 260 1975 ἐξ
271 1942 359 1978 ἀρχῆς
371 1942 580 1978 ἀνακαλούμεθα
593 1943 639 1970 καὶ
654 1944 874 1979 ὲπιστρεφόμεθα
884 1953 892 1961 ι

103 1987 151 2014 καὶ
171 1987 202 2013 τὸ
230 1987 466 2024 θαυμαστότερον,
488 1987 566 2020 ὅλους
584 1989 658 2024 ἡμᾶς
679 1989 748 2015 κατά
769 1988 894 2024 σώματος

102 2033 172 2069 πρὸς
185 2033 234 2070 τὴν
250 2032 399 2069 ἀνώλεθρον
413 2034 486 2069 ζωὴν
501 2034 696 2069 ἐπαγγέλλεται
713 2035 875 2071 μεταθήσειν
885 2056 891 2062 .

102 2080 221 2116 Πρᾶγμα
229 2081 262 2115 τῇ
276 2080 382 2116 ἀνοήτῳ
401 2080 450 2116 μὲν
464 2080 526 2118 δόξῃ
541 2081 596 2108 τῶν
615 2080 759 2117 Ἑλλήνων,
781 2081 893 2118 (ταύτην

101 2125 157 2162 γὰρ
175 2126 343 2162 παλαιότητα
360 2135 452 2162 φησιν,
466 2126 503 2158 ὡς
524 2126 620 2163 μωρὰν
634 2128 680 2154 καὶ
700 2127 804 2164 σαθρὰν
813 2127 831 2162 ·)
846 2127 893 2154 καὶ

101 2172 305 2208 πιστευόμενον,
326 2172 390 2204 ἴσως
405 2172 443 2204 ὡς
465 2172 540 2207 παρὰ
560 2172 640 2206 φύσιν
661 2172 772 2200 δοκοῦν·
793 2174 892 2201 ἐκεῖνοι

100 2216 155 2252 γὰρ
167 2217 242 2252 παρά
258 2217 293 2251 φῦ
299 2226 339 2244 σιν
352 2217 475 2252 λέγουσιν
486 2216 555 2244 εἶναι
564 2219 598 2254 τῇ
613 2218 663 2254 ὕλῃ
675 2218 705 2245 τὸ
722 2219 892 2246 ἀπαθανατί-

988 1019 1001 1055 §
1020 1019 1050 1047 ΙΙ.
1071 1019 1141 1052 Quia
1163 1019 1255 1055 itaque
1279 1019 1361 1047 vitam
1378 1020 1486 1048 insitam
1501 1021 1612 1055 habent,
1629 1022 1691 1049 dum
1705 1023 1738 1049 ad

951 1065 1009 1101 ejus
1027 1065 1260 1101 participationem
1277 1065 1461 1099 intirmantur,
1476 1067 1616 1101 deficiunt,
1632 1072 1659 1096 et
1673 1069 1737 1096 dum

951 1120 1060 1140 rursum
1074 1117 1283 1145 convertuntur,
1313 1120 1421 1139 rursum
1445 1113 1627 1141 viviﬁcantnr.
1647 1114 1739 1148 itaque

951 1165 1000 1192 per
1016 1165 1045 1185 se
1060 1158 1116 1185 vita
1134 1162 1175 1186 est
1187 1158 1345 1186 conditricis
1359 1166 1440 1194 atque
1453 1160 1617 1194 exemplaris
1626 1160 1686 1187 vita:
1697 1167 1738 1187 ra-

951 1203 998 1236 tio,
1011 1211 1071 1238 qnze
1083 1205 1109 1230 in
1125 1205 1178 1231 Deo
1188 1209 1289 1231 aeterna
1308 1206 1453 1237 cxsistens.
1470 1206 1562 1233 tribuit
1575 1213 1636 1233 esse
1657 1207 1730 1232 omni

949 1250 1020 1284 vita,
1043 1255 1096 1278 tam
1112 1250 1172 1278 vitae
1187 1250 1348 1287 simpliciter
1362 1259 1444 1287 quam
1460 1251 1570 1279 cuilibet
1587 1251 1735 1278 viventium

948 1297 976 1324 in
986 1297 1146 1331 particulari
1162 1307 1169 1332 ;
1183 1304 1264 1333 atque
1278 1299 1382 1334 angelis
1397 1299 1505 1333 quidem
1524 1297 1571 1326 ἀει
1583 1296 1666 1325 vitam
1682 1296 1735 1324 int-

949 1343 1118 1371 nmterialem
1148 1352 1180 1372 ac
1210 1345 1371 1373 deiiormenl
1387 1353 1394 1376 ;
1411 1345 1459 1372 toti
1485 1345 1557 1372 enim
1584 1348 1650 1372 sunt
1673 1343 1735 1370 vita:

950 1389 1155 1422 substantiales,
1173 1397 1233 1424 qua:
1249 1391 1365 1417 vivendo
1388 1397 1496 1425 semper
1507 1395 1534 1417 et
1551 1390 1736 1417 indesinenter

948 1440 1100 1461 moventur.
1119 1435 1159 1462 Ad
1180 1436 1265 1470 ipsam
1280 1443 1388 1470 quoque
1404 1437 1510 1462 turbam
1531 1436 1726 1462 daemoniacam

948 1481 1101 1508 istiusmodi
1117 1482 1197 1508 vitam
1214 1489 1261 1516 per
1282 1482 1431 1509 bonitatem
1451 1482 1573 1509 extendit
1603 1483 1670 1517 (sine
1681 1490 1735 1516 pae-

947 1528 1058 1554 nitentia
1078 1528 1221 1554 enimsunt
1244 1528 1313 1554 dona
1335 1527 1383 1554 Dei
1402 1529 1410 1548 ί
1426 1530 1446 1563 _l;
1461 1521 1595 1562 siquidem
1613 1529 1666 1555 vita
1679 1529 1734 1556 da:-

948 1580 1056 1599 monum
1074 1573 1108 1599 ab
1124 1572 1237 1606 ipsumet
1261 1581 1307 1607 per
1331 1581 1361 1600 se
1380 1574 1434 1600 vita
1447 1581 1554 1608 quoque
1576 1574 1684 1601 exsistit
1698 1582 1730 1602 ac

948 1620 1116 1646 continetur.
1131 1620 1200 1653 Quin
1214 1624 1241 1646 et
1257 1620 1422 1652 hominibus,
1435 1629 1550 1654 quorum
1565 1621 1662 1648 anima:
1674 1629 1734 1648 cor-

947 1666 1060 1700 poribus
1085 1666 1235 1693 cmnmista:
1260 1671 1333 1698 sunt,
1356 1667 1559 1701 angeliformem
1581 1668 1664 1694 vitam
1683 1668 1733 1695 λΐί-

947 1711 1015 1743 buit,
1028 1717 1160 1746 quantum
1176 1711 1281 1738 scilicet
1297 1713 1339 1738 ras
1355 1717 1416 1744 est;
1435 1721 1484 1740 nos
1497 1713 1581 1746 enim,
1597 1721 1657 1741 cum
1673 1721 1731 1740 me-

947 1757 984 1784 dii
999 1758 1086 1784 sintus
1103 1759 1173 1784 inter
1189 1758 1340 1791 angelicam
1366 1758 1448 1784 vitam
1462 1766 1494 1785 ac
1510 1759 1672 1791 naturalem,
1689 1767 1732 1787 se-

946 1804 1065 1831 cundum
1079 1804 1192 1831 liberum
1209 1804 1352 1831 arbitrium
1376 1804 1507 1831 habemus
1523 1805 1731 1839 propensionem

946 1850 981 1876 ad
997 1854 1142 1883 utramque
1157 1858 1164 1882 ;
1182 1849 1240 1876 sive
1262 1849 1360 1876 melius
1376 1850 1504 1882 dicendo,
1522 1850 1555 1877 ad
1583 1851 1730 1885 angelicam

946 1895 1031 1922 vitam
1056 1895 1214 1929 compositi,
1233 1894 1321 1922 sicubi
1344 1902 1393 1929 per
1422 1895 1573 1922 libertatem
1585 1897 1667 1923 etiam
1681 1897 1730 1924 de-

945 1941 1090 1974 ﬂectimus,
1117 1941 1370 1976 superabundantia
1394 1942 1570 1977 benignitatis
1594 1943 1627 1970 ad
1639 1943 1731 1977 pristi-

944 1995 1009 2014 num
1021 1992 1120 2014 statum
1148 1995 1307 2015 revocamur
1325 1992 1405 2022 atque
1425 1989 1607 2016 convenimur
1623 1996 1631 2022 ς
1645 1988 1732 2024 quod-

944 2041 997 2069 que
1008 2034 1096 2068 magis
1111 2033 1264 2060 mirandum
1280 2038 1332 2067 est,
1348 2035 1432 2061 etiam
1460 2034 1609 2062 secundum
1631 2041 1730 2068 corpus

943 2080 977 2107 ad
1003 2079 1237 2115 incorruptibilein
1265 2081 1347 2107 vitam
1387 2088 1435 2108 nos
1465 2081 1641 2108 traducturos
1666 2087 1730 2114 pro-

943 2126 1040 2154 mittit.
1065 2126 1130 2160 QUiE
1151 2134 1194 2154 res
1213 2125 1298 2162 456
1328 2128 1431 2154 insana:
1457 2127 1567 2161 quidem
1588 2127 1727 2162 gentilium

943 2173 1063 2208 opinioni
1079 2173 1169 2209 (quam
1190 2178 1352 2201 vetustatem
1371 2173 1499 2208 appellat,
1514 2173 1612 2208 quippe
1627 2174 1727 2200 fatuam

942 2224 969 2246 et
986 2220 1117 2256 putidam)
1131 2220 1215 2246 etiam
1238 2219 1340 2247 credita
1365 2220 1466 2247 merito
1482 2220 1557 2254 quasi
1572 2224 1668 2247 contra
1680 2228 1729 2246 na-

100 2263 195 2295 ζεσθαι
206 2272 213 2278 ·
227 2263 276 2299 ὕλη
288 2263 342 2300 γὰρ
357 2262 434 2296 οὖσα,
451 2264 498 2291 καὶ
513 2264 582 2291 κατὰ
601 2264 682 2299 φύσιν
699 2264 798 2301 ἔχουσα
815 2266 845 2292 τὸ
859 2267 888 2292 ὲν

948 2270 1031 2292 iurant
1045 2266 1189 2297 videatur;
1204 2265 1249 2292 illi‘
1265 2265 1337 2291 enim
1354 2266 1442 2298 aiunt,
1466 2272 1526 2292 esse
1538 2271 1634 2292 contra
1648 2269 1728 2292 natu-

99 2308 181 2344 ἑαυτῇ
196 2309 372 2344 μεταϐάλλειν
386 2309 420 2336 τὰ
431 2309 499 2344 εἴδη,
518 2309 576 2342 πῶς
594 2311 670 2345 μενεῖ
684 2311 713 2337 ὲν
723 2311 797 2346 αὐτῷ
812 2312 888 2338 ἐσαεὶ

98 2354 285 2390 ἀμετάϐλητος
302 2356 348 2382 καὶ
364 2356 509 2391 ἀκίνητος;
536 2357 649 2384 Ἐκεῖνοι
667 2357 743 2392 γοῦν,
758 2359 791 2394 τῇ
808 2359 888 2392 φύσει

97 2399 317 2433 ἀκολουθοῦντες,
331 2401 444 2433 εἰκότως
456 2401 528 2428 ἅπαν
542 2402 616 2435 ξένον
630 2403 679 2438 τῆς
694 2403 801 2439 φύσεως
811 2404 888 2440 παρά

97 2445 179 2480 φύσιν
201 2446 277 2480 φασὶ,
297 2447 344 2474 καὶ
364 2447 401 2483 μὴ
419 2445 474 2474 οἷόν
484 2457 514 2474 τε
530 2447 656 2482 γενέσθαι
669 2448 795 2476 πώποτε·
807 2451 888 2486 ἡμεῖς

96 2488 137 2521 δὲ,
154 2489 223 2525 πρὸς
236 2489 282 2516 τὸν
296 2490 363 2517 Θεὸν
376 2491 584 2525 ἀποϐλέποντες,
599 2493 646 2520 τὸν
659 2494 691 2520 ἐκ
701 2494 749 2521 τοῦ
762 2494 799 2531 μὴ
809 2495 886 2528 όντος

96 2536 131 2562 τὰ
143 2536 232 2563 πάντα
248 2536 320 2573 λόγῳ
342 2537 415 2573 μόνῳ
430 2539 477 2565 καὶ
492 2538 623 2575 θελήματι
637 2540 839 2577 ὑποστήσαντα,
854 2543 886 2569 τὸ

95 2582 191 2610 δοκοῦν
206 2582 320 2615 ἐκείνοις
336 2583 411 2619 παρὰ
422 2584 502 2618 φύσιν
517 2585 589 2613 θεῖον
606 2587 654 2613 καὶ
664 2586 734 2622 ὑπὲρ
746 2586 826 2622 φύσιν
839 2588 888 2615 λέ-

95 2637 190 2664 γομεν,
202 2631 248 2656 καὶ
259 2629 371 2657 δυνατὸν
380 2631 517 2665 γενέσθαι,
530 2632 597 2659 Θεοῦ
608 2632 739 2665 θέλοντος.
750 2634 818 2661 Θεοῦ
831 2635 885 2671 γὰρ

96 2675 256 2711 βουλομένου
267 2676 298 2703 τὸ
308 2677 434 2711 γενέσθαι
445 2686 471 2704 τι
484 2678 569 2711 ξένον,
581 2679 611 2705 οὐ
626 2679 740 2716 λέγομεν
753 2681 828 2717 παρὰ
838 2681 885 2716 φύ-

96 2728 137 2746 σιν
148 2729 155 2736 ”
173 2721 283 2758 βίαγάρ
298 2723 356 2749 ἐστι
368 2723 447 2749 τοῦτο
458 2723 508 2760 τῆς
519 2723 637 2759 φύσεως,
651 2726 696 2752 καὶ
713 2727 773 2762 οὑχί
788 2727 884 2754 oua-ca-

96 2775 137 2798 σις
147 2767 263 2801 φύσεως,
284 2768 340 2796 ἀλλ’
355 2769 491 2802 ἀσθένεια,
508 2770 578 2797 ὥστε
600 2773 748 2807 πεφυκέναι
761 2775 809 2801 καὶ
828 2775 881 2801 πά-

95 2812 134 2839 λιν
147 2814 193 2840 ἐπὶ
204 2814 235 2841 τὸ
247 2814 317 2842 κατά
332 2815 413 2851 φύσιν
427 2817 560 2852 χωρῆσαι,
575 2817 653 2845 εἵπου
674 2819 724 2854 τῆς
739 2819 798 2855 βίας
810 2820 878 2856 ἀφε-

132 2905 228 2935 KPsal.
248 2901 316 2940 cm,
336 2908 381 2937 29.

433 2910 447 2931 δ
462 2909 541 2944 lbid.,
557 2911 602 2940 50.
651 2912 659 2932 ί
675 2910 754 2940 Rom.
773 2920 810 2945 χι,
828 2912 873 2941 29.

939 2319 998 2338 ram
1013 2315 1042 2338 ut
1054 2311 1166 2338 materia
1184 2310 1231 2337 iiut
1253 2310 1437 2344 innnortalis;
1454 2319 1515 2338 nam
1533 2311 1596 2338 dum
1611 2317 1653 2338 est
1667 2320 1726 2338 ma—

940 2358 1019 2392 teria,
1037 2358 1119 2385 etiam
1133 2358 1281 2385 secundum
1295 2363 1418 2385 naturam
1433 2365 1510 2385 suam
1523 2358 1603 2385 habet
1616 2363 1645 2385 ut
1657 2359 1683 2385 in
1697 2366 1727 2386 se

939 2404 1042 2433 formas
1071 2408 1246 2436 trnnsmutet,
1270 2404 1407 2438 quomodo
1433 2411 1500 2438 ergo
1525 2404 1552 2430 in
1578 2411 1608 2431 se
1620 2411 1727 2438 semper

939 2450 1118 2478 immutabilis
1133 2455 1161 2477 et
1176 2449 1325 2477 immobilis
1351 2457 1461 2477 manere
1487 2450 1575 2485 possit
1589 2449 1601 2476 ?
1617 2449 1658 2476 illi
1674 2449 1726 2476 ita-

937 2506 990 2534 que
1005 2505 1130 2525 naturam
1148 2503 1306 2532 sequentes,
1317 2497 1512 2525 verosimiliter
1527 2496 1631 2529 dicunt,
1644 2503 1725 2523 omne

937 2545 963 2574 id
974 2546 1046 2581 quod
1059 2549 1164 2573 natura:
1182 2545 1355 2580 peregrinum
1369 2551 1400 2571 ac
1412 2551 1512 2571 novum
1524 2543 1634 2576 accidit,
1653 2550 1722 2570 con-

937 2597 979 2619 tra
1007 2596 1132 2619 naturam
1158 2599 1227 2624 esse,
1253 2596 1281 2619 et
1307 2591 1365 2618 ﬁeri
1384 2598 1523 2625 nunquam
1552 2597 1632 2625 posse
1648 2598 1656 2617 :
1672 2597 1723 2617 nos

936 2645 1002 2665 vero
1014 2638 1047 2665 ad
1065 2639 1150 2666 Deum
1173 2641 1337 2673 spectantes.
1358 2637 1405 2672 qui
1428 2637 1520 2664 omnia
1534 2644 1568 2664 ex
1583 2636 1667 2664 nihilo
1682 2637 1723 2664 vel

937 2684 1020 2711 verbo
1033 2684 1091 2712 solo
1102 2692 1134 2712 ac
1147 2684 1285 2711 voluntate
1300 2691 1348 2710 sua
1362 2684 1514 2711 consistere
1524 2682 1600 2715 fecit,
1616 2682 1642 2709 id
1651 2682 1723 2716 quod

936 2729 1006 2764 ipsis
1022 2735 1116 2757 contra
1143 2735 1267 2757 naturam
1289 2728 1411 2761 videtur,
1436 2728 1462 2755 id
1488 2735 1537 2755 nos
1561 2727 1681 2755 divinum
1693 2731 1721 2752 et

934 2784 1017 2811 supra
1032 2781 1158 2803 naturam
1169 2783 1231 2803 esse
1254 2775 1382 2807 dicimus,
1397 2779 1435 2806 et,
1456 2774 1564 2802 volente
1579 2773 1644 2804 Deo,
1660 2772 1720 2799 ﬁeri

932 2829 1022 2857 posse.
1040 2822 1096 2851 Deo
1109 2822 1182 2850 enim
1195 2821 1302 2850 volente
1325 2820 1465 2856 quidpiam
1488 2818 1659 2855 peregrinum
1672 2824 1720 2845 seu
