1929 3061
223 173 278 202 8625

810 174 840 202 S.
860 173 1012 202 DIONYSII
1030 174 1225 202 ABEOPAGIT
1228 175 1260 203 1E

1795 175 1852 204 861i

223 239 322 259 novum
335 231 403 263 ﬁeri,
421 231 532 258 minime
543 235 636 259 contra
655 234 780 258 naturam
796 238 857 259 esse
871 232 1000 259 dicimus,

1061 232 1121 267 θείη
1135 233 1181 259 καὶ
1192 233 1241 268 τῆς
1257 232 1330 268 παρά
1341 232 1421 267 φύσιν
1440 234 1583 269 κινήσεως.
1598 234 1633 261 Τὸ
1647 233 1668 260 δ’
1682 233 1751 269 ὑπὲρ
1766 234 1852 268 φύσιν

224 278 265 305 vis
279 277 350 304 enim
367 277 424 304 lucc
442 282 484 305 est
509 282 622 309 natura),
639 281 667 304 et
697 284 750 304 non
779 284 883 305 natura:
907 282 1005 309 status,

224 324 272 351 sed
286 323 470 355 imbecillitas,
488 324 524 350 ita
541 328 570 350 ut
583 323 674 350 denuo
688 323 722 349 ad
738 324 889 350 naturalem
907 329 1007 351 statum

223 371 313 398 redire
327 371 435 403 debeat,
451 370 473 397 si
483 370 592 404 quando
606 370 646 396 vis
656 369 702 396 illa
717 375 871 404 motusque,
885 370 930 405 qui
943 378 1009 397 con-

222 420 263 442 tra
280 421 406 442 naturam
425 421 477 446 est,
495 416 646 443 auferatur.
660 415 736 447 Quod
752 423 817 443 vero
832 423 913 450 supra
929 421 1008 442 natu-

223 469 280 488 ram
296 467 347 493 est,
364 466 463 488 statum
474 461 554 489 habet
565 467 592 488 ct
613 467 716 488 natura:
730 462 1006 494 transl‘ormationcm,

221 507 258 534 ita
282 512 310 534 ut
331 508 384 534 Deo
405 507 514 542 quidem
543 508 651 534 volente
677 508 734 539 ﬁat,
760 508 892 535 miraculo
916 513 1007 536 autent

221 554 303 580 etiam
317 556 343 580 in
362 555 504 581 identitate
532 555 573 580 sui
599 554 705 580 ordinis
732 560 887 588 perseveret
903 563 909 581 :
925 555 961 582 ita
979 559 1008 582 ut

222 600 360 634 ignoretur
375 600 482 634 penitus
494 600 519 626 id
534 600 606 634 quod
625 600 701 634 prius
712 600 862 627 secundum
879 605 1005 627 naturam

221 646 322 673 habere
336 646 488 674 dicebatur.
507 646 612 681 Prcprii
639 651 728 672 autem
754 650 844 673 motus
869 647 1006 680 peregrini

221 693 343 726 quidem,
361 697 388 720 et
412 701 492 727 supra
511 700 558 720 eos
581 700 651 727 quos
666 699 716 720 nos
740 693 872 720 habemus
891 693 1006 725 dicendi,

219 738 267 764 sed
284 738 387 772 proprii
403 746 435 765 ac
452 739 602 766 secundum
628 745 755 766 naturam
771 740 840 774 ejus.
857 739 914 767 Etsi
933 740 1006 767 enim

220 783 327 810 dicatur
347 791 409 810 esse
423 791 504 818 supra
523 789 660 815 naturam,
687 788 778 810 tamen
796 784 1006 819 (superintelligi

218 830 310 864 debet)
337 835 457 856 nostram
483 831 552 857 hanc
581 838 641 864 qua:
663 830 780 862 videtur,
804 835 906 857 etcam
925 838 1006 865 quam

218 875 293 909 prius
311 875 413 906 habuit.
430 883 481 902 non
499 880 589 902 autem
610 881 653 902 est
666 884 747 910 supra
767 881 892 903 naturam
918 877 1007 903 omni-

1060 277 1188 304 σύστασιν
1207 278 1325 312 ἔχεικαὶ
1352 278 1609 314 μετασχηματισμὸν
1635 278 1753 312 φύσεως,
1776 279 1850 305 ὥστε

1059 323 1185 357 γενέσθαι
1203 324 1251 359 μὲν
1265 323 1333 350 Θεοῦ
1350 324 1482 356 θέλοντος,
1494 325 1584 360 μένειν
1595 325 1624 352 δὲ
1635 326 1680 352 καὶ
1691 325 1851 360 Θαυμαστὸν

1059 369 1106 395 καὶ
1119 370 1148 395 ὲν
1163 370 1196 404 τῇ
1209 369 1352 404 ταυτότητι
1372 369 1422 404 τῆς
1437 369 1539 403 τάξεως
1561 370 1652 403 αὑτοῦ,
1664 370 1701 402 ὡς
1716 371 1851 405 ἀγνοῆσαι

1059 415 1228 442 παντάπασιν
1238 415 1306 450 ὅπερ
1319 415 1429 449 ἐλέγετο
1441 416 1511 451 ἔχειν
1523 416 1593 443 κατά
1607 416 1686 451 φύσιν
1702 417 1847 452 πρότερον.

1059 461 1114 493 Τὰς
1125 461 1153 487 δὲ
1168 461 1270 493 οἰκείας
1292 462 1412 497 κινήσεις
1428 461 1506 494 ξένας
1519 462 1568 497 μὲν
1581 463 1629 489 καὶ
1644 462 1738 498 ὑπὲρό
1749 462 1850 498 ἔχομεν

1058 507 1156 541 λέγειν,
1171 506 1208 538 ὡς
1224 506 1326 538 οίκείας
1335 506 1363 533 δὲ
1378 507 1424 533 καὶ
1436 507 1505 534 κατά
1522 508 1601 542 φύσιν
1616 508 1708 536 αὐτοῦ.
1731 509 1780 534 Ἂν
1792 511 1850 543 γὰρ

1058 553 1105 578 καὶ
1117 552 1185 587 ὑπὲρ
1198 553 1278 587 φύσιν
1291 552 1412 588 λέγηται,
1426 553 1483 580 ἀλλ’
1502 552 1548 580 οὖν
1561 554 1612 589 τὴν
1627 553 1687 580 καθ’
1700 554 1774 589 ἡμᾶς
1786 553 1837 580 ταί

1058 607 1106 633 την
1125 599 1172 625 καὶ
1189 599 1332 634 ὁρωμένην
1347 601 1393 627 καὶ
1407 601 1456 635 τὴν
1479 603 1512 635 ἢν
1530 598 1586 636 εἶχε
1602 600 1682 635 τυχὸν
1702 600 1848 635 πρότερον,

1058 644 1087 670 οὺ
1110 644 1163 680 μὴν
1181 643 1208 670 δὲ
1228 645 1278 679 τὴν
1297 645 1432 681 πανσῢενῆ
1453 646 1498 672 καὶ
1518 645 1592 672 θείαν
1613 653 1619 659 ·
1643 646 1676 680 τῇ
1705 644 1760 680 γὰρ
1787 645 1850 680 θείᾳ

1059 689 1147 723 φύσει,
1167 690 1205 722 ὡς
1220 689 1287 726 οὔσῃ
1307 690 1385 725 φύσει
1406 691 1453 718 καὶ
1470 691 1597 718 συστάσει
1617 690 1671 717 τῶν
1685 691 1761 723 ζωῶν
1773 692 1850 718 ἀπα-

1059 736 1122 766 σῶν,
1139 736 1185 762 καὶ
1201 736 1317 771 μάλιστα
1336 737 1390 763 τῶν
1406 737 1550 772 Θειοτέρων
1564 736 1652 763 εἵτουν
1665 736 1719 763 τῶν
1735 737 1849 771 ἀγγελι-

1058 780 1123 812 κῶν,
1141 781 1156 817 ἢ
1172 782 1225 817 μὴν
1244 781 1296 808 τῶν
1313 783 1341 808 ὲν
1352 783 1385 817 τῇ
1402 783 1546 809 ἀναστάσει
1557 782 1611 808 τῶν
1624 782 1756 817 σωμάτων
1778 783 1850 817 μετᾷ

1057 827 1149 863 ψυχῶν
1165 827 1275 860 ζωσῶν,
1291 829 1402 864 οὐδεμία
1426 830 1483 856 ἐστὶ
1506 829 1562 865 ζωὴ
1580 829 1596 864 ἢ
1624 829 1698 864 παρὰ
1725 828 1818 862 φύσιν,
1833 829 1849 863 ἦ

1058 874 1127 910 ὑπὲρ
1141 874 1230 908 φύσιν.
1248 875 1316 901 Ποία
1331 875 1385 911 γὰρ
1399 875 1455 911 ζωὴ
1469 875 1507 910 τῷ
1525 876 1583 911 Θεῷ
1605 876 1680 912 παρὰ
1702 876 1785 911 φύσιν
1801 875 1851 901 καὶ

218 925 355 955 potentem
369 929 400 948 ac
415 921 533 947 divinam
549 930 556 953 ;
577 921 675 948 divina:
690 921 822 955 siquidem
843 926 958 955 natum,
976 929 1000 950 ut

1056 920 1141 955 βίαιος
1155 929 1162 952 ;
1177 921 1245 947 Ποία
1256 920 1283 947 δὲ
1301 921 1370 956 ὑπὲρ
1386 921 1466 955 φύσιν
1486 922 1534 956 τὴν
1555 921 1651 948 ἑαυτοῦ
1665 931 1672 954 ;
1687 922 1714 948 τί
1726 922 1782 957 γὰρ
1801 922 1851 947 καὶ

217 975 278 1000 (Illic
288 971 329 994 est
343 971 440 993 natura
454 971 596 1002 statusque
609 968 726 994 vitarum
740 968 873 1000 omnium,
889 976 1004 1003 ΙΙΙἺΕΒθΓ-

217 1014 266 1040 tim
278 1013 442 1041 diviniorum
455 1014 512 1041 sive
524 1014 723 1048 angelicarum,
745 1014 786 1042 vel
801 1015 882 1042 etiam
906 1023 1004 1050 corpo-

218 1066 277 1085 rum
293 1059 320 1086 iu
333 1059 535 1087 resurrectione
546 1060 614 1086 vivis
629 1059 771 1087 animabus
784 1061 1003 1096 conjunctotum,

217 1103 289 1130 nulla
303 1105 356 1131 vita
374 1109 416 1132 est
429 1109 524 1131 contra
548 1110 685 1136 naturam,
703 1105 745 1132 vel
765 1113 845 1140 supra
865 1111 1002 1132 naturam.

216 1150 311 1183 Qualis
327 1152 399 1178 enim
425 1151 479 1178 vita
496 1151 550 1178 Deo
567 1157 663 1178 contra
680 1157 806 1178 naturam
829 1159 862 1178 ac
885 1152 1003 1179 violenta

214 1196 274 1223 sit?
288 1204 348 1230 qme
363 1204 426 1224 vero
450 1205 533 1232 supra
558 1203 684 1224 naturam
703 1197 782 1232 ejus?
794 1198 857 1231 quid
887 1198 960 1224 cnim
976 1203 1003 1225 ct

214 1242 295 1276 quale
307 1243 426 1270 divinam
445 1249 569 1270 naturam
584 1244 715 1279 superet?
730 1244 816 1276 Unde,
833 1244 941 1278 quando
962 1245 1002 1270 αἱ·

215 1287 303 1314 cimus
319 1289 351 1314 de
368 1288 432 1320 Deo,
451 1289 522 1322 quod
551 1290 601 1316 hoc
617 1290 652 1316 sit
671 1294 699 1316 ct
717 1289 769 1316 hoc
790 1290 897 1316 dicatur
922 1297 1002 1323 supra

215 1337 352 1364 naturam,
365 1340 417 1359 non
432 1333 606 1368 intelligimus
622 1338 748 1361 naturam
760 1334 829 1368 ejus,
846 1334 918 1361 absit
931 1335 938 1361 !
955 1335 1002 1362 sed

215 1383 350 1411 nostram,
361 1383 387 1405 et
404 1384 566 1407 ceterarum
580 1389 672 1408 rerum
687 1381 810 1408 omniqu
828 1390 835 1413 ;
852 1386 877 1408 et
892 1382 1002 1416 quando

214 1433 322 1452 rursum
339 1434 354 1453 e
369 1431 462 1454 contra
481 1427 597 1455 dicimus
615 1429 764 1455 secundum
784 1433 923 1461 naturam,
948 1437 1001 1456 non

215 1476 334 1498 nostram
358 1471 532 1507 intelligimus
567 1481 714 1508 rerumque
745 1479 926 1506 cmterarutn,
954 1475 1001 1502 sed

213 1518 309 1552 ipsius.
329 1519 508 1552 Quamobrem
527 1520 747 1548 contradictoris:
771 1520 893 1548 Simonis
919 1522 1002 1548 ratio-

214 1569 272 1595 nes,
287 1569 381 1590 contra
397 1565 548 1591 doctrinam
560 1572 621 1599 qua:
633 1564 681 1596 ait,
694 1571 807 1598 corpora
820 1570 910 1591 nostra
920 1563 1000 1600 457

1055 966 1146 992 ὁποῖον
1160 967 1190 992 τὸ
1203 967 1252 1002 τῆς
1266 967 1341 999 Θείας
1361 967 1468 1001 φύσεως
1490 968 1652 1004 ὑπερέκεινα
1671 977 1678 1001 ;
1694 969 1786 1000 Ὥστε,
1803 968 1850 994 ὅτε

1056 1010 1169 1046 λέγομεν
1190 1012 1235 1038 ἐπὶ
1258 1012 1336 1044 Θεοῦ,
1357 1013 1398 1039 ὅτι
1419 1013 1496 1039 τοῦτό
1516 1013 1573 1040 ἐστι
1589 1015 1635 1040 καὶ
1649 1014 1728 1041 τοῦτο
1739 1013 1850 1048 λέγεται

1056 1057 1125 1092 ὑπὲρ
1139 1057 1228 1092 φύσιν,
1242 1058 1271 1084 οὐ
1282 1058 1330 1094 τὴν
1341 1059 1438 1086 ἑαυτοῦ
1451 1060 1576 1096 λέγομεν,
1592 1060 1629 1096 μὴ
1639 1060 1760 1094 γένοιτοῐ
1780 1060 1850 1086 ἀλλὰ

1054 1104 1104 1139 τὴν
1119 1104 1257 1139 ἡμετέραν
1276 1113 1307 1130 τε
1329 1106 1375 1132 καὶ
1392 1105 1504 1141 τὴντῶν
1528 1105 1614 1133 ἄλλων
1639 1106 1783 1134 ἁπάντων*
1803 1108 1851 1133 καὶ

1054 1151 1098 1177 ὅτε
1116 1149 1194 1177 πάλιν
1207 1150 1276 1176 κατὰ
1288 1151 1378 1186 φύσιν,
1397 1152 1590 1186 ἀντιστρόφως,
1607 1153 1636 1178 οὐ
1650 1153 1698 1188 τὴν
1710 1153 1851 1188 ἡμετέραν

1054 1205 1084 1222 τε
1098 1197 1144 1222 καὶ
1156 1196 1209 1224 τῶν
1224 1196 1322 1229 ἄλλων,
1338 1197 1405 1224 ἀλλά
1419 1198 1469 1233 τὴν
1481 1198 1587 1224 ἑαυτοῦ.
1601 1199 1632 1225 Oi
1640 1199 1704 1233 γοῦν
1717 1199 1849 1234 ἀντιῤῥη-

1054 1244 1125 1270 τικοὶ
1144 1243 1191 1270 τοῦ
1217 1243 1337 1279 Σίμωνος
1362 1243 1435 1278 λόγοι
1463 1244 1533 1271 κατά
1563 1243 1609 1270 τοῦ
1639 1244 1774 1280 adﬁxam;
1801 1245 1850 1271 τοῦ

1055 1288 1190 1322 λέγοντος,
1214 1290 1255 1316 ὅτι
1281 1290 1316 1316 τὰ
1342 1289 1456 1325 aditum
1477 1290 1553 1325 ἡμῶν
1576 1290 1850 1326 ἀθανατισοὴσονται,

1055 1336 1148 1371 ττόρρω
1168 1336 1407 1371 ἀπεληλάσθωσαν.
1430 1337 1466 1363 Τὸ
1479 1337 1507 1362 δὲ
1519 1336 1622 1363 οἴεσθαι
1636 1336 1728 1363 τοῦτον
1743 1338 1776 1363 ἐκ
1794 1337 1850 1363 τῶν

1054 1381 1177 1417 φανερῶν
1192 1382 1296 1409 τούτων
1320 1383 1367 1409 καί
1382 1382 1519 1418 αἰσθητῶν
1531 1383 1581 1415 τὰς
1601 1384 1752 1416 ἀποδείξεις
1777 1384 1850 1410 κατᾶ

1053 1428 1102 1462 τῆς
1123 1427 1315 1463 ἀκαταλήπτου
1331 1429 1377 1455 καὶ
1400 1429 1482 1455 πᾶσιν
1509 1429 1629 1463 ἀφανοῦς
1656 1430 1744 1461 αἰτίας
1770 1432 1849 1462 ταῖς²

1053 1474 1161 1500 πάντων
1179 1474 1335 1510 πορίζεσθαι
1362 1475 1474 1510 μάταιόν
1499 1477 1573 1502 ἐστι·
1596 1476 1630 1502 τὰ
1653 1476 1707 1511 γὰρ
1731 1475 1850 1508 δοξαπᾶ

1052 1519 1137 1546 ταῦτα
1161 1521 1207 1546 καὶ
1232 1520 1348 1556 αἰσθητά
1364 1520 1422 1552 πῶς
1438 1521 1585 1556 ἀνατρέψει
1603 1522 1694 1548 ἐκεῖνα
1713 1521 1746 1548 τὰ
1775 1521 1847 1556 ὑπὲρ

1052 1566 1177 1601 αἴσθησιν
1197 1567 1243 1593 καὶ
1268 1567 1374 1594 ἅπασαν
1402 1567 1511 1602 νόησιν;
1529 1567 1635 1600 οὐδενὸς
1660 1569 1707 1595 καὶ
1729 1567 1768 1603 τῷ
1788 1567 1848 1602 Θεῷ

214 1609 418 1637 immortalitate
452 1610 587 1642 donanda,
618 1609 712 1644 procul
737 1609 913 1645 repellantur.
929 1610 1000 1638 Hunc

1056 1612 1177 1640 ἐναντίου
1196 1613 1282 1645 ὄντος,
1297 1614 1355 1645 πῶς
1367 1613 1443 1640 ἔσται
1456 1622 1481 1640 τι
1500 1613 1575 1650 παρὰ
1586 1614 1666 1648 φύσιν
1682 1615 1728 1641 καὶ
1744 1615 1847 1650 βίαιον;

213 1659 303 1682 autem
318 1657 458 1689 arbitrari,
479 1664 513 1683 ex
529 1656 570 1683 his
586 1656 740 1690 conspicuis
753 1661 781 1683 et
796 1656 839 1683 his
863 1657 1008 1685 sensilibus
1026 1664 1122 1686 contra
1149 1659 1455 1694 incomprehensibilem
1489 1664 1570 1695 atque
1601 1661 1731 1688 omnibus
1748 1661 1848 1687 obsni-

213 1711 271 1729 ram
289 1704 476 1730 universorum
488 1711 597 1731 causam
614 1703 865 1731 demonstrationes
880 1705 1003 1738 pnebere
1015 1713 1104 1739 posse,
1120 1714 1219 1734 vanum
1239 1711 1304 1739 est;
1322 1707 1458 1741 quomodo
1486 1707 1558 1733 enim
1584 1707 1611 1734 id
1640 1707 1711 1742 quod
1736 1714 1848 1734 omnem

212 1756 320 1776 sensum
345 1755 373 1776 et
398 1751 593 1785 cogitationem
613 1756 725 1786 superat
752 1755 924 1778 evertentca
937 1759 999 1785 qua:
1013 1759 1095 1779 sensu
1109 1757 1137 1779 et
1153 1753 1319 1787 cogitatione
1331 1753 1521 1788 percipiuntur
1533 1745 1551 1780 ?‘
1579 1761 1641 1780 cum
1673 1759 1764 1780 autem
1791 1752 1848 1779 Deo

212 1795 278 1822 nihil
294 1796 331 1823 sit
347 1798 527 1829 contrarium,
554 1797 691 1832 quomodo
709 1797 811 1832 aliquid
828 1798 882 1824 erit
899 1798 923 1824 ei
937 1803 1031 1824 contra
1046 1803 1173 1826 naturam
1187 1799 1228 1826 vel
1244 1799 1413 1827 violentum?

249 1842 263 1878 §
284 1842 326 1869 ΙΙΙ.
340 1843 407 1870 Cum
423 1851 487 1871 vero
501 1845 536 1871 ab
554 1845 611 1878 ipso
627 1844 779 1871 vivilicetur
796 1843 821 1870 id
837 1844 908 1878 quod
922 1844 999 1877 vivit,

211 1888 268 1914 sive
283 1888 395 1922 angelus
408 1888 444 1915 sit
455 1889 512 1915 sive
525 1890 617 1920 homo,
632 1888 691 1915 sive
706 1889 815 1915 brutum
826 1889 882 1916 sive
897 1889 1000 1923 planta,

211 1939 238 1960 et
258 1942 290 1960 ex
311 1934 367 1968 ipso
386 1935 446 1961 vita:
462 1935 553 1962 omnis
571 1935 690 1968 initium,
715 1937 830 1970 vitatque
846 1935 998 1968 substantia

210 1979 255 2009 sit,
281 1977 411 2005 credibile
439 1979 521 2005 etiam
547 1984 606 2006 erat
631 1984 659 2007 et
689 1980 752 2007 illud
778 1980 998 2013 resurrectionis,

211 2024 340 2057 quoniam
357 2024 392 2051 ab
410 2024 468 2059 ipso
485 2025 519 2052 ad
538 2025 627 2052 denuo
652 2026 796 2053 vivendum
822 2026 1000 2053 resuscitabi—

211 2078 283 2096 mur.
302 2070 368 2097 Viue
393 2078 473 2105 porro
497 2072 658 2107 principiqu
677 2074 715 2100 ait
731 2080 792 2101 esse
815 2074 920 2100 animas
941 2073 1000 2108 (per

211 2117 259 2143 has
278 2117 350 2143 cuitu
369 2125 494 2151 corpora,
519 2126 579 2152 qua:
603 2119 636 2145 ad
656 2120 736 2145 vitam
765 2119 888 2152 veniunt,
906 2119 999 2146 vivunt

209 2168 238 2190 et
261 2166 426 2198 moventur),
450 2165 511 2192 vita:
535 2171 625 2192 autem
646 2165 791 2192 essentiam
811 2165 883 2199 ipsas
905 2172 953 2200 per
969 2173 998 2192 se

208 2216 268 2236 esse
285 2210 389 2237 animas
414 2211 637 2246 intellectilesquc
654 2211 770 2238 virtutes
790 2210 935 2246 (siquidem
957 2211 997 2238 lue

208 2261 273 2282 sunt
287 2256 490 2290 substantiales,
502 2264 529 2284 ct
545 2266 594 2292 per
607 2265 637 2285 se
657 2257 770 2284 mobiles
786 2263 866 2292 atque
885 2258 996 2284 immor-

209 2301 300 2334 tales;
319 2302 361 2329 hac
388 2308 477 2330 autent
497 2312 530 2331 ex
550 2305 664 2338 ipsatnct
691 2304 782 2331 divina
804 2305 858 2330 vita
875 2312 935 2339 qua:
957 2308 998 2331 est

208 2354 289 2381 supra
307 2356 414 2375 omnem
440 2351 534 2382 vitam,
553 2355 580 2377 et
606 2349 699 2378 vivunt
722 2357 894 2386 corporaque
910 2350 998 2376 viviti-

207 2399 283 2427 caut,
309 2395 404 2429 inqua
429 2397 520 2423 divina
541 2397 593 2423 vita
620 2398 683 2425 licet
701 2398 792 2424 multa:
813 2398 868 2425 sint
885 2398 954 2430 νὶιω,
970 2401 998 2424 et

207 2439 326 2474 ejusdem
345 2442 462 2469 nominis
479 2450 542 2469 cum
562 2449 665 2475 nostra,
690 2450 779 2470 tamen
798 2451 853 2470 uno
872 2444 952 2470 modo
968 2448 997 2470 et

206 2487 356 2514 secundum
367 2496 447 2515 unam
458 2489 565 2516 vitalem
574 2497 686 2517 causam
698 2490 898 2524 praeexsistnnt.
908 2489 997 2522 Quare

207 2531 289 2564 Deus,
304 2537 432 2567 tanquam
445 2539 541 2561 auctor
552 2539 578 2561 et
593 2540 799 2562 consumumtor
810 2535 871 2561 vita:
887 2539 995 2566 IIOSll'lB,

207 2583 336 2613 tauquam
355 2584 499 2607 contentor
521 2586 549 2608 et
567 2582 738 2615 distributor,
757 2587 884 2616 tanquam
904 2582 996 2616 dispo-

207 2635 275 2654 nens
290 2626 457 2654 dili‘erentias
474 2628 564 2654 onmis
578 2627 650 2661 vita‘,
665 2627 770 2655 scilicet
786 2627 995 2660 intellectilium,

207 2673 392 2705 rationalium,
418 2673 570 2706 sensilium,
597 2679 624 2702 et
648 2681 742 2701 eorum
768 2681 828 2708 qua:
851 2678 995 2708 augentur,

205 2718 326 2745 omnium
342 2719 504 2754 principium
526 2719 645 2746 exsistit.
657 2718 853 2746 Consideratur
875 2719 947 2744 cnim
968 2720 994 2744 iu

206 2765 280 2792 omni
304 2765 359 2792 vita
379 2768 528 2793 secundum
550 2765 726 2800 multiplicem
750 2765 811 2792 vitze
838 2766 991 2798 generatio-

207 2817 267 2836 nem
291 2818 322 2837 ac
345 2810 527 2838 varietatem:
547 2811 598 2837 alia
623 2815 665 2838 est
689 2810 761 2837 enim
779 2810 878 2845 angeli,
897 2815 925 2837 ct
941 2810 993 2836 alia

207 2854 334 2888 hominis,
355 2860 383 2882 et
404 2855 457 2882 alia
479 2855 563 2887 bruti,
589 2860 617 2882 et
645 2855 698 2882 alia
720 2854 837 2890 plantw;
863 2855 995 2890 quocirca

207 2902 394 2930 tonsidcratnr
420 2908 449 2930 ut
474 2903 615 2938 omnigena
643 2902 814 2936 diversaque,
832 2910 891 2937 qua:
919 2902 993 2929 unita

1091 1844 1158 1880 §Ill.
1169 1845 1244 1872 Ἐπεὶ
1255 1845 1284 1872 δὲ
1297 1845 1361 1881 παρ’
1371 1845 1452 1872 αὐτοῦ
1463 1845 1616 1878 manus
1624 1845 1756 1877 ζῶον,κᾶν
1764 1845 1848 1879 ἄγγε-

1051 1891 1096 1922 λος
1107 1889 1136 1927 ᾖ,
1145 1891 1196 1918 κᾶν
1204 1892 1356 1928 ἄνθρωπος,
1363 1892 1414 1919 κᾶν
1421 1892 1527 1926 ἄλογον,
1537 1892 1587 1919 κᾶν
1596 1892 1688 1926 φυτὸν,
1700 1892 1747 1918 καὶ
1759 1891 1789 1924 ἐξ
1799 1892 1847 1917 αὐ-

1049 1937 1096 1964 τοῦ
1107 1938 1181 1965 πᾶσα
1189 1938 1261 1974 ζωῆς
1269 1938 1340 1974 ἀρχὴ
1352 1939 1399 1965 καὶ
1412 1939 1484 1973 ζωῆς
1492 1938 1581 1969 οὐσία,
1593 1937 1688 1963 πιστὸν
1701 1937 1734 1964 ἂν
1744 1937 1789 1972 εἴη
1800 1938 1847 1963 καὶ

1050 1984 1080 2010 τὸ
1092 1984 1141 2019 τῆς
1149 1984 1332 2016 ἀναστάσεως,
1341 1984 1381 2010 ὅτι
1392 1985 1455 2020 παρ’
1464 1983 1545 2010 αὺτοῦ
1553 1984 1593 2015 είς
1605 1982 1770 2014 παλινζωῐαν
1782 1983 1847 2010 ἁνα-

1054 2030 1220 2066 στησόμεοα.
1234 2031 1310 2066 Ζωῆς
1319 2031 1347 2057 δὲ
1357 2031 1444 2066 ἀρχὴν
1455 2031 1504 2062 τὰς
1514 2031 1602 2065 ψυχὰς
1611 2039 1688 2065 φησι,
1701 2029 1746 2065 (δι’
1755 2030 1846 2055 αὑτῶι

1055 2077 1110 2111 γὰρ
1120 2075 1155 2102 τὰ
1169 2077 1208 2108 εἰς
1219 2076 1291 2111 ζωὴν
1302 2076 1436 2111 ἐρχόμενα
1445 2075 1558 2111 σώματα
1569 2075 1658 2108 ζῶντά
1678 2076 1732 2101 εἰσι
1744 2076 1792 2101 καὶ
1802 2084 1844 2101 κι-

1053 2123 1181 2157 νοῦνται·)
1203 2123 1275 2158 ζωῆς
1288 2122 1315 2148 δὲ
1330 2122 1422 2149 οὐσίαν
1444 2122 1529 2153 αὑτὰς
1551 2121 1611 2148 καθ’
1629 2121 1714 2153 αὑτὰς
1732 2121 1783 2153 τὰς
1795 2121 1846 2155 ψυ-

1053 2168 1102 2203 χὰς
1121 2169 1168 2195 καὶ
1185 2168 1234 2200 τὰς
1254 2168 1351 2203 νοητὰς
1361 2168 1498 2203 δυνάμεις·
1519 2165 1608 2202 (αὗται
1627 2167 1682 2203 γάρ
1701 2168 1754 2193 εἱσι
1777 2167 1846 2199 ζωαὶ

1052 2214 1178 2245 ὲνούσιοι,
1206 2213 1252 2240 καὶ
1272 2213 1452 2248 αὑτοκίνητοι,
1474 2212 1520 2238 καὶ
1543 2211 1694 2246 ἀθάνατον)
1718 2208 1800 2238 αὗται
1817 2211 1844 2236 δὲ

1012 2253 1033 2280 Ῑ)
1047 2259 1077 2292 ἐξ
1093 2260 1176 2295 αὐτῆς
1187 2260 1236 2295 τῆς
1253 2259 1322 2294 ὑπὲρ
1337 2259 1425 2285 πᾶσαν
1441 2257 1512 2293 ζωὴν
1525 2257 1598 2289 θείας
1613 2257 1686 2291 ζωῆς
1706 2257 1752 2283 καὶ
1765 2257 1842 2288 ζῶσι,

1049 2305 1096 2330 καὶ
1111 2304 1210 2335 ζωοῦσι
1232 2304 1266 2330 τὰ
1284 2304 1408 2340 σώματα,
1430 2305 1458 2330 ἐν
1515 2304 1548 2338 τῇ
1575 2302 1635 2338 θεία
1656 2303 1723 2338 ζωῇ,
1746 2303 1770 2328 εἰ
1797 2303 1843 2328 καὶ

1050 2350 1144 2377 πολλαί
1159 2352 1211 2377 εἰσι
1226 2350 1294 2382 ζωαὶ
1316 2351 1362 2377 καὶ
1378 2350 1517 2386 ὁμώνυμοι
1541 2350 1568 2375 αἱ
1594 2349 1654 2375 καθ’
1675 2349 1758 2384 ἡμᾶς,
1785 2348 1842 2374 ἀλλ’

1048 2394 1093 2423 οὖν
1111 2396 1232 2428 ὲνοειδῶς
1250 2397 1296 2423 καὶ
1310 2396 1379 2422 κατὰ
1399 2396 1461 2430 μίαν
1475 2395 1524 2431 τὴν
1536 2394 1655 2429 ζωτικὴν
1670 2394 1760 2420 αἰτίαν
1774 2402 1841 2427 ’προ-

1049 2443 1218 2476 ὓφίστανται.
1241 2443 1269 2468 '0
1288 2440 1333 2469 οὖν
1349 2442 1425 2473 θεὸς,
1448 2441 1486 2472 ὠς
1502 2440 1587 2472 αἴτιος
1605 2440 1652 2466 καὶ
1673 2439 1840 2474 συμπληρω-

1048 2490 1122 2520 τικὸς
1132 2490 1188 2524 τῆς.
1199 2488 1272 2524 ζωῆς
1285 2488 1372 2524 ἡμῶν,
1393 2488 1431 2519 ὡς
1450 2487 1575 2522 συνοχεὺς
1600 2486 1646 2513 καὶ
1665 2485 1839 2521 ἕιαιρετικὸς,

1047 2535 1084 2567 ὡς
1098 2535 1225 2568 διατάξας
1245 2535 1342 2570 δηλαδὴ
1353 2534 1403 2566 τὰς
1414 2533 1545 2568 διαφορὰς
1558 2533 1668 2567 ἀπάσης
1682 2531 1766 2567 ζωῆς,
1778 2541 1841 2567 νοη-

1047 2582 1110 2613 τῶν,
1123 2581 1249 2615 λογικῶν,
1267 2580 1442 2616 αἰσθητικῶν,
1460 2578 1625 2614 αὑξητικῶν,
1644 2579 1714 2614 ἀρχὴ
1730 2578 1839 2605 πάντων

1048 2628 1130 2654 ἐστίν.
1155 2627 1340 2662 Ἐνοεωρεῖται
1355 2627 1383 2653 δὲ
1399 2627 1492 2662 ἁπάσῃ
1505 2626 1560 2661 ζωῇ
1577 2625 1646 2652 κατά
1660 2625 1709 2660 τὴν
1726 2624 1838 2658 πολυγο-

1047 2674 1106 2700 νίαν
1120 2674 1166 2700 καὶ
1176 2673 1224 2709 τὴν
1244 2673 1380 2699 ποικιλίαν
1394 2673 1443 2708 τῆς
1462 2672 1534 2707 ζωῆς
1543 2681 1550 2686 -
1561 2671 1628 2706 ἄλλη
1645 2670 1699 2706 γὰρ
1711 2669 1836 2704 ἀγγέλου,

1047 2719 1091 2745 καὶ
1101 2718 1167 2753 ἄλλη
1176 2717 1329 2754 ἀνθρώπου,
1339 2719 1385 2744 καὶ
1399 2717 1465 2752 ἄλλη
1476 2717 1583 2751 ἀλόγου,
1595 2716 1643 2743 καὶ
1651 2715 1718 2750 ἄλλη
1735 2714 1818 2749 φυτοῦ
1827 2722 1833 2727 ·

1046 2763 1089 2790 διὰ
1097 2763 1174 2790 τοῦτο
1189 2763 1358 2799 ὲνοεωρεῐται
1373 2762 1529 2798 παντοδαπὴ
1544 2763 1590 2789 καὶ
1603 2762 1712 2796 ποικίλη
1722 2762 1739 2797 ὴ
1748 2760 1834 2787 ὲνιαία

1046 2819 1074 2836 τε
1087 2810 1133 2836 κικῖ⁴
1147 2809 1230 2844 ἁπλῆ,
1242 2811 1258 2845 ή
1277 2810 1414 2846 ἀνενδεὴς,
1430 2810 1527 2846 μᾶλλον
1541 2809 1568 2836 δὲ
1580 2810 1626 2835 καὶ
1641 2807 1832 2843 ὑπερπλήρης·

1045 2857 1075 2882 οὑ
1084 2856 1240 2892 γὰρὶκανὸν
1258 2858 1303 2884 ἐπὶ
1315 2857 1415 2892 ταύτης
1436 2857 1465 2882 τὸ
1486 2855 1607 2885 ἀνενδεὲς
1630 2855 1718 2888 λέγειν
1731 2874 1737 2883 ,
1767 2853 1833 2879 ἀλλὰ

1047 2902 1206 2936 προσθετέον
1220 2904 1267 2929 καὶ
1286 2903 1315 2928 τὸ
1335 2902 1521 2938 ὑπερπλήρης,
1544 2900 1609 2927 καθὸ
1623 2901 1652 2927 τὸ
1667 2900 1767 2933 ἀγαθὸν
1784 2899 1831 2934 τῆς
