1929 3061
70 160 117 189 869

589 159 633 187 DE
649 159 777 187 DIVINIS
792 158 994 192 NOMlNlBUS,
1010 157 1086 186 CAP.
1105 157 1162 186 νη.

1649 155 1702 186 870

70 219 102 245 τὶ
114 218 167 245 θεῖα
179 217 337 254 θεοπρεπῶς
355 219 474 254 νοητέον,
491 218 527 245 Τὸ
548 219 602 254 γὰρ
623 219 703 246 ἄνουν
717 219 763 245 καὶ
780 217 856 245 ἀναι-

913 218 1044 253 piomodo
1066 218 1196 253 percipiat
1221 216 1343 248 sensilia.
1359 217 1381 243 si
1406 224 1487 252 supra
1509 223 1620 245 sensum
1641 225 1702 245 om-

71 265 160 300 σθητον
175 265 234 291 καθ’
256 265 402 301 ὑπεροχὴν,
420 266 450 292 οὐ
466 266 526 292 κατ’
547 265 664 300 ἔλλειψιν
685 266 731 292 ἐπὶ
750 264 818 290 Θεοῦ
833 265 855 280 ¹¹

71 311 190 338 τακτέονν
205 311 301 347 ὥσπερ
318 313 365 338 καὶ
385 312 416 339 τὸ
435 312 533 346 ἄλογον
550 312 712 348 ἀνατίθεμεν
726 311 765 348 τῷ
787 312 859 346 ὑπὲρ

67 358 150 392 λόγον,
165 358 210 384 καὶ
224 358 273 393 τὴν
294 357 418 386 ἀτέλειαν
440 358 480 394 τῷ
504 359 650 395 ὑπερτελεῖ
661 360 684 375 ¹¹
698 359 745 385 καὶ
762 367 860 395 προτε-

70 403 143 440 λεὶῳ·
159 403 205 431 καὶ
227 404 273 430 τὸν
295 405 386 441 ἀναφῆ
405 405 453 432 καὶ
474 405 589 441 ἀόρατον
606 405 706 440 γνόφον
727 404 766 440 τῴ
790 404 860 440 φωτὶ

56 449 105 488 ’τῷ
123 448 267 485 ἀπροσίτῳ,
293 449 354 476 καθ’
379 450 515 486 ὑπεροχὴν
536 450 583 477 τοῦ
604 450 704 486 ὁρατοῦ
720 451 744 467 ’³
759 451 857 486 φωτός.

57 499 63 516 t'
71 495 144 521 Ὥστε
158 496 171 521 ὁ
186 495 256 527 θεῖος
270 495 332 528 νοῦς
347 497 436 523 πάντα
457 496 564 532 συνέχει
583 498 616 533 τῇ
631 497 741 524 πάντων
757 497 858 533 ἐξῃρη-

71 539 133 576 μένη
147 540 254 575 γνώσει,
276 542 346 568 κατὰ
369 542 419 578 τὴν
434 542 543 570 πάντων
559 543 647 570 αἰτίαν
661 544 690 570 ὲν
709 543 797 578 ἑαυτῴ
811 543 859 578 τὴν

69 587 169 613 πάντων
179 586 280 622 εἴδησιν
302 588 489 624 προειληφὼς,
510 589 574 625 πρὶν
589 589 720 623 ἀγγέλους
734 589 859 623 γενέσθαι

71 631 144 663 εἰδὼς
167 632 213 659 καὶ
236 634 368 669 παράγων
388 633 530 668 ἀγγέλους,
555 635 602 660 καὶ
628 634 715 661 πάντα
733 633 768 660 τὰ
792 633 859 660 ἄλλα

69 677 166 704 ἔνδοθεν
189 679 236 705 καὶ
263 679 310 705 ἀπ’
331 679 426 714 αὐτῆς,
448 679 482 706 ἶν’
501 679 587 711 οὕτως
610 679 690 710 εἴπω,
703 680 753 715 τῆς
771 679 859 714 ἀρχῆς

68 721 150 754 εἰδὼς,
163 723 209 750 καὶ
219 724 259 755 εἰς
281 723 374 750 οὐσίαν
388 724 461 758 ἄγων
471 732 478 738 ”
496 724 542 751 καὶ
561 724 639 751 τοῦτο
652 722 727 760 οἶμαι
743 725 859 760 παραδι-

67 768 136 795 δόναι
151 769 180 796 τὸ
194 769 302 804 Λόγιον,
317 770 417 797 ὁπόταν
444 771 537 806 φησὶν,
559 770 587 797 Ὁ
611 770 688 803 εἰδὼς
715 770 747 797 τὰ
770 771 859 798 πάντα

68 815 129 849 πρὶν
142 815 274 848 γενέσεως
288 815 390 842 αὐτῶν.
405 816 442 842 Οὺ
456 815 512 851 γὰρ
526 817 558 842 ἐκ
573 815 626 842 τῶν
643 815 727 842 ὅντων
740 815 774 842 τὰ
794 815 858 842 ὂντα

69 858 216 894 μανοάνων,
230 857 299 886 οἶδεν
318 860 332 886 ὁ
348 859 418 892 θεῖος
431 859 504 892 νοῦς,
517 860 574 887 ἀλλ’
596 859 626 892 ἐξ
647 859 740 892 αὑτοῦ,
755 859 803 887 καὶ
828 861 857 886 ἐν

913 272 974 292 nem
994 264 1029 290 sit
1045 263 1212 291 collocutus?
1239 262 1314 296 atqui
1339 261 1451 296 Eloquia
1480 261 1591 289 tradunt
1614 261 1700 289 Deum

910 310 1000 338 omnia
1024 317 1116 342 nosse.
1142 310 1264 344 nihilque
1285 309 1403 336 divinam
1427 308 1546 343 ell‘ugere
1567 308 1686 342 cognitio

910 364 987 389 nem;
1010 364 1123 390 verum,
1145 360 1175 383 ut
1197 362 1383 389 saepenumero
1408 354 1482 386 dixi,
1505 354 1595 381 divina
1623 358 1702 388 prout

910 403 965 431 Deo
985 407 1143 438 competunt
1167 400 1324 436 accipienda
1348 405 1421 427 sunt.
1443 399 1511 427 Nam
1534 401 1650 427 amentia
1675 406 1703 426 et

910 449 1089 482 insensilitas,
1108 456 1158 483 per
1176 455 1332 480 excessum.
1351 455 1402 474 non
1425 454 1472 481 per
1495 446 1629 474 delectum
1648 446 1703 473 Deo

912 496 1086 527 tribuuntur;
1104 495 1174 522 sicut
1195 494 1276 521 etiam
1300 493 1414 520 rationis
1435 492 1584 519 carcntiam
1608 492 1631 519 ei
1656 491 1702 526 qui

909 549 990 577 supra
1008 542 1140 569 rationem
1159 545 1202 568 est
1217 540 1403 570 attribuimus,
1423 543 1451 565 et
1471 538 1702 572 itupert‘ectionem

909 596 1074 624 supraquam
1090 587 1213 623 perfecto
1231 595 1262 614 ac
1284 586 1483 621 przeperl'ecto;
1503 591 1531 612 et
1545 585 1702 619 caliginem,

909 642 968 669 qua:
985 638 1083 661 tactum
1103 634 1245 666 visumque
1256 631 1352 667 fugiat,
1366 631 1419 658 luci
1438 631 1585 658 inaccessm
1597 638 1705 657 accom-

913 681 1065 711 modamus,
1084 679 1233 707 secundum
1250 679 1321 713 quod
1337 678 1447 706 eXtrellit
1463 678 1549 704 lucem
1566 676 1703 711 spectabi-

909 728 972 755 lem.
985 726 1080 761 itaque
1093 733 1170 752 meus
1182 724 1272 752 divina
1286 723 1493 759 comprehendit
1508 723 1599 749 omnia
1612 722 1704 756 cogni-

910 774 982 801 tione
1001 773 1119 808 quadam
1133 771 1282 803 eminenti,
1300 778 1353 805 qua
1382 770 1531 797 secundum
1560 768 1704 803 ipsammet

908 820 1029 847 omnium
1051 825 1161 846 causam
1176 817 1203 844 in
1218 825 1247 844 se
1258 817 1379 844 omnium
1400 816 1583 851 cognitionem
1606 814 1704 841 antici—

908 870 964 901 pat,
980 866 1141 900 priusquam
1163 864 1250 900 angeli
1275 863 1371 890 fierent
1391 869 1559 897 cognoscens
1581 861 1704 897 angelos,

68 905 149 940 αὐτῷ,
167 905 226 931 κατ’
245 905 334 932 αἰτίαν
348 905 398 942 τὴν
420 907 528 933 πάντων
543 906 655 942 εἴδησιν,
680 907 727 933 καὶ
745 906 856 945 γνῶσιν,

913 921 1012 948 eosque
1037 919 1149 946 crcans,
1165 916 1318 945 cmteraque
1341 910 1432 936 omnia
1447 909 1522 935 intus
1540 912 1568 934 et
1586 907 1620 934 ab
1635 907 1704 941 ipso.

68 950 112 976 καὶ
127 950 219 976 οὐσίαν
239 951 349 987 προέχει
376 951 423 978 καὶ
441 952 666 988 προσυνείληφεν,
686 953 716 978 οὐ
739 953 799 979 κατ’
819 972 821 976 .
837 954 860 979 ἰ-

67 995 126 1022 δέαν
139 995 262 1028 ἑκάστοις
283 996 445 1029 ἐπιϐάλλων,
466 997 533 1024 ἀλλὰ
548 997 620 1024 κατὰ
637 997 701 1033 μίαν
709 998 758 1033 τῆς
771 998 859 1030 αἰτίας

69 1042 195 1077 περιοχὴν
217 1042 252 1069 τὰ
271 1043 360 1070 πάντα
381 1043 458 1075 εἰδὼς
476 1045 522 1071 καὶ
547 1044 681 1079 συνέχων·
703 1044 797 1079 ὥσπερ
813 1045 860 1072 καὶ

65 1088 96 1115 τὸ
110 1088 165 1122 φῶς
183 1089 243 1115 κατ’
254 1089 343 1116 αἰτίαν
357 1090 385 1116 ὲν
397 1089 487 1125 ἑαυτῷ
497 1090 546 1125 τὴν
561 1090 663 1126 εἴδησιν
678 1089 726 1117 τοῦ
748 1090 860 1122 σκότους

68 1133 226 1169 προείληφεν
238 1134 272 1167 ⁸⁸,
283 1135 333 1161 οὐκ
349 1135 460 1163 ἄλλοθεν
473 1136 550 1168 εἰδὼς
560 1136 591 1163 τὸ
608 1136 702 1168 σκότος
718 1136 734 1172 ἢ
747 1137 800 1163 ἀπὸ
813 1135 859 1163 τοῦ

67 1177 162 1210 φωτός.
180 1178 294 1214 Ἐαυτὴν
305 1176 381 1215 οὗνὴ
397 1179 458 1207 θεία
483 1180 562 1215 σοφία
582 1180 762 1215 γινώσκουσα,
789 1180 859 1216 γνὼ-

67 1230 141 1249 σεται
158 1224 179 1239 ’⁵
193 1224 291 1257 πάντα,
312 1225 402 1258 ὰΰλως
420 1226 455 1252 τὰ
475 1226 566 1259 ὑλικὰ,
583 1227 630 1253 καὶ
652 1227 807 1263 ἁμερίστως
826 1227 860 1254 τὰ

67 1272 192 1307 μεριστὰ,
207 1273 253 1299 καὶ
265 1273 299 1300 τὰ
313 1273 398 1301 πολλὰ
410 1275 528 1307 ὲνιαίως,
539 1274 612 1310 αὺτῷ
623 1274 662 1310 τῷ
673 1275 713 1301 ἐνὶ
723 1275 758 1302 τὰ
772 1276 860 1302 πάντα

66 1317 112 1343 καὶ
132 1317 302 1352 γινώσκουσα
323 1320 370 1346 καί
392 1321 570 1356 παράγουσα·
597 1322 645 1348 καὶ
669 1321 724 1357 γὰρ
743 1323 767 1348 εἰ
791 1322 860 1348 κατὰ

68 1362 131 1397 μίαν
147 1364 234 1391 αἰτίαν
252 1365 266 1390 ὁ
285 1365 351 1398 Θεὸς
366 1366 434 1393 πᾶσι
450 1368 507 1398 τοῖς
526 1364 586 1393 οὖσι
601 1367 648 1394 τοῦ
667 1365 736 1394 εἶναι
753 1367 860 1402 μεταδί-

65 1407 142 1440 δωσι,
158 1410 227 1437 κατὰ
247 1410 297 1446 τὴν
321 1411 408 1447 αὐτὴν
434 1412 528 1448 ἑνικὴν
545 1413 635 1440 αἰτίαν
647 1413 749 1440 οἴσεται
772 1414 861 1441 πάντα

65 1454 104 1486 ὼς
116 1454 144 1488 ἐξ
157 1455 252 1483 ἑαυτοῦ
265 1457 339 1490 ὄντα,
357 1458 404 1485 καὶ
418 1459 446 1485 ἐν
466 1459 554 1494 ἐαυτῷ
571 1460 593 1475 ²⁶
621 1460 856 1496 προῦφεστηκάτα,

65 1500 115 1526 καὶ
131 1500 182 1527 οὐκ
203 1502 236 1528 ὲκ
260 1502 314 1529 τῶν
334 1503 419 1531 ὅντων
434 1504 547 1541 λήψεται
568 1505 619 1542 τὴν
641 1505 730 1532 αὐτῶν
748 1505 859 1540 γνῶσιν,

65 1546 136 1573 ἀλλὰ
150 1547 197 1574 καὶ
209 1548 299 1581 αὐτοῖς
313 1549 439 1583 ἑκάστοις
455 1550 509 1577 τῶν
521 1551 621 1583 αὐτῶν,
640 1552 686 1578 καὶ
705 1551 795 1584 ἄλλοις
811 1551 861 1587 τῆς

65 1592 154 1620 ἄλλων
164 1594 290 1628 γνώσεως
304 1595 381 1624 ἔσται
392 1598 519 1633 χορηγός.
534 1598 591 1625 Οὐκ
606 1598 660 1634 ἄρα
686 1599 700 1625 ὁ
716 1598 782 1630 Θεὸς
797 1598 865 1626 ἰδίαν
878 1593 900 1624 C

65 1638 123 1673 ἔχει
137 1639 187 1676 τὴν
212 1641 309 1668 ἑαυτοῦ
332 1643 443 1677 γνῶσιν,
469 1644 566 1680 ἑτέραν
587 1644 616 1671 δὲ
635 1645 685 1679 τὴν
708 1647 784 1681 κοινῇ
794 1646 816 1662 ⁸⁷
827 1646 862 1673 τὰ

64 1684 130 1712 ὄντα
143 1685 234 1713 πάντα
248 1687 485 1724 συλλαμϐάνουσαν
494 1698 501 1705 ”
516 1689 583 1726 αὐτὴ
594 1690 649 1726 γὰρ
659 1691 757 1727 ἑαυτὴν
768 1692 785 1727 ἡ
796 1692 863 1719 πάν-

63 1739 121 1758 των
142 1732 216 1759 αἰτία
234 1733 415 1768 γινώσκουσα,
432 1735 512 1772 σχολῇ
526 1745 577 1763 που
594 1737 628 1763 τὰ
643 1737 690 1763 ἀπ’
705 1737 800 1773 αὐτῆς,
816 1738 862 1764 καὶ

64 1774 104 1803 ὧν
124 1778 198 1804 ἐστιν
217 1779 300 1811 οιίτία⁷
319 1781 457 1817 ἀγνοήσει.
476 1782 567 1818 Ταύτῃ
588 1782 652 1817 γοῦν
667 1783 690 1799 ’⁸
706 1783 720 1809 ὁ
743 1783 809 1815 Θεὸς
827 1783 862 1810 τὰ

63 1824 131 1851 ὄντα
144 1825 284 1860 γινώσκει,
304 1828 334 1853 οὺ
349 1829 382 1863 τῇ
400 1829 540 1866 ἐπιστήμῃ
554 1829 609 1855 τῶν
626 1829 719 1862 ὅντων,
736 1830 804 1857 ἀλλὰ
828 1832 862 1866 τῇ

63 1871 182 1897 ἑαυτῶν
204 1872 250 1898 καὶ
270 1872 324 1908 γὰρ
342 1873 389 1900 καὶ
406 1874 468 1906 τοὺς
485 1874 615 1909 ἀγγέλους
629 1875 727 1902 εἰδέναι
746 1876 813 1911 φησὶ
829 1876 864 1902 τὰ

62 1916 153 1951 Λόγια
173 1917 207 1944 τὰ
225 1918 271 1944 ἐπὶ
283 1920 332 1955 τῆς
353 1919 416 1955 γῆς,
439 1920 468 1947 οὐ
492 1922 553 1947 κατ’
569 1921 709 1957 αἰσθήσεις
735 1921 804 1948 αὐτὰ
823 1931 865 1956 γι-

63 1960 231 1995 νώσκοντας,
249 1963 366 2000 αἰσθητά
383 1973 416 1999 γε
431 1964 504 1999 ὅντα,
521 1964 581 1993 κατ’
596 1967 699 1994 οἰκείαν
712 1966 741 1993 δὲ
752 1966 799 1994 τοῦ
809 1967 865 1994 (latr

62 2006 154 2039 ειδοῦς
165 2008 211 2035 νοῦ
222 2008 335 2045 δύναμιν
347 2011 394 2037 καὶ
407 2011 496 2046 φύσιν.

911 966 939 986 ιιι
958 960 993 986 ita
1011 959 1111 991 dicam,
1136 957 1247 984 exordio
1274 963 1401 988 noscens,
1417 960 1444 982 et
1464 955 1489 981 in
1515 961 1605 981 rerum
1627 958 1705 980 natu-

912 1013 969 1033 ratu
987 1004 1145 1040 proferens;
1165 1004 1246 1037 idque
1272 1002 1392 1029 arbitror
1416 1000 1586 1034 Scripturam
1601 998 1705 1034 signiti-

911 1060 984 1084 care,
1000 1059 1060 1079 cum
1079 1051 1134 1077 ait:
1151 1050 1202 1082 Qui
1218 1048 1294 1076 novit
1311 1047 1401 1074 omnia
1415 1047 1574 1081 priusquam
1595 1044 1703 1071 ﬁantm.

911 1097 969 1124 Non
983 1097 1055 1124 enim
1072 1103 1104 1123 ex
1124 1095 1205 1123 rebus
1220 1095 1286 1129 ipsis
1302 1101 1346 1121 res
1367 1093 1487 1122 discens,
1504 1090 1580 1118 novit
1594 1097 1642 1116 eas
1662 1089 1704 1115 di-

911 1145 1073 1174 vinantem,
1095 1142 1141 1169 sed
1167 1149 1199 1168 ex
1219 1141 1307 1174 seipsa
1333 1144 1359 1166 et
1384 1138 1410 1165 in
1435 1138 1535 1172 seipsa,
1557 1136 1704 1164 secundum

911 1196 1020 1216 causam
1041 1188 1162 1215 omnium
1183 1187 1335 1218 scientiam,
1353 1190 1381 1212 et
1402 1184 1553 1215 notionem,
1571 1187 1598 1209 et
1611 1188 1706 1209 essen-

911 1236 978 1263 tiam
992 1235 1140 1270 przehabet,
1162 1238 1189 1261 et
1208 1237 1272 1260 ante
1285 1230 1504 1266 comprehendit,
1517 1236 1570 1256 non
1590 1227 1706 1263 singulis

911 1281 1059 1310 secundum
1074 1280 1204 1315 cujusque
1227 1278 1345 1313 speciem
1371 1276 1525 1309 intendens,
1544 1275 1590 1302 sed
1606 1282 1704 1301 secun-

911 1327 974 1354 dum
991 1327 1099 1354 unicam
1116 1333 1204 1353 causae
1225 1323 1440 1359 complexionem
1453 1326 1550 1349 cuncta
1573 1320 1663 1347 sciens
1678 1322 1707 1345 et

911 1373 1071 1405 continens;
1087 1372 1157 1400 sicut
1173 1376 1200 1398 et
1214 1370 1258 1397 lux
1283 1370 1433 1397 secundum
1448 1375 1559 1395 causam
1582 1368 1707 1393 tenebra-

912 1428 971 1448 rum
986 1420 1121 1447 notiouem
1136 1417 1278 1452 anticipat,
1294 1424 1347 1443 non
1365 1415 1476 1442 aliunde
1493 1421 1575 1448 quam
1595 1420 1629 1439 ex
1644 1412 1704 1439 luce

913 1467 1041 1494 tenebras
1055 1472 1182 1492 noscens.
1203 1463 1326 1497 Seipsam
1351 1461 1434 1496 igitur
1457 1461 1547 1488 divina
1572 1459 1707 1493 sapientia

913 1519 1041 1543 noscens,
1067 1511 1135 1538 sciet
1155 1509 1263 1541 omnia;
1281 1507 1435 1535 materialia
1457 1507 1516 1534 sine
1535 1506 1660 1537 materia,
1681 1509 1708 1531 et

914 1556 1028 1583 indivise
1045 1554 1204 1587 divisibilia,
1216 1558 1243 1580 et
1258 1553 1337 1579 unice
1357 1552 1452 1582 multa,
1474 1551 1532 1585 ipso
1549 1558 1602 1577 ttno
1615 1549 1707 1576 omnia

917 1607 943 1629 et
965 1609 1134 1637 cognoscens
1165 1605 1191 1628 et
1216 1600 1387 1635 produccns;
1417 1605 1479 1624 nam
1506 1597 1528 1623 si
1557 1596 1707 1623 secundum

915 1657 997 1678 unam
1009 1655 1120 1676 causam
1141 1647 1210 1673 Deus
1238 1645 1365 1672 ouiuibus
1386 1651 1445 1671 esse
1463 1643 1593 1676 impertit,
1607 1649 1706 1669 secun-

916 1697 978 1723 dum
992 1694 1116 1722 eamdem
1131 1692 1238 1720 unicam
1254 1699 1363 1719 causam
1382 1691 1450 1718 sciet
1465 1689 1555 1716 omnia
1578 1694 1707 1723 tanquam

915 1750 949 1769 ex
963 1749 993 1768 se
1004 1739 1174 1772 exsistentia,
1186 1743 1212 1766 et
1224 1738 1250 1764 in
1262 1738 1351 1771 seipso
1365 1741 1428 1763 ante
1442 1735 1667 1770 praeexsistcntia,
1680 1738 1708 1760 et

917 1794 970 1813 non
985 1793 1017 1813 cx
1032 1785 1114 1812 rebus
1130 1791 1221 1811 rerum
1237 1782 1354 1817 accipiet
1375 1781 1524 1812 notionem,
1539 1780 1585 1807 sed
1599 1784 1627 1806 et
1641 1779 1707 1814 ipsis

917 1830 1033 1866 singulis
1054 1830 1173 1864 ipsarum
1193 1828 1306 1862 aliisque
1326 1827 1440 1853 aliarum
1465 1825 1588 1852 notitiam
1607 1824 1706 1858 largie-

919 1881 974 1904 tur.
997 1875 1054 1903 Non
1077 1875 1159 1902 habet
1177 1874 1270 1909 itaque
1287 1874 1357 1900 Deus
1378 1871 1543 1906 peculiarem
1564 1870 1708 1897 scientiam

919 1923 973 1954 sui,
987 1922 1066 1949 aliam
1079 1929 1144 1949 vero
1154 1927 1326 1948 communem
1351 1927 1395 1947 res
1415 1925 1510 1945 omnes
1526 1916 1709 1951 complecten-

920 1974 984 2002 tem;
1003 1969 1060 2003 ipsa
1075 1967 1146 1995 enim
1159 1968 1280 1995 omnium
1299 1973 1379 1993 causa
1397 1965 1514 1999 seipsatn
1531 1970 1706 1999 cognoscens,

917 2013 992 2040 nullo
1004 2012 1084 2048 461
1098 2012 1178 2039 modo
1192 2019 1223 2038 ea
1240 2019 1300 2046 quae
1317 2011 1351 2038 ab
1367 2012 1436 2045 ipsa,
1455 2014 1483 2037 et
1497 2016 1612 2044 quorum
1627 2015 1708 2035 causa

62 2069 118 2118 est,
132 2065 281 2118 ignorabit.
299 2068 354 2097 Hac
369 2070 449 2106 igitur
467 2071 538 2099 Deus
562 2080 605 2100 res
633 2081 814 2109 cognoscens,
828 2081 881 2101 non
901 2073 1016 2101 scicntia
1043 2080 1144 2106 rerum,
1174 2072 1220 2099 sed
1244 2071 1358 2099 scientia
1376 2070 1505 2105 suiipsius
1524 2070 1595 2104 ipsas
1616 2069 1707 2101 novit;

61 2114 169 2139 etenim
185 2114 295 2149 angelos
315 2124 422 2151 quoque
444 2117 584 2153 Scriptura
601 2125 716 2147 testatur
732 2128 763 2148 ea
787 2121 858 2148 scire
875 2128 936 2155 qua:
959 2119 985 2146 in
1009 2123 1080 2146 terra
1107 2123 1182 2152 sunt,
1196 2126 1249 2145 non
1270 2118 1420 2145 secundum
1433 2124 1529 2145 sensus
1548 2116 1592 2144 illa
1606 2125 1710 2152 cogno—

62 2163 179 2187 scentes
195 2167 256 2196 qute
281 2163 420 2191 sensibilia
449 2169 524 2197 sunt,
537 2164 584 2193 sed
603 2166 752 2194 secundum
774 2166 905 2193 virtutem
921 2172 954 2192 ac
966 2169 1090 2191 naturam
1103 2163 1202 2192 mentis
1215 2162 1366 2192 deiformis.

844 2246 858 2282 θ
878 2244 935 2274 III.

107 2312 212 2338 Ἐπὶ-δὲ
222 2321 326 2345 τουτοις
339 2313 456 2350 ζητῆσαι
469 2315 531 2351 χρὴ,
542 2316 600 2348 πῶς
611 2317 690 2352 ἡμεῖς
702 2317 768 2344 Θεὺν
778 2317 860 2352 γινώ-

61 2365 181 2391 σκομεν,
190 2358 250 2384 οὐδὲ
257 2359 361 2394 νοητὸν,
372 2361 432 2386 οὐδὲ
441 2361 578 2397 αἰσθητὸν,
588 2363 649 2389 οὐδέ
655 2372 681 2389 τι
688 2363 800 2390 καθόλου
807 2364 861 2390 τῶν

59 2402 152 2429 ὄντων
159 2404 182 2418 ’θ
188 2403 261 2431 ὄντα.
269 2406 382 2441 Μήποτε
389 2405 435 2434 οὖν
443 2408 541 2443 ἀληθὲς
547 2409 644 2442 εἰπεῖν,
652 2411 692 2437 ὅτι
705 2411 771 2438 Θεὸν
781 2411 862 2446 γινώ-

59 2458 171 2485 σκομεν
181 2450 231 2477 οὐκ
240 2452 328 2487 ἐκτῆς
335 2453 417 2479 αὑτοῦ
425 2454 446 2469 ³⁰
453 2455 569 2488 φύσεως,
579 2455 727 2491 (ἄγνωστον
737 2457 791 2493 γὰρ
803 2457 864 2484 τοῦ-

57 2503 103 2526 το,
118 2496 168 2522 καὶ
180 2496 267 2523 πάντα
278 2497 356 2533 λόγον
366 2500 412 2526 καὶ
425 2500 487 2527 νοῦν
498 2501 646 2538 ὑπεραῖρον
658 2504 684 2539 ·)
698 2503 754 2530 ἀλλ’
768 2505 801 2531 ὲκ
811 2505 860 2540 τῆς

58 2541 178 2586 πάντων
193 2541 248 2569 τῶν
260 2543 343 2570 ὄντων
356 2544 514 2579 διατάξεως,
526 2547 563 2579 ὡς
575 2547 604 2581 ἐξ
614 2549 695 2576 αὐτοῦ
709 2549 860 2586 προϐεϐλη-

58 2583 164 2619 μένης,
180 2585 228 2611 καὶ
240 2585 348 2617 εἰκόνας
364 2587 440 2619 τινὰς
455 2589 501 2615 καί
520 2590 680 2626 ὁμοιώματα
702 2583 757 2618 τῶν
780 2583 860 2619 Oeten:

57 2628 149 2656 αὑτοῦ
168 2631 398 2668 παραδειγμάτων
410 2635 535 2671 ἐχούσης,
554 2638 594 2669 εἰς
604 2637 636 2665 τὸ
646 2638 776 2666 ἐπέκεινα
791 2639 860 2667 πάν-

97 2691 119 2705 ηι
140 2687 209 2718 Dan.
231 2696 292 2722 xm,
309 2689 354 2718 42.

952 2316 1085 2344 Prmterea
1112 2316 1287 2352 quaerendum
1314 2320 1367 2349 est,
1395 2316 1533 2351 quomodo
1553 2323 1602 2344 nos
1618 2317 1702 2344 Deum

916 2372 1123 2400 cognoscamus,
1141 2365 1186 2400 qui
1199 2371 1290 2398 neque
1303 2371 1386 2392 sensu
1401 2364 1549 2398 percipitur
1564 2372 1615 2392 nec
1626 2365 1707 2392 intel-

917 2411 1039 2447 ligentia,
1054 2416 1082 2439 et
1097 2411 1164 2438 nihil
1176 2411 1289 2438 omnino
1299 2415 1342 2437 est
1353 2418 1387 2437 ex
1401 2411 1434 2437 iis
1446 2418 1506 2445 qua:
1518 2414 1590 2437 sunt.
1602 2411 1642 2438 An
1653 2419 1705 2438 non

917 2457 1006 2492 potius
1026 2464 1091 2484 vere
1109 2456 1228 2488 dicatur,
1251 2455 1326 2490 quod
1343 2455 1427 2482 Deum
1449 2462 1502 2482 non
1517 2456 1706 2489 cognoscimus

916 2511 948 2530 ex
963 2506 1061 2530 natura
1078 2501 1136 2537 ejus
1151 2502 1189 2537 (id
1203 2501 1275 2529 enim
1289 2501 1360 2535 quod
1381 2505 1478 2528 natura
1495 2501 1554 2536 ejus
1569 2507 1610 2529 est
1631 2502 1707 2528 inco-

914 2549 1018 2583 gnitum
1033 2552 1087 2580 est,
1097 2552 1124 2575 et
1134 2555 1242 2576 omnem
1253 2547 1386 2574 rationem
1396 2555 1428 2574 ac
1440 2553 1560 2575 mentem
1571 2551 1705 2582 supcrat).

914 2595 961 2623 sed
975 2603 1009 2622 ex
1023 2595 1121 2622 ordine
1133 2594 1255 2622 omnium
1271 2601 1374 2628 rerum,
1387 2599 1514 2628 tanquam
1529 2595 1563 2621 ab
1578 2594 1638 2629 ipso
1649 2602 1707 2629 pro-

915 2641 1015 2676 posito,
1032 2647 1060 2668 et
1071 2641 1205 2676 imagines
1220 2641 1350 2676 quasdam
1363 2648 1396 2668 ac
1406 2641 1600 2668 similitudines
1615 2649 1706 2668 exciu-

715 2770 832 2799 VARI/E
853 2771 1057 2802 LECTIONES.

98 2853 123 2868 ’¹
145 2853 192 2879 ἐπὶ
207 2854 253 2880 τοῦ
265 2853 342 2883 Θεοῦ.

388 2859 410 2875 η
428 2858 478 2875 Imu-

99 2859 123 2868 ἰ
145 2859 192 2879 em
207 2862 253 2880 του
265 2859 342 2883 Θεοῦ.
388 2859 410 2875 ’⁸
428 2859 604 2896 ὑπερτελείω,
624 2859 654 2887 S.

57 2897 118 2921 ται,
142 2888 178 2915 Μ.
199 2889 242 2916 Sc.
282 2892 304 2906 "'
322 2893 350 2917 ὲν
369 2893 451 2921 αὑτῶ,
471 2895 499 2921 S.
525 2895 555 2921 Ρ.
580 2887 585 2894 Δ
605 2896 626 2911 ¹⁷
640 2904 654 2921 κ

282 2892 304 2906 ²”
322 2893 350 2917 ὲν
369 2893 451 2929 αὑτῷ⁷
471 2892 499 2922 S.
525 2895 555 2921 Ρ.
580 2892 585 2894 ⁷
605 2896 626 2911 ¹⁷
640 2896 751 2931 κοινήν,
771 2895 799 2924 S.
812 2896 842 2923 Ρ.

693 2860 715 2900 ’ξ’
731 2860 848 2900 τοῖς-ηρη
863 2861 945 2900 Italic!
1007 2862 1134 2900 ἀοράτου,
1153 2864 1188 2891 Μ.
1208 2864 1254 2892 8ο.
1290 2866 1313 2882 ³⁸
1325 2865 1500 2900 παρείληφεν,

883 2897 1002 2934 “rat—.3]
1020 2891 1078 2932 οὖν,
1098 2891 1134 2926 Ρ(
1182 2901 1203 2916 ’³
1221 2900 1274 2927 τῶν
1291 2891 1373 2934 νοητά

1540 2867 1562 2882 ’⁵
1573 2874 1706 2900 γινωσκε-

1182 2901 1203 2916 ³⁸
1221 2900 1274 2927 τῶν
1291 2900 1404 2935 νοητῶν,
1425 2900 1454 2928 S.
1506 2902 1527 2918 ³⁰
1545 2902 1652 2935 ἑαυτοῦ,
1671 2902 1700 2928 Ρ.
