1929 3061
235 149 284 178 ΕΗ

829 149 857 178 S.
877 149 978 178 DIONY
985 149 1026 178 Sll
1044 149 1275 179 AREOPAGIT/E

1815 151 1874 179 8ῖί

235 207 574 241 plariumejusdivinorum
583 207 609 233 in
622 214 652 234 se
663 207 790 238 habente,
809 208 842 234 ad
857 215 1009 242 cognoscen

1075 215 1129 232 των
1152 206 1204 241 ὁδῷ
1218 207 1263 233 καὶ
1277 205 1353 238 ταξει
1366 214 1436 233 κατα
1450 205 1564 242 δύναμιν
1582 206 1692 242 ἅνειμεν
1707 206 1736 233 ὲν
1755 207 1789 242 τῇ
1806 208 1873 234 πάψ

235 254 298 280 dum
322 254 386 280 illud
410 261 544 280 summum
569 253 670 279 bonum
687 257 715 280 et
737 253 859 281 omnium
888 254 1022 280 bonorum

236 300 329 330 linem,
342 300 385 326 via
404 304 431 326 et
446 299 540 325 ordine
561 307 610 333 pro
629 299 731 326 viribus
745 299 918 326 ascendimus
932 299 958 325 in
973 298 1022 326 ab-

235 346 335 373 latione
356 350 384 372 et
404 345 430 372 in
452 345 636 379 superlatione
651 345 786 377 omnium,
812 350 839 372 et
859 345 885 372 in
898 345 1020 372 omnium

234 400 325 418 causa.
340 391 473 424 Quocirca
498 391 567 418 Deus
592 391 618 417 in
633 391 759 418 omnibus
781 391 966 426 cognoscitur.
994 395 1022 417 et

233 438 379 472 separatim
403 437 436 463 ab
456 437 597 469 omnibus;
619 441 646 463 et
667 445 716 470 per
741 437 925 471 cognitionem
950 437 1021 464 Deus

232 484 404 518 cognoscitur
428 491 459 510 ac
478 491 526 517 per
544 483 761 517 ignarationem;
779 488 807 510 et
817 488 859 510 est
873 483 907 510 de
921 490 953 510 eo
972 490 1020 509 co-

231 531 327 565 gnitio,
344 530 425 562 ratio,
447 535 473 556 et
499 530 625 560 scientia,
653 534 680 556 et
698 534 799 561 tactus,
827 535 853 556 et
869 537 978 562 sensus,
993 534 1020 556 et

230 577 332 612 opinio,
349 581 376 603 et
391 576 528 610 cogitatio,
539 581 566 602 et
578 583 688 606 nomen,
702 581 729 602 el
743 576 794 602 alia
811 576 957 608 omnia;et
973 583 1020 602 ne-

229 629 282 656 que
300 621 472 655 intelligitur,
498 628 588 655 neque
607 621 718 653 dicitur,
744 628 832 655 neque
847 622 1017 654 nominatur;

229 675 278 695 nec
293 672 334 694 est
352 667 453 701 aliquid
471 674 563 694 eorum
584 674 643 700 quae
663 672 736 698 sunt,
755 675 805 694 nec
821 668 847 694 in
861 667 950 702 aliquo
970 676 1018 695 eo-

229 721 288 739 rum
310 720 369 745 qua‘.
393 717 457 740 sunt
485 713 676 747 cognoscitur;
706 717 733 740 et
750 713 775 739 in
788 713 915 739 omnibus
926 714 1018 740 omnia

227 765 285 792 est,
299 765 327 786 et
339 759 405 786 nihil
422 760 449 786 in
462 759 531 791 ullo;
554 764 581 786 et
593 767 625 786 ex
641 759 768 786 omnibus
784 761 818 786 ab
832 759 959 787 omnibus
973 767 1018 786 eo-

227 806 379 839 gnoscilur,
397 810 450 832 eta
464 805 537 833 nullo
554 814 586 832 ex
606 805 660 832 ulla
676 813 705 832 re
723 815 729 832 :
744 807 837 840 utique
852 806 884 832 de
900 806 954 833 Deo
966 806 1018 834 ista

227 858 300 880 recte
313 853 442 884 dicimus,
468 857 495 880 et
517 860 551 880 ex
576 853 703 880 omnibus
718 860 827 888 quoque
849 854 931 880 rebus
945 853 1016 881 cele-

226 899 332 930 bratur,
347 899 497 926 secundum
513 899 635 925 omnium
653 906 770 933 quorum
793 899 851 933 ipse
880 907 961 926 causa
976 904 1018 926 est
1032 887 1053 914 Β

225 946 440 980 proportionem.
454 944 502 972 Est
513 946 576 972 item
588 945 760 972 divinissima
773 945 823 971 Dei
835 945 943 978 notitia,
956 953 1017 980 qua:

226 999 274 1026 per
287 992 465 1020 neseientiam
479 993 622 1027 accipitur,
634 992 782 1018 secundum
798 991 883 1022 illam.
896 999 957 1026 quae
971 999 1017 1019 su-

225 1045 273 1072 pra
291 1038 458 1066 intellectum
471 1042 522 1070 est,
533 1038 673 1070 unionem,
683 1037 793 1070 quando
802 1045 889 1069 mens,
904 1046 919 1064 a
935 1037 1016 1064 rebus

224 1083 353 1111 omnibus
364 1085 505 1115 recedens,
520 1091 553 1111 ac
565 1085 673 1110 demum
683 1083 857 1118 semetipsam
872 1083 1014 1114 deserens.

223 1129 340 1164 desuper
353 1129 517 1165 fulgentibus
542 1130 625 1157 radiis
640 1131 743 1162 unitur,
767 1129 864 1165 quibus
876 1129 902 1156 in
914 1129 1013 1157 illoin-

223 1176 365 1203 scrutabili
383 1176 524 1211 sapientize
535 1176 671 1211 profundo
685 1176 870 1203 collustratur.
885 1176 1012 1203 Attamen

222 1221 264 1253 (ut
274 1221 379 1252 dixi)ex
393 1222 425 1248 iis
435 1229 542 1256 quoque
555 1222 680 1249 omnibus
695 1227 738 1249 est
749 1222 931 1256 agnoscenda,
945 1229 1014 1256 quo-

223 1269 294 1294 niam
308 1267 375 1302 ipsa,
390 1269 540 1295 secundum
555 1268 735 1302 Scripturam,
755 1272 798 1294 est
812 1267 934 1294 omnium
947 1267 1013 1294 ell'e-

223 1313 292 1340 t:trix
305 1318 331 1345 ο,
343 1322 458 1348 quaeque
472 1321 579 1349 semper
590 1319 650 1341 erat
661 1319 758 1341 cuncta
768 1320 935 1347 componens
947 1321 970 1345 ο,
986 1318 1014 1341 et

1073 260 1127 278 των
1152 252 1295 286 ἀφαιρέσει
1313 252 1359 278 καὶ
1382 252 1513 287 ὑπεροχῇ,
1529 252 1576 278 καὶ
1595 254 1621 278 ἒν
1643 253 1675 287 τῇ
1695 252 1804 278 πάντων
1826 253 1873 280 αι-

1072 298 1127 333 τίᾳ.
1148 298 1194 323 Διὸ
1210 298 1257 324 καὶ
1268 298 1298 323 ὲν
1315 298 1398 324 πᾶσιν
1415 298 1429 323 ὁ
1446 297 1512 329 Θεὸς
1532 297 1705 331 γινώσκεται,
1718 298 1766 324 καὶ
1780 298 1871 334 χωρὶς

1073 343 1194 370 ττιέιπσιυν¹
1208 344 1253 370 καὶ
1270 343 1314 369 διὰ
1328 342 1454 377 γνώσεως
1468 344 1482 369 ὁ
1497 343 1563 375 Θεὸς
1572 343 1745 378 γινώσκεται,
1758 345 1806 371 καὶ
1821 344 1869 371 διὰ

1072 390 1218 423 ἀγνωσίας,
1237 391 1284 416 καὶ
1303 390 1375 416 ἔστιν
1387 389 1468 416 αὑτοῦ
1483 390 1529 416 καὶ
1542 390 1642 425 vr'rqctg,
1657 391 1703 416 καὶ
1714 389 1802 423 λόγος,
1818 389 1869 416 καὶ

1072 438 1220 472 ἐπιστήμη,
1247 438 1293 463 καὶ
1311 437 1415 472 ἐπαφὴ,
1438 437 1484 463 καὶ
1504 437 1639 472 αἴσθησις,
1659 437 1706 463 καὶ
1727 437 1802 470 δόξα,
1818 437 1868 463 καὶ

1071 483 1214 518 φαντασία.
1230 484 1277 510 κα)¹
1299 484 1394 520 ὄνομα,
1419 483 1514 510 καὶτὰ
1534 484 1601 511 ἄλλα
1624 484 1721 515 πάντα,
1740 485 1787 510 καὶ
1801 484 1867 510 οὔτε

1071 531 1181 560 νοεῖται,
1197 529 1259 556 οὔτε
1274 529 1464 564 λέγεται,οὖτε
1479 530 1640 565 ὀνομάζεται
1653 539 1659 545 ·
1677 530 1723 556 καὶ
1737 530 1788 556 οὐκ
1806 530 1867 556 ἐστι

1070 586 1096 604 τι
1111 577 1165 604 τῶν
1175 577 1269 608 ὄντων,
1281 578 1341 604 οὐδὲ
1351 578 1379 605 ἐν
1390 587 1441 605 τινι
1451 578 1506 606 τῶν
1516 577 1601 604 ὄντων
1615 577 1779 613 γινώσκεται
1790 587 1797 593 ·
1816 578 1867 604 καὶ

1070 624 1099 649 ἐν
1110 624 1176 649 πᾶσι
1188 624 1274 651 πάντα
1285 625 1353 657 ἐστὶ,
1365 625 1412 651 καὶ
1423 626 1451 651 ὲν
1459 625 1546 651 οὐδενὶ
1556 625 1640 657 οὐδὲν,
1652 625 1698 651 καὶ
1709 626 1742 651 ἐκ
1753 625 1866 651 πάντων

1071 670 1136 695 πᾶσι
1150 669 1321 704 γινώσκεται,
1338 671 1384 696 καὶ
1395 670 1423 704 ἐξ
1434 671 1540 702 οὐδενὸς
1554 671 1641 697 οὐδενί
1652 679 1658 684 ·
1672 670 1784 705 καὶγὰρ
1795 669 1867 696 ταῦ-

1068 724 1102 742 τα
1117 716 1204 751 ὀρθῶς
1218 717 1281 751 περὶ
1292 716 1361 742 Θεοῦ
1371 716 1497 752 λέγομεν,
1513 717 1560 743 καὶ
1572 717 1603 742 ἐκ
1614 716 1668 742 τῶν
1678 716 1763 742 ὄντων
1774 715 1868 742 ἀπάν-

1069 769 1122 787 των
1139 762 1265 796 ὑμνεῖται
1288 762 1358 788 κατὰ
1379 762 1428 797 τὴν
1449 763 1556 789 πάντων
1572 761 1714 795 ἀναλογίαν
1733 758 1772 788 ὧν
1787 761 1866 787 ἐστιν

1069 807 1163 838 αἴτιος.
1181 808 1234 834 Καὶ
1251 807 1323 834 ἔστιν
1342 805 1420 839 αὖθις
1438 808 1454 843 ὴ
1472 808 1595 843 θειοτάτη
1608 807 1654 834 τοῦ
1665 807 1732 834 Θεοῦ
1748 806 1863 841 γνῶσις,

1068 854 1084 888 ὴ
1104 854 1137 880 δι’
1154 854 1292 887 ἀγνωσίας
1316 853 1516 888 γινωσκομένη,
1541 853 1610 880 κατὰ
1638 853 1687 888 τὴν
1712 853 1782 887 ὑπὲρ
1798 851 1863 877 νοῦν

1071 900 1179 931 ἕνωσιν,
1201 900 1264 926 ὅταν
1284 901 1297 926 ὁ
1310 900 1372 932 νοῦς
1384 920 1391 931 ,
1409 899 1464 925 τῶν
1484 899 1568 926 ὄντων
1597 899 1706 925 πάντων
1725 897 1862 928 ἀποστὰς,

1068 946 1162 973 ἔπειτα
1189 947 1236 973 καὶ.
1253 945 1347 973 ἑαυτὸν
1372 946 1461 980 ἀφεὶς,
1487 945 1573 981 ἑνωΘῇ
1604 946 1663 976 ταῖς
1687 943 1864 980 ὑπερφαέσιν

1068 991 1188 1024 ἀκτῖσιν,
1202 992 1309 1018 ἐκεῖθεν
1323 992 1370 1018 καὶ
1381 992 1440 1018 ἐκεῖ
1452 991 1491 1026 τῷ
1503 991 1704 1026 ἀνεξερευνήτῳ
1719 990 1797 1025 βάθει
1811 988 1863 1023 τῆς

1069 1039 1163 1073 σοφίας
1174 1038 1429 1074 καταλαμπόμενος.
1441 1037 1536 1064 Καίτοι
1549 1037 1595 1064 καὶ
1611 1038 1642 1063 ἐκ
1659 1036 1779 1067 πάντων,
1790 1035 1863 1069 ὅπερ

1068 1085 1145 1120 ἔφην,
1165 1084 1248 1120 αὐτὴν
1269 1085 1419 1118 γνωστέον·
1436 1083 1504 1120 αὕτη
1525 1084 1579 1119 γάρ
1595 1084 1652 1109 ἐστι
1671 1081 1741 1108 κατὰ
1761 1080 1794 1106 τὺ
1809 1079 1863 1106 A6-

1067 1139 1125 1164 γιον
1143 1131 1159 1165 ἡ
1175 1130 1283 1156 πάντων
1302 1129 1439 1165 ποιητικὴ,
1456 1129 1503 1155 καὶ
1518 1129 1562 1155 ἀεὶ
1585 1128 1674 1155 πάντα
1687 1125 1859 1162 ἁρμόζουσα,

1067 1176 1176 1212 καὶτῆς
1190 1175 1288 1203 ἀλύτου
1307 1176 1361 1202 τῶν
1381 1176 1491 1202 πάντων
1513 1175 1673 1211 ὲφαρμογῆς
1691 1173 1737 1200 καὶ
1752 1171 1860 1204 τάξεως

1067 1223 1152 1254 αἰτία,
1177 1223 1224 1250 καὶ
1249 1224 1292 1249 ἀεὶ
1317 1222 1352 1249 τὰ
1372 1222 1436 1257 τέλη
1455 1221 1510 1249 τῶν
1528 1221 1668 1257 προτέρων
1685 1220 1860 1247 συνάπτουσα

1066 1271 1125 1300 ταῖς
1145 1270 1241 1306 ἀρχαῖς
1258 1268 1311 1295 τῶν
1325 1269 1457 1304 δευτέρων
1479 1268 1525 1294 καὶ
1538 1267 1587 1302 τὴν
1605 1267 1669 1303 μίαν
1687 1265 1734 1292 τοῦ
1755 1264 1860 1296 παντὸς

1068 1313 1099 1340 σύ
1104 1322 1218 1349 μπνοιαν
1231 1314 1277 1340 καὶ
1289 1313 1421 1348 ἁρμονίαν
1435 1312 1526 1339 καλλιε
1531 1311 1596 1347 ργοῦ
1600 1319 1643 1337 σα.

223 1358 417 1386 indissolubilis
449 1367 539 1386 rerum
571 1360 692 1387 omnium
731 1359 910 1386 connexionis
937 1359 1102 1394 ordinisque
1129 1367 1236 1391 causa,
1273 1366 1434 1393 semperque
1462 1358 1531 1385 lines
1556 1355 1766 1392 przecedentium
1794 1361 1859 1381 cum

222 1405 363 1440 principiis
377 1407 549 1441 sequentium
569 1405 718 1438 connectit,
742 1406 908 1440 tunicamque
927 1405 1012 1433 totius
1025 1406 1147 1434 universi
1160 1405 1335 1433 concordiam
1359 1409 1386 1432 et
1400 1403 1606 1432 consonantiam
1623 1401 1783 1430 concinnat.

1001 1466 1016 1502 ς
1038 1464 1092 1494 1v.

258 1524 331 1551 Deus
348 1524 430 1551 etiam
448 1524 517 1551 ratio
530 1524 691 1560 praedicatur
703 1532 718 1552 a
733 1524 893 1560 Scripturis,
905 1533 958 1552 non
970 1533 1012 1552 so-

1102 1524 1187 1559 Λόγος
1201 1524 1230 1550 δὲ
1241 1525 1255 1550 ὁ
1269 1524 1334 1556 Θεὸς
1351 1523 1474 1559 ὑμνεῖται
1494 1522 1562 1558 πρὸς
1573 1521 1627 1549 τῶν
1644 1520 1723 1556 ἱερῶν
1737 1520 1857 1555 Λογίων,

222 1570 276 1597 lunt
289 1570 351 1604 quia
367 1571 483 1597 rationis
497 1570 578 1606 462
595 1575 623 1598 et
643 1571 741 1598 utentis
758 1576 786 1598 et
801 1572 942 1605 sapientiae
957 1571 1013 1598 lar-

225 1617 297 1651 gitor
306 1621 357 1648 est,
371 1617 418 1644 sed
433 1617 498 1651 quia
511 1625 608 1644 causas
622 1618 742 1644 omnium
756 1618 783 1644 in
797 1625 826 1645 se
839 1618 896 1652 ipso
905 1618 938 1633 ³⁰”
956 1619 1013 1644 uni-

221 1663 348 1692 l'ormiter
364 1665 536 1698 anticipavit,
560 1669 587 1692 et
601 1665 666 1698 quia
682 1672 729 1699 per
741 1665 834 1692 omnia
852 1671 936 1697 meat,
951 1672 1012 1699 per-

222 1712 336 1743 vadens,
350 1715 379 1737 ut
392 1711 430 1737 ait
442 1711 583 1746 Scriptura
599 1717 622 1742 P,
636 1718 721 1745 usque
732 1711 767 1738 ad
781 1711 861 1738 linem
871 1710 1010 1738 omnimu:

219 1763 247 1785 et
264 1758 448 1792 potissimum,
470 1758 533 1791 quia
549 1758 619 1784 ratio
638 1757 684 1783 Dei
707 1765 790 1791 supra
813 1764 922 1784 omnem
942 1757 1011 1783 sim-

220 1803 366 1837 plicitatem
385 1802 499 1837 simplex
515 1808 567 1835 est,
581 1808 608 1829 et
620 1803 653 1829 ab
666 1803 795 1830 omnibus
809 1811 889 1838 supra
907 1803 1010 1835 omnia,

219 1856 300 1882 supra
317 1849 499 1875 substantiam
512 1848 646 1876 absoluta.
667 1847 746 1875 Ratio
764 1850 823 1876 haec
839 1849 954 1882 simplex
968 1853 1012 1876 est

219 1900 251 1920 ae
267 1901 330 1920 vcrc
346 1894 485 1921 exsistens
504 1895 616 1926 veritas,
634 1894 708 1921 circa
721 1902 812 1928 quam,
831 1898 859 1920 ιιι.
873 1902 969 1929 puram
982 1899 1010 1921 et

220 1939 392 1966 inl‘ailibilem
424 1939 615 1966 universorum
642 1940 791 1972 notionem,
823 1940 889 1967 ﬁdes
918 1940 1008 1967 divina

218 1990 352 2017 versatur,
374 1993 433 2019 quae
447 1990 488 2012 est
509 1990 640 2013 constans
657 1987 778 2013 lidelium
805 1985 1007 2013 ﬁrmamentum

216 2030 334 2057 fundatis
352 2031 410 2058 illos
433 2031 458 2057 iu
472 2031 598 2064 veritate,
620 2036 701 2066 atque
724 2032 750 2058 in
768 2033 834 2066 ipsis
850 2033 1017 2066 veritatem,-

218 2078 281 2103 dum
314 2077 507 2104 imlissuasibili
532 2077 676 2105 itleutitate
704 2079 855 2112 simplicem
886 2079 1007 2106 veritatis

219 2123 407 2157 cognitionem
435 2123 536 2150 habent
556 2131 645 2150 rerum
675 2124 885 2151 credendarum.
903 2123 970 2151 Nam
983 2126 1005 2152 si

217 2169 339 2203 cognitio
350 2177 393 2196 res
405 2171 531 2203 cognitas
543 2178 603 2197 cum
613 2172 842 2205 cognoscentibus
855 2172 923 2203 unit,
934 2172 1006 2207 igno-

218 2217 289 2242 ratio
305 2223 368 2243 vero
379 2217 515 2251 ignoranti
532 2224 616 2244 causa
633 2222 674 2244 est
686 2223 715 2244 ut
726 2225 833 2252 semper
848 2223 942 2249 mutet,
961 2223 1004 2244 at-

215 2269 269 2295 que
285 2270 300 2288 a
319 2262 410 2296 seipse
431 2262 578 2297 discrepet,
593 2271 654 2290 eum
667 2264 712 2298 qui
727 2264 816 2291 credit
837 2264 863 2292 in
878 2265 1004 2297 veritate,

215 2307 290 2341 juxta
308 2307 490 2342 Scripturant,
503 2309 569 2335 nihil
592 2318 606 2336 a
621 2317 684 2337 vero
699 2310 760 2337 ﬁdei
776 2311 953 2338 fundamento
965 2312 1004 2337 ιιι.

217 2354 350 2384 movebit,
377 2354 404 2380 in
429 2362 483 2388 quo
512 2355 696 2382 constantiam
728 2356 839 2383 habebit
861 2356 1005 2384 immobilis

217 2402 244 2424 ct
270 2399 446 2426 immutabilis
471 2400 635 2428 identitatis.
668 2401 756 2428 Probe
780 2410 898 2437 namque
929 2403 1004 2430 novit

216 2445 341 2480 quisquis
353 2446 447 2473 nuitus
470 2452 513 2473 est
539 2447 661 2480 veritati,
689 2456 770 2482 quam
804 2449 873 2476 bene
901 2456 931 2475 se
958 2449 1004 2476 lia-

218 2493 290 2526 beat,
311 2493 437 2527 quamvis
463 2501 525 2520 cum
555 2494 633 2522 multi
659 2501 688 2521 ut
704 2500 839 2522 amentem
869 2501 1002 2530 arguant;

218 2539 284 2564 latet
307 2539 380 2565 enim
403 2538 473 2571 illos,
491 2538 530 2565 uti
553 2545 603 2572 par
618 2543 676 2572 est,
701 2545 762 2566 eum
786 2547 834 2574 per
849 2546 918 2566 verae
941 2540 1002 2566 ﬁdei

218 2585 360 2612 veritatem
386 2594 418 2613 ex
440 2593 534 2613 errore
557 2586 726 2619 excessisse;
749 2586 807 2620 ipse
829 2591 918 2614 autem
939 2593 1004 2614 vere

218 2630 340 2664 novitse,
354 2638 405 2658 non
422 2632 462 2667 (ut
476 2632 512 2658 illi
527 2631 692 2665 fabulantur)
703 2632 832 2664 insanire,
845 2632 892 2659 sed
907 2632 941 2660 ab
957 2633 997 2659 in-

252 2697 359 2726 uProv.
375 2706 434 2726 Vlll.
476 2704 488 2717 ο
500 2700 564 2734 Sap.
581 2708 628 2727 vn.
668 2705 681 2725 Ρ
695 2699 761 2734 Sap.
778 2707 837 2727 vm.

1022 2203 1043 2231 D

1063 1571 1093 1597 οὺ
1113 1573 1192 1606 μόνον
1208 1571 1250 1598 ὅτι
1261 1571 1307 1597 καὶ
1325 1570 1404 1604 λόγου
1418 1570 1465 1596 καὶ
1476 1569 1521 1596 νοῦ
1533 1569 1579 1595 καὶ
1592 1568 1684 1602 σοφίας
1700 1567 1760 1593 ἐστὶ
1771 1575 1856 1602 χορη-

1063 1617 1121 1650 γὸς,
1140 1617 1197 1643 ἀλλ’
1211 1617 1252 1643 ὅτι
1271 1617 1317 1643 καὶ
1327 1616 1376 1647 τὰς
1391 1616 1499 1642 πάντων
1513 1615 1603 1646 αἰτίας
1623 1615 1652 1640 ἐν
1669 1613 1758 1648 ἑαυτῷ
1775 1621 1855 1648 μονο-

1063 1662 1142 1695 ειδῶς
1163 1663 1323 1699 προείληφε,
1344 1662 1390 1689 καὶ
1410 1662 1451 1688 ὅτι
1465 1661 1508 1688 διὰ
1522 1661 1630 1687 πάντων
1641 1660 1724 1695 χωρεῖ
1738 1658 1855 1685 διικνού-

1064 1719 1152 1745 μενος,
1166 1710 1204 1741 ὡς
1224 1709 1258 1735 si
1274 1709 1361 1743 Λόγιά
1371 1717 1464 1743 φησιν,
1477 1707 1540 1743 ἄχρι
1553 1706 1600 1733 τοῦ
1615 1707 1723 1733 πάντων
1742 1705 1837 1737 τέλους
1846 1714 1852 1720 ·

1063 1759 1109 1785 καὶ
1135 1758 1188 1794 πρό
1206 1766 1237 1792 γε
1261 1757 1374 1788 τούτων,
1403 1756 1443 1782 ὃτι
1460 1755 1554 1790 πάσης
1565 1754 1716 1788 ﬁnitam;
1741 1754 1756 1779 ὁ
1783 1753 1855 1783 θεῖος

1062 1804 1257 1840 ὑπερήπλωται
1278 1803 1366 1837 λογος,
1392 1802 1437 1828 καὶ
1459 1802 1566 1828 πάντων
1586 1800 1659 1826 ἐστὶν
1676 1799 1746 1834 ὑπὲρ
1764 1799 1854 1825 πάντα

1063 1851 1133 1878 κατὰ
1159 1851 1190 1876 τὸ
1212 1849 1372 1886 ὑπερούσιον
1393 1847 1601 1882 ἀπολελυμένος.
1627 1845 1710 1878 Οὗτος
1735 1847 1750 1872 ὁ
1776 1845 1854 1879 λόγος

1061 1898 1143 1928 ἐστὶν,
1156 1897 1173 1931 ἡ
1185 1896 1258 1930 ἁπλῆ
1270 1896 1316 1922 καὶ
1327 1895 1411 1925 ὅντως
1422 1892 1488 1920 οὖσα
1500 1892 1622 1928 ἀλήθεια,
1630 1892 1693 1927 περὶ
1703 1891 1793 1926 ἣν,ὠς
1805 1899 1855 1917 κα-

1060 1944 1146 1980 θαρὰν
1162 1943 1209 1970 καὶ
1233 1942 1339 1977 ἀπλανῆ
1362 1941 1414 1968 τῶν
1431 1941 1498 1967 ὅλων
1520 1939 1630 1973 γνῶσιν,
1647 1940 1663 1973 ἡ
1684 1938 1744 1964 θεία
1762 1937 1853 1968 πίστις

1059 1991 1142 2021 ἐστὶν,
1168 1991 1184 2025 ή
1207 1989 1319 2025 μόνιμος
1344 1988 1397 2014 τῶν
1417 1986 1641 2021 πεπιστευμένων
1658 1985 1679 2000 ³⁸
1695 1985 1811 2020 ἵδρυσις,
1835 1984 1852 2019 ὴ

1059 2037 1168 2068 τούτους
1186 2036 1344 2072 ὲνιδρὺουσα
1356 2037 1388 2070 τῇ
1404 2035 1516 2070 ἀληθείᾳ
1527 2055 1535 2066 ,
1549 2034 1595 2060 καὶ
1612 2033 1703 2064 αὐτοῖς
1718 2032 1767 2067 τὴν
1787 2032 1852 2067 ἁλή-

1059 2083 1143 2115 Οειαν,
1156 2082 1349 2118 ἁμεταπείστῳ
1367 2081 1520 2116 ταυτότητι,
1542 2079 1590 2115 τὴν
1607 2078 1695 2114 ἁπλῆν
1718 2077 1770 2112 τῆς
1786 2078 1851 2112 ἀλη-

1058 2129 1134 2159 θείας
1155 2129 1256 2163 γνῶσιν
1277 2129 1393 2164 ἐχόντων
1416 2127 1471 2153 τῶν
1488 2125 1688 2161 πεπεισμένων.
1713 2124 1745 2150 Εἰ
1762 2124 1849 2160 γὰρὴ

1058 2175 1158 2208 γνῶσις
1171 2174 1286 2209 ἑνωτικὴ
1298 2174 1352 2200 τῶν
1365 2173 1522 2207 ὲγνωκὰιων
1533 2172 1579 2198 καὶ
1594 2169 1783 2205 ἐγνωσμένων.
1796 2170 1813 2204 ἡ
1823 2169 1850 2195 δὲ

1060 2220 1154 2254 ἄγνοια
1175 2219 1324 2255 μεταϐολῆς
1332 2220 1374 2245 ἀεὶ
1384 2220 1430 2246 καὶ
1441 2219 1490 2253 τῆς
1507 2217 1536 2250 ἐξ
1547 2216 1641 2243 ἑαυτοῦ
1660 2215 1697 2250 τῷ
1709 2215 1850 2249 ἀγνοοῦντι

1058 2266 1216 2301 διαιρέσεως
1234 2266 1316 2293 αἰτία.
1329 2265 1373 2291 τὸν
1392 2265 1421 2290 ἐν
1440 2263 1552 2299 ἀληθείᾳ.
1567 2262 1760 2292 πιστεύσαντα,
1781 2261 1850 2287 κατὰ

1058 2312 1103 2338 τὸν
1115 2312 1186 2347 ἱερὸν
1201 2311 1296 2345 Λόγον,
1310 2311 1385 2337 οὐδὲν
1399 2310 1557 2344 ἀποκινήσει
1576 2309 1626 2343 τῆς
1638 2307 1708 2334 κατᾶι
1721 2307 1772 2342 τὴν
1786 2307 1850 2341 ἁλη-

1059 2357 1093 2391 θῆ
1105 2365 1194 2383 πιστιν
1208 2364 1310 2387 εστιας,
1329 2355 1372 2389 ἐφ’
1419 2354 1450 2380 τὸ
1466 2353 1578 2389 μόνιμον
1588 2351 1644 2383 ἕξει
1658 2351 1709 2385 τῆς
1721 2350 1849 2384 ἀκινήτου

1058 2403 1104 2428 καὶ
1115 2402 1284 2437 ἀμεταϐόλου
1296 2401 1468 2435 ταυτότητος.
1486 2396 1522 2425 Εὖ
1537 2398 1591 2433 γὰρ
1607 2395 1677 2423 οἶδεν
1691 2396 1706 2422 ὁ
1723 2395 1793 2430 πρὸς
1802 2394 1850 2430 τὴν

1056 2449 1184 2484 ἀλήθειαν
1201 2448 1321 2479 ὲνωοεὶς,
1338 2447 1378 2472 ὅτι
1397 2444 1427 2473 εὖ
1448 2445 1514 2480 ἔχει,
1535 2443 1587 2470 κᾶν
1600 2443 1625 2469 οἱ
1643 2440 1735 2468 πολλοὶ
1759 2439 1849 2466 νουθε-

1055 2496 1128 2521 τοῖεν
1141 2495 1232 2525 αὑτὸν,
1245 2494 1283 2525 ὡς
1299 2492 1480 2528 ἐξεστηκότα·
1497 2489 1622 2516 λανθάνει
1637 2487 1696 2522 μὲν.
1711 2485 1750 2517 ὡς
1765 2485 1847 2517 εἰκὸς,

1056 2541 1154 2572 αὐτοὺς
1166 2542 1198 2567 ὲκ
1211 2540 1313 2574 πλάνης
1323 2540 1356 2574 τῇ
1371 2537 1485 2573 ἀληθείᾳ
1503 2536 1546 2563 διὰ
1564 2536 1612 2570 τῆς
1629 2533 1715 2563 ὅντως
1730 2533 1848 2562 πίστεως

1057 2586 1220 2622 ἐξεστηκώςο
1240 2586 1319 2616 αὐτὸς
1330 2585 1357 2610 δὲ
1373 2583 1480 2618 ἀληθῶς
1490 2579 1559 2608 οἶδεν
1576 2579 1681 2610 ἑαυτὸν,
1695 2579 1745 2613 οὐχ
1762 2578 1786 2610 (δ
1799 2585 1848 2622 (ξας

1057 2641 1099 2658 σιν
1120 2620 1268 2660 ³¹Πὲκεῖνοιὶ
1287 2629 1447 2666 μαινόμενον
1465 2628 1496 2659 ³³,
1515 2626 1582 2653 ἀλλὰ
1600 2625 1649 2660 τῆς
1665 2623 1785 2650 ἀστάτου
1803 2620 1847 2648 καὶ

859 2776 976 2804 VARIzE
998 2775 1200 2804 LECTIONES.

254 2877 286 2892 ""
305 2878 330 2905 id
343 2882 396 2911 est,
414 2878 469 2905 sine
485 2878 539 2906 ulla
552 2879 747 2914 compositione.
783 2879 802 2896 "
822 2878 1022 2915 πεπεισμένων,
1034 2878 1062 2906 8,
1076 2878 1106 2905 Ι).

1149 2878 1170 2897 ³1
1180 2878 1217 2909 ὥς
1235 2885 1326 2912 φασιν,
1344 2876 1375 2904 Ρ,
1412 2874 1433 2890 ³³
1452 2873 1616 2908 μαινόμενοι,
1636 2871 1665 2898 S.
