1929 3061
108 159 158 188 877

375 159 420 186 DF.
437 158 563 187 DIVlNlS
582 158 781 190 NOMINIBUS,
800 158 877 186 CAP.
899 157 955 185 Vll.
976 173 1010 177 ——
1028 156 1202 185 PARAPllR.
1218 155 1454 185 PACHYMER/E.

1683 159 1736 188 878

630 224 874 252 PARAPHRASIS
893 223 1121 252 I‘ACHYMERJE
1142 223 1212 260 (45).

141 296 155 332 §
170 296 192 323 1.
207 296 338 328 Εἱπόντες
347 296 411 332 περὶ
424 295 538 330 ἀγαθοῦ,
551 296 615 332 περὶ
627 295 714 327 ὄντος.
730 296 794 331 περὶ
807 294 890 330 ζωῆς,

979 294 993 330 ς
1007 294 1026 321 l.
1038 293 1170 328 Quoniam
1186 292 1305 320 diximus
1316 293 1349 320 de
1360 293 1476 326 hono,de
1489 294 1598 328 ente,de
1610 295 1739 329 vita,age,

109 341 182 378 φέρε,
199 341 282 378 αὐτὴν
301 342 349 378 τὴν
368 341 471 378 ἀγαθὴν
494 341 541 369 καὶ
558 342 670 368 αἰωνίαν
685 341 757 377 ζωὴν
768 341 813 367 τὸν
825 340 890 367 Θεὸν

110 388 234 424 ὑμνῶμεν
247 388 294 415 καὶ
312 388 349 420 ὡς
378 389 473 424 σοφήν.
493 388 614 423 ’Ἐφοασε
641 388 696 424 γὰρ
724 389 821 420 εἰπεῖν,
851 388 894 414 ὅτι

109 436 159 463 ἀπὸ
177 435 231 462 τῶν
257 434 318 462 καθ’
333 436 406 470 ἡμᾶς
424 435 576 470 συνάγομεν
587 434 622 461 τὰ
641 435 710 470 ὑπὲρ
730 435 820 470 ἡμᾶς·
850 433 894 460 διὰ

109 481 186 508 τοῦτο
205 481 233 508 δὲ
260 481 498 517 ὲπιδιορθούμενος
525 481 624 508 ὡσανεί
650 489 725 516 φησι·
744 479 852 507 Μᾶλλον
867 479 895 506 δὲ

109 527 144 558 ὼς
158 527 247 562 πάσης
271 527 377 562 σοφίας,
400 527 450 562 τῆς
471 529 500 554 ὲν
516 527 641 562 ἀγγέλοις
666 526 775 562 δηλαδὴ,
799 526 848 561 τῆς
868 527 896 552 ὲν

109 564 270 608 ἀνθρώποις,
287 574 376 600 αἰτίαν
392 573 440 600 καὶ
456 574 526 609 ὑπὲρ
545 575 634 600 πᾶσαν
650 572 747 607 σοφίαν
770 573 816 600 καὶ
834 571 896 598 σύν-

110 618 181 645 θεσιν
197 619 365 654 ὑπεροῦσαν·
382 619 574 653 ἀσυλλόγιστον
592 619 647 654 γὰρ
673 619 719 646 καὶ
735 618 856 654 ἀπρεπὲς
867 616 898 643 τὸ

110 665 248 700 ποιητικόν
264 674 337 697 τινος
356 662 425 692 εἶναι
438 665 566 696 τοιοῦτον,
578 662 632 691 οἷον
648 665 679 691 τὸ
705 665 819 700 ποίημα.
851 664 898 690 Ἐκ

110 712 172 746 γοῦν
186 712 235 747 τῆς
254 712 314 738 καθ’
331 712 403 747 ἡμᾶς
418 711 524 746 σοφίας,
551 711 722 747 ὐπεροχικῶς
748 711 796 747 τὴν
824 710 898 737 θείαν

111 757 204 791 σοφίαν
213 757 408 792 κατανοοῦμεν,
423 757 460 788 ὡς
478 758 510 783 ἐκ
525 757 579 783 τῶν
590 757 717 784 αἰτιατῶν
736 756 784 791 τὴν
798 755 898 786 αἰτίαν,

110 803 155 830 καὶ
165 803 214 838 οὐχ
231 802 324 834 ἁπλῶς
347 803 445 835 αἰτίαν,
469 803 535 830 ἀλλὰ
560 804 606 830 καὶ
629 802 772 839 ποιητικὴν
798 802 898 829 αἰτίαν.

110 849 146 875 Οὐ
159 849 213 885 γὰρ
229 849 406 884 ὑπερπλήρης
423 849 502 884 μόνον
524 849 582 875 ἐστὶ
595 849 644 884 τῆς
657 849 751 883 σοφίας
764 847 833 875 κατὰ
849 848 899 888 τὴν

110 893 228 930 Γραφὴν,
238 894 286 920 καὶ
294 894 348 928 τῆς
355 895 507 927 συνέσεως
515 895 607 921 αὑτοῦ
616 895 671 921 οὐκ
678 894 762 921 ἔστιν
769 894 899 928 ἀριθμὸς,

110 940 176 967 ἀλλὰ
191 941 237 967 καὶ
251 941 377 967 ἐπέκεινα
397 941 486 976 πάσης
501 942 597 975 σοφίας
612 941 680 968 ἐστί.
697 940 783 967 Τοῦτο
800 941 900 975 νοήσας

944 344 1086 376 ipsammet
1095 341 1192 368 bonam
1203 342 1231 366 et
1243 343 1370 366 aeternam
1380 339 1462 366 vitam
1475 339 1558 367 Deum
1572 341 1741 369 celebremus

945 387 1028 414 etiam
1050 391 1078 413 ut
1110 386 1271 419 sapientem.
1300 385 1385 412 Antea
1408 385 1480 412 enim
1510 386 1628 418 dixerat,
1659 394 1738 414 nosa

946 434 1027 460 rebus
1055 433 1156 460 nostris
1168 439 1199 460 ea
1213 439 1272 466 quae
1285 439 1366 466 supra
1379 440 1429 459 nos
1441 437 1503 459 sunt
1529 433 1657 468 colligere
1669 442 1677 466 ;
1695 434 1738 461 id-

947 479 1031 511 circo,
1041 480 1119 515 quasi
1134 487 1162 507 se
1174 479 1327 514 corrigens,
1337 479 1394 505 ait:
1410 478 1480 512 Quin
1496 479 1595 513 potius,
1606 485 1737 515 umquam

948 525 1035 553 omnis
1058 526 1197 561 sapientiae
1214 533 1273 560 quae
1291 525 1399 553 scilicet
1414 525 1440 552 in
1457 525 1562 560 angelis
1581 530 1607 553 et
1622 526 1740 554 homini—

949 573 1001 599 bus
1013 576 1054 599 est
1069 580 1179 599 causam
1191 576 1219 599 et
1233 579 1315 607 supra
1330 579 1437 598 omnem
1449 571 1609 605 sapientiam
1621 578 1649 600 et
1663 581 1740 601 com-

949 619 1111 652 positionem
1122 618 1312 651 eminentem;
1344 617 1415 644 nulla
1432 619 1505 645 enim
1537 619 1643 646 ratione
1670 626 1738 646 con-

950 664 1107 699 gruentiave
1123 663 1304 697 concluditur,
1322 672 1432 691 causam
1446 663 1600 692 etl‘ectivam
1623 665 1740 701 alicujus

950 708 1065 736 similem
1081 715 1141 736 esse
1167 707 1285 735 ell‘ectui.
1312 708 1351 735 Ex
1368 714 1462 736 nostra
1486 709 1579 744 itaque
1607 711 1740 746 sapientia

951 756 1069 783 divinam
1087 755 1248 788 sapientiam
1266 763 1313 790 per
1325 763 1466 783 excessum
1482 756 1669 792 intelligimus,
1686 759 1742 785 Fin-

953 806 982 828 ut
995 809 1028 829 ex
1044 801 1147 829 eﬂ‘ectis
1172 810 1294 833 causam,
1312 807 1339 829 et
1365 811 1417 829 non
1441 803 1601 838 simpliciter
1614 811 1736 834 causam,

953 848 999 875 sed
1016 855 1124 875 causam
1140 847 1311 875 efficientem.
1341 848 1399 875 Non
1423 849 1497 876 enim
1512 850 1644 877 duntaxat
1658 859 1749 884 supra-

954 901 1034 929 quam
1046 893 1141 928 plenus
1152 899 1193 921 est
1205 895 1348 929 sapientia,
1365 894 1441 928 juxta
1455 895 1634 930 Scripturam,
1649 901 1675 924 et
1697 897 1740 924 in-

955 939 1103 975 telligenliw
1115 939 1172 974 ejus
1185 948 1236 967 non
1246 945 1283 967 est
1294 948 1415 967 numerus
1423 946 1446 974 τ,
1460 949 1552 969 verum
1565 944 1645 970 etiam
1658 952 1741 979 supra

110 987 157 1015 καὶ
173 987 186 1013 ὁ
208 987 294 1023 μέγας
310 987 427 1020 Παῦλος,
440 988 454 1014 ὁ
465 988 553 1020 κοινὴς
568 987 634 1023 ἐμοῦ
650 996 679 1014 τε
694 986 795 1014 καὶτοῦ
812 987 897 1022 καθη-

953 993 1055 1012 amnem
1075 985 1234 1016 sapientiam
1266 985 1371 1012 existit.
1395 985 1452 1014 Hoc
1479 987 1634 1023 intelligens
1657 990 1740 1017 etiam

110 1032 224 1068 γεμόνος
245 1033 375 1068 Ἰεροθέου
391 1032 475 1069 ἥλιος,
496 1034 531 1060 Τὸ
554 1033 654 1068 μωρὸν
673 1033 726 1060 τοῦ
744 1032 828 1063 Θεοῦ,
848 1040 900 1059 σο-

110 1078 242 1114 φώτερον
256 1079 315 1106 τῶν
330 1079 491 1113 ἀνθρώπων
510 1079 609 1114 ἔφησεν
624 1077 703 1111 εἶναι,
720 1079 750 1105 οὺ
766 1079 844 1114 μόνον
859 1079 899 1105 ὅτι

111 1122 308 1158 συγκρινομένη
324 1123 340 1158 ἡ
359 1122 481 1158 ἡμετέρα
493 1121 593 1156 γνῶσις
609 1122 675 1157 πρὸς
687 1121 735 1157 τὴν
756 1122 829 1148 θείαν
853 1122 900 1148 καὶ

111 1168 228 1203 ἀπλανῆ,
242 1168 328 1204 πλάνη
344 1167 488 1202 λογίζεται,
504 1167 561 1194 ἀλλ’
573 1168 614 1194 ὅτι
630 1168 678 1194 καὶ
698 1167 757 1200 ἕῡος
771 1169 826 1200 τοῖς
841 1167 900 1194 Θεο-

111 1214 209 1249 λόγοις,
223 1215 292 1241 κατά
302 1222 363 1240 τινα
378 1214 553 1241 ὰντιπάθειαν
568 1213 621 1241 τῶν
634 1214 787 1250 ἡμετέρων,
805 1215 837 1241 ἐκ
850 1214 900 1249 τῆς

111 1262 263 1296 στερήσεως
277 1261 445 1295 ἁποφάσκειν
455 1260 490 1286 τὰ
501 1259 626 1292 θεῖα,τῶν
641 1260 783 1296 ἡμετέρων
800 1260 900 1296 μᾶλλον

111 1307 143 1333 ἐκ
156 1306 209 1333 τῶν
225 1306 307 1340 ἕξεων
327 1307 555 1342 ὀνομαζομένων⁹
579 1305 649 1332 οὕτω
670 1305 724 1342 γὰρ
738 1306 863 1342 δηλοῦται
883 1307 900 1342 ἡ

111 1351 172 1379 θεία
189 1353 320 1389 ὑπεροχή.
336 1353 421 1380 Τοῦτο
431 1353 478 1380 καὶ
491 1353 604 1389 δύναμιν
615 1353 781 1389 ὑπεροχικῆς
795 1354 901 1388 ἀποφά-

112 1407 181 1431 σεως
194 1400 223 1426 ὲν
234 1399 320 1435 ἑτέρῳ
334 1399 443 1436 εἴρηκεν
455 1408 461 1414 ·
479 1400 572 1436 ἐπειδὴ
586 1400 641 1436 γὰρ
656 1400 730 1426 πᾶσα
745 1399 802 1431 ἕξις
817 1401 901 1436 ὑπερ-

110 1445 212 1482 οχικῶς
226 1446 383 1473 ἐλαττοῦται
409 1447 478 1482 πρὸς
498 1446 532 1473 τὰ
556 1447 645 1473 ἐκεῖσε
655 1465 662 1477 ,
677 1446 720 1473 διὰ
734 1446 812 1473 τοῦτο
829 1448 902 1474 ἀντι-

113 1492 237 1528 στρόφως
265 1492 334 1528 πρὸς
353 1491 388 1519 τὰ
413 1492 536 1528 ἡμέτερα
558 1492 588 1525 ἐξ
615 1493 778 1527 ἀποφάσεως
806 1494 900 1520 ἐκεῖνα

111 1537 246 1572 λέγονται.
272 1538 350 1564 Οὕτω
371 1538 418 1565 καὶ
445 1538 560 1565 κένωσιν
577 1538 685 1573 λέγουσι
699 1538 747 1574 τὴν
761 1539 808 1565 τοῦ
833 1539 901 1566 Θεοῦ

112 1584 329 1620 ἐνανθρώπησιν,
345 1584 432 1611 καίτοι
447 1584 536 1620 πλήρη
546 1585 681 1619 τυγχάνον
687 1593 747 1617 σαν,
763 1585 861 1620 μᾶλλον
873 1585 902 1612 δὲ

113 1630 276 1666 ὑπερπλήρη
293 1631 340 1657 καὶ
353 1630 457 1665 σοφίας,
470 1631 673 1666 καὶδυνάμεως,
687 1631 733 1658 καὶ
749 1631 884 1667 σωτηρίας
893 1640 899 1646 ·

112 1676 182 1703 ἀλλὰ
197 1677 244 1703 καὶ
267 1677 408 1703 ἀσθένειαν
431 1676 498 1703 Θεοῦ
512 1677 542 1703 τὸ
556 1676 600 1703 διὰ
624 1677 740 1713 σταυροῦ
763 1677 902 1713 τρόπαιον.

112 1722 214 1750 Τοῦτον
235 1721 282 1749 οὖν
304 1722 350 1750 τὸν
363 1723 462 1758 τρόπον
477 1723 524 1749 καὶ
547 1723 651 1759 μωρίαν
660 1723 726 1749 Θεοῦ
745 1722 793 1758 τὴν
816 1723 904 1749 πᾶσαν

114 1770 210 1804 σοφίαν
222 1770 269 1796 καὶ
277 1770 432 1804 ἐπιστήμην
442 1770 642 1805 ὑπεραίρουσαν
652 1769 779 1796 ἐκάλεσεν
792 1770 806 1795 ὁ
827 1769 903 1796 Ἀπό-

115 1815 218 1846 στολος,
246 1815 277 1841 τὸ
302 1815 463 1849 φαινόμενον
479 1815 633 1851 παράλογον
648 1816 694 1842 καὶ
710 1815 809 1842 ἄτοπον
829 1817 903 1851 ἡμῖν,

111 1860 234 1896 δηλονότι
252 1859 312 1891 πῶς
325 1860 391 1892 Θεὸς
408 1861 436 1887 ἐν
451 1861 532 1896 σαρκὶ
544 1860 579 1896 ,ἦ
605 1861 663 1893 πῶς
694 1861 857 1898 σωματικῶς
876 1864 905 1888 ἐν

111 1907 152 1942 τῷ
165 1906 273 1943 σταυρῷ
287 1906 430 1939 πέπονθεν,
454 1907 600 1942 ἀναγαγὼν
613 1909 652 1939 εἰς
665 1908 713 1944 τὴν
729 1909 799 1945 ὑπὲρ
816 1909 905 1936 πάντα

112 1953 192 1987 λόγον
215 1953 343 1989 ἀλήθειαν
355 1961 361 1967 ·
380 1952 468 1987 λόγοις
485 1955 539 1989 γὰρ
553 1954 602 1980 οὐκ
617 1953 650 1981 ἂν
668 1954 858 1990 ὲξομαλισθείη
871 1956 905 1982 δι’

113 1999 250 2035 αἰσθητῶν
263 1998 423 2031 ἀποδείξεων
435 1999 465 2025 τὸ
482 2001 637 2036 μυστήριον,
655 2002 684 2027 οὐ
697 2002 904 2037 προηγουμένης

113 2045 164 2079 τῆς
189 2045 316 2077 πίστεως.
337 2044 427 2076 Ἀλλὰ,
449 2046 518 2082 ὅπερ
542 2047 589 2073 καὶ
602 2048 631 2073 ὲν
648 2047 738 2079 ἄλλοις
753 2047 830 2082 ἔφην,
859 2047 904 2074 θέ-

114 2091 207 2123 λοντες
221 2093 329 2126 οἰκείως
344 2094 408 2129 ἡμῖν
421 2093 455 2120 τὰ
472 2094 542 2130 ὑπὲρ
561 2095 635 2130 ἡμᾶς
654 2095 837 2130 ἐκλαμϐάνειν
860 2097 906 2130 ὲγ-

114 2136 317 2173 καλινδούμενοι
331 2141 391 2171 ταῖς
408 2140 566 2175 συντρόφοις
580 2140 747 2176 αἰσθήσεσιν,
757 2141 905 2177 ἀπατώμε-

115 2183 151 2210 θα
161 2192 167 2198 ⁸
194 2183 252 2210 δέον
266 2185 374 2217 εἰδέναι,
390 2186 457 2212 ὅτιὸ
478 2185 538 2212 καθ’
551 2187 624 2221 ἡμᾶς
638 2186 700 2218 νοῦς
716 2186 771 2222 ἔχει
795 2188 844 2223 μὲν
859 2189 906 2215 καὶ

113 2230 229 2265 δύναμιν
241 2232 280 2262 είς
302 2231 332 2257 τὸ
358 2234 427 2258 νοεῖν
451 2232 486 2258 τὰ
512 2232 605 2267 νοητὰ,
629 2232 730 2267 (νοερὸς
750 2233 804 2268 γάρ
833 2235 918 2260 ἐστιν·

114 2276 217 2308 ἁπλαῖς
241 2285 311 2303 τισιν
346 2277 484 2310 ἐπιϐολαῖς
520 2278 567 2304 καὶ
591 2278 823 2314 ἀναποδείκτοις
847 2279 904 2306 ἀλλ’

951 1038 1064 1065 magnus
1079 1030 1189 1062 Paulus,
1203 1031 1357 1057 communis
1373 1031 1418 1058 ille
1446 1039 1524 1059 meus
1537 1033 1644 1067 meique
1671 1041 1741 1068 prae-

949 1077 1068 1112 Ceptoris
1080 1076 1219 1104 llierothei
1236 1077 1287 1108 sol,
1303 1077 1373 1111 quod
1387 1077 1496 1105 stultum
1509 1083 1546 1105 est
1564 1078 1612 1105 Dei
1632 1080 1741 1114 sapien-

949 1123 1001 1150 tius
1017 1130 1077 1150 esse
1098 1123 1168 1150 dixit
1187 1123 1336 1151 hominibus
1355 1129 1366 1142 ι
1393 1131 1445 1151 non
1463 1124 1549 1152 solum
1562 1125 1634 1159 quod
1648 1132 1741 1154 nostra

949 1169 1148 1201 scientia,cum
1170 1169 1260 1196 divina
1284 1169 1330 1196 illa
1362 1177 1423 1204 qua:
1448 1178 1543 1197 errare
1566 1179 1620 1198 non
1649 1177 1741 1206 potest

949 1221 1117 1250 comparata,
1139 1222 1218 1242 error
1232 1220 1383 1250 repuletur,
1398 1224 1494 1243 verum
1519 1217 1600 1244 etiam
1619 1219 1680 1252 quia
1696 1226 1741 1246 so-

949 1263 1038 1289 lemne
1046 1266 1087 1289 est
1097 1262 1238 1297 theologis,
1253 1269 1300 1297 per
1313 1263 1458 1297 quamdam
1477 1270 1568 1290 rerum
1582 1269 1737 1292 nostrarum

950 1307 1120 1335 aversionem
1133 1315 1167 1334 ex
1186 1308 1338 1342 privatione
1355 1315 1399 1336 res
1424 1309 1532 1336 divinas
1554 1317 1603 1344 per
1619 1310 1740 1344 negatio-

951 1361 1000 1381 nes
1016 1352 1188 1385 emerremum
1212 1360 1255 1380 res
1268 1358 1368 1380 nostrae
1381 1353 1474 1388 potius
1490 1362 1524 1381 ex
1539 1354 1678 1382 habilibus
1692 1362 1742 1382 no-

951 1400 1088 1426 minentur
1102 1409 1109 1427 :
1129 1399 1170 1427 slc
1181 1399 1252 1427 enim
1264 1399 1354 1426 divina
1379 1399 1541 1428 excellentia
1578 1400 1742 1428 manifesta-

951 1450 1005 1472 tur.
1021 1445 1078 1473 lloc
1096 1445 1179 1473 etiam
1195 1446 1250 1473 alio
1265 1446 1323 1473 loco
1339 1446 1446 1473 vocavit
1460 1446 1514 1473 vim
1528 1447 1675 1482 quamdam
1692 1455 1740 1474 su-

951 1491 1159 1526 perexcellentis
1175 1491 1328 1526 negationis
1345 1500 1352 1524 ;
1370 1499 1431 1518 nam
1453 1499 1513 1519 cum
1532 1493 1620 1520 omnis
1632 1493 1742 1521 habitus

951 1545 1000 1573 per
1010 1545 1151 1565 excessum
1171 1537 1351 1564 imminuatur
1363 1541 1490 1572 respectu
1508 1544 1603 1565 eorum
1619 1545 1679 1572 quae
1703 1539 1741 1566 ibi

953 1587 1025 1616 sunt,
1044 1583 1145 1610 idcirco
1156 1584 1190 1611 ad
1205 1583 1401 1618 oppositionem
1415 1584 1577 1611 nostratium
1592 1584 1635 1612 illa
1652 1592 1685 1612 ex
1695 1593 1743 1613 ne-

954 1629 1064 1663 gatione
1079 1629 1216 1657 dicuntur.
1245 1629 1292 1656 Sic
1312 1629 1392 1657 etiam
1404 1631 1622 1658 exinanitionem
1642 1636 1744 1659 vocant

955 1675 1002 1702 Dei
1020 1675 1246 1708 incarnationem,
1260 1676 1367 1703 tametsi
1393 1676 1469 1711 plena
1484 1675 1576 1710 fuerit,
1593 1678 1646 1704 imo
1660 1677 1744 1714 466

955 1726 1119 1755 supraquam
1154 1720 1245 1754 plena,
1265 1725 1318 1747 tam
1334 1721 1479 1754 sapientia,
1496 1729 1575 1756 quam
1596 1723 1695 1751 virtute
1710 1732 1744 1752 ac

954 1766 1061 1798 salute;
1079 1766 1230 1801 quinetiam
1261 1766 1308 1793 Dei
1335 1766 1535 1800 inﬁrmitatem,
1565 1769 1658 1796 crucis
1684 1774 1743 1798 tro-

955 1818 1041 1846 pzeum
1079 1816 1188 1838 vocant.
1215 1811 1271 1839 lloc
1284 1812 1367 1847 igitur
1383 1814 1463 1840 modo
1491 1815 1573 1842 etiam
1597 1816 1741 1844 stultitiam

954 1857 1013 1889 Dei,
1028 1864 1136 1884 omnem
1159 1857 1321 1892 sapientiam
1342 1862 1370 1885 et
1392 1859 1535 1887 scientiam
1563 1863 1742 1890 excedentem

954 1902 1295 1939 Apostoiusappellavit,id
1323 1904 1395 1939 quod
1414 1905 1493 1934 nobis
1518 1907 1618 1934 rationi
1632 1913 1744 1935 contra--

956 1950 1024 1976 rium
1037 1954 1064 1976 et
1080 1949 1210 1977 absonum
1227 1950 1386 1984 videbatur;
1403 1952 1508 1980 scilicet
1521 1954 1659 1988 quomodo
1671 1953 1743 1982 Deus

955 1997 982 2023 in
997 2003 1090 2028 carne,
1111 1995 1152 2023 vel
1167 1997 1301 2030 quomodo
1319 1999 1498 2032 corporaliter
1515 2000 1541 2027 in
1554 2008 1743 2040 crucepassus

956 2042 1001 2075 sit,
1027 2041 1164 2069 adducens
1177 2042 1210 2069 ad
1232 2044 1387 2076 veritatem,
1412 2053 1473 2080 quae
1499 2053 1608 2074 omnem
1631 2053 1744 2083 superat

956 2088 1108 2120 rationem;
1125 2089 1286 2123 mysterium
1302 2089 1374 2116 enim
1399 2090 1450 2118 hoc
1471 2091 1613 2119 sensilium
1628 2094 1743 2120 demon-

956 2135 1119 2161 strationum
1136 2135 1287 2162 rationibus
1305 2143 1358 2162 non
1374 2137 1576 2171 explanabitur,
1598 2138 1651 2165 nisi
1675 2138 1743 2166 ﬁdes

956 2182 1101 2215 praecedat.
1111 2181 1164 2209 Sed
1177 2182 1247 2216 quod
1256 2182 1411 2217 etiam‘alibi
1421 2183 1500 2215 dixit,
1512 2184 1533 2211 si
1542 2184 1657 2211 velimus
1667 2192 1745 2212 more

958 2232 1050 2255 nostro
1063 2235 1095 2255 ea
1107 2237 1168 2263 qua:
1182 2236 1265 2262 supra
1274 2236 1324 2256 nos
1341 2234 1404 2256 sunt
1418 2230 1744 2264 accipere,l'amiliaribus

957 2274 1082 2302 sensibus
1095 2274 1383 2309 involuti,decipimur;
1393 2283 1454 2303 cum
1464 2277 1536 2304 scire
1546 2282 1682 2313 oporteat,
1694 2286 1745 2306 no-

115 2323 209 2348 ὲκεῖνα
222 2322 255 2349 τὰ
271 2323 364 2358 νοητὰ,
385 2323 418 2349 τὰ
431 2325 463 2359 τῇ
479 2323 593 2359 δύναμει
605 2324 654 2359 τῆς
676 2325 796 2360 νοήσεως
819 2326 901 2352 αὐτοῦ

957 2328 1045 2350 strum
1057 2320 1229 2349 intellectum
1248 2322 1355 2350 habere
1373 2322 1482 2356 quidem
1508 2324 1563 2351 vim
1577 2324 1745 2360 intelligendi

114 2368 294 2403 ἐπικείμεναι
318 2370 374 2400 τοῖς
395 2369 423 2395 δὲ
444 2369 590 2402 ἐπέκεινα,
610 2370 660 2396 οὐκ
681 2370 714 2396 ἂν
733 2371 902 2398 ἐπιϐαλεῖται

115 2413 218 2445 ποσῶς,
244 2415 268 2440 εἰ
295 2413 416 2449 μὴκατὰ
431 2423 491 2440 τινα
510 2414 606 2441 ἕνωσιν
638 2415 849 2452 ὑπεραίρουσαν,
876 2420 905 2444 ὲν

113 2459 156 2495 τῷ
169 2459 276 2486 πάντων
286 2460 413 2494 ἐκστῆναι
431 2459 485 2486 τῶν
496 2459 631 2496 αἰσθητῶν
642 2469 670 2487 τε
685 2462 731 2488 καὶ
746 2462 904 2497 vovi-3an

113 2506 145 2532 δὲ
164 2505 210 2532 καὶ
223 2504 273 2539 τῆς
287 2505 388 2537 οἰκείας
402 2506 543 2540 κινήσεως,
553 2505 601 2532 εἶθ’
610 2505 680 2533 οὕτω
693 2507 744 2542 τῆς
758 2507 832 2540 Θείας
840 2507 907 2542 γνὼ-

115 2560 187 2582 σεως
195 2550 291 2577 ἀκτῖνά
300 2559 361 2577 τινα.
367 2550 502 2584 δέξασθαι.
513 2551 627 2578 ’Ένωσιν
638 2552 665 2578 δέ
680 2562 761 2588 φησιν
775 2554 804 2580 οὺ
814 2554 861 2589 τὴν
869 2554 906 2586 ὼς

115 2597 150 2624 ἄν
158 2606 199 2628 τις
206 2596 276 2622 εἴποι
287 2596 358 2631 μίξιν
366 2597 412 2623 καὶ
419 2597 549 2633 συναφὴν,
557 2598 570 2624 ὃ
576 2598 607 2633 δὴ
614 2599 660 2624 καὶ
667 2599 854 2634 αὑτὸλέγεται,
863 2609 910 2627 κα-

117 2642 173 2673 θὼς
181 2643 227 2669 καὶ
236 2642 338 2678 προῖὼν
344 2641 416 2676 λέγει
422 2643 436 2668 ὀ
445 2643 529 2677 ἆγιος·
541 2646 633 2670 Ὅταν
640 2638 656 2671 δ
663 2645 735 2678 νοῦς
742 2645 838 2680 ἑνωθῇ
845 2645 910 2679 ταῖς

117 2687 197 2721 ὑπὲρ
203 2689 296 2721 φύσιν
308 2688 436 2715 ἀκτῖσιν·
447 2688 503 2714 ἀλλ’
513 2689 603 2725 ἐπειδὴ
611 2690 638 2716 αἱ
647 2691 751 2726 νοήσεις
758 2692 860 2718 κατώτε
865 2692 909 2728 ραί

118 2734 173 2760 εἰσι
181 2732 227 2759 τοῦ
236 2733 365 2764 νοοῦντος
376 2735 422 2761 καὶ
431 2734 581 2770 σκεδασμὸς
596 2736 707 2768 εἰκότως
721 2737 767 2764 καὶ
777 2737 909 2773 μερισμὸς

117 2778 170 2814 τῆς
182 2779 304 2814 ὲνότητος
311 2777 359 2805 τοῦ
367 2779 412 2804 νοῦ
419 2780 532 2813 γίνεται,
539 2781 583 2807 ὅτε
591 2783 647 2808 νοεῖ
655 2790 691 2808 τι·
701 2782 744 2809 ὅτε
753 2782 780 2809 δὲ
793 2783 834 2818 ἐφ’
846 2784 909 2810 ἑαυ-

159 2852 170 2866 τ
187 2847 229 2875 Ps.
241 2856 331 2881 chvt,
346 2848 374 2877 5.
419 2853 430 2868 ³
448 2848 457 2875 1
474 2848 536 2878 Cor.
556 2858 575 2881 ι.
592 2851 636 2878 25.

959 2378 1003 2398 res
1015 2371 1187 2399 intellectiles
1199 2375 1208 2406 (
1221 2372 1356 2407 siquidem
1382 2372 1553 2407 simplicibus
1581 2372 1746 2406 quibusdam

959 2417 1136 2452 conceptibus
1152 2421 1180 2444 et
1195 2418 1482 2445 indemonstrabilibus
1496 2417 1632 2453 intelligit)
1651 2426 1746 2446 verum

959 2461 1019 2489 illas
1034 2471 1078 2490 res
1092 2462 1264 2491 intellectiles
1286 2471 1347 2497 quae
1372 2464 1421 2491 sub
1437 2463 1609 2498 intelligendi
1624 2463 1684 2498 ejus
1703 2464 1746 2491 fa-

960 2508 1088 2536 cultatem
1110 2510 1210 2536 cadunt
1223 2517 1231 2543 ;
1246 2517 1290 2538 res
1318 2515 1408 2537 autem
1429 2511 1585 2545 superiores
1606 2518 1746 2545 nunquam

960 2555 1155 2589 apprchendet,
1172 2555 1224 2583 nisi
1244 2564 1292 2591 per
1307 2557 1470 2584 eminentem
1495 2558 1640 2592 quamdam
1668 2558 1747 2584 unio-

962 2607 1022 2627 Item
1049 2602 1158 2628 sensilia
1179 2602 1399 2637 intellectiliaque
1417 2608 1516 2630 cuncta
1538 2608 1620 2638 atque
1636 2604 1748 2638 insuper

962 2651 1063 2673 motum
1080 2648 1217 2682 propritim
1239 2650 1363 2681 excedat,
1376 2655 1459 2684 atque
1480 2649 1517 2676 ita
1530 2650 1636 2676 radium
1652 2657 1748 2684 quem-

961 2693 1021 2720 dam
1037 2693 1136 2721 divinze
1162 2695 1325 2730 cognitionis
1341 2696 1468 2731 accipiat.
1497 2695 1630 2724 Unionem
1655 2699 1745 2722 autem

961 2747 1026 2772 non,
1039 2741 1118 2768 ut-ita
1136 2742 1196 2775 quis
1212 2742 1297 2775 dicat,
1313 2743 1468 2770 mistionem
1485 2747 1513 2770 et
1530 2747 1687 2770 contactum
1699 2749 1747 2769 vo-

960 2791 1016 2820 cat,
1032 2788 1103 2822 quod
1117 2789 1210 2824 utique
1220 2789 1302 2818 etiam
1315 2789 1426 2825 dicitur,
1441 2794 1470 2817 ut
1487 2797 1547 2818 cum
1559 2789 1585 2817 in
1600 2795 1746 2824 progressu

158 2904 213 2938 H3;
233 2903 299 2933 Vide
329 2903 438 2933 Scholia
462 2904 490 2933 S.
507 2904 627 2941 Maximi,
646 2911 710 2936 tom.
727 2909 746 2937 ll
762 2917 822 2945 cap.
839 2909 853 2935 7
870 2909 907 2937 De
923 2909 1002 2937 divin.
1016 2917 1085 2937 nom.
