1929 3061
202 176 255 205 879

793 175 821 204 S.
843 175 992 204 DIONYSII
1009 174 1246 204 AREOPAGITE

1785 174 1850 202 880

201 234 247 262 hic
273 238 392 262 sanctus
413 233 476 261 ait:
505 233 619 266 Quando
648 242 722 262 men:
747 234 992 269 supernaluralibu

1046 233 1093 260 τοῦ
1106 233 1194 269 μένει,
1208 232 1315 269 ἀμερὴς
1329 233 1469 268 φαίνεται·
1483 231 1528 260 διὰ
1552 232 1632 260 τοῦτο
1642 231 1742 259 ἕνωσιν
1766 231 1851 266 λέγει

199 281 283 308 radiis
294 281 370 308 unita
387 280 480 315 fuerit,
504 281 553 308 sed
567 280 902 314 quoniamintellectiones
921 281 991 310 infe-

201 328 288 355 riores
306 331 369 355 sunt
383 326 562 362 intelligente.
576 329 604 354 et
617 326 725 361 quando
747 327 849 362 aliquid
864 327 993 362 intelligi-

202 376 262 405 tur,
279 372 473 400 verosimiliter
502 373 585 399 etiam
609 371 706 400 divisio
733 373 858 408 quaedam
883 374 992 402 uniouis

201 418 285 453 ipsius
309 418 407 446 mentis
425 419 518 446 existit
533 426 541 451 ;
563 419 626 446 dum
643 426 708 446 vero
731 419 759 446 in
771 426 800 447 se
813 419 872 454 ipso
885 424 989 453 manet,

201 465 332 493 indivisus
351 465 607 500 apparet:idcireo
634 465 760 493 unionem
784 470 864 493 v0cat
890 472 992 494 statum

200 509 275 537 illum
290 517 371 545 quem
396 511 544 538 secundum
572 518 602 538 se
629 511 721 538 unitus
743 511 833 545 habet,
850 512 992 547 aequaliter

1043 280 1094 316 τὴν
1108 280 1180 308 κατὰ
1205 280 1237 306 τὸ
1251 280 1353 307 ὲνιαῖον
1367 279 1463 306 ἑαυτοῦ
1481 279 1595 315 ἵδρυσιν,
1616 279 1766 315 πῳσὸαλεῖ
1786 278 1854 315 γὰρ

1046 327 1112 359 ἴσως
1132 328 1165 362 τῇ
1180 327 1245 362 περὶ
1265 325 1334 353 Θεοῦ
1360 325 1472 361 θεωρίᾳ,
1491 326 1521 352 οὺ
1538 324 1688 361 μερισθεὶς,
1708 325 1739 352 οὗ
1762 333 1852 360 κινη-

1044 374 1110 406 θεὶς,
1133 374 1165 400 οὺ
1189 373 1299 409 νοήσας,
1331 372 1388 399 ἀλλ’
1400 372 1469 404 ὅλως
1490 372 1561 400 κατά
1581 380 1642 399 τινα
1652 372 1758 408 ἀτρεμῆ
1778 372 1851 399 ἀκι-

1044 420 1140 456 νησίαν
1156 421 1185 447 ὲν
1213 419 1252 455 τῷ
1280 418 1358 451 ὅλους
1383 418 1508 453 γίνεσθαι
1535 419 1610 454 ἡμᾶς
1633 417 1680 445 τοῦ
1705 418 1774 445 Θεοῦ
1798 418 1854 446 καὶ

1046 466 1084 502 μὴ
1116 465 1220 493 ἑαυτῶν
1234 474 1240 482 '
1272 465 1343 492 οὕτω
1363 465 1418 502 γὰρ
1443 465 1493 501 τὴν
1514 465 1589 492 θείαν
1619 465 1718 492 ἀκτῖνα
1735 474 1779 497 τις
1801 465 1852 492 δέ-

1046 513 1130 546 ξεται.

200 555 273 582 cnim
282 563 311 582 se
322 555 439 590 applicat
452 555 549 589 divina:
564 556 786 591 contemplationi
803 556 947 591 indivisus,
962 558 1100 591 immotus,
1113 565 1166 585 non
1178 557 1341 593 intelligens,
1356 557 1402 585 sed
1418 557 1688 593 integre,secundum
1698 558 1851 593 quamdam

200 601 679 636 intretnulamimmobilitatem,dum
693 603 741 631 toti
757 604 837 632 limus
849 605 910 635 Dei.
927 610 955 632 et
964 612 1016 632 non
1026 606 1131 638 nostri;
1154 605 1193 632 sic
1216 607 1286 633 enim
1315 604 1437 632 divinant
1469 604 1573 632 radium
1596 604 1695 639 aliquis
1718 605 1850 639 accipiet.

237 648 251 684 §
268 648 300 675 ll.
314 648 388 675 lianc
406 648 498 683 itaque
519 649 692 684 sapientiam,
717 658 777 684 qua:
791 659 846 678 non
873 651 996 678 admittit

201 695 333 722 rationem
350 694 575 729 interpretantem
587 716 595 729 ,
612 703 662 723 nec
677 695 843 724 intellectum
872 704 996 732 compre-

201 741 376 773 liendentem,
388 748 438 768 nec
449 740 609 775 sapientiam
635 743 822 771 ennntiantem
835 743 900 779 (hoc
913 751 995 772 sensu

200 786 272 813 enim
287 790 367 813 vocat
389 786 589 819 irrationalem,
609 791 638 815 et
670 794 805 817 amentem
829 797 862 816 ac
879 789 992 817 stultam

201 840 256 860 non
284 839 332 866 per
350 831 533 867 ail'ectionem,
547 834 595 861 sed
627 841 674 868 per
703 837 875 870 negationem
891 840 918 864 et
944 844 994 871 per

201 887 347 907 excessum
361 899 368 912 ,
382 887 435 907 non
461 885 571 914 propter
594 880 757 916 defectum),
773 889 822 917 per
850 889 995 910 excessum

201 926 284 961 igitur
296 925 367 954 hanc
386 926 527 954 laudantes
550 927 678 959 dicimus,
692 928 781 955 omnis
797 929 897 956 mentis
912 935 939 956 et
952 936 996 956 ra-

203 974 283 1002 tionis
292 975 436 1010 omnisque
446 975 589 1010 sapientiae
597 983 708 1003 causam
720 975 851 1007 existere,
865 981 892 1003 et
908 975 996 1010 ipsius

201 1028 262 1048 esse
282 1028 364 1048 omne
378 1021 520 1049 consilium
532 1026 560 1049 et
574 1021 819 1056 scientiam,juxta
829 1022 895 1049 illud
909 1031 916 1049 :
933 1020 995 1049 Mea

201 1073 240 1095 est
256 1068 379 1100 scientia,
396 1076 483 1095 meum
498 1069 561 1096 item
583 1069 723 1096 consilium
737 1073 761 1096 et
777 1070 906 1096 securitas
922 1070 952 1101 ¹;
968 1074 997 1097 et

202 1112 228 1139 in
241 1113 296 1146 ipsa
305 1120 394 1140 omnes
411 1112 529 1140 thesauri
546 1114 682 1148 sapientia:
691 1112 773 1149 467
789 1118 850 1141 sunt
863 1117 888 1141 et
905 1114 997 1150 cogni-

202 1158 280 1185 tionis
293 1157 442 1184 absconditi
454 1163 467 1176 ιι
477 1177 485 1191 ,
511 1157 662 1185 secundum
677 1165 804 1193 magnum
821 1157 994 1193 Apostolum.

201 1203 310 1230 Etenim
328 1204 400 1231 sicut
420 1208 521 1231 aeterna
539 1204 691 1239 divinaque
714 1204 770 1232 vita
796 1204 996 1240 suppeditatrix

203 1249 275 1276 dicta
287 1254 330 1276 est
341 1250 423 1277 etiam
438 1249 523 1284 ipsius
534 1257 583 1285 per
600 1257 629 1278 se
644 1251 715 1283 vitte,
733 1256 761 1278 et
776 1256 938 1279 caeterarum
954 1250 995 1278 vi-

204 1300 292 1322 tarum
306 1295 440 1329 omnium,
461 1295 500 1323 sic
525 1297 619 1331 utique
642 1297 726 1325 etiam
751 1297 937 1331 omnisapiens
951 1304 996 1324 sa-

203 1341 302 1374 pientia
329 1341 413 1377 ipsius
428 1350 536 1378 quoque
551 1351 600 1378 per
611 1351 641 1371 se
664 1344 807 1378 sapientiai
830 1351 925 1376 causa,
941 1343 996 1371 sci-

203 1386 268 1414 licet
281 1394 330 1422 per
346 1395 376 1414 se
390 1388 448 1415 sive
465 1389 490 1415 in
510 1395 550 1421 se,
564 1388 678 1416 rationis
697 1389 839 1424 sapientiae
852 1390 996 1417 creatricis

202 1434 346 1468 omnisque
363 1434 504 1469 sapientia:
518 1434 641 1462 ciiectrix
654 1435 758 1468 existit,
783 1443 818 1463 ex
836 1443 891 1470 qua
909 1435 995 1463 intel-

203 1478 336 1507 lectiones
349 1479 450 1507 habent
463 1480 635 1508 intellectiles
645 1484 672 1507 et
682 1480 862 1516 intelligentes
877 1480 994 1508 virtutes

1087 651 1102 687 ς
1116 652 1149 678 Il.
1163 651 1271 687 Ταύτην
1284 651 1349 685 γοῦν
1364 651 1413 686 τὴν
1429 651 1536 685 σοφίαν,
1561 650 1611 686 τὴν
1624 650 1661 686 μὴ
1690 651 1851 684 πεφυκυῖαν

1049 697 1176 731 δέξασθαι
1190 697 1268 731 λόγον
1288 697 1496 732 ἑρμηνευτικὸν,
1517 696 1608 732 ἢνοῠν
1630 695 1850 731 καταληπτικδν.

1050 743 1066 779 ἢ
1083 743 1181 778 σοφίαν
1196 742 1392 778 ὲξαγγελτικήν
1407 750 1413 757 ·
1430 742 1512 777 (οὕτω
1527 741 1581 778 γὰρ
1605 741 1679 777 λέγει
1689 741 1720 768 τὸ
1736 741 1850 776 ἄλογον,

1048 789 1097 816 καὶ
1109 788 1188 815 ἄνουν
1201 809 1208 821 ,
1224 788 1271 815 καὶ
1283 788 1385 823 μωρὸν,
1410 788 1440 814 οὐ
1455 787 1525 814 κατὰ
1537 787 1665 819 διάθεσιν,
1682 788 1750 815 ἀλλὰ
1773 787 1851 815 κατὰ

1046 834 1241 869 ἀπόφασιν,καὶ
1250 833 1320 860 κατὰ
1330 833 1477 869 ὑπεροχὴν,
1488 833 1518 859 οὐ
1527 833 1596 860 κατὰ
1605 833 1721 868 ἔλλειψιν
1733 834 1751 869 ·)
1760 834 1852 869 ὑπερ-

1049 880 1147 916 οχικῶς
1171 878 1217 907 οὖν
1230 880 1333 916 ταύτην
1353 880 1509 916 ὑμνοῦντες,
1530 880 1656 916 λέγομεν,
1679 881 1721 907 ὅτι
1742 880 1850 912 παντός

1048 928 1107 954 ἐστι
1122 927 1169 954 καὶ
1185 927 1264 961 λόγου
1279 927 1327 953 καὶ
1338 927 1385 953 νοῦ
1404 926 1452 953 καὶ
1480 926 1571 962 πάσης
1588 927 1685 962 σοφίας
1699 927 1784 958 αἰτία,
1798 926 1851 953 καὶ

1011 971 1032 1001 Β
1047 975 1130 1010 αὐτῆς
1144 976 1201 1001 ἐστι
1215 975 1290 1000 πᾶσα
1307 973 1389 1009 βουλὴ
1408 974 1455 1000 καὶ⁵
1481 974 1599 1006 σύνεσις,
1616 973 1686 1000 κατὰ
1707 973 1747 1000 τό·
1770 973 1848 1009 Ἐμὴ

1047 1020 1184 1052 σύνεσις,
1195 1018 1251 1054 ἐμὴ
1263 1017 1404 1052 δὲβουλὴ
1423 1018 1472 1045 καὶ
1487 1018 1638 1053 ἀσφάλεια
1647 1027 1654 1033 ·
1671 1018 1718 1046 καὶ
1730 1019 1760 1045 ὲν
1773 1019 1848 1055 αὐτῇ

1047 1064 1160 1098 πάντες
1183 1066 1210 1092 οι
1246 1063 1391 1099 θησαυροὶ
1421 1063 1477 1098 τῆς
1508 1065 1617 1099 σοφίας
1638 1065 1709 1097 εἰσὶ,
1724 1065 1774 1092 καὶ
1788 1064 1849 1099 τῆς

1046 1110 1186 1145 γνώσεως
1203 1110 1382 1144 ἀπόκρυφοι,
1407 1110 1478 1137 κατὰ
1496 1110 1543 1137 τὸν
1564 1111 1651 1146 μέγαν
1672 1110 1847 1138 ’Δπόστολον.

1047 1156 1103 1183 Καὶ
1109 1158 1164 1192 γὰρ
1179 1155 1274 1193 ὥσπερ
1284 1158 1301 1193 ή
1312 1157 1408 1184 αίωνία
1422 1158 1469 1184 καὶ
1481 1157 1542 1184 θεία
1553 1157 1610 1194 ζωὴ
1621 1158 1770 1189 ὑποστάτις
1783 1157 1848 1184 eis-

1047 1210 1110 1236 γετο
1130 1202 1179 1230 καὶ
1195 1203 1281 1237 αὐτῆς
1301 1203 1352 1238 τῆς
1365 1203 1504 1239 αὑτοζωῆς
1533 1203 1580 1229 καὶ
1594 1201 1649 1229 τῶν
1659 1202 1759 1238 ἑτέρων
1770 1203 1848 1229 ἀπα-

1048 1249 1102 1275 σῶν
1113 1249 1200 1282 ζωῶν,
1215 1248 1286 1276 οὕτω
1295 1249 1328 1285 δὴ
1340 1250 1387 1277 καὶ
1400 1250 1417 1286 ή
1428 1249 1566 1284 πάνσοφος
1581 1249 1662 1283 σοφία
1672 1269 1679 1282 ,
1694 1249 1770 1276 αἰτία
1785 1249 1849 1276 ἐστὶ

1047 1296 1094 1322 καὶ
1111 1295 1161 1331 τῆς
1175 1295 1348 1330 αὑτοσοφίας,
1363 1295 1486 1331 δηλονότι
1503 1295 1536 1322 δι’
1552 1294 1661 1327 ἑαυτοῦ,
1688 1295 1773 1330 ήγουν
1795 1295 1847 1322 τοῦ

1047 1343 1076 1369 ὲν
1087 1341 1162 1378 αὑτῷ
1175 1341 1370 1378 δημιουργικοῦ
1382 1341 1461 1376 λόγου
1473 1341 1522 1378 τῆς
1536 1341 1642 1377 σοφίας,
1660 1341 1707 1368 καὶ
1731 1342 1847 1377 ἁπάσης

1047 1389 1143 1424 σοφίας
1159 1389 1315 1422 ὑποστάτις,
1329 1389 1359 1422 ἐξ
1371 1387 1404 1425 ἧς
1418 1389 1509 1424 ἔχουσι
1521 1388 1571 1421 τὰς
1582 1389 1690 1424 νοήσεις
1703 1389 1731 1416 αἱ
1744 1388 1846 1425 νοηταί

1045 1448 1076 1467 τε
1090 1440 1138 1467 καὶ
1149 1441 1242 1476 vespa}.
1253 1439 1307 1467 τῶν
1318 1440 1441 1475 ἀγγέλων
1456 1439 1594 1476 δυνάμεις.
1621 1439 1723 1475 Νοεραὶ
1737 1439 1766 1466 αἱ
1789 1439 1844 1474 ὑφ-

1046 1487 1153 1522 ειμέναι
1169 1486 1223 1513 τῶν
1236 1487 1306 1522 ὑπὲρ
1321 1486 1417 1519 αὑτὰς,
1433 1486 1480 1513 καὶ
1501 1487 1586 1513 πᾶσαι
1599 1485 1667 1512 Θεοῦ
1679 1493 1685 1500 ·
1701 1485 1798 1521 νοηταὶ
1813 1485 1844 1511 αἱ

203 1525 374 1560 angelorum.
401 1524 584 1561 lnteiligcntes
608 1531 672 1554 sunt
698 1525 843 1554 inferiores
866 1530 992 1560 respectu

1045 1533 1172 1570 ὑπεράνω
1184 1534 1251 1570 πρὸς
1259 1533 1308 1566 τὰς
1321 1533 1470 1569 ὑφειμένας
1479 1554 1487 1566 ,
1507 1534 1554 1561 καὶ
1569 1534 1655 1560 πᾶσαι
1669 1532 1736 1568 πρὸς
1749 1533 1824 1567 ἡμᾶς
1833 1541 1841 1547 ·

202 1571 386 1606 superiorum,
397 1577 426 1599 et
449 1580 544 1600 omnes
574 1577 699 1607 respectu
729 1572 798 1600 Dei:
818 1571 992 1601 intellectiles

202 1621 264 1643 sunt
283 1617 439 1651 superiores
455 1622 582 1652 respectu
599 1616 774 1650 inferiorum,
793 1622 820 1645 et
835 1625 930 1646 omnes
945 1625 992 1646 re-

202 1665 296 1696 spectu
311 1662 398 1689 nostri
412 1671 419 1694 ;
435 1669 484 1689 nos
494 1662 567 1689 enim
582 1661 715 1689 duntaxat
729 1669 825 1690 sumus
838 1662 993 1698 intelligen-

202 1711 254 1738 tes,
268 1706 332 1742 quia
357 1714 410 1734 non
437 1707 569 1734 habemus
589 1706 670 1734 aliam
696 1707 901 1743 intelligentiam
922 1708 993 1736 infe-

201 1753 301 1780 riorem
318 1759 367 1787 per
381 1759 462 1788 quam
479 1753 810 1788 intelligamur,siquidem
827 1753 994 1788 anima,qute

203 1807 252 1827 nos
265 1800 398 1834 sequitur,
417 1799 585 1827 irrationalis
598 1805 640 1827 est
654 1804 683 1827 et
700 1799 800 1827 mentis
814 1806 924 1834 expers.
937 1797 993 1826 Ha-

203 1846 269 1874 bent
290 1846 382 1880 itaque
394 1845 523 1874 ctnlestes
535 1846 656 1874 Virtutes
673 1845 877 1874 intellectiones
897 1845 992 1873 nonin

203 1893 391 1926 divisibilibus,
408 1902 458 1922 nos
483 1899 573 1923 autem
600 1894 627 1922 in
651 1894 834 1923 divisibilibus
862 1901 994 1922 sensuum

203 1941 403 1968 instrumentis.
425 1941 505 1969 Aliud
532 1942 605 1969 enim
618 1942 738 1976 auditus,
765 1946 793 1969 et
805 1941 879 1969 aliud
906 1942 992 1975 visus,

203 1991 230 2014 et
251 1987 291 2015 sic
307 1987 340 2015 de
357 1987 430 2015 aliis.
447 1987 479 2015 Et
491 1989 525 2017 ab
541 1989 582 2016 his
594 1988 775 2016 divisibilibus
790 1988 936 2017 sensilibus
955 1996 996 2016 re-

204 2040 263 2060 rum
289 2033 474 2069 cognitionem
506 2035 662 2070 recipimus,
690 2038 738 2062 aut
761 2034 789 2062 in
816 2034 994 2063 divisibilibus

202 2078 310 2114 quidem
326 2086 360 2106 ex
381 2083 458 2114 parte
469 2080 692 2116 cogitationibus,
709 2081 758 2109 sed
775 2088 791 2108 a
809 2080 993 2109 divisibilibus

203 2125 354 2160 disciplinis
381 2133 430 2153 seu
455 2125 609 2154 intellectus
626 2126 762 2161 objectis;
779 2127 832 2156 hoc
844 2128 917 2156 enim
931 2132 973 2155 est
984 2143 993 2157 θ

202 2178 249 2204 per
259 2171 447 2205 divagalt'onea.
471 2171 530 2200 Non
544 2169 617 2201 enim
633 2173 715 2201 simul
730 2173 889 2208 disciplinas
904 2174 994 2210 perci-

203 2217 302 2251 pimus,
316 2217 364 2244 sed
378 2221 510 2253 tempore,
535 2227 567 2247 ac
584 2219 703 2248 divisim.
731 2219 913 2255 Intelligentes
928 2227 993 2248 vero

204 2266 318 2294 natura:,
341 2263 443 2290 nullam
459 2263 488 2291 in
504 2263 545 2291 his
568 2265 695 2292 omnibus
713 2265 990 2294 communicationem

204 2308 347 2341 habentes,
360 2316 412 2336 una
423 2309 594 2345 simplicique
605 2310 793 2339 intellectione
809 2312 933 2340 veritatis
945 2319 992 2340 co-

203 2354 324 2390 gnitione
335 2355 516 2384 illustrantur.
529 2357 596 2384 Illud
622 2362 725 2391 autem,
749 2358 799 2386 sub
810 2358 901 2394 aliquo
916 2367 991 2387 com-

204 2401 280 2429 muni
307 2406 351 2430 est
376 2402 534 2437 ejusmodi:
563 2407 662 2431 nostrae
683 2405 884 2439 cognitionesa
910 2406 991 2434 rebus

203 2448 297 2477 divisis
311 2448 430 2477 collectae
444 2457 588 2477 commune
614 2449 680 2486 quid
705 2452 882 2485 abstrahunt,
913 2457 941 2480 et
956 2453 990 2480 ab

203 2494 260 2527 illo,
292 2499 421 2530 tanquam
442 2496 618 2531 prazcoguito,
649 2496 721 2524 aliud
749 2497 775 2524 in
803 2497 988 2532 cognitionem

201 2540 362 2568 adducitur:
379 2541 507 2576 quoniam
517 2542 639 2577 ipsatmet
652 2543 734 2570 etiam
749 2543 913 2571 immediaue
927 2551 990 2578 pro-

202 2586 350 2627 positiones
372 2593 404 2614 ac
428 2587 532 2622 primae.
548 2588 664 2622 species,
686 2596 740 2616 non
770 2588 851 2616 aliter
878 2590 989 2618 omnino

202 2633 284 2660 etiam
303 2633 338 2661 ad
351 2633 609 2663 demonstrationem
639 2636 805 2669 conducent,
831 2637 883 2665 nisi
904 2637 987 2665 etiam

186 2668 266 2715 ’ἱρείη
283 2687 315 2708 ex
327 2681 472 2710 sensilibus
484 2681 721 2719 divisibilibusque
735 2668 854 2712 motibus
866 2685 900 2713 ad
911 2693 990 2714 com—.

201 2734 283 2755 mune
304 2727 443 2763 quidpiam
462 2728 566 2756 fuerint
584 2734 730 2758 revocata.
759 2730 838 2759 Sient
860 2731 934 2760 enim
959 2731 987 2759 in

200 2773 282 2807 bello,
293 2775 356 2802 dum
369 2775 400 2802 iit
414 2774 487 2810 iuga,
498 2775 606 2803 sistitur
623 2783 705 2810 unus,
715 2781 743 2804 et
757 2782 818 2813 post
831 2785 892 2806 eum
905 2778 986 2811 alter,

200 2824 228 2848 et
242 2820 349 2855 tertius,
371 2826 398 2849 et
417 2821 458 2849 sic
475 2821 509 2849 de
526 2821 647 2856 caeteris,
666 2826 694 2850 et
709 2823 749 2851 sic
778 2823 848 2853 forte
862 2824 980 2853 victores

238 2911 248 2929 ‘
266 2910 348 2940 Prov.
367 2918 424 2944 vui,
443 2910 487 2939 Η.
529 2916 544 2932 ιι
561 2911 667 2941 Co‘loss.
684 2919 715 2946 ιι,
733 2911 758 2939 5.

1045 1581 1124 1617 ἡμεῖς
1135 1580 1189 1616 γὰρ
1198 1581 1285 1616 νοεροὶ
1297 1580 1376 1616 μόνον
1387 1579 1481 1615 ὲσμένο
1499 1579 1558 1606 οὐδὲ
1572 1578 1628 1615 γὰρ
1635 1579 1734 1614 ἔχομεν
1741 1578 1842 1613 ἑτέραν

1045 1627 1123 1663 ἡμῶν
1145 1627 1304 1663 κατωτέραν
1330 1627 1433 1663 νόησιν,
1451 1627 1486 1653 δι’
1513 1623 1547 1662 ἦς
1567 1626 1601 1653 ἂν
1625 1625 1803 1661 νοηθεὶημεν·
1823 1625 1841 1660 ή

1044 1673 1141 1709 ἄλογος
1165 1673 1220 1710 γὰρ
1236 1674 1284 1700 καὶ
1307 1674 1324 1709 ὴ
1345 1673 1426 1706 ἄνους
1441 1673 1514 1709 ψυχὴ
1534 1672 1595 1699 καθ’
1619 1672 1704 1708 ἡμᾶς.
1727 1671 1841 1706 Ἔχουσι

1044 1717 1109 1752 γοῦν
1123 1719 1150 1745 ai
1167 1718 1288 1754 οὐράνιαι
1300 1718 1428 1754 δυνάμεις
1450 1718 1500 1750 τὰς
1515 1719 1624 1754 νοήσεις
1642 1718 1692 1744 οὐκ
1714 1718 1743 1743 ἐν
1760 1724 1840 1752 μερι-

1046 1764 1136 1794 στοῖς·
1152 1764 1233 1799 ἡμεῖς
1259 1762 1315 1799 γὰρ
1343 1764 1372 1790 ἐν
1395 1764 1533 1799 μεριστοῖς
1553 1764 1610 1794 τοῖς
1632 1762 1837 1798 αἰσθητηρίοις·

1045 1809 1110 1835 ἄλλο
1122 1809 1176 1844 γὰρ
1188 1808 1266 1844 ἀκοὴ,
1277 1809 1324 1835 καὶ
1339 1809 1434 1845 ἕτερον
1446 1809 1517 1844 ὄψις,
1534 1809 1581 1836 καὶ
1596 1808 1630 1835 τὰ
1644 1808 1712 1835 ἄλλα
1726 1808 1838 1843 ὁμοίως.

1045 1855 1100 1881 Καὶ
1119 1855 1174 1882 ἀπὸ
1198 1856 1334 1892 μεριστῶν
1359 1856 1413 1883 τῶν
1438 1856 1499 1883 κατ’
1523 1855 1594 1882 αὐτὰ
1618 1854 1769 1890 αἰσθητῶν,
1789 1855 1839 1891 τήν

1044 1901 1098 1928 τῶν
1113 1902 1182 1929 ὅλων
1196 1902 1295 1937 γνῶσιν
1305 1902 1568 1938 ἀναλαμϐάνομεν,ἢ
1581 1902 1610 1928 ὲν
1624 1902 1762 1938 μεριστοῖς
1777 1901 1837 1937 μὲν,

1044 1948 1100 1979 τοῖς
1112 1947 1182 1974 κατὰ
1198 1948 1279 1984 μέρος
1302 1948 1446 1984 νοήμασιν,
1472 1947 1527 1974 ἀπὸ
1552 1947 1688 1983 μεριστῶν
1715 1946 1755 1979 δὲ,
1783 1946 1839 1973 τῶν

1047 1994 1190 2030 μαθήσεων
1205 1995 1264 2030 ήτοι
1277 1993 1330 2021 τῶν
1337 1994 1499 2030 νοουμένων
1507 1993 1586 2020 τοῦτο
1596 1993 1650 2029 γάρ
1659 1994 1718 2020 ἐστι
1725 1993 1756 2020 τὸ
1765 1992 1839 2025 διεξ-

1045 2041 1163 2068 οδικῶν.
1185 2041 1241 2076 Οὐχ
1255 2041 1313 2077 ἅμα
1323 2040 1377 2076 γὰρ
1388 2041 1437 2072 τὰς
1456 2041 1588 2076 μαθήσεις
1601 2039 1837 2076 λαμϐάνομεν,ἀλ-

1044 2087 1078 2115 λὰ
1094 2087 1182 2123 χρόνῳ
1195 2087 1241 2114 καὶ
1256 2087 1401 2123 μεριστῶς.
1413 2087 1447 2113 Ai
1462 2086 1491 2113 δὲ
1503 2086 1594 2122 νοεραὶ
1606 2085 1711 2120 φύσεις,
1720 2086 1834 2112 ἀκοινω-

1045 2134 1132 2170 νήτως
1141 2134 1210 2170 πρὸς
1218 2133 1252 2160 τὰ
1261 2134 1376 2161 τοιαῦτα
1384 2133 1474 2160 πάντα
1481 2133 1601 2169 ἔχουσαι,
1608 2133 1696 2167 ἐνιαίᾳ
1705 2132 1752 2158 καὶ
1764 2131 1835 2166 ἁπλῇ

1045 2180 1134 2216 νοήσει
1148 2180 1197 2216 τῆς
1204 2179 1332 2216 ἀληθείας
1340 2180 1389 2215 τὴν
1398 2179 1498 2214 γνῶσιν
1506 2178 1747 2214 ἐπιλαμϐάνονται.
1760 2177 1796 2204 Τὸ
1806 2177 1835 2204 δὲ

1008 2235 1030 2263 D
1045 2225 1097 2252 ὑπό
1107 2234 1177 2258 τινος
1197 2225 1296 2257 κοινοῦ,
1312 2224 1431 2252 τοιοῦτόν
1453 2225 1527 2251 ἐστιν
1538 2233 1544 2239 ·
1560 2225 1587 2251 αί
1605 2223 1671 2259 παρ’
1686 2223 1751 2259 ἡμῖν
1765 2223 1835 2257 γνῶ-

1044 2281 1101 2304 σεις
1124 2272 1177 2299 ἀπὸ
1190 2271 1310 2308 μερικῶν
1324 2271 1515 2307 συναγόμεναι,
1539 2271 1627 2298 κοινόν
1647 2278 1674 2296 τι
1701 2268 1836 2295 ἀποκαθι-

1045 2318 1137 2351 στῶσι,
1152 2319 1199 2345 καὶ
1209 2318 1379 2351 ἀπ’ὲκείνου,
1391 2317 1429 2349 ὡς
1444 2315 1726 2353 προσ-γινωσκομένου,
1743 2315 1836 2350 ἕτερον

1044 2366 1084 2397 εἰς
1109 2365 1209 2399 γνῶσιν
1223 2364 1387 2398 συνάγεται·
1404 2363 1452 2390 καὶ
1471 2362 1525 2398 γὰρ
1538 2362 1585 2388 καὶ
1603 2361 1684 2388 αὑταὶ
1697 2360 1725 2387 αἱ
1739 2359 1836 2395 ἄμεσοι

1044 2409 1199 2446 προτάσεις,
1207 2409 1253 2436 καὶ
1261 2408 1420 2444 ἀρχοειδεῖς,
1428 2408 1478 2435 οὐκ
1486 2407 1572 2438 ἄλλως
1581 2406 1671 2438 ἕξουσι
1682 2405 1712 2431 τὸ
1720 2404 1834 2431 καθόλου

1044 2457 1091 2483 καὶ
1109 2457 1140 2484 τὸ
1159 2458 1199 2488 εις
1212 2455 1348 2487 ἀπόδειξιν
1363 2453 1550 2490 εὕχρηστον,εί
1578 2451 1616 2488 μὴ
1636 2451 1684 2478 καὶ
1703 2448 1784 2478 αὗται
1805 2449 1836 2483 ἐξ

1042 2502 1177 2538 αἰσθητῶν
1193 2501 1240 2528 καὶ
1265 2500 1385 2536 μερικῶν
1402 2500 1537 2534 κινήσεων
1553 2498 1593 2530 είς
1619 2506 1646 2524 τι
1660 2496 1748 2524 κοινὸν
1766 2504 1834 2531 συμ-

1042 2547 1242 2583 περιληφοείεν.
1260 2546 1304 2578 Ὧς
1316 2544 1370 2580 γὰρ
1379 2546 1407 2571 ὲν
1421 2543 1543 2580 πολέμῳ,
1560 2542 1665 2579 τροπῆς
1674 2540 1832 2576 γενομένης,

1042 2590 1082 2625 εἷς
1095 2592 1170 2629 ἔστη,
1194 2592 1241 2619 καὶ
1270 2592 1330 2627 μετ’
1340 2589 1422 2618 αὑτοῦ
1441 2589 1577 2626 δεύτερος,
1596 2588 1644 2615 καὶ
1658 2587 1749 2623 τρίτος
1762 2606 1769 2618 ,
1788 2587 1834 2613 καὶ

1044 2639 1171 2674 καθεξῆς,
1186 2639 1233 2666 καὶ
1242 2638 1327 2670 οὕτως
1340 2638 1405 2670 ἴσως
1423 2635 1618 2673 ἐπικρατοῦσιν
1631 2634 1656 2660 oi.
1665 2633 1735 2664 τέως
1747 2641 1834 2668 παρα-

1042 2685 1226 2717 πεπονθότες·
1250 2684 1297 2711 καὶ
1321 2684 1368 2711 ἐπὶ
1386 2684 1435 2720 τῆς
1460 2682 1553 2717 κοινῆς
1580 2679 1707 2716 γνώσεως
1734 2676 1831 2712 μερικὰ

1042 2731 1088 2757 καὶ
1100 2729 1217 2765 αἰσθητὰ
1232 2729 1404 2764 συναγόμενα
1422 2728 1453 2756 τὸ
1464 2727 1553 2756 κοινὸν
1569 2725 1686 2754 ποιοῦσι.
1715 2722 1761 2757 Τῷ
1777 2722 1830 2758 γὰρ

1041 2777 1154 2810 πολλοὺς
1173 2777 1302 2810 πολλάκις
1319 2777 1404 2812 ὁποίῳ
1413 2776 1445 2812 δή
1457 2784 1510 2803 τινι
1522 2775 1588 2807 πυρὶ
1606 2770 1766 2807 πλησιάσαι,
1785 2769 1829 2796 καὶ

1036 2823 1232 2860 Θερμανθῆναι,
1253 2825 1270 2859 ἡ
1290 2823 1420 2857 καθολικὴ
1432 2820 1577 2855 ἐπεγένετο
1595 2817 1707 2853 γνῶσις,
1719 2817 1761 2844 ὅτι
1777 2816 1828 2843 πᾶν
