1929 3061
107 155 168 185 881

400 157 447 186 DE
464 159 590 190 DIVINIS
607 162 805 200 NOMINIBUS,
822 167 898 195 CAP.
917 167 973 198 νη.
989 184 1025 190 -
1037 169 1210 199 PARAPHR.
1223 172 1457 206 PACIIYMERE.

100 213 168 250 πῦρ
176 213 325 251 θερμαίνει·
333 217 364 250 ἐξ
370 215 400 245 οὗ
409 219 501 247 κοινοῦ
512 223 749 260 συμπεριεχομένη
757 226 774 261 ἡ
783 225 885 262 ήμετέρ

937 249 941 258 λ
955 228 1073 256 evadunt
1088 230 1134 264 qui
1150 237 1215 259 ante
1232 233 1460 268 succumbebaut;
1477 235 1642 265 similiterin
1667 245 1739 266 com-

98 259 225 294 διάνοια,
241 262 334 299 ἕτερον
347 265 517 299 μανθάνειδι1
532 267 624 301 αὑτοῦ,
633 269 702 305 ὅπερ
820 259 900 306 ἀγγέ-

99 305 164 332 λων
171 307 221 333 οὐκ
237 306 321 335 ἐστιν’
329 309 397 336 ἀλλὰ
409 311 509 343 παντὸς
517 311 622 345 ὑλικοῦ,
632 305 898 352 δηλονότιαίσθητοῦ,

99 352 156 379 καὶ
171 352 289 388 πλήθους
304 356 425 391 μερικῶν
440 365 521 385 τινων
539 359 667 393 γνώσεων
684 361 897 398 καθαρεύοντες,

99 396 231 430 ὲνοειδῶς
240 399 290 434 οὐχ
301 399 407 428 ἅπαντα
416 400 450 428 τὰ
459 402 518 430 θεῖα
525 403 640 437 νοοῦσιν,
656 405 713 432 ἀλλ’
721 396 771 433 ὅσα
780 396 898 435 νοεῖσθαι

98 441 214 474 τούτοις
226 443 374 478 πεφύκασι,
385 445 429 472 διὰ
444 446 493 483 τὴν
509 448 563 475 ἀπὸ
580 448 648 476 Θεοῦ
664 451 733 486 πρὸς
745 452 844 484 αὐτοὺς
859 452 898 479 ἕλ-

98 484 220 522 λαμψιν,
235 485 307 524 ᾗτινι
317 490 363 516 καὶ
376 492 612 527 καταγλαῖζονται,
625 495 672 523 καὶ
680 484 748 532 τιρὸς
758 497 789 524 τὸ
799 498 897 526 ἐνιαίον

97 531 315 561 ἀνατυποῦνται·
330 535 410 564 τοῦτο
419 537 473 574 γάρ
488 539 562 566 ἐστιν
571 540 661 568 αὐτῶν
669 531 832 575 τὸγθεοειδές.
847 544 896 572 Διὰ

97 578 207 614 ταύτην
218 579 266 615 τὴν
279 580 354 609 θείαν
365 584 460 618 σοφίαν
468 585 515 612 καὶ
522 586 549 613 αἱ
557 585 641 622 ψυχαὶ
654 588 684 614 τὺ
695 588 804 623 λογικὸν
818 590 895 626 ἔχου-

97 631 141 650 σι.
168 624 218 651 Διὰ
233 625 259 652 τί
269 626 296 653 δὲ
309 627 339 654 οὐ
353 628 384 655 τὸ
400 630 507 664 νοερὸν
522 630 614 665 εἶπεν,
632 633 699 661 ἀλλὰ
716 634 747 661 τὸ
761 624 894 671 loquitor,

97 669 116 704 ἢ
142 670 223 706 δῆλον
238 672 270 698 ἐκ
288 672 335 699 τοῦ
352 674 559 709 πλεονάζοντος·
590 678 678 706 πάντα
696 680 752 716 γὰρ
768 669 807 708 τὰἺ
830 683 894 718 τῇδε

95 715 154 761 om:
167 716 269 744 οἴδασιν
284 719 312 745 αἱ
338 719 423 756 ψυχαὶ
443 721 597 756 διεξοδικῶς
615 724 649 751 δι’
666 715 838 761 ἀποδείξεων,
851 715 893 756 ’ἔτι

94 760 129 788 δὲ
156 763 204 789 καὶ
218 763 262 790 διὰ
284 765 405 801 μερικῶν
418 768 570 804 αἰσθήσεων
581 770 681 798 οἴδασι.
708 773 748 800 Τὰ
759 773 787 800 δὲ
810 760 894 810 νοητὰ

95 807 159 833 νοεῖ
177 807 278 844 ἡψυχὴ
288 810 318 836 οὐ
334 811 401 838 καθὸ
421 813 494 849 ψυχὴ
518 814 595 849 λόγον
616 816 726 853 ἔχουσα,
743 819 811 848 ἀλλὰ
825 807 893 848 καθὸ

94 852 165 885 νοῦς
174 862 181 868 ·
206 855 267 882 τόσε
286 856 341 893 γὰρ
353 856 424 885 οἶδεν
437 860 451 886 6
473 860 535 893 νοῦς
550 861 584 888 τὰ
597 863 690 899 νοητὰ,
705 865 750 892 ὅτε
762 867 799 903 μὴ
813 867 892 902 μόνον

94 898 156 925 τῶν
168 900 314 936 αισθητῶν,
326 903 394 931 ἀλλὰ
418 906 464 932 καὶ
485 906 535 942 τῆς
557 898 646 943 ψυχῆς
661 910 707 936 καὶ
731 898 893 944 ὲαιιτοῦὲξί-
907 906 929 934 Β

95 953 206 973 σταται.
224 948 310 976 Τοῦτο
330 949 406 986 δηλοί
422 952 470 979 καὶ
481 952 495 978 ὁ
509 953 579 985 θεῖος
598 954 768 989 ’Δπόστολος,
790 957 821 984 Ὀ
833 960 893 992 ψυ-

93 991 184 1024 χικὸς
203 992 368 1028 ἄνθρωπος,
381 996 478 1031 λέγων,
497 1000 533 1026 οὐ
549 999 667 1034 δέχεται
680 1001 718 1029 τὰ
727 1003 780 1030 τοῦ
799 991 891 1032 memi-

90 1044 200 1070 ματος.
232 1038 434 1068 Ἀπολείπονται
454 1041 501 1070 οὖν
515 1045 543 1071 αι
557 1044 642 1081 ψυχαὶ
655 1046 709 1074 τῶν
727 1048 834 1076 ἑνιαίων
843 1051 891 1078 καὶ

92 1081 251 1117 ἀηελικῶν
264 1084 331 1112 νοῶν
351 1086 390 1122 τῷ
421 1089 536 1125 ποικίλῳ
560 1091 607 1118 καὶ
624 1093 745 1128 μεριστῷ
756 1095 806 1130 τῆς
820 1104 889 1123 παν-

91 1127 230 1177 τοδαποῦς
242 1130 377 1164 γνώσεως.
397 1131 474 1167 Εἶτα,
490 1136 582 1173 ἐπειδὴ
597 1138 625 1164 αἱ
644 1138 714 1166 κατὰ
731 1127 788 1172 τὰς
799 1141 889 1177 ψυχὰς

91 1173 223 1208 γνώσεις,
238 1176 282 1204 διὰ
293 1176 372 1212 λόγου
383 1180 534 1216 γινόμεναι,
549 1183 590 1214 εἰς
601 1183 632 1210 τὸ
644 1184 673 1211 ἓν
688 1173 887 1215 συνελιττονται

93 1219 186 1254 (τοῦτο
196 1222 251 1258 γάρ
267 1224 325 1251 ἐστι
338 1225 386 1252 καὶ
411 1225 442 1252 τὸ
460 1229 516 1255 καθ
526 1227 533 1238 ’
547 1229 619 1256 αὐτὸ
639 1231 687 1257 καὶ
700 1231 731 1258 τὸ
754 1233 887 1261 καθόλου

92 1265 151 1316 τῇς
170 1267 353 1316 ἀποιδείξεως
363 1271 382 1306 ·)
397 1272 534 1305 ἀξιοῦνται
550 1275 597 1302 καὶ
608 1277 634 1302 αἱ
646 1277 732 1313 ψυχαὶ
740 1279 796 1307 τῶν
810 1280 886 1316 ισαγ-

91 1311 191 1357 γέλων.
225 1313 274 1340 Διὰ
307 1315 386 1343 τοῦτο
398 1336 406 1349 ,
430 1317 525 1354 νόησαι
550 1318 646 1348 δὲ’καὶ
664 1311 784 1356 ἐνιαίως,
800 1324 838 1357 ὠς
851 1311 885 1353 ἀν

189 1365 241 1391 τις,
258 1360 379 1388 νοοῦσιν
396 1362 413 1398 ἤ
427 1364 474 1391 καὶ
494 1364 591 1399 ἄλλως,
615 1367 660 1394 ὅτε
677 1368 713 1405 μὴ
727 1369 770 1396 διὰ
792 1356 883 1406 λόγου,

91 1402 162 1430 ἀλλὰ
174 1404 344 1434 δι’ὲπιπόνου
363 1409 410 1436 καὶ
422 1411 481 1437 κατ’
495 1411 594 1448 ἀρετὴν
608 1402 726 1447 ἕξεωςξὸ
737 1416 783 1442 καὶ
797 1402 884 1453 κρείκιζ

90 1457 149 1480 τον,
170 1451 210 1482 είς
233 1451 263 1478 τὸ
277 1453 377 1481 ἐνιαῖον
404 1456 454 1491 τῆς
469 1457 595 1492 γνώσεως
622 1460 768 1494 φθάνουσι·
792 1451 883 1497 καθὼς

90 1494 165 1522 ἔστιν
175 1496 239 1523 ίδεῖν
247 1498 277 1525 ὲν
289 1500 345 1531 τοῖς
352 1501 480 1535 μεγάλοις
490 1503 538 1530 καὶ
555 1503 636 1537 θείοις
645 1508 779 1543 πατράσιν
793 1494 881 1544 ἡμῶν,

89 1542 147 1573 τοῖς
210 1543 264 1570 ἀπὸ
279 1545 435 1581 μαθήσεως,
448 1548 506 1575 ἀλλ’
520 1549 574 1576 ἀπὸ
588 1551 772 1589 καθαρότητος
786 1542 836 1590 tiri;
847 1556 881 1582 δι’

951 274 1025 302 muni
1051 276 1227 311 cognitione.
1254 278 1402 307 divisibilia
1433 281 1598 317 sensiliaque
1624 283 1737 312 coliec'a

950 328 1094 351 commune
1117 324 1182 357 quid
1210 324 1325 353 faciunt.
1366 326 1434 354 Nam
1453 335 1486 356 ex
1507 336 1540 356 eo
1561 331 1634 364 quod
1659 331 1736 358 multi

948 366 1107 403 frequenter
1116 369 1150 397 ad
1167 369 1255 405 ignem
1273 371 1389 406 aliquem
1417 375 1580 404 accedentes
1609 376 1735 404 calefacti

948 413 1012 448 sint,
1025 415 1163 443 communi
1183 417 1278 445 notitia
1294 423 1437 453 acceptum
1462 425 1513 452 est.
1525 429 1633 449 omnem
1645 423 1734 458 ignem

947 461 1108 495 calefacere.
1125 470 1178 498 qua
1205 465 1342 492 communi
1361 465 1457 493 notitia
1484 466 1631 495 informata
1659 477 1735 497 mens

948 512 1054 540 nostra,
1063 514 1097 535 ex
1109 515 1141 535 ea
1155 508 1294 544 quidpiam
1308 509 1380 537 aliud
1391 510 1490 544 discit;
1503 513 1576 546 quod
1590 520 1643 541 non
1653 514 1735 542 habet

946 554 1035 583 locum
1056 556 1083 584 in
1103 556 1206 592 angelis
1223 568 1229 586 :
1244 558 1293 586 sed
1318 559 1352 587 ab
1374 560 1449 587 omni
1469 562 1616 596 materiali,
1637 563 1664 590 id
1690 569 1734 592 est

946 603 1067 631 sensibili
1086 603 1265 633 divisibilium
1290 607 1433 635 notionum
1462 608 1636 637 multitudine
1659 612 1733 645 puri,

945 651 1119 680 uniformiter
1145 660 1189 680 res
1209 653 1326 686 divinas.
1338 652 1484 689 mnon
1501 662 1597 684 omnes
1612 657 1731 691 quidem,

944 698 990 726 sed
1006 706 1074 734 quas
1088 707 1136 727 eos
1150 706 1229 727 nosse
1245 699 1286 727 ias
1300 704 1352 734 est,
1367 707 1416 734 per
1429 701 1551 730 divinam
1569 702 1734 731 illustratio-

944 751 1006 771 nem
1023 745 1187 781 lntelligunt,
1212 753 1266 782 qua
1291 745 1464 775 illustrantur
1492 752 1519 775 et
1536 750 1570 777 ad
1595 749 1732 778 unitatem

944 789 1125 819 informantur
1134 801 1140 819 :
1150 791 1178 820 in
1190 793 1240 820 hac
1250 793 1321 821 enim
1333 794 1384 822 sita
1393 799 1434 822 est
1442 802 1537 823 eorum
1548 795 1730 825 deiformitas.

945 835 997 864 Per
1008 836 1079 864 hanc
1088 844 1198 872 quoque
1211 838 1332 867 divinam
1352 840 1513 875 sapientiam
1534 841 1616 869 etiam
1633 842 1732 870 anima:

943 887 1122 916 ratiocinandi
1134 888 1188 916 vim
1201 889 1337 917 obtinent.
1361 890 1418 918 Cur
1431 896 1523 919 autem
1548 899 1603 919 non
1625 893 1730 929 νοερόν,

942 940 990 960 seu
999 934 1175 970 intelligendi,
1189 936 1236 963 sed
1247 935 1366 970 λογικόν,
1380 936 1405 963 id
1422 941 1463 964 est
1484 938 1662 965 ratiocinandi
1675 939 1729 966 vim

941 979 1053 1013 dixerit,
1064 988 1098 1009 ex
1121 981 1271 1010 abundanti
1298 981 1472 1010 manifestum
1486 983 1532 1016 ﬁt;
1548 984 1639 1012 omnia
1655 985 1729 1012 enim

940 1026 1057 1061 quaebic
1069 1026 1169 1055 anima:
1190 1033 1301 1062 norunt,
1319 1036 1369 1064 per
1381 1028 1457 1057 fusas
1481 1031 1603 1058 rationes
1627 1037 1659 1058 ac
1681 1031 1729 1058 de-

940 1072 1163 1106 monstrationes,
1176 1074 1300 1108 quinimo
1312 1074 1395 1102 etiam
1407 1082 1458 1109 per
1474 1076 1645 1104 sensatioues
1655 1076 1727 1103 divi-

940 1117 1034 1146 sibiles
1050 1119 1213 1155 percipiunt.
1241 1120 1413 1148 lntellectilia
1427 1128 1493 1149 vero
1517 1123 1609 1150 anima
1631 1122 1730 1150 intelli-

939 1163 989 1199 git,
1003 1171 1057 1191 non
1079 1163 1114 1192 in'
1130 1170 1263 1201 quantum
1277 1167 1368 1194 anima
1384 1167 1517 1195 rationem
1531 1168 1626 1200 habet,
1637 1168 1685 1196 sed
1699 1169 1726 1198 in

938 1214 1070 1244 quantum
1088 1218 1167 1239 mens
1181 1216 1224 1239 est
1237 1219 1286 1240 seu
1315 1212 1470 1240 intellectus
1486 1221 1494 1241 :
1511 1219 1576 1242 tunc
1591 1215 1666 1242 enim
1685 1215 1728 1242 in-

939 1255 1037 1291 telligit
1062 1263 1140 1284 mens
1165 1257 1360 1293 intelligibilia,
1375 1261 1486 1295 quando
1508 1264 1536 1288 et
1555 1261 1673 1288 animam
1698 1265 1727 1288 et

938 1303 1114 1337 semetipsam
1129 1303 1241 1332 deserit.
1273 1304 1330 1333 Hoc
1345 1306 1484 1342 signiﬁcat
1496 1315 1605 1342 quoque
1619 1307 1726 1335 divinus

936 1351 1082 1386 Apostolus
1104 1352 1198 1381 dicens
1213 1362 1220 1380 :
1237 1353 1368 1382 Animalis
1384 1355 1460 1384 homo
1478 1365 1530 1385 non
1540 1359 1609 1393 capit
1623 1366 1653 1386 ea
1667 1366 1727 1394 qua!

936 1402 997 1424 sunt
1015 1399 1124 1434 spiritus
1135 1404 1159 1427 ν.
1193 1400 1328 1429 Deﬁciunt
1348 1402 1440 1439 itaque
1468 1404 1566 1432 anima:
1592 1404 1626 1432 ab
1643 1405 1726 1433 unitis

936 1446 989 1474 illis
1005 1452 1033 1474 et
1048 1447 1180 1483 angelicis
1196 1448 1333 1477 mentibus
1349 1450 1480 1478 varietate
1492 1455 1521 1478 et
1534 1451 1725 1479 divisibilitate

935 1493 1087 1529 omnigeuzc
1100 1494 1276 1529 cognitionis.
1292 1495 1398 1524 Deinde
1410 1504 1471 1524 cum
1486 1504 1525 1524 ere
1539 1497 1724 1532 cognitiones,

936 1545 998 1572 quae
1013 1539 1162 1566 secundum
1179 1540 1286 1568 animas
1314 1541 1393 1574 ﬁunt,
1409 1542 1436 1569 in
1460 1549 1544 1569 unum
1563 1543 1722 1577 conglome-

90 1577 200 1635 ἀρετὴν,
216 1591 257 1622 είς
279 1577 400 1626 μεγάλας
415 1577 542 1630 ⁷θεωρίας
562 1577 688 1631 ἐλθοῦσί,
698 1577 881 1635 νζῗγνῶξτενιξ

937 1588 1029 1611 rantur
1042 1584 1106 1620 (hoc
1120 1585 1194 1612 enim
1208 1590 1250 1613 est
1262 1586 1343 1614 etiam
1357 1589 1502 1614 secundum
1514 1596 1542 1615 se
1554 1593 1582 1615 et
1596 1589 1723 1617 universa:

90 1631 255 1672 θειατέραςῆ
273 1637 343 1664 κατὰ
356 1638 509 1675 ἄνθρωπον.
526 1642 586 1669 Ἐτι
600 1643 650 1670 οὐκ
661 1644 695 1671 ἂν
713 1631 823 1684 ἁμάρτῃ
838 1631 880 1680 τις

89 1679 136 1706 καὶ
161 1681 225 1716 περὶ
243 1682 297 1710 τῶν
319 1684 472 1720 αἰσθήσεων
487 1687 706 1725 ἀποφηνάμενος,
729 1679 879 1720 dit-15520;

87 1725 314 1776 ταῖοντάπήχημα
333 1729 383 1764 τῆς
397 1730 471 1763 θείας
487 1732 583 1767 σοφίας
610 1735 680 1762 εἰσίν
690 1745 696 1751 ι
718 1737 810 1773 ἔχουσι
824 1739 879 1776 γὰρ

88 1770 135 1797 καὶ
146 1768 225 1798 αὗται
247 1772 302 1804 ἕξιν
322 1774 383 1801 τινὰ
405 1776 602 1815 ἀντιληπτικὴν
616 1780 671 1806 τῶν
693 1768 878 1819 ὑποκειμένων

89 1816 135 1842 καὶ
151 1818 313 1854 γνωστικὴν,
330 1820 354 1846 εί
374 1821 421 1847 καὶ
438 1825 603 1858 σωματικῶν
627 1827 823 1864 αἰσθητηρίων,
842 1830 877 1857 δι’

88 1858 126 1889 ὧν
140 1863 189 1898 τῆς
206 1863 294 1899 ψυχῆς
307 1866 478 1901 παρακύψαι,
492 1869 637 1897 ἐνδέονται.
658 1874 688 1899 Οἱ
698 1858 727 1899 ée
739 1858 875 1909 δαίμονες,

88 1908 154 1935 καθὸ
173 1909 234 1936 νοῦν
250 1909 296 1936 καὶ
312 1911 389 1938 αὐτοὶ
406 1912 522 1948 ἔχουσιν,
534 1916 567 1942 ὲκ
580 1917 631 1952 τῆς
643 1919 739 1953 σοφίας
748 1908 795 1946 τοῦ
807 1919 875 1948 Θεοῦ

87 1953 178 1981 τοῦτον
192 1955 353 1991 κέκτηνται·
373 1957 555 1995 ἀλογήσαντες
564 1962 602 1995 δὲ,
619 1964 666 1990 καὶ
682 1964 720 2000 μὴ
735 1965 875 2000 μείναντες

86 1998 153 2035 ὅπερ
164 1998 245 2036 ἦσαν,
257 2001 393 2030 ἔκπτωσιν
402 2005 497 2040 σοφίας
510 2007 610 2041 μᾶλλον
623 1998 783 2045 ὑπέμειναν.
801 2011 875 2046 Ἐφί-

87 2052 144 2071 εται
158 2045 207 2093 μεν
219 2045 273 2082 γὰρ
289 2046 318 2079 ἐξ
331 2047 443 2083 ἀλογίας
454 2051 502 2078 καὶ
514 2051 584 2079 θέλει
597 2053 627 2080 τὸ
638 2054 739 2082 ἰσόθεον
752 2056 766 2082 ὁ
779 2045 874 2093 δαιμό-

87 2097 140 2121 νιος
153 2089 224 2123 νοῦς,
235 2092 286 2118 οὐκ
303 2091 356 2119 οἶδε
369 2094 398 2121 δὲ
409 2095 484 2128 ὅπως
498 2097 592 2125 τούτου
614 2101 706 2135 τυχεῖν
717 2101 829 2135 ἔνεστιν,
841 2104 871 2130 οὐ

87 2132 172 2183 φύσει,
182 2136 275 2164 παθὼν
282 2137 330 2174 τὴν
338 2139 457 2174 ἄγνοιαν,
467 2141 523 2169 ἀλλ’
532 2132 698 2177 ἑκουσίως-τὸ
706 2147 782 2183 παρὰ
792 2132 872 2183 φῦσιν

86 2179 251 2216 αἱρούμενος.
264 2183 345 2211 Ὥστε
352 2186 399 2213 καὶ
408 2187 469 2214 ἐπεὶ
476 2187 560 2225 ὴλογη
564 2189 643 2225 μένος
653 2192 726 2218 ἐστὶν
733 2179 809 2220 ὁΙτῶν
817 2194 872 2221 δαι-

932 1630 1179 1660 demonstrationis)
1195 1633 1294 1660 animae
1307 1640 1415 1668 quoque
1426 1634 1533 1668 angelis
1547 1635 1721 1670 mquiparan-

931 1679 986 1703 tur.
1009 1675 1114 1704 Idcirco
1132 1677 1274 1706 considera
1290 1679 1372 1708 etiam
1386 1684 1416 1706 ut
1440 1679 1532 1713 unite,
1557 1683 1586 1706 ul.
1606 1680 1642 1708 ita
1661 1681 1722 1715 quia

931 1720 1042 1754 dixerit,
1056 1722 1230 1758 intelligant:
1247 1724 1357 1758 quando
1376 1724 1502 1752 videlicet
1525 1724 1592 1752 alias
1606 1733 1659 1752 non
1673 1733 1722 1760 per

930 1766 1075 1800 rationem,
1096 1768 1143 1796 sed
1154 1776 1204 1804 per
1217 1770 1330 1797 arduum
1346 1770 1494 1806 virtutique
1504 1778 1652 1805 congruum
1664 1770 1717 1798 lia-

929 1812 1027 1846 hitum,
1050 1815 1123 1849 quod
1137 1816 1231 1850 utique
1243 1817 1417 1852 przestautius
1442 1822 1493 1850 est,
1509 1818 1541 1845 ad
1556 1818 1720 1852 cognitionis

929 1859 1063 1887 unitatem
1076 1861 1248 1895 pertingunt;
1276 1861 1347 1889 sicut
1362 1863 1454 1890 videre
1479 1863 1543 1890 licet
1557 1863 1584 1890 in
1608 1864 1716 1898 magnis

928 1911 961 1932 ac
978 1905 1077 1934 divinis
1105 1905 1232 1935 Patribus
1261 1908 1373 1941 nostris,
1397 1908 1444 1944 qui
1476 1917 1529 1936 non
1550 1909 1714 1943 eruditione,

927 1951 975 1979 sed
992 1953 1122 1986 puritate,
1137 1959 1187 1988 per
1206 1953 1337 1982 virtutem
1363 1955 1397 1982 ad
1414 1962 1527 1990 magnas
1550 1956 1718 1990 contempla-

927 1998 1014 2027 tiones
1037 1999 1248 2035 divinioresque,
1272 2007 1332 2035 quae
1350 2001 1497 2029 humanum
1513 2006 1621 2037 captum
1634 2010 1715 2037 supe-

924 2050 996 2077 rent,
1010 2046 1178 2082 cognitiones
1200 2052 1392 2081 pervenerunt.
1414 2048 1455 2075 Ad
1470 2048 1527 2075 bzec
1541 2055 1712 2082 nequaquam

925 2091 1072 2125 aberrabit,
1088 2093 1135 2127 qui
1151 2100 1249 2120 sensus
1261 2101 1368 2128 quoque
1383 2094 1457 2129 ipsos
1468 2098 1621 2121 extremum
1633 2094 1713 2129 quasi

923 2139 1068 2174 quamdam
1081 2139 1178 2167 divinae
1197 2141 1335 2175 sapientia:
1350 2140 1534 2168 resonantiam
1548 2140 1709 2175 appellarit:

923 2192 986 2212 nam
997 2190 1025 2213 et
1038 2185 1089 2221 ipsi
1103 2186 1203 2213 habent
1213 2186 1335 2213 habitum
1349 2186 1505 2221 quemdam,
1517 2193 1570 2221 quo
1587 2185 1632 2213 illa
1651 2193 1713 2222 quae

88 2226 181 2260 μονίων
190 2228 261 2260 νοῦς,
273 2230 302 2256 οὐ
312 2232 402 2266 σοφὸς,
411 2232 479 2260 ἀλλὰ
491 2235 586 2269 σοφίας
593 2236 780 2271 ἐκπεπτωκὼς
792 2240 874 2277 ῥηθή-

937 2232 959 2260 is
974 2232 1157 2268 subjiciuntur
1169 2233 1304 2268 recipiant
1315 2237 1342 2260 et
1355 2236 1534 2268 cognoscant,
1551 2239 1710 2268 quanquam

87 2280 167 2300 σεται.
189 2273 257 2301 Ἀλλ’
267 2276 308 2302 ὅτι
324 2276 374 2312 μὲν
385 2279 403 2314 ἠ
417 2278 476 2306 θεία
492 2281 572 2316 σοφία
588 2283 689 2316 παντὸς
705 2285 752 2312 νοῦ
769 2273 870 2313 κοιὶ-λόζ

940 2279 1064 2314 orporeis
1079 2279 1270 2307 instrumentis
1285 2280 1423 2308 sensitivis
1441 2287 1509 2314 opus
1524 2280 1652 2313 habeant,
1663 2288 1712 2315 per

85 2327 140 2353 γου,
153 2319 200 2345 καὶ
220 2320 310 2357 πάσης
322 2323 474 2360 αἰσθήσεως
486 2325 632 2360 ὐποστάτις
643 2329 702 2356 ἐστὶ
729 2332 776 2358 καὶ
797 2333 870 2360 αίτία

937 2333 982 2360 ius:
1004 2326 1094 2353 anima
1108 2326 1264 2361 prospiciat.
1290 2327 1431 2354 Dcemones
1443 2334 1518 2358 vero,
1533 2326 1559 2353 in
1575 2332 1708 2362 quantum

83 2365 201 2401 εἴρηται,
224 2367 284 2400 πῶς
303 2369 332 2396 δὲ
344 2371 426 2404 αὐτὸς
449 2373 463 2399 ὁ
484 2373 639 2410 ὑπέρσοφος
665 2376 731 2409 Θεὸς
757 2380 813 2406 νοεῖ
834 2380 869 2407 τὰ

939 2371 1015 2407 tipsi
1040 2377 1159 2399 mentem
1177 2372 1290 2406 habent,
1302 2381 1336 2400 ex
1356 2373 1449 2400 divina
1477 2373 1611 2408 sapientia
1637 2381 1711 2400 eam-

87 2411 201 2460 Joqra,ﬂ
214 2412 249 2440 τὰ
263 2415 380 2452 αίσθητά
391 2437 398 2451 ,
414 2419 482 2454 μηδὲ
503 2421 599 2457 νοεράς
623 2421 692 2458 ἔχων
715 2424 866 2460 ἐνεργείας,

938 2427 981 2448 em
997 2424 1208 2455 compararunt;
1229 2428 1243 2447 a
1261 2421 1366 2448 ratione
1380 2425 1471 2448 autem
1503 2420 1604 2453 aversi,
1621 2427 1712 2455 neque

87 2458 127 2506 ea).
140 2458 228 2506 πάσης
244 2461 396 2502 αἰσθήσεως
410 2465 638 2503 ὑπεριδρυμένος;
650 2469 746 2496 Καίτοι
757 2458 823 2506 φασὶ
831 2458 866 2500 τά

937 2467 947 2494 l
971 2467 1043 2502 quod
1068 2472 1148 2494 erant
1178 2473 1380 2503 permanentes,
1395 2466 1598 2502 prolapsionem
1631 2474 1646 2494 a
1662 2474 1709 2494 sa-

85 2503 138 2551 θεῖα
153 2505 200 2551 καὶ
214 2506 273 2551 ιερὰ
287 2509 441 2544 Εὐαγγέλια
453 2532 460 2544 ,
473 2513 564 2547 Κύριε
573 2533 580 2546 ,
600 2514 641 2542 σὺ
654 2515 752 2544 πάντα
763 2503 864 2551 ὀϊδας.

937 2513 1019 2541 ientia
1035 2513 1126 2548 potius
1138 2514 1335 2542 sustinuerunt.
1356 2514 1496 2549 Siquidem
1516 2521 1593 2540 mens
1605 2513 1708 2540 daemo-

89 2549 190 2611 Ῥηξέον
201 2550 259 2586 οὖν,
271 2554 340 2590 ὅπερ
355 2555 423 2592 ἔφην
434 2557 572 2592 πολλάκις,
584 2560 625 2588 ὅτι
635 2561 670 2588 τὰ
683 2561 753 2589 κατὰ
767 2549 866 2600 στέρτξ.

89 2604 121 2611 ....
144 2598 312 2611 -..1.._..__Lt
337 2602 357 2611 η
390 2602 404 2608 η
478 2605 485 2611 .
537 2606 543 2611 .
573 2607 579 2611 .
657 2608 662 2611 .
698 2609 704 2611 .
840 2610 845 2611 γ

937 2558 994 2587 iaca
1013 2566 1048 2586 ex
1073 2559 1280 2588 irrationalitate
1306 2559 1392 2588 ambit
1422 2561 1450 2586 et
1480 2559 1589 2587 aﬁ‘ectat
1616 2565 1708 2611 aequa:

84 2596 260 2645 σινλεγόμενα
270 2601 317 2628 ἐπὶ
336 2602 415 2636 Θεοῦ,
444 2605 490 2632 καὶ
515 2606 550 2633 τὰ
571 2607 681 2635 ἐναντία
693 2596 866 2645 ὑπεροχικιῖις

938 2609 1021 2633 tatem
1049 2605 1111 2638 Dei,
1138 2605 1186 2634 sed
1219 2606 1306 2634 nescit
1332 2605 1468 2641 quomodo
1502 2613 1562 2633 eam
1594 2605 1705 2640 assequi

84 2641 207 2676 νοοῦνται,
220 2645 250 2671 τὸ
266 2645 373 2681 ἄλογον,
389 2647 419 2675 τὸ
436 2648 527 2682 ἄνουν,
542 2650 573 2677 τὸ
584 2651 705 2686 ἀναφὲς,
731 2641 761 2679 τδ
781 2641 865 2689 ίᾶύραζ

937 2652 1020 2684 ossit;
1035 2658 1088 2679 non
1104 2652 1178 2687 quod
1198 2656 1295 2679 natura
1315 2651 1444 2686 ignorans
1463 2650 1509 2683 sit,
1531 2651 1579 2678 sed
1605 2649 1705 2678 volun-

84 2695 140 2720 τον,
163 2687 232 2716 ὥστε
257 2692 272 2719 ὀ
298 2691 368 2725 θεῖος
396 2693 459 2726 νοῦς
474 2695 565 2724 πάντα
585 2697 703 2734 συνέχει,
717 2699 789 2726 κατά
802 2708 864 2726 τινα

85 2732 245 2749 liam-"1...“
262 2738 315 2749 -.ηπ
324 2747 343 2749 η
456 2740 465 2749 ε
517 2741 524 2749 ι
585 2743 591 2749 .
656 2745 662 2749 .
766 2745 787 2749 ..-

937 2697 988 2725 irie
1007 2698 1033 2725 id
1059 2699 1131 2733 quod
1153 2703 1248 2726 contra
1264 2700 1398 2732 jnaturam
1420 2702 1462 2725 est
1484 2697 1579 2733 eligat.
1617 2696 1703 2749 (inde,

85 2732 245 2795 δξῃρξμένην
262 2738 362 2771 γνῶσιν
377 2740 550 2777 προειληφὼς
566 2743 614 2780 τὴν
627 2732 736 2772 παντων
750 2745 862 2781 εἴδησιν,

85 2779 118 2795 ιιι,
131 2789 144 2795 -
156 2789 211 2795 -...-
223 2782 331 2795 _L.._.
359 2793 363 2795 .
392 2786 399 2795 \
447 2787 452 2795 ι
538 2789 574 2795 .-ι
616 2789 627 2795 .
646 2790 657 2795 α
676 2790 686 2795 -
786 2792 791 2795 .
829 2793 834 2795 .

937 2752 944 2770 ι
969 2732 1100 2779 quantum
1122 2751 1199 2772 mens
1227 2744 1380 2772 demonum
1411 2752 1427 2772 a
1457 2744 1564 2771 ratione
1592 2741 1700 2795 deﬁcit.

84 2779 118 2812 ὼς
131 2780 211 2814 αι’τιος
223 2782 341 2817 πάντων,
357 2786 404 2813 καὶ
419 2787 507 2816 πάντα
521 2789 599 2823 είδὼς
615 2789 730 2825 ἔνδοθεν,
750 2792 797 2820 καὶ
803 2779 860 2820 ὀὐκ

937 2797 1086 2826 equaquam
1104 2792 1234 2828 sapiens,
1260 2792 1310 2820 sed
1330 2799 1345 2820 a
1365 2791 1498 2828 sapientia
1511 2789 1643 2819 deiecisse
1661 2788 1705 2817 di-

121 2876 132 2892 ν
147 2872 155 2901 l
170 2873 233 2903 Cor.
253 2883 283 2911 ιι,
302 2876 347 2906 ﬂ.
