1929 3061
180 176 234 206 885

764 178 792 206 S.
814 177 963 206 DlONYSll
981 175 1212 204 AREOPAGITE

1747 177 1802 206 884

179 238 268 262 cetur.
284 232 366 271 5.69
380 234 433 262 Sed
451 233 578 269 quoniam
597 235 689 263 divina
709 234 849 270 Sapientia
871 237 959 263 omnis

1015 234 1039 267 ἐξ
1051 234 1141 266 ἄλλου,
1156 234 1172 269 ἢ
1188 233 1231 261 διά
1244 242 1314 266 τινος
1328 234 1410 269 ἄλλης
1422 234 1651 271 προϋπαρχούσης
1659 234 1798 270 γνώσεως·

178 279 280 307 mentis
294 284 322 307 et
338 280 451 308 rationis
465 281 608 316 omnisque
623 289 720 309 sensus
731 281 852 309 eﬂ‘ectrix
869 286 959 315 etest,

177 329 207 351 et
220 332 303 352 causa
319 326 429 358 dicitur,
444 326 579 361 quomodo
593 327 706 361 ipsemet
726 335 890 362 supraquam
914 335 959 355 sa-

179 371 259 405 piens
277 372 348 399 Deus
364 372 492 407 intelligit
517 372 697 408 intelligibilia
724 374 882 406 sensiliave,
899 381 961 402 cum

179 424 269 452 neque
289 418 471 453 intelligentes
490 418 590 446 habeat
607 420 780 454 operationes
794 440 802 452 ,
824 425 852 448 et
877 427 960 454 supra

179 470 289 490 omnem
306 471 415 491 sensum
431 465 466 491 sit
479 464 650 492 collocatus?
664 466 792 493 Attamen
806 466 897 493 divina
910 473 958 493 sa-

180 515 280 543 craque
291 508 434 543 Evangelia
450 509 559 537 dicunt:
573 509 692 543 Domine,
704 514 732 537 tu
743 511 831 538 omnia
846 512 913 538 nosti
924 512 959 537 ν’.

180 554 330 582 Dicendum
343 555 445 589 itaque,
464 554 535 590 quod
551 555 605 582 dixi
619 556 726 590 saepius,
753 556 823 590 quod
837 564 898 591 qua;
912 564 961 591 per

178 600 361 634 privationem
377 601 410 628 de
424 600 479 628 Deo
494 601 634 634 dicuntur,
645 606 672 629 et
684 603 833 635 contraria,
849 609 897 637 per
913 609 961 629 ex-

179 645 333 673 cellentiam
345 646 541 682 intelligantur,
560 652 589 674 ut
604 647 772 681 irrationale,
797 656 902 680 amens,
919 648 961 676 in-

179 692 282 725 tactile,
300 692 445 726 invisibile,
467 693 505 720 ita
521 697 550 720 ut
563 693 655 721 divina
677 702 753 722 mens
764 694 854 722 omnia
872 695 960 723 conti-

178 743 254 770 neat,
272 738 420 765 secundum
435 739 601 767 eminentem
616 740 761 774 quamdam
776 741 960 775 cognitionem

179 784 302 811 omnium
316 785 441 812 notitiam
457 785 641 820 anticipando,
659 790 788 821 tanquam
803 794 885 814 causa
901 794 961 814 om-

179 829 255 856 nium
267 831 417 865 omniaque
431 830 584 859 intrinsece
599 839 726 865 noscens,
740 837 766 860 et
779 840 831 860 non
848 840 881 859 ex
895 832 958 867 alio,

179 883 269 910 neque
282 883 330 911 per
352 877 469 912 aliquam
484 877 566 905 aliam
580 879 815 913 praeexsistentem
828 878 962 914 cognitio-

1013 281 1058 306 καὶ
1074 281 1121 307 ἀπ’
1135 280 1221 315 αὐτῆς
1237 280 1287 314 τῆς
1301 280 1388 316 ἀρχῆς
1403 281 1481 313 εἰδὼς
1491 301 1498 313 ,
1513 282 1542 308 οὺ
1565 281 1615 316 τῆς
1633 281 1720 317 ἀρχῆς
1745 282 1802 308 τῶν

1013 326 1217 362 παραχθέντων,
1231 326 1298 353 ἀλλὰ
1309 327 1357 362 τῆς
1371 327 1518 362 καθολικῆς
1535 328 1623 364 ἀρχῆς
1642 328 1689 354 τοῦ
1709 328 1779 355 Θεοῦ
1792 337 1800 344 ν

1012 372 1091 408 ὅπερ,
1114 373 1174 399 ἐπεὶ
1193 373 1242 399 οὐκ
1270 373 1368 408 εὐαγές
1391 375 1448 400 ἐστι
1477 374 1626 410 λαμϐάνειν
1647 375 1693 401 ὲπὶ
1720 374 1800 407 Θεοῦ,

1013 418 1144 454 (ἄναρχος
1158 418 1212 454 γὰρ
1227 418 1273 445 καὶ
1289 419 1477 456 ὑπεράναρχος
1490 420 1504 446 ὁ
1521 420 1608 456 Θεός.)
1627 420 1738 447 ἐκόλασε
1756 421 1802 447 διὰ

1011 464 1069 496 τοῦ,
1083 464 1228 491 Ἶν¹εῐπω.
1246 464 1344 496 Καλῶς
1366 465 1431 499 γοῦν
1446 466 1493 492 καὶ
1512 467 1526 492 ὁ
1551 466 1638 501 μέγας
1663 466 1803 498 Βασίλειος

1012 509 1126 545 τίθησιν,
1139 510 1179 536 ὅτι
1188 510 1240 536 είσί
1249 519 1320 542 τινα,
1330 510 1434 546 ἄναρχα
1445 511 1504 546 μὲν,
1513 511 1641 547 τελευτὴν
1652 511 1680 538 δὲ
1693 512 1800 547 ἔχοντα,

1012 554 1096 588 λέγων
1109 553 1158 585 τὰς
1171 554 1245 586 θείας
1255 555 1305 590 τῆς
1318 555 1497 590 δημιουργίας
1509 556 1614 591 νοήσεις
1624 564 1631 570 ·
1649 556 1696 582 ἀπ’
1711 556 1802 592 ἀρχῆς

1012 600 1075 634 γὰρ,
1088 599 1120 625 ἵν’
1136 599 1222 631 οὕτως
1235 599 1304 626 εἴπω
1314 620 1320 631 ,
1348 600 1422 635 παρὰ
1440 599 1479 635 τῷ
1493 599 1650 635 δημιουργῷ
1673 601 1698 626 οί
1723 600 1802 634 λόγοι

1012 646 1061 680 τῆς
1073 646 1196 677 κτίσεως.
1211 644 1260 672 Διὰ
1272 646 1350 672 τοῦτο
1362 646 1416 681 γὰρ
1430 646 1537 680 λέγεται
1550 647 1597 672 καὶ
1607 646 1647 672 τό·
1674 646 1705 672 '0
1715 645 1804 678 εἰδὼς

1012 690 1109 716 πάντα
1116 690 1186 725 πρὶν
1193 691 1337 726 γενέσεως
1346 691 1444 718 αὐτῶν
1452 700 1458 706 ·
1473 688 1509 718 ὧν
1515 691 1563 726 τὴν
1575 691 1693 725 γένεσιν,
1707 692 1756 717 οὐκ
1769 692 1804 716 ὲκ

1011 736 1058 762 τοῦ
1069 736 1287 771 καταμανθάνειν
1299 736 1368 762 αὐτὰ
1381 737 1460 764 ὁποῖά
1472 737 1533 764 τινά
1544 738 1612 763 εἰσιν
1628 737 1683 772 ἔχει
1693 745 1700 751 ·
1722 736 1805 762 τοῦτο

1012 782 1065 817 γὰρ
1073 782 1215 818 ἐδήλωσεν,
1223 782 1316 815 εἰπών,
1328 784 1382 810 οὐκ
1389 782 1423 809 ἐκ
1434 782 1593 810 τῶνόντων
1600 782 1636 809 τὰ
1648 782 1719 808 ὄντα
1726 790 1805 816 μαν-

1012 828 1174 860 admonui
1184 828 1224 860 τὸ,
1238 829 1273 855 οὐ
1288 828 1350 855 κατ’
1367 828 1450 855 ἰδέαν
1467 827 1606 861 ἑκάστοις
1621 828 1802 861 ὲπιὸἀλιων,

1012 873 1068 900 ἀλλ’
1078 873 1115 906 ὡς
1127 874 1240 910 ποιητὴς
1253 874 1354 901 τούτων
1366 874 1414 909 τὴν
1422 874 1523 910 εἴδησιν
1533 874 1588 900 τῶν
1598 875 1705 901 οἰκείων
1712 874 1805 910 ἔργων

179 930 258 954 nem;
274 926 302 949 et
311 922 345 949 ab
357 923 416 958 ipso
430 923 506 951 initio
519 931 648 956 noscens,
665 931 719 952 non
728 924 762 951 ab
776 924 854 951 initio
872 931 962 951 rerum

1015 921 1136 956 προέχει,
1152 919 1230 952 εἰδὼς
1242 921 1314 952 ὅπως
1326 920 1396 947 αὐτὰ
1414 921 1461 947 καὶ
1478 921 1521 954 ἐφ’
1538 918 1578 952 οἷς
1595 920 1712 956 παράξει
1733 921 1805 956 πρὸς

179 968 383 1002 productarum,
399 969 446 996 sed
471 970 506 997 ab
524 970 672 997 universali
695 970 774 997 initio
800 970 873 1003 Deo;
890 970 963 1005 quod

179 1022 240 1041 cum
255 1022 309 1042 non
325 1015 394 1043 satis
409 1017 553 1044 commode
566 1016 592 1044 in
607 1017 661 1044 Deo
675 1016 760 1051 accipi
781 1017 866 1051 possit
881 1016 962 1052 (quo-

179 1060 254 1086 niam
269 1059 340 1088 Deus
352 1060 411 1088 sine
426 1060 504 1088 initio
523 1065 576 1097 est,
597 1065 625 1088 et
639 1061 783 1096 plusquam
796 1061 854 1088 sine
869 1060 961 1096 initio)

180 1106 303 1134 correxit
316 1106 382 1133 illud
400 1107 540 1134 addendo:
555 1106 590 1134 Ut
605 1107 642 1134 ita
656 1107 755 1134 dicam.
773 1107 856 1134 Recte
880 1106 963 1141 igitur

179 1153 263 1180 etiam
280 1160 396 1187 magnus
409 1152 526 1180 Basilius
544 1153 593 1187 ait,
607 1153 730 1187 quaedam
750 1160 812 1181 esse
831 1160 891 1188 qua:
901 1152 963 1187 qui-

180 1198 240 1225 dem
253 1198 387 1233 prineipio
402 1202 509 1230 carent,
525 1199 572 1226 sed
588 1198 669 1226 ﬁnem
687 1198 798 1231 habent,
819 1203 848 1226 ut
866 1198 964 1226 divinae

180 1244 234 1271 illa:
248 1245 395 1272 creationis
410 1245 651 1280 cogitationes;ab
666 1245 744 1273 initio
765 1245 850 1277 enim,
876 1250 907 1272 ut
924 1245 963 1272 ita

180 1290 283 1322 dicam,
296 1292 368 1325 apud
384 1290 541 1319 Creatorem
556 1290 634 1319 fuere
660 1292 779 1319 rationes
802 1292 962 1319 creationis.

179 1335 246 1362 Nam
271 1336 372 1363 idcirco
394 1336 494 1364 dicitur
512 1345 518 1363 :
538 1336 589 1369 Qui
606 1337 675 1364 nosti
698 1337 787 1363 omnia
811 1338 964 1372 priusquam

179 1381 245 1416 ﬁant
255 1383 309 1414 ν“;
323 1389 438 1416 quorum
449 1382 581 1416 originem
593 1383 676 1412 novit.
692 1390 745 1409 non
757 1381 826 1416 quod
838 1382 916 1409 exiis
925 1382 964 1409 di-

181 1431 242 1453 scat
254 1427 347 1461 qualia
360 1427 425 1460 sint,
444 1427 482 1454 uti
500 1427 651 1455 declaravit
666 1427 776 1455 dicens:
799 1427 857 1455 Non
872 1435 903 1454 ex
921 1435 965 1454 re-

179 1471 231 1498 bus
244 1472 311 1506 ipsis
325 1480 369 1500 res
383 1473 502 1506 discens,
518 1482 606 1508 neque
620 1474 734 1509 singulis
749 1474 898 1501 secundum
913 1482 962 1501 cu-

178 1525 277 1553 jusque
290 1519 410 1553 speciem
436 1518 601 1552 intendcns,
632 1520 679 1546 sed
701 1525 829 1554 tanquam
855 1524 963 1547 creator

998 968 1001 1004 ί
1015 966 1129 1000 γένεσιν.
1155 963 1204 992 Ὧν
1225 967 1241 1002 ὴ
1260 966 1422 1002 παρατροπὴ
1434 967 1508 1002 καὶὴ
1529 966 1646 1001 ἔλλειψις
1658 987 1666 998 ,
1689 967 1772 1001 ἤγουν
1786 968 1803 1003 ἡ

998 1006 1001 1024 έ
1014 1011 1148 1046 ἀποτυχία
1161 1011 1208 1038 καὶ
1219 1013 1236 1047 ἡ
1251 1011 1396 1047 ἀδυναμία,
1407 1013 1438 1038 τὸ
1448 1012 1532 1039 κακὸν
1544 1013 1658 1046 εἰσάγει,
1681 1014 1713 1047 τῇ
1739 1020 1804 1038 στε-

1016 1057 1148 1093 ρήσειτοῠ
1158 1058 1228 1085 κατὰ
1242 1058 1322 1093 φύσιν
1342 1058 1371 1084 τὸ
1392 1058 1467 1094 παρὰ
1491 1058 1570 1093 φύσιν
1590 1058 1714 1085 ποιοῦσα.
1730 1058 1806 1094 Πρὸς

1013 1104 1095 1131 τοῦτο
1106 1104 1160 1140 γὰρ
1176 1105 1205 1131 τὸ
1223 1104 1271 1131 τοῦ
1287 1105 1376 1139 φωτὸς
1398 1105 1559 1140 παρήγαγεν
1581 1105 1733 1140 ὑπόδειγμα
1744 1113 1751 1119 ·
1769 1105 1805 1139 τῇ

1014 1150 1069 1186 γὰρ
1085 1150 1179 1177 τούτου
1195 1150 1322 1185 στερήσει
1344 1150 1374 1176 τὸ
1388 1150 1483 1182 σκότος
1507 1150 1710 1184 παρυὶρίσταται
1723 1169 1731 1182 ,
1756 1150 1807 1176 καὶ

1014 1196 1104 1222 αἰτίαν
1117 1195 1172 1231 ἔχει
1183 1195 1232 1231 τὴν
1246 1195 1379 1222 ἀπουσίαν
1390 1196 1438 1230 τῆς
1453 1195 1500 1221 τοῦ
1514 1195 1603 1230 φωτὸς
1616 1196 1734 1230 φύσεως,
1752 1195 1806 1222 ὥσ-

1015 1250 1067 1277 περ
1084 1241 1196 1268 καὶτῶν
1216 1242 1369 1277 στερήσεων
1388 1243 1416 1268 αἱ
1441 1241 1511 1275 ἕξεις
1533 1241 1716 1277 ἁρχικώτεραι
1737 1251 1806 1277 τυγ-

1015 1292 1198 1326 χάνουσι,καὶ,
1214 1291 1251 1323 ὡς
1266 1291 1298 1318 ἄν
1315 1300 1357 1323 τις
1375 1290 1457 1323 εἴποι,
1471 1290 1564 1317 αἰτίαι.
1577 1290 1680 1325 Μηδεὶς
1694 1289 1760 1323 γοῦν
1771 1290 1806 1315 ἐκ

1014 1339 1116 1366 τούτων
1132 1340 1197 1374 πρὸς
1215 1339 1330 1371 ἀτόπους
1343 1339 1486 1373 ἐπαγὲσθω
1499 1338 1612 1370 ἐννοίας,
1624 1337 1694 1364 ὥστε
1713 1337 1806 1371 λέγειν

1015 1387 1128 1414 καὶτῶν
1146 1388 1238 1414 κακῶν
1257 1388 1285 1413 ἐν
1311 1385 1399 1421 ἑαυτῷ
1426 1386 1484 1412 κατ’
1497 1385 1586 1411 αίτίαν
1609 1384 1735 1420 προέχειν
1758 1383 1806 1409 τὸν

1014 1434 1090 1465 Θεὸν,
1103 1434 1186 1469 ήγουν
1194 1434 1282 1460 αἴτιον
1295 1433 1383 1460 αὐτῶν
1395 1434 1426 1459 ὲκ
1441 1432 1535 1458 τούτου
1549 1430 1709 1466 συνάγεσθαι
1722 1430 1806 1456 αὑτὸν

1015 1479 1099 1507 εἶναι·
1113 1481 1162 1516 ἤδη
1183 1479 1237 1515 γὰρ
1252 1479 1333 1511 ἔδειξε
1351 1480 1418 1515 μήτε
1432 1479 1472 1510 ὃν,
1489 1479 1556 1514 μήτε
1568 1479 1598 1504 ὲν
1615 1478 1671 1508 τοῖς
1689 1474 1750 1503 οὖσι
1773 1476 1806 1502 τὸ

1015 1527 1108 1554 κακόν.
1121 1526 1205 1553 Τοῦτο
1231 1526 1259 1552 δὲ
1281 1525 1356 1561 δηλοῖ
1371 1525 1418 1551 καὶ
1438 1525 1468 1551 τὸ
1490 1524 1674 1560 παράδειγμα.
1697 1522 1805 1557 ’Ὥσπερ

179 1571 290 1591 suorum
329 1572 443 1600 operum
473 1565 611 1600 prmliabet
638 1566 840 1601 cognitionem,
873 1565 963 1592 sciens

1015 1573 1069 1609 γὰρ
1085 1572 1152 1604 εἴτις
1165 1572 1291 1598 ὑπόθοιτο
1303 1572 1334 1598 τὸ
1352 1571 1409 1605 φῶς
1433 1570 1510 1597 τοῦτο
1534 1569 1565 1596 τὸ
1587 1568 1683 1604 ὁρατὸν
1699 1567 1804 1593 ιέννουν

179 1611 291 1645 quando
304 1615 332 1638 et
343 1611 443 1645 quibus
457 1612 544 1639 modis
558 1612 604 1639 illa
621 1612 657 1639 sit
670 1612 867 1646 producturus.
892 1611 963 1645 Quo-

181 1663 242 1683 rum
254 1658 394 1692 perversio
407 1662 435 1684 et
447 1657 572 1690 defectio,
590 1658 650 1685 sive
676 1657 817 1684 frustratio
830 1662 858 1684 et
877 1658 965 1691 inap0~

181 1703 281 1735 lentia,
297 1703 396 1730 malum
422 1703 583 1736 introducit,
599 1704 751 1739 privatione
764 1704 822 1738 ejus
833 1705 904 1738 quod
921 1712 964 1732 se-

181 1753 301 1780 cundum
318 1759 444 1781 naturam
460 1759 513 1786 est,
528 1753 554 1780 id
573 1754 645 1788 quod
663 1759 758 1782 contra
784 1759 908 1782 naturam
924 1758 966 1782 est

180 1801 368 1829 introducens.
382 1800 422 1828 Ad
435 1801 486 1828 hoc
504 1802 577 1829 enim
591 1801 658 1828 lucis
681 1801 835 1836 exemplum
862 1801 962 1833 attulit;

180 1855 245 1874 nam
257 1846 336 1881 hujus
354 1847 508 1881 privatione
521 1847 638 1874 tenebraa
650 1847 797 1879 exsistunt,
810 1852 836 1874 et
852 1854 964 1874 causam

181 1892 283 1920 habent
294 1892 444 1920 absentiam
461 1897 567 1920 naturae
579 1893 659 1926 lucis,
673 1894 744 1921 sicut
761 1893 843 1921 etiam
856 1892 965 1920 habitus

180 1939 392 1974 principaliores
407 1946 469 1966 sunt
487 1939 697 1974 privationibus,
723 1943 770 1971 et,
796 1944 826 1967 ut
850 1939 886 1966 ila
904 1939 965 1973 quis

180 1985 265 2018 dicat,
279 1993 377 2013 causae.
399 1985 484 2013 Nemo
496 1986 586 2021 itaque
608 1993 640 2013 ex
656 1986 697 2013 his
713 1986 746 2013 ad
763 1989 817 2012 tam
832 1986 965 2014 absurdas

181 2031 332 2058 sententias
344 2030 503 2065 abducatur,
525 2036 554 2058 ut
564 2030 657 2063 dicat,
672 2032 755 2058 etiam
782 2030 913 2058 malorum
938 2031 965 2058 in

181 2077 271 2111 seipso
283 2083 393 2104 causam
411 2077 512 2104 habere
524 2076 620 2110 Deum,
634 2076 691 2104 sive
704 2077 790 2110 ipsum
816 2084 877 2104 esse
902 2084 966 2103 cau-

181 2129 240 2149 sam
255 2131 304 2150 cur
317 2124 374 2151 haec
385 2122 653 2158 producantur;jam
671 2122 775 2157 pridem
786 2123 860 2150 enim
875 2127 966 2150 osten-

181 2173 232 2205 dit,
247 2180 335 2207 neque
348 2180 397 2200 ens
408 2193 416 2205 ,
430 2179 517 2207 neque
543 2173 570 2200 in
600 2173 680 2201 rebus
698 2180 759 2201 esse
775 2173 887 2200 malum.
909 2172 966 2200 Hoc

181 2226 248 2246 vero
259 2220 343 2247 etiam
358 2220 482 2247 declarat
500 2219 666 2255 exemplum.
679 2220 757 2248 Sicut
772 2220 845 2247 enim
865 2220 888 2247 si
905 2221 966 2255 quis

182 2265 269 2292 lucem
282 2266 353 2293 hanc
368 2266 502 2294 visibilem
519 2266 618 2294 mentis
631 2273 663 2293 ac
679 2267 795 2294 rationis
813 2271 966 2301 compotem

182 2317 335 2346 supponat;
351 2312 448 2340 deinde
464 2321 591 2348 rogemus
605 2313 703 2348 ipsam,
724 2320 758 2340 an
781 2314 907 2340 tenebras
922 2321 968 2340 co-

147 2391 158 2400 .
183 2363 308 2392 gnoscat,
320 2358 377 2392 ipsa
391 2364 482 2385 autem
494 2367 523 2386 se
536 2366 615 2386 nosse
628 2359 711 2391 dicat,
726 2359 807 2386 etiam
822 2363 966 2392 antequam

184 2404 305 2431 tenebrae
316 2404 398 2440 A70
409 2409 517 2437 essent;
538 2411 630 2437 nosse,
644 2404 767 2438 inquam,
787 2411 840 2431 non
856 2411 905 2438 per
920 2403 968 2430 ali-

182 2457 266 2485 quam
279 2450 476 2485 experientiam
493 2450 649 2486 (quomodo
670 2450 743 2477 enim
769 2449 815 2476 lux
841 2450 969 2477 tenebras

183 2497 284 2525 sciret?
298 2505 359 2525 nam
370 2497 392 2525 si
401 2497 446 2524 lux
458 2497 505 2530 sit,
520 2504 572 2524 non
585 2501 664 2524 erunt
674 2496 815 2530 tenebrw),
833 2498 879 2523 sed
889 2503 969 2523 nosse

183 2544 257 2572 dicat
270 2544 399 2572 tenebras
417 2544 444 2571 in
464 2548 596 2579 quantum
614 2543 659 2570 lux
674 2547 733 2576 est;
747 2543 863 2577 ideoque
880 2542 966 2575 novit,

182 2590 255 2625 quod
283 2590 305 2618 si
326 2591 466 2625 proprium
490 2590 580 2616 lumen
597 2589 776 2620 contraxerit,
793 2597 874 2616 nemo
894 2589 968 2616 vide-

181 2638 231 2665 bit.
251 2637 289 2664 lta
301 2637 384 2664 etiam
407 2637 478 2664 Deus
499 2643 549 2671 per
565 2643 676 2663 causam
693 2636 815 2663 omnium
835 2636 862 2662 in
880 2643 908 2663 se
921 2643 967 2663 co-

182 2684 333 2718 gnitionem
350 2683 442 2716 habet,
461 2691 513 2710 non
529 2683 600 2717 quod
628 2682 797 2716 experientia
816 2690 876 2709 eam
893 2690 968 2709 com-

182 2729 322 2765 paraverit
336 2729 410 2764 (tum
426 2729 499 2756 enim
514 2729 585 2756 Deus
605 2728 760 2763 cognitione
780 2728 913 2762 posterior
927 2728 968 2754 in-

182 2776 351 2811 veniretur),
368 2775 456 2803 autin
470 2775 561 2810 aliquo
578 2780 699 2809 tempore
723 2782 777 2802 non
800 2774 965 2808 cognoverit.

183 2820 255 2849 Nota
270 2826 372 2854 autem,
386 2820 512 2849 tenebras
525 2828 585 2848 esse
599 2820 726 2848 effectum
744 2820 790 2854 qui
813 2827 844 2846 ex
862 2819 966 2847 deiectu

241 2911 265 2928 "
285 2905 388 2935 “0811-
400 2908 487 2940 11,20.
507 2911 542 2929 ν’·
558 2908 661 2938 Daniel.
683 2906 798 2942 “11,42.

1015 1616 1083 1644 εἶναι
1094 1619 1139 1644 καὶ
1150 1617 1268 1651 λογικὸν,
1282 1615 1339 1642 εἶτα
1355 1615 1505 1651 πυθοίμεθα
1516 1614 1609 1646 αὑτοῦ,
1629 1615 1652 1640 εἰ
1671 1612 1803 1648 γινώσκει

1014 1665 1044 1691 τὸ
1056 1665 1161 1697 σκότος,
1180 1665 1210 1690 τὺ
1220 1664 1248 1690 δὲ
1262 1663 1333 1690 είποι
1345 1661 1489 1697 γινώσκειν
1501 1662 1547 1688 καὶ
1562 1661 1627 1696 πρὶν
1641 1660 1753 1695 γένηται
1773 1658 1804 1685 τὸ

1016 1711 1109 1743 σκότος
1119 1720 1125 1725 ·
1138 1710 1280 1745 γινώσκειν
1293 1710 1320 1737 δὲ
1334 1709 1362 1736 οὺ
1377 1708 1447 1735 κατά
1457 1716 1517 1734 τινα
1533 1708 1639 1742 πεῖραν,
1663 1705 1733 1741 (πῶς
1747 1704 1805 1740 γὰρ

1016 1757 1065 1784 ἴδοι
1077 1757 1171 1788 σκότος
1180 1757 1208 1783 τὸ
1222 1756 1296 1790 φῶς;
1313 1754 1400 1791 είγὰρ
1419 1754 1476 1789 φῶς
1486 1775 1493 1786 ,
1515 1754 1565 1780 οὐκ
1579 1753 1655 1779 ἔσται
1676 1752 1771 1783 σκότος

1016 1804 1083 1831 ἀλλὰ
1095 1803 1240 1838 γινώσκειν
1253 1802 1324 1828 εἴποι
1345 1802 1374 1828 τὺ
1391 1801 1485 1832 σκότος
1508 1800 1577 1827 καθὸ
1595 1799 1668 1833 φῶς’
1695 1798 1735 1825 διὸ
1755 1797 1804 1824 καὶ

1015 1849 1096 1882 οἶδεν,
1109 1851 1159 1882 ὅτι,
1172 1849 1220 1876 ἐὰν
1233 1847 1359 1884 συστείλῃ
1369 1848 1398 1874 τὸ
1409 1848 1506 1874 οἰκεῖον
1519 1847 1586 1881 φῶς,
1598 1846 1683 1877 οὐδεὶς
1695 1844 1802 1879 ὅψεται.

1016 1896 1095 1924 Οὕτω
1115 1896 1161 1923 καὶ
1170 1897 1184 1922 ὁ
1196 1895 1261 1926 Θεὸς
1274 1895 1333 1921 κατ’
1347 1893 1436 1920 αἰτίαν
1447 1894 1477 1920 ὲν
1499 1891 1588 1927 ἑαυτῷ
1607 1891 1656 1927 τὴν
1675 1891 1805 1916 ἁπάντων

1016 1943 1118 1978 εἴδησιν
1140 1942 1213 1977 ἔχει,
1241 1942 1270 1968 οὺ
1294 1942 1327 1976 τῇ
1350 1940 1433 1975 πείρᾳ
1444 1938 1546 1973 ταύτην
1563 1937 1781 1972 ὲπικτησάμενος
1795 1955 1803 1967 ,

1017 1990 1093 2025 (ἐπεὶ
1111 1987 1235 2025 εὑρεθείη
1250 1988 1282 2015 ἂν
1299 1987 1526 2023 μεταγενέστερος
1549 1986 1563 2012 ό
1582 1982 1647 2016 Θεὸς
1662 1984 1711 2017 τῆς
1731 1982 1805 2017 γνώ-

1017 2036 1121 2070 σεως,)
1137 2035 1153 2071 ἦ
1168 2034 1237 2061 κατά
1254 2043 1314 2061 τινα
1333 2033 1426 2069 χρόνον
1457 2031 1493 2068 μὴ
1513 2030 1663 2066 γινώσκων.
1685 2029 1804 2065 Σημειοῦ

1015 2082 1044 2109 δὲ
1058 2081 1088 2108 τὸ
1105 2081 1223 2107 αἰτιατὺν
1236 2078 1304 2106 εἶναι
1319 2079 1348 2105 τὺ
1364 2078 1456 2109 σκότος
1474 2077 1504 2109 ἐξ
1522 2075 1666 2109 ἐλλείψεως
1684 2074 1731 2100 τοῦ
1744 2083 1804 2108 φω-

1015 2128 1077 2160 τὸς,
1094 2128 1162 2162 ὅπερ
1183 2126 1243 2152 ἐστὶ
1261 2125 1331 2152 κατὰ
1354 2123 1523 2159 Μανιχαίων.
1556 2121 1695 2149 Ἐντεῦθεν
1720 2128 1805 2146 κατα-

1018 2174 1154 2205 σκευάζει,
1170 2173 1212 2199 ὃτι
1227 2171 1297 2198 κατὰ
1311 2171 1374 2206 μίαν
1387 2171 1434 2197 καὶ
1444 2169 1493 2205 τὴν
1507 2168 1591 2204 αὐτὴν
1603 2167 1703 2202 γνῶσιν
1718 2166 1805 2198 ὁΘεὸς

1018 2218 1071 2247 οἶδε
1087 2220 1133 2246 καὶ
1146 2218 1242 2245 ἑαυτὸν
1261 2218 1307 2244 καὶ
1324 2217 1358 2243 τὰ
1376 2217 1475 2248 πάντα,
1491 2215 1533 2241 διὰ
1550 2214 1629 2241 τοῦτο
1652 2213 1698 2240 καὶ
1714 2211 1806 2242 ἀΰλως

983 2251 1004 2278 D
1018 2267 1053 2294 τὰ
1070 2266 1159 2299 ὐλικὰ,
1176 2266 1223 2292 καὶ
1234 2265 1267 2291 τὰ
1284 2263 1398 2300 μεριστὰ
1412 2262 1568 2298 ἀμερίστως
1578 2281 1585 2293 ,
1605 2260 1652 2287 καὶ
1671 2259 1704 2285 τὰ
1719 2257 1805 2284 πολλὰ

1019 2313 1144 2343 ἐνιαίως·
1166 2311 1246 2343 άῦλος
1256 2310 1310 2346 γὰρ
1324 2310 1371 2336 καὶ
1392 2309 1539 2343 ἀμέριστος
1563 2307 1609 2333 καὶ
1629 2305 1733 2337 ἐνιαία,
1758 2304 1807 2330 καὶ

1018 2358 1102 2394 ἁπλῆ,
1118 2360 1134 2393 ὴ
1151 2357 1250 2392 γνῶσις
1266 2358 1282 2392 ἡ
1297 2356 1365 2383 θεία.
1384 2355 1471 2390 Εἴπερ
1496 2353 1626 2388 ἐλέγομεν
1650 2352 1691 2378 ὅτι
1715 2351 1743 2376 ἐν
1766 2349 1807 2384 τῷ

1019 2405 1068 2437 ἐνἰ,
1087 2404 1207 2439 δηλονότι
1220 2404 1249 2430 ἐν
1259 2404 1292 2438 τῇ
1319 2403 1367 2438 μιᾷ
1379 2402 1424 2428 καὶ
1439 2400 1511 2435 ἁπλῇ
1523 2398 1705 2434 δημιουργικῇ
1725 2395 1806 2422 δυνά-

1021 2459 1065 2486 μει
1081 2450 1217 2484 ὑπέστησε
1230 2449 1263 2475 τὰ
1279 2448 1405 2483 διάφορα,
1420 2445 1490 2472 οὕτω
1503 2445 1549 2471 καὶ
1560 2445 1588 2471 ὲν
1603 2444 1653 2475 ἑνὶ,
1677 2443 1761 2477 ἤγουν
1777 2442 1807 2467 ὲν

1019 2498 1106 2532 ἐνιαίᾳ
1118 2498 1164 2523 καὶ
1180 2496 1251 2531 ἁπλῇ
1267 2494 1375 2529 γνώσει,
1389 2493 1423 2520 τὰ
1444 2493 1560 2527 διάφορα
1579 2489 1707 2525 γινώσκει
1717 2497 1724 2503 ·
1736 2487 1807 2514 ἀλλὰ

1018 2545 1066 2570 καὶ
1077 2543 1193 2579 χορηγός
1209 2544 1266 2568 ἐστι
1283 2541 1372 2576 πάσης
1387 2539 1526 2574 γνώσεως,
1543 2537 1603 2564 καθ’
1621 2536 1655 2571 ἢν
1670 2534 1806 2569 γνώσεταί

1018 2599 1059 2621 τις
1072 2578 1119 2616 καὶ
1131 2588 1235 2619 ἑαυτὸν,
1251 2588 1297 2613 καὶ
1312 2586 1346 2613 τὰ
1358 2585 1434 2612 ἄλλα.
1451 2584 1507 2610 Οὐκ
1523 2582 1577 2618 ἄρα
1588 2582 1602 2608 ὁ
1613 2580 1678 2612 θεὸς
1690 2579 1750 2606 κατ’
1759 2578 1806 2606 ἆλ-

1018 2635 1066 2671 λην
1080 2636 1128 2670 μὲν
1141 2634 1240 2669 γνῶσιν
1254 2632 1386 2667 γνώσεται
1409 2630 1504 2657 ἑαυτὸν
1514 2649 1521 2660 ,
1543 2628 1602 2655 κατ’
1615 2626 1697 2661 ἄλλην
1718 2625 1748 2651 δὲ

1018 2669 1253 2716 δημιουργήματα.
1263 2678 1294 2705 Εἰ
1303 2677 1367 2711 γοῦν
1379 2676 1446 2711 αὑτὴ
1458 2677 1474 2711 ἡ
1487 2674 1560 2701 αἰτία
1571 2673 1689 2701 πάντων,
1701 2669 1804 2716 sacci-qv

1077 2714 1124 2760 ιὶιιρζ
1138 2714 1236 2759 ἑαυτῆς
1247 2723 1384 2758 γινώσκει,
1400 2722 1475 2756 πόσῳ
1490 2728 1520 2754 γε
1535 2719 1632 2755 μᾶλλον
1645 2717 1678 2742 τὰ
1696 2715 1743 2740 ἀπ’
1753 2714 1803 2740 αὐ-

1018 2773 1066 2808 τῆς
1081 2771 1233 2807 εἰδήσεται;
1251 2769 1318 2796 ἀλλὰ
1332 2770 1367 2804 τῇ
1385 2767 1491 2798 ἑαυτοῦ,
1509 2767 1555 2792 καὶ
1566 2765 1595 2791 οὐ
1604 2763 1637 2797 τῇ
1649 2761 1702 2808 τῶν
1716 2759 1801 2808 δντωγ

1019 2805 1167 2854 simiam.
1188 2816 1335 2852 Ἐπιχειρεῖ
1347 2814 1411 2849 γοῦν
1427 2815 1459 2840 ὲκ
1473 2812 1518 2839 τοῦ
1531 2810 1683 2840 ἐλάττονος,
1696 2807 1737 2834 ὅτι
1753 2805 1802 2833 καὶ
