1929 3061
130 138 188 166 885
416 137 461 166 DE
478 137 605 166 DlVlNlS
622 137 821 170 NOMINIBUS,
842 137 920 166 CAP.
937 137 994 165 Vl].
1014 151 1049 157 —
1067 137 1240 165 PARAPHR.
1256 136 1490 165 PACHYMERIE.
1704 138 1757 166 886

130 198 157 224 οἱ
171 197 280 232 ἄγγελοι
289 196 375 224 οἴδασι
386 197 420 224 τὰ
434 197 560 232 αἰσθητὰ,
575 197 605 224 οὗ
619 197 654 224 δι’
666 197 816 232 αἰσθήσεως
829 197 903 223 αὐτοῐ

955 197 1040 231 ,Ιυείε
1060 197 1177 228 exsistit,
1206 195 1338 230 quodest
1368 200 1466 222 contra
1487 194 1652 222 Mentula-Os
1686 195 1754 223 Hinc

134 242 364 278 προσϐάλλοντες,
382 243 449 270 ἀλλὰ
470 243 514 270 διὰ
531 243 670 278 δυνάμεως
689 242 903 277 ἐπαναϐεϐηκυίο

974 243 1081 277 prohat,
1097 241 1246 268 secundum
1267 247 1348 267 unam
1372 240 1549 274 eamdemque
1571 240 1753 275 cognitionem

129 290 332 322 ἐπιϐάλλοντες.
350 290 378 317 '0
389 290 498 326 γὰρὲπὶ
515 290 562 316 τοῦ
571 289 674 317 Γεδεὼν
688 291 728 322 εἰς
755 290 803 326 τὴν
823 290 902 316 ουσία

972 288 1055 315 Deum
1071 295 1151 314 nosse
1164 291 1192 314 et
1206 287 1326 318 seipsum
1340 291 1367 313 et
1377 285 1481 318 omnia,
1493 291 1574 321 atque
1591 287 1659 314 adeo
1671 287 1753 314 etiam

128 336 270 363 ἐκϐάλλων
281 337 313 363 ὲκ
327 337 377 372 τῆς
386 337 488 372 πέτρας
499 337 554 372 πῦρ
569 337 618 364 οὐκ
629 337 753 373 αἰσθήσει
772 336 841 363 οἶδεν
850 357 857 369 ,
876 338 903 364 ὅτ

971 333 1189 360 immaterialiter
1203 331 1371 362 materialia,
1389 334 1416 358 et
1430 330 1515 358 divisa
1535 331 1663 363 indivise,
1683 332 1754 359 mul-

128 383 278 409 καυστικὴν
292 383 322 410 τὸ
334 384 399 419 πῦρ,
422 384 460 415 ὼς
476 385 556 420 ἡμεῖς
566 404 574 416 ,
593 383 650 410 ἀλλ’
668 383 795 418 ἀνωτέρῳ
812 383 903 419 τρόπῳ

969 384 1050 413 taque
1062 379 1151 411 unite;
1174 378 1309 412 siquidem
1322 377 1526 411 itnmaterialis,
1550 382 1577 405 et
1602 378 1752 410 individua,

128 428 179 454 καὶ
198 428 268 455 κατὰ
288 428 336 464 τὴν
356 429 458 465 θεοειδῆ
484 429 566 456 αὐτοῦ
594 429 717 465 δύναμιν.
746 429 778 455 Et
804 428 869 463 γοῦν
892 438 903 455 ε

965 431 993 454 et
1011 427 1098 459 unita',
1110 431 1136 453 et
1147 425 1260 459 simplex
1277 428 1318 452 est
1330 424 1427 452 notitia
1440 424 1498 452 Dei.
1513 424 1580 451 Cum
1593 425 1751 453 dixerimus.

127 472 240 507 ἄγγελοι
251 474 435 510 κρειττόνωςῆ
447 475 506 501 κατ’
518 474 643 510 αἴσθησιν
651 474 738 502 οἴδασι
746 474 780 501 τὰ
787 473 903 510 αἰσθητὰ

966 472 1052 500 Deum
1068 474 1095 500 in
1117 480 1181 505 uno,
1205 470 1310 498 scilicet
1325 471 1352 498 in
1369 478 1422 497 una
1452 471 1622 506 simplicique
1641 471 1751 498 creandi

128 518 206 554 πόσῳ
227 519 325 555 μᾶλλον
343 521 358 547 ὁ
376 520 441 552 Θεὸς
453 520 541 553 ἀΰλως
552 520 586 548 τὰ
602 521 698 554 ἐνυλας

965 519 1095 547 facultate
1110 539 1118 551 ,
1134 518 1243 545 diversa
1254 516 1418 550 condidisse,
1431 517 1470 544 sic
1481 521 1509 544 et
1520 516 1547 543 in
1563 524 1627 548 uno,
1646 517 1703 543 sive
1724 517 1751 543 in

128 573 185 594 una
207 567 378 603 simplicique
408 569 585 604 cognitione',
616 568 724 596 diversa
750 566 1049 604 cognoscinquinimo
1061 565 1143 593 etiam
1159 564 1270 599 largitor
1304 566 1346 590 est
1376 563 1467 590 omnis
1499 562 1674 598 cognitionis,
1703 569 1752 596 per

126 621 211 648 quam
224 613 323 647 aliquis
335 618 363 642 et
373 621 403 642 se
413 617 441 641 et
453 613 505 641 alia
516 613 666 649 cognoscit.
679 613 737 641 Non
753 622 818 649 ergo
832 614 904 641 Deus
924 612 1072 640 secundum
1105 610 1186 637 aliam
1208 610 1319 644 quidem
1350 609 1534 644 cognitionem
1557 609 1677 644 seipsum
1705 618 1751 637 co-

126 664 254 694 gnoscet,
272 661 423 688 secundum
436 660 516 688 aliam
525 669 590 690 vero
605 665 755 690 creaturas.
779 661 846 689 Cum
864 660 957 695 itaque
968 660 1024 694 ipsa
1038 658 1160 686 omniurn
1185 665 1267 685 causa
1285 657 1404 692 seipsam
1437 656 1522 683 etiam
1548 664 1562 683 a
1593 657 1683 691 seipsa
1702 665 1750 684 co-

125 710 251 740 gnoscat,
266 711 371 742 quanto
386 708 474 744 magis
489 713 636 743 cognoscet
668 716 700 737 ea
730 715 790 743 qua}
810 715 825 734 a
841 715 871 734 se
902 706 1087 742 promanant?
1115 709 1305 732 verumtamen
1331 704 1373 731 sui
1388 703 1483 738 ipsius,
1512 707 1540 729 et
1555 710 1608 730 non
1637 705 1751 731 scientia

125 759 223 779 eorum
239 759 300 787 quae
323 758 395 780 sunt.
421 753 504 781 Infert
525 754 610 790 igitur
631 763 644 782 a
661 756 776 790 minori"
802 753 912 790 angelos
925 753 1007 780 etiam
1024 752 1096 779 scire
1128 751 1280 784 sensibilia,
1308 757 1362 777 non
1399 757 1448 785 per
1469 757 1566 777 sensus
1585 750 1640 777 illis
1667 751 1752 778 inita;-

125 797 222 830 rendo,
233 798 280 825 sed
298 805 346 833 per
361 799 489 827 virtutem
504 802 757 836 transcendentem,
785 802 818 829 iis
842 799 1020 828 attendendo.
1055 798 1107 831 Qui
1133 797 1205 825 enim
1225 805 1331 828 coram,
1350 796 1477 824 Gedeone
1495 796 1585 831 ignem
1610 797 1636 824 in
1666 798 1752 824 sacrio

125 843 218 870 ﬁcium
231 851 264 871 ex
278 849 355 879 petra
371 845 508 879 ejiciebat,
524 853 577 874 non
589 849 713 883 percepit
730 855 793 875 eum
817 855 910 880 sensu,
928 845 998 872 sicut
1017 851 1079 876 nos,
1100 843 1190 878 ignem
1206 843 1380 875 comburere,
1397 842 1443 869 sed
1477 841 1627 868 sublimiori
1659 842 1749 873 modo,

123 893 155 916 et
176 890 493 920 secundumdeiformem
507 900 583 921 suam
602 894 743 922 virtutem.
767 894 796 922 Si
818 894 911 928 itaque
928 891 1016 927 angeli
1030 889 1160 917 nobiliori
1173 889 1253 917 modo
1271 896 1353 924 quam
1373 888 1521 916 secundum
1542 895 1652 915 sensum
1686 895 1749 915 sen-

124 936 187 963 silia
201 942 380 971 cognoscant,
394 943 496 974 quanto
508 941 594 975 magis
611 940 683 969 Dens
694 940 914 969 immaterialiter
932 936 1108 965 materialia?

161 983 175 1019 §
195 984 240 1011 ΙΙΙ.
267 985 328 1011 Ἐπὶ
342 985 445 1018 τούτοις
456 987 570 1024 ἀπορεῖ,
595 988 653 1020 πῶς
670 989 752 1022 ἡμεῖς
774 988 819 1015 τὸν
844 987 903 1014 Gabi

996 983 1010 1019 §
1030 983 1074 1011 lll.
1084 982 1123 1010 Ad
1135 983 1193 1011 haec
1204 982 1310 1018 quaerit,
1321 981 1458 1017 quomodo
1467 981 1592 1010 dicamur
1606 989 1655 1009 nos
1668 989 1749 1009 nosse

122 1028 267 1062 γινώσκειν
279 1029 424 1066 λεγόμεθα,
437 1033 484 1059 καὶ
496 1033 565 1069 ὑπὲρ
575 1033 609 1060 τὰ
624 1034 717 1070 νοητὰ,
733 1034 779 1061 καὶ
792 1034 861 1069 ὑπὲρ
876 1032 911 1059 τὰ

123 1075 239 1110 αἰσθητὰ
252 1071 424 1113 ὗπεροχικῶς
436 1079 511 1106 ὅντα.
534 1080 643 1116 Ἀληθὲς
656 1082 720 1116 γοῦν
734 1082 816 1116 λέγει,
827 1081 910 1116 ὅτιτῇ

122 1123 205 1150 αὑτοῦ
217 1123 294 1158 φύσει
307 1123 444 1158 ἄγνωστός
461 1127 535 1153 ἐστιν
547 1127 561 1153 ὁ
580 1127 663 1160 Θεὸς,
680 1127 736 1154 ἀλλ’
757 1129 773 1163 ἡ
791 1127 844 1154 τῶν
861 1127 910 1162 δη‹

124 1170 339 1206 μιουργημάτων
353 1171 478 1207 καλλονὴ,
494 1172 539 1199 τὸν
559 1174 750 1210 γενεσιουργὺν
760 1194 766 1206 ,
785 1174 910 1201 τουτέστι

121 1215 169 1241 τὸν
187 1216 216 1242 ἐν
228 1216 332 1250 γενέσει
343 1210 467 1252 ποιητὴν,
478 1217 590 1253 μηνύει·
604 1219 683 1255 ἡγὰρ
691 1219 746 1246 τῶν
754 1220 909 1255 κτισμάτων

119 1261 242 1295 διάταξις
257 1262 360 1295 εἰκόνες
371 1263 443 1296 τινὲς
455 1264 502 1291 καὶ
515 1264 674 1301 ὁμοιώματα
693 1265 747 1293 τῶν
758 1267 788 1293 ὲν
799 1266 837 1302 τῷ
851 1266 909 1302 Θεῷ

122 1307 352 1344 παραδειγμάτων
367 1309 414 1336 καὶ
433 1310 635 1346 δημιουργικῶν
656 1311 743 1346 λόγων
765 1312 828 1343 εἰσὶ,
848 1313 908 1339 καθ’

120 1352 168 1386 οὒς
179 1353 286 1381 ἅπαντα
302 1355 330 1380 ὲν
349 1355 422 1390 αὐτῷ
440 1355 505 1383 ὅντα
530 1357 725 1392 παρήχθησαν,
746 1357 837 1390 καθὼς
863 1359 908 1384 καὶ

120 1399 150 1424 ἐν
169 1400 201 1434 τῇ
227 1400 408 1435 Ἀποιιαλύψει
422 1401 469 1427 τοῦ
485 1401 609 1436 θεολόγοι)
633 1402 753 1429 Ἰωάννου
769 1404 814 1430 καὶ
828 1403 908 1438 εὐαγ-

120 1443 244 1478 γελιστοῦ
255 1445 374 1480 λέγεται,
385 1447 426 1473 ὅτι
437 1446 470 1473 τὰ
487 1448 576 1475 πάντα
594 1445 665 1483 ἦσαν
685 1448 732 1474 καὶ
747 1448 904 1483 γεγόνασιν·

118 1488 190 1526 ἦσαν
206 1491 262 1527 γὰρ
272 1491 306 1518 τὰ
319 1492 373 1519 τῶν
388 1493 544 1529 κτισμάτων
558 1494 776 1529 παραδείγματα,
785 1492 823 1521 ὧν
834 1495 906 1521 εἰκό-

119 1546 165 1569 νες
188 1537 223 1565 τὰ
243 1538 293 1573 τῆς
317 1539 433 1571 κτίσεως
448 1539 665 1576 ἀποτελέσματα.
687 1541 731 1567 Ἐν
747 1542 813 1567 πᾶσι
842 1541 906 1575 γοῦν

119 1583 250 1619 κτίσμασι
263 1584 329 1616 Θεὸς
340 1584 514 1619 γινώσκεται,
529 1586 567 1618 ὡς
579 1586 593 1612 6
605 1587 731 1623 τεχνίτης
741 1588 771 1613 ἐν
787 1589 842 1619 τοῖς
861 1597 906 1614 τε-

119 1631 244 1666 χνητοῖςο
270 1631 360 1667 πάντη
385 1631 417 1667 δὴ
437 1633 640 1668 κεχωρισμένος
658 1634 719 1659 κατ’
740 1634 833 1661 οὐσίαν
851 1635 904 1661 τῶν

120 1678 244 1705 πάντων·
264 1679 421 1711 κάντεῦθεν,
438 1679 575 1713 ἄγνωστος
593 1679 640 1712 ὢν,
661 1681 694 1707 ὲκ
711 1681 761 1716 τῆς
779 1681 904 1717 τοιαύτης

117 1725 255 1758 ἀγνωσίας
278 1725 458 1760 γινώσκεται·
483 1725 551 1752 ἀλλὰ
570 1727 616 1753 καὶ
643 1726 686 1753 διὰ
703 1727 757 1753 τῶν
777 1727 904 1755 ἐναντίων

119 1769 292 1803 γινώσκεται,
312 1771 359 1797 καὶ
377 1771 421 1798 διὰ
439 1771 494 1798 τῶν
514 1771 613 1798 θέσεων
632 1773 680 1799 καθ’¹
698 1772 741 1799 διὰ
760 1773 815 1799 τῶν
826 1774 905 1807 ἀφαι-

121 1816 221 1851 ρέσεων
240 1816 357 1851 λέγεται.
377 1817 409 1843 Et
422 1816 476 1853 γὰρ
496 1818 543 1844 καὶ
562 1817 656 1854 πρώην
676 1818 777 1853 ἔλεγεν,
798 1820 838 1845 ὅτι
859 1821 904 1846 ἐπὶ

118 1862 185 1888 θεοῦ
203 1861 265 1889 οὔτε
284 1863 376 1898 ὲπαφή
401 1864 484 1895 ἔστιν,
505 1862 567 1890 οὔτε
584 1864 692 1899 νόησις,
720 1864 782 1891 οὕτε
806 1865 883 1900 λόγος
896 1887 902 1899 ,

118 1907 179 1934 οὔτε
204 1916 231 1934 τι
254 1908 331 1935 ἄλλο·
350 1908 407 1934 ἀλλ’
423 1906 479 1940 οὖν,
500 1909 544 1935 ὅτε
565 1909 650 1936 ταῦτα
675 1910 709 1936 τὰ
729 1910 821 1938 θετικὰ
843 1911 903 1938 θεο-

119 1954 209 1990 πρεπῆ
221 1954 343 1990 νοοῦμεν,
355 1955 402 1982 καὶ
411 1955 493 1982 αὐτοῦ
512 1955 599 1983 ταῦτα
618 1956 742 1992 λέγομεν,
763 1959 810 1984 καὶ
818 1959 866 1985 οὐκ
874 1958 904 1991 ἐξ

117 2000 196 2035 ἡμῶν
211 2001 251 2032 εἰς
268 2002 382 2033 ἐκεῖνον⁷
394 2001 486 2037 χώραν
505 2002 596 2038 ἔχουσι
624 2003 760 2036 λέγεσθαι.
788 2004 820 2030 Ἡ
839 2004 903 2038 γοῦν

118 2045 208 2080 ἐπαφὴ
218 2045 266 2080 μὲν
274 2045 351 2081 ἡμῶν
361 2047 427 2082 πρὸς
434 2047 464 2073 τὸ
471 2047 547 2074 Θεῖον
556 2048 606 2074 οὺκ
625 2048 708 2080 ἔστιν,
719 2048 810 2084 ἐπαφὴ
821 2048 848 2075 δὲ
855 2049 904 2075 αὺ-

118 2091 163 2117 τοῦ
172 2091 266 2119 ἑαυτοῦ
276 2092 447 2127 λεχθήσεται,
457 2093 551 2129 ὥσπερ
562 2093 594 2130 δὴ
602 2094 649 2121 καὶ
658 2094 757 2128 γνῶσις
781 2094 827 2120 καὶ
842 2095 904 2131 νόη-

119 2146 159 2169 σις
168 2146 174 2153 ”
199 2139 226 2165 αἱ
239 2138 262 2164 δ’
270 2139 422 2174 ἀποφάσεις
436 2141 478 2174 ἐφ’
491 2140 557 2175 ἡμῖν
574 2139 765 2176 ταχθήσονται,
781 2140 821 2167 ὅτι
834 2141 904 2177 ὑπὲρ

117 2184 201 2210 ταῦτα
211 2185 301 2213 πάντα
308 2185 338 2212 τὺ
348 2185 429 2218 θεῖον,
439 2186 486 2213 καὶ
493 2186 543 2222 οὺχ
553 2184 608 2213 οἶόν
616 2195 645 2212 τε
655 2187 708 2214 ἀπὸ
716 2187 818 2215 τούτων
826 2196 905 2214 κατα-

117 2229 300 2264 λαμϐάνεσθαι
310 2231 392 2267 παρ“ἡ
396 2231 462 2266 μῶν.
471 2231 520 2258 Διὰ
528 2232 607 2258 τοῦτο
616 2233 700 2259 καὶέκ
708 2233 816 2260 πάντων
825 2235 841 2268 ὴ
845 2233 903 2269 μῶν

117 2272 239 2306 ὑμνεῖται
249 2273 320 2300 κατὰ
327 2273 376 2310 τὴν
385 2275 530 2309 ἀναλογίαν
538 2276 656 2308 πάντων,
671 2277 704 2303 ὲκ
713 2277 767 2303 τῶν
773 2277 855 2304 ὄντων
866 2278 903 2310 ὡς

116 2318 162 2350 ῶν,
179 2319 212 2345 ὲκ
224 2319 278 2346 τῶν
289 2319 396 2352 ζώντων
410 2320 447 2353 ὡς
464 2321 528 2353 ζῶν,
547 2323 578 2349 ὲκ
593 2322 648 2349 τῶν
660 2323 750 2358 σοφῶν
760 2324 798 2356 ὡς
809 2325 899 2359 σοφία.
917 2337 939 2364 D

117 2365 169 2391 Καὶ
181 2365 261 2392 πάλιν
275 2367 348 2393 ἐστὶν
356 2368 373 2402 ὴ
384 2367 508 2403 θειοτάτη
518 2368 564 2395 τοῦ
572 2369 640 2395 Θεοῦ
650 2370 759 2403 γνῶσις,
771 2370 805 2397 δι’
813 2371 901 2405 ἀγνω-

117 2409 175 2442 σίας
185 2411 372 2447 γινωσκομένη
382 2412 452 2439 κατὰ
461 2412 509 2448 τὴν
517 2413 587 2449 ὑπὲρ
593 2414 654 2441 νοῦν
663 2415 758 2442 ἕνωσιν
766 2416 813 2442 καὶ
821 2416 900 2442 συνά-

117 2464 203 2491 φειαν,
223 2457 314 2489 καθὼς
332 2458 476 2494 ἐπιφέρει,
508 2460 582 2493 ὅταν,
603 2461 699 2495 λέγων,
719 2461 734 2487 ὁ
752 2461 813 2494 νοῦς
833 2462 900 2489 ἁπο-

117 2501 179 2533 στὰς
195 2501 250 2528 τῶν
267 2501 351 2528 ὅντων
361 2504 408 2529 καὶ
417 2504 512 2530 ἑαυτὸν
530 2505 619 2540 ἀφεὶς,
639 2505 726 2542 ὲνωθῇ
746 2508 805 2538 ταῖς
819 2508 899 2543 ὑπερ-

116 2546 209 2581 φαέσιν
235 2546 342 2574 ἀκτῖσιν
355 2567 361 2579 ,
394 2548 598 2586 ὲηαμπόμενος
632 2551 672 2587 τῷ
697 2552 898 2590 ἀνεξερευνήτῳ

116 2591 205 2626 βάθει·
225 2592 330 2619 ὲκεῖοεν
349 2594 396 2620 καὶ
414 2595 472 2621 ἐκεῖ
489 2595 609 2630 δηλονότι
627 2596 712 2629 οὕτως
734 2598 748 2634 ἡ
767 2598 897 2635 ἐλλαμψις

115 2638 233 2672 γίνεται,
251 2639 297 2666 ὅτε
318 2640 406 2675 μένων
423 2641 498 2673 ἐκεῖ,
519 2641 608 2669 πάντα
626 2644 674 2670 καὶ
692 2644 787 2672 ἑαυτὸν
806 2646 895 2681 ἀφεὶς,

115 2685 213 2712 ἐκεῖθεν
232 2685 408 2722 ὲλλάμπεται.
435 2687 542 2723 Ἀφίησι
561 2689 589 2715 δὲ
607 2690 621 2716 ό
641 2689 702 2722 νοῦς
719 2691 896 2724 ἐαυτὸν,ὅταν

115 2731 220 2768 ἀργήσῃ
240 2732 379 2765 παντελῶς
404 2733 453 2769 τῆς
471 2735 574 2767 οἰκείας
593 2736 742 2772 κινήσεως,
763 2739 809 2765 καὶ
827 2738 896 2771 ὅλως

115 2778 272 2815 ἀκινητήσῃ,
288 2779 370 2814 μηδὲν
386 2779 449 2807 ῖδιον
459 2781 558 2808 ἑαυτοῦ
574 2782 652 2818 ἔχων,
669 2785 736 2820 μηδὲ
754 2785 835 2811 αὑτοῦ
847 2785 895 2817 ὢν,

115 2824 167 2850 ἀλλ’
178 2825 247 2857 ὅλως
264 2825 314 2861 τῆς
333 2826 408 2858 θείας
427 2827 534 2868 ἐκείνης
557 2830 744 2866 κρυφιότητος,
763 2831 795 2865 ἣν
815 2831 896 2858 ἀλλα-

116 2869 159 2904 χοῦ
178 2870 225 2898 καὶ
243 2871 371 2908 ὲνδότητα
390 2869 459 2907 eius.
479 2874 575 2903 Καίτοι
586 2883 616 2910 γε
638 2876 697 2903 κατ’
714 2874 790 2904 ἄλλον
808 2876 894 2912 λόγον,

964 1030 1059 1061 Deum,
1072 1035 1099 1057 et
1113 1037 1145 1057 ea
1161 1037 1221 1065 quae
1237 1029 1406 1057 intellectilia
1429 1028 1595 1063 sensiliaque
1618 1034 1749 1063 superant

961 1076 1123 1103 eminenter.
1140 1075 1238 1103 Verum
1261 1076 1356 1110 utique
1379 1075 1455 1107 dicit,
1472 1074 1556 1102 Deum
1584 1079 1679 1102 natura
1700 1083 1747 1102 sua

961 1122 1081 1158 ignotum
1096 1121 1291 1154 exsistere,sed
1306 1126 1493 1148 creaturarum
1506 1121 1746 1155 pulchritudinem,

961 1167 1145 1202 generationis
1161 1171 1311 1199 auctorem,
1326 1167 1352 1194 id
1365 1171 1408 1194 est
1427 1174 1522 1194 eorum
1538 1174 1599 1200 qua:
1613 1167 1746 1201 producta

962 1215 1043 1245 sunt,
1073 1212 1266 1244 conditorem,
1297 1212 1461 1244 ostendere;
1494 1211 1627 1246 siquidem
1657 1220 1746 1239 rerum

960 1264 1114 1286 creatarnm
1125 1258 1316 1293 dispositiones
1339 1262 1402 1285 sunt
1422 1258 1555 1293 imagines
1571 1259 1694 1293 quaedam
1715 1267 1746 1286 ac

959 1304 1153 1332 similitudines
1168 1311 1262 1331 eorum
1278 1311 1339 1339 qua“:
1355 1304 1381 1331 in
1395 1304 1450 1331 Deo
1463 1308 1525 1331 sunt
1538 1304 1745 1339 exemplarium,

959 1360 991 1379 ac
1007 1352 1117 1379 creandi
1147 1352 1296 1384 rationum,
1314 1351 1464 1379 secundum
1483 1359 1552 1386 quas
1576 1353 1668 1379 omnia
1685 1360 1746 1387 qua:

959 1397 1081 1424 existunt
1107 1396 1133 1423 in
1155 1397 1213 1431 ipso
1225 1398 1357 1431 producta
1386 1402 1465 1430 sunt;
1485 1397 1648 1434 sicut471
1663 1398 1744 1426 etiam

959 1443 985 1470 in
1000 1442 1161 1478 Apocalypsi
1175 1441 1289 1470 Joannis
1304 1442 1422 1478 theologi
1438 1448 1465 1470 et.
1485 1445 1661 1479 evangelista:
1679 1452 1746 1471 nar-

959 1493 1047 1522 ratur,
1064 1489 1137 1523 quod
1153 1490 1243 1516 omnia
1270 1495 1350 1517 erant
1378 1494 1404 1517 et
1427 1489 1554 1523 fuerunt;
1576 1491 1640 1526 quia
1666 1496 1745 1518 erant

957 1536 1122 1571 exemplaria
1134 1544 1226 1564 rerum
1235 1542 1400 1570 creatarum,
1412 1544 1526 1571 quorum
1538 1537 1668 1572 imagines
1681 1543 1744 1565 sunt

957 1589 1090 1611 creaturae
1103 1583 1295 1619 perfectiones.
1319 1583 1348 1610 In
1377 1576 1504 1611 omnibus
1526 1591 1590 1618 ergo
1610 1586 1744 1611 creaturis

958 1630 1027 1657 Deus
1037 1630 1222 1665 cognoscitur.
1233 1630 1305 1657 sicut
1317 1630 1414 1656 artifex
1427 1637 1460 1657 ex
1477 1630 1558 1657 rebus
1569 1634 1627 1658 arte
1645 1630 1724 1658 factis
1734 1656 1740 1663 ,

956 1676 1102 1703 secundum
1117 1676 1296 1703 substantiam
1313 1683 1378 1703 vero
1391 1676 1425 1703 ab
1436 1675 1562 1703 omnibus
1577 1677 1688 1704 omnino
1704 1685 1744 1703 se-

955 1726 1084 1757 gregatus
1095 1726 1151 1749 est:
1167 1726 1250 1756 atque
1262 1730 1323 1749 cum
1338 1723 1403 1749 hinc
1418 1723 1455 1750 sit
1472 1723 1589 1758 ignotus,
1602 1731 1635 1750 ex
1650 1724 1742 1751 istius-

955 1768 1027 1795 modi
1048 1768 1218 1803 ignorationc
1238 1768 1427 1804 dignoscitur;
1444 1769 1567 1804 quinimo
1581 1777 1615 1796 ex
1631 1774 1741 1797 contra-

955 1814 1005 1842 riis
1013 1815 1198 1849 cognoscitur,
1213 1814 1365 1849 diciturque
1375 1820 1430 1842 tam
1443 1823 1490 1850 per
1501 1815 1648 1850 positiones
1657 1823 1739 1850 quam

955 1867 1004 1894 per
1017 1860 1316 1893 ablationes.’Quamvis
1332 1861 1405 1888 enim
1417 1866 1497 1889 antea
1510 1862 1612 1889 dixerit
1627 1863 1660 1889 de
1673 1863 1740 1893 Deo,

954 1913 1042 1940 neque
1058 1910 1161 1933 tactum
1180 1913 1252 1938 esse,
1266 1913 1355 1940 neque
1372 1907 1527 1938 notionem,
1545 1915 1633 1942 neque
1654 1908 1739 1935 ratio-

956 1959 1027 1984 nem,
1041 1958 1127 1986 neque
1139 1952 1286 1987 quidquam
1300 1953 1391 1987 aliud;
1414 1959 1600 1981 verumtamen
1631 1953 1741 1988 quando

955 1998 1012 2025 haec
1028 1997 1144 2032 positiva
1154 1998 1326 2025 convenienti
1348 1999 1428 2026 modo
1446 1999 1634 2034 intelligimus,
1656 2000 1739 2027 etiam

954 2043 1011 2071 lucc
1028 2044 1111 2078 ipsius
1122 2051 1182 2071 esse
1197 2044 1326 2076 dicimus,
1344 2050 1371 2072 et
1386 2052 1440 2072 non
1457 2052 1492 2072 ex
1504 2046 1584 2072 nobis
1604 2046 1637 2073 ad
1651 2046 1737 2080 ipsum

955 2090 1098 2117 transferri
1114 2095 1238 2125 possunt.
1264 2091 1357 2125 Itaque
1373 2095 1462 2118 tactus
1477 2091 1588 2126 quidem
1607 2092 1685 2119 nobis
1705 2094 1737 2119 ad

955 2137 1039 2164 Deum
1054 2145 1108 2164 non
1135 2142 1189 2170 est,
1202 2138 1249 2165 sed
1267 2142 1355 2166 tactus
1371 2138 1456 2171 ipsius
1472 2139 1504 2165 ad
1529 2139 1649 2174 seipsum
1664 2141 1738 2168 dice-

955 2188 1009 2217 tur,
1038 2185 1109 2212 sicut
1139 2185 1222 2211 etiam
1250 2185 1370 2220 cognitio
1396 2186 1543 2220 notioque;
1576 2186 1738 2221 negationes

954 2237 1018 2257 vero
1027 2229 1148 2256 etiamin
1159 2230 1236 2257 nobis
1256 2234 1404 2265 ponentur,
1419 2231 1550 2265 quoniam
1575 2238 1657 2266 supra
1677 2240 1737 2259 0m—

955 2276 998 2303 nia
1011 2274 1062 2302 ista
1079 2275 1150 2302 Deus
1169 2280 1229 2308 est;
1245 2281 1272 2302 et
1283 2283 1337 2304 nou
1354 2280 1445 2311 potest
1455 2284 1489 2303 ex
1509 2277 1551 2304 his
1572 2284 1587 2303 a
1601 2277 1678 2304 nobis
1696 2278 1738 2304 in-

955 2321 1047 2356 lelligi.
1060 2320 1166 2348 Idcirco
1178 2323 1261 2349 etiam
1275 2329 1310 2349 ex
1322 2322 1448 2350 omnibus
1463 2329 1477 2349 a
1492 2323 1571 2351 nobis
1583 2323 1738 2351 celebratur

955 2368 1102 2396 secundum
1117 2368 1240 2395 omnium
1255 2368 1470 2402 proportionem,
1498 2376 1530 2396 ex
1546 2370 1656 2397 entibus
1675 2375 1736 2397 tan-

953 2422 1035 2449 quam
1044 2422 1102 2447 ens,
1115 2422 1148 2441 ex
1158 2414 1315 2442 viventibus
1324 2419 1451 2450 tanquam
1464 2416 1570 2448 vivens,
1581 2423 1614 2443 ex
1626 2417 1738 2451 sapien—

953 2461 1024 2488 tibus
1039 2465 1168 2496 tanquam
1194 2461 1339 2496 sapientia.
1374 2461 1407 2488 Et
1428 2469 1536 2489 rursum
1554 2468 1597 2490 est
1624 2463 1738 2490 divinis-

952 2508 1020 2535 sima
1032 2508 1078 2535 Dei
1091 2508 1220 2543 cognitio,
1234 2515 1296 2542 quae
1311 2515 1362 2543 per
1377 2507 1578 2543 ignorationem
1593 2510 1736 2544 cognosci-

953 2559 997 2581 tur
1007 2555 1154 2582 secundum
1170 2555 1401 2589 supramentalem
1418 2555 1548 2583 unionem
1571 2560 1653 2590 atque
1670 2564 1736 2582 con-

947 2599 1126 2633 junctionem,
1146 2599 1219 2627 sicut
1238 2599 1320 2627 infert
1336 2601 1455 2634 quando,
1470 2601 1606 2635 inquiens,
1624 2607 1700 2628 mens
1720 2609 1735 2627 a

953 2646 1033 2673 rebus
1048 2646 1186 2679 recedens,
1203 2650 1231 2673 et
1247 2647 1423 2681 semetipsam
1450 2647 1590 2681 deserens,
1617 2648 1735 2682 desuper

952 2691 1118 2726 fulgentibus
1134 2692 1216 2719 radiis
1228 2693 1334 2725 unitur,
1347 2692 1448 2727 quibus
1460 2693 1487 2720 in
1501 2693 1548 2720 illo
1560 2693 1734 2720 inscrutabili

949 2737 1032 2764 fundo
1042 2737 1239 2770 collttstratur;
1255 2737 1318 2764 inde
1330 2738 1458 2766 videlicet
1473 2742 1500 2765 et
1520 2738 1556 2766 ibi
1570 2738 1610 2765 sic
1624 2738 1653 2765 fit
1669 2738 1733 2765 illu-

950 2783 1056 2816 stratio,
1071 2783 1180 2817 quando
1193 2783 1229 2810 ibi
1246 2791 1370 2815 manens,
1384 2784 1475 2811 omnia
1488 2788 1515 2811 et
1526 2784 1642 2818 seipsam
1655 2784 1733 2811 dese-
1753 2786 1757 2794 '

950 2837 1024 2863 rens,
1058 2829 1120 2857 inde
1144 2829 1307 2857 illustratur.
1335 2830 1410 2857 Mens
1435 2835 1525 2858 autem
1557 2831 1731 2866 semetipsam

951 2876 1074 2912 deserit,
1102 2876 1210 2912 quando
1229 2884 1342 2912 prorsus
1354 2881 1444 2906 cessat
1463 2878 1496 2906 ab
1522 2878 1595 2906 omni
1623 2877 1732 2912 proprio
