1929 3061
176 145 232 174 881

778 146 806 176 S.
829 147 975 176 DIONYSII
996 149 1225 180 AliEOPAGlTE.

1743 163 1799 191 888

174 209 259 238 motu,
273 204 438 239 omninoque
458 204 606 234 immobilis
628 209 680 239 est,
699 206 766 234 nihil
796 207 901 235 habens
917 201 960 236 sui

1014 209 1134 245 δηλονότι
1148 212 1178 238 τὸ
1193 212 1241 248 τῆς
1255 214 1399 250 ποιήσεως,
1410 215 1447 248 ὡς
1468 217 1612 254 ἐλέγομεν,
1635 220 1669 247 ἐκ
1686 221 1801 250 πάντων

174 251 323 286 proprium,
345 257 434 285 neque
448 251 490 279 sui
505 259 616 288 compos
630 252 772 285 exsistens,
787 253 833 281 sed
849 254 958 289 penitus

173 301 215 324 est
231 297 315 324 divini
332 297 406 325 illius
420 298 522 330 arcani,
547 299 620 333 quod
638 298 720 326 etiam
737 298 800 326 alibi
819 299 959 328 interiori-

176 347 260 370 tatem
288 343 446 378 appellavit.
474 344 657 372 Nihilominus
687 345 768 372 etiam
806 346 955 373 secundum

174 389 256 416 aliam
272 390 417 424 rationem,
431 390 557 429 videlicet
579 391 697 419 lictionis
712 411 719 424 ,
739 395 768 418 ut
785 391 956 426 dicebamus,

174 443 207 462 ex
223 436 351 463 omnibus
362 437 539 471 cognoscitur
561 444 616 465 non
631 437 718 465 solum
746 442 775 465 ut
799 445 880 465 causa
896 446 958 473 pro-

174 482 319 512 ductionis,
334 489 428 510 verum
440 483 522 510 etiam
533 484 735 518 conjunctionis
760 490 864 516 eorum,
876 489 958 520 atque

173 535 282 563 semper
294 528 340 556 ﬁni
365 529 487 564 priorum
507 530 678 564 sequentium
700 530 833 564 principia
859 537 960 558 conne-

173 579 253 603 ctens
267 583 275 608 ;
302 575 405 602 nullum
420 575 492 603 enim
507 576 625 603 medium
641 583 732 604 rerum
745 581 901 604 creatarum
914 583 960 602 va-

173 628 265 653 cuum,
280 621 308 649 in
325 628 380 656 quo
396 629 450 650 uon
468 622 504 649 sit
528 621 619 656 aliqua
639 626 784 654 creatura;
798 622 957 649 universum

173 666 248 693 enim
262 667 343 694 rebus
356 667 465 702 plenum
477 673 529 695 est.
543 667 655 696 Etiamsi
679 675 770 696 aerem
783 667 898 701 dixeris,
919 671 959 694 ta-

174 720 237 741 men
252 718 280 741 et
295 714 352 749 ipse
365 718 490 742 creatura
506 714 617 748 existit;
634 715 784 742 secundum
801 715 851 742 hoc
873 713 956 740 etiam

1012 256 1195 304 γέινῴσκεται,
1218 259 1255 295 μὴ
1277 260 1356 295 μόνον
1376 261 1414 294 ὡς
1438 262 1524 296 αἴτιος
1541 265 1592 300 τῆς
1613 269 1798 304 παραγωγῆς,

1010 301 1078 329 ἀλλά
1091 303 1138 330 καὶ
1150 304 1201 339 τῆς
1216 306 1362 340 συναφείας
1375 307 1473 341 αὐτῶν,
1490 310 1536 336 xui.
1549 311 1591 338 ἀεὶ
1598 312 1637 347 τῷ
1655 301 1727 340 τέλει
1738 301 1802 341 rat-71v

1011 348 1152 384 προτέρων
1168 349 1218 382 τὰς
1228 351 1282 377 τῶν
1295 351 1429 388 δευτέρων
1445 355 1586 383 συνάπτων
1597 357 1699 393 ἀρχάς·
1720 360 1802 388 οὐδὲν

1011 393 1066 429 γὰρ
1080 394 1162 429 μέσον
1175 396 1230 423 τῶν
1253 399 1410 434 κτισμάτων
1432 401 1520 435 κενὸν,
1542 404 1572 430 ὲν
1584 400 1606 438 ᾦ
1620 404 1670 432 οὐκ
1691 405 1750 434 ἔστι
1770 416 1801 435 τι

1010 439 1219 477 δημιούργημα·
1247 443 1350 480 πλῆρες
1375 445 1428 481 γάρ
1443 447 1516 474 ἐστιν
1540 449 1614 476 ἅπαν
1633 451 1688 478 τῶν
1701 452 1799 480 ὄντων.

1009 486 1070 513 Κᾶν
1085 486 1131 513 τὸν
1145 488 1215 524 ἀέρα
1226 489 1324 522 εἴποις,
1344 491 1391 518 καὶ
1416 491 1497 525 αὐτὸς
1511 493 1704 532 δημιούργημά
1720 499 1798 525 ἔστι·

1011 532 1082 559 κατά
1097 534 1178 561 τοῦτο
1199 536 1246 562 καὶ
1266 536 1403 572 σύμπνοια
1427 539 1473 565 ἐπὶ
1487 540 1534 566 τοῦ
1554 542 1653 574 παντὸς
1678 543 1800 578 λέγεται,

1011 579 1092 606 οἱονεὶ¹
1106 582 1271 615 συμπάθεια.
1294 583 1337 615 Ὠς
1347 583 1412 618 γοῦν
1427 585 1474 611 ἐπὶ
1484 585 1530 612 τοῦ
1545 585 1614 618 ζώου
1631 588 1647 623 ἡ
1663 588 1803 624 σύμπνοιά

1010 625 1094 657 ἐστιν,
1116 626 1183 661 ὁμοῦ
1210 628 1344 655 πνεόντων
1355 629 1408 656 τῶν
1427 628 1534 662 ζώντων
1556 631 1683 661 ἁπάντων
1699 635 1800 670 μελῶν,

1009 670 1095 704 οὕτως
1106 673 1153 699 ἐπὶ
1166 673 1266 706 παντὸς
1282 674 1445 710 συμπάθεια.

174 760 341 795 conspiratio
365 761 392 788 iu
415 761 545 788 universo
570 760 673 788 dicitur
700 761 779 796 quasi
803 759 956 788 consensio.
970 758 1045 786 Sicut
1062 758 1153 794 itaque
1170 761 1196 787 in
1211 760 1322 788 animali
1337 763 1502 799 conspiratio
1533 769 1593 799 est,
1623 773 1684 794 cum
1717 767 1800 797 simul

173 807 235 835 viva
250 808 342 835 omnia
357 808 479 835 membra
492 807 613 843 spirant,
637 808 676 836 sic
697 808 779 844 472
795 812 823 835 et
834 807 860 834 in
881 807 1007 834 universo
1021 806 1167 834 consensio
1179 807 1299 836 exsistit.

209 854 223 890 §
240 854 285 882 ιν.
300 855 380 883 Modo
393 854 460 883 dicit
476 855 571 888 etiam,
584 855 722 890 quomodo
741 855 812 883 Deus
837 853 957 881 Verbum

174 909 223 930 seu
236 902 306 929 ratio
315 901 479 934 celebretur,
494 909 546 929 non
560 902 647 930 solum
673 902 768 937 utique
787 901 875 938 juxta.
888 907 958 936 pra:-

1045 851 1059 888 §
1082 852 1125 880 IV.
1147 853 1216 889 Ἤδη
1230 853 1304 888 λέγει
1321 856 1367 882 καὶ
1387 855 1447 888 πῶς
1465 856 1543 892 λόγος
1562 858 1686 894 ὑμνεῖται
1701 860 1715 886 ὁ
1732 860 1801 893 Θεὸς

1010 897 1041 924 οὺ
1062 897 1140 932 μόνον
1157 898 1246 926 τοίνυν
1261 899 1332 927 κατὰ
1357 900 1390 927 τὰ
1406 903 1591 938 προειρημένα
1603 924 1610 936 ,
1636 905 1677 932 ὃτι
1692 906 1725 932 ὲκ
1743 906 1803 933 τῶν

175 949 257 982 dicta,
272 949 401 983 quoniam
417 956 450 977 ex
464 949 568 978 eti‘ectis
581 954 710 986 tanquam
721 958 805 979 causa
818 952 960 986 cognosci-

1012 943 1142 971 αἰτιατῶν
1151 944 1189 977 ὡς
1206 944 1290 977 αἴτιος
1301 945 1480 980 γινώσκεται,
1500 948 1509 984 (
1519 949 1597 981 αὐτὸς
1615 949 1670 986 γάρ
1695 952 1769 978 ἐστιν
1787 952 1803 978 ό

175 997 222 1021 tur
233 994 242 1029 (
254 994 311 1029 ipse
325 995 397 1022 enim
413 995 501 1023 omnis
517 996 632 1024 rationis
650 1000 678 1024 et
688 996 831 1031 sapientiae
845 996 959 1032 largitor

174 1038 253 1074 est);
274 1039 322 1068 sed
348 1041 412 1075 quia
441 1048 539 1069 causas
562 1049 654 1069 rerum
669 1042 791 1070 omnium
807 1042 834 1069 in
858 1049 887 1070 se
900 1043 960 1077 ipso

174 1085 272 1113 habet:
295 1087 416 1115 rationes
429 1087 505 1114 enim
521 1087 611 1115 omnis
632 1092 736 1116 natura:
758 1088 784 1115 in
815 1088 873 1122 ipso
897 1092 960 1116 stitit

175 1137 303 1167 tanquam
319 1133 345 1160 in
362 1140 444 1161 causa
460 1133 550 1162 omnis
563 1134 730 1168 creationis;
750 1134 816 1162 idem
840 1142 959 1170 namque

174 1182 202 1205 et
217 1179 383 1214 exemplaria
397 1187 451 1207 non
463 1179 515 1207 alia
532 1180 560 1207 in
573 1180 640 1213 alio,
656 1181 704 1208 sed
718 1187 780 1208 cum
795 1185 904 1208 mter-re
917 1189 962 1208 ra-

175 1225 265 1254 tiones
281 1226 346 1258 sint,
371 1225 399 1253 in
423 1226 481 1262 ipso
508 1226 654 1255 exsistunt.
667 1227 739 1255 Dicit
755 1231 846 1255 autem
873 1227 961 1263 ipsum

174 1269 307 1304 Verbum,
326 1272 399 1306 quod
408 1272 490 1299 etiam
506 1279 555 1307 per
573 1273 664 1300 omnia
686 1273 747 1301 sine
763 1273 962 1308 impedimento

173 1320 307 1352 permeet,
323 1317 472 1352 omniaque
484 1317 565 1345 etiam
582 1325 668 1353 usque
681 1318 714 1346 ad
729 1323 852 1346 extrema
865 1326 963 1354 perva-

175 1361 222 1390 dat
236 1381 244 1394 .
263 1361 303 1389 uti
326 1361 408 1390 etiam
431 1362 465 1390 ad
481 1362 611 1390 Hebrazos
625 1363 665 1390 ait
682 1363 827 1398 Apostolus
846 1372 854 1392 :
881 1363 961 1391 Vivus

174 1407 246 1436 enim
259 1416 344 1436 sermo
355 1413 379 1436 et
391 1409 483 1444 enim:
497 1413 522 1443 κ,
540 1416 568 1437 et
580 1417 640 1445 quaa
659 1415 821 1445 sequuntur.
836 1410 876 1438 Ac
890 1418 961 1445 prae-

177 1454 283 1486 sertim,
300 1455 362 1489 quia
378 1462 460 1490 supra
477 1462 586 1483 omnem
612 1456 815 1491 simplicitatem
842 1457 961 1491 simplex

174 1504 229 1533 est,
242 1504 270 1527 et
284 1500 319 1527 ab
334 1501 408 1528 omni
427 1501 543 1529 materia
559 1501 685 1533 liberum,
699 1506 806 1538 sumpta
831 1503 962 1531 similitu-

175 1545 238 1573 dine
252 1554 285 1574 εκ
299 1547 381 1574 verbo
410 1551 567 1575 nostrarum
593 1548 809 1584 cogitationum;
834 1550 961 1585 quoniam

174 1592 289 1619 verbum
303 1600 411 1629 quoque
424 1598 549 1621 nostrum
566 1595 674 1629 quando
689 1602 742 1622 non
765 1596 907 1629 scribitur,
928 1597 962 1624 ab

1009 990 1126 1026 χορηγὸς
1133 991 1234 1024 παντὸς
1247 992 1326 1026 λόγου
1337 993 1383 1019 καὶ
1394 993 1484 1029 πάσης
1495 995 1602 1029 σοφίας·
1612 995 1621 1030 )
1631 995 1687 1022 ἀλλ’
1701 996 1742 1022 ὅτι
1752 997 1803 1023 καὶ

1009 1035 1060 1068 τὰς
1072 1035 1126 1062 τῶν
1136 1036 1221 1063 ὄντων
1235 1037 1361 1065 ἁπάντων
1375 1039 1465 1071 αἰτίας
1477 1040 1506 1066 ὲν
1515 1039 1603 1076 ἑαυτῷ
1617 1040 1672 1076 ἔχει
1683 1050 1689 1056 ·
1707 1043 1731 1068 οι
1745 1041 1803 1077 γὰρ

1010 1081 1118 1116 φύσεως
1133 1083 1243 1119 ἀπάσης
1254 1083 1327 1118 λόγοι
1340 1085 1369 1111 ὲν
1384 1085 1459 1121 αὐτῷ
1470 1086 1538 1112 εἰσιν
1549 1086 1586 1118 ὡς
1608 1087 1686 1122 αἰτίῳ
1709 1088 1804 1123 πάσης

1009 1130 1203 1167 δημιουργίας”
1217 1131 1247 1157 αῖ
1263 1140 1292 1158 τε
1304 1131 1359 1168 γὰρ
1375 1132 1442 1160 ιδέαι
1455 1133 1502 1160 καὶ
1524 1133 1559 1160 τὰ
1579 1134 1802 1170 παραδείγματα,

1010 1176 1060 1212 οὺχ
1073 1176 1155 1212 ἕτερα
1173 1177 1236 1204 ὄντα
1244 1179 1274 1205 ἐν
1285 1178 1380 1214 ἑτέρῳ,
1396 1179 1464 1206 ἀλλὰ
1478 1180 1590 1216 νοήσεις
1608 1181 1692 1207 ἀΐδιαι
1708 1179 1801 1214 οὖσαι,

1011 1223 1040 1249 ὲν
1054 1222 1129 1258 αὐτῷ
1143 1224 1206 1250 εισι.
1220 1224 1304 1259 Λέγει
1315 1225 1345 1252 δὲ
1357 1225 1438 1252 αὐτὸν
1451 1225 1540 1260 λόγον,
1551 1227 1597 1253 xui.
1611 1227 1648 1259 ὡς
1664 1227 1708 1254 διὰ
1731 1228 1804 1254 πάν-

1011 1277 1064 1295 των
1073 1269 1211 1305 χωροῦντα
1222 1270 1378 1304 ἀκωλύτως,
1391 1272 1438 1299 καὶ
1450 1271 1539 1298 πάντα
1550 1273 1688 1309 περιιόντα
1718 1274 1804 1310 μέχρι

1011 1314 1118 1341 καὶτῶν
1129 1315 1260 1350 ἐσχάτων,
1276 1316 1314 1348 ὡς
1328 1317 1374 1344 καὶ
1385 1319 1412 1344 ὲν
1427 1319 1460 1353 τῇ
1473 1317 1541 1354 πρὸς
1559 1319 1699 1354 Ἑϐραίους
1717 1319 1804 1355 φησὶν

1011 1362 1026 1388 ὁ
1046 1361 1205 1394 Ἀπόστολος
1216 1370 1222 1377 ·
1237 1361 1302 1389 Ζῶν
1313 1363 1369 1398 γὰρ
1385 1364 1401 1391 ό
1414 1364 1505 1399 λόγος
1519 1365 1568 1391 καὶ
1588 1364 1714 1400 ἐνεργὴς
1725 1385 1732 1397 ,
1754 1366 1805 1392 καὶ

1011 1407 1046 1434 τὰ
1064 1408 1137 1443 ἑξῆς.
1151 1408 1207 1436 Καὶ
1220 1409 1272 1444 πρὸ
1286 1409 1398 1442 τούτων,
1412 1411 1452 1437 ὅτι
1463 1411 1553 1446 πάσης
1560 1411 1711 1447 ἁπλότητος
1719 1411 1806 1447 ὑπερ-

1012 1454 1146 1490 ήπλωται,
1177 1455 1225 1481 καὶ
1244 1455 1334 1491 πάσης
1349 1455 1415 1491 ὕλης
1430 1456 1603 1490 ἀπολέλυται,
1616 1458 1649 1483 ὲκ
1668 1457 1716 1483 τοῦ
1736 1457 1804 1493 παρ’

1013 1501 1079 1536 ἡμῖν
1090 1500 1167 1535 λόγου
1179 1501 1391 1538 λαμϐανομένων
1403 1502 1458 1530 τῶν
1471 1503 1580 1530 ἐννοιῶν
1589 1511 1596 1518 ·
1614 1503 1671 1531 ἀλλ’
1691 1504 1732 1530 ὅτι
1753 1503 1804 1538 μὲν

1012 1548 1179 1583 όπαρ’ὴμῖν
1192 1547 1281 1582 λόγος,
1308 1548 1353 1575 ὅτε
1379 1548 1416 1584 μὴ
1442 1549 1596 1584 γράφεται,
1625 1549 1715 1584 πάσης
1736 1549 1805 1584 ’ύλης

1013 1591 1210 1627 ἀπολελυμένος
1225 1594 1294 1625 ἐστὶ,
1309 1593 1398 1628 δῆλον.
1412 1593 1474 1625 Πῶς
1488 1593 1516 1620 δὲ
1528 1594 1574 1620 καὶ
1586 1593 1698 1626 ἁπλοῦς,
1714 1594 1804 1620 καίτοι

175 1636 250 1662 onml
266 1637 380 1664 materia
395 1637 510 1665 liberum
525 1646 587 1667 esse
602 1644 721 1667 constat.
740 1640 882 1674 Quomodo
898 1649 960 1670 veru

1013 1648 1045 1674 γε
1060 1639 1131 1666 εἴποι
1142 1648 1194 1673 τις,
1209 1640 1249 1666 ὅτι
1263 1641 1295 1667 ἐκ
1308 1639 1448 1675 στοιχείων
1468 1641 1515 1667 καὶ
1526 1640 1664 1667 συλλαϐῶν
1691 1640 1804 1674 σύγκει-

175 1681 257 1708 etiam
266 1682 390 1718 simplex,
404 1684 499 1718 utique
511 1684 584 1712 dicet
596 1684 709 1720 aliquis,
722 1693 784 1712 cum
793 1694 825 1713 ex
841 1687 962 1715 elemen-

176 1728 212 1755 tis
226 1733 254 1755 et
269 1729 381 1764 syllabis
391 1731 517 1758 constet?
535 1730 634 1759 Verum
646 1740 700 1760 non
716 1733 832 1760 dici-nus
847 1734 961 1761 verbum

176 1775 247 1807 quod
266 1775 417 1809 profertur,
441 1778 489 1804 sed
504 1779 617 1805 verbum
636 1779 785 1812 internum,
811 1781 962 1807 secundum

175 1821 247 1854 quod
262 1822 344 1849 etiam
357 1823 507 1851 rationales
531 1824 658 1852 dicimur.
673 1825 731 1857 ,llic
754 1825 825 1853 Deus
845 1826 962 1854 Verbum

175 1874 238 1893 cum
255 1867 290 1894 sit
304 1868 364 1903 ipsa
380 1876 488 1904 quoque
506 1871 618 1904 veritas,
639 1872 738 1900 merito
765 1872 848 1899 etiam
864 1876 905 1899 est
922 1873 964 1900 in-

176 1912 297 1942 fallibilis
318 1915 439 1942 omnium
462 1916 598 1952 cognitio.
615 1917 686 1950 Quid
704 1918 740 1945 sit
756 1921 846 1945 autem
868 1919 964 1954 cogni-

176 1959 225 1992 tio,
241 1960 335 1987 statim
350 1960 492 1997 subjungit
504 1962 615 1992 dicens:
628 1963 725 1990 Divina
745 1963 822 1997 ﬁdes,
839 1971 901 1998 qua:
921 1968 964 1992 est

175 2011 306 2035 constans
320 2007 441 2035 ﬁdelium
467 2009 689 2043 ﬁrmamentum,
715 2009 834 2038 fundans
858 2011 920 2038 illos
934 2011 962 2038 in

175 2053 304 2086 veritate,
320 2058 404 2089 atque
419 2055 446 2082 in
460 2055 527 2090 ipsis
539 2056 698 2089 veritatem,
714 2056 750 2084 ita
769 2057 876 2085 utﬁdes
890 2057 964 2085 veri-

175 2099 241 2126 tatis
260 2100 325 2134 quid
341 2108 423 2128 unum
452 2101 500 2128 ﬁat
513 2109 575 2129 cum
591 2103 786 2136 credentibus;
814 2110 866 2131 non
883 2111 963 2131 secus

176 2153 210 2171 ac
227 2145 254 2172 in
269 2145 330 2181 igne
343 2146 446 2174 ferrum
461 2148 527 2182 quid
539 2156 623 2176 unum
637 2149 666 2176 lit
679 2157 740 2176 cum
752 2157 795 2182 eo.
812 2150 963 2185 eademque

175 2196 307 2224 operatur
320 2199 381 2226 qua:
395 2193 476 2228 ignis.
489 2194 594 2223 Idcirco
607 2200 661 2222 tam
674 2195 741 2223 ildes
754 2203 837 2230 quam
848 2197 963 2223 creden-

178 2241 219 2263 tes
235 2238 343 2272 operari
362 2237 479 2265 dicitur:
503 2239 638 2274 siquidem
651 2240 797 2269 credentes
810 2241 962 2275 simplicem

177 2283 324 2317 quamdam
352 2285 537 2319 cognitionem
566 2287 668 2315 habent
692 2287 805 2316 minime
833 2288 960 2321 divisam,

177 2327 345 2362 minimeque
359 2329 468 2358 dubiam
481 2339 489 2364 ;
500 2332 628 2365 quoniam
646 2333 766 2368 cognitio
782 2340 826 2361 res
840 2333 963 2368 cognitas

167 2380 240 2408 _curn
255 2376 483 2409 cognoscentibus
497 2377 569 2411 unit,
591 2377 729 2412 ignoratio
745 2386 811 2406 vero
823 2379 962 2413 ignoranti

178 2418 291 2446 exsistit
309 2426 392 2446 eausa
407 2420 565 2456 divisionis;
585 2423 722 2458 siquidem
737 2424 867 2459 ignorans
887 2431 963 2452 men-

180 2469 233 2492 tem
250 2465 556 2501 babetinconstantem,
568 2474 596 2496 et
613 2470 642 2497 in
655 2470 740 2497 multa
754 2470 880 2497 divisam.
896 2470 962 2497 Eum

179 2511 272 2546 itaque
284 2513 330 2548 qui
346 2514 433 2541 credit
445 2515 471 2542 in
490 2515 617 2548 veritate,
632 2516 701 2543 nihil
714 2525 730 2543 a
744 2516 806 2544 fidei
824 2516 963 2544 domicilio

178 2567 212 2586 ac
223 2559 402 2588 fundamento
417 2561 576 2591 dimovebit.
595 2562 647 2596 Qui
665 2563 774 2597 itaque,
788 2562 866 2597 juxta
890 2563 963 2597 Apo-

178 2606 277 2633 stolum
289 2610 320 2640 Y,
335 2606 362 2633 iu
379 2607 497 2635 tenebris
508 2607 666 2644 ignorantia:
675 2608 784 2636 exsistit
797 2616 892 2636 errore
903 2609 963 2643 ipso

178 2652 326 2686 ﬂuctuans,
338 2654 531 2682 circumfertur
542 2655 617 2683 omni
631 2661 712 2683 vento
724 2655 852 2690 nequitia:
874 2655 963 2683 homi—

179 2708 258 2733 num,
273 2700 344 2728 sicut
356 2700 392 2728 illi
409 2701 454 2736 qui
465 2701 492 2728 in
506 2701 574 2729 mari
589 2706 750 2737 tempestate
762 2701 910 2736 agitantur,
935 2706 964 2729 et

179 2747 338 2774 existimant
350 2746 496 2776 Gnosticos
513 2748 652 2781 insanire;
667 2749 739 2776 sicut
754 2748 837 2776 etiam
865 2748 962 2776 Festus

179 2793 263 2822 Paulo
275 2794 416 2822 veritatem
426 2794 584 2829 praedicanti
598 2793 723 2822 aiebat:l
727 2794 829 2827 Inanis,
841 2792 925 2822 Paule
935 2799 957 2822 ι.

217 2883 229 2899 ι
246 2880 325 2910 llcbr.
343 2890 379 2916 ιν,
398 2882 439 2911 l2.

481 2887 492 2908 .'
508 2883 606 2918 Ephcs.
621 2891 657 2918 ιν,
676 2883 716 2912 Η.
755 2888 767 2902 ι
783 2883 844 2914 Act.
863 2890 934 2915 xw,
948 2881 992 2909 “ll.

1011 1693 1074 1717 ται,
1101 1685 1170 1711 Ἀλλ’
1181 1686 1211 1711 οὺ
1232 1685 1347 1721 λέγομεν
1357 1685 1403 1712 τὸν
1421 1685 1599 1722 προφορικὸν,
1611 1685 1679 1712 ἀλλὰ
1690 1685 1736 1712 τὸν
1760 1686 1804 1711 ὲν-

1012 1731 1151 1764 διάοετον,
1176 1731 1237 1758 καθ’
1256 1732 1285 1759 δν
1313 1732 1360 1758 καὶ
1385 1732 1488 1766 λογικοὶ
1513 1732 1658 1768 λεγόμεθα.
1686 1729 1770 1763 Οὗτος
1787 1731 1802 1756 ὁ

1012 1777 1078 1809 Θεὸς
1089 1778 1203 1814 λόγος,ἡ
1218 1778 1287 1814 αὐτὴ
1297 1778 1390 1814 καὶτῷ
1403 1778 1459 1807 ὄντι
1472 1776 1539 1805 οὖσα
1553 1778 1676 1814 ἀλήθεια,
1691 1777 1804 1808 εἰκότως

1013 1825 1073 1852 ἐστὶ
1086 1825 1133 1851 καὶ
1147 1825 1268 1860 ἀπλανὴς
1278 1825 1333 1852 τῶν
1349 1825 1418 1852 ὅλων
1429 1825 1540 1860 γνῶσις.
1558 1824 1590 1851 Τί
1603 1824 1632 1851 δέ
1652 1826 1710 1851 ἐστι
1729 1824 1803 1858 γνῶ-

1014 1880 1066 1904 σις,
1081 1871 1162 1903 εὐθὺς
1176 1872 1364 1903 ὲπισυνάπτει,
1382 1871 1525 1903 διδάσκων,
1550 1871 1581 1897 Ἰῖ
1596 1870 1656 1897 Θεία
1668 1871 1770 1902 πίστις,
1784 1872 1802 1906 ἡ

1015 1917 1126 1952 μόνιμος
1138 1916 1192 1943 τῶν
1207 1917 1396 1952 πεπεισμένων
1409 1917 1522 1952 ἵδρυσις,
1538 1917 1554 1952 ἡ
1566 1916 1724 1952 ὲνιδρύουσα
1738 1916 1803 1948 τοὺς

1013 1962 1187 1994 πιστεύοντας
1203 1963 1236 1997 τῇ
1253 1962 1376 1998 ἀληθείᾳ,
1391 1962 1438 1988 καὶ
1456 1961 1504 1997 τὴν
1524 1961 1653 1998 ἀλήθειαν
1674 1962 1731 1993 τοῖς
1757 1969 1804 1987 πι-

1014 2007 1162 2040 στεύουσιν,
1177 2007 1215 2040 ὡς
1234 2007 1357 2042 γίνεσθαι
1367 2007 1481 2039 ταὺτοὺς
1500 2008 1549 2043 τήν
1563 2016 1593 2034 τε
1607 2007 1657 2042 τῆς
1672 2006 1803 2042 ἀληθείας

1013 2053 1104 2080 πίστιν
1112 2053 1159 2081 καὶ
1173 2054 1236 2085 τοὺς
1249 2053 1426 2085 πιστεύοντας
1436 2062 1442 2068 ·
1453 2053 1547 2089 ὥσπερ
1558 2053 1613 2089 γὰρ
1622 2054 1636 2080 ό
1647 2054 1676 2080 ὲν
1683 2052 1722 2088 τῷ
1734 2053 1804 2088 πυρὶ

1014 2100 1121 2136 σίδηρος
1132 2100 1232 2132 ταύτὸς
1246 2099 1285 2134 τῷ
1305 2100 1371 2135 πυρὶ
1383 2099 1498 2134 γίνεται,
1510 2101 1556 2127 καὶ
1574 2100 1681 2135 ἐνεργεῖ
1700 2099 1752 2125 ὅσα
1771 2099 1803 2125 τὸ

1013 2147 1077 2183 πῦρ.
1096 2146 1146 2174 Διὰ
1156 2146 1352 2181 τοῦτολέγεται
1365 2147 1411 2173 καὶ
1430 2146 1478 2182 τὴν
1495 2146 1586 2173 πίστιν
1605 2147 1727 2181 ἐνεργεῖν
1754 2145 1804 2172 καὶ

1012 2197 1075 2229 τοὺς
1089 2195 1280 2228 πιστεύοντας·
1309 2197 1333 2223 οἱ
1354 2195 1408 2231 γὰρ
1433 2195 1608 2231 πεπεισμένοι
1627 2195 1715 2230 ἁπλῆν
1740 2203 1803 2221 τινα

1013 2242 1113 2277 γνῶσιν
1128 2241 1229 2277 ἔχουσι,
1243 2243 1290 2269 καὶ
1302 2242 1332 2268 οὐ
1346 2242 1514 2278 διῃρημένην
1527 2249 1557 2267 τε
1571 2241 1616 2267 καὶ
1639 2240 1802 2276 ἀμφίϐολον,

1014 2288 1055 2314 ὅτι
1070 2288 1086 2322 ἡ
1104 2287 1215 2322 γνῶσις,
1232 2288 1267 2315 τά
1279 2296 1309 2314 τε
1330 2287 1503 2321 γινώσκοντα
1523 2286 1570 2312 καὶ
1589 2285 1623 2312 τὰ
1643 2286 1804 2321 ἐγνωσμένα

1015 2335 1080 2366 ἑνοῖ,
1091 2335 1108 2369 ὴ
1121 2333 1149 2360 δὲ
1164 2333 1259 2368 ἄγνοια
1271 2333 1427 2369 διαιρέσεως
1440 2331 1514 2359 αἰτία
1523 2331 1562 2367 τῷ
1570 2331 1708 2366 ἀγνοοῦντι
1727 2330 1803 2365 γίνε-

1015 2388 1076 2406 ται·
1095 2380 1110 2406 ό
1125 2379 1180 2416 γὰρ
1193 2379 1296 2414 ἀγνοῶν
1316 2379 1374 2414 ἔχει
1399 2378 1430 2405 τὸ
1451 2378 1501 2413 τῆς
1523 2377 1636 2413 γνώμης
1659 2377 1802 2412 ἀνίδρυτον

1016 2425 1063 2453 καὶ
1078 2426 1118 2458 εἰς
1130 2425 1214 2452 πολλά
1230 2425 1415 2462 μεριζόμενον.
1430 2425 1481 2451 Τὸν
1492 2423 1557 2459 γοῦν
1569 2425 1599 2450 ὲν
1619 2422 1732 2458 ἀληθείᾳ
1753 2431 1801 2448 πι-

1017 2471 1144 2498 στεύοντα
1153 2472 1230 2498 οὐδὲν
1241 2472 1401 2507 ἀποκινήσει
1412 2471 1461 2506 τῆς
1474 2470 1544 2498 κατά
1552 2470 1600 2506 τὴν
1608 2469 1697 2497 πίστιν
1708 2469 1802 2502 ἑστίας

1015 2525 1045 2544 τε
1061 2518 1108 2545 καὶ
1123 2518 1260 2553 ἱδρύσεως.
1282 2517 1310 2544 ’0
1327 2517 1375 2552 μὲν
1390 2515 1435 2543 οὖν
1447 2517 1516 2544 κατά
1526 2517 1572 2543 τὸν
1596 2516 1754 2543 Ἀπὸστολον
1769 2518 1800 2543 ὲν

1013 2563 1052 2600 τῷ
1064 2563 1152 2599 σκότῳ
1166 2564 1215 2599 τῆς
1229 2562 1341 2597 ἀγνοίας
1351 2562 1399 2594 ὢν,
1421 2563 1475 2588 ὑπὸ
1495 2562 1546 2597 τῆς
1571 2561 1675 2597 πλάνης
1695 2561 1798 2597 ταύτης

1015 2607 1202 2642 σαλευόμενος,
1217 2606 1394 2642 περιφέρεται
1409 2607 1489 2634 παντὶ
1512 2606 1604 2641 ἀνέμῳ
1620 2606 1669 2641 τῆς
1681 2606 1735 2632 τῶν
1748 2607 1797 2633 ἀν-

1014 2653 1130 2690 θρώπων
1141 2654 1262 2686 κυϐείας,
1274 2653 1369 2689 ὥσπερ
1381 2654 1406 2680 οἰ
1421 2654 1451 2680 ὲν
1470 2652 1582 2687 πελάγει
1601 2652 1798 2687 κλυδωνιζόμε-

1013 2711 1064 2734 νοι,
1076 2702 1123 2728 καὶ
1132 2701 1236 2736 νομίζει
1258 2701 1357 2736 μᾶλλον
1374 2699 1437 2732 τοὺς
1453 2700 1621 2732 Γνωστικοὺς
1644 2698 1796 2735 μαίνεσθαι,

1015 2748 1052 2780 ὼς
1071 2749 1118 2774 καὶ
1127 2748 1141 2773 ὁ
1151 2747 1255 2783 Φῆστός
1270 2755 1336 2782 φησι
1348 2746 1386 2782 τῷ
1394 2746 1491 2782 Παύλῳ
1500 2745 1659 2782 κηρύττοντι
1671 2745 1721 2780 τὴν
1731 2744 1797 2779 ἀλή-

1015 2795 1098 2823 θειαν·
1111 2794 1220 2829 Μαίνῃ,
1232 2793 1341 2821 Παῦλε.
1364 2793 1392 2820 '0
1409 2791 1438 2819 δὲ
1457 2791 1604 2826 γνωστικος
1620 2791 1667 2818 καὶ
1681 2789 1720 2826 τῷ
1739 2789 1797 2816 ὄντι
