1929 3061
84 175 136 204 889

550 209 553 211 _
597 176 640 204 DE
659 175 785 203 DIVINIS
803 175 1003 208 NOMlNIBUS,
1023 175 1100 203 CAP.
1116 174 1184 202 νιιι.

1661 172 1714 201 800

84 235 256 272 Χριστιανὸς,
269 234 317 262 ἅτε
327 235 360 271 τῇ
373 234 487 272 ἀληθείᾳ
500 235 580 271 γνοὺς
596 235 641 262 τὸν
659 234 792 271 Χριστὸν,
824 234 869 263 καὶ

925 233 1096 262 Christianus
1109 237 1200 260 autem
1214 239 1277 259 vere
1295 230 1444 267 gnusticus,
1454 235 1546 267 utpote
1555 239 1619 259 vero
1633 231 1709 259 Chri-

83 281 118 309 δι’
134 280 217 309 αὑτοῦ
232 281 282 317 τὴν
305 280 469 316 θεογνωσίαν
491 282 672 317 κτησάμενος,
700 280 748 317 τὴν
769 281 872 308 ἑνιαίαν

83 328 155 363 λέγω
169 329 219 364 τῆς
234 328 363 364 ἀληθείας
386 328 497 363 γνῶσιν,
526 328 645 356 Ἐνιαίαν
668 327 723 364 γάρ
744 328 794 365 τὴν
811 328 871 356 καθ’

82 375 157 411 ἡμᾶς
172 374 264 401 πίστιν
279 373 477 409 ὠνόμασεν,ὡς
493 373 583 409 ἁπλῆν
599 383 629 401 τε
646 374 693 401 καὶ
709 374 814 411 ἀπλανῆ
823 375 873 412 τὴν

81 420 129 447 τοῦ
145 420 229 452 ὅντως
245 419 362 455 ἀληθοῦς
369 419 545 456 κηρύγματος
553 419 667 456 ἔχουσαν
676 421 787 455 γνῶσιν.
803 422 873 455 Ἐξέ-

82 473 166 501 στηκε
185 465 234 500 μὲν
257 464 297 500 τῷ
313 465 423 500 κόσμῳ,
448 464 486 501 μὴ
506 464 544 492 ὢν
568 466 598 492 ἐν
618 466 652 501 τῇ
676 467 794 502 κοσμικῇ
817 466 872 494 τῶν

80 511 203 538 ἀπίστων
219 511 316 548 γνώμῃ
331 520 361 538 τε
379 512 425 538 καὶ
450 511 549 548 πλάνῃ,
578 511 673 538 ἑαυτὸν
697 512 726 539 δὲ
742 511 871 547 γινώσκει

81 556 216 591 νήφοντα,
238 557 285 583 καὶ
306 556 514 593 ἀπηλλαγμένον
536 557 587 592 τῆς
604 556 789 589 πολυπλανοῦς
804 558 870 584 ἀπι-

82 602 173 634 στίας·
190 603 231 629 διὸ
246 603 293 629 καὶ
310 603 371 630 καθ’
388 603 507 639 ἑκάστην
524 603 630 639 ἡμέραν
652 603 871 638 ἀποθνήσκουσιν

81 649 153 685 ὑπὲρ
168 650 218 685 τῆς
234 649 371 685 ἀληθείας,
390 650 419 676 οὑ
433 650 512 686 μόνον
529 650 576 676 καὶ
593 649 673 685 μέχρι
691 649 806 677 θανάτου
817 658 875 678 κιν-

79 695 235 728 δυνεὺοντες
252 697 379 724 ἑκάστοτε
396 695 440 723 διὰ
462 695 511 731 τὴν
525 695 670 731 ἀλήθειαν,
693 695 760 722 ἀλλά
776 697 823 722 καὶ
838 697 870 732 τῇ

79 742 202 778 ἀγνωσία
217 742 395 774 τελευτῶντες
412 743 537 774 πάντοτε,
546 742 579 777 τῇ
596 741 625 768 δὲ
641 739 740 776 γνώσει
756 739 869 773 ζῶντες,

79 788 128 814 καὶ
144 788 302 824 Χριστιανοὶ
320 796 408 823 μαρτυ
413 787 459 824 ρού
464 796 548 823 μενοι.

246 911 571 955 ΚΕΦΑΛΑΙΟΝ
607 913 682 969 Ha,

78 981 149 1016 Περὶ
173 981 334 1016 δυνάμεως,
347 982 550 1015 δικαιοσύνης,
575 985 732 1016 σωτηρίας,
751 982 864 1009 ἀπολυ-

187 1016 331 1051 τρώσεως,
344 1018 379 1045 ὲν
389 1017 412 1050 ᾧ
423 1018 471 1045 καὶ
484 1018 550 1052 περὶ
566 1018 753 1052 ἀνισότητος.

926 286 998 309 stum
1017 286 1197 315 cognoscens,
1211 283 1239 306 et.
1253 277 1334 314 473
1349 285 1397 312 per
1414 278 1501 312 ipsum
1517 278 1563 306 Dei
1578 278 1712 313 cognitio-

927 334 1001 359 nem.
1016 333 1110 358 unam.
1132 325 1255 359 inquam,
1271 325 1395 352 veritatis
1415 324 1600 359 cognitionem
1625 325 1715 359 possi-

926 373 1003 400 dens.
1021 371 1108 400 Unam
1121 375 1213 398 autem
1228 369 1337 398 vocavit
1353 370 1433 398 (idem
1456 376 1590 403 nostram,
1618 375 1715 405 utpote

925 416 1077 452 simplicem
1091 421 1120 443 et
1131 415 1302 443 inl'allibilem
1314 422 1386 442 verte
1398 415 1603 449 pnedieatiouis
1617 415 1709 450 cogni-

927 463 1027 490 tionem
1055 461 1212 489 habentem.
1239 461 1286 489 Est
1300 461 1410 496 quidem
1427 466 1505 488 extra
1520 461 1648 488 mumlum
1666 469 1711 496 po-

925 510 992 542 sita.
1003 517 1067 538 cum
1082 508 1196 536 minime
1209 513 1335 535 versetur
1349 507 1376 535 in
1402 507 1538 535 mundana
1559 508 1710 536 iutideliutu

925 555 1041 584 scientia
1065 559 1093 583 et
1116 561 1226 587 errore,
1251 554 1371 589 seipsum
1388 558 1479 581 autem
1505 554 1646 589 cognoscit
1667 562 1713 582 so-

925 601 1028 635 brium,
1044 606 1072 629 et
1086 608 1101 628 a
1118 600 1265 636 multivaga
1284 600 1446 628 inlidelitate
1461 600 1622 631 liberatum;
1639 601 1714 628 ideo-

925 656 977 684 que
994 648 1115 683 quotidie
1140 655 1188 682 pro
1204 648 1320 674 veritate
1343 647 1510 679 moriuntur,
1534 655 1587 675 non
1607 653 1713 675 tantum

925 700 1012 726 usque
1023 693 1058 721 ad
1073 699 1199 726 mortem.
1216 693 1243 721 in
1263 693 1323 721 dies
1339 698 1452 728 propter
1468 694 1614 721 veritatem
1639 694 1713 729 peri.

924 739 1064 773 clitantcs,
1077 740 1125 768 scd
1139 741 1222 767 etiam
1245 747 1355 774 semper
1373 740 1534 775 ignorantiae
1547 731 1714 773 morientes:

922 785 1070 819 cognitioni
1095 792 1158 812 vero
1173 785 1307 818 viventes,
1322 791 1350 814 et
1363 785 1512 813 Christiani
1527 786 1709 820 comprobati.

1138 913 1329 959 CAPUT
1366 915 1506 958 Vill.

920 981 958 1009 De
970 980 1225 1017 polentia,justitia.
1244 981 1339 1012 salute,
1355 982 1532 1016 redemptione
1545 991 1555 1015 ;
1572 983 1616 1009 ubi
1630 982 1711 1009 etiam

1194 1017 1226 1044 de
1247 1016 1438 1053 ianuulitute.

734 1094 903 1124 SYNOPSIS
922 1094 1069 1123 CAPITIS.

78 1151 99 1179 Ι.
118 1151 196 1188 Petit,
209 1153 338 1187 quomodo
356 1153 435 1185 Deus,
448 1154 542 1188 quiest
555 1161 635 1188 supra
651 1161 752 1180 attinent
769 1153 892 1180 virtutem
911 1161 942 1179 ac
962 1158 1127 1187 potestatem.
1150 1153 1228 1180 etiam
1250 1153 1332 1180 virtus
1347 1162 1393 1180 seu
1417 1157 1534 1188 potestas
1550 1153 1710 1187 appelletur.

115 1187 147 1214 ΙΙ.
161 1186 242 1219 Dicit,
263 1188 346 1215 Deum
361 1186 482 1216 virtutem
505 1197 550 1216 seu
563 1186 718 1223 putestatem
736 1189 894 1222 nuncupari,
911 1197 944 1214 ea:
961 1186 991 1215 eo
1009 1188 1079 1222 quod
1096 1190 1260 1219 omnipotens
1276 1189 1320 1218 sit,
1335 1194 1359 1215 el
1375 1186 1461 1215 omnis
1477 1186 1626 1215 virtutian
1638 1195 1711 1223 pote-

114 1223 191 1249 statis
206 1228 309 1249 auctor.
325 1224 368 1252 Ill.
384 1224 515 1257 Ostendit,
528 1223 659 1259 quomodo
670 1225 761 1251 divina
772 1223 962 1257 omnipotenti"
978 1229 1072 1250 crinem
1089 1225 1224 1257 pert-adut.
1239 1223 1282 1250 IV.
1298 1223 1374 1250 Hane
1387 1224 1487 1257 angelis
1500 1232 1602 1250 omnem
1620 1225 1668 1250 vim
1682 1234 1713 1252 ac

113 1262 277 1292 potestatem,
291 1267 344 1293 qua
358 1259 466 1292 pollent,
484 1260 624 1292 impertiri.
640 1258 670 1286 V.
686 1259 815 1287 Similiter
825 1259 952 1290 homines,
967 1259 1105 1290 aninmlm,
1119 1265 1265 1292 cwteraque
1281 1259 1369 1285 omnia
1382 1261 1555 1286 corroborure
1563 1265 1586 1285 et
1599 1260 1626 1284 in
1640 1265 1712 1286 statu

113 1301 162 1319 suo
176 1301 338 1321 conservare.
354 1294 396 1322 Vl.
407 1294 585 1326 Demonstrat,
595 1302 703 1321 summm
716 1302 772 1320 esse
781 1295 913 1327 potentiw,
923 1295 992 1328 quod
1005 1294 1073 1320 Deus
1085 1295 1250 1324 semetipsum
1261 1302 1355 1327 negare
1366 1303 1416 1320 non
1427 1295 1523 1328 possit.
1537 1293 1591 1328 Vl_l.
1609 1294 1713 1327 Tradit,

113 1328 265 1365 miderbeus
279 1329 474 1365 etiamjustitia
487 1330 633 1364 appelletur
653 1330 761 1365 ejusque
775 1337 869 1356 munus
883 1326 996 1364 expleat.
1014 1328 1078 1356 Vill.
1093 1328 1148 1356 Cur
1163 1330 1232 1356 Deus
1250 1326 1381 1364 relinquat
1399 1326 1490 1356 iii/ioc
1503 1326 1601 1357 mutulo
1610 1336 1714 1358 sanctus

113 1363 201 1398 alfligi.
216 1362 262 1390 ΙΧ.
279 1363 354 1391 Unde
367 1362 437 1392 Deus
449 1362 530 1392 etiam
544 1365 618 1392 salus
631 1362 798 1400 nuncupetur
817 1373 847 1391 ae
863 1362 1019 1399 redemptio.

861 1433 923 1471 §I.

119 1503 187 1529 Ἀλλ’
202 1502 296 1538 ἐπειδὴ
313 1502 362 1538 τὴν
389 1502 463 1530 θείαν
479 1502 631 1539 ἀληθότητα
648 1504 696 1531 καὶ
713 1503 867 1540 ὑπέρσοφον

959 1501 1013 1529 Sed
1031 1508 1092 1529 cum
1109 1501 1229 1528 divinam
1251 1500 1397 1528 veritatem
1420 1509 1453 1529 ac
1478 1508 1643 1536 supraquam
1669 1510 1714 1530 sa-

77 1549 174 1583 σοφίαν
196 1549 243 1575 καὶ
261 1548 299 1580 ὡς
321 1548 435 1583 δύναμιν
452 1548 566 1584 ὑμνοῦσι
583 1550 630 1575 καὶ
643 1549 681 1580 ὡς
694 1548 867 1584 δικαιοσύνην

925 1548 1038 1583 picutem
1060 1548 1233 1583 sapientiam,
1249 1551 1278 1574 ut
1297 1549 1449 1583 potentiam
1467 1557 1576 1584 quoque
1593 1555 1619 1577 et
1631 1549 1714 1584 justi-

74 1597 101 1623 οἱ
115 1595 242 1630 θεολόγοι,
255 1596 302 1622 καὶ
318 1595 454 1631 σωτηρίαν
466 1595 549 1630 αὐτὴν
560 1594 727 1622 ἀποκαλοῦσι
742 1595 789 1622 καὶ
801 1595 868 1621 ἀπο-

76 1642 220 1677 λύτρωσιν,
246 1642 313 1678 φέρε
335 1641 381 1668 καὶ
391 1641 506 1674 ταύτας,
526 1641 563 1673 ὡς
588 1641 697 1676 ἐφικτὸν
721 1642 797 1677 ἡμῖν,
817 1641 868 1674 τὰς

76 1688 231 1723 θεωνυμίας
241 1687 447 1723 ἀναπτύξωμεν.
463 1688 518 1714 Καὶ
535 1689 577 1715 ὅτι
598 1688 674 1723 μὲνὴ
689 1687 803 1724 θεαρχέα
816 1687 869 1714 πά-

77 1743 128 1770 σης
144 1733 283 1770 ἐξῄρηται,
298 1734 345 1760 καὶ
357 1734 485 1769 ὑπερέχει
499 1734 549 1768 τῆς
560 1733 634 1765 ὅπως
650 1733 714 1760 ποτὲ
724 1733 771 1760 καὶ
785 1732 868 1768 οὔσης

77 1779 125 1807 καὶ
139 1778 333 1814 ὲπινοουμένης
356 1778 506 1814 δυνάμεως,
529 1778 579 1805 οὑκ
600 1776 675 1814 οἶμαί
694 1787 754 1804 τινα
770 1777 824 1805 τῶν
839 1779 868 1804 ὲν

75 1828 135 1857 τοῖς
158 1825 241 1857 θείοις
255 1825 355 1859 λογίοις
375 1824 600 1860 ὲντεθραμμένων
623 1826 730 1860 ἀγνοεῖν
742 1833 749 1840 ·
771 1824 869 1851 πολλα-

77 1872 127 1909 χοῦ
143 1871 198 1907 γὰρ
211 1873 227 1907 ἡ
241 1870 365 1904 θεολογία
379 1871 426 1897 καὶ
436 1870 485 1905 τὴν
501 1870 614 1906 κυρείαν
626 1870 707 1906 αὐτῇ,
719 1870 766 1897 καὶ
778 1869 869 1897 αὐτῶν

76 1917 133 1944 τῶν
153 1917 356 1952 ὑπερουρανίων
374 1916 515 1951 δυνάμεων
532 1916 698 1951 ἀφορίζουσα
720 1916 868 1951 παραδέδο-

77 1972 123 1989 ται
139 1963 171 1989 ³⁸.
188 1963 249 1995 ΙΙῶς
271 1961 316 1990 οὖν
338 1963 424 1998 αὑτὴν
441 1962 466 1989 οί
486 1962 604 1997 θεολόγοι
628 1962 674 1989 καὶ
694 1962 732 1994 ὡς
756 1962 869 1998 δύναμιν

79 2010 204 2046 ὑμνοῦσι,
224 2011 273 2047 τὴν
293 2011 383 2046 πάσης
407 2011 577 2046 ὲξῃρημὲνην
599 2011 754 2046 δυνάμεως
773 2011 789 2046 ἢ
810 2011 869 2043 πῶς

78 2057 122 2083 ἐπ’
138 2057 205 2092 αὐτῇ
221 2056 269 2093 τὴν
285 2056 495 2094 δυναμωνυμίαν
511 2057 673 2093 ὲκλάὅοιμεν
690 2058 730 2091 ³⁸ς

922 1596 987 1622 tiam
1013 1594 1133 1630 theologi
1158 1594 1324 1628 collaudem,
1342 1602 1393 1622 nec
1416 1602 1470 1622 non
1499 1595 1586 1630 ipsam
1605 1602 1714 1630 quoque

921 1641 1036 1668 salutent
1060 1647 1092 1668 ac
1115 1640 1332 1675 redemptionem
1356 1645 1471 1674 vocent;
1490 1642 1605 1676 agedum
1630 1641 1711 1668 etiam

922 1687 980 1714 haec
1007 1686 1055 1714 Dei
1082 1686 1204 1719 nomina,
1230 1686 1322 1721 quoad
1351 1686 1499 1721 possimus,
1525 1686 1712 1714 cmiclcenius.

921 1731 998 1766 Quod
1023 1731 1093 1759 Deus
1118 1731 1240 1766 quidem,
1264 1731 1448 1759 deiftealionis
1474 1732 1611 1766 princeps,
1632 1739 1712 1766 supra

921 1785 1030 1804 onmem
1055 1777 1205 1812 potentiam
1230 1777 1348 1810 feratur,
1368 1782 1395 1804 et
1418 1785 1527 1805 onmem
1549 1778 1712 1813 potentiam,

922 1824 1168 1859 quotuodoeunque
1182 1828 1225 1851 est
1241 1828 1269 1851 et
1283 1823 1467 1859 excogitalur,
1484 1829 1640 1859 exsuperet,
1658 1832 1711 1852 non

922 1876 989 1904 puto
1003 1870 1086 1897 ullum
1102 1877 1135 1897 ex
1152 1870 1186 1897 iis
1201 1870 1247 1905 qui
1265 1871 1292 1897 in
1307 1871 1460 1907 Scripturis
1476 1871 1576 1898 divinis
1589 1871 1636 1898 alti
1650 1875 1714 1898 sunt

922 1921 950 1944 et
961 1916 1081 1947 educati,
1094 1916 1241 1951 ignorare;
1257 1916 1349 1944 multis
1364 1917 1436 1944 enim
1449 1917 1476 1944 in
1488 1917 1555 1944 locis
1570 1917 1712 1952 Scriptura

921 1966 949 1989 et
971 1961 1185 1989 dominationem
1211 1962 1298 1997 ipsam
1314 1969 1377 1989 esse
1401 1962 1484 1989 tradit
1505 1969 1529 1995 ιι,
1546 1967 1573 1989 et
1596 1963 1630 1989 ab
1647 1962 1714 1996 ipsis

921 2007 1165 2043 supraccelestibus
1182 2008 1313 2043 potentiis
1330 2013 1442 2043 separat
1459 2009 1484 2035 ιι.
1503 2008 1643 2042 Quomodo
1660 2009 1713 2043 igi-

924 2059 970 2081 tur
984 2054 1100 2088 theologi
1116 2059 1244 2088 tanquam
1258 2054 1406 2089 potentiam
1423 2054 1544 2087 laudant,
1559 2061 1620 2089 qum
1634 2058 1711 2081 extra

918 2108 1028 2129 omnem
1047 2101 1197 2135 potentiam
1220 2101 1308 2135 posita
1326 2100 1386 2128 est?
1401 2105 1448 2128 aut
1471 2100 1608 2136 quomodo
1629 2100 1657 2127 iu
1680 2107 1712 2129 ea

918 2154 1016 2174 nomen
1039 2147 1166 2182 potentia:
1182 2147 1374 2183 accipiemus?

857 2225 872 2262 ς
895 2224 936 2255 ιι.

115 2284 234 2320 Λέγομεν
254 2283 344 2310 τοίνυν
367 2283 400 2316 ³⁸,
417 2283 459 2310 ὅτι
480 2282 594 2319 δύναμίς
613 2283 688 2310 ἐστιν
703 2285 718 2311 ὁ
740 2284 815 2318 Θεὸς,
830 2285 869 2317 ὼς

77 2331 169 2357 πᾶσαν
182 2329 296 2365 δύναμιν
310 2330 339 2356 ὲν
351 2329 439 2365 ἑαυτῴ
455 2330 578 2365 προέχων
591 2331 638 2357 καὶ
653 2331 805 2366 ὑπερέχων,
821 2333 868 2359 καὶ

956 2285 1077 2314 Dicimus
1089 2286 1182 2322 igitur,
1196 2286 1282 2315 Deum
1296 2293 1357 2315 esse
1367 2285 1531 2321 potentiam,
1545 2290 1574 2314 ut
1585 2286 1631 2322 qui
1649 2295 1718 2324 prm-

922 2332 1003 2360 ltabet
1016 2333 1042 2360 in
1055 2341 1085 2361 se
1095 2339 1123 2361 et
1133 2341 1215 2368 supra
1230 2341 1311 2369 quam
1325 2333 1408 2361 habet
1417 2340 1526 2361 omnem
1546 2334 1651 2368 potenti
1661 2342 1716 2367 am;

77 2377 117 2408 ὡς
131 2376 221 2411 πάσης
236 2375 376 2411 δυνάμεως
391 2376 487 2409 αἴτιος,
503 2377 549 2402 καὶ
564 2376 653 2403 πάντα
665 2376 737 2404 κατὰ
754 2377 868 2414 δύναμιν

76 2422 187 2450 ἆκλιτον
195 2423 241 2449 καὶ
254 2422 442 2458 ἀπεριόριστον
457 2423 599 2458 παράγων,
615 2424 662 2450 καὶ
678 2424 716 2456 ὡς
727 2423 809 2450 αὑτοῦ
820 2424 868 2451 τοῦ

77 2466 149 2495 εἶναι
165 2467 288 2504 δύναμιν,
305 2468 322 2504 ἢ
338 2469 388 2504 τὴν
400 2469 463 2505 ὃλην
484 2469 501 2505 ἦ
515 2471 566 2506 τὴν
580 2472 640 2498 καθ’
654 2472 769 2499 ἕκαστον
782 2471 868 2503 αἴτιος

76 2513 133 2540 ὢν·
148 2514 195 2540 καὶ
209 2513 246 2545 ὡς
254 2513 518 2550 ἀπειροδύναμος,οὺ
535 2516 614 2552 μόνον
628 2516 667 2552 τῷ
681 2517 770 2543 πᾶσαν
787 2516 867 2543 δύνα-

78 2568 128 2596 μιν
143 2560 288 2596 παράγειν,
306 2559 374 2587 ἀλλά
389 2561 437 2587 καὶ
451 2561 491 2596 τῷ
509 2562 578 2597 ὑπὲρ
594 2563 683 2589 πᾶσαν
699 2563 745 2589 καὶ
759 2562 808 2598 τὴν
825 2563 871 2589 αὺ-

77 2606 223 2642 τοδύναμιν
235 2605 314 2639 εἶναι,
329 2608 376 2634 καὶ
387 2608 425 2642 τῷ
438 2608 648 2644 ὑπερδύνασθαι,
662 2610 708 2636 καὶ
724 2609 871 2645 ἀπειράκις

79 2653 210 2689 ἀπείρους
226 2653 280 2680 τῶν
294 2653 382 2680 οὐσῶν
400 2654 542 2690 δυνάμεων
560 2655 656 2691 ἑτέρας
678 2658 849 2692 παραγαγεῖν
861 2665 868 2672 ·

79 2699 128 2725 καὶ
142 2699 181 2734 τῷ
197 2698 234 2735 μὴ
247 2700 280 2726 ἀν
297 2708 362 2726 ποτε
377 2699 523 2736 δυνηθῆναι
539 2701 589 2733 τὰς
609 2702 738 2738 ἀπείρους
758 2703 804 2729 καὶ
826 2703 871 2730 ἐπ’

130 2783 142 2797 α
160 2776 180 2804 ll
198 2777 271 2806 Pctr.
292 2786 320 2805 ιι.
360 2778 374 2798 δ
391 2777 464 2807 Psal.
483 2787 562 2807 unt.

921 2379 1003 2416 474
1019 2386 1047 2408 et
1063 2384 1092 2408 ut
1106 2381 1195 2408 omnis
1210 2380 1338 2416 potentiae
1353 2385 1460 2414 auctor,
1477 2385 1505 2409 et
1520 2385 1550 2408 ut
1566 2380 1658 2407 omnia
1677 2381 1719 2408 in-
1754 2402 1758 2417 τ

920 2427 1032 2455 tlexibili
1048 2431 1076 2455 et
1100 2427 1337 2462 incircumscripta
1364 2427 1485 2462 potentia
1504 2427 1670 2462 producens,
1690 2432 1718 2454 ct
1750 2424 1759 2461 ξ

920 2477 951 2499 ιιι
975 2477 1071 2500 auctor
1091 2473 1178 2508 ipsius
1204 2480 1265 2500 esse
1293 2473 1444 2507 patentius,
1470 2477 1523 2500 tam
1549 2471 1714 2499 universalis

920 2527 1001 2554 quam
1023 2519 1156 2555 cujusque
1177 2519 1369 2555 particularis;
1386 2524 1413 2546 et
1438 2524 1468 2546 ut
1488 2518 1713 2552 inﬁniti-potens,

924 2572 977 2591 non
989 2564 1075 2592 solum
1088 2572 1196 2592 omnem
1209 2565 1358 2599 potentiam
1372 2564 1559 2599 producendo,
1568 2564 1616 2590 sed
1629 2563 1713 2589 etlam

924 2618 1005 2645 supra
1030 2618 1138 2638 onmem
1162 2611 1322 2646 potentiam,
1347 2615 1375 2638 et
1395 2618 1477 2646 supra
1502 2610 1590 2644 ipsam
1613 2617 1665 2644 per
1681 2615 1714 2636 se

924 2657 1071 2691 potentiam
1088 2657 1260 2691 cxsistendo;
1274 2663 1301 2684 et
1312 2658 1384 2692 quod
1400 2657 1516 2692 desuper
1532 2656 1617 2692 possit
1633 2656 1713 2682 innu-

925 2702 1093 2731 merabiliter
1114 2703 1235 2732 inﬁnitas
1259 2703 1326 2732 alias
1340 2704 1476 2739 potentias
1497 2702 1665 2739 producere;
1684 2705 1712 2729 et

720 2837 836 2866 VARUE
855 2836 1060 2865 LECTIONES.

124 2893 144 2912 ⁸’“
152 2896 335 2932 παραδέδωκε,
355 2898 382 2926 S.
401 2897 432 2926 Ρ.
469 2898 668 2935 ³⁵ὲκλάόωμεν.
688 2898 715 2927 5.
727 2897 757 2927 P.
796 2898 817 2915 ³⁸
835 2898 958 2934 λέγωμεν
975 2897 1074 2934 τοίνυν,
1094 2898 1122 2926 S.
1134 2897 1165 2926 Ρ,
