1929 3061
217 174 265 202 891

805 172 849 208 S.|
861 171 938 200 1)]οΧ
945 172 1011 199 YSII
1033 170 1266 198 AREOPAGITJE

1800 168 1854 196 892

218 229 289 265 quod
314 228 427 256 inﬁnita!
451 228 557 256 inlinito
582 236 696 257 numero
718 230 857 265 productm
879 230 1009 265 potentiae

1066 233 1173 268 ἄπειρον
1187 229 1381 266 παραγομὲνας
1395 229 1523 264 δυνάμεις
1537 227 1586 264 τὴν
1603 227 1788 264 ὑπερᾶπειρον
1804 228 1852 254 αὑ-

219 283 356 311 mmquam
389 280 491 310 queant
519 283 687 310 supraquam
717 276 851 303 inﬁnitam
881 278 1008 311 potentia:

217 323 278 357 ejus
308 322 473 357 potentilica:
503 321 676 350 ellcctioncm
706 322 854 355 hebetare;
882 325 1009 358 quodque

219 367 362 395 inell'abilis
383 372 412 394 et
429 367 654 402 incognoscibilis
678 372 705 394 et
727 367 949 402 inexcogitabilis
972 368 1009 395 sit

218 413 310 441 omnia
323 412 521 441 transcendcns
532 411 591 447 ejus
605 413 739 448 polentia,
755 420 816 448 quae
831 413 1009 441 exuberantia

219 460 365 495 potestatis
390 465 526 495 potentem
550 460 641 488 reddit
659 460 859 494 inﬁrmitatem,
873 461 949 496 cujus
961 469 1011 490 ex-

220 512 321 534 tremos
333 513 440 541 quoque
454 506 582 533 terminos
595 507 716 534 continet
730 512 917 542 penetratque,
931 508 1002 536 sicut

219 553 246 580 in
262 552 296 580 iis
309 560 370 588 quae
384 559 497 580 sensum
509 552 588 580 valde
601 552 704 580 feriunt
715 553 850 586 videmus,
865 554 1010 588 praelueida

219 599 322 626 lumina
337 599 448 626 hebetes
464 605 572 633 quoque
587 598 693 626 videndi
710 599 854 627 facultates
878 601 1012 634 perstrin-

219 653 283 681 gere
295 653 303 675 ς
317 650 344 673 et
359 645 482 679 ingentes
497 645 576 673 aiunt
603 645 734 680 strepitus
757 645 882 673 audiendi
904 653 1012 681 qttoque

219 697 327 723 sensus,
349 698 416 718 sono
434 690 568 725 capiendo
589 699 685 726 parum
706 691 831 722 idoneos.
855 698 1009 726 penetrare.

220 736 298 769 Quod
312 737 384 764 enim
399 737 508 772 penitus
527 744 580 764 nor.
594 738 680 770 audit,
690 737 746 772 jam
763 745 816 764 non
828 741 869 765 est
883 737 1010 771 auditus;

221 791 311 818 neque
323 784 407 817 visus,
423 785 494 820 quod
511 793 563 812 non
577 784 666 812 cernit
678 784 801 812 omnino.

1058 279 1106 305 τοῦ
1128 278 1177 313 τῆς
1200 275 1381 312 δυναμοποιοῦ
1400 275 1539 310 δυνάμεως
1563 274 1700 310 ἀμϐλῦναι
1722 275 1850 311 ποίησιν·

1060 325 1107 350 καὶ
1121 323 1160 358 τῷ
1175 323 1320 357 ἁφθέγκτῳ
1337 322 1384 348 καὶ
1402 320 1533 357 ἀγνώστῳ
1549 321 1595 347 καὶ
1613 321 1783 357 ἀνεπινοήτῳ
1801 321 1850 356 τῆς

1061 371 1149 397 πάντα
1159 369 1345 404 ὑπερεχούσης
1355 367 1438 394 αὑτοῦ
1452 367 1603 402 δυνάμεως,
1615 368 1632 403 ἢ
1641 367 1684 395 διὰ
1696 368 1851 403 περιουσίαν

1060 415 1108 443 τοῦ
1121 415 1234 442 δυνατοῦ
1245 415 1291 441 καὶ
1301 414 1350 450 τὴν
1363 413 1505 441 ἀσθένειαν
1514 413 1637 449 δυναμοῖ,
1649 414 1696 451 καὶ
1707 413 1742 440 τὰ
1752 414 1852 450 ἔσχατα

1060 463 1116 490 τῶν
1136 463 1326 498 ἀπηχημάτων
1349 461 1372 478 ³⁷
1395 461 1480 496 αὐτῆς
1504 460 1609 496 συνέχει
1631 460 1678 487 καὶ
1701 460 1850 496 ὃιακρατεί,

1059 509 1186 544 καθάπερ
1203 509 1251 535 καὶ
1262 509 1308 535 ἐπὶ
1320 509 1374 535 τῶν
1388 510 1447 536 κατ’
1463 509 1588 545 αἴσθησιν
1600 507 1719 536 δυνατῶν
1733 508 1850 544 ὁρῶμεν,

1059 557 1100 583 ὅτι
1114 556 1148 582 τὰ
1166 556 1354 591 ὑπέρλαμπρα
1372 555 1449 590 φῶτα
1472 556 1519 582 καὶ
1542 555 1622 591 μέχρι
1639 555 1693 582 τῶν
1715 555 1851 589 ἁμϐλειῶν

1060 603 1181 638 ὁράσεων
1202 601 1314 636 φθάνει·
1329 602 1449 634 καὶτοὺς
1464 602 1598 638 μεγάλους
1618 602 1684 637 φασὶ
1695 601 1749 628 τῶν
1760 601 1852 636 ψόφων

1061 650 1108 676 καὶ
1122 649 1162 681 εἰς
1183 648 1233 680 τὰς
1250 648 1287 684 μὴ
1299 648 1356 675 λίαν
1371 649 1490 680 εὐκόλως
1503 648 1557 675 τῶν
1571 649 1645 684 ἢχων
1658 646 1853 683 ἀντιλαμϐανο-

1066 695 1150 730 μένας
1164 694 1248 726 ἀκοὰς
1266 695 1426 722 εἰσδύεσθαι.
1448 696 1485 721 Τὸ
1499 695 1554 731 γὰρ
1570 696 1655 730 πάντη
1669 695 1784 730 ἀνήκοον
1794 693 1854 721 οὐδὲ

1065 740 1147 776 ἀκοή·
1162 740 1210 767 καὶ
1224 740 1254 767 τὺ
1268 739 1380 766 καθόλου
1396 740 1432 776 μὴ
1445 740 1542 775 βλέπον
1555 740 1615 767 οὐδὲ
1629 741 1724 777 ὅρασις
1739 739 1774 766 ³⁸.

1001 867 1015 904 §
1038 866 1093 897 ΙΙΙ.

265 936 328 964 Haec
342 936 424 972 igitur
443 937 564 972 potentia
585 936 633 965 Dei
648 936 858 972 inﬁniti-potens
878 939 905 965 in
919 938 1011 965 omnia

1095 935 1169 970 Αὕτη
1188 934 1210 961 δ’
1223 932 1269 961 οὖν
1281 935 1297 970 ἡ
1315 933 1531 970 ἀπειροδύναμος
1545 932 1592 959 τοῦ
1607 931 1668 959 θεοῦ
1683 933 1803 965 διάδοσις
1817 934 1857 966 εἰς

225 990 286 1017 qua:
304 988 368 1011 sunt
386 989 459 1011 meat
471 988 496 1012 et
515 983 698 1019 progreditur,
714 984 837 1020 nihilque
848 991 1013 1020 eorumquae

227 1034 293 1057 sunt
303 1030 343 1058 sic
359 1031 472 1058 omnino
487 1031 619 1058 nudatum
637 1035 689 1064 est,
706 1031 772 1066 quin
795 1031 913 1066 aliquam
936 1036 1012 1067 pote~

224 1080 321 1103 statem
337 1075 452 1104 habeat:
468 1076 535 1112 quin
564 1076 656 1112 potius
680 1081 844 1112 potestatem
865 1078 946 1106 habet
968 1078 1011 1107 vel

224 1121 416 1156 intelligentem
432 1121 474 1150 vel
496 1122 717 1154 ratiocinantem,
732 1122 772 1149 vel
791 1122 952 1151 sentientem
968 1125 1011 1152 vel

223 1169 371 1203 viventem,
384 1171 426 1198 vel
445 1171 585 1206 propriam
603 1172 780 1205 substantiae;
794 1176 821 1199 et
833 1172 921 1207 ipsum
939 1180 1010 1207 esse,

223 1216 246 1244 si
273 1217 315 1245 fas
331 1222 374 1244 est
395 1218 496 1251 dicere,
517 1219 679 1253 potentiam,
695 1219 777 1246 habet
791 1222 822 1246 ut
846 1218 881 1246 sit
895 1219 930 1246 ab
950 1219 1010 1254 ipsa

223 1264 446 1298 supraeSsentiali
460 1266 591 1300 potentia.

1064 982 1153 1008 πάντα
1163 981 1197 1008 τὰ
1208 981 1272 1008 ὄντα
1286 981 1379 1016 χωρεῖ,
1392 980 1439 1006 καὶ
1449 979 1524 1006 οὐδέν
1534 980 1592 1006 ἐστι
1602 979 1657 1005 τῶν
1671 979 1755 1006 ὄντων
1768 979 1783 1005 ὃ
1793 988 1858 1006 παν-

1063 1027 1148 1059 τελῶς
1163 1027 1299 1062 ἀφῄρηται
1313 1025 1344 1052 τὸ
1357 1025 1428 1061 ἔχειν
1438 1024 1498 1051 τινὰ
1510 1024 1622 1060 δύναμιν
1631 1033 1637 1039 ·
1649 1024 1706 1050 ἀλλ’
1721 1024 1737 1058 ἢ
1748 1024 1856 1059 νοερὰν,

1063 1073 1080 1109 ἢ
1097 1073 1218 1108 λογικὴν,
1236 1072 1252 1107 ἢ
1272 1071 1444 1107 αἰσθητικὴν,
1463 1071 1479 1106 ἦ
1498 1070 1626 1106 ζωτικὴν,
1641 1070 1657 1105 ἦ
1679 1069 1796 1105 οὺσιώδη
1811 1070 1858 1096 δύ-

1065 1128 1146 1154 ναμιν
1168 1119 1241 1154 ἔχει·
1264 1118 1311 1145 καὶ
1329 1117 1394 1144 αὐτὸ
1416 1117 1454 1148 δὲ,
1476 1117 1500 1143 εἱ
1521 1116 1599 1152 Θέμις
1619 1117 1716 1147 εἰπεῖν,
1738 1116 1768 1142 τὺ
1788 1113 1859 1142 εἶναι

1065 1167 1189 1202 δύναμιν,
1206 1167 1246 1198 εἰς
1264 1166 1296 1193 τὸ
1312 1163 1383 1192 εἶναι
1397 1164 1453 1200 ἕχει
1469 1163 1543 1200 παρὰ
1560 1164 1609 1198 τῆς
1629 1163 1794 1199 ὑπερουσξου
1814 1163 1859 1189 δυ-

1066 1213 1184 1249 νάμεως.

1007 1337 1020 1373 §
1043 1335 1096 1365 1v.

269 1415 306 1443 Ex
333 1416 389 1450 ipsa
408 1420 472 1443 sunt
494 1415 640 1444 deilormes
672 1417 859 1451 angelicorum
885 1418 1012 1445 ordinum

220 1463 369 1499 potentizc;
401 1470 434 1490 ex
465 1463 523 1497 ipsa
550 1470 657 1497 quoque
692 1464 793 1491 habent
827 1469 926 1491 statum
962 1465 1013 1491 im-

224 1509 391 1542 mutabilem,
414 1517 465 1537 nee
485 1517 538 1537 non
560 1516 655 1536 omnes
675 1517 738 1536 suas
760 1510 898 1545 spiritales
915 1514 942 1537 et
960 1511 1012 1538 im-

225 1555 354 1581 mortales
366 1561 398 1582 ae
413 1560 560 1589 perpetuas
572 1559 718 1586 mottoues,
734 1556 873 1590 ipsamque
887 1559 1014 1582 constan-

223 1601 288 1628 tiam
305 1602 422 1636 bonique
438 1602 601 1636 appetitum.
622 1601 667 1636 qui
692 1601 777 1628 minui
798 1609 851 1628 non
868 1602 964 1636 possit,
979 1602 1013 1629 ab

223 1646 363 1674 immensa
384 1648 515 1675 bonitatis
532 1649 655 1682 potentia
670 1653 845 1683 receperunt,
861 1647 938 1680 cujus
953 1655 1013 1674 mu-

222 1699 288 1719 nere
303 1692 413 1725 habent,
430 1697 459 1720 ut
473 1698 500 1720 et
515 1694 620 1728 possint
632 1699 658 1720 et
672 1694 730 1721 sint
743 1694 800 1721 haec
813 1694 880 1728 ipsa,
894 1700 1015 1727 semper-

222 1745 275 1771 que
296 1745 357 1765 esse
375 1739 542 1772 desiderent,
559 1744 587 1767 et
602 1739 631 1766 id
651 1739 737 1775 ipsum
753 1747 835 1775 posse
856 1739 1015 1767 desiderare

222 1791 331 1820 semper
343 1785 463 1820 possint.

1108 1417 1152 1451 Ἐξ
1167 1417 1250 1452 αὐτῆς
1263 1419 1331 1444 εἰσιν
1345 1418 1371 1444 αἱ
1387 1417 1512 1448 θεοειδεῖς
1525 1417 1579 1443 τῶν
1594 1416 1746 1451 ἀγγελικῶν
1768 1416 1860 1444 διακό-

1058 1463 1281 1499 σμωνδυνάμεις·
1297 1462 1426 1499 ἐξαυτῆς
1446 1465 1492 1490 καὶ
1511 1463 1541 1489 τὸ
1563 1461 1632 1489 εἶναι
1654 1461 1862 1498 ἀμεταπτώτως

1067 1510 1166 1546 ἔχουσι,
1186 1510 1232 1536 καὶ
1246 1509 1336 1540 πάσας
1350 1509 1439 1535 αὐτῶν
1459 1510 1508 1541 τὰς
1530 1509 1626 1544 νοερᾶς
1646 1509 1693 1535 καὶ
1710 1509 1861 1540 ἀθανάτους

1066 1555 1244 1591 ἀεικινησίας,
1264 1555 1310 1581 καὶ
1328 1555 1358 1581 τὸ
1381 1555 1502 1591 appara;
1523 1555 1600 1587 αὐτὸ,
1618 1556 1665 1582 καὶ
1683 1555 1732 1590 τὴν
1747 1554 1861 1581 amas:—

1064 1612 1150 1630 τωτον
1173 1602 1265 1637 ἔφεσιν
1281 1601 1327 1628 τοῦ
1344 1601 1457 1636 ἀγαθοῦ,
1474 1601 1541 1636 πρὸς
1562 1601 1612 1636 τῆς
1632 1601 1821 1636 ἀπειραγάθου
1838 1600 1860 1615 ⁸⁵

1064 1649 1205 1685 δυνάμεως
1217 1649 1370 1684 εἰλήφασιν,
1385 1648 1469 1684 αὐτῆς
1484 1648 1607 1682 ἐφιείσης
1623 1648 1716 1679 αὐτοῖς
1730 1647 1762 1673 τὸ
1781 1647 1860 1673 δύνα-

1067 1695 1128 1722 σθαι
1142 1696 1188 1722 καὶ
1202 1696 1232 1722 τὸ
1256 1692 1324 1721 εἶναι
1338 1694 1434 1725 ταῦτα,
1448 1695 1496 1720 καὶ
1518 1693 1641 1728 ἐφίεσθαι
1660 1694 1703 1719 ἀεὶ
1719 1691 1800 1724 εἶναι,
1815 1692 1861 1718 καὶ

1066 1742 1131 1769 αὐτὸ
1147 1742 1178 1768 τὸ
1191 1741 1320 1768 δύνασθαι
1337 1740 1460 1775 ἐφίεσθαι
1472 1740 1519 1767 τοῦ
1532 1740 1576 1767 ἀεὶ
1591 1739 1731 1766 δύνασθαι.

1004 1868 1018 1905 §
1039 1867 1075 1897 v.

258 1938 344 1967 Porro
379 1939 560 1968 indelieientis
579 1939 659 1968 istius
689 1940 818 1975 potentia:
846 1948 958 1967 munera
984 1940 1011 1967 in

222 1985 347 2013 homines
383 1992 492 2020 quoque
516 1986 680 2019 dimanant,
712 1991 740 2014 et
774 1987 801 2014 in
829 1987 956 2014 animalia
985 1990 1012 2013 et

221 2031 348 2065 plantas,
374 2035 514 2066 totamque
536 2036 662 2059 naturam
684 2032 826 2065 universi;
851 2031 1014 2059 carroborat

221 2077 295 2104 enim
321 2077 379 2111 illa,
394 2085 456 2113 quze
479 2078 554 2106 unita
577 2083 651 2112 sunt,
669 2079 703 2106 ad
720 2083 842 2107 mutuam
863 2078 1012 2106 amicitiam

223 2131 255 2151 ac
269 2125 505 2159 communionem,
516 2130 545 2153 et
557 2132 618 2161 quae
636 2126 764 2153 distincta
778 2130 851 2158 sunt,
871 2129 901 2153 ut
915 2133 1014 2153 secun-

223 2169 287 2196 dum
306 2177 384 2198 suam
400 2178 517 2206 quaeque
539 2172 673 2200 rationem
697 2179 730 2200 ac
756 2172 942 2200 deﬁnitionem
960 2172 1014 2199 im-

223 2215 354 2248 permista
370 2223 478 2251 quoque
490 2221 516 2244 et
541 2217 684 2245 ineonfusa
708 2218 878 2250 consistant;
897 2225 947 2246 nec
961 2225 1014 2245 non

223 2260 345 2290 universi
368 2261 449 2296 hujus
462 2263 575 2291 ordines
589 2271 622 2291 ac
637 2263 803 2292 directiones
821 2264 848 2291 in
863 2264 934 2292 b0no
949 2271 1013 2298 pro-

223 2307 285 2342 prio
301 2312 455 2341 conservat,
471 2313 553 2344 atque
568 2309 737 2338 immortales
753 2309 938 2345 angelicorum
954 2309 1015 2336 uni-

225 2359 313 2381 tatmn.
337 2354 408 2381 vitas
432 2355 620 2389 inviolabiles,
649 2362 677 2384 et
701 2356 852 2384 caelestium
879 2356 1012 2383 luminum

223 2400 306 2436 475
328 2401 503 2436 siderumque
518 2402 686 2430 substantias
699 2407 782 2438 atque
793 2402 905 2430 ordines
919 2406 1013 2430 servat

225 2446 419 2478 imnmtabiles,
436 2447 590 2483 secutaque
613 2453 643 2475 ut
664 2455 725 2476 csse
747 2449 853 2484 possint
872 2448 1010 2483 indulget;

224 2497 377 2528 temporum
403 2501 514 2528 quoque
536 2494 796 2523 eireumvolutiones
821 2495 1012 2530 progressibus

223 2539 335 2574 quidem
351 2539 510 2574 distinguit.
528 2541 661 2570 reditibus
682 2548 747 2569 vero
762 2541 885 2576 colligit;
900 2546 929 2569 et
944 2541 1014 2576 ignis

225 2586 488 2614 vii-esincxstinctas
501 2586 580 2620 facit,
596 2594 646 2615 nec
660 2595 713 2616 non
730 2595 808 2623 aquze
827 2587 928 2615 ﬂuenta
950 2595 1014 2622 pcr-

223 2632 323 2664 ennia;
346 2632 450 2660 aeriam
475 2641 584 2668 quoth
607 2633 742 2662 fusionem
764 2634 913 2667 terminat,
930 2638 1014 2669 atque

225 2683 326 2705 terram
340 2686 421 2714 supra
436 2679 549 2706 nihilum
569 2679 669 2714 lirmat,
682 2681 797 2716 ejusque
813 2680 935 2708 vivilicos
949 2689 1013 2716 par-

225 2729 271 2752 tus
284 2724 504 2760 incorruptibiles
526 2726 666 2760 custodit;
679 2727 746 2762 quin
767 2731 795 2755 et
815 2726 1013 2755 elementorutn

1103 1938 1213 1975 Πρόεισι
1233 1937 1261 1963 δὲ
1285 1936 1319 1964 τὰ
1334 1937 1385 1972 τῆς
1393 1935 1579 1963 ’ἁνεκλείπτου
1600 1935 1741 1970 δυνάμεως
1761 1936 1809 1962 καὶ
1824 1937 1862 1967 εἰς

1068 1984 1237 2021 ἀνθρώπους,
1258 1983 1304 2010 καὶ
1323 1983 1390 2016 ζῶα,
1416 1984 1462 2010 καὶ
1486 1982 1567 2018 φυτὰ,
1591 1983 1638 2009 καὶ
1661 1982 1710 2017 τὴν
1729 1982 1795 2017 ὃλην
1815 1982 1862 2008 τοῦ

1065 2031 1165 2062 παντὸς
1191 2029 1290 2066 φύσιν
1317 2031 1364 2061 καὶ
1388 2029 1503 2064 δυναμοῖ
1524 2029 1559 2055 τὰ
1584 2028 1711 2065 ἡνωμένα
1728 2028 1800 2063 πρὸς
1813 2028 1862 2063 τὴν

1064 2078 1186 2115 ἀλλήλων
1207 2077 1298 2112 φιλίαν
1313 2077 1359 2104 καὶ
1373 2075 1526 2106 κοινωνίαν,
1547 2075 1594 2102 καὶ
1609 2075 1644 2101 τὰ
1663 2074 1862 2110 διακεκριμένα

1067 2124 1136 2161 πρὸς
1149 2124 1179 2151 τὸ
1193 2122 1262 2150 εἶναι
1275 2122 1345 2150 κατὰ
1357 2122 1402 2149 τδν
1413 2124 1511 2149 οἰκεῖον
1525 2122 1629 2148 ἕκαστα
1641 2121 1719 2156 λόγον
1736 2123 1784 2148 καὶ
1799 2122 1863 2157 ὅρον

1068 2171 1208 2206 ἀσὺγχυτα
1224 2170 1271 2196 καὶ
1286 2169 1452 2205 ἀσύμφυρτα
1464 2177 1470 2183 ·
1486 2168 1533 2196 καὶ
1546 2168 1595 2200 τὰς
1618 2167 1666 2194 τοῦ
1691 2167 1793 2199 παντὸς
1813 2167 1863 2193 τεὶ-

1068 2218 1124 2250 ξεις
1140 2216 1187 2242 καὶ
1201 2215 1386 2251 εὐθυμοσύνας
1397 2215 1419 2230 ⁸ο
1434 2215 1474 2246 εἰς
1488 2214 1518 2241 τὸ
1529 2215 1628 2241 οἰκεῖον
1645 2213 1747 2248 ἀγαθὸν
1762 2213 1864 2240 διασώ-

1029 2255 1050 2282 D
1065 2263 1116 2294 ζει,
1132 2263 1180 2289 καὶ
1199 2262 1249 2295 τὰς
1265 2261 1415 2293 ἀθανάτους
1429 2261 1482 2288 τῶν
1503 2259 1654 2295 ἀγγελικῶν
1670 2260 1771 2287 ἐνὰδων
1789 2260 1864 2292 ζωὰς

1067 2309 1223 2345 ἁλωϐήτους
1236 2307 1420 2344 διαφυλάττει,
1438 2307 1484 2334 καὶ
1507 2306 1557 2338 τὰς
1577 2306 1714 2342 οὐρανίας,
1738 2306 1786 2332 καὶ
1806 2315 1863 2341 φω-

1069 2355 1211 2391 στηρικὰς,
1227 2355 1274 2381 καὶ
1286 2353 1424 2390 ἁστρῲους
1435 2353 1537 2385 οὐσίας,
1549 2353 1597 2379 καὶ
1611 2352 1702 2384 τάξεις
1711 2352 1864 2378 ἁναλλοιώ-

1065 2410 1139 2434 τους,
1158 2401 1265 2428 καὶτὸν
1281 2400 1366 2427 αἰῶνα
1384 2399 1514 2426 δύνασθαι
1537 2397 1606 2425 εἶναι
1626 2400 1717 2425 ποιεῖ·
1742 2399 1791 2425 καὶ
1815 2399 1865 2426 τὰς

1066 2447 1113 2474 τοῦ
1127 2448 1223 2483 χρόνου
1245 2446 1406 2483 περιελίξεις
1421 2445 1553 2481 διακρίνει
1577 2445 1627 2481 μὲν
1644 2447 1705 2476 ταῖς
1723 2445 1863 2481 προόδοις,

1067 2494 1178 2528 συνάγει
1192 2494 1220 2520 δὲ
1234 2494 1294 2524 ταῖς
1312 2491 1550 2519 ἁποκαταστάπεσι
1562 2500 1569 2506 ·
1587 2492 1633 2518 καὶ
1648 2491 1696 2522 τὰς
1711 2490 1759 2517 τοῦ
1774 2491 1865 2527 map):

1065 2539 1195 2574 δυνάμεις
1210 2539 1359 2570 ἀσϐέστους
1375 2539 1456 2568 ποιεῖ,
1472 2537 1518 2564 καὶ
1532 2537 1581 2568 τὰς
1596 2537 1643 2563 τοῦ
1661 2536 1759 2569 ὓδατος
1782 2537 1865 2573 ἐπιρ-

1067 2586 1132 2622 ῥοὰς
1146 2585 1349 2617 ἀνεκλείπτους,
1364 2584 1412 2611 καὶ
1425 2584 1473 2619 τὴν
1496 2584 1591 2618 ἀερεαν
1607 2582 1684 2618 χύσιν
1699 2582 1797 2618 ὁρίζει,
1816 2584 1866 2610 καὶ

1065 2633 1114 2668 τὴν
1128 2633 1179 2668 γῆν
1250 2632 1357 2663 οὐδενὸς
1371 2631 1469 2666 ἱδρύει,
1486 2630 1533 2657 καὶ
1547 2630 1595 2661 τὰς
1609 2629 1758 2664 ζωογόνους
1773 2630 1865 2668 αὐτῇς

1065 2679 1161 2710 ὠδῖνας
1178 2678 1355 2714 ἀδιαφθόρους
1372 2677 1498 2713 φυλάττει
1512 2676 1534 2692 ⁸¹
1545 2684 1552 2691 ·
1570 2676 1617 2702 καὶ
1631 2675 1679 2711 τὴν
1692 2676 1721 2702 ἐν
1734 2675 1865 2711 ἀλλήλοις

1063 2725 1119 2752 τῶν
1144 2724 1284 2760 στοιχείων
1308 2723 1439 2760 ἁρμονίαν
1463 2723 1510 2750 καὶ
1533 2722 1630 2758 κρᾶσιν
1643 2721 1795 2756 ἀσὺγχυτον
1815 2722 1864 2749 καὶ

864 2816 980 2854 νλιιιιῑ
999 2814 1201 2844 ιιιρτιολιςδ.

265 2895 287 2912 ³⁷
305 2896 485 2934 ἀπηχήμίιτα,
506 2897 536 2925 Ρ.

576 2896 668 2926 ’κοῦτε
687 2896 793 2933 ὃραςις,
813 2895 842 2924 Ρ.
869 2894 1128 2931 “anagnia-47551.02.

1169 2894 1190 2911 ⁸ο
1208 2891 1406 2930 aheni/1;,
1424 2891 1457 2920 Ρ.
1492 2892 1510 2908 δ’
1524 2889 1709 2926 διαφυλάττει,
1729 2890 1759 2918 S.
1773 2889 1805 2918 Ρ.
