1929 3061
200 206 255 234 895

788 198 819 231 S,
841 195 992 225 DiONYSll
1011 191 1244 222 AREOPACITIB

1786 180 1847 209 896

201 265 244 292 nis
259 267 287 290 et
300 261 524 296 dispositionem;
539 266 567 288 et
581 259 709 288 omnibus
722 259 878 294 dispertiat,
891 262 920 284 et
935 257 994 284 sin-

1062 253 1139 286 ‘dietg
1152 251 1288 288 ἀφορίζων
1302 249 1410 285 ἑκάστῳ
1425 247 1496 275 κατὰ
1511 245 1557 273 τὸν
1568 244 1652 275 ὅντως
1664 242 1731 295 ὅντα
1739 239 1847 267 δικαιοί

201 310 271 345 gulis
284 309 396 336 ordines
409 307 572 342 prmstituat,
586 307 735 334 secundent
751 312 843 333 veram
859 309 887 331 et
898 303 994 338 justis-

202 356 299 383 simam
320 353 573 389 praescriptimtem;
595 358 622 380 et
636 351 762 379 omnibus
788 357 843 377 suae
864 348 995 383 cujusque

202 399 320 428 actionis
337 403 434 426 auctor
447 398 493 426 sit.
507 398 604 426 Omnia
619 397 692 426 enim
709 397 801 425 divina
823 395 932 430 iustitia
950 401 996 422 or—

203 446 294 476 dinat,
304 449 331 471 et
339 444 516 476 determinat,
527 444 674 479 omniaque
687 443 721 470 ab
732 441 854 470 oumium
869 440 997 468 mistione

203 496 232 518 et
246 491 408 519 confusione
428 489 514 517 libera
536 497 660 522 servans,
683 489 782 523 cuique
804 486 995 515 convenientia

205 537 286 565 rebus
309 536 436 563 omnibus
459 536 576 568 tribuit.
600 539 680 570 prout
705 533 839 568 cujusque
868 532 998 567 congruit

205 583 344 618 dignitati.
360 582 467 610 Etenim
484 581 506 609 si
522 581 579 609 lucc
599 585 674 609 recte
688 580 817 612 dicimus,
833 579 850 606 ii
867 579 912 614 qui
929 578 998 606 divi-

206 637 268 656 nam
282 629 417 665 justitiam
432 628 608 661 cavillantur,
624 628 688 655 dum
706 627 820 654 minime
840 627 997 659 advertunt,

206 683 283 703 suam
309 676 360 710 ipsi
385 675 546 709 injustitiam
574 674 722 702 manifesto
745 673 895 704 damnant;
923 673 999 700 aiunt

206 722 294 756 enim,
315 722 476 749 mortalibus
490 721 588 749 debere
606 721 697 748 inesse
713 719 959 752 immortalitatem,
972 723 1000 747 et

209 767 289 794 rebus
312 767 479 802 imperfectis
496 766 704 801 perfectionem,
719 766 807 800 iisque
826 773 887 800 quae
901 763 1000 799 seipsis

209 817 354 839 moventur
368 812 478 840 aliunde
495 816 595 839 motam
615 813 817 845 necessitatem,
832 819 864 839 ac
883 810 1001 838 mutabi-

209 855 279 883 libus
295 856 476 890 identitatem,
493 861 518 884 et
537 855 716 883 imbecillibus
741 856 899 892 perficiendi
922 861 993 890 pote-

209 906 318 935 statem,
338 903 402 930 item
418 910 450 930 ea
469 910 530 938 quae
549 907 726 937 temporanea
748 907 812 930 sunt
829 909 889 930 esse
904 907 1001 935 perpe—

1047 308 1128 326 τατον
1142 299 1216 334 ὅρον,
1234 297 1281 324 καὶ
1301 297 1369 323 πᾶσι
1383 295 1434 331 τῆς
1447 292 1538 321 αὐτῶν
1559 290 1682 318 ἑκάστων
1701 287 1848 321 αὐτοπρα-

1047 346 1110 380 γίας
1123 345 1209 376 αἴτιος
1223 343 1271 370 ὢν.
1282 343 1375 370 Πάντα
1388 341 1443 378 γὰρ
1453 341 1471 375 ἠ
1487 339 1547 366 θεία
1562 335 1720 369 δικαιοσύνη
1735 333 1846 380 τάττει,

1047 393 1094 419 καὶ
1108 390 1239 427 epotis-.57.,
1248 390 1295 417 καὶ
1306 389 1394 416 πάντα
1404 387 1458 415 ἀπὸ
1474 386 1581 413 πάντων
1595 383 1681 419 ἀμιγῆ
1693 381 1740 409 καὶ
1752 379 1847 414 ἀσύμ-

1049 446 1139 474 φυρτα
1151 435 1333 468 διασώζουσα,
1348 434 1382 462 τά
1397 433 1505 468 ἑκάστῳ
1518 431 1689 468 προσήκοντα
1705 428 1774 455 πᾶσι
1786 427 1847 457 τοῖς

1048 483 1108 511 οὖσι
1124 484 1252 519 δωρεῖται
1267 481 1337 509 κατὰ
1351 481 1401 516 τὴν
1418 479 1526 515 ἑκάστῳ
1547 477 1602 505 τῶν
1623 476 1707 503 ὅντων
1730 472 1847 500 ἐπιϐάλ-

1048 531 1146 558 λουσαν
1169 529 1257 562 ἀξίαν.
1282 528 1338 555 Καὶ
1361 528 1386 554 εἰ
1405 526 1492 554 ταῦτα
1513 523 1600 561 ὀρθῶς
1621 529 1721 558 φαμεν,
1737 520 1795 546 ὅσοι
1808 520 1847 554 τῇ

1049 577 1110 613 θείᾳ
1120 574 1348 612 διαλοιδοροῖηται
1368 571 1537 608 δικαιοσύνῃ,
1545 569 1719 597 λανθάνουσιν
1738 565 1848 593 ἑαυτῶν

1050 624 1159 651 ἀδικίαν
1173 622 1278 658 ἐναργῆ
1293 619 1546 656 καταψηφιζόμενοι
1555 626 1561 632 ·
1579 616 1646 652 φασὶ
1659 615 1714 651 γὰρ
1726 612 1849 648 ὀφείλειν

1050 672 1150 698 ἐνεῖναι
1167 670 1189 686 ⁵¹
1204 670 1261 701 τοῖς
1280 668 1388 704 θνητοῖς
1405 666 1454 702 τὴν
1472 663 1633 694 ἀθανασίαν,
1647 661 1695 688 καὶ
1710 661 1766 691 τοῖς
1781 659 1848 685 ἀτε-

1051 717 1108 744 λέσι
1122 716 1153 743 τὸ
1168 715 1279 746 τέλειον,
1292 714 1408 744 καὶτοῖς
1425 710 1612 746 αὑτοκινήτοις
1627 708 1677 743 τὴν
1690 705 1851 742 ὲτεροκίνη⁴

1051 772 1096 790 τον
1111 763 1134 779 ⁵³
1148 761 1282 797 ἀνάγκην,
1300 759 1348 787 καὶ
1365 760 1421 791 τοῖς
1443 757 1596 788 ἀλλοιοηοῖς
1615 755 1664 790 τὴν
1682 752 1850 787 ταύτότητα,

1052 810 1100 836 καὶ
1119 808 1155 836 τὰ
1173 795 1367 842 τελειοδύναμα
1388 806 1445 836 τοῖς
1461 802 1596 834 ἀσθενέσι,
1614 800 1662 828 καὶ
1683 799 1756 827 ἀΐδια
1777 795 1852 824 εἶναι

1053 855 1088 882 τά
1108 856 1236 890 ἓγχρονα,
1252 854 1300 880 καὶ
1319 850 1474 888 ἀμετάϐολα
1495 848 1530 875 τὰ
1551 847 1630 884 φύσει
1652 846 1675 862 ⁸³
1689 844 1851 890 κινούμενα,

1053 902 1101 929 καὶ
1186 899 1345 934 ἐπικαίρους
1365 896 1463 933 ἡδονὰς
1478 895 1590 926 αἱωνίας
1609 894 1642 924 ⁵⁸,
1660 892 1708 918 καὶ
1728 891 1798 922 ὅλως
1815 889 1853 915 τὰ

211 955 269 982 tua.
293 955 319 977 et
343 949 523 977 inunutabilia
545 957 606 984 quae
628 957 644 977 ιι
674 954 774 977 natura
802 954 958 979 moventur,
974 952 1002 974 et

1062 947 1141 974 ἰλλων
1155 946 1244 978 ἀλλοις
1259 932 1425 972 ἀποδιδόασι.
1450 942 1515 969 Δέον
1530 940 1639 970 εἰδέναι,
1658 938 1707 973 τὴν
1721 937 1798 964 θείαν
1812 935 1855 962 δι-

211 1002 405 1032 temporaueas
419 997 575 1031 voluptates
588 1000 720 1024 aeternum
740 995 901 1031 perdurare,
919 999 1002 1027 atque

210 1043 339 1069 universe
364 1041 410 1069 illa
435 1049 495 1076 quae
521 1041 640 1069 aliorum
670 1040 733 1067 aliis
757 1040 923 1067 attribuunt.
951 1037 1004 1064 Sed

211 1089 351 1116 sciendum
373 1092 426 1122 est,
444 1088 565 1115 divinam
588 1086 721 1123 iustitiam
746 1086 799 1114 hoc
823 1086 883 1121 ipso
906 1091 1004 1112 revera

211 1142 305 1162 veram
322 1141 382 1162 esse
400 1133 545 1168 justitiam,
561 1133 634 1167 quod
654 1133 786 1161 omnibus
801 1139 863 1167 qua:
877 1138 927 1158 sua
943 1134 1006 1157 sunt

213 1181 317 1208 tribuat
340 1188 389 1216 pro
405 1180 504 1208 merito
519 1179 698 1215 singulorum,
717 1184 800 1214 atque
816 1183 944 1205 naturam
959 1183 1005 1203 cu-

211 1226 309 1262 jusque
325 1227 352 1254 in
366 1226 463 1254 ordine
480 1226 593 1261 proprio
609 1224 790 1259 potentiaque
804 1221 952 1250 custodiat.

1056 992 1201 1028 καιοσύνην
1220 993 1250 1018 ὲν
1265 991 1353 1026 τούτῳ
1371 990 1455 1021 ὅντως
1470 985 1553 1015 οὖσαν
1564 985 1650 1021 ἀληθῆ
1664 982 1854 1018 δικαιοσύνην,

1057 1040 1098 1066 ὅτι
1114 1039 1195 1066 πᾶσιν
1217 1037 1349 1072 ἀπονέμει
1364 1035 1398 1063 τά
1415 1035 1502 1062 οἰκεῖα
1518 1033 1588 1060 κατά
1601 1031 1650 1067 τὴν
1666 1031 1783 1058 ἑκάστου
1799 1027 1856 1054 τῶν

1057 1086 1141 1112 ὕντων
1161 1084 1250 1118 ἀξίαν,
1267 1084 1315 1110 καὶ
1328 1082 1377 1118 τὴν
1394 1082 1508 1109 ἑκάστου
1525 1079 1606 1115 φύσιν
1619 1078 1666 1105 ἐπὶ
1679 1078 1728 1114 τῆς
1748 1075 1856 1106 οἰκείας

1058 1130 1185 1163 διασώζει
1201 1129 1303 1163 τάξεως
1316 1129 1364 1156 καὶ
1374 1127 1526 1163 δυνάμεως.

997 1292 1012 1330 ς
1033 1287 1120 1320 Vlll.

250 1370 286 1397 At
308 1369 408 1396 dixerit
432 1368 531 1403 aliquis
551 1376 559 1396 :
581 1368 640 1396 Non
668 1372 710 1396 est
729 1366 861 1403 iustitiae,
890 1366 1007 1403 permit-

216 1421 274 1443 tere
299 1416 372 1443 viros
396 1420 506 1443 sanctos
533 1415 637 1442 auxilio
659 1415 805 1443 destitutos
835 1421 850 1441 a
877 1412 1007 1449 pessimis

217 1462 373 1497 quibusque
391 1462 559 1490 conculcari.
571 1462 621 1490 Cui
643 1461 875 1497 respondendum,
898 1460 969 1494 quod
984 1459 1008 1486 si

217 1509 327 1543 quidem
345 1507 396 1542 illi,
413 1515 483 1544 quos
497 1508 619 1543 appellas
635 1512 755 1540 sanctos,
771 1511 880 1534 terrena
893 1506 1009 1540 diligunt

217 1561 278 1588 qua:
291 1554 325 1581 ab
341 1553 511 1581 amatoribus
528 1561 621 1581 rerum
637 1552 820 1581 materialium
838 1552 1009 1583 ambiuntur,

1102 1360 1171 1388 Ἀλλ’
1187 1359 1259 1386 εἴποι
1276 1358 1308 1386 ἄν
1323 1365 1365 1389 τις
1378 1365 1384 1371 ·
1403 1356 1461 1383 Οὐκ
1478 1354 1535 1381 ἔστι
1556 1351 1739 1387 δικαιοσύνης,
1756 1350 1861 1386 ἄνδρας

1060 1409 1150 1439 ὁσίους
1156 1407 1203 1442 ὲᾷν
1210 1404 1387 1440 ἀϐοηθήτους,
1394 1402 1446 1430 ὑπὸ
1452 1401 1505 1428 τῶν
1514 1399 1622 1436 φαύλων
1628 1397 1848 1434 ὲκτρυχομένους
1853 1416 1859 1423 .

1062 1454 1136 1491 Πρὸς
1149 1453 1179 1480 ὃν
1192 1451 1298 1487 ῥητέον,
1314 1450 1352 1482 ὡς
1365 1449 1389 1476 εἰ
1404 1449 1452 1484 μὲν
1467 1446 1610 1482 ἀγαπῶσιν
1623 1444 1669 1472 οὓς
1691 1443 1744 1479 φὴς
1753 1443 1860 1475 ὁσίους,

1060 1489 1095 1528 τά
1114 1500 1161 1527 ἐπὶ
1175 1498 1226 1533 γῆς
1240 1497 1294 1523 ὑπὸ
1310 1496 1364 1523 τῶν
1380 1494 1522 1530 προαύλιον
1540 1492 1703 1527 ζηλούμενα,
1720 1489 1769 1516 τοῦ
1784 1489 1860 1516 θείου

1062 1547 1171 1577 πάντως
1193 1543 1405 1571 ἐκπεπτώκασιν
1426 1541 1536 1576 ἔρωτος.
1562 1539 1618 1565 Καὶ
1642 1538 1693 1564 οὐκ
1712 1534 1760 1563 οἷδ’
1783 1536 1859 1568 ὅπως

218 1601 260 1628 vel
274 1601 324 1628 hoc
337 1600 395 1634 ipso
405 1600 461 1634 jam
476 1608 490 1627 a
503 1600 596 1628 divino
609 1607 705 1627 amore
715 1599 826 1634 penitus
837 1598 1006 1626 exciderunt.

1062 1593 1130 1619 ὅσιοι
1151 1590 1275 1626 κληθεῖεν
1295 1589 1345 1621 ἂν,
1363 1587 1520 1618 ἀδικοῦντες
1540 1585 1574 1612 τὰ
1590 1584 1674 1615 ὅντως
1688 1582 1790 1619 ἐραστά
1812 1582 1860 1608 καὶ

218 1646 314 1681 Neque
337 1654 404 1674 sane
428 1646 562 1681 intelligo,
577 1653 696 1682 quanam
719 1646 825 1674 ratione
845 1645 933 1673 sancti
957 1644 1012 1672 dici

219 1694 335 1729 possint,
352 1695 399 1729 qui
424 1701 468 1721 res
482 1701 544 1721 vere
559 1694 690 1721 amandas
704 1697 733 1720 et
753 1693 858 1721 divinas
871 1697 1013 1721 contume-

221 1741 264 1768 liis
275 1741 405 1772 allieiunt,
419 1740 482 1767 tium
495 1748 542 1768 cas
558 1740 641 1768 rebus
658 1740 794 1776 fugiendis
809 1744 837 1768 et
851 1740 1012 1767 abominan-

219 1788 274 1820 dis,
291 1795 359 1822 quas
379 1787 484 1814 nefarie
510 1787 693 1819 insectantur,
719 1786 833 1814 minime
856 1784 1012 1820 pra-ferunt.

222 1833 270 1861 Sin
293 1838 382 1860 autem
399 1840 432 1860 ea
454 1839 515 1867 quae
537 1840 600 1860 vere
619 1838 685 1860 sunt
707 1836 843 1864 amarent,
864 1831 1015 1866 gauderent

222 1878 330 1913 utique,
343 1879 416 1913 quod
438 1878 494 1906 voti
515 1882 657 1913 compotes
675 1878 733 1906 fieri
755 1877 872 1914 possint.
888 1876 1015 1910 Nunquid

223 1929 288 1952 tunc
314 1925 399 1960 magis
420 1924 454 1952 ad
480 1925 619 1959 angelicas
639 1925 758 1952 virtutes
778 1924 930 1956 accedunt,
954 1929 1015 1950 cum

223 1978 315 1998 rerum
332 1971 488 1998 divinarum
508 1971 609 2003 studio,
626 1976 758 2006 quantum
782 1973 906 2004 possunt,
923 1975 938 1995 a
956 1975 1015 1995 ma-

224 2016 359 2044 terialium
375 2016 457 2052 477
472 2016 616 2044 affectione
630 2017 771 2050 recedunt,
787 2020 815 2043 et
828 2015 861 2042 ad
885 2015 937 2042 hoc
951 2013 1017 2040 viri-

225 2061 289 2089 liter
308 2068 473 2089 exercentur
494 2061 623 2097 periculis
638 2070 699 2097 quze
724 2061 830 2089 honesti
854 2068 938 2088 causa
952 2059 1018 2087 sub-

223 2108 306 2135 eunt?
325 2109 417 2143 itaque
440 2110 490 2136 hoc
516 2117 578 2137 vere
593 2109 645 2137 dici
663 2113 762 2143 potest,
779 2108 877 2135 divinae
899 2106 1014 2141 iustitiae

227 2154 314 2189 magis
337 2161 500 2188 congruere,
519 2160 549 2182 ut
571 2161 711 2188 nunquam
735 2153 856 2188 patiatur
871 2152 1019 2186 proborutn

227 2202 351 2229 virorum
367 2201 445 2229 virile
461 2202 546 2229 robur
560 2210 652 2228 rerum
665 2200 849 2228 materialium
866 2198 1020 2234 largitioni-

227 2245 278 2273 bus
290 2247 417 2274 enervari
431 2252 513 2282 atque
524 2247 657 2278 emolliri;
678 2247 743 2281 quin
759 2246 861 2280 potius,
879 2244 901 2271 si
917 2243 978 2278 quis
993 2242 1020 2270 id

229 2295 385 2328 tentaverit,
399 2295 497 2322 divinis
513 2295 623 2323 auxiliis
639 2295 764 2322 suﬂ‘ultos
777 2294 804 2321 iu
820 2292 952 2328 prmclaro
970 2291 1014 2320 illo
1034 2295 1061 2319 et
1073 2291 1237 2318 inconcusso
1250 2292 1324 2315 statu
1348 2285 1477 2315 solidare.

229 2346 279 2374 pro
292 2341 398 2368 meritis
412 2341 597 2369 remunerari.

1063 1638 1133 1670 θεῖα,
1148 1638 1204 1669 τοῖς
1220 1634 1370 1672 ἀζηλώτοις
1392 1634 1440 1661 καὶ
1461 1632 1622 1668 ἀνεράστοις
1637 1629 1684 1657 ὑπ’
1706 1628 1796 1655 αὐτῶν
1810 1628 1861 1654 οὐκ

1063 1685 1170 1718 εύαγῶς
1191 1681 1474 1720 παρευδοκιμούμενσ..
1497 1679 1530 1705 ΕΞ
1543 1677 1573 1704 5s
1594 1676 1648 1703 τῶν
1670 1675 1755 1706 ὅντως
1776 1674 1861 1700 ὄντων

1063 1718 1359 1768 ὲρῶσι,εὺφραίνεσθαι
1369 1726 1422 1762 χρὴ
1431 1726 1493 1756 τοὺς
1503 1723 1582 1751 τινῶν
1594 1721 1766 1757 ἐφιεμένους,
1779 1718 1861 1753 ἡνίκα

1063 1766 1118 1805 τῶν
1142 1776 1245 1813 ἐφετῶν
1269 1773 1451 1810 τυγχάνωσιν.
1468 1771 1506 1798 Ἥ
1520 1770 1581 1805 οὐχὶ
1594 1769 1654 1796 τότε
1672 1767 1772 1804 μᾶλλον
1793 1766 1857 1800 πλη-

1067 1824 1188 1857 σιάζουσι
1209 1823 1270 1853 ταῖς
1286 1820 1444 1855 ἀγγελικαῖς
1461 1817 1582 1853 ἀρεταῖς,
1598 1816 1672 1846 ὅταν,
1685 1815 1723 1845 ὡς
1738 1812 1860 1845 δυνατὸν,

1065 1871 1158 1906 ἐφέσει
1178 1869 1233 1896 τῶν
1248 1867 1328 1894 θείων
1343 1864 1505 1900 ἀναχωρῶσι
1524 1863 1574 1898 τῆς
1587 1862 1641 1888 τῶν
1660 1859 1759 1887 ύλικῶν
1776 1867 1861 1894 προσ-

1067 1904 1190 1948 πάθείας,
1203 1912 1436 1950 ὲγγυμναζόμενοι
1457 1909 1527 1946 πρὸς
1546 1908 1626 1935 τοῦτο
1638 1907 1698 1934 λίαν
1717 1904 1861 1940 ἀνδρικῶς,

1067 1965 1096 1991 ὲν
1111 1964 1172 1995 ταῖς
1188 1961 1259 1996 ὑπὲρ
1280 1960 1328 1987 τοῦ
1345 1957 1428 1986 καλοῦ
1443 1955 1636 1993 περιστάσεσιν
1649 1962 1656 1987 ;
1670 1953 1751 1979 Ὥστε
1764 1950 1863 1986 ἀληθὲς

1068 2011 1166 2042 εἰπεῖν,
1179 2009 1221 2036 ὅτι
1237 2007 1316 2034 τοῦτο
1335 2004 1434 2041 μᾶλλον
1450 2005 1510 2031 ἔστι
1530 2003 1580 2038 τῆς
1595 2001 1670 2032 θείας
1690 1997 1864 2031 δικαιοσύνης

1070 2057 1145 2088 ἴδιον,
1161 2056 1192 2082 τὸ
1209 2055 1246 2091 μὴ
1265 2054 1372 2088 θέλγειν
1387 2052 1435 2079 καὶ
1450 2049 1595 2078 ἀπολλύειν
1610 2047 1664 2074 τῶν
1680 2046 1800 2082 ἀρίστων
1816 2044 1865 2091 τὴν

1069 2089 1246 2140 ἀρρενότητα
1253 2102 1313 2132 ταῖς
1327 2099 1381 2126 τῶν
1395 2097 1493 2125 ὑλικῶν
1509 2095 1642 2123 διαδόσεσι
1653 2094 1689 2125 ³⁸,
1705 2091 1784 2140 μηδέ,
1799 2089 1867 2121 εἴτις

1070 2137 1223 2185 ἐπιχειροίη
1248 2146 1328 2174 τοῦτο
1350 2145 1446 2176 ποιεῖν,
1469 2144 1517 2178 ἐᾷν
1539 2140 1716 2185 ἀϐοηθήτους,
1733 2137 1792 2164 ἀλλ’
1815 2138 1862 2162 ενι-

1070 2182 1171 2231 δρύειν-
1182 2182 1280 2225 αὐτοὺς
1295 2193 1324 2218 ἐν
1339 2192 1372 2226 τῇ
1389 2190 1458 2225 καλῇ
1475 2188 1523 2215 καὶ
1535 2182 1683 2222 ἀμεὶλίκτῳ
1698 2184 1805 2214 στάσει,
1821 2182 1868 2209 καὶ

1072 2230 1219 2276 ἀπονέμειν
1231 2239 1323 2270 αὐτοῖς
1333 2237 1464 2268 τοιούτοις
1475 2232 1535 2262 οὖσι
1547 2232 1582 2260 τά
1595 2233 1655 2260 κατ’
1670 2230 1759 2264 ἀξίαν.

1494 2289 1544 2311 nec
1575 2288 1630 2308 non
1659 2281 1868 2314 perseverantes

1011 2405 1026 2442 §
1051 2403 1109 2434 1x.

268 2479 330 2507 Haec
346 2480 426 2507 etiam
446 2479 538 2506 divina
550 2479 657 2514 justitia
676 2483 803 2514 tanquam
823 2476 945 2504 omnium
964 2484 1006 2505 sa-

1097 2473 1170 2509 Αὖτη
1184 2472 1276 2507 γοῦνή
1289 2470 1349 2497 θεία
1360 2465 1517 2502 δικαιοσύνη
1534 2465 1581 2492 καὶ
1596 2463 1715 2500 σωτηρία
1729 2462 1786 2489 τῶν
1803 2462 1869 2490 ὅλων

232 2526 273 2553 lus
293 2525 458 2558 celebratur,
483 2525 555 2558 quod
582 2524 722 2560 propriam
749 2523 882 2557 cujusque
902 2522 942 2549 rei
967 2529 1019 2557 pu-

233 2579 292 2599 ram
314 2571 348 2598 ab
372 2570 435 2598 aliis
457 2569 608 2598 essentiam
629 2569 810 2604 ordinemque
830 2573 975 2596 conservet
988 2576 1021 2596 ac

235 2621 352 2650 tueatur,
385 2624 434 2645 nec
462 2624 515 2644 non
542 2624 606 2644 vera
638 2623 720 2643 causa
748 2615 795 2647 sit,
824 2619 855 2642 ut
885 2614 1021 2643 actiunem

233 2671 349 2698 qnueque
361 2671 438 2690 suam
462 2664 589 2690 universa
609 2665 822 2697 prosequantur.
840 2660 868 2688 Si
883 2660 945 2695 quis
959 2668 1024 2688 vero

235 2709 352 2738 salutem
361 2709 464 2744 laudet,
474 2714 611 2745 quatenus
619 2716 634 2735 a
643 2708 725 2736 rebus
731 2707 915 2736 deterioribus
924 2712 1024 2735 cuncta

1072 2508 1208 2556 ὑμνεῖται,
1224 2517 1273 2553 τὴν
1297 2516 1366 2542 ἰδίαν
1388 2513 1505 2540 ἑκάστου
1528 2511 1576 2538 καὶ
1597 2509 1722 2544 καθαρὰν
1741 2508 1797 2535 ἀπὸ
1817 2508 1869 2535 τῶν

1073 2554 1161 2594 ἄλλων
1181 2566 1204 2582 ³⁸
1224 2563 1318 2591 οὐσίαν
1337 2562 1384 2589 καὶ
1409 2559 1486 2593 τάξιν
1501 2556 1682 2589 ἀποσώζουσα
1704 2555 1751 2582 καὶ
1771 2554 1871 2589 φυλάτ-

1072 2622 1168 2645 τουσα,
1187 2611 1234 2639 καὶ
1252 2609 1327 2637 αἰτία
1353 2606 1483 2642 καθαρῶς
1501 2603 1570 2632 οὖσα
1589 2603 1640 2638 τῆς
1665 2603 1694 2629 ὲν
1717 2602 1775 2633 τοῖς
1802 2600 1871 2632 ὅλοις

1077 2658 1258 2693 ὶδ.οπραγίας.
1280 2656 1312 2682 Εἰ
1325 2654 1354 2681 δέ
1367 2662 1408 2685 τις
1424 2651 1474 2687 τὴν
1497 2649 1634 2686 σωτηρίαν
1653 2647 1761 2683 ὑμνοίη,
1777 2646 1871 2693 auidi;

1078 2706 1112 2732 ὲκ
1137 2692 1191 2731 τῶν
1211 2701 1341 2738 χειρόνων
1362 2699 1397 2726 τὰ
1414 2697 1464 2725 ὅλα
1492 2695 1633 2727 σωστικῶς
1658 2692 1870 2730 ἀναρπάζουσαν

888 2785 1008 2813 VARI/Ii
1022 2782 1214 2813 LECTlONES

274 2870 300 2912 ⁸⁸.
315 2870 381 2913 1.91361
397 2869 452 2913 γάρ
471 2867 589 2913 ὀξείλειν
606 2865 734 2908 rigatus.

239 2905 264 2923 "
275 2899 409 2939 αἰωνίους,
429 2899 459 2933 ὑ,
495 2899 520 2921 ³⁵
538 2904 598 2935 ταῖς
614 2903 667 2930 τῶν
684 2901 784 2929 ὑληιῶν
800 2899 899 2932 δόσεσι,
919 2899 946 2927 S.
958 2900 988 2927 υ.

844 2864 866 2879 δ’
885 2863 931 2890 καὶ
948 2863 1147 2901 έτερεκινήτοις
1169 2861 1218 2898 τὴν
1236 2858 1421 2894 αὐτοκίνητον,
1439 2856 1470 2885 ι).

844 2908 898 2924 εσι.
919 2899 946 2924 S.
958 2900 988 2924 υ.
1035 2900 1057 2916 ⁵⁵
1073 2897 1150 2924 ὅλων.

1035 2900 1057 2916 ⁵⁵
1073 2899 1150 2925 ὅλων.

1518 2854 1540 2871 ⁸³
1557 2850 1627 2881 εἶναι
1642 2851 1675 2879 τὰ
1693 2851 1784 2888 etiam,
1802 2851 1866 2879 ΞΡ.

1884 2916 1888 2935 ι
