1929 3061
73 156 124 184 897

424 154 469 182 DE
488 153 614 182 DiVlNlS
629 153 829 187 NOMINIBUS,
846 153 923 181 CAP.
946 153 1014 181 ΠΗ.
1033 169 1068 173 -
1081 153 1243 182 CORDERII
1257 154 1373 183 NOTAE.

1656 158 1710 186 898

73 214 182 246 πάντως
201 222 253 240 που
273 213 320 240 καὶ
334 211 429 240 τοῦτον
440 213 522 248 ἡμεῖς
534 212 580 240 τὸν
599 212 721 248 ὑμνῳδὸν
737 212 786 247 τῆς
801 220 866 239 παν-

922 212 1066 240 salubriter
1075 211 1207 246 defendit,
1219 213 1291 240 hunc
1299 220 1349 240 nos
1364 217 1493 248 tanquam
1506 214 1660 250 omnigenze
1666 223 1707 242 sa-

73 261 193 297 τοδαπῆς
213 261 349 298 σωτηρίας
374 260 573 296 ἀποδεξόμεθα,
587 259 636 287 καὶ
651 259 754 295 ταύτην
769 259 798 286 δὲ
817 259 865 286 καὶ

75 309 185 345 πρώτην
202 309 338 345 σωτηρίαν
355 308 409 335 τῶν
432 309 501 335 ὅλων
527 306 677 344 ἀξιώσομεν
700 307 780 334 αὐτὸν
807 305 865 342 ὀρί-

79 356 183 389 ζεσθαι,
211 355 260 391 τὴν
289 355 379 382 πάντα
410 355 453 388 ἐφ’
482 353 585 381 ἑαυτῶν
613 353 788 389 ἀμετάϐλητα
818 353 865 380 καὶ

76 402 245 430 ἀστασίαστα
258 402 305 429 καὶ
324 401 431 437 ἀρῤεπῆ
446 401 515 436 πρὸς
525 400 560 428 τὰ
574 401 658 437 χείρω
670 399 864 432 διασώζουσαν,

77 448 124 475 καὶ
139 448 226 475 πάντα
244 446 424 483 φρουροῦσαν,
444 446 539 482 ἄμαχα
557 446 605 473 καὶ
627 445 785 481 ἀπολέμητα
809 446 866 476 τοῖς

77 494 180 521 ἑαυτῶν
203 494 305 520 ἕκαστα
328 493 417 527 λόγοις
443 492 674 528 διακοσμούμενα,
701 491 749 519 καὶ
776 492 866 518 πᾶσαν

78 540 222 576 ἀνισότητα
231 539 278 567 καὶ
292 539 533 576 ἀλλοτριοπραγίαν
544 539 577 566 ἐκ
588 539 642 565 τῶν
656 538 724 565 ὅλων
734 537 869 573 ἐξορίζου-

79 595 139 618 σαν,
153 587 201 613 καὶ
214 586 263 618 τὰς
277 585 422 620 ἀναλογίας
440 585 556 612 ἑκάστου
571 585 781 612 συνιστάνουσαν
800 584 868 619 ἀμε-

78 633 235 665 ταπτώτους
243 633 282 664 είς
292 632 326 659 τὰ
337 632 455 663 ἐναντία,
472 632 519 659 καὶ
529 632 771 667 ἀμεταχωρήτους.
792 630 868 657 Ἐπεὶ

79 679 126 705 καὶ
139 678 240 714 ταύτην
255 678 304 713 τὴν
318 677 454 713 σωτηρίαν
473 677 523 704 οὐκ
542 677 595 704 ἀπὸ
607 676 708 703 σκοποῦ
719 676 740 692 ⁵⁷
761 684 804 708 τις
817 677 866 711 ὑμ-

79 725 154 760 νήσοι
181 724 231 759 τῆς
248 724 323 760 ἱερᾶς
345 723 496 758 θεολογίας,
511 723 549 755 ὡς
574 723 662 750 πάντα
686 721 721 748 τὰ
742 722 807 748 ὄντα
835 723 867 758 τῇ

80 772 200 807 σωστικῇ
206 770 259 797 τῶν
266 769 391 797 ἁπάντων
402 769 560 805 ἀγαθότητι,
568 769 616 805 τῆς
621 768 674 795 τῶν
682 769 789 795 οἰκείων
802 769 870 803 ἀγα-

80 817 134 845 θῶν
146 816 331 848 ἀποπτὼσεως
352 815 601 851 ἀπολυτρουμένην,
621 815 681 842 καθ’
698 815 759 842 ὅσον
776 815 793 851 ἡ
807 815 870 842 ἐκά-

81 872 144 890 στου
156 863 210 890 τῶν
224 862 383 898 σωζομένων
398 861 551 897 ἐπιδέχεται
568 861 648 895 φύσις
658 869 665 876 ·
679 861 719 888 διὸ
733 861 781 888 καὶ
802 861 871 887 ἀπο-

916 256 981 285 lutis
995 257 1178 291 laudatorem,
1191 258 1368 286 admittemus
1388 264 1578 296 petemusque,
1592 267 1621 289 ut
1634 261 1706 289 illam

915 305 1033 339 primam
1056 305 1178 332 omnium
1197 304 1314 332 salutem
1338 309 1450 339 statuat,
1468 315 1528 342 qua:
1554 308 1646 336 omnia
1667 309 1707 336 sic

916 349 1058 378 immutata
1073 354 1101 378 et
1116 350 1280 379 inconcussa
1297 356 1399 384 servat,
1412 357 1441 379 ut
1455 353 1481 380 in
1498 354 1620 382 deterius
1637 362 1708 382 nun-

916 404 998 431 quam
1013 401 1144 431 vergant;
1156 401 1184 424 et
1201 397 1382 433 inexpugnata
1396 399 1550 434 invictaque
1562 401 1618 428 suis
1631 408 1709 436 quae-

917 449 969 476 que
984 441 1137 470 rationibus
1152 443 1281 471 distincta
1301 444 1430 476 custodit,
1445 452 1554 472 onmem
1584 447 1709 482 inatqua—

926 488 1032 516 litatem
1046 493 1073 516 et
1087 489 1203 516 alienam
1217 490 1350 517 actionem
1364 490 1397 517 ab
1407 490 1543 519 universis
1555 493 1710 526 elimiuans,

924 540 1007 570 atque
1021 535 1167 571 cujuslibet
1184 538 1372 572 proportiones
1394 537 1432 564 ita
1447 539 1622 574 conlirmaus,
1639 545 1668 567 ut
1684 541 1710 568 in

921 583 1089 610 contrarium
1103 590 1191 617 neque
1205 583 1304 610 mutari
1320 584 1427 618 possint
1447 591 1535 619 neque
1551 585 1707 614 transferri.

919 629 989 663 Quin
1006 634 1032 656 et
1050 629 1120 657 hanc
1145 630 1260 657 salutem
1290 639 1477 666 nequaquam,
1501 636 1601 666 prwter
1626 639 1711 660 sacra:

918 676 1061 712 theologize
1075 677 1244 711 propositum
1261 677 1375 706 laudare
1389 678 1450 713 quis
1466 678 1563 713 possit,
1580 683 1709 713 tanquam

916 721 982 756 ’qum
1000 729 1044 748 res
1058 729 1165 754 omnes,
1182 727 1262 756 prout
1278 722 1412 758 cujusque
1430 723 1467 750 rei
1486 731 1546 758 quae
1566 729 1714 751 servantur

921 771 1019 793 natura
1032 766 1096 800 fert,
1112 775 1126 794 ιι
1142 767 1275 795 bonorum
1292 776 1404 796 suorum
1420 769 1570 796 amissione
1589 769 1689 797 liberet
1704 776 1712 796 :

921 813 994 840 unde
1008 812 1127 848 theologi
1141 820 1251 848 quoque
1275 814 1349 841 illam
1369 820 1469 842 vocant
1486 816 1714 851 redemptionem,

923 859 950 886 lu
963 865 1092 894 quantum
1111 868 1163 888 non
1179 861 1245 888 sinit
1261 868 1292 888 ea
1307 869 1367 897 quae
1385 869 1449 889 vere
1474 868 1537 890 sunt
1557 863 1584 890 in
1600 864 1713 890 nihilum

80 908 214 945 λύτρωσιν
236 909 320 944 αὐτὴν
337 907 515 944 ὀνομάζουσιν
534 908 559 934 οἱ
584 907 715 942 θεολόγοι,
738 908 785 934 καὶ
810 906 871 934 καθ’

924 908 1020 941 relabi,
1035 913 1063 935 et
1086 908 1107 936 si
1122 908 1187 940 quid
1209 914 1352 943 peccatum
1368 909 1413 942 sit,
1432 916 1464 936 ac
1479 913 1580 944 prtcter
1590 909 1713 937 ordinem

80 957 143 983 ὅσον
157 955 207 982 οὐκ
226 955 259 991 ὲᾷ
274 955 308 982 τὰ
321 954 406 986 ὅντως
420 954 483 981 ὄντα
498 954 565 990 πρὸς
584 954 615 980 τὸ
637 953 673 989 μὴ
689 951 757 980 εἶναι
776 954 870 980 διαπε-

83 1002 149 1033 σεῖν,
166 1000 212 1027 καὶ
230 1000 290 1027 καθ’
305 1000 367 1026 ὅσον
388 1001 412 1026 εί
426 1000 472 1026 καί
486 1008 512 1026 τι
525 999 592 1035 πρὸς
604 999 635 1026 τὺ
647 998 805 1035 πλημμελὲς
824 998 871 1026 καὶ

81 1047 199 1074 ἄτακτον
222 1047 402 1083 ἀποσφαλείη,
424 1047 470 1074 καὶ
493 1046 604 1082 μείωσὶν
624 1055 686 1074 τινα
715 1046 796 1074 πάθοι
821 1046 871 1082 τῆς

82 1095 138 1122 τῶν
149 1095 255 1122 οἰκείων
273 1095 382 1130 ἀγαθῶν
405 1094 583 1131 τελειότητος.
600 1094 647 1121 καὶ
665 1094 744 1120 τοῦτο
757 1093 804 1120 τοῦ
819 1093 872 1120 πά-

82 1141 156 1174 Θους⁷
172 1142 220 1169 καὶ
233 1142 282 1177 τῆς
297 1142 450 1176 ἀδρανείας,
465 1142 513 1168 καὶ
531 1140 582 1176 τῆς
601 1141 755 1176 στερήσεως
769 1140 871 1166 ἀπολυ-

81 1188 204 1224 τροῦται,
216 1188 356 1224 πληροῦσα
365 1188 396 1215 τὺ
410 1187 508 1220 ἐνδεὲς,
527 1189 574 1214 καὶ
591 1186 732 1223 πατρικῶς
748 1185 796 1222 τὴν
808 1186 871 1213 dco-

83 1235 145 1262 νίαν
162 1235 340 1270 ὑπερείδουσα
350 1235 383 1267 ⁵⁸,
397 1234 444 1261 καὶ
459 1234 595 1260 ἀνιστῶσα
613 1232 660 1259 τοῦ
682 1232 767 1259 κακοῦ
778 1240 785 1247 ·
806 1231 874 1267 μᾶλ-

82 1280 129 1307 λον
144 1280 172 1306 δὲ
185 1279 286 1307 ἱστῶσα
299 1280 328 1306 ἐν
341 1279 381 1315 τῷ
403 1278 487 1314 καλῷ,
509 1278 600 1305 καὶτὸ
617 1277 752 1313 ὑπεκρυὲν
772 1275 874 1310 ἀγαθὸν

84 1323 289 1360 ἀναπληροῦσα,
304 1324 351 1351 καὶ
367 1324 513 1355 τάττουσα,
528 1323 575 1350 καὶ
595 1322 735 1358 κοσμοῦσα
747 1321 796 1358 τὴν
813 1322 875 1348 ἀτα-

85 1367 146 1401 ξίαν
159 1368 252 1399 αὐτοῦ,
266 1369 313 1396 καὶ
324 1368 471 1404 ἀκοσμίαν,
482 1368 528 1395 καὶ
538 1367 684 1403 ὁλόκληρον
695 1366 873 1397 ἀποτελοῦσα,

84 1415 133 1442 καὶ
145 1415 253 1442 πάντων
267 1414 422 1441 ἀπολύουσα
432 1414 486 1441 τῶν
499 1414 703 1449 λελωόημένων.
722 1412 802 1439 Ἀλλὰ
810 1412 875 1448 περὶ

87 1460 138 1496 μὲν
151 1460 254 1487 τούτων
270 1460 317 1486 καὶ
328 1459 392 1496 περὶ
405 1459 577 1495 δικαιοσύνης
595 1459 713 1495 εἴρηται,
731 1458 793 1485 καθ’
811 1458 844 1493 ἣν
858 1459 875 1493 ή

85 1507 195 1534 πάντων
207 1506 298 1542 ίσότης
307 1507 446 1542 μετρεῖται
453 1506 501 1533 καὶ
508 1506 637 1542 ὁρίζεται,
649 1505 696 1532 καὶ
706 1506 779 1532 πᾶσα
787 1504 877 1532 ἀνισό-

85 1561 147 1589 της,
163 1554 179 1588 ή
193 1553 263 1580 κατὰ
278 1553 405 1589 στέρησιν
420 1552 470 1588 τῆς
484 1554 513 1579 ὲν
526 1553 619 1584 αὐτοῖς
637 1552 763 1584 ἑκάστοις
788 1552 877 1586 [66:11-

85 1608 142 1631 τος,
154 1600 304 1636 ὲξορίζεται
316 1599 350 1616 ⁵⁹’
362 1599 412 1635 τὴν
427 1599 481 1635 γὰρ
495 1598 641 1635 ἀνισότητα
655 1598 683 1625 ετ
693 1607 736 1629 τις
758 1597 878 1628 ὲκλάὸοι,

85 1646 136 1677 τὰς
160 1646 190 1672 ὲν
212 1645 252 1681 τῷ
274 1645 327 1681 ὅλῳ
347 1645 403 1672 τῶν
421 1644 490 1672 ὅλων
505 1644 573 1681 πρὸς
598 1644 646 1671 ὅλα
666 1643 807 1679 διαφορὰς,
832 1643 880 1670 καὶ

85 1689 188 1726 ταύτης
205 1691 222 1726 ἡ
245 1690 401 1726 δικαιοσύνη
433 1690 613 1726 φρουρητικὴ,
641 1689 677 1725 μὴ
702 1689 880 1725 συγχωροῦσα

87 1738 214 1774 συμμιγῆ
226 1739 260 1765 τὰ
271 1739 318 1765 ὅλα
330 1739 358 1765 ὲν
370 1738 441 1770 ὅλοις
449 1738 582 1774 γενόμενα
595 1739 817 1774 διαταραχθῆναι,
832 1748 881 1773 φυ-

85 1784 221 1813 Murcum
231 1785 260 1811 δὲ
273 1783 309 1811 τὰ
321 1785 386 1811 ὅντα
401 1785 489 1812 πάντα
513 1786 573 1812 κατ’
588 1783 657 1817 εἶδος
676 1785 799 1819 ἕκαστον,
815 1786 845 1812 ὲν
857 1782 879 1820 ᾧ

87 1831 203 1857 ἕκαστον
216 1828 285 1857 εἷναι
297 1831 319 1847 ⁸⁸
331 1830 449 1865 πέφυκε.

921 958 1052 987 erratum,
1066 961 1100 981 ex
1122 961 1177 989 quo
1205 955 1340 982 bonorum
1355 961 1467 981 suorum
1496 954 1606 989 aliquod
1627 955 1715 982 detri-

922 1004 1042 1027 mentum
1057 1007 1137 1035 passa
1153 1000 1200 1034 sit,
1213 999 1347 1035 perfectio
1369 1000 1443 1028 illico
1458 1008 1566 1035 quoque
1578 1000 1714 1035 iacturam

922 1045 995 1073 illam
1008 1051 1036 1074 et
1049 1046 1265 1074 imbecillitatem
1295 1047 1530 1082 privationemque
1546 1048 1671 1078 resarcit,
1688 1047 1715 1074 id

922 1094 994 1128 quod
1010 1093 1087 1121 deest
1102 1093 1241 1129 supplens,
1265 1102 1297 1122 ac
1313 1099 1426 1129 paterno
1456 1094 1646 1122 remissionem
1666 1095 1715 1121 do-

922 1146 1003 1173 nans,
1020 1144 1047 1166 et
1059 1147 1075 1167 e
1091 1140 1163 1167 malo
1181 1141 1299 1174 erigens,
1314 1141 1369 1167 imo
1383 1141 1474 1175 potius
1488 1140 1515 1166 in
1540 1140 1612 1167 bono
1629 1139 1717 1167 collo-

923 1192 999 1218 cans,
1012 1190 1094 1221 atque
1116 1186 1218 1214 bonum
1241 1187 1314 1221 quod
1336 1185 1477 1214 cllluxerat
1494 1186 1656 1221 adimplens,
1668 1194 1716 1214 or-

923 1232 1077 1267 dinansque
1099 1237 1128 1260 et
1147 1240 1284 1259 exornans
1310 1232 1336 1259 id
1358 1233 1429 1267 quod
1450 1232 1639 1260 inordinatum
1655 1237 1716 1260 erat

923 1283 951 1305 et
965 1277 1102 1311 diﬂortne,
1120 1278 1156 1305 ita
1176 1283 1205 1305 ut
1233 1279 1399 1313 redintegret
1413 1279 1526 1305 omnino
1552 1283 1579 1305 et
1594 1278 1628 1305 ab
1643 1279 1717 1307 oumi

925 1323 986 1351 labe
1002 1324 1110 1353 liberet.
1124 1323 1180 1351 lloc
1192 1324 1303 1359 quidem
1324 1324 1357 1351 de
1370 1324 1411 1351 his
1423 1323 1526 1351 dictum
1541 1331 1572 1351 ac
1586 1323 1619 1351 de
1636 1323 1718 1358 justi-

925 1370 963 1397 tia
989 1377 1049 1404 quac
1067 1371 1189 1397 omnium
1204 1370 1389 1404 wqualitatcm
1405 1370 1546 1397 ditnetitttr
1560 1376 1587 1397 et
1610 1370 1719 1404 delinit,

926 1423 1091 1451 omnemque
1107 1415 1335 1451 inaequalitatem,
1359 1424 1420 1451 quae
1450 1416 1602 1443 secundum
1626 1417 1721 1451 priva-

927 1462 1029 1490 tionem
1045 1462 1208 1497 atqualitatis
1234 1462 1405 1497 singulorum
1429 1462 1558 1494 sumitur.
1582 1462 1719 1489 extermi-

928 1514 974 1536 nat
988 1518 995 1536 :
1009 1509 1224 1544 inaequalitatem
1239 1509 1312 1537 enim
1339 1509 1362 1536 si
1384 1510 1448 1544 quis
1463 1509 1581 1543 accipiat
1592 1515 1621 1537 et
1636 1510 1721 1537 inter-

930 1561 1055 1592 pretetur
1079 1555 1262 1589 diﬂ‘erentias,
1285 1555 1387 1590 quibus
1409 1563 1453 1582 res
1468 1563 1565 1582 omnes
1592 1555 1665 1583 inter
1690 1562 1721 1583 se

931 1603 1147 1637 distinguantur,
1164 1602 1244 1638 hujus
1259 1603 1341 1630 etiam
1358 1607 1452 1630 custos
1482 1607 1509 1629 et
1532 1603 1719 1630 conservatrix

931 1654 972 1677 est
982 1649 1088 1684 justitia
1099 1657 1106 1682 ;
1119 1656 1181 1676 cum
1198 1648 1289 1676 omnia
1303 1648 1329 1676 in
1344 1649 1472 1676 omnibus
1481 1648 1567 1684 478
1587 1650 1718 1684 permista

932 1695 1062 1723 confundi
1084 1695 1196 1722 minime
1214 1695 1345 1730 patiatur,
1361 1696 1408 1722 sed
1423 1703 1455 1722 ea
1475 1703 1535 1730 qum
1550 1700 1613 1722 sunt
1629 1695 1720 1722 omnia

932 1742 1067 1769 custodiat
1081 1741 1231 1768 secundum
1246 1748 1322 1768 suam
1339 1747 1454 1776 qumque
1480 1740 1608 1776 speciem,
1626 1741 1652 1768 iu
1667 1748 1720 1776 qua

934 1796 996 1816 esse
1011 1788 1123 1816 debent.

671 1953 940 1982 ADNOTATIONES
959 1951 1135 2000 CORDERll.

131 2009 144 2044 §
157 2008 177 2038 1.
190 2009 282 2038 Multis
290 2009 357 2038 enim
366 2010 392 2037 in
402 2010 465 2038 locis
475 2010 685 2046 Scriptura,elc.
695 2009 777 2038 Notat
795 2011 906 2039 Lessius
921 2011 968 2039 lib.
993 2019 1010 2038 v
1038 2012 1075 2038 οε
1090 2009 1294 2046 perfectionibus
1316 2009 1414 2046 divinis
1427 2029 1446 2046 ,ν
1458 2016 1521 2044 cap.
1535 2010 1559 2041 Ι,
1576 2008 1720 2046 plusquam

91 2047 270 2081 Septuaginta
285 2046 352 2074 locis
368 2046 459 2073 vocari
472 2044 687 2081 omnipotentem.
703 2048 773 2075 Idem
787 2047 881 2074 multis
894 2047 956 2074 aliis
971 2047 1038 2074 locis
1050 2044 1152 2074 diserte
1168 2045 1312 2081 asseritur,
1329 2045 1469 2081 ut__llattlt.
1479 2052 1509 2081 rut
1526 2053 1533 2070 τ
1546 2044 1623 2081 Apud
1636 2044 1720 2072 Deum

93 2079 184 2109 omnia
198 2079 334 2116 possibilia
349 2086 434 2117 sunt;
447 2082 532 2109 Marc.
545 2079 563 2108 ἰ
575 2090 581 2107 :
593 2081 690 2109 Omnia
702 2082 839 2117 possibilia
855 2087 914 2110 sunt
929 2082 999 2116 apud
1012 2081 1107 2113 Deum,
1122 2085 1193 2117 ertc.;
1211 2079 1278 2106 Luc.
1291 2087 1309 2107 ll
1328 2089 1334 2108 :
1348 2079 1461 2117 Narrat
1474 2079 1635 2117 impossibile
1646 2085 1720 2117 apud

93 2118 176 2144 Deum
192 2114 268 2153 omne
283 2117 400 2153 verbym.
415 2116 484 2144 Hinc
501 2117 527 2143 in
545 2117 684 2152 Symbolo,
701 2114 831 2152 tanquam
852 2114 1017 2153 pt'azciputtm
1043 2116 1106 2153 ﬁdei
1128 2116 1350 2153 fundamentum,
1368 2115 1481 2141 articulo
1495 2116 1586 2153 primo
1599 2114 1699 2142 dicitur
1714 2123 1720 2142 :

91 2153 178 2179 Credo
195 2153 222 2179 in
241 2152 323 2179 Deum
339 2151 446 2179 Patrem
462 2150 675 2188 antnipoletttetrt,
690 2150 834 2187 etc.,‘quia
852 2150 991 2188 praecipua
1011 2152 1149 2187 rel‘giouis
1174 2156 1273 2178 nostrae
1297 2151 1421 2188 dogmata
1444 2158 1477 2176 eo
1499 2150 1635 2188 nituntur,
1652 2157 1679 2188 v._
1695 2159 1722 2184 ιζ.

91 2190 189 2223 dogma
205 2188 239 2215 de
256 2188 394 2215 creatione
408 2186 512 2223 mundi,
528 2183 561 2223 de
571 2183 703 2223 ejusdem
717 2183 926 2216 coltservatione
941 2183 973 2216 ὀι
986 2183 1195 2223 gubernatione,
1212 2183 1371 2222 mysterium
1387 2183 1597 2218 lucaruationis,
1614 2183 1723 2213 Eucha-

91 2222 189 2256 I'isiiat,
207 2222 430 2255 resurrectiOnis,
447 2222 558 2249 visionis
570 2222 712 2255 beatiﬁca,
728 2229 756 2251 et
766 2223 876 2251 similia.

128 2254 280 2294 Notandum
298 2258 363 2285 item
376 2265 410 2284 ex
422 2258 516 2294 eodem
538 2257 644 2290 Lessio,
656 2254 725 2293 apud
741 2265 865 2286 sanctum
889 2258 1047 2294 Dionysium
1065 2266 1126 2286 esse
1142 2258 1194 2286 duo
1208 2257 1317 2294 nomina
1338 2256 1438 2294 quibus
1461 2254 1612 2294 explicatur
1627 2255 1721 2294 divina

91 2293 224 2329 potentia,
235 2299 332 2330 nempe
346 2293 550 2330 παντοδύναμος
561 2296 589 2320 et.
606 2291 802 2330 παντρκράτωρ
813 2303 820 2327 ;
832 2302 871 2329 qu;

926 2291 1124 2328 Isi'aliquaudo
1139 2301 1188 2328 pro
1202 2293 1299 2330 eodem
1315 2291 1496 2330 accipiantur,
1506 2296 1540 2330 _et
1566 2291 1722 2330 signiﬁcent

93 2326 166 2355 idem
192 2328 263 2362 quod
282 2326 456 2364 armipotens,
473 2326 563 2354 tamen
585 2329 657 2362 apud
671 2326 828 2364 Dionysium
841 2326 998 2364 signiﬁcant
1017 2326 1179 2364 diversaQet
1193 2329 1309 2355 diversis
1332 2328 1424 2364 verbis
1450 2326 1627 2364 egplicanda,
1648 2327 1720 2364 quod

92 2364 268 2400 interpretes,
282 2363 332 2400 qui
345 2370 378 2400 εξ
393 2363 489 2391 αναξοο
502 2367 652 2400 verterunt,
666 2372 719 2391 non
736 2362 1034 2392 vitienturadveI-tisse.
1052 2363 1257 2400 Παντοδύναμος
1276 2363 1386 2398 proprie
1394 2363 1479 2400 _\_'erti
1497 2362 1722 2400 _<_lebet_omu_ipo-

92 2404 162 2430 tem,
175 2398 208 2424 de
222 2405 276 2436 quo
292 2396 348 2432 agit
360 2397 507 2436 Dionysius
522 2399 574 2436 l_i0c_
589 2399 693 2436 capite;
709 2400 906 2436 παντοκράτωρ
925 2407 993 2436 vero
1003 2401 1176 2430 omnileneus,
1196 2396 1225 2436 uit
1240 2396 1315 2436 patet
1327 2396 1369 2436 ’.ει
1394 2397 1515 2436 Dionysii
1537 2396 1723 2436 declarationis

92 2441 174 2468 quanti
199 2433 279 2460 habet
291 2431 351 2467 cap.
374 2433 407 2467 X,
425 2431 470 2461 tibi
487 2434 544 2467 agit
559 2433 592 2460 de
606 2431 658 2461 hoc
672 2436 792 2461 nomine.
808 2431 856 2462 Est
871 2431 961 2461 autem
988 2435 1060 2462 inter
1075 2436 1132 2462 lnnc
1147 2431 1257 2461 nomina
1285 2434 1375 2460 divina
1401 2431 1633 2464 llaee'distiuctio,
1648 2433 1721 2466 quod

91 2469 164 2496 Deus
179 2467 285 2505 dicatur
297 2470 471 2505 omnipotens,
491 2469 586 2505 Grzece
602 2469 815 2505 παντοδύναμος,
829 2470 892 2505 quia
907 2471 964 2504 ipse
983 2475 1024 2497 est
1040 2475 1136 2497 auctor
1149 2470 1239 2497 clunis
1253 2469 1391 2504 potenti-at,
1406 2474 1434 2495 et
1454 2468 1543 2495 omnis
1555 2467 1674 2505 potentia
1691 2475 1723 2494 ac

91 2505 170 2539 vigor
181 2504 227 2537 qui
239 2509 283 2539 est
295 2504 322 2530 in
340 2505 421 2531 rebus
434 2505 544 2536 creatis,
559 2504 594 2530 ab
609 2505 668 2538 ipso
682 2509 733 2532 est.
748 2503 886 2537 Secundo,
903 2503 961 2539 ipse
983 2506 1074 2532 omnia
1089 2509 1189 2539 potest,
1204 2510 1232 2531 ct
1245 2503 1293 2531 sua
1305 2504 1427 2538 potentia
1442 2504 1532 2531 omnia
1544 2503 1682 2539 produxit,
1695 2507 1724 2529 et

91 2538 217 2575 aliasine
231 2538 294 2575 line,
310 2539 364 2567 imo
377 2538 509 2567 inlinities
520 2539 626 2566 inﬁnite
639 2540 690 2566 ltiti
704 2540 756 2568 hoc
764 2541 853 2575 capite
866 2538 932 2567 dicit
949 2538 1104 2575 Dionysius)
1116 2544 1206 2574 potest
1218 2539 1380 2574 producere.
1396 2539 1472 2575 Unde
1482 2543 1636 2575 vocateum
1646 2538 1724 2565 ἀπειν

92 2573 252 2610 ροδύναμον,
266 2574 291 2601 id
308 2580 349 2602 est
362 2574 616 2609 inﬁniti-patentem.
631 2575 735 2602 Dicitur
746 2573 837 2603 autém
849 2583 871 2602 οι

922 2573 1027 2607 tenens,
1035 2583 1082 2602 sco
1096 2573 1307 2610 παντοκράτωρ,
1320 2575 1383 2610 quia
1396 2574 1487 2602 omnia
1502 2573 1636 2608 producta
1650 2580 1719 2599 ron—

93 2609 163 2636 tlltet
176 2609 203 2636 et
214 2611 388 2646 constringit,
410 2610 565 2646 nepossint
583 2609 723 2643 dilllnere;
739 2616 767 2638 et
780 2611 872 2637 mundi
890 2615 982 2644 partes
997 2611 1121 2637 continet
1134 2611 1160 2637 in
1178 2609 1230 2637 suo
1244 2609 1342 2637 ordine
1353 2614 1380 2637 et
1396 2611 1462 2641 situ,
1476 2617 1508 2635 ne
1521 2609 1609 2642 possit
1625 2616 1721 2636 earum

91 2647 160 2672 ordo
180 2650 207 2672 et
226 2644 361 2673 connexio
372 2644 495 2673 dissolvi.
513 2644 608 2679 Itaque
632 2645 732 2674 dicitur
746 2648 921 2681 omnipotens,
940 2649 1069 2680 tanquam
1086 2645 1209 2673 omnium
1223 2649 1350 2679 creator;
1372 2646 1536 2673 omnitenetu
1564 2652 1639 2676 vero,
1660 2650 1724 2670 tau-

91 2689 174 2716 quam
188 2682 309 2716 omnium
319 2686 507 2716 conservator.

128 2717 143 2752 ξ
157 2716 186 2744 ll.
200 2715 319 2744 Dicimus
336 2717 417 2753 igitur
434 2715 519 2744 Deum
537 2725 592 2744 me
603 2718 757 2751 potentiam,
770 2722 799 2744 ut
817 2715 863 2752 qui
882 2716 1028 2751 pnelmbet,
1045 2721 1098 2744 etc.
1123 2716 1161 2743 Ex
1178 2716 1222 2744 his
1235 2716 1338 2752 (inquit
1349 2715 1564 2752 Cyparissiotus,
1581 2714 1684 2743 dccadc
1694 2714 1723 2748 5,

706 2829 823 2857 VARle
852 2827 1055 2858 LECTIONES.

130 2908 151 2923 "
165 2907 214 2935 οὐκ
235 2909 288 2937 ἀπο
305 2911 415 2945 σκοποῦ,
434 2909 464 2938 D.
513 2910 537 2927 ⁸⁸
554 2910 730 2948 ὑπεριδοῦσα,
749 2911 778 2939 ὃ.
826 2911 848 2927 ⁵ο
866 2909 997 2946 ὁρίζεται,
1100 2909 1122 2925 ιο
1138 2908 1169 2935 τὸ
1187 2905 1266 2941 εἶναι,
1285 2909 1312 2935 S.
