1929 3061
79 145 135 172 901

361 143 405 171 DE
424 143 550 171 DlVlNlS
563 144 760 175 lelNlBES,
779 144 857 170 CAP.

917 142 948 170 ll.
969 159 1002 163 —
1022 143 1194 170 PAllAl‘llR.
1216 143 1454 172 PACllYMElhE.

1667 146 1721 175 902

78 205 203 240 νάμεων
228 203 290 238 μεθ’
316 202 411 237 ἡμῶν,
435 201 625 236 ἁντιλήπτωρ
654 201 739 237 ἡμῶν
763 203 780 229 ὁ
805 201 863 228 Sed.

930 201 1016 228 minus
1039 201 1165 227 uirtutum
1180 201 1234 234 ipse
1244 205 1281 227 est
1297 199 1353 228 Rea:
1367 201 1459 236 gloria:
1473 202 1486 222 ⁸
1498 210 1508 234 ;
1522 206 1549 229 et
1561 209 1568 229 :
1587 202 1715 232 Dominus

86 249 201 278 Ἰακώϐ.

121 306 182 342 §ll.
202 304 264 338 Πῶς
286 302 332 332 οῦν
353 305 403 342 τὴν
431 305 521 340 πάσης
543 304 715 341 ὲξῃρημένην
733 304 873 340 δυνάμεως

79 353 199 387 δύναμιν
213 351 397 386 ἁνομάσομενς
418 351 540 387 Δέγομεν
550 372 558 383 ,
573 352 614 378 ὅτι
634 351 747 387 δύναμις
766 351 873 385 λέγεται

78 399 94 424 6
111 397 189 429 Θεὸς,
211 397 259 424 καὶ¹
279 397 316 429 ὼς
337 397 460 432 προέχων
477 397 523 424 καὶ
542 398 678 434 περιέχων
695 397 805 424 ἃπασαν
828 396 873 423 δύ-

77 453 175 480 ναμιν,
193 445 239 470 καὶ¹
252 443 290 476 ὡς
304 443 389 475 αἴτιος
401 444 491 478 πάσης
503 444 655 479 δυνάμεως,
674 444 720 470 καὶ
729 443 767 475 ὡς
785 443 873 478 παρά-

77 498 140 524 γων
154 490 242 516 πάντα
256 490 315 516 ἐστὶ
336 489 406 516 κατὰ
430 488 542 524 δύναμιν
554 489 661 516 ἄκλιτον
673 498 679 504 ·
698 490 728 516 οὐ
746 489 800 525 γὰρ
816 489 873 516 κλι-

76 537 194 572 νάμενος
213 537 252 567 εἰς
276 535 390 570 δύναμιν
408 535 578 570 δημιουργεῖ,
601 535 658 562 ἀλλ’
675 535 802 571 ἀκίνητος
825 535 873 561 καὶ

77 583 226 618 ἄκαμπτος
238 582 367 618 ὑπάρχων
379 581 425 608 ἐπὶ
435 581 484 617 τῆς
501 582 568 614 ἰδίας
589 582 679 617 ἰσχύος
692 581 811 618 παράγει
821 590 827 596 ·
841 581 871 607 οὑ

77 630 136 665 γὰρ
150 629 268 656 κλίνεται
295 628 332 660 ὡς
358 628 472 664 δυναμοῖ
494 629 523 656 ἐν
543 637 606 655 τινι.
624 629 659 654 “ll
671 627 793 654 ᾰκλιτον
808 627 870 663 ἔφη,

74 677 203 703 τουτέστι
215 676 265 711 τῆς
278 675 380 707 οἰκείας
391 676 541 712 ὰκρότητος
555 675 591 710 μὴ
603 675 811 706 ὐποκατιοῦσαν,
824 676 872 702 καὶ

75 723 117 754 ὡς
131 721 213 749 αὑτοῦ
227 721 273 749 τοῦ
287 719 356 748 εἶναι
370 721 483 757 δύναμιν
498 721 583 753 αἴτιός
597 722 666 752 ἐστι,
681 722 727 748 καὶ
741 722 781 748 ὃτι
797 721 873 748 ἀπει-

78 769 241 804 ροδύναμος,
259 768 295 804 μὴ
315 768 394 804 μόνον
404 769 432 794 ὲν
444 767 484 803 τῷ
497 767 628 802 παράγειν
645 768 733 794 πᾶσαν
746 767 869 803 δύναμιν,

75 815 148 841 ἀλλὰ
162 815 208 841 καὶ
222 813 262 849 τῷ
277 814 348 849 ὑπὲρ
372 814 462 840 πᾶσαν
483 810 552 839 εἶναι
566 814 612 839 καὶ
633 813 717 848 αὐτὴν
730 813 779 848 τὴν
793 813 872 839 αὺτο-

75 861 203 896 δύναμιν,
227 860 273 887 τὸν
290 859 542 896 παραδειγματικόν
564 868 634 895 φημι
658 859 708 894 τῆς
730 859 870 894 δυνάμεως
885 877 908 904 Β

74 907 156 941 λόγον
168 915 175 922 θ
191 907 238 934 καὶ
256 908 285 933 ὲν
307 906 347 942 τῷ
361 906 560 943 ὑπερδύνασθαι
575 906 721 942 ἀπειράκις
740 905 869 940 ἀπείρους

73 954 206 989 δυνάμεις
216 953 352 989 παράγειν
363 962 369 968 ·
383 954 430 980 καί
443 961 507 979 ποτε
522 952 559 988 μὴ
566 951 792 987 ἁπαμὸλυνῦῆναι
802 952 869 987 πρὸς

72 999 127 1034 τὴν
140 999 194 1025 τῶν
207 999 329 1034 ἀπείρων
341 998 482 1034 δυνάμεων
497 998 617 1033 ποίησιν,
631 998 678 1024 καὶ
695 997 736 1023 ὅτι
749 997 869 1032 ἄφθεγκ-

73 1054 121 1071 τον
136 1045 181 1072 καὶ
190 1044 365 1080 ἀνεπινόητον
379 1044 410 1071 τὸ
423 1044 554 1080 ὑπερέχον
566 1044 614 1079 τῆς
624 1043 705 1070 αὐτοῦ
714 1043 865 1079 δυνάμεως.

75 1091 167 1125 ’Ὀπερ
186 1090 243 1122 πῶς
259 1089 293 1117 ἂν
308 1088 342 1126 ἦν
368 1090 531 1125 ἄφθεγκτον,
545 1089 625 1125 εἴπερ
641 1089 677 1124 μὴ
699 1087 771 1125 εἶχεν
791 1090 867 1125 ἰσχὺν

73 1137 116 1168 εἰς
134 1135 165 1162 τὺ
179 1136 215 1171 μὴ
228 1135 418 1163 κατανοεῖσθαι
434 1136 509 1171 παρά
519 1144 601 1166 τινος,
615 1134 631 1170 ἢ
647 1134 691 1161 διὰ
708 1136 867 1170 περιουσίαν

71 1182 122 1209 τοῦ
146 1181 258 1209 δυνατοῦ
272 1182 319 1209 καὶ
330 1181 379 1218 τὴν
393 1181 535 1208 ἀσθένειαν
554 1181 686 1216 δυναμοί;
712 1180 866 1208 Ἀσθένειαν

70 1225 102 1252 δὲ
121 1225 200 1252 καλεῖ
210 1225 244 1252 τὰ
257 1225 338 1252 ὑλικὰ
350 1226 434 1252 ταῦτα
451 1226 499 1252 καὶ
512 1226 637 1261 περίγεια
650 1225 774 1261 σώματα,
789 1226 866 1253 ἆτινα

72 1271 122 1297 καὶ
149 1270 251 1306 ἔσχατα
274 1271 445 1306 ἀπηχήματά
463 1279 530 1306 φησι
548 1271 592 1297 διὰ
614 1270 645 1298 τὸ
663 1270 793 1306 ἀμυδρῶς
818 1271 866 1298 καὶ

73 1315 147 1343 κατὰ
162 1315 210 1351 τὴν
229 1316 333 1342 οἰκείαν
355 1316 561 1351 ἐπιτηδειότητα
577 1317 700 1352 μετέχειν
714 1317 765 1351 τῆς
787 1316 866 1343 δυνά-

73 1370 148 1396 μεως
164 1362 211 1389 τοῦ
229 1361 307 1395 Θεοῦ,
332 1363 370 1394 ὡς
389 1362 444 1398 ἔχει
464 1363 509 1389 ἐπὶ
529 1362 583 1389 τῶν
613 1362 745 1398 ἐμπίδων,
767 1362 863 1397 μυιῶν,

71 1407 121 1433 καὶ
132 1406 185 1433 τῶν
198 1407 285 1434 ἄλλων
303 1408 354 1434 ὅσα
366 1409 395 1434 ἐν
417 1409 474 1440 τοῖς
493 1408 604 1440 οἰκείοις
620 1409 742 1444 κέντροις
758 1408 866 1444 ἰσχύου-

72 1461 125 1478 σιν.
137 1452 219 1479 Ὅθεν
235 1454 282 1479 καὶ
299 1453 339 1488 τῷ
357 1453 434 1489 Ἰωήλ
447 1462 528 1489 φησιν
541 1455 556 1480 ὁ
567 1454 633 1486 Θεὸς
645 1454 708 1490 περὶ
724 1454 775 1490 τῆς
787 1455 865 1490 ἀκρί-

70 1499 126 1531 δος,
146 1500 193 1526 καὶ
209 1500 256 1526 τοῦ
270 1500 396 1536 βροὺχου,
418 1501 465 1527 καὶ
481 1501 530 1536 τῆς
543 1501 666 1537 κάμπης,
694 1500 728 1529 Ἡ
738 1501 864 1536 δύναμίς

925 248 1051 275 virtutum
1071 247 1216 279 nobiscum,
1237 252 1375 282 susceptor
1398 252 1487 276 noster
1509 249 1581 276 Deus
1598 249 1681 278 Iacob
1692 251 1718 278 1³.

962 303 976 339 §
991 303 1024 331 ll.
1044 303 1186 338 Quomodo
1200 304 1285 338 igitur
1299 305 1447 339 potentiam
1467 306 1501 334 ab
1523 307 1596 334 omni
1613 313 1712 342 poten-

926 350 963 376 tia
991 354 1118 385 exempla
1148 350 1366 378 nominabiinus'!
1393 350 1525 386 Dicimus,
1550 353 1634 380 Deum
1664 354 1717 382 dici

927 394 1054 422 virtutem
1080 403 1128 422 seu
1159 399 1334 430 potestatem,
1361 400 1489 432 tanquam
1513 399 1717 432 prtelmbentem

928 440 1011 477 480
1039 446 1066 469 et
1087 441 1272 469 continentem
1294 450 1401 470 omnem
1424 444 1584 478 potentiam,
1611 451 1642 478 et,
1658 451 1719 472 tan-

929 495 1011 521 quam
1047 494 1158 514 causam
1195 487 1286 515 omnis
1321 488 1481 523 polentize,,
1505 493 1532 516 ct
1564 490 1716 525 producen—

926 537 981 560 tem
1012 534 1104 561 omnia
1134 534 1284 561 secundum
1318 533 1534 562 indeclinabilem
1569 537 1714 570 virtutem;

924 587 978 606 non
1004 580 1077 606 enim
1101 580 1134 607 ad
1155 580 1284 607 virtutem
1315 579 1463 608 inclinatus
1482 586 1568 614 creat,
1588 582 1635 609 sed
1661 583 1716 610 im-

923 625 1032 653 mobilis
1055 630 1082 652 et
1103 624 1257 653 inﬂexibilis
1272 626 1409 654 exsistcns
1427 626 1454 654 in
1481 628 1588 662 propria
1613 630 1715 657 virtute

922 671 1065 706 producit;
1080 680 1134 699 non
1154 672 1227 699 enim
1252 672 1402 699 inclinatur
1424 673 1501 708 quasi
1516 679 1612 708 potens
1627 677 1664 703 sit
1686 677 1713 704 in

922 718 1024 752 aliquo.
1042 717 1090 746 Vel
1107 718 1215 745 ἄκλιτον
1235 719 1314 752 dixit,
1336 720 1362 747 id
1382 725 1425 747 est
1443 728 1457 746 a
1472 721 1584 755 proprio
1604 721 1714 758 fastigio

924 765 1035 792 minime
1050 765 1273 798 descendentem,
1286 770 1313 792 et
1329 767 1406 801 quasi
1424 766 1568 801 ipsinsmet
1583 776 1643 795 esse
1656 770 1712 796 vir-

922 811 991 838 tutis
1010 817 1140 844 causam;
1157 811 1283 846 quodque
1299 813 1334 839 sit
1360 812 1473 839 inﬁnita:
1495 814 1636 848 potentiat,
1658 822 1711 842 non

922 855 1009 882 solum
1033 856 1059 882 in
1085 857 1186 884 virtute
1204 857 1286 884 omni'
1308 859 1491 892 producenda,
1513 865 1608 886 verum
1625 860 1710 887 etiam

921 902 993 936 quod
1013 902 1048 929 sit
1062 910 1144 937 supra
1160 910 1268 931 omnem
1282 904 1364 930 etiam
1385 904 1529 938 ipsammet
1551 912 1599 939 per
1611 914 1641 933 se
1656 907 1712 933 vir-

922 953 1020 981 tutem,
1035 949 1231 984 exemplarem,
1252 949 1373 984 inquam,
1387 950 1499 977 virtutis
1522 951 1670 984 rationem;
1685 957 1712 979 ιιι

920 995 992 1028 quod
1010 999 1108 1028 potens
1119 995 1154 1022 sit
1165 994 1309 1030 plusquam
1321 995 1450 1023 inliuities
1460 996 1582 1023 inlinitas
1596 997 1710 1025 virtutes

921 1040 1081 1074 producere,
1102 1045 1129 1068 et
1146 1048 1284 1075 nunquam
1310 1041 1352 1068 vis
1377 1040 1437 1075 ejus
1453 1041 1479 1067 in
1501 1041 1709 1070 inﬁnitisetiam

920 1086 1070 1113 virtutibus
1085 1087 1210 1114 creandis
1223 1087 1309 1114 valeat
1323 1086 1454 1120 hebetari,
1465 1092 1492 1114 et
1505 1089 1577 1122 quod
1594 1088 1709 1122 inexpli-

917 1131 1016 1158 cabilis
1031 1136 1058 1159 et
1073 1133 1290 1167 inexcogitabilis
1311 1133 1347 1160 sit
1362 1134 1471 1161 virtutis
1490 1134 1550 1168 ejus
1571 1135 1709 1162 excellen~

919 1179 966 1204 tia.
986 1177 1021 1204 At
1036 1179 1172 1213 quomodo
1196 1179 1232 1206 sit
1254 1179 1466 1214 inexplicabilis,
1490 1180 1625 1215 siquidem
1654 1190 1707 1209 non

917 1224 1011 1252 habuit
1028 1225 1157 1253 virtutem
1178 1230 1273 1252 utnon
1289 1226 1482 1260 conciperetur
1493 1227 1527 1253 ab
1538 1227 1643 1263 aliquo,
1657 1229 1708 1256 nisi

917 1277 966 1305 per
980 1271 1109 1305 polentia;
1127 1271 1324 1298 abundantiam
1337 1278 1364 1299 et
1377 1272 1577 1301 imbecillitatis
1593 1274 1707 1301 robora-

918 1317 1037 1344 tionem?
1062 1316 1280 1345 lmbecillitatein
1311 1322 1404 1345 antetn
1438 1325 1520 1346 vocat
1552 1320 1707 1348 malerialia

916 1363 973 1389 haec
983 1367 1010 1390 et
1031 1367 1138 1390 terrena
1155 1371 1280 1397 corpora,
1302 1371 1362 1398 qua:
1382 1365 1464 1391 etiam
1481 1371 1604 1393 extrema
1624 1366 1708 1393 vcsti-

916 1412 959 1446 gia
975 1410 1052 1443 dicit,
1073 1411 1144 1445 quod
1161 1411 1274 1439 remisse
1296 1416 1324 1438 et
1344 1419 1393 1446 pro
1411 1417 1490 1447 captu
1514 1420 1564 1440 suo
1586 1413 1705 1440 divinam

915 1456 1044 1485 virtutem
1061 1457 1241 1493 participem;
1267 1462 1297 1484 ut
1310 1466 1339 1485 se
1359 1466 1403 1486 res
1423 1459 1506 1487 habet
1524 1459 1551 1487 in
1569 1460 1706 1488 culicibus

916 1507 944 1529 et
957 1503 1070 1536 muscis,
1090 1508 1117 1530 et
1131 1503 1275 1536 similibus,
1291 1511 1352 1538 quae
1369 1504 1488 1532 Stimulis
1507 1505 1563 1532 suis
1590 1506 1704 1540 pollent.

66 1555 129 1581 μου
144 1547 163 1580 ὴ
173 1547 299 1582 μεγάλη.
314 1548 374 1574 Ὅτι
387 1547 416 1574 δὲ
434 1547 481 1574 καὶ
495 1548 542 1574 ἐπὶ
554 1548 660 1580 τούτοις
678 1550 735 1580 τοῖς
754 1548 863 1575 ἀσθενέ-

917 1548 992 1576 Unde
1006 1550 1086 1577 etiam
1102 1549 1172 1580 Deus
1193 1550 1219 1577 in
1232 1549 1308 1578 Joele
1335 1551 1368 1578 de
1389 1551 1493 1579 locusta
1510 1556 1537 1579 et
1556 1551 1661 1580 brueho
1678 1559 1706 1580 et

71 1602 114 1620 σιν
128 1594 144 1629 ἡ
158 1593 271 1630 δύναμις
286 1593 332 1620 τοῦ
345 1594 411 1620 Θεοῦ
430 1594 534 1628 φθάνει,
556 1595 595 1621 ἴδε
609 1594 644 1621 τὰ
662 1595 722 1621 κατ’
737 1594 862 1630 αἴσθησιν

69 1639 180 1671 δυνατὰ,
200 1640 230 1666 τό
244 1649 273 1666 τε
293 1640 390 1676 ὁρατὸν
408 1640 475 1675 φῶς,
490 1641 537 1666 καὶ
557 1641 620 1672 τοὺς
643 1641 793 1673 ἀκουστοὺς
812 1640 861 1673 ψό-

69 1693 152 1719 φους·
171 1685 206 1712 τὰ
233 1686 288 1721 γὰρ
305 1685 419 1721 λαμπρὰ
436 1685 490 1712 τῶν
513 1685 610 1720 φώτων
639 1686 720 1721 μέχρι
740 1687 787 1714 καὶ
807 1687 861 1714 τῶν

69 1729 191 1757 ἀσθενῶν
222 1731 368 1766 ὀφθαλμῶν
388 1731 494 1765 φθάνει,
525 1731 572 1757 καὶ
590 1731 613 1758 οἱ
642 1732 755 1766 μεγάλοι
779 1733 861 1767 ψόφοι

70 1775 150 1810 μέχρι
170 1777 282 1803 καὶτῶν
294 1777 415 1804 ἀσθενῶν
431 1777 520 1804 ἀκοῶν
538 1777 697 1804 εἰσδύονται.
717 1777 785 1804 Οῦτε
805 1778 860 1814 γὰρ

66 1822 101 1848 τὸ
113 1822 170 1857 φῶς
196 1824 225 1850 ὲν
245 1823 284 1858 τῷ
307 1824 373 1860 λίθῳ
389 1825 496 1859 λέγεται
523 1825 643 1860 φθάνειν,
663 1824 725 1851 οὔτε
743 1826 757 1851 ὁ
775 1825 860 1860 ψόφος

69 1870 222 1897 εἰσδύεσθαι
233 1879 240 1885 ο
257 1871 314 1898 ἀλλ’
329 1871 359 1897 ὲν
372 1872 428 1903 τοῖς
448 1871 596 1907 πεφυκόσιν
617 1872 682 1908 ὸρᾷν
705 1871 721 1907 ἤ
739 1872 858 1904 ἀκούειν,

69 1915 121 1942 κᾶν
139 1915 260 1948 ἀσθενῶς
279 1915 372 1951 ἔχωσι.

105 2060 176 2096 §lll.
197 2060 276 2088 Κατὰ
292 2059 386 2087 τοῦτον
408 2061 454 2088 τὸν
480 2061 557 2096 λόγον
573 2063 612 2094 εἰς
631 2062 719 2089 πάντα
741 2061 775 2088 τὰ
793 2062 856 2089 ὄντα

69 2107 185 2143 χωρήσει
203 2108 220 2143 ἡ
239 2106 353 2143 δύναμις
365 2108 413 2135 τοῦ
432 2108 511 2140 Θεοῦ,
526 2109 567 2134 ὅτι
580 2110 669 2135 πάντα
688 2108 799 2135 δεκτικὰ
812 2108 857 2135 δυ-

69 2153 174 2189 νάμεώς
184 2155 263 2186 εἰσιν,
278 2154 294 2189 ἢ
315 2155 411 2190 νοερᾶς
426 2155 472 2180 καὶ
484 2155 640 2190 ἀγγελικῆς,
655 2155 670 2190 ἢ
685 2155 796 2190 λογικῆς
808 2155 856 2182 καὶ

68 2199 249 2235 ἀνθρωπίνης,
269 2199 286 2235 ἢ
305 2200 466 2236 αἰσθητικῆς
484 2200 537 2227 τῶν
559 2201 673 2235 ἀλόγων,
694 2201 711 2236 ἢ
736 2201 855 2236 ζωτικῆς

67 2245 120 2270 τῶν
139 2245 240 2279 φυτῶν,
262 2245 278 2280 ἦ
297 2245 442 2278 οὺσιώδους
460 2246 555 2282 ἑτέρας
578 2246 632 2273 τῶν
654 2247 740 2274 ἄλλων
765 2247 853 2274 ἁπάν-
867 2238 890 2266 D

66 2300 130 2322 των,
149 2291 216 2318 καθὸ
233 2291 278 2318 τὸν
299 2292 347 2327 μὲν
372 2292 514 2328 ἀδάμαντα
534 2292 647 2329 δύναμιν
672 2292 743 2328 ἔχειν
763 2293 854 2329 φαμὲν

66 2337 112 2363 τοῦ
131 2336 167 2372 μὴ
184 2337 340 2372 τέμνεσθαι,
357 2338 403 2365 τὸν
421 2338 444 2365 δ’
456 2338 525 2375 ἀέρα
540 2339 689 2374 ἀδυναμίαν
712 2339 759 2365 τοῦ
771 2339 853 2366 αὑτοῦ

66 2383 168 2410 τούτου.
188 2384 241 2409 Καὶ
256 2384 321 2410 αὐτὸ
342 2385 370 2411 δὲ
388 2385 448 2411 καθ’
460 2385 526 2411 αὐτὸ
536 2385 565 2412 τδ
576 2385 690 2421 δύναμιν
710 2383 779 2412 εἶναι
803 2386 852 2412 καὶ

67 2429 142 2456 τοῦτο
161 2430 236 2466 παρὰ
250 2430 301 2466 τῆς
319 2430 393 2463 θείας
413 2432 472 2458 ἐστὶ
490 2432 640 2468 δυνάμεως.

101 2537 169 2573 ειν.
196 2536 244 2564 Ἐκ
266 2536 315 2572 τῆς
334 2537 463 2572 τοιαύτης
482 2537 698 2574 άπειροδυνάμου
711 2537 851 2573 δυνάμεως

67 2585 94 2611 αἱ
106 2583 247 2618 ἁγγελικαὶ
265 2583 394 2618 δυνάμεις
414 2584 478 2616 εἰσὶ,
493 2585 540 2611 καὶ
556 2584 586 2610 τὸ
598 2581 669 2611 εἰναι
687 2585 852 2620 ὰμετακινή-

66 2641 117 2664 τως
145 2631 246 2667 ἔχουσι,
270 2631 318 2658 καὶ
347 2631 432 2658 τᾶλλα
452 2631 556 2658 πάντα·
577 2631 646 2668 αὐτὴ
668 2630 722 2666 γάρ
740 2631 813 2657 ἐστιν
833 2631 850 2666 ή

66 2680 167 2713 ὲφιεῖσα
181 2678 272 2710 αὐτοῖς
290 2679 320 2704 τὸ
339 2677 478 2710 δύνασθαι,
499 2678 546 2704 καὶ
559 2675 638 2709 εἶναι,
661 2677 708 2704 καὶ
726 2676 850 2712 ἐφίεσθαι

68 2725 149 2751 εἰσαεὶ
167 2724 214 2751 τοῦ
242 2722 329 2750 εἶναι’
353 2723 422 2759 αὐτή
449 2723 522 2749 ἐστιν
550 2724 566 2758 ἡ
588 2723 774 2758 ὲνδυναμοῦσα
802 2723 850 2750 καὶ

67 2770 128 2797 αὐτὸ
146 2770 206 2798 καθ’
219 2771 285 2798 αὐτο
303 2770 333 2798 τὸ
350 2769 492 2803 δύνασθαι,
506 2770 546 2802 εἰς
560 2770 590 2797 τὸ
609 2770 731 2805 ἐφίεσθαι
745 2769 791 2796 τοῦ
803 2769 848 2796 ἀεὶ

67 2816 200 2844 δύνασθαι.

102 2904 113 2923 ι
128 2902 196 2930 Ρειιι.
215 2911 291 2936 xxni,
312 2903 353 2931 l0.
403 2902 416 2922 ιι
434 2902 505 2932 Psal.
525 2910 574 2930 xtv
591 2901 618 2930 8.

671 2908 679 2922 ι
703 2901 773 2938 Jocl,
792 2910 821 2936 it,
839 2904 884 2932 25.

914 1602 996 1623 eruca
1008 1596 1087 1628 dicit,
1098 1595 1240 1623 Fortitudo
1250 1604 1308 1623 ima
1318 1605 1415 1632 magna
1428 1598 1450 1624 ί.
1462 1597 1536 1631 Quod
1548 1605 1612 1626 vero
1620 1599 1703 1626 etiam

914 1642 947 1668 ad
975 1642 1032 1669 haec
1048 1641 1155 1669 inﬁrma
1176 1650 1262 1676 usque
1286 1643 1331 1669 Dei
1354 1643 1443 1670 virtus
1469 1643 1620 1678 pertingat,
1643 1645 1704 1671 vide

913 1696 974 1723 quin
998 1689 1150 1716 secundum
1181 1695 1290 1715 sensum
1311 1689 1433 1722 potentia
1463 1693 1538 1721 sunt,
1557 1695 1586 1716 ut
1612 1691 1702 1718 lumen

911 1735 1081 1769 aspectabile
1095 1739 1123 1761 et
1138 1734 1261 1769 ingentes
1285 1735 1416 1769 strepitus
1432 1743 1440 1762 :
1463 1735 1597 1769 siquidem
1613 1736 1703 1771 splen-

911 1781 1051 1808 didissima
1076 1780 1177 1807 lumina
1197 1787 1286 1814 usque
1300 1782 1334 1807 ad
1348 1781 1473 1808 inﬁrmos
1484 1788 1592 1816 quoque
1607 1783 1702 1809 oculos

910 1827 1082 1862 pertingunt,
1097 1830 1126 1853 et
1145 1826 1270 1861 ingentes
1289 1825 1413 1861 fragores
1429 1827 1579 1856 imbecilles
1594 1836 1701 1863 quoquo

910 1873 1037 1900 audiendi
1060 1871 1206 1900 facultates
1229 1877 1388 1908 penetrant.
1417 1873 1475 1900 Non
1499 1874 1573 1901 enim
1598 1874 1643 1901 lux
1667 1875 1701 1902 ad

909 1917 1026 1952 lapidein
1047 1917 1202 1953 pertingere
1226 1918 1338 1951 dicitur,
1357 1926 1445 1953 neque
1469 1919 1547 1947 illum
1568 1920 1700 1955 strepitus

909 1963 995 1998 subit,
1015 1963 1063 1991 sed
1077 1963 1121 1991 illa
1140 1971 1200 1999 qua;
1212 1963 1287 1993 visus
1302 1964 1464 2000 auditusque
1488 1965 1600 2000 capacia
1627 1970 1691 1993 sunt

908 2009 972 2038 licet
990 2010 1136 2039 imbecilla.

945 2068 959 2104 5
979 2067 1023 2096 lll.
1047 2068 1201 2097 Secundum
1229 2069 1300 2098 hanc
1321 2070 1454 2097 rationem
1475 2069 1508 2097 ad
1534 2077 1580 2098 res
1600 2077 1699 2098 omnes

907 2115 954 2143 Dei
968 2116 1054 2143 virtus
1070 2120 1153 2147 meat,
1169 2116 1299 2150 quoniam
1322 2116 1414 2143 omnia
1431 2116 1542 2144 virtutis
1560 2121 1622 2144 sunt
1650 2124 1698 2144 ca-

906 2162 995 2197 pacia,
1011 2161 1071 2190 sive
1093 2161 1227 2198 Spiritalis
1241 2167 1270 2190 et
1280 2163 1420 2198 angelicas,
1433 2162 1490 2190 sive
1509 2163 1652 2190 rationalis
1669 2167 1697 2190 et

907 2207 1044 2242 humana‘,
1075 2208 1135 2236 sive
1165 2208 1273 2236 sensilis
1306 2209 1462 2241 brutorum,
1493 2208 1552 2236 sive
1580 2209 1696 2236 viventis

905 2255 1072 2290 plantarum,
1100 2255 1158 2282 sive
1179 2255 1291 2282 alterius
1313 2254 1501 2283 substantialis
1533 2260 1694 2283 eteterarum

906 2309 996 2328 rerum
1022 2300 1162 2334 omnium;
1183 2300 1260 2335 juxta
1286 2300 1360 2336 quod
1390 2301 1499 2335 quidem
1523 2301 1694 2328 adamantem

906 2347 1020 2375 dicimus
1044 2347 1146 2374 habere
1172 2347 1243 2375 hanc
1259 2348 1399 2380 virtutem,
1411 2351 1440 2373 ut
1457 2346 1544 2375 secari
1564 2352 1693 2382 nequeat,

906 2401 998 2421 aerem
1014 2402 1080 2422 vero
1094 2394 1174 2430 hujus
1192 2394 1278 2430 ipsius
1299 2393 1499 2429 impotentiam.
1518 2394 1587 2428 Quin
1613 2398 1640 2421 et
1668 2395 1693 2422 id

905 2441 994 2476 ipsum
1010 2442 1159 2469 secundum
1176 2448 1206 2469 se
1222 2442 1353 2469 virtutetn
1366 2448 1438 2474 esse,
1460 2440 1544 2468 etiam
1564 2448 1579 2468 a
1593 2441 1694 2469 virtute

905 2485 996 2513 divitia
1009 2486 1124 2514 exsistit.

942 2544 956 2580 ᾗ
976 2544 1019 2572 lV.
1042 2544 1082 2572 Ex
1103 2544 1152 2573 tali
1181 2545 1279 2572 inliniti
1302 2549 1413 2581 potente
1438 2546 1540 2575 virtute
1560 2546 1693 2582 angelico

903 2590 1019 2618 virtutes
1028 2591 1175 2624 exsistunt,
1186 2596 1213 2619 et
1221 2596 1323 2619 statum
1335 2592 1532 2620 immutabilem
1539 2597 1693 2628 caeteraquo

903 2638 994 2664 omnia
1004 2637 1103 2666 habent
1115 2647 1121 2671 ;
1133 2639 1191 2666 haec
1202 2639 1274 2666 enim
1287 2639 1321 2666 iis
1332 2639 1426 2666 tribuit
1438 2644 1464 2666 et
1475 2646 1565 2673 posse,
1578 2644 1606 2666 et
1617 2647 1689 2671 esse.

901 2688 929 2711 et
938 2689 1068 2718 appetere
1078 2691 1188 2720 semper
1198 2691 1274 2717 esse;
1285 2684 1342 2711 haec
1353 2683 1434 2720 48],
1448 2690 1490 2711 est
1501 2692 1562 2716 qua:
1575 2683 1608 2712 iis
1620 2685 1690 2712 vires

900 2732 1077 2767 suppeditat,
1093 2737 1122 2761 ut
1143 2732 1260 2769 idipsum
1287 2740 1366 2768 posse
1392 2732 1548 2760 desiderare
1581 2739 1690 2766 semper

900 2777 1016 2813 possint.
