1929 3061
216 158 270 186 903

819 158 847 185 S.
867 157 1017 186 DIONYSH
1033 157 1263 186 AREOPAGl'I‘zE

1797 159 1854 187 9M

252 217 267 253 ς
281 217 314 245 ν.
330 217 415 244 Porro
429 216 611 245 indelicientis
632 217 713 244 istins
731 217 878 252 potestatis
894 224 1001 244 numera

1097 215 1164 252 δι’.
1194 216 1305 252 Πρόεισι
1330 216 1359 243 δὲ
1383 216 1414 243 τὸ
1447 216 1622 244 ἀνέκλειπτον
1647 217 1697 254 τῆς
1721 219 1853 254 τοιαύτης

220 264 248 291 in
265 263 390 291 homines
402 271 511 298 quoque
525 263 678 295 dimanant,
695 263 759 290 etin
773 263 913 296 animalia,
927 268 954 291 et
978 264 1005 291 in

217 308 336 344 plantas,
361 313 501 343 totamque
528 314 654 336 naturam
681 308 815 337 universi.
840 308 1006 338 Corroborat

215 356 289 383 enim
309 355 354 382 illa
368 363 428 389 quae
443 356 517 382 unita
533 360 610 387 sunt.
634 361 726 390 partes
742 364 768 383 ν.
790 363 817 391 g.
844 356 928 383 totius
941 363 1005 383 eor-

215 402 302 438 poris,
317 401 359 429 vel
371 403 455 430 etiam
468 402 614 434 elementa,
632 410 693 437 qum
717 403 829 438 quidem
853 405 1003 431 secundum

216 449 307 483 aliqua
325 449 376 476 sibi
402 454 498 476 mutuo
514 450 732 484 communicant,
748 451 898 477 secundum
914 450 1003 484 aliqua

217 503 283 522 vero
302 495 558 530 discrepantquoad
580 497 661 524 tnlem
692 497 922 524 communionem.
936 497 1004 524 Cor-

215 541 328 568 rob0rat
347 541 430 568 etiam
456 548 516 576 qua:
538 542 667 570 distincta
695 547 769 575 sunt,
796 548 826 570 nt
854 545 1003 571 secundum

213 593 292 613 suam
313 587 441 622 quodque
469 587 603 614 rationem
636 589 832 622 impermistum
861 591 1002 619 consistat.

212 631 280 658 Cum
299 637 389 660 autem
411 633 550 667 quodlibet
567 634 666 662 habeat
679 636 803 663 ordinem
816 641 844 663 et
865 636 1001 671 propriam

213 677 405 711 directionem,
418 679 473 706 haec
488 680 570 707 etiam
585 681 707 713 roborat.
722 686 751 708 ιιι
762 682 788 709 in
801 683 912 717 proprio
927 690 1002 717 qua:-

214 731 268 758 que
286 724 383 752 ordine
408 732 613 754 conserventur.
641 727 808 756 Corroborat
831 731 913 756 etiam
934 730 1003 757 vitas

214 771 384 799 immortales
398 773 583 807 angelicarnm
602 773 749 807 unilalum,
765 775 871 803 scilicet
895 775 1001 810 simpli-

213 818 286 844 cium
313 824 492 852 naturarum,
530 824 559 847 ut
594 821 763 849 inviolabiles
796 828 1001 850 conserventur.

214 863 365 891 Conserval
379 865 463 892 etiam
482 865 592 893 ordines
602 865 729 893 caelestes
742 867 936 895 innnutabiles.
952 867 1003 894 Vc-

1056 262 1196 299 δυνάμεως
1214 263 1262 290 καὶ
1279 263 1320 294 είς
1339 262 1509 298 ἀνθρώπους,
1529 264 1576 290 καὶ
1602 263 1670 296 ζῶα,
1698 265 1747 291 καὶ
1765 265 1850 299 φυτὰ,

1056 309 1103 336 καὶ
1121 309 1172 345 τὴν
1192 309 1247 335 τῶν
1274 309 1343 336 ὅλων
1372 309 1463 344 φύσιν.
1490 311 1608 345 Δυναμοῖ
1634 310 1724 338 τοίνυν
1750 312 1799 338 καὶ
1816 312 1851 339 τὰ

1054 354 1193 390 ἡνωμένα,
1213 354 1248 381 τὰ
1268 354 1338 390 μέρη
1357 355 1437 390 τυχὸν
1455 355 1503 381 τοῦ
1513 355 1574 382 ὅλου
1586 355 1710 391 σώματος
1723 357 1740 392 ἢ
1751 358 1799 385 καὶ
1815 358 1852 384 τὰ

1056 400 1185 434 στοιχεῖα,
1195 399 1214 426 ἃ
1231 400 1303 426 κατά
1311 408 1372 427 τινα
1383 400 1433 436 μὲν
1450 399 1575 436 ἀλλήλοις
1591 401 1759 434 κοινωνοῦσι,
1777 404 1851 430 κατά

1053 453 1115 472 τινα
1132 446 1160 472 δὲ
1182 445 1339 482 διαφέρουσι
1367 447 1438 482 πρὸς
1464 446 1514 483 τὴν
1539 447 1666 483 τοιαύτην
1693 450 1848 476 κοινωνίαν.

1053 492 1173 527 Δυναμοῑ
1187 493 1234 518 καί¹
1252 492 1287 519 τὰ
1305 493 1503 529 διακεκριμένα
1522 494 1563 526 είς
1580 494 1611 521 τὸ
1629 493 1699 522 εἶναι
1709 496 1780 523 κατὰ
1802 497 1849 524 τὸν

1053 540 1154 566 οἰκεῖον
1172 538 1251 573 λόγον
1279 539 1393 566 ἕκαστον
1420 540 1607 576 ἀσύμφυρτον.
1634 541 1710 568 Ἐπεὶ
1728 542 1757 569 δὲ
1783 543 1847 570 Exa-

1055 593 1116 612 στον
1135 585 1191 620 ἔχει
1219 586 1296 619 τάξιν
1325 587 1374 613 καὶ
1401 587 1526 613 εὐθεσίαν
1555 587 1633 619 ἰδίαν,
1660 589 1774 624 δυναμοῖ
1800 591 1849 616 καὶ

1052 631 1138 658 ταῦτα
1157 633 1197 664 είς
1214 632 1245 658 τὸ
1262 632 1442 665 διασώζεσθαι
1472 634 1512 665 εἰς
1530 632 1580 668 τὴν
1605 633 1709 662 οἰκείαν
1733 635 1849 662 ἕκαστον

1052 679 1140 713 τάξιν.
1161 681 1281 715 Δυναμοϊ
1300 680 1348 707 καὶ
1376 680 1426 713 τὰς
1454 680 1605 712 ἀθανάτους
1623 681 1696 713 ζωὰς
1724 682 1779 708 τῶν
1797 682 1849 717 ἀγ-

1053 725 1171 760 γελικῶν
1190 726 1302 759 ἑνάδων,
1335 727 1456 762 δηλονότι
1481 726 1536 753 τῶν
1563 727 1700 754 ἁπλοῖκῶν
1727 727 1848 762 φύσεων,

1053 774 1093 805 είς
1116 773 1147 799 τὸ
1167 773 1350 808 φυλάττεσθαι
1371 773 1583 809 ἀδιαλωὸήτους.
1601 773 1729 801 Φυλάττει
1739 774 1788 801 καὶ
1797 774 1850 806 τὰς

1053 819 1181 854 οὐρανίας
1207 819 1310 853 τάξεις,
1338 818 1541 852 ἀναλλοιιῖπους.
1562 820 1635 856 Πλὴν
1663 821 1701 856 μὴ
1727 821 1799 848 κατά
1818 821 1850 848 τὸ

1054 865 1148 898 ἀϊδίως
1167 863 1238 892 εἶναι
1257 866 1357 903 νοήσῃς
1376 866 1406 893 τὸ
1424 866 1612 898 ἀναλλοίωτον,
1632 867 1699 894 ἀλλά
1717 867 1789 894 κατά
1798 867 1850 903 τὴν

215 916 275 936 rum
307 909 364 937 noli
388 910 542 946 intelligere
580 912 827 940 itnmutabilitatem
854 913 1001 941 secundum

1054 911 1261 948 ἀπαραλλαξίαν
1278 912 1328 947 τῆς
1347 912 1394 939 τοῦ
1413 913 1513 945 παντὸς
1534 913 1647 947 τάξεως.
1667 913 1744 940 Ποιεῖ
1761 913 1789 940 δὲ
1800 915 1850 941 καὶ

215 964 277 984 esse
291 957 499 993 sempiternum,
513 959 561 986 sed
586 960 736 987 secundum
754 960 1002 989 immutabilitatem

214 1004 320 1031 ordinis
337 1005 470 1032 universi.
488 1005 559 1039 Quin
578 1010 607 1033 et
629 1007 737 1039 smcula,
753 1011 782 1033 ut
807 1013 867 1034 esse
885 1008 1001 1042 possint,

213 1050 356 1087 indulget;
375 1057 464 1087 potest
478 1053 552 1080 enim
581 1053 664 1080 rebus
681 1054 855 1088 sempiternis
868 1058 1002 1090 tempora-

212 1096 265 1124 lem
283 1097 360 1132 quasi
386 1103 489 1125 motum
507 1099 652 1133 quemdam
677 1100 849 1135 spatiumque
874 1105 1003 1128 coean-

211 1142 289 1170 dere.
305 1142 472 1171 Corroborat
486 1151 550 1172 vero
568 1145 650 1172 etiam
668 1150 858 1180 temporaneos
873 1154 1001 1182 progres-

211 1197 270 1223 sus,
290 1195 427 1218 astrorum
454 1191 561 1219 scilicet
584 1193 728 1226 motiones,
754 1198 815 1227 quze
842 1193 868 1220 in
885 1194 1001 1228 quodam

212 1237 344 1270 temporis
358 1244 472 1264 numero
487 1244 536 1272 per
551 1238 694 1266 duodecim
710 1239 844 1267 dictarum
857 1241 1001 1268 domormn

211 1281 299 1315 spatia
314 1282 418 1309 sensim
433 1289 587 1311 moventur.
612 1284 872 1313 Corroboratetiam
895 1286 1002 1314 revolu-

211 1327 311 1358 tiones.
332 1335 392 1362 qua:
408 1328 441 1355 ab
457 1328 549 1363 aliquo
562 1334 662 1364 puncto
680 1331 714 1357 ad
730 1331 800 1358 idem
815 1336 944 1367 punctum
960 1339 1002 1360 re-

211 1375 511 1404 currunt.Corroborat
524 1382 643 1412 quatuor
658 1377 802 1412 elementa,
817 1379 850 1406 ad
863 1379 1001 1413 propriutn

210 1421 337 1455 quodque
346 1422 468 1449 ordinem
482 1428 589 1450 naturae
601 1424 795 1459 constringens
806 1432 838 1452 ac
846 1425 1001 1454 continens.

210 1466 378 1494 Corroliorat
405 1468 529 1496 viviﬁcos
555 1473 634 1496 terra:
663 1474 768 1503 partus,
780 1471 939 1498 carroborat
955 1479 1002 1498 ne-

211 1520 276 1539 xum
293 1513 391 1541 anima:
403 1521 466 1542 cum
483 1522 607 1550 corpore,
630 1515 747 1543 suscitat
765 1516 881 1544 virtutes
896 1518 1001 1545 anima-

212 1558 251 1586 les
273 1559 308 1586 ad
336 1559 458 1594 plantam
486 1568 674 1595 sa-penumcro
700 1561 843 1589 fovendam
857 1567 883 1589 et
899 1570 1001 1598 augen-

1053 958 1099 984 τὸν
1119 958 1206 985 αἰῶνα
1228 958 1373 985 δύνασθαι·
1399 959 1510 986 δύναται
1531 959 1626 995 γὰρτὸ
1644 960 1850 995 συμπαρεκτεί-

1053 1004 1146 1032 νεσθαι
1160 1006 1217 1037 τοῖς
1234 1005 1329 1038 ἀϊδίοις
1350 1003 1405 1032 οἷόν
1422 1015 1449 1032 τι
1467 1006 1590 1042 χρονικὸν
1605 1006 1708 1042 κίνημα
1727 1006 1775 1033 καὶ
1787 1007 1849 1034 διά-

1055 1058 1156 1086 στημα,
1176 1052 1297 1087 Δυναμοί
1314 1051 1342 1078 δὲ
1360 1052 1408 1079 καὶ
1425 1052 1475 1084 τὰς
1495 1052 1623 1088 χρονικὰς
1641 1053 1781 1087 προόδους,
1796 1053 1848 1085 τὰς

1052 1097 1107 1124 τῶν
1121 1098 1244 1133 ἀστέρων
1275 1098 1374 1134 δηλαδὴ
1402 1099 1535 1134 κινήσεις,
1563 1099 1610 1126 ὲπί
1639 1108 1702 1126 τινα
1729 1099 1848 1135 ἀριθμὸν

1054 1143 1150 1179 χρόνου
1175 1143 1340 1179 διερπούσας
1367 1143 1401 1170 τὰ
1431 1144 1464 1170 ιϐ’
1491 1144 1546 1171 τῶν
1580 1143 1734 1180 λεγομένων
1762 1144 1848 1172 οῐκων

1052 1190 1235 1225 διαστήματα.
1255 1191 1375 1225 Δυναμοϊ
1393 1190 1441 1217 καὶ
1462 1189 1513 1222 τὰς
1537 1190 1785 1223 ἀποκαταστάσεις,
1794 1191 1847 1223 τὰς

1053 1235 1107 1263 ἀπὸ
1126 1236 1239 1272 σημείου
1257 1235 1331 1268 τινὸς
1350 1236 1397 1263 ἐπὶ
1415 1236 1445 1263 τὸ
1463 1236 1529 1263 αὐτὸ
1552 1238 1664 1272 σημεῖον
1695 1237 1848 1273 ὲπαναδρο-

1054 1282 1117 1318 μάς.
1141 1283 1261 1318 Δυναμοῖ
1284 1282 1319 1309 τὰ
1333 1283 1453 1319 τέσσαρα
1472 1284 1603 1319 στοιχεῖα,
1621 1284 1662 1315 εἰς
1675 1283 1724 1319 τὴν
1740 1283 1847 1310 οἰκείαν

1052 1328 1167 1355 ἕκαστον
1185 1328 1261 1360 τάξιν
1270 1329 1319 1364 τῆς
1340 1328 1448 1363 φύσεως
1467 1328 1624 1362 συσφίγγων
1643 1327 1690 1354 καὶ
1713 1327 1846 1362 συνέχων.

1051 1374 1170 1409 Δυναμοῐ
1197 1373 1248 1405 τὰς
1274 1373 1424 1408 ζωογόνους
1441 1372 1539 1404 ὠδῖνας
1557 1373 1607 1408 τῆς
1633 1372 1695 1407 γῆς.
1725 1373 1848 1407 Δυναμοῖ

1051 1420 1103 1456 τὴν
1123 1419 1246 1447 σύνδεσιν
1271 1419 1321 1455 τῆς
1339 1419 1427 1455 ψυχῆς
1455 1420 1524 1456 μετά
1551 1419 1686 1455 σώματος,
1721 1419 1848 1447 ἀνακινεῖ

1051 1466 1101 1498 τὰς
1119 1466 1238 1502 ψυχικὰς
1257 1465 1386 1501 δυνάμεις
1410 1466 1450 1498 εις
1469 1466 1499 1492 τὸ
1518 1465 1648 1497 πολλάκις
1666 1465 1778 1501 τρέφειν
1799 1466 1848 1492 καὶ

1052 1511 1145 1544 αὔξειν
1164 1512 1194 1538 τὸ
1211 1511 1305 1546 φυτὸν,
1326 1511 1373 1538 καὶ
1393 1511 1434 1543 είς
1457 1511 1523 1538 αὐτὸ
1545 1511 1625 1538 τοῦτο
1642 1511 1848 1538 ὲπανακυκλοῦυ

1054 1558 1127 1590 σθαι,
1142 1558 1285 1594 διακρατεῖ
1303 1558 1354 1591 τὰς
1377 1558 1518 1589 οὺσιώδεις
1534 1557 1672 1593 δυνάμεις,
1693 1557 1741 1584 καὶ
1750 1557 1782 1584 τὸ
1792 1558 1847 1585 πᾶν

211 1605 286 1636 dam,
302 1609 330 1633 et
346 1607 372 1632 in
390 1606 416 1633 id
433 1606 521 1642 ipsum
551 1607 716 1635 revolvenda
739 1609 898 1637 essentiales
926 1610 999 1637 vires

1053 1603 1241 1638 ἀσφαλίζεται,
1265 1603 1312 1630 καὶ
1333 1603 1418 1639 αὐτὴν
1441 1603 1491 1639 τὴν
1512 1603 1566 1630 τῶν
1588 1603 1699 1629 δικαίων
1717 1602 1847 1639 δωρεῖται

210 1650 375 1682 confirmat.
402 1657 430 1679 et
457 1653 603 1688 ipsammet
635 1652 772 1688 justorum
802 1655 1000 1683 deiﬁcatlonem

211 1697 354 1732 elargitur,
370 1699 497 1726 virtutem
525 1699 592 1734 ipsis
606 1701 639 1727 ad
669 1700 720 1727 hoc
735 1701 867 1736 praebens.
883 1701 916 1729 Et
943 1702 1003 1729 uni-

211 1743 331 1773 versim.
369 1743 434 1770 nihil
457 1749 500 1771 est
532 1744 558 1771 in
586 1752 676 1772 rerum
718 1751 825 1778 natura,
852 1746 923 1781 quod
949 1755 1001 1774 non

211 1789 407 1823 ninnipolentis
441 1790 594 1825 divinaeque
629 1792 737 1819 virtutis
762 1793 899 1828 particeps
925 1794 1000 1821 exsi-

211 1839 276 1862 ilﬂl.

247 1880 317 1915 ξνι.
330 1881 386 1908 Etsi
402 1882 572 1910 contradicat
601 1883 628 1910 in
650 1884 727 1912 Actis
749 1884 858 1920 Elymas
885 1894 1000 1922 magns,

211 1926 326 1954 dicens:
359 1927 387 1954 Si
405 1928 579 1962 omnipotens
594 1929 677 1963 Deus,
703 1933 839 1966 quomodo
864 1940 879 1959 a
912 1938 1002 1961 vestro

212 1973 353 2006 theologo,
379 1973 464 2001 Paulo
497 1975 644 2009 videlicet,
691 1977 791 2004 dicitur
819 1978 924 2013 aliquid
948 1987 1000 2007 non

211 2027 291 2054 posse
316 2019 350 2046 k?
374 2019 525 2048 Cavillatur
549 2026 640 2048 autem
668 2022 756 2056 ipsum
776 2024 921 2057 dicentem,
948 2033 1001 2052 non

211 2073 291 2099 posse
309 2065 394 2093 Deum
416 2066 593 2101 semetipsum
610 2075 720 2103 negare.
749 2068 817 2096 Dnm
830 2076 920 2097 autem
950 2071 1002 2099 hoc

212 2120 345 2147 propono,
364 2113 542 2141 vehementer
557 2120 662 2149 metuo,
690 2124 725 2144 ne
747 2118 843 2145 videar
854 2126 1001 2153 puerorum

211 2164 379 2186 structuram
395 2167 557 2189 arenaceam
576 2167 604 2190 et
630 2163 766 2190 inlirmam
788 2172 956 2203 oppugnare.
975 2172 1003 2194 et

212 2205 246 2232 ad
261 2205 343 2240 hujus
357 2206 408 2233 loci
423 2214 544 2238 sensum.
567 2211 696 2243 tanquam
720 2210 754 2237 ad
771 2217 882 2246 scopum
895 2212 940 2246 qui
960 2217 1000 2239 at—

213 2252 280 2287 tingi
295 2258 431 2287 nequeat,
457 2254 609 2283 collimare.
635 2255 700 2282 Dico
724 2260 814 2283 autem
840 2257 923 2284 Deum
943 2265 1002 2285 esse

1052 1650 1161 1681 θέωσιν,
1188 1650 1302 1685 δύναμιν
1319 1650 1425 1682 τούτοις
1447 1651 1487 1682 εις
1502 1649 1581 1676 τοῦτο
1604 1649 1772 1685 παρέχουσα.
1791 1649 1848 1676 Καὶ

1052 1695 1181 1727 καθόλου,
1209 1695 1285 1722 οὐδὲν
1306 1696 1361 1722 τῶν
1379 1695 1463 1722 ὄντων
1482 1696 1566 1727 ἐστὶν,
1593 1695 1662 1731 ὅπερ
1683 1695 1713 1722 οὐ
1737 1695 1847 1732 μετέχει

1052 1743 1101 1778 τῆς
1119 1742 1371 1778 παντοκρατορικῆς
1395 1743 1442 1769 καὶ
1453 1741 1528 1774 θείας
1537 1741 1688 1778 δυνάμεως.

1087 1884 1101 1921 §
1122 1884 1164 1912 VI.
1187 1884 1284 1912 Καίτοι
1297 1885 1431 1920 ἐπαπορεῖ
1454 1884 1468 1910 ὁ
1489 1884 1517 1910 ὲν
1534 1885 1595 1916 ταῖς
1613 1883 1749 1919 Πράξεσιν
1769 1883 1846 1910 Ἐλύ-

1053 1941 1107 1968 μας
1125 1932 1139 1958 ὁ
1157 1932 1254 1968 μάγος,
1272 1931 1374 1966 λέγων·
1390 1932 1422 1958 Εἰ
1441 1930 1643 1966 παντοδύναμος
1660 1931 1675 1957 ὁ
1693 1929 1771 1962 Θεὸς,
1785 1930 1845 1962 πῶς

1052 1977 1128 2014 παρὰ
1148 1977 1195 2004 τοῦ
1214 1977 1274 2004 καθ’
1294 1977 1367 2012 ὑμᾶς
1394 1977 1529 2011 θεολόγον,
1551 1976 1658 2003 Παύλου
1679 1975 1790 2011 δηλαδὴ,
1801 1975 1845 2001 λέ-

1051 2033 1130 2059 γεται
1153 2024 1181 2050 τὶ
1213 2023 1251 2059 μὴ
1277 2022 1426 2055 δύνασθαι;
1448 2019 1470 2056 ᾧ
1497 2021 1528 2058 δὴ
1554 2022 1601 2048 καὶ
1621 2021 1781 2057 λοιδορεῖται
1802 2022 1843 2047 εί-

1053 2071 1141 2103 πὸντι,
1163 2070 1199 2106 μὴ
1219 2070 1347 2096 δύνασθαι
1365 2069 1411 2096 τὸν
1438 2068 1504 2096 Θεὸν
1527 2068 1622 2095 ἑαυτὸν
1659 2067 1841 2103 ἀρνήσασθαι.

1059 2116 1130 2152 Ἐγὼ
1149 2117 1178 2144 δὲ
1205 2116 1334 2152 προσθεὶς
1359 2115 1448 2146 τοῦτο,
1477 2115 1537 2141 λίαν
1557 2113 1690 2149 φοὸοΰμαι
1713 2113 1750 2148 μὴ
1775 2112 1843 2146 δόξω

1052 2162 1234 2198 διαμάχεσθαι
1261 2161 1329 2196 πρὸς
1359 2159 1538 2196 μειρακιῶδες
1570 2160 1617 2186 καὶ
1651 2158 1764 2190 ἀσθενὲς
1795 2157 1843 2185 ἐπὶ

1051 2208 1165 2244 ψάμμου
1200 2207 1379 2241 οίκοδόμημα,
1399 2206 1446 2232 καὶ
1465 2202 1714 2239 καταστοχάζεσθαι
1742 2202 1843 2229 ὡσανεί

1052 2263 1123 2286 τινος
1145 2254 1290 2288 ἀνεφίκτου
1309 2251 1410 2279 σκοποῦ
1433 2251 1483 2287 τῆς
1507 2250 1570 2286 περὶ
1587 2249 1683 2276 τούτου
1711 2248 1842 2279 διανοίας.

211 2298 357 2325 veritatem
372 2307 379 2327 :
395 2299 497 2327 veritas
518 2306 609 2327 autem
624 2308 673 2328 ens
686 2306 739 2334 est,
754 2302 923 2330 mendacium
937 2311 1001 2331 vero

1053 2301 1126 2337 Φημὶ
1141 2300 1180 2333 δὲ,
1203 2301 1244 2327 ὃτι
1262 2299 1277 2326 ὁ
1300 2299 1366 2330 Θεὸς
1385 2297 1498 2334 ἀλήθειά
1521 2297 1610 2322 ἐστιν·
1631 2296 1648 2330 ὴ
1679 2294 1708 2321 δὲ
1729 2293 1844 2329 ἀλήθεια

210 2343 294 2380 482
325 2352 412 2380 neque
451 2346 658 2374 consistentiam
693 2354 744 2375 nec
778 2348 920 2376 entitatent
954 2349 1003 2377 Ita-

211 2391 268 2418 het.
311 2391 340 2418 Si
387 2392 479 2427 itaque
513 2393 615 2421 veritas
661 2399 776 2429 negaret
808 2396 1001 2430 semetipsam,

211 2437 406 2465 succumberet
444 2438 597 2472 mendacio,
627 2444 657 2466 et
687 2440 713 2466 id
738 2441 810 2475 quod
831 2445 873 2468 est
895 2447 924 2469 et
952 2449 1002 2469 ex-

211 2483 286 2511 sistit
310 2483 423 2511 niinime
448 2489 531 2512 esset.
549 2485 619 2519 Ergo
640 2485 704 2512 illud
722 2494 775 2513 non
801 2494 881 2521 posse
899 2488 925 2515 in
947 2487 1002 2516 Deo

211 2531 405 2562 constitutum,
419 2535 463 2557 est
474 2530 581 2566 signum
612 2531 726 2559 inﬁnitae
750 2532 876 2566 virtutis;
890 2534 1002 2568 perinde

211 2577 286 2603 enim
305 2581 347 2603 est
361 2583 395 2603 ac
423 2577 445 2603 si
470 2576 620 2610 diceretur,
635 2577 717 2604 Deum
749 2585 802 2606 non
818 2585 898 2613 posse
910 2579 1002 2608 facere

206 2622 332 2657 seipsnm
349 2629 402 2649 non
414 2629 475 2650 esse
491 2623 587 2650 Deum.
602 2623 835 2657 Quemadmodum
851 2625 923 2653 enim
942 2625 1000 2660 lux,

207 2669 232 2696 in
250 2673 382 2703 quantum
397 2669 441 2695 lux
457 2673 508 2701 est,
536 2678 589 2697 non
605 2675 695 2705 potest
721 2679 782 2699 esse
808 2672 925 2700 tenebrae
938 2681 946 2700 :
961 2673 1001 2700 sic

207 2719 235 2741 et
253 2715 310 2741 hoc
322 2714 492 2749 impossibile
506 2720 549 2742 est
566 2715 631 2748 Deo,
654 2721 764 2752 propter
779 2718 1000 2753 superabundant-

209 2764 263 2786 tem
284 2759 439 2788 veritatem.
468 2760 547 2788 Sicut
575 2761 658 2798 igitur
675 2762 747 2790 Deus
763 2771 900 2798 nunquam
919 2765 1000 2792 scivit

210 2807 364 2840 inscitiam,
379 2808 451 2835 sicut
468 2816 519 2836 nec
537 2810 613 2837 novit
630 2811 699 2846 ignis
712 2819 766 2840 non
779 2811 998 2846 calefactionem,

209 2854 249 2883 sic
270 2862 357 2890 neque
381 2860 470 2891 potest
495 2864 548 2885 non
565 2865 664 2894 posse;
683 2859 754 2894 quod
769 2861 877 2896 sapiens
891 2859 935 2888 ille
951 2866 1000 2895 per

283 2914 297 2934 ι
314 2913 334 2942 ll
352 2914 423 2944 Tim.
441 2923 472 2950 ιι,
492 2915 535 2944 15.

1053 2348 1083 2374 δν
1103 2348 1172 2378 ἐστι,
1191 2346 1222 2373 τὸ
1239 2346 1266 2373 δὲ
1275 2345 1372 2381 ψεῦδος
1389 2343 1571 2371 ἀνυπόστατον
1589 2342 1636 2369 καὶ
1665 2340 1702 2377 μὴ
1721 2340 1760 2367 δν.
1779 2339 1844 2367 Ἐὰν

1052 2391 1099 2420 οὖν
1117 2393 1270 2429 ἁρνήσηται
1293 2392 1394 2427 ἑαυτὴν
1417 2392 1433 2426 ἡ
1451 2389 1574 2426 ἀλήθεια,
1594 2388 1634 2423 τῷ
1651 2387 1744 2423 ψεύδει
1762 2395 1845 2422 περι-

1053 2441 1187 2472 πεσεῖται,
1207 2439 1254 2465 καὶ
1273 2438 1304 2465 τὸ
1321 2437 1351 2464 δν
1373 2437 1419 2464 καὶ
1432 2436 1462 2463 ὂν
1482 2435 1519 2471 μὴ
1537 2434 1566 2461 ὂν
1583 2433 1669 2460 ἔσται.
1689 2433 1726 2459 Τὸ
1744 2430 1792 2459 οὖν
1804 2431 1845 2468 μὴ

1051 2485 1182 2513 δύνασθαι
1211 2485 1259 2512 ἐπὶ
1277 2484 1345 2511 Θεοῦ
1374 2483 1549 2518 ταττόμενον,
1572 2480 1676 2515 ἀφάτου
1702 2477 1845 2514 δυνάμεώς

1052 2534 1110 2560 ἐστι
1132 2533 1259 2568 σημεῖον·
1279 2531 1372 2566 ὅμοιον
1385 2530 1439 2566 γάρ
1464 2529 1538 2556 ἐστιν
1555 2528 1653 2557 εἰπεῖν,
1672 2528 1714 2555 ὅτι
1737 2525 1768 2552 οὐ
1795 2525 1843 2552 δύ-

1052 2586 1129 2605 ναται
1151 2579 1166 2605 ὁ
1179 2577 1247 2608 Θεὸς
1272 2576 1381 2611 ποιῆσαι
1400 2574 1494 2602 ἑαυτὸν
1515 2571 1630 2610 μὴεῖναι
1647 2572 1722 2599 Θεόν.
1738 2572 1845 2606 Ὥσπερ

1052 2624 1106 2660 γὰρ
1134 2624 1165 2650 τὸ
1184 2623 1252 2658 φῶς,
1275 2621 1341 2649 καθὸ
1366 2620 1434 2656 φῶς,
1458 2620 1488 2647 οὺ
1507 2619 1616 2646 δύναται
1640 2618 1734 2649 σκότος
1759 2614 1843 2647 εἶναι,

1051 2670 1123 2697 οὕτω
1137 2670 1184 2697 καὶ
1207 2668 1286 2695 τοῦτο
1305 2667 1434 2695 ἀδύνατον
1453 2666 1492 2702 τῷ
1507 2665 1566 2701 Θεῷ
1588 2665 1632 2692 διὰ
1652 2664 1702 2700 τὴν
1721 2663 1843 2698 ἀνυπέρ-

1052 2717 1148 2753 ϐλητον
1169 2716 1307 2753 ἀλήθειαν.
1333 2715 1438 2749 ’Ὥσπερ
1469 2711 1515 2740 οὖν
1536 2712 1587 2742 οὐκ
1607 2709 1678 2737 οἶδεν
1694 2711 1709 2736 ὸ
1726 2709 1792 2741 Θεὸς
1812 2709 1843 2735 τὸ

1052 2765 1090 2800 μὴ
1117 2764 1215 2791 εἰδέναι
1247 2761 1368 2793 πώποτε,
1399 2760 1437 2792 ὼς
1457 2760 1489 2786 τὸ
1523 2758 1579 2794 πῦρ
1604 2758 1654 2784 οὐκ
1679 2754 1733 2783 οἶδε
1753 2756 1784 2782 τὸ
1804 2755 1842 2791 μὴ

1051 2811 1217 2848 θερμαίνειν,
1243 2809 1328 2840 οὓτως
1357 2807 1417 2834 οὐδὲ
1437 2806 1546 2833 δύναται
1573 2805 1604 2832 τὸ
1629 2804 1666 2840 μὴ
1693 2802 1839 2830 δύνασθαι·

1049 2858 1118 2893 ὅπερ
1136 2858 1150 2884 ὁ
1170 2855 1250 2891 σοφὸς
1273 2855 1333 2883 κατ’
1344 2853 1486 2890 εἰρωνείαν
1504 2851 1621 2886 Ἐλύμας
1639 2851 1689 2877 οὐκ
1699 2850 1839 2885 ἐννοήσας,
