  <div class='ocr_page' id='page_1' title='image "/cluster/home/n/w/nwhite01/storage/ocr_20150623/3/njp.32101077772356/548.png"; bbox 0 0 1929 3061; ppageno 0'>
   <div class='ocr_carea' id='block_1_1' title="bbox 99 190 149 220">
    <p class='ocr_par' dir='ltr' id='par_1_1' title="bbox 99 190 149 220">
     <span class='ocr_line' id='line_1_1' title="bbox 99 190 149 220; baseline -0.02 0"><span class='ocrx_word' id='word_1_1' title='bbox 99 190 149 220; x_wconf 70' lang='grc'><strong>905</strong></span> 
     </span>
    </p>
   </div>
   <div class='ocr_carea' id='block_1_2' title="bbox 378 168 1451 213">
    <p class='ocr_par' dir='ltr' id='par_1_2' title="bbox 378 168 1451 213">
     <span class='ocr_line' id='line_1_2' title="bbox 378 168 1451 213; baseline -0.018 1"><span class='ocrx_word' id='word_1_2' title='bbox 378 186 422 213; x_wconf 86' lang='lat' dir='ltr'><strong>DE</strong></span> <span class='ocrx_word' id='word_1_3' title='bbox 440 183 566 212; x_wconf 75' lang='lat' dir='ltr'>DIVINIS</span> <span class='ocrx_word' id='word_1_4' title='bbox 579 178 777 211; x_wconf 78' lang='lat' dir='ltr'><strong>NOMINIBUS,</strong></span> <span class='ocrx_word' id='word_1_5' title='bbox 797 175 874 204; x_wconf 80' lang='lat' dir='ltr'><strong>CAP.</strong></span> <span class='ocrx_word' id='word_1_6' title='bbox 893 173 960 202; x_wconf 84' lang='lat' dir='ltr'>VIII.</span> <span class='ocrx_word' id='word_1_7' title='bbox 973 187 1007 193; x_wconf 86' lang='lat'><strong>—-</strong></span> <span class='ocrx_word' id='word_1_8' title='bbox 1026 171 1197 199; x_wconf 73' lang='lat' dir='ltr'><strong>PARAPIIR.</strong></span> <span class='ocrx_word' id='word_1_9' title='bbox 1217 168 1451 198; x_wconf 71' lang='lat' dir='ltr'><strong>PACIIYMEll/E.</strong></span> 
     </span>
    </p>
   </div>
   <div class='ocr_carea' id='block_1_3' title="bbox 1668 168 1720 196">
    <p class='ocr_par' dir='ltr' id='par_1_3' title="bbox 1668 168 1720 196">
     <span class='ocr_line' id='line_1_3' title="bbox 1668 168 1720 196; baseline 0 0"><span class='ocrx_word' id='word_1_10' title='bbox 1668 168 1720 196; x_wconf 79' lang='lat'><strong>906</strong></span> 
     </span>
    </p>
   </div>
   <div class='ocr_carea' id='block_1_4' title="bbox 103 227 898 286">
    <p class='ocr_par' dir='ltr' id='par_1_4' title="bbox 103 235 886 286">
     <span class='ocr_line' id='line_1_4' title="bbox 103 235 886 286; baseline -0.022 -9"><span class='ocrx_word' id='word_1_11' title='bbox 103 251 224 286; x_wconf 74' lang='grc' dir='ltr'>μιμεῐται</span> <span class='ocrx_word' id='word_1_12' title='bbox 241 247 294 273; x_wconf 85' lang='grc' dir='ltr'><strong>τῶν</strong></span> <span class='ocrx_word' id='word_1_13' title='bbox 307 245 429 280; x_wconf 78' lang='grc' dir='ltr'>ἀθλητῶν</span> <span class='ocrx_word' id='word_1_14' title='bbox 448 243 511 274; x_wconf 76' lang='grc' dir='ltr'>τοὺς</span> <span class='ocrx_word' id='word_1_15' title='bbox 537 241 604 276; x_wconf 83' lang='grc' dir='ltr'>μηδὲ</span> <span class='ocrx_word' id='word_1_16' title='bbox 622 239 670 286; x_wconf 58' lang='grc' dir='ltr'><strong>τῂν</strong></span> <span class='ocrx_word' id='word_1_17' title='bbox 688 235 886 286; x_wconf 56' lang='grc' dir='ltr'>νίκην-είδάτας</span> 
     </span>
    </p>
   </div>
   <div class='ocr_carea' id='block_1_5' title="bbox 951 227 1720 286">
    <p class='ocr_par' dir='ltr' id='par_1_5' title="bbox 951 227 1720 286">
     <span class='ocr_line' id='line_1_5' title="bbox 951 227 1720 264; baseline -0.007 -7"><span class='ocrx_word' id='word_1_18' title='bbox 951 230 1054 257; x_wconf 73' lang='lat' dir='ltr'><strong>rociant</strong></span> <span class='ocrx_word' id='word_1_19' title='bbox 1080 228 1188 264; x_wconf 85' lang='lat' dir='ltr'><strong>Elymas</strong></span> <span class='ocrx_word' id='word_1_20' title='bbox 1205 228 1268 254; x_wconf 92' lang='lat' dir='ltr'><strong>dum</strong></span> <span class='ocrx_word' id='word_1_21' title='bbox 1292 234 1345 253; x_wconf 90' lang='lat' dir='ltr'><strong>non</strong></span> <span class='ocrx_word' id='word_1_22' title='bbox 1361 227 1495 262; x_wconf 77' lang='lat' dir='ltr'><strong>intelligit,</strong></span> <span class='ocrx_word' id='word_1_23' title='bbox 1510 227 1632 254; x_wconf 87' lang='lat' dir='ltr'><strong>imtlatur</strong></span> <span class='ocrx_word' id='word_1_24' title='bbox 1644 227 1720 261; x_wconf 75' lang='lat' dir='ltr'><strong>pugi-</strong></span> 
     </span>
     <span class='ocr_line' id='line_1_6' title="bbox 954 271 1719 286; baseline 0 0"><span class='ocrx_word' id='word_1_25' title='bbox 954 283 978 286; x_wconf 68' lang='lat'><strong>--</strong></span> <span class='ocrx_word' id='word_1_26' title='bbox 1008 275 1049 286; x_wconf 74' lang='grc' dir='ltr'><strong>-..ι</strong></span> <span class='ocrx_word' id='word_1_27' title='bbox 1069 280 1156 286; x_wconf 72' lang='grc' dir='ltr'><strong>..ιι-..η</strong></span> <span class='ocrx_word' id='word_1_28' title='bbox 1171 271 1313 286; x_wconf 52' lang='lat' dir='ltr'><strong>&quot;hut-lum</strong></span> <span class='ocrx_word' id='word_1_29' title='bbox 1336 275 1434 286; x_wconf 64' lang='lat' dir='ltr'><strong>unum...</strong></span> <span class='ocrx_word' id='word_1_30' title='bbox 1461 272 1596 286; x_wconf 67' lang='grc' dir='ltr'><strong>ηιιηηιιυιιι</strong></span> <span class='ocrx_word' id='word_1_31' title='bbox 1608 276 1719 286; x_wconf 62' lang='grc' dir='ltr'><strong>ιιιιηιιια-</strong></span> 
     </span>
    </p>
   </div>
   <div class='ocr_carea' id='block_1_6' title="bbox 101 284 887 329">
    <p class='ocr_par' dir='ltr' id='par_1_6' title="bbox 101 284 887 329">
     <span class='ocr_line' id='line_1_7' title="bbox 101 284 887 329; baseline -0.023 -6"><span class='ocrx_word' id='word_1_32' title='bbox 101 284 157 327; x_wconf 55' lang='lat' dir='ltr'><strong>ita};</strong></span> <span class='ocrx_word' id='word_1_33' title='bbox 168 294 286 329; x_wconf 85' lang='grc' dir='ltr'>γίνεται·</span> <span class='ocrx_word' id='word_1_34' title='bbox 308 292 404 322; x_wconf 81' lang='grc' dir='ltr'>οἵτινες</span> <span class='ocrx_word' id='word_1_35' title='bbox 426 288 498 316; x_wconf 80' lang='grc' dir='ltr'>κατὰ</span> <span class='ocrx_word' id='word_1_36' title='bbox 518 287 548 314; x_wconf 86' lang='grc' dir='ltr'><strong>τὸ</strong></span> <span class='ocrx_word' id='word_1_37' title='bbox 573 284 667 312; x_wconf 80' lang='grc' dir='ltr'>δοκοῦν</span> <span class='ocrx_word' id='word_1_38' title='bbox 685 284 791 313; x_wconf 75' lang='grc' dir='ltr'>ἑαυτοῖς</span> <span class='ocrx_word' id='word_1_39' title='bbox 811 289 887 307; x_wconf 85' lang='grc' dir='ltr'>σκια-</span> 
     </span>
    </p>
   </div>
   <div class='ocr_carea' id='block_1_7' title="bbox 103 327 887 377">
    <p class='ocr_par' dir='ltr' id='par_1_7' title="bbox 103 327 887 377">
     <span class='ocr_line' id='line_1_8' title="bbox 103 327 887 377; baseline -0.02 -9"><span class='ocrx_word' id='word_1_40' title='bbox 103 327 231 377; x_wconf 74' lang='grc' dir='ltr'>μαχοῦσιν</span> <span class='ocrx_word' id='word_1_41' title='bbox 250 338 373 366; x_wconf 81' lang='grc' dir='ltr'><strong>ἀπόντων</strong></span> <span class='ocrx_word' id='word_1_42' title='bbox 401 336 456 362; x_wconf 84' lang='grc' dir='ltr'><strong>τῶν</strong></span> <span class='ocrx_word' id='word_1_43' title='bbox 481 330 698 367; x_wconf 80' lang='grc' dir='ltr'><strong>ἀνταγωνιστῶν,</strong></span> <span class='ocrx_word' id='word_1_44' title='bbox 723 329 770 356; x_wconf 68' lang='grc' dir='ltr'><strong>καὶ</strong></span> <span class='ocrx_word' id='word_1_45' title='bbox 787 327 887 354; x_wconf 60' lang='grc' dir='ltr'>οῶνται</span> 
     </span>
    </p>
   </div>
   <div class='ocr_carea' id='block_1_8' title="bbox 101 374 888 420">
    <p class='ocr_par' dir='ltr' id='par_1_8' title="bbox 101 374 888 420">
     <span class='ocr_line' id='line_1_9' title="bbox 101 374 888 420; baseline -0.02 -4"><span class='ocrx_word' id='word_1_46' title='bbox 173 379 327 414; x_wconf 77' lang='grc' dir='ltr'><strong>ἀντιπάλων</strong></span> <span class='ocrx_word' id='word_1_47' title='bbox 341 384 463 420; x_wconf 79' lang='grc' dir='ltr'><strong>κρατεῖν,</strong></span> <span class='ocrx_word' id='word_1_48' title='bbox 478 381 515 417; x_wconf 80' lang='grc' dir='ltr'>μὴ</span> <span class='ocrx_word' id='word_1_49' title='bbox 536 380 636 411; x_wconf 78' lang='grc' dir='ltr'>εἰδότες</span> <span class='ocrx_word' id='word_1_50' title='bbox 649 377 697 413; x_wconf 81' lang='grc' dir='ltr'>τὴν</span> <span class='ocrx_word' id='word_1_51' title='bbox 721 377 832 403; x_wconf 71' lang='grc' dir='ltr'>ἐκείνων</span> <span class='ocrx_word' id='word_1_52' title='bbox 841 374 888 401; x_wconf 86' lang='grc' dir='ltr'>δύ-</span> 
     </span>
    </p>
   </div>
   <div class='ocr_carea' id='block_1_9' title="bbox 103 422 889 469">
    <p class='ocr_par' dir='ltr' id='par_1_9' title="bbox 103 422 889 469">
     <span class='ocr_line' id='line_1_10' title="bbox 103 422 889 469; baseline -0.018 -8"><span class='ocrx_word' id='word_1_53' title='bbox 103 442 193 469; x_wconf 87' lang='grc' dir='ltr'>ναμιν.</span> <span class='ocrx_word' id='word_1_54' title='bbox 217 432 314 468; x_wconf 79' lang='grc' dir='ltr'>Ἡμεῖς</span> <span class='ocrx_word' id='word_1_55' title='bbox 341 430 380 462; x_wconf 78' lang='grc' dir='ltr'><strong>δὲ,</strong></span> <span class='ocrx_word' id='word_1_56' title='bbox 408 426 670 463; x_wconf 80' lang='grc' dir='ltr'>καταστοχαζόμενοι</span> <span class='ocrx_word' id='word_1_57' title='bbox 696 425 745 460; x_wconf 83' lang='grc' dir='ltr'>τῆς</span> <span class='ocrx_word' id='word_1_58' title='bbox 771 422 889 454; x_wconf 81' lang='grc' dir='ltr'><strong>διανοίας</strong></span> 
     </span>
    </p>
   </div>
   <div class='ocr_carea' id='block_1_10' title="bbox 103 469 889 510">
    <p class='ocr_par' dir='ltr' id='par_1_10' title="bbox 103 469 889 510">
     <span class='ocr_line' id='line_1_11' title="bbox 103 469 889 510; baseline -0.015 -3"><span class='ocrx_word' id='word_1_59' title='bbox 103 480 148 507; x_wconf 87' lang='grc' dir='ltr'><strong>τοῦ</strong></span> <span class='ocrx_word' id='word_1_60' title='bbox 166 479 238 506; x_wconf 81' lang='grc' dir='ltr'>θείου</span> <span class='ocrx_word' id='word_1_61' title='bbox 257 477 376 507; x_wconf 79' lang='grc' dir='ltr'><strong>Παύλου,</strong></span> <span class='ocrx_word' id='word_1_62' title='bbox 396 474 534 510; x_wconf 85' lang='grc' dir='ltr'>ὑμνοῦμεν</span> <span class='ocrx_word' id='word_1_63' title='bbox 551 473 597 499; x_wconf 88' lang='grc' dir='ltr'><strong>τδν</strong></span> <span class='ocrx_word' id='word_1_64' title='bbox 615 471 680 498; x_wconf 82' lang='grc' dir='ltr'>Θεὸν</span> <span class='ocrx_word' id='word_1_65' title='bbox 697 471 735 502; x_wconf 85' lang='grc' dir='ltr'>ὼς</span> <span class='ocrx_word' id='word_1_66' title='bbox 756 469 889 506; x_wconf 84' lang='grc' dir='ltr'>μακάριον</span> 
     </span>
    </p>
   </div>
   <div class='ocr_carea' id='block_1_11' title="bbox 103 516 889 560">
    <p class='ocr_par' dir='ltr' id='par_1_11' title="bbox 103 516 889 560">
     <span class='ocr_line' id='line_1_12' title="bbox 103 516 889 560; baseline -0.015 -7"><span class='ocrx_word' id='word_1_67' title='bbox 103 526 149 553; x_wconf 76' lang='grc' dir='ltr'><strong>καὶ</strong></span> <span class='ocrx_word' id='word_1_68' title='bbox 169 525 249 560; x_wconf 87' lang='grc' dir='ltr'>μόνον</span> <span class='ocrx_word' id='word_1_69' title='bbox 266 523 409 557; x_wconf 83' lang='grc' dir='ltr'><strong>δυνάστην,</strong></span> <span class='ocrx_word' id='word_1_70' title='bbox 437 520 474 552; x_wconf 87' lang='grc' dir='ltr'>ὡς</span> <span class='ocrx_word' id='word_1_71' title='bbox 492 518 654 551; x_wconf 81' lang='grc' dir='ltr'><strong>δεσπόζοντα</strong></span> <span class='ocrx_word' id='word_1_72' title='bbox 671 517 718 544; x_wconf 84' lang='grc' dir='ltr'><strong>τοῦ</strong></span> <span class='ocrx_word' id='word_1_73' title='bbox 737 516 889 548; x_wconf 85' lang='grc' dir='ltr'>αίῶνος,ὡς</span> 
     </span>
    </p>
   </div>
   <div class='ocr_carea' id='block_1_12' title="bbox 106 561 889 599">
    <p class='ocr_par' dir='ltr' id='par_1_12' title="bbox 106 561 889 599">
     <span class='ocr_line' id='line_1_13' title="bbox 106 561 889 599; baseline -0.014 0"><span class='ocrx_word' id='word_1_74' title='bbox 106 572 166 599; x_wconf 77' lang='grc' dir='ltr'>κατ’</span> <span class='ocrx_word' id='word_1_75' title='bbox 177 570 252 598; x_wconf 80' lang='grc' dir='ltr'>οὐδὲν</span> <span class='ocrx_word' id='word_1_76' title='bbox 272 567 467 595; x_wconf 72' lang='grc' dir='ltr'><strong>ἐκπεπτωκότα</strong></span> <span class='ocrx_word' id='word_1_77' title='bbox 484 565 538 592; x_wconf 73' lang='grc' dir='ltr'><strong>τῶν</strong></span> <span class='ocrx_word' id='word_1_78' title='bbox 557 565 651 596; x_wconf 73' lang='grc' dir='ltr'>ὄντων,</span> <span class='ocrx_word' id='word_1_79' title='bbox 672 564 706 599; x_wconf 89' lang='grc' dir='ltr'>(εί</span> <span class='ocrx_word' id='word_1_80' title='bbox 724 563 778 598; x_wconf 86' lang='grc' dir='ltr'>γὰρ</span> <span class='ocrx_word' id='word_1_81' title='bbox 796 562 826 589; x_wconf 85' lang='grc' dir='ltr'>τὺ</span> <span class='ocrx_word' id='word_1_82' title='bbox 844 561 889 588; x_wconf 86' lang='grc' dir='ltr'>δύ-</span> 
     </span>
    </p>
   </div>
   <div class='ocr_carea' id='block_1_13' title="bbox 104 609 890 649">
    <p class='ocr_par' dir='ltr' id='par_1_13' title="bbox 104 609 890 649">
     <span class='ocr_line' id='line_1_14' title="bbox 104 609 890 649; baseline -0.018 -1"><span class='ocrx_word' id='word_1_83' title='bbox 104 620 199 648; x_wconf 84' lang='grc' dir='ltr'>νασθαι</span> <span class='ocrx_word' id='word_1_84' title='bbox 219 619 287 645; x_wconf 81' lang='grc' dir='ltr'>πᾶσι</span> <span class='ocrx_word' id='word_1_85' title='bbox 304 619 360 649; x_wconf 87' lang='grc' dir='ltr'>τοῖς</span> <span class='ocrx_word' id='word_1_86' title='bbox 387 614 461 643; x_wconf 80' lang='grc' dir='ltr'>οὖσιν</span> <span class='ocrx_word' id='word_1_87' title='bbox 487 615 584 645; x_wconf 70' lang='grc' dir='ltr'>ἔνεστι,</span> <span class='ocrx_word' id='word_1_88' title='bbox 614 613 721 643; x_wconf 85' lang='grc' dir='ltr'>πάντως</span> <span class='ocrx_word' id='word_1_89' title='bbox 740 612 753 637; x_wconf 90' lang='grc' dir='ltr'><strong>ό</strong></span> <span class='ocrx_word' id='word_1_90' title='bbox 777 609 847 636; x_wconf 88' lang='grc' dir='ltr'>κατά</span> <span class='ocrx_word' id='word_1_91' title='bbox 864 617 890 634; x_wconf 92' lang='grc' dir='ltr'><strong>τι</strong></span> 
     </span>
    </p>
   </div>
   <div class='ocr_carea' id='block_1_14' title="bbox 106 655 890 703">
    <p class='ocr_par' dir='ltr' id='par_1_14' title="bbox 106 655 890 703">
     <span class='ocr_line' id='line_1_15' title="bbox 106 655 890 703; baseline -0.018 -9"><span class='ocrx_word' id='word_1_92' title='bbox 106 668 142 703; x_wconf 88' lang='grc' dir='ltr'><strong>μὴ</strong></span> <span class='ocrx_word' id='word_1_93' title='bbox 160 667 318 701; x_wconf 82' lang='grc' dir='ltr'>δυνάμενος,</span> <span class='ocrx_word' id='word_1_94' title='bbox 337 665 361 691; x_wconf 81' lang='grc' dir='ltr'><strong>εί</strong></span> <span class='ocrx_word' id='word_1_95' title='bbox 373 663 409 699; x_wconf 86' lang='grc' dir='ltr'>μὴ</span> <span class='ocrx_word' id='word_1_96' title='bbox 419 661 537 693; x_wconf 73' lang='grc' dir='ltr'>εὐσεϐῶς</span> <span class='ocrx_word' id='word_1_97' title='bbox 554 661 584 687; x_wconf 79' lang='grc' dir='ltr'><strong>τὸ</strong></span> <span class='ocrx_word' id='word_1_98' title='bbox 603 659 682 696; x_wconf 82' lang='grc' dir='ltr'>ῥητὸν</span> <span class='ocrx_word' id='word_1_99' title='bbox 701 655 890 703; x_wconf 78' lang='grc' dir='ltr'>ὲκλαὸοίμεθα,</span> 
     </span>
    </p>
   </div>
   <div class='ocr_carea' id='block_1_15' title="bbox 104 702 892 742">
    <p class='ocr_par' dir='ltr' id='par_1_15' title="bbox 104 702 892 742">
     <span class='ocr_line' id='line_1_16' title="bbox 104 702 892 742; baseline -0.015 -3"><span class='ocrx_word' id='word_1_100' title='bbox 104 702 262 739; x_wconf 62' lang='grc' dir='ltr'>ἐκπεσεῖται</span> <span class='ocrx_word' id='word_1_101' title='bbox 291 710 362 737; x_wconf 85' lang='grc' dir='ltr'>κατά</span> <span class='ocrx_word' id='word_1_102' title='bbox 380 718 405 736; x_wconf 89' lang='grc' dir='ltr'><strong>τι</strong></span> <span class='ocrx_word' id='word_1_103' title='bbox 424 708 471 735; x_wconf 85' lang='grc' dir='ltr'><strong>τοῦ</strong></span> <span class='ocrx_word' id='word_1_104' title='bbox 490 707 576 738; x_wconf 72' lang='grc' dir='ltr'>ὄντος,</span> <span class='ocrx_word' id='word_1_105' title='bbox 596 703 613 742; x_wconf 78' lang='grc' dir='ltr'>ᾖ</span> <span class='ocrx_word' id='word_1_106' title='bbox 634 713 715 740; x_wconf 73' lang='grc' dir='ltr'>φησιν</span> <span class='ocrx_word' id='word_1_107' title='bbox 732 704 745 729; x_wconf 85' lang='grc' dir='ltr'><strong>ό</strong></span> <span class='ocrx_word' id='word_1_108' title='bbox 764 702 892 732; x_wconf 88' lang='grc' dir='ltr'>ἀσύνετος</span> 
     </span>
    </p>
   </div>
   <div class='ocr_carea' id='block_1_16' title="bbox 111 748 892 794">
    <p class='ocr_par' dir='ltr' id='par_1_16' title="bbox 111 748 892 794">
     <span class='ocr_line' id='line_1_17' title="bbox 111 748 892 794; baseline -0.017 -8"><span class='ocrx_word' id='word_1_109' title='bbox 111 757 266 794; x_wconf 79' lang='grc' dir='ltr'>Ἐλύμας·)</span> <span class='ocrx_word' id='word_1_110' title='bbox 288 756 386 792; x_wconf 83' lang='grc' dir='ltr'>μᾶλλον</span> <span class='ocrx_word' id='word_1_111' title='bbox 402 755 430 782; x_wconf 82' lang='grc' dir='ltr'>δὲ</span> <span class='ocrx_word' id='word_1_112' title='bbox 452 754 488 790; x_wconf 82' lang='grc' dir='ltr'>μὴ</span> <span class='ocrx_word' id='word_1_113' title='bbox 516 753 594 789; x_wconf 75' lang='grc' dir='ltr'>μόνον</span> <span class='ocrx_word' id='word_1_114' title='bbox 621 752 670 779; x_wconf 79' lang='grc' dir='ltr'><strong>οὐκ</strong></span> <span class='ocrx_word' id='word_1_115' title='bbox 696 748 892 777; x_wconf 76' lang='grc' dir='ltr'>ἐκπεπτωκότα</span> 
     </span>
    </p>
   </div>
   <div class='ocr_carea' id='block_1_17' title="bbox 103 794 892 834">
    <p class='ocr_par' dir='ltr' id='par_1_17' title="bbox 103 794 892 834">
     <span class='ocr_line' id='line_1_18' title="bbox 103 794 892 834; baseline -0.016 -3"><span class='ocrx_word' id='word_1_116' title='bbox 103 804 157 831; x_wconf 85' lang='grc' dir='ltr'><strong>τῶν</strong></span> <span class='ocrx_word' id='word_1_117' title='bbox 184 803 278 834; x_wconf 69' lang='grc' dir='ltr'>ὄντων,</span> <span class='ocrx_word' id='word_1_118' title='bbox 307 801 374 828; x_wconf 82' lang='grc' dir='ltr'><strong>ἀλλά</strong></span> <span class='ocrx_word' id='word_1_119' title='bbox 402 800 449 826; x_wconf 60' lang='grc' dir='ltr'><strong>καὶ¹</strong></span> <span class='ocrx_word' id='word_1_120' title='bbox 476 798 625 834; x_wconf 79' lang='grc' dir='ltr'>προέχοντα</span> <span class='ocrx_word' id='word_1_121' title='bbox 653 796 700 823; x_wconf 79' lang='grc' dir='ltr'><strong>καὶ</strong></span> <span class='ocrx_word' id='word_1_122' title='bbox 725 794 892 830; x_wconf 73' lang='grc' dir='ltr'>ὑπερέχοντα</span> 
     </span>
    </p>
   </div>
   <div class='ocr_carea' id='block_1_18' title="bbox 104 839 892 883">
    <p class='ocr_par' dir='ltr' id='par_1_18' title="bbox 104 839 892 883">
     <span class='ocr_line' id='line_1_19' title="bbox 104 839 892 883; baseline -0.015 -7"><span class='ocrx_word' id='word_1_123' title='bbox 104 849 176 876; x_wconf 87' lang='grc' dir='ltr'><strong>κατά</strong></span> <span class='ocrx_word' id='word_1_124' title='bbox 201 848 314 883; x_wconf 82' lang='grc' dir='ltr'>δύναμιν</span> <span class='ocrx_word' id='word_1_125' title='bbox 342 845 513 882; x_wconf 84' lang='grc' dir='ltr'>ὑπερούσιον,</span> <span class='ocrx_word' id='word_1_126' title='bbox 542 843 589 870; x_wconf 76' lang='grc' dir='ltr'>καὶ</span> <span class='ocrx_word' id='word_1_127' title='bbox 615 839 799 877; x_wconf 64' lang='grc' dir='ltr'>δεδωρημένω</span> <span class='ocrx_word' id='word_1_128' title='bbox 826 839 892 883; x_wconf 82' lang='grc' dir='ltr'>πᾶσι</span> 
     </span>
    </p>
   </div>
   <div class='ocr_carea' id='block_1_19' title="bbox 103 882 892 926">
    <p class='ocr_par' dir='ltr' id='par_1_19' title="bbox 103 882 892 926">
     <span class='ocr_line' id='line_1_20' title="bbox 103 882 892 926; baseline -0.015 -4"><span class='ocrx_word' id='word_1_129' title='bbox 103 896 160 926; x_wconf 86' lang='grc' dir='ltr'>τοῖς</span> <span class='ocrx_word' id='word_1_130' title='bbox 177 892 236 921; x_wconf 80' lang='grc' dir='ltr'>οὖσι</span> <span class='ocrx_word' id='word_1_131' title='bbox 255 882 302 920; x_wconf 73' lang='grc' dir='ltr'><strong>καὶ</strong></span> <span class='ocrx_word' id='word_1_132' title='bbox 320 893 351 918; x_wconf 81' lang='grc' dir='ltr'>τὺ</span> <span class='ocrx_word' id='word_1_133' title='bbox 375 890 503 918; x_wconf 87' lang='grc' dir='ltr'>δύνασθαι</span> <span class='ocrx_word' id='word_1_134' title='bbox 522 887 603 920; x_wconf 75' lang='grc' dir='ltr'>εἶναι,</span> <span class='ocrx_word' id='word_1_135' title='bbox 622 887 670 914; x_wconf 77' lang='grc' dir='ltr'>καὶ</span> <span class='ocrx_word' id='word_1_136' title='bbox 695 886 726 912; x_wconf 79' lang='grc' dir='ltr'><strong>τὸ</strong></span> <span class='ocrx_word' id='word_1_137' title='bbox 744 885 803 912; x_wconf 82' lang='grc' dir='ltr'>τόδε</span> <span class='ocrx_word' id='word_1_138' title='bbox 823 882 892 911; x_wconf 79' lang='grc' dir='ltr'>εἶναι</span> 
     </span>
    </p>
   </div>
   <div class='ocr_carea' id='block_1_20' title="bbox 104 933 748 976">
    <p class='ocr_par' dir='ltr' id='par_1_20' title="bbox 104 933 748 976">
     <span class='ocr_line' id='line_1_21' title="bbox 104 933 748 976; baseline -0.014 -8"><span class='ocrx_word' id='word_1_139' title='bbox 104 941 175 968; x_wconf 85' lang='grc' dir='ltr'><strong>κατά</strong></span> <span class='ocrx_word' id='word_1_140' title='bbox 193 939 349 976; x_wconf 83' lang='grc' dir='ltr'><strong>περιουσίαν</strong></span> <span class='ocrx_word' id='word_1_141' title='bbox 369 935 589 970; x_wconf 79' lang='grc' dir='ltr'>ὑπερϐαλλούσης</span> <span class='ocrx_word' id='word_1_142' title='bbox 599 933 748 969; x_wconf 86' lang='grc' dir='ltr'>δυνάμεως.</span> 
     </span>
    </p>
   </div>
   <div class='ocr_carea' id='block_1_21' title="bbox 142 1055 895 1095">
    <p class='ocr_par' dir='ltr' id='par_1_21' title="bbox 142 1055 895 1095">
     <span class='ocr_line' id='line_1_22' title="bbox 142 1055 895 1095; baseline -0.005 -9"><span class='ocrx_word' id='word_1_143' title='bbox 142 1059 156 1095; x_wconf 83' lang='lat'><strong>§</strong></span> <span class='ocrx_word' id='word_1_144' title='bbox 176 1059 230 1086; x_wconf 89' lang='lat' dir='ltr'>VII.</span> <span class='ocrx_word' id='word_1_145' title='bbox 251 1059 332 1093; x_wconf 78' lang='grc' dir='ltr'>Ὅρος</span> <span class='ocrx_word' id='word_1_146' title='bbox 357 1056 530 1091; x_wconf 73' lang='grc' dir='ltr'>δικαιοσύνης</span> <span class='ocrx_word' id='word_1_147' title='bbox 549 1056 632 1088; x_wconf 67' lang='grc' dir='ltr'>ἐστὶν,</span> <span class='ocrx_word' id='word_1_148' title='bbox 659 1056 744 1092; x_wconf 85' lang='grc' dir='ltr'>ἀρετὴ</span> <span class='ocrx_word' id='word_1_149' title='bbox 766 1055 895 1091; x_wconf 86' lang='grc' dir='ltr'>διανεμη-</span> 
     </span>
    </p>
   </div>
   <div class='ocr_carea' id='block_1_22' title="bbox 106 1102 898 1142">
    <p class='ocr_par' dir='ltr' id='par_1_22' title="bbox 106 1102 898 1142">
     <span class='ocr_line' id='line_1_23' title="bbox 106 1102 898 1142; baseline -0.008 -8"><span class='ocrx_word' id='word_1_150' title='bbox 106 1107 169 1142; x_wconf 83' lang='grc' dir='ltr'>τικὴ</span> <span class='ocrx_word' id='word_1_151' title='bbox 186 1106 233 1133; x_wconf 86' lang='grc' dir='ltr'><strong>τοῦ</strong></span> <span class='ocrx_word' id='word_1_152' title='bbox 253 1106 313 1133; x_wconf 82' lang='grc' dir='ltr'>κατ’</span> <span class='ocrx_word' id='word_1_153' title='bbox 323 1103 412 1137; x_wconf 79' lang='grc' dir='ltr'>ἀξίαν,</span> <span class='ocrx_word' id='word_1_154' title='bbox 441 1103 458 1138; x_wconf 88' lang='grc' dir='ltr'>ἢ</span> <span class='ocrx_word' id='word_1_155' title='bbox 489 1103 643 1139; x_wconf 87' lang='grc' dir='ltr'>ἰδιοπραγία</span> <span class='ocrx_word' id='word_1_156' title='bbox 670 1102 724 1129; x_wconf 89' lang='grc' dir='ltr'>τῶν</span> <span class='ocrx_word' id='word_1_157' title='bbox 743 1102 793 1138; x_wconf 84' lang='grc' dir='ltr'><strong>τῆς</strong></span> <span class='ocrx_word' id='word_1_158' title='bbox 808 1102 898 1138; x_wconf 75' lang='grc' dir='ltr'>ψυχῆς</span> 
     </span>
    </p>
   </div>
   <div class='ocr_carea' id='block_1_23' title="bbox 107 1147 896 1189">
    <p class='ocr_par' dir='ltr' id='par_1_23' title="bbox 107 1147 896 1189">
     <span class='ocr_line' id='line_1_24' title="bbox 107 1147 896 1189; baseline -0.008 -9"><span class='ocrx_word' id='word_1_159' title='bbox 107 1153 218 1189; x_wconf 80' lang='grc' dir='ltr'>νοερῶν,</span> <span class='ocrx_word' id='word_1_160' title='bbox 248 1153 264 1187; x_wconf 81' lang='grc' dir='ltr'>ἢ</span> <span class='ocrx_word' id='word_1_161' title='bbox 294 1153 409 1188; x_wconf 84' lang='grc' dir='ltr'>μεσότης</span> <span class='ocrx_word' id='word_1_162' title='bbox 437 1150 591 1184; x_wconf 82' lang='grc' dir='ltr'>πλεονεξίας</span> <span class='ocrx_word' id='word_1_163' title='bbox 618 1149 666 1176; x_wconf 77' lang='grc' dir='ltr'><strong>καὶ</strong></span> <span class='ocrx_word' id='word_1_164' title='bbox 694 1148 854 1184; x_wconf 77' lang='grc' dir='ltr'>μειονεξίας,</span> <span class='ocrx_word' id='word_1_165' title='bbox 879 1147 896 1182; x_wconf 83' lang='grc' dir='ltr'>ἢ</span> 
     </span>
    </p>
   </div>
   <div class='ocr_carea' id='block_1_24' title="bbox 106 1193 897 1235">
    <p class='ocr_par' dir='ltr' id='par_1_24' title="bbox 106 1193 897 1235">
     <span class='ocr_line' id='line_1_25' title="bbox 106 1193 897 1235; baseline -0.009 -9"><span class='ocrx_word' id='word_1_166' title='bbox 106 1200 163 1232; x_wconf 71' lang='grc' dir='ltr'>ἕξις</span> <span class='ocrx_word' id='word_1_167' title='bbox 183 1199 372 1235; x_wconf 82' lang='grc' dir='ltr'>ἀπονεμητικὴ</span> <span class='ocrx_word' id='word_1_168' title='bbox 394 1198 527 1232; x_wconf 78' lang='grc' dir='ltr'>ἰσότητος.</span> <span class='ocrx_word' id='word_1_169' title='bbox 549 1195 620 1231; x_wconf 78' lang='grc' dir='ltr'>Πρὸς</span> <span class='ocrx_word' id='word_1_170' title='bbox 649 1195 713 1230; x_wconf 84' lang='grc' dir='ltr'>γοῦν</span> <span class='ocrx_word' id='word_1_171' title='bbox 730 1195 792 1226; x_wconf 79' lang='grc' dir='ltr'>τοὺς</span> <span class='ocrx_word' id='word_1_172' title='bbox 809 1193 897 1220; x_wconf 88' lang='grc' dir='ltr'>τοιού-</span> 
     </span>
    </p>
   </div>
   <div class='ocr_carea' id='block_1_25' title="bbox 111 1238 899 1278">
    <p class='ocr_par' dir='ltr' id='par_1_25' title="bbox 111 1238 899 1278">
     <span class='ocr_line' id='line_1_26' title="bbox 111 1238 899 1278; baseline -0.005 -9"><span class='ocrx_word' id='word_1_173' title='bbox 111 1251 170 1274; x_wconf 76' lang='grc' dir='ltr'>τους</span> <span class='ocrx_word' id='word_1_174' title='bbox 189 1243 268 1278; x_wconf 79' lang='grc' dir='ltr'>ὄρους</span> <span class='ocrx_word' id='word_1_175' title='bbox 287 1242 377 1274; x_wconf 74' lang='grc' dir='ltr'>καλῶς</span> <span class='ocrx_word' id='word_1_176' title='bbox 404 1241 570 1268; x_wconf 78' lang='grc' dir='ltr'>ἀναπτύσσει</span> <span class='ocrx_word' id='word_1_177' title='bbox 597 1240 647 1276; x_wconf 82' lang='grc' dir='ltr'>τὴν</span> <span class='ocrx_word' id='word_1_178' title='bbox 675 1239 749 1267; x_wconf 81' lang='grc' dir='ltr'>θείαν</span> <span class='ocrx_word' id='word_1_179' title='bbox 766 1238 899 1266; x_wconf 80' lang='grc' dir='ltr'>δικαιοσύ-</span> 
     </span>
    </p>
   </div>
   <div class='ocr_carea' id='block_1_26' title="bbox 111 1284 899 1322">
    <p class='ocr_par' dir='ltr' id='par_1_26' title="bbox 111 1284 899 1322">
     <span class='ocr_line' id='line_1_27' title="bbox 111 1284 899 1322; baseline -0.004 -9"><span class='ocrx_word' id='word_1_180' title='bbox 111 1294 167 1321; x_wconf 78' lang='grc' dir='ltr'>νην.</span> <span class='ocrx_word' id='word_1_181' title='bbox 185 1286 234 1313; x_wconf 86' lang='grc' dir='ltr'>Διά</span> <span class='ocrx_word' id='word_1_182' title='bbox 252 1286 331 1313; x_wconf 85' lang='grc' dir='ltr'>τοῦτο</span> <span class='ocrx_word' id='word_1_183' title='bbox 348 1286 401 1322; x_wconf 84' lang='grc' dir='ltr'><strong>γάρ</strong></span> <span class='ocrx_word' id='word_1_184' title='bbox 427 1287 441 1312; x_wconf 87' lang='grc' dir='ltr'><strong>ό</strong></span> <span class='ocrx_word' id='word_1_185' title='bbox 467 1285 533 1317; x_wconf 80' lang='grc' dir='ltr'>θεὸς</span> <span class='ocrx_word' id='word_1_186' title='bbox 550 1285 705 1320; x_wconf 85' lang='grc' dir='ltr'>δικαιοσύνη</span> <span class='ocrx_word' id='word_1_187' title='bbox 725 1284 843 1319; x_wconf 85' lang='grc' dir='ltr'>λέγεται,</span> <span class='ocrx_word' id='word_1_188' title='bbox 861 1284 899 1316; x_wconf 86' lang='grc' dir='ltr'>ὡς</span> 
     </span>
    </p>
   </div>
   <div class='ocr_carea' id='block_1_27' title="bbox 108 1331 900 1368">
    <p class='ocr_par' dir='ltr' id='par_1_27' title="bbox 108 1331 900 1368">
     <span class='ocr_line' id='line_1_28' title="bbox 108 1331 900 1368; baseline -0.004 -8"><span class='ocrx_word' id='word_1_189' title='bbox 108 1334 175 1360; x_wconf 76' lang='grc' dir='ltr'>πᾶσι</span> <span class='ocrx_word' id='word_1_190' title='bbox 194 1333 343 1366; x_wconf 81' lang='grc' dir='ltr'>κατ’ἀξίαν</span> <span class='ocrx_word' id='word_1_191' title='bbox 363 1333 505 1368; x_wconf 78' lang='grc' dir='ltr'>ἀπονέμων</span> <span class='ocrx_word' id='word_1_192' title='bbox 525 1332 632 1358; x_wconf 74' lang='grc' dir='ltr'>ἅπαντα</span> <span class='ocrx_word' id='word_1_193' title='bbox 649 1331 719 1358; x_wconf 86' lang='grc' dir='ltr'>κατὰ</span> <span class='ocrx_word' id='word_1_194' title='bbox 738 1331 783 1357; x_wconf 86' lang='grc' dir='ltr'>τὸν</span> <span class='ocrx_word' id='word_1_195' title='bbox 802 1332 900 1358; x_wconf 76' lang='grc' dir='ltr'>οἰκεῖον</span> 
     </span>
    </p>
   </div>
   <div class='ocr_carea' id='block_1_28' title="bbox 108 1376 900 1414">
    <p class='ocr_par' dir='ltr' id='par_1_28' title="bbox 108 1376 900 1414">
     <span class='ocr_line' id='line_1_29' title="bbox 108 1376 900 1414; baseline -0.004 -9"><span class='ocrx_word' id='word_1_196' title='bbox 108 1379 224 1406; x_wconf 74' lang='grc' dir='ltr'>ἑκάστου</span> <span class='ocrx_word' id='word_1_197' title='bbox 243 1378 292 1414; x_wconf 82' lang='grc' dir='ltr'>τῆς</span> <span class='ocrx_word' id='word_1_198' title='bbox 310 1378 417 1413; x_wconf 87' lang='grc' dir='ltr'>φύσεως</span> <span class='ocrx_word' id='word_1_199' title='bbox 444 1378 517 1413; x_wconf 83' lang='grc' dir='ltr'>ὅρον,</span> <span class='ocrx_word' id='word_1_200' title='bbox 546 1377 594 1403; x_wconf 74' lang='grc' dir='ltr'><strong>καὶ</strong></span> <span class='ocrx_word' id='word_1_201' title='bbox 618 1376 656 1408; x_wconf 79' lang='grc' dir='ltr'>ὡς</span> <span class='ocrx_word' id='word_1_202' title='bbox 681 1376 767 1408; x_wconf 72' lang='grc' dir='ltr'>αἴτιος</span> <span class='ocrx_word' id='word_1_203' title='bbox 786 1376 824 1403; x_wconf 86' lang='grc' dir='ltr'>ὢν</span> <span class='ocrx_word' id='word_1_204' title='bbox 850 1376 900 1412; x_wconf 81' lang='grc' dir='ltr'><strong>τῆς</strong></span> 
     </span>
    </p>
   </div>
   <div class='ocr_carea' id='block_1_29' title="bbox 109 1423 900 1460">
    <p class='ocr_par' dir='ltr' id='par_1_29' title="bbox 109 1423 900 1460">
     <span class='ocr_line' id='line_1_30' title="bbox 109 1423 900 1460; baseline -0.003 -9"><span class='ocrx_word' id='word_1_205' title='bbox 109 1425 296 1460; x_wconf 72' lang='grc' dir='ltr'>αὐτοπραγίας</span> <span class='ocrx_word' id='word_1_206' title='bbox 312 1425 441 1452; x_wconf 81' lang='grc' dir='ltr'>ἑκάστου·</span> <span class='ocrx_word' id='word_1_207' title='bbox 464 1424 550 1452; x_wconf 87' lang='grc' dir='ltr'>πάντα</span> <span class='ocrx_word' id='word_1_208' title='bbox 567 1424 620 1460; x_wconf 84' lang='grc' dir='ltr'>γὰρ</span> <span class='ocrx_word' id='word_1_209' title='bbox 638 1424 654 1458; x_wconf 83' lang='grc' dir='ltr'><strong>ὴ</strong></span> <span class='ocrx_word' id='word_1_210' title='bbox 675 1423 734 1450; x_wconf 86' lang='grc' dir='ltr'>θεία</span> <span class='ocrx_word' id='word_1_211' title='bbox 744 1423 900 1458; x_wconf 78' lang='grc' dir='ltr'>δικαιοσύνη</span> 
     </span>
    </p>
   </div>
   <div class='ocr_carea' id='block_1_30' title="bbox 109 1468 902 1501">
    <p class='ocr_par' dir='ltr' id='par_1_30' title="bbox 109 1468 902 1501">
     <span class='ocr_line' id='line_1_31' title="bbox 109 1468 902 1501; baseline -0.001 -4"><span class='ocrx_word' id='word_1_212' title='bbox 109 1470 201 1497; x_wconf 77' lang='grc' dir='ltr'>τάττει</span> <span class='ocrx_word' id='word_1_213' title='bbox 219 1469 367 1501; x_wconf 82' lang='grc' dir='ltr'>κατ’ἀξίαν</span> <span class='ocrx_word' id='word_1_214' title='bbox 394 1470 520 1497; x_wconf 81' lang='grc' dir='ltr'>ἑκάστου.</span> <span class='ocrx_word' id='word_1_215' title='bbox 559 1469 676 1496; x_wconf 83' lang='grc' dir='ltr'>Ἀδικίαν</span> <span class='ocrx_word' id='word_1_216' title='bbox 695 1469 783 1496; x_wconf 89' lang='grc' dir='ltr'>τοίνυν</span> <span class='ocrx_word' id='word_1_217' title='bbox 808 1468 902 1496; x_wconf 83' lang='grc' dir='ltr'>λαλοῦ-</span> 
     </span>
    </p>
   </div>
   <div class='ocr_carea' id='block_1_31' title="bbox 110 1515 902 1552">
    <p class='ocr_par' dir='ltr' id='par_1_31' title="bbox 110 1515 902 1552">
     <span class='ocr_line' id='line_1_32' title="bbox 110 1515 902 1552; baseline 0 -10"><span class='ocrx_word' id='word_1_218' title='bbox 110 1525 164 1547; x_wconf 82' lang='grc' dir='ltr'>σιν,</span> <span class='ocrx_word' id='word_1_219' title='bbox 184 1516 207 1542; x_wconf 88' lang='grc' dir='ltr'>οἱ</span> <span class='ocrx_word' id='word_1_220' title='bbox 224 1515 273 1551; x_wconf 86' lang='grc' dir='ltr'>τῆς</span> <span class='ocrx_word' id='word_1_221' title='bbox 292 1515 367 1547; x_wconf 87' lang='grc' dir='ltr'>θείας</span> <span class='ocrx_word' id='word_1_222' title='bbox 386 1515 559 1552; x_wconf 84' lang='grc' dir='ltr'>δικαιοσύνης</span> <span class='ocrx_word' id='word_1_223' title='bbox 577 1515 837 1550; x_wconf 77' lang='grc' dir='ltr'>καταψηφιζόμενοι,</span> <span class='ocrx_word' id='word_1_224' title='bbox 854 1516 902 1542; x_wconf 84' lang='grc' dir='ltr'>καὶ</span> 
     </span>
    </p>
   </div>
   <div class='ocr_carea' id='block_1_32' title="bbox 109 1560 901 1597">
    <p class='ocr_par' dir='ltr' id='par_1_32' title="bbox 109 1560 901 1597">
     <span class='ocr_line' id='line_1_33' title="bbox 109 1560 901 1597; baseline 0.001 -10"><span class='ocrx_word' id='word_1_225' title='bbox 109 1561 244 1596; x_wconf 83' lang='grc' dir='ltr'>λέγοντες,</span> <span class='ocrx_word' id='word_1_226' title='bbox 263 1561 380 1596; x_wconf 80' lang='grc' dir='ltr'>ὀφείλειν</span> <span class='ocrx_word' id='word_1_227' title='bbox 397 1560 466 1588; x_wconf 80' lang='grc' dir='ltr'>εἶναι</span> <span class='ocrx_word' id='word_1_228' title='bbox 484 1563 540 1594; x_wconf 86' lang='grc' dir='ltr'>τοῖς</span> <span class='ocrx_word' id='word_1_229' title='bbox 559 1561 665 1597; x_wconf 80' lang='grc' dir='ltr'>θνητοῖς</span> <span class='ocrx_word' id='word_1_230' title='bbox 683 1561 730 1597; x_wconf 84' lang='grc' dir='ltr'>τὴν</span> <span class='ocrx_word' id='word_1_231' title='bbox 741 1561 901 1594; x_wconf 81' lang='grc' dir='ltr'>ἀθανασίαν,</span> 
     </span>
    </p>
   </div>
   <div class='ocr_carea' id='block_1_33' title="bbox 940 271 1720 309">
    <p class='ocr_par' dir='ltr' id='par_1_33' title="bbox 940 271 1720 309">
     <span class='ocr_line' id='line_1_34' title="bbox 940 271 1720 309; baseline -0.008 -7"><span class='ocrx_word' id='word_1_232' title='bbox 940 276 989 307; x_wconf 83' lang='lat' dir='ltr'><strong>les.</strong></span> <span class='ocrx_word' id='word_1_233' title='bbox 1005 275 1050 309; x_wconf 86' lang='lat' dir='ltr'><strong>qui</strong></span> <span class='ocrx_word' id='word_1_234' title='bbox 1069 280 1157 308; x_wconf 88' lang='lat' dir='ltr'><strong>neque</strong></span> <span class='ocrx_word' id='word_1_235' title='bbox 1171 271 1314 300; x_wconf 72' lang='lat' dir='ltr'><strong>victoriam</strong></span> <span class='ocrx_word' id='word_1_236' title='bbox 1336 275 1437 298; x_wconf 85' lang='lat' dir='ltr'><strong>norunt</strong></span> <span class='ocrx_word' id='word_1_237' title='bbox 1461 272 1597 305; x_wconf 88' lang='lat' dir='ltr'><strong>quomodo</strong></span> <span class='ocrx_word' id='word_1_238' title='bbox 1608 276 1720 304; x_wconf 80' lang='lat' dir='ltr'><strong>compa-</strong></span> 
     </span>
    </p>
   </div>
   <div class='ocr_carea' id='block_1_34' title="bbox 941 316 1721 354">
    <p class='ocr_par' dir='ltr' id='par_1_34' title="bbox 941 316 1721 354">
     <span class='ocr_line' id='line_1_35' title="bbox 941 316 1721 354; baseline -0.008 -5"><span class='ocrx_word' id='word_1_239' title='bbox 941 326 1036 349; x_wconf 89' lang='lat' dir='ltr'><strong>retur:</strong></span> <span class='ocrx_word' id='word_1_240' title='bbox 1055 320 1101 354; x_wconf 86' lang='lat' dir='ltr'><strong>qui</strong></span> <span class='ocrx_word' id='word_1_241' title='bbox 1116 319 1241 345; x_wconf 83' lang='lat' dir='ltr'><strong>videnlur</strong></span> <span class='ocrx_word' id='word_1_242' title='bbox 1253 316 1305 344; x_wconf 88' lang='lat' dir='ltr'><strong>sibi</strong></span> <span class='ocrx_word' id='word_1_243' title='bbox 1327 316 1353 343; x_wconf 90' lang='lat' dir='ltr'><strong>in</strong></span> <span class='ocrx_word' id='word_1_244' title='bbox 1379 317 1473 344; x_wconf 84' lang='lat' dir='ltr'><strong>umbra</strong></span> <span class='ocrx_word' id='word_1_245' title='bbox 1489 324 1548 344; x_wconf 87' lang='lat' dir='ltr'><strong>cum</strong></span> <span class='ocrx_word' id='word_1_246' title='bbox 1563 316 1721 344; x_wconf 75' lang='lat' dir='ltr'><strong>absentibus</strong></span> 
     </span>
    </p>
   </div>
   <div class='ocr_carea' id='block_1_35' title="bbox 940 363 1722 398">
    <p class='ocr_par' dir='ltr' id='par_1_35' title="bbox 940 363 1722 398">
     <span class='ocr_line' id='line_1_36' title="bbox 940 363 1722 398; baseline -0.008 -2"><span class='ocrx_word' id='word_1_247' title='bbox 940 366 1105 396; x_wconf 83' lang='lat' dir='ltr'><strong>adversariis</strong></span> <span class='ocrx_word' id='word_1_248' title='bbox 1130 369 1301 395; x_wconf 76' lang='lat' dir='ltr'><strong>concertare,</strong></span> <span class='ocrx_word' id='word_1_249' title='bbox 1322 363 1531 398; x_wconf 79' lang='lat' dir='ltr'><strong>existimantque</strong></span> <span class='ocrx_word' id='word_1_250' title='bbox 1555 372 1585 392; x_wconf 90' lang='lat' dir='ltr'><strong>se</strong></span> <span class='ocrx_word' id='word_1_251' title='bbox 1600 364 1662 391; x_wconf 86' lang='lat' dir='ltr'><strong>illos</strong></span> <span class='ocrx_word' id='word_1_252' title='bbox 1675 370 1722 391; x_wconf 86' lang='lat' dir='ltr'><strong>su-</strong></span> 
     </span>
    </p>
   </div>
   <div class='ocr_carea' id='block_1_36' title="bbox 940 409 1721 449">
    <p class='ocr_par' dir='ltr' id='par_1_36' title="bbox 940 409 1721 449">
     <span class='ocr_line' id='line_1_37' title="bbox 940 409 1721 449; baseline -0.005 -9"><span class='ocrx_word' id='word_1_253' title='bbox 940 420 1047 449; x_wconf 85' lang='lat' dir='ltr'><strong>perare.</strong></span> <span class='ocrx_word' id='word_1_254' title='bbox 1064 419 1127 439; x_wconf 91' lang='lat' dir='ltr'><strong>cum</strong></span> <span class='ocrx_word' id='word_1_255' title='bbox 1151 410 1279 436; x_wconf 89' lang='lat' dir='ltr'><strong>virtutem</strong></span> <span class='ocrx_word' id='word_1_256' title='bbox 1302 416 1394 436; x_wconf 87' lang='lat' dir='ltr'><strong>eorum</strong></span> <span class='ocrx_word' id='word_1_257' title='bbox 1421 416 1474 435; x_wconf 91' lang='lat' dir='ltr'><strong>non</strong></span> <span class='ocrx_word' id='word_1_258' title='bbox 1498 409 1616 437; x_wconf 87' lang='lat' dir='ltr'><strong>habeant</strong></span> <span class='ocrx_word' id='word_1_259' title='bbox 1627 409 1721 443; x_wconf 76' lang='lat' dir='ltr'><strong>explo-</strong></span> 
     </span>
    </p>
   </div>
   <div class='ocr_carea' id='block_1_37' title="bbox 941 454 1721 487">
    <p class='ocr_par' dir='ltr' id='par_1_37' title="bbox 941 454 1721 487">
     <span class='ocr_line' id='line_1_38' title="bbox 941 454 1721 487; baseline -0.006 -1"><span class='ocrx_word' id='word_1_260' title='bbox 941 464 1037 487; x_wconf 91' lang='lat' dir='ltr'><strong>ratam.</strong></span> <span class='ocrx_word' id='word_1_261' title='bbox 1057 457 1111 484; x_wconf 83' lang='lat' dir='ltr'><strong>Nos</strong></span> <span class='ocrx_word' id='word_1_262' title='bbox 1124 461 1225 487; x_wconf 87' lang='lat' dir='ltr'><strong>autem,</strong></span> <span class='ocrx_word' id='word_1_263' title='bbox 1244 455 1276 482; x_wconf 86' lang='lat' dir='ltr'><strong>ad</strong></span> <span class='ocrx_word' id='word_1_264' title='bbox 1288 455 1341 482; x_wconf 88' lang='lat' dir='ltr'><strong>divi</strong></span> <span class='ocrx_word' id='word_1_265' title='bbox 1363 454 1436 482; x_wconf 84' lang='lat' dir='ltr'><strong>Pauli</strong></span> <span class='ocrx_word' id='word_1_266' title='bbox 1453 461 1561 481; x_wconf 85' lang='lat' dir='ltr'><strong>sensum</strong></span> <span class='ocrx_word' id='word_1_267' title='bbox 1576 454 1721 482; x_wconf 85' lang='lat' dir='ltr'><strong>colliman-</strong></span> 
     </span>
    </p>
   </div>
   <div class='ocr_carea' id='block_1_38' title="bbox 942 498 1722 537">
    <p class='ocr_par' dir='ltr' id='par_1_38' title="bbox 942 498 1722 537">
     <span class='ocr_line' id='line_1_39' title="bbox 942 498 1722 537; baseline -0.009 -5"><span class='ocrx_word' id='word_1_268' title='bbox 942 509 993 537; x_wconf 89' lang='lat' dir='ltr'><strong>tes,</strong></span> <span class='ocrx_word' id='word_1_269' title='bbox 1011 503 1199 530; x_wconf 83' lang='lat' dir='ltr'><strong>collaudamus</strong></span> <span class='ocrx_word' id='word_1_270' title='bbox 1215 502 1300 528; x_wconf 85' lang='lat' dir='ltr'><strong>Deum</strong></span> <span class='ocrx_word' id='word_1_271' title='bbox 1317 504 1444 533; x_wconf 87' lang='lat' dir='ltr'><strong>tanquam</strong></span> <span class='ocrx_word' id='word_1_272' title='bbox 1460 499 1566 526; x_wconf 83' lang='lat' dir='ltr'><strong>beatum</strong></span> <span class='ocrx_word' id='word_1_273' title='bbox 1582 498 1722 533; x_wconf 82' lang='lat' dir='ltr'><strong>solumque</strong></span> 
     </span>
    </p>
   </div>
   <div class='ocr_carea' id='block_1_39' title="bbox 942 545 1722 585">
    <p class='ocr_par' dir='ltr' id='par_1_39' title="bbox 942 545 1722 585">
     <span class='ocr_line' id='line_1_40' title="bbox 942 545 1722 585; baseline -0.008 -8"><span class='ocrx_word' id='word_1_274' title='bbox 942 555 1094 585; x_wconf 87' lang='lat' dir='ltr'><strong>potentem,</strong></span> <span class='ocrx_word' id='word_1_275' title='bbox 1108 553 1201 582; x_wconf 88' lang='lat' dir='ltr'><strong>utpote</strong></span> <span class='ocrx_word' id='word_1_276' title='bbox 1216 546 1400 574; x_wconf 75' lang='lat' dir='ltr'><strong>dominantem</strong></span> <span class='ocrx_word' id='word_1_277' title='bbox 1428 545 1586 578; x_wconf 72' lang='lat' dir='ltr'><strong>teternitati,</strong></span> <span class='ocrx_word' id='word_1_278' title='bbox 1599 549 1626 572; x_wconf 83' lang='lat' dir='ltr'><strong>et</strong></span> <span class='ocrx_word' id='word_1_279' title='bbox 1649 545 1722 572; x_wconf 86' lang='lat' dir='ltr'><strong>nulla</strong></span> 
     </span>
    </p>
   </div>
   <div class='ocr_carea' id='block_1_40' title="bbox 942 590 1723 630">
    <p class='ocr_par' dir='ltr' id='par_1_40' title="bbox 942 590 1723 630">
     <span class='ocr_line' id='line_1_41' title="bbox 942 590 1723 630; baseline -0.006 -8"><span class='ocrx_word' id='word_1_280' title='bbox 942 603 1060 630; x_wconf 80' lang='lat' dir='ltr'><strong>unquam</strong></span> <span class='ocrx_word' id='word_1_281' title='bbox 1078 594 1192 621; x_wconf 79' lang='lat' dir='ltr'><strong>entitate</strong></span> <span class='ocrx_word' id='word_1_282' title='bbox 1217 591 1376 619; x_wconf 86' lang='lat' dir='ltr'><strong>Irustratum</strong></span> <span class='ocrx_word' id='word_1_283' title='bbox 1399 590 1432 625; x_wconf 89' lang='lat' dir='ltr'><strong>(si</strong></span> <span class='ocrx_word' id='word_1_284' title='bbox 1459 591 1532 617; x_wconf 89' lang='lat' dir='ltr'><strong>enim</strong></span> <span class='ocrx_word' id='word_1_285' title='bbox 1547 591 1664 625; x_wconf 88' lang='lat' dir='ltr'><strong>potentia</strong></span> <span class='ocrx_word' id='word_1_286' title='bbox 1679 598 1723 617; x_wconf 67' lang='lat' dir='ltr'><strong>reo</strong></span> 
     </span>
    </p>
   </div>
   <div class='ocr_carea' id='block_1_41' title="bbox 942 635 1724 671">
    <p class='ocr_par' dir='ltr' id='par_1_41' title="bbox 942 635 1724 671">
     <span class='ocr_line' id='line_1_42' title="bbox 942 635 1724 671; baseline -0.006 -3"><span class='ocrx_word' id='word_1_287' title='bbox 942 641 1075 669; x_wconf 81' lang='lat' dir='ltr'><strong>businest</strong></span> <span class='ocrx_word' id='word_1_288' title='bbox 1086 639 1224 670; x_wconf 84' lang='lat' dir='ltr'><strong>omnibus,</strong></span> <span class='ocrx_word' id='word_1_289' title='bbox 1241 637 1353 664; x_wconf 87' lang='lat' dir='ltr'><strong>onmin</strong></span> <span class='ocrx_word' id='word_1_290' title='bbox 1380 637 1403 664; x_wconf 90' lang='lat' dir='ltr'><strong>is</strong></span> <span class='ocrx_word' id='word_1_291' title='bbox 1419 637 1464 671; x_wconf 90' lang='lat' dir='ltr'><strong>qui</strong></span> <span class='ocrx_word' id='word_1_292' title='bbox 1487 636 1634 664; x_wconf 89' lang='lat' dir='ltr'><strong>secundum</strong></span> <span class='ocrx_word' id='word_1_293' title='bbox 1659 635 1724 671; x_wconf 91' lang='lat' dir='ltr'><strong>quid</strong></span> 
     </span>
    </p>
   </div>
   <div class='ocr_carea' id='block_1_42' title="bbox 944 684 1724 723">
    <p class='ocr_par' dir='ltr' id='par_1_42' title="bbox 944 684 1724 723">
     <span class='ocr_line' id='line_1_43' title="bbox 944 684 1724 723; baseline -0.006 -8"><span class='ocrx_word' id='word_1_294' title='bbox 944 688 1077 723; x_wconf 85' lang='lat' dir='ltr'><strong>impotens</strong></span> <span class='ocrx_word' id='word_1_295' title='bbox 1100 690 1151 718; x_wconf 90' lang='lat' dir='ltr'><strong>est,</strong></span> <span class='ocrx_word' id='word_1_296' title='bbox 1169 686 1219 713; x_wconf 87' lang='lat' dir='ltr'><strong>nisi</strong></span> <span class='ocrx_word' id='word_1_297' title='bbox 1237 684 1281 720; x_wconf 87' lang='lat' dir='ltr'><strong>pie</strong></span> <span class='ocrx_word' id='word_1_298' title='bbox 1306 684 1407 711; x_wconf 90' lang='lat' dir='ltr'><strong>dictum</strong></span> <span class='ocrx_word' id='word_1_299' title='bbox 1435 685 1486 712; x_wconf 90' lang='lat' dir='ltr'><strong>hoc</strong></span> <span class='ocrx_word' id='word_1_300' title='bbox 1501 685 1724 719; x_wconf 84' lang='lat' dir='ltr'><strong>interpretemur,</strong></span> 
     </span>
    </p>
   </div>
   <div class='ocr_carea' id='block_1_43' title="bbox 943 731 1724 768">
    <p class='ocr_par' dir='ltr' id='par_1_43' title="bbox 943 731 1724 768">
     <span class='ocr_line' id='line_1_44' title="bbox 943 731 1724 768; baseline -0.006 -6"><span class='ocrx_word' id='word_1_301' title='bbox 943 734 1092 763; x_wconf 87' lang='lat' dir='ltr'><strong>secundum</strong></span> <span class='ocrx_word' id='word_1_302' title='bbox 1109 733 1175 768; x_wconf 89' lang='lat' dir='ltr'><strong>quid</strong></span> <span class='ocrx_word' id='word_1_303' title='bbox 1200 733 1234 760; x_wconf 84' lang='lat' dir='ltr'><strong>ab</strong></span> <span class='ocrx_word' id='word_1_304' title='bbox 1247 733 1362 761; x_wconf 90' lang='lat' dir='ltr'><strong>entitate</strong></span> <span class='ocrx_word' id='word_1_305' title='bbox 1386 732 1510 765; x_wconf 86' lang='lat' dir='ltr'><strong>descivit,</strong></span> <span class='ocrx_word' id='word_1_306' title='bbox 1525 735 1554 758; x_wconf 87' lang='lat' dir='ltr'><strong>ut</strong></span> <span class='ocrx_word' id='word_1_307' title='bbox 1567 731 1724 765; x_wconf 82' lang='lat' dir='ltr'><strong>imprudens</strong></span> 
     </span>
    </p>
   </div>
   <div class='ocr_carea' id='block_1_44' title="bbox 943 779 1724 818">
    <p class='ocr_par' dir='ltr' id='par_1_44' title="bbox 943 779 1724 818">
     <span class='ocr_line' id='line_1_45' title="bbox 943 779 1724 818; baseline -0.006 -9"><span class='ocrx_word' id='word_1_308' title='bbox 943 783 1052 818; x_wconf 85' lang='lat' dir='ltr'><strong>Elymas</strong></span> <span class='ocrx_word' id='word_1_309' title='bbox 1066 780 1158 816; x_wconf 83' lang='lat' dir='ltr'><strong>tradit)</strong></span> <span class='ocrx_word' id='word_1_310' title='bbox 1183 780 1249 814; x_wconf 90' lang='lat' dir='ltr'><strong>quin</strong></span> <span class='ocrx_word' id='word_1_311' title='bbox 1263 780 1353 814; x_wconf 85' lang='lat' dir='ltr'><strong>potius</strong></span> <span class='ocrx_word' id='word_1_312' title='bbox 1365 787 1417 806; x_wconf 94' lang='lat' dir='ltr'><strong>non</strong></span> <span class='ocrx_word' id='word_1_313' title='bbox 1431 779 1518 806; x_wconf 86' lang='lat' dir='ltr'><strong>solum</strong></span> <span class='ocrx_word' id='word_1_314' title='bbox 1535 783 1662 813; x_wconf 83' lang='lat' dir='ltr'><strong>tanquam</strong></span> <span class='ocrx_word' id='word_1_315' title='bbox 1678 785 1724 805; x_wconf 88' lang='lat' dir='ltr'><strong>sc-</strong></span> 
     </span>
    </p>
   </div>
   <div class='ocr_carea' id='block_1_45' title="bbox 943 824 1727 858">
    <p class='ocr_par' dir='ltr' id='par_1_45' title="bbox 943 824 1727 858">
     <span class='ocr_line' id='line_1_46' title="bbox 943 824 1727 858; baseline -0.008 -2"><span class='ocrx_word' id='word_1_316' title='bbox 943 829 1061 855; x_wconf 91' lang='lat' dir='ltr'><strong>cundum</strong></span> <span class='ocrx_word' id='word_1_317' title='bbox 1077 834 1135 855; x_wconf 86' lang='lat' dir='ltr'><strong>rem</strong></span> <span class='ocrx_word' id='word_1_318' title='bbox 1150 826 1249 853; x_wconf 85' lang='lat' dir='ltr'><strong>nullam</strong></span> <span class='ocrx_word' id='word_1_319' title='bbox 1265 826 1445 858; x_wconf 87' lang='lat' dir='ltr'><strong>deﬁcientem,</strong></span> <span class='ocrx_word' id='word_1_320' title='bbox 1462 825 1509 852; x_wconf 88' lang='lat' dir='ltr'><strong>sed</strong></span> <span class='ocrx_word' id='word_1_321' title='bbox 1520 824 1603 852; x_wconf 87' lang='lat' dir='ltr'><strong>etiam</strong></span> <span class='ocrx_word' id='word_1_322' title='bbox 1617 829 1645 851; x_wconf 87' lang='lat' dir='ltr'><strong>ut</strong></span> <span class='ocrx_word' id='word_1_323' title='bbox 1659 831 1727 858; x_wconf 80' lang='lat' dir='ltr'><strong>prae-</strong></span> 
     </span>
    </p>
   </div>
   <div class='ocr_carea' id='block_1_46' title="bbox 944 871 1725 908">
    <p class='ocr_par' dir='ltr' id='par_1_46' title="bbox 944 871 1725 908">
     <span class='ocr_line' id='line_1_47' title="bbox 944 871 1725 908; baseline -0.006 -6"><span class='ocrx_word' id='word_1_324' title='bbox 944 875 1087 902; x_wconf 82' lang='lat' dir='ltr'><strong>habentem</strong></span> <span class='ocrx_word' id='word_1_325' title='bbox 1102 881 1134 901; x_wconf 87' lang='lat' dir='ltr'><strong>ac</strong></span> <span class='ocrx_word' id='word_1_326' title='bbox 1152 874 1269 908; x_wconf 88' lang='lat' dir='ltr'><strong>desuper</strong></span> <span class='ocrx_word' id='word_1_327' title='bbox 1295 873 1438 900; x_wconf 84' lang='lat' dir='ltr'><strong>habentem</strong></span> <span class='ocrx_word' id='word_1_328' title='bbox 1463 871 1552 899; x_wconf 88' lang='lat' dir='ltr'><strong>omnia</strong></span> <span class='ocrx_word' id='word_1_329' title='bbox 1577 871 1725 898; x_wconf 88' lang='lat' dir='ltr'><strong>secundum</strong></span> 
     </span>
    </p>
   </div>
   <div class='ocr_carea' id='block_1_47' title="bbox 907 916 1728 954">
    <p class='ocr_par' dir='ltr' id='par_1_47' title="bbox 907 916 1728 954">
     <span class='ocr_line' id='line_1_48' title="bbox 907 916 1728 954; baseline -0.006 -6"><span class='ocrx_word' id='word_1_330' title='bbox 907 923 928 950; x_wconf 87' lang='grc' dir='ltr'><strong><em>Β</em></strong></span> <span class='ocrx_word' id='word_1_331' title='bbox 944 921 1071 948; x_wconf 86' lang='lat' dir='ltr'><strong>virtutem</strong></span> <span class='ocrx_word' id='word_1_332' title='bbox 1087 918 1352 954; x_wconf 85' lang='lat' dir='ltr'><strong>superessentialem,</strong></span> <span class='ocrx_word' id='word_1_333' title='bbox 1380 923 1409 946; x_wconf 89' lang='lat' dir='ltr'><strong>et</strong></span> <span class='ocrx_word' id='word_1_334' title='bbox 1432 917 1513 945; x_wconf 80' lang='lat' dir='ltr'><strong>rebus</strong></span> <span class='ocrx_word' id='word_1_335' title='bbox 1534 917 1662 945; x_wconf 87' lang='lat' dir='ltr'><strong>omnibus</strong></span> <span class='ocrx_word' id='word_1_336' title='bbox 1672 916 1728 943; x_wconf 90' lang='lat' dir='ltr'><strong>lar-</strong></span> 
     </span>
    </p>
   </div>
   <div class='ocr_carea' id='block_1_48' title="bbox 943 963 1728 1001">
    <p class='ocr_par' dir='ltr' id='par_1_48' title="bbox 943 963 1728 1001">
     <span class='ocr_line' id='line_1_49' title="bbox 943 963 1728 1001; baseline -0.005 -8"><span class='ocrx_word' id='word_1_337' title='bbox 943 967 1065 1001; x_wconf 76' lang='lat' dir='ltr'><strong>gientem</strong></span> <span class='ocrx_word' id='word_1_338' title='bbox 1081 969 1137 992; x_wconf 86' lang='lat' dir='ltr'><strong>tam</strong></span> <span class='ocrx_word' id='word_1_339' title='bbox 1150 968 1179 992; x_wconf 84' lang='lat' dir='ltr'><strong>ut</strong></span> <span class='ocrx_word' id='word_1_340' title='bbox 1192 972 1252 992; x_wconf 82' lang='lat' dir='ltr'><strong>esse</strong></span> <span class='ocrx_word' id='word_1_341' title='bbox 1276 964 1391 999; x_wconf 84' lang='lat' dir='ltr'><strong>possint,</strong></span> <span class='ocrx_word' id='word_1_342' title='bbox 1408 970 1488 998; x_wconf 85' lang='lat' dir='ltr'><strong>quam</strong></span> <span class='ocrx_word' id='word_1_343' title='bbox 1511 967 1540 990; x_wconf 89' lang='lat' dir='ltr'><strong>ut</strong></span> <span class='ocrx_word' id='word_1_344' title='bbox 1564 963 1619 990; x_wconf 90' lang='lat' dir='ltr'><strong>sint</strong></span> <span class='ocrx_word' id='word_1_345' title='bbox 1631 970 1728 990; x_wconf 83' lang='lat' dir='ltr'><strong>secun-</strong></span> 
     </span>
    </p>
   </div>
   <div class='ocr_carea' id='block_1_49' title="bbox 943 1009 1584 1045">
    <p class='ocr_par' dir='ltr' id='par_1_49' title="bbox 943 1009 1584 1045">
     <span class='ocr_line' id='line_1_50' title="bbox 943 1009 1584 1045; baseline -0.008 -5"><span class='ocrx_word' id='word_1_346' title='bbox 943 1013 1007 1040; x_wconf 90' lang='lat' dir='ltr'><strong>dum</strong></span> <span class='ocrx_word' id='word_1_347' title='bbox 1023 1011 1187 1039; x_wconf 84' lang='lat' dir='ltr'><strong>allluentiant</strong></span> <span class='ocrx_word' id='word_1_348' title='bbox 1201 1010 1313 1037; x_wconf 87' lang='lat' dir='ltr'><strong>virtutis</strong></span> <span class='ocrx_word' id='word_1_349' title='bbox 1328 1009 1584 1045; x_wconf 83' lang='lat' dir='ltr'><strong>superabundantis.</strong></span> 
     </span>
    </p>
   </div>
   <div class='ocr_carea' id='block_1_50' title="bbox 979 1054 1728 1093">
    <p class='ocr_par' dir='ltr' id='par_1_50' title="bbox 979 1054 1728 1093">
     <span class='ocr_line' id='line_1_51' title="bbox 979 1054 1728 1093; baseline -0.005 -9"><span class='ocrx_word' id='word_1_350' title='bbox 979 1057 1059 1093; x_wconf 57' lang='grc' dir='ltr'><strong>ἕνη.</strong></span> <span class='ocrx_word' id='word_1_351' title='bbox 1084 1056 1209 1084; x_wconf 80' lang='lat' dir='ltr'><strong>Deﬁnitio</strong></span> <span class='ocrx_word' id='word_1_352' title='bbox 1238 1056 1351 1090; x_wconf 69' lang='lat' dir='ltr'><strong>justitize</strong></span> <span class='ocrx_word' id='word_1_353' title='bbox 1378 1060 1429 1089; x_wconf 87' lang='lat' dir='ltr'><strong>est,</strong></span> <span class='ocrx_word' id='word_1_354' title='bbox 1457 1057 1542 1082; x_wconf 84' lang='lat' dir='ltr'><strong>virtus</strong></span> <span class='ocrx_word' id='word_1_355' title='bbox 1568 1054 1728 1089; x_wconf 80' lang='lat' dir='ltr'><strong>euiqnetri-</strong></span> 
     </span>
    </p>
   </div>
   <div class='ocr_carea' id='block_1_51' title="bbox 945 1101 1728 1139">
    <p class='ocr_par' dir='ltr' id='par_1_51' title="bbox 945 1101 1728 1139">
     <span class='ocr_line' id='line_1_52' title="bbox 945 1101 1728 1139; baseline -0.004 -8"><span class='ocrx_word' id='word_1_356' title='bbox 945 1104 1032 1131; x_wconf 87' lang='lat' dir='ltr'><strong>buens</strong></span> <span class='ocrx_word' id='word_1_357' title='bbox 1046 1111 1096 1138; x_wconf 91' lang='lat' dir='ltr'><strong>pro</strong></span> <span class='ocrx_word' id='word_1_358' title='bbox 1109 1104 1251 1139; x_wconf 74' lang='lat' dir='ltr'><strong>dignitate,</strong></span> <span class='ocrx_word' id='word_1_359' title='bbox 1269 1103 1314 1130; x_wconf 81' lang='lat' dir='ltr'><strong>vel</strong></span> <span class='ocrx_word' id='word_1_360' title='bbox 1339 1102 1448 1137; x_wconf 85' lang='lat' dir='ltr'><strong>propria</strong></span> <span class='ocrx_word' id='word_1_361' title='bbox 1473 1102 1544 1128; x_wconf 84' lang='lat' dir='ltr'><strong>actio</strong></span> <span class='ocrx_word' id='word_1_362' title='bbox 1571 1101 1728 1128; x_wconf 72' lang='lat' dir='ltr'><strong>facultatum</strong></span> 
     </span>
    </p>
   </div>
   <div class='ocr_carea' id='block_1_52' title="bbox 946 1148 1727 1180">
    <p class='ocr_par' dir='ltr' id='par_1_52' title="bbox 946 1148 1727 1180">
     <span class='ocr_line' id='line_1_53' title="bbox 946 1148 1727 1180; baseline -0.001 -3"><span class='ocrx_word' id='word_1_363' title='bbox 946 1150 1043 1177; x_wconf 70' lang='lat' dir='ltr'><strong>animae</strong></span> <span class='ocrx_word' id='word_1_364' title='bbox 1058 1150 1090 1180; x_wconf 72' lang='grc' dir='ltr'>⁸ο,</span> <span class='ocrx_word' id='word_1_365' title='bbox 1110 1150 1151 1177; x_wconf 86' lang='lat' dir='ltr'><strong>vel</strong></span> <span class='ocrx_word' id='word_1_366' title='bbox 1178 1149 1296 1176; x_wconf 91' lang='lat' dir='ltr'><strong>medium</strong></span> <span class='ocrx_word' id='word_1_367' title='bbox 1322 1149 1392 1175; x_wconf 90' lang='lat' dir='ltr'><strong>inter</strong></span> <span class='ocrx_word' id='word_1_368' title='bbox 1419 1148 1611 1176; x_wconf 88' lang='lat' dir='ltr'><strong>abundantiam</strong></span> <span class='ocrx_word' id='word_1_369' title='bbox 1627 1152 1654 1175; x_wconf 89' lang='lat' dir='ltr'><strong>et</strong></span> <span class='ocrx_word' id='word_1_370' title='bbox 1667 1148 1727 1176; x_wconf 89' lang='lat' dir='ltr'><strong>ino-</strong></span> 
     </span>
    </p>
   </div>
   <div class='ocr_carea' id='block_1_53' title="bbox 946 1192 1727 1230">
    <p class='ocr_par' dir='ltr' id='par_1_53' title="bbox 946 1192 1727 1230">
     <span class='ocr_line' id='line_1_54' title="bbox 946 1192 1727 1230; baseline -0.001 -9"><span class='ocrx_word' id='word_1_371' title='bbox 946 1195 1032 1230; x_wconf 80' lang='lat' dir='ltr'><strong>piam,</strong></span> <span class='ocrx_word' id='word_1_372' title='bbox 1050 1195 1092 1222; x_wconf 85' lang='lat' dir='ltr'><strong>vel</strong></span> <span class='ocrx_word' id='word_1_373' title='bbox 1108 1193 1215 1221; x_wconf 87' lang='lat' dir='ltr'><strong>habitus</strong></span> <span class='ocrx_word' id='word_1_374' title='bbox 1230 1193 1419 1221; x_wconf 87' lang='lat' dir='ltr'><strong>distributivus</strong></span> <span class='ocrx_word' id='word_1_375' title='bbox 1441 1192 1615 1227; x_wconf 71' lang='lat' dir='ltr'><strong>aequalitatis.</strong></span> <span class='ocrx_word' id='word_1_376' title='bbox 1631 1193 1727 1220; x_wconf 83' lang='lat' dir='ltr'><strong>Istius-</strong></span> 
     </span>
    </p>
   </div>
   <div class='ocr_carea' id='block_1_54' title="bbox 947 1239 1730 1275">
    <p class='ocr_par' dir='ltr' id='par_1_54' title="bbox 947 1239 1730 1275">
     <span class='ocr_line' id='line_1_55' title="bbox 947 1239 1730 1275; baseline -0.003 -7"><span class='ocrx_word' id='word_1_377' title='bbox 947 1240 1019 1268; x_wconf 80' lang='lat' dir='ltr'><strong>modi</strong></span> <span class='ocrx_word' id='word_1_378' title='bbox 1037 1240 1128 1275; x_wconf 81' lang='lat' dir='ltr'><strong>itaque</strong></span> <span class='ocrx_word' id='word_1_379' title='bbox 1149 1239 1351 1267; x_wconf 88' lang='lat' dir='ltr'><strong>deﬁnitionibus</strong></span> <span class='ocrx_word' id='word_1_380' title='bbox 1372 1239 1423 1266; x_wconf 91' lang='lat' dir='ltr'><strong>rite</strong></span> <span class='ocrx_word' id='word_1_381' title='bbox 1449 1239 1730 1273; x_wconf 74' lang='lat' dir='ltr'><strong>accommodatjusti-</strong></span> 
     </span>
    </p>
   </div>
   <div class='ocr_carea' id='block_1_55' title="bbox 948 1285 1729 1320">
    <p class='ocr_par' dir='ltr' id='par_1_55' title="bbox 948 1285 1729 1320">
     <span class='ocr_line' id='line_1_56' title="bbox 948 1285 1729 1320; baseline -0.003 -6"><span class='ocrx_word' id='word_1_382' title='bbox 948 1287 1013 1314; x_wconf 85' lang='lat' dir='ltr'><strong>tiam</strong></span> <span class='ocrx_word' id='word_1_383' title='bbox 1029 1287 1161 1314; x_wconf 88' lang='lat' dir='ltr'><strong>divinam.</strong></span> <span class='ocrx_word' id='word_1_384' title='bbox 1178 1285 1281 1313; x_wconf 90' lang='lat' dir='ltr'><strong>Idcirco</strong></span> <span class='ocrx_word' id='word_1_385' title='bbox 1304 1285 1375 1312; x_wconf 89' lang='lat' dir='ltr'><strong>enim</strong></span> <span class='ocrx_word' id='word_1_386' title='bbox 1403 1285 1474 1313; x_wconf 87' lang='lat' dir='ltr'><strong>Deus</strong></span> <span class='ocrx_word' id='word_1_387' title='bbox 1498 1285 1602 1320; x_wconf 74' lang='lat' dir='ltr'><strong>iustitia</strong></span> <span class='ocrx_word' id='word_1_388' title='bbox 1618 1286 1729 1318; x_wconf 84' lang='lat' dir='ltr'><strong>dicitur,</strong></span> 
     </span>
    </p>
   </div>
   <div class='ocr_carea' id='block_1_56' title="bbox 950 1331 1731 1369">
    <p class='ocr_par' dir='ltr' id='par_1_56' title="bbox 950 1331 1731 1369">
     <span class='ocr_line' id='line_1_57' title="bbox 950 1331 1731 1369; baseline -0.003 -9"><span class='ocrx_word' id='word_1_389' title='bbox 950 1333 1022 1369; x_wconf 89' lang='lat' dir='ltr'><strong>quod</strong></span> <span class='ocrx_word' id='word_1_390' title='bbox 1038 1333 1165 1360; x_wconf 89' lang='lat' dir='ltr'><strong>omnibus</strong></span> <span class='ocrx_word' id='word_1_391' title='bbox 1178 1340 1227 1367; x_wconf 87' lang='lat' dir='ltr'><strong>pro</strong></span> <span class='ocrx_word' id='word_1_392' title='bbox 1245 1331 1376 1366; x_wconf 76' lang='lat' dir='ltr'><strong>dignitate</strong></span> <span class='ocrx_word' id='word_1_393' title='bbox 1400 1332 1501 1359; x_wconf 83' lang='lat' dir='ltr'><strong>tribuat</strong></span> <span class='ocrx_word' id='word_1_394' title='bbox 1523 1332 1613 1359; x_wconf 87' lang='lat' dir='ltr'><strong>omnia</strong></span> <span class='ocrx_word' id='word_1_395' title='bbox 1633 1339 1731 1360; x_wconf 91' lang='lat' dir='ltr'><strong>secun-</strong></span> 
     </span>
    </p>
   </div>
   <div class='ocr_carea' id='block_1_57' title="bbox 950 1378 1732 1414">
    <p class='ocr_par' dir='ltr' id='par_1_57' title="bbox 950 1378 1732 1414">
     <span class='ocr_line' id='line_1_58' title="bbox 950 1378 1732 1414; baseline 0 -8"><span class='ocrx_word' id='word_1_396' title='bbox 950 1379 1014 1406; x_wconf 91' lang='lat' dir='ltr'><strong>dum</strong></span> <span class='ocrx_word' id='word_1_397' title='bbox 1030 1379 1167 1414; x_wconf 87' lang='lat' dir='ltr'><strong>propriam</strong></span> <span class='ocrx_word' id='word_1_398' title='bbox 1199 1378 1331 1414; x_wconf 86' lang='lat' dir='ltr'><strong>cujusque</strong></span> <span class='ocrx_word' id='word_1_399' title='bbox 1353 1383 1460 1406; x_wconf 67' lang='lat' dir='ltr'><strong>naturae</strong></span> <span class='ocrx_word' id='word_1_400' title='bbox 1479 1378 1674 1412; x_wconf 79' lang='lat' dir='ltr'><strong>deﬁnitionem,</strong></span> <span class='ocrx_word' id='word_1_401' title='bbox 1703 1384 1732 1406; x_wconf 85' lang='lat' dir='ltr'><strong>et</strong></span> 
     </span>
    </p>
   </div>
   <div class='ocr_carea' id='block_1_58' title="bbox 953 1424 1731 1459">
    <p class='ocr_par' dir='ltr' id='par_1_58' title="bbox 953 1424 1731 1459">
     <span class='ocr_line' id='line_1_59' title="bbox 953 1424 1731 1459; baseline 0.001 -8"><span class='ocrx_word' id='word_1_402' title='bbox 953 1426 1026 1459; x_wconf 89' lang='lat' dir='ltr'><strong>quod</strong></span> <span class='ocrx_word' id='word_1_403' title='bbox 1050 1431 1132 1453; x_wconf 83' lang='lat' dir='ltr'><strong>causa</strong></span> <span class='ocrx_word' id='word_1_404' title='bbox 1159 1425 1261 1452; x_wconf 80' lang='lat' dir='ltr'><strong>existat</strong></span> <span class='ocrx_word' id='word_1_405' title='bbox 1289 1424 1405 1459; x_wconf 64' lang='lat' dir='ltr'><strong>propriae</strong></span> <span class='ocrx_word' id='word_1_406' title='bbox 1427 1424 1569 1459; x_wconf 78' lang='lat' dir='ltr'><strong>cujuslibet</strong></span> <span class='ocrx_word' id='word_1_407' title='bbox 1604 1425 1731 1458; x_wconf 80' lang='lat' dir='ltr'><strong>actionis,</strong></span> 
     </span>
    </p>
   </div>
   <div class='ocr_carea' id='block_1_59' title="bbox 951 1470 1734 1507">
    <p class='ocr_par' dir='ltr' id='par_1_59' title="bbox 951 1470 1734 1507">
     <span class='ocr_line' id='line_1_60' title="bbox 951 1470 1734 1507; baseline 0 -9"><span class='ocrx_word' id='word_1_408' title='bbox 951 1470 1059 1507; x_wconf 72' lang='lat' dir='ltr'><strong>singula</strong></span> <span class='ocrx_word' id='word_1_409' title='bbox 1072 1471 1146 1499; x_wconf 88' lang='lat' dir='ltr'><strong>enim</strong></span> <span class='ocrx_word' id='word_1_410' title='bbox 1174 1470 1294 1505; x_wconf 87' lang='lat' dir='ltr'><strong>disponit</strong></span> <span class='ocrx_word' id='word_1_411' title='bbox 1308 1470 1517 1505; x_wconf 86' lang='lat' dir='ltr'><strong>divinajustitia</strong></span> <span class='ocrx_word' id='word_1_412' title='bbox 1538 1478 1587 1505; x_wconf 92' lang='lat' dir='ltr'><strong>pro</strong></span> <span class='ocrx_word' id='word_1_413' title='bbox 1604 1471 1734 1505; x_wconf 77' lang='lat' dir='ltr'><strong>cujuSque</strong></span> 
     </span>
    </p>
   </div>
   <div class='ocr_carea' id='block_1_60' title="bbox 952 1517 1734 1553">
    <p class='ocr_par' dir='ltr' id='par_1_60' title="bbox 952 1517 1734 1553">
     <span class='ocr_line' id='line_1_61' title="bbox 952 1517 1734 1553; baseline 0.001 -8"><span class='ocrx_word' id='word_1_414' title='bbox 952 1518 1092 1553; x_wconf 80' lang='lat' dir='ltr'><strong>dignitate.</strong></span> <span class='ocrx_word' id='word_1_415' title='bbox 1106 1517 1276 1553; x_wconf 89' lang='lat' dir='ltr'><strong>lniquitatem</strong></span> <span class='ocrx_word' id='word_1_416' title='bbox 1294 1518 1385 1552; x_wconf 81' lang='lat' dir='ltr'><strong>itaque</strong></span> <span class='ocrx_word' id='word_1_417' title='bbox 1408 1517 1565 1552; x_wconf 89' lang='lat' dir='ltr'><strong>loquuntur,</strong></span> <span class='ocrx_word' id='word_1_418' title='bbox 1578 1518 1623 1552; x_wconf 90' lang='lat' dir='ltr'><strong>qui</strong></span> <span class='ocrx_word' id='word_1_419' title='bbox 1636 1518 1734 1546; x_wconf 75' lang='lat' dir='ltr'>(IIVIIHB</span> 
     </span>
    </p>
   </div>
   <div class='ocr_carea' id='block_1_61' title="bbox 951 1563 1735 1598">
    <p class='ocr_par' dir='ltr' id='par_1_61' title="bbox 951 1563 1735 1598">
     <span class='ocr_line' id='line_1_62' title="bbox 951 1563 1735 1598; baseline -0.001 -7"><span class='ocrx_word' id='word_1_420' title='bbox 951 1564 1065 1598; x_wconf 62' lang='lat' dir='ltr'><strong>iustitia;</strong></span> <span class='ocrx_word' id='word_1_421' title='bbox 1090 1564 1298 1596; x_wconf 84' lang='lat' dir='ltr'><strong>contradicunt,</strong></span> <span class='ocrx_word' id='word_1_422' title='bbox 1324 1568 1353 1591; x_wconf 85' lang='lat' dir='ltr'><strong>et</strong></span> <span class='ocrx_word' id='word_1_423' title='bbox 1374 1563 1420 1598; x_wconf 90' lang='lat' dir='ltr'><strong>qui</strong></span> <span class='ocrx_word' id='word_1_424' title='bbox 1444 1564 1548 1595; x_wconf 90' lang='lat' dir='ltr'><strong>dicunt,</strong></span> <span class='ocrx_word' id='word_1_425' title='bbox 1572 1563 1735 1591; x_wconf 81' lang='lat' dir='ltr'><strong>mortalibus</strong></span> 
     </span>
    </p>
   </div>
   <div class='ocr_carea' id='block_1_62' title="bbox 109 1607 898 1644">
    <p class='ocr_par' dir='ltr' id='par_1_62' title="bbox 109 1607 898 1644">
     <span class='ocr_line' id='line_1_63' title="bbox 109 1607 898 1644; baseline 0 -9"><span class='ocrx_word' id='word_1_426' title='bbox 109 1609 158 1635; x_wconf 85' lang='grc' dir='ltr'><strong>καὶ</strong></span> <span class='ocrx_word' id='word_1_427' title='bbox 175 1609 230 1640; x_wconf 88' lang='grc' dir='ltr'>τοῖς</span> <span class='ocrx_word' id='word_1_428' title='bbox 249 1608 354 1634; x_wconf 81' lang='grc' dir='ltr'>ἀτελέσι</span> <span class='ocrx_word' id='word_1_429' title='bbox 371 1608 402 1634; x_wconf 79' lang='grc' dir='ltr'>τὸ</span> <span class='ocrx_word' id='word_1_430' title='bbox 419 1608 533 1640; x_wconf 84' lang='grc' dir='ltr'>τέλειον,</span> <span class='ocrx_word' id='word_1_431' title='bbox 553 1609 600 1635; x_wconf 80' lang='grc' dir='ltr'><strong>καὶ</strong></span> <span class='ocrx_word' id='word_1_432' title='bbox 617 1607 711 1640; x_wconf 78' lang='grc' dir='ltr'>τᾶλλα,</span> <span class='ocrx_word' id='word_1_433' title='bbox 731 1608 774 1635; x_wconf 79' lang='grc' dir='ltr'>ἵνα</span> <span class='ocrx_word' id='word_1_434' title='bbox 792 1608 829 1644; x_wconf 79' lang='grc' dir='ltr'><strong>μὴ</strong></span> <span class='ocrx_word' id='word_1_435' title='bbox 839 1609 898 1635; x_wconf 83' lang='grc' dir='ltr'>καθ’</span> 
     </span>
    </p>
   </div>
   <div class='ocr_carea' id='block_1_63' title="bbox 951 1607 1735 1644">
    <p class='ocr_par' dir='ltr' id='par_1_63' title="bbox 954 1607 1735 1643">
     <span class='ocr_line' id='line_1_64' title="bbox 954 1607 1735 1643; baseline 0.003 -9"><span class='ocrx_word' id='word_1_436' title='bbox 954 1608 1044 1635; x_wconf 84' lang='lat' dir='ltr'><strong>inesse</strong></span> <span class='ocrx_word' id='word_1_437' title='bbox 1060 1608 1158 1635; x_wconf 82' lang='lat' dir='ltr'><strong>debere</strong></span> <span class='ocrx_word' id='word_1_438' title='bbox 1177 1607 1422 1640; x_wconf 84' lang='lat' dir='ltr'><strong>immortalitatem,</strong></span> <span class='ocrx_word' id='word_1_439' title='bbox 1436 1613 1463 1634; x_wconf 88' lang='lat' dir='ltr'><strong>et</strong></span> <span class='ocrx_word' id='word_1_440' title='bbox 1477 1609 1557 1635; x_wconf 87' lang='lat' dir='ltr'><strong>rebus</strong></span> <span class='ocrx_word' id='word_1_441' title='bbox 1568 1608 1735 1643; x_wconf 80' lang='lat' dir='ltr'><strong>imperfectis</strong></span> 
     </span>
    </p>
   </div>
   <div class='ocr_carea' id='block_1_64' title="bbox 109 1653 901 1690">
    <p class='ocr_par' dir='ltr' id='par_1_64' title="bbox 109 1653 901 1690">
     <span class='ocr_line' id='line_1_65' title="bbox 109 1653 901 1690; baseline 0 -10"><span class='ocrx_word' id='word_1_442' title='bbox 109 1653 224 1681; x_wconf 75' lang='grc' dir='ltr'>ἕκαστον</span> <span class='ocrx_word' id='word_1_443' title='bbox 243 1653 432 1690; x_wconf 75' lang='grc' dir='ltr'>διατρίϐωμεν.</span> <span class='ocrx_word' id='word_1_444' title='bbox 444 1654 587 1680; x_wconf 80' lang='grc' dir='ltr'>Δίτιῶνται</span> <span class='ocrx_word' id='word_1_445' title='bbox 605 1653 669 1688; x_wconf 84' lang='grc' dir='ltr'>γὰρ,</span> <span class='ocrx_word' id='word_1_446' title='bbox 689 1654 747 1685; x_wconf 83' lang='grc' dir='ltr'><strong>πῶς</strong></span> <span class='ocrx_word' id='word_1_447' title='bbox 764 1654 779 1679; x_wconf 80' lang='grc' dir='ltr'><strong>ὁ</strong></span> <span class='ocrx_word' id='word_1_448' title='bbox 800 1653 901 1688; x_wconf 88' lang='grc' dir='ltr'>ἄνθρω-</span> 
     </span>
    </p>
   </div>
   <div class='ocr_carea' id='block_1_65' title="bbox 109 1699 899 1735">
    <p class='ocr_par' dir='ltr' id='par_1_65' title="bbox 109 1699 899 1735">
     <span class='ocr_line' id='line_1_66' title="bbox 109 1699 899 1735; baseline -0.001 -8"><span class='ocrx_word' id='word_1_449' title='bbox 109 1710 172 1733; x_wconf 83' lang='grc' dir='ltr'>πος.</span> <span class='ocrx_word' id='word_1_450' title='bbox 193 1701 293 1727; x_wconf 80' lang='grc' dir='ltr'>τοιονδε</span> <span class='ocrx_word' id='word_1_451' title='bbox 311 1700 380 1732; x_wconf 83' lang='grc' dir='ltr'>ζῶον</span> <span class='ocrx_word' id='word_1_452' title='bbox 407 1700 455 1732; x_wconf 81' lang='grc' dir='ltr'><strong>ὢν,</strong></span> <span class='ocrx_word' id='word_1_453' title='bbox 482 1699 632 1735; x_wconf 75' lang='grc' dir='ltr'>φθείρεται,</span> <span class='ocrx_word' id='word_1_454' title='bbox 660 1699 719 1731; x_wconf 85' lang='grc' dir='ltr'><strong>πῶς</strong></span> <span class='ocrx_word' id='word_1_455' title='bbox 736 1700 750 1726; x_wconf 86' lang='grc' dir='ltr'><strong>ό</strong></span> <span class='ocrx_word' id='word_1_456' title='bbox 775 1699 899 1733; x_wconf 76' lang='grc' dir='ltr'>ἀσπάλαξ</span> 
     </span>
    </p>
   </div>
   <div class='ocr_carea' id='block_1_66' title="bbox 109 1745 900 1782">
    <p class='ocr_par' dir='ltr' id='par_1_66' title="bbox 109 1745 900 1782">
     <span class='ocr_line' id='line_1_67' title="bbox 109 1745 900 1782; baseline -0.005 -7"><span class='ocrx_word' id='word_1_457' title='bbox 109 1748 220 1782; x_wconf 82' lang='grc' dir='ltr'>τυφλὸς,</span> <span class='ocrx_word' id='word_1_458' title='bbox 241 1747 299 1778; x_wconf 78' lang='grc' dir='ltr'>πῶς</span> <span class='ocrx_word' id='word_1_459' title='bbox 317 1747 331 1773; x_wconf 88' lang='grc' dir='ltr'><strong>ό</strong></span> <span class='ocrx_word' id='word_1_460' title='bbox 350 1746 421 1777; x_wconf 83' lang='grc' dir='ltr'>λίθος</span> <span class='ocrx_word' id='word_1_461' title='bbox 441 1746 491 1772; x_wconf 77' lang='grc' dir='ltr'>οὐκ</span> <span class='ocrx_word' id='word_1_462' title='bbox 519 1745 704 1780; x_wconf 80' lang='grc' dir='ltr'>αὐτοκίνητος,</span> <span class='ocrx_word' id='word_1_463' title='bbox 723 1745 780 1778; x_wconf 85' lang='grc' dir='ltr'><strong>πῶς</strong></span> <span class='ocrx_word' id='word_1_464' title='bbox 799 1746 829 1772; x_wconf 82' lang='grc' dir='ltr'>τὸ</span> <span class='ocrx_word' id='word_1_465' title='bbox 847 1746 900 1772; x_wconf 80' lang='grc' dir='ltr'><strong>πᾶν</strong></span> 
     </span>
    </p>
   </div>
   <div class='ocr_carea' id='block_1_67' title="bbox 110 1792 900 1827">
    <p class='ocr_par' dir='ltr' id='par_1_67' title="bbox 110 1792 900 1827">
     <span class='ocr_line' id='line_1_68' title="bbox 110 1792 900 1827; baseline -0.006 -5"><span class='ocrx_word' id='word_1_466' title='bbox 110 1793 263 1822; x_wconf 76' lang='grc' dir='ltr'>ἀλλοιοῦται</span> <span class='ocrx_word' id='word_1_467' title='bbox 283 1792 353 1820; x_wconf 87' lang='grc' dir='ltr'>κατὰ</span> <span class='ocrx_word' id='word_1_468' title='bbox 371 1792 421 1824; x_wconf 90' lang='grc' dir='ltr'><strong>τάς</strong></span> <span class='ocrx_word' id='word_1_469' title='bbox 449 1792 535 1827; x_wconf 88' lang='grc' dir='ltr'>ὥρας,</span> <span class='ocrx_word' id='word_1_470' title='bbox 565 1793 623 1824; x_wconf 84' lang='grc' dir='ltr'>πῶς</span> <span class='ocrx_word' id='word_1_471' title='bbox 641 1793 668 1819; x_wconf 78' lang='grc' dir='ltr'>αἱ</span> <span class='ocrx_word' id='word_1_472' title='bbox 687 1792 823 1827; x_wconf 78' lang='grc' dir='ltr'>ὲπίκαιροι</span> <span class='ocrx_word' id='word_1_473' title='bbox 841 1792 900 1826; x_wconf 80' lang='grc' dir='ltr'>ἠδο-</span> 
     </span>
    </p>
   </div>
   <div class='ocr_carea' id='block_1_68' title="bbox 109 1837 899 1872">
    <p class='ocr_par' dir='ltr' id='par_1_68' title="bbox 109 1837 899 1872">
     <span class='ocr_line' id='line_1_69' title="bbox 109 1837 899 1872; baseline -0.005 -6"><span class='ocrx_word' id='word_1_474' title='bbox 109 1840 156 1867; x_wconf 78' lang='grc' dir='ltr'><strong>ναὶ</strong></span> <span class='ocrx_word' id='word_1_475' title='bbox 173 1840 224 1866; x_wconf 87' lang='grc' dir='ltr'><strong>οὑκ</strong></span> <span class='ocrx_word' id='word_1_476' title='bbox 242 1838 361 1866; x_wconf 85' lang='grc' dir='ltr'>αἱώνιοι·</span> <span class='ocrx_word' id='word_1_477' title='bbox 383 1838 442 1865; x_wconf 82' lang='grc' dir='ltr'>δέον</span> <span class='ocrx_word' id='word_1_478' title='bbox 459 1838 567 1870; x_wconf 81' lang='grc' dir='ltr'>εἰδέναι,</span> <span class='ocrx_word' id='word_1_479' title='bbox 595 1838 636 1864; x_wconf 77' lang='grc' dir='ltr'>ὅτι</span> <span class='ocrx_word' id='word_1_480' title='bbox 664 1838 746 1864; x_wconf 75' lang='grc' dir='ltr'>πᾶσιν</span> <span class='ocrx_word' id='word_1_481' title='bbox 770 1837 899 1872; x_wconf 83' lang='grc' dir='ltr'>ἀπονέμει</span> 
     </span>
    </p>
   </div>
   <div class='ocr_carea' id='block_1_69' title="bbox 110 1884 899 1920">
    <p class='ocr_par' dir='ltr' id='par_1_69' title="bbox 110 1884 899 1920">
     <span class='ocr_line' id='line_1_70' title="bbox 110 1884 899 1920; baseline -0.003 -8"><span class='ocrx_word' id='word_1_482' title='bbox 110 1885 145 1912; x_wconf 71' lang='grc' dir='ltr'><strong>τὰ</strong></span> <span class='ocrx_word' id='word_1_483' title='bbox 163 1887 251 1912; x_wconf 81' lang='grc' dir='ltr'>οἰκεῖα</span> <span class='ocrx_word' id='word_1_484' title='bbox 269 1887 285 1920; x_wconf 88' lang='grc' dir='ltr'>ὴ</span> <span class='ocrx_word' id='word_1_485' title='bbox 305 1885 364 1912; x_wconf 82' lang='grc' dir='ltr'>Θεία</span> <span class='ocrx_word' id='word_1_486' title='bbox 389 1885 555 1920; x_wconf 75' lang='grc' dir='ltr'>δικαιοσύνη,</span> <span class='ocrx_word' id='word_1_487' title='bbox 584 1885 630 1911; x_wconf 81' lang='grc' dir='ltr'><strong>καὶ</strong></span> <span class='ocrx_word' id='word_1_488' title='bbox 647 1884 761 1911; x_wconf 70' lang='grc' dir='ltr'>ἕκαστον</span> <span class='ocrx_word' id='word_1_489' title='bbox 788 1885 833 1911; x_wconf 77' lang='grc' dir='ltr'>ἐπὶ</span> <span class='ocrx_word' id='word_1_490' title='bbox 850 1884 899 1919; x_wconf 84' lang='grc' dir='ltr'>τῆς</span> 
     </span>
    </p>
   </div>
   <div class='ocr_carea' id='block_1_70' title="bbox 111 1930 712 1966">
    <p class='ocr_par' dir='ltr' id='par_1_70' title="bbox 111 1930 712 1966">
     <span class='ocr_line' id='line_1_71' title="bbox 111 1930 712 1966; baseline 0 -8"><span class='ocrx_word' id='word_1_491' title='bbox 111 1932 215 1963; x_wconf 75' lang='grc' dir='ltr'>οἰκείας</span> <span class='ocrx_word' id='word_1_492' title='bbox 232 1930 358 1963; x_wconf 76' lang='grc' dir='ltr'>διασώζει</span> <span class='ocrx_word' id='word_1_493' title='bbox 375 1931 478 1964; x_wconf 80' lang='grc' dir='ltr'>τάξεως</span> <span class='ocrx_word' id='word_1_494' title='bbox 497 1932 544 1958; x_wconf 76' lang='grc' dir='ltr'>καὶ</span> <span class='ocrx_word' id='word_1_495' title='bbox 563 1932 712 1966; x_wconf 77' lang='grc' dir='ltr'>δυνάμεως.</span> 
     </span>
    </p>
   </div>
   <div class='ocr_carea' id='block_1_71' title="bbox 150 2064 900 2103">
    <p class='ocr_par' dir='ltr' id='par_1_71' title="bbox 150 2064 900 2103">
     <span class='ocr_line' id='line_1_72' title="bbox 150 2064 900 2103; baseline 0.003 -12"><span class='ocrx_word' id='word_1_496' title='bbox 150 2066 164 2103; x_wconf 81' lang='lat'><strong>§</strong></span> <span class='ocrx_word' id='word_1_497' title='bbox 184 2065 249 2093; x_wconf 84' lang='lat' dir='ltr'>VIII.</span> <span class='ocrx_word' id='word_1_498' title='bbox 271 2065 340 2091; x_wconf 81' lang='grc' dir='ltr'>Ἀλλ’</span> <span class='ocrx_word' id='word_1_499' title='bbox 359 2064 431 2092; x_wconf 75' lang='grc' dir='ltr'>εἴποι</span> <span class='ocrx_word' id='word_1_500' title='bbox 449 2074 507 2097; x_wconf 86' lang='grc' dir='ltr'>τις·</span> <span class='ocrx_word' id='word_1_501' title='bbox 520 2065 582 2098; x_wconf 86' lang='grc' dir='ltr'>Πῶς</span> <span class='ocrx_word' id='word_1_502' title='bbox 592 2066 622 2092; x_wconf 82' lang='grc' dir='ltr'><strong>οὐ</strong></span> <span class='ocrx_word' id='word_1_503' title='bbox 639 2066 732 2102; x_wconf 82' lang='grc' dir='ltr'>’βοηθεῖ</span> <span class='ocrx_word' id='word_1_504' title='bbox 750 2067 806 2098; x_wconf 84' lang='grc' dir='ltr'>τοῖς</span> <span class='ocrx_word' id='word_1_505' title='bbox 815 2066 900 2099; x_wconf 79' lang='grc' dir='ltr'>ὁσίοις</span> 
     </span>
    </p>
   </div>
   <div class='ocr_carea' id='block_1_72' title="bbox 114 2111 900 2147">
    <p class='ocr_par' dir='ltr' id='par_1_72' title="bbox 114 2111 900 2147">
     <span class='ocr_line' id='line_1_73' title="bbox 114 2111 900 2147; baseline 0 -8"><span class='ocrx_word' id='word_1_506' title='bbox 114 2111 319 2147; x_wconf 78' lang='grc' dir='ltr'>ἀδικουμένοις;</span> <span class='ocrx_word' id='word_1_507' title='bbox 353 2111 461 2147; x_wconf 85' lang='grc' dir='ltr'>Ῥητὲον</span> <span class='ocrx_word' id='word_1_508' title='bbox 487 2112 519 2138; x_wconf 83' lang='grc' dir='ltr'>ὲκ</span> <span class='ocrx_word' id='word_1_509' title='bbox 544 2111 710 2147; x_wconf 83' lang='grc' dir='ltr'>διαιρέσεως·</span> <span class='ocrx_word' id='word_1_510' title='bbox 747 2112 900 2146; x_wconf 76' lang='grc' dir='ltr'>Ἀγαπῶσιν</span> 
     </span>
    </p>
   </div>
   <div class='ocr_carea' id='block_1_73' title="bbox 114 2156 900 2193">
    <p class='ocr_par' dir='ltr' id='par_1_73' title="bbox 114 2156 900 2193">
     <span class='ocr_line' id='line_1_74' title="bbox 114 2156 900 2193; baseline 0 -9"><span class='ocrx_word' id='word_1_511' title='bbox 114 2158 139 2184; x_wconf 86' lang='grc' dir='ltr'><strong>οι</strong></span> <span class='ocrx_word' id='word_1_512' title='bbox 157 2157 224 2184; x_wconf 86' lang='grc' dir='ltr'>ὅσιοι</span> <span class='ocrx_word' id='word_1_513' title='bbox 242 2156 277 2183; x_wconf 80' lang='grc' dir='ltr'>τὰ</span> <span class='ocrx_word' id='word_1_514' title='bbox 296 2157 427 2193; x_wconf 85' lang='grc' dir='ltr'>παρόντα,</span> <span class='ocrx_word' id='word_1_515' title='bbox 446 2156 463 2191; x_wconf 89' lang='grc' dir='ltr'>ἢ</span> <span class='ocrx_word' id='word_1_516' title='bbox 482 2157 532 2183; x_wconf 82' lang='grc' dir='ltr'><strong>οὐκ</strong></span> <span class='ocrx_word' id='word_1_517' title='bbox 550 2157 701 2190; x_wconf 84' lang='grc' dir='ltr'>ἀγαπῶσιν.</span> <span class='ocrx_word' id='word_1_518' title='bbox 723 2157 754 2183; x_wconf 83' lang='grc' dir='ltr'>Εἰ</span> <span class='ocrx_word' id='word_1_519' title='bbox 773 2158 821 2192; x_wconf 83' lang='grc' dir='ltr'>μὲν</span> <span class='ocrx_word' id='word_1_520' title='bbox 831 2158 900 2191; x_wconf 80' lang='grc' dir='ltr'>ἀγα-</span> 
     </span>
    </p>
   </div>
   <div class='ocr_carea' id='block_1_74' title="bbox 116 2203 900 2238">
    <p class='ocr_par' dir='ltr' id='par_1_74' title="bbox 116 2203 900 2238">
     <span class='ocr_line' id='line_1_75' title="bbox 116 2203 900 2238; baseline -0.001 -7"><span class='ocrx_word' id='word_1_521' title='bbox 116 2203 214 2235; x_wconf 84' lang='grc' dir='ltr'>πῶσιν,</span> <span class='ocrx_word' id='word_1_522' title='bbox 241 2204 291 2238; x_wconf 68' lang='grc' dir='ltr'><strong>οὐχ</strong></span> <span class='ocrx_word' id='word_1_523' title='bbox 318 2204 406 2234; x_wconf 82' lang='grc' dir='ltr'>ὅσιοι,</span> <span class='ocrx_word' id='word_1_524' title='bbox 434 2203 472 2235; x_wconf 87' lang='grc' dir='ltr'><strong>ὡς</strong></span> <span class='ocrx_word' id='word_1_525' title='bbox 498 2203 545 2229; x_wconf 86' lang='grc' dir='ltr'><strong>τοῦ</strong></span> <span class='ocrx_word' id='word_1_526' title='bbox 573 2203 644 2229; x_wconf 79' lang='grc' dir='ltr'>θείου</span> <span class='ocrx_word' id='word_1_527' title='bbox 671 2203 900 2235; x_wconf 85' lang='grc' dir='ltr'>ἀποπεπτωκότες</span> 
     </span>
    </p>
   </div>
   <div class='ocr_carea' id='block_1_75' title="bbox 115 2248 902 2285">
    <p class='ocr_par' dir='ltr' id='par_1_75' title="bbox 115 2248 902 2285">
     <span class='ocr_line' id='line_1_76' title="bbox 115 2248 902 2285; baseline 0.001 -9"><span class='ocrx_word' id='word_1_528' title='bbox 115 2249 234 2285; x_wconf 75' lang='grc' dir='ltr'>ἔρωτος·</span> <span class='ocrx_word' id='word_1_529' title='bbox 254 2248 375 2276; x_wconf 84' lang='grc' dir='ltr'>ἀδικοῦσι</span> <span class='ocrx_word' id='word_1_530' title='bbox 394 2249 449 2284; x_wconf 81' lang='grc' dir='ltr'>γὰρ</span> <span class='ocrx_word' id='word_1_531' title='bbox 466 2249 500 2276; x_wconf 80' lang='grc' dir='ltr'>τὰ</span> <span class='ocrx_word' id='word_1_532' title='bbox 519 2249 603 2281; x_wconf 79' lang='grc' dir='ltr'>ὅντως</span> <span class='ocrx_word' id='word_1_533' title='bbox 621 2249 723 2284; x_wconf 79' lang='grc' dir='ltr'>ἐραστά</span> <span class='ocrx_word' id='word_1_534' title='bbox 741 2250 902 2285; x_wconf 84' lang='grc' dir='ltr'>παρευδοκι-</span> 
     </span>
    </p>
   </div>
   <div class='ocr_carea' id='block_1_76' title="bbox 954 1653 1736 1689">
    <p class='ocr_par' dir='ltr' id='par_1_76' title="bbox 954 1653 1736 1689">
     <span class='ocr_line' id='line_1_77' title="bbox 954 1653 1736 1689; baseline 0.001 -9"><span class='ocrx_word' id='word_1_535' title='bbox 954 1653 1164 1687; x_wconf 79' lang='lat' dir='ltr'><strong>perfectionem,</strong></span> <span class='ocrx_word' id='word_1_536' title='bbox 1180 1658 1208 1681; x_wconf 89' lang='lat' dir='ltr'><strong>et</strong></span> <span class='ocrx_word' id='word_1_537' title='bbox 1231 1659 1342 1686; x_wconf 53' lang='lat' dir='ltr'><strong>castora,</strong></span> <span class='ocrx_word' id='word_1_538' title='bbox 1366 1661 1401 1680; x_wconf 89' lang='lat' dir='ltr'><strong>ne</strong></span> <span class='ocrx_word' id='word_1_539' title='bbox 1416 1653 1531 1689; x_wconf 81' lang='lat' dir='ltr'><strong>singulis</strong></span> <span class='ocrx_word' id='word_1_540' title='bbox 1547 1654 1736 1683; x_wconf 88' lang='lat' dir='ltr'><strong>immoremur.</strong></span> 
     </span>
    </p>
   </div>
   <div class='ocr_carea' id='block_1_77' title="bbox 952 1697 1735 1732">
    <p class='ocr_par' dir='ltr' id='par_1_77' title="bbox 952 1697 1735 1732">
     <span class='ocr_line' id='line_1_78' title="bbox 952 1697 1735 1732; baseline 0.003 -6"><span class='ocrx_word' id='word_1_541' title='bbox 952 1697 1106 1726; x_wconf 80' lang='lat' dir='ltr'><strong>Causantur</strong></span> <span class='ocrx_word' id='word_1_542' title='bbox 1123 1699 1207 1732; x_wconf 84' lang='lat' dir='ltr'><strong>enim.</strong></span> <span class='ocrx_word' id='word_1_543' title='bbox 1221 1707 1269 1727; x_wconf 89' lang='lat' dir='ltr'><strong>cur</strong></span> <span class='ocrx_word' id='word_1_544' title='bbox 1281 1701 1374 1732; x_wconf 86' lang='lat' dir='ltr'><strong>homo,</strong></span> <span class='ocrx_word' id='word_1_545' title='bbox 1387 1708 1449 1728; x_wconf 88' lang='lat' dir='ltr'><strong>cum</strong></span> <span class='ocrx_word' id='word_1_546' title='bbox 1464 1700 1616 1728; x_wconf 86' lang='lat' dir='ltr'><strong>istiusmodi</strong></span> <span class='ocrx_word' id='word_1_547' title='bbox 1633 1702 1735 1729; x_wconf 82' lang='lat' dir='ltr'><strong>animal</strong></span> 
     </span>
    </p>
   </div>
   <div class='ocr_carea' id='block_1_78' title="bbox 951 1744 1735 1782">
    <p class='ocr_par' dir='ltr' id='par_1_78' title="bbox 951 1744 1735 1782">
     <span class='ocr_line' id='line_1_79' title="bbox 951 1744 1735 1782; baseline 0.005 -11"><span class='ocrx_word' id='word_1_548' title='bbox 951 1744 997 1777; x_wconf 88' lang='lat' dir='ltr'><strong>sit,</strong></span> <span class='ocrx_word' id='word_1_549' title='bbox 1014 1750 1217 1780; x_wconf 76' lang='lat' dir='ltr'><strong>corrumpatur,</strong></span> <span class='ocrx_word' id='word_1_550' title='bbox 1231 1753 1281 1773; x_wconf 90' lang='lat' dir='ltr'><strong>cur</strong></span> <span class='ocrx_word' id='word_1_551' title='bbox 1296 1746 1366 1781; x_wconf 83' lang='lat' dir='ltr'><strong>talpa</strong></span> <span class='ocrx_word' id='word_1_552' title='bbox 1387 1745 1473 1774; x_wconf 86' lang='lat' dir='ltr'><strong>oculis</strong></span> <span class='ocrx_word' id='word_1_553' title='bbox 1485 1751 1587 1779; x_wconf 86' lang='lat' dir='ltr'><strong>careat,</strong></span> <span class='ocrx_word' id='word_1_554' title='bbox 1606 1754 1655 1774; x_wconf 92' lang='lat' dir='ltr'><strong>cur</strong></span> <span class='ocrx_word' id='word_1_555' title='bbox 1667 1747 1735 1782; x_wconf 84' lang='lat' dir='ltr'><strong>lapis</strong></span> 
     </span>
    </p>
   </div>
   <div class='ocr_carea' id='block_1_79' title="bbox 952 1791 1736 1826">
    <p class='ocr_par' dir='ltr' id='par_1_79' title="bbox 952 1791 1736 1826">
     <span class='ocr_line' id='line_1_80' title="bbox 952 1791 1736 1826; baseline 0.005 -9"><span class='ocrx_word' id='word_1_556' title='bbox 952 1798 1007 1818; x_wconf 87' lang='lat' dir='ltr'><strong>tton</strong></span> <span class='ocrx_word' id='word_1_557' title='bbox 1022 1791 1059 1818; x_wconf 91' lang='lat' dir='ltr'><strong>sit</strong></span> <span class='ocrx_word' id='word_1_558' title='bbox 1072 1799 1120 1826; x_wconf 89' lang='lat' dir='ltr'><strong>per</strong></span> <span class='ocrx_word' id='word_1_559' title='bbox 1146 1798 1176 1819; x_wconf 88' lang='lat' dir='ltr'><strong>se</strong></span> <span class='ocrx_word' id='word_1_560' title='bbox 1200 1792 1316 1825; x_wconf 87' lang='lat' dir='ltr'><strong>mobilis,</strong></span> <span class='ocrx_word' id='word_1_561' title='bbox 1332 1800 1382 1819; x_wconf 91' lang='lat' dir='ltr'><strong>cur</strong></span> <span class='ocrx_word' id='word_1_562' title='bbox 1401 1793 1557 1820; x_wconf 87' lang='lat' dir='ltr'><strong>universum</strong></span> <span class='ocrx_word' id='word_1_563' title='bbox 1587 1793 1736 1822; x_wconf 87' lang='lat' dir='ltr'><strong>secundum</strong></span> 
     </span>
    </p>
   </div>
   <div class='ocr_carea' id='block_1_80' title="bbox 953 1837 1734 1873">
    <p class='ocr_par' dir='ltr' id='par_1_80' title="bbox 953 1837 1734 1873">
     <span class='ocr_line' id='line_1_81' title="bbox 953 1837 1734 1873; baseline 0.004 -9"><span class='ocrx_word' id='word_1_564' title='bbox 953 1842 1127 1872; x_wconf 81' lang='lat' dir='ltr'><strong>tempestates</strong></span> <span class='ocrx_word' id='word_1_565' title='bbox 1136 1837 1217 1873; x_wconf 69' lang='grc'><strong>483</strong></span> <span class='ocrx_word' id='word_1_566' title='bbox 1226 1838 1392 1871; x_wconf 90' lang='lat' dir='ltr'><strong>immutetur,</strong></span> <span class='ocrx_word' id='word_1_567' title='bbox 1404 1844 1640 1873; x_wconf 72' lang='lat' dir='ltr'><strong>curtemporanem</strong></span> <span class='ocrx_word' id='word_1_568' title='bbox 1656 1840 1734 1868; x_wconf 90' lang='lat' dir='ltr'><strong>volu-</strong></span> 
     </span>
    </p>
   </div>
   <div class='ocr_carea' id='block_1_81' title="bbox 951 1883 1737 1920">
    <p class='ocr_par' dir='ltr' id='par_1_81' title="bbox 951 1883 1737 1920">
     <span class='ocr_line' id='line_1_82' title="bbox 951 1883 1737 1920; baseline 0.005 -11"><span class='ocrx_word' id='word_1_569' title='bbox 951 1888 1039 1917; x_wconf 87' lang='lat' dir='ltr'><strong>ptates</strong></span> <span class='ocrx_word' id='word_1_570' title='bbox 1047 1891 1099 1910; x_wconf 91' lang='lat' dir='ltr'><strong>non</strong></span> <span class='ocrx_word' id='word_1_571' title='bbox 1109 1885 1165 1911; x_wconf 84' lang='lat' dir='ltr'><strong>sint</strong></span> <span class='ocrx_word' id='word_1_572' title='bbox 1177 1890 1295 1912; x_wconf 64' lang='lat' dir='ltr'><strong>aeterna.</strong></span> <span class='ocrx_word' id='word_1_573' title='bbox 1307 1883 1451 1912; x_wconf 88' lang='lat' dir='ltr'><strong>Sciendum</strong></span> <span class='ocrx_word' id='word_1_574' title='bbox 1462 1888 1512 1916; x_wconf 76' lang='lat' dir='ltr'><strong>est,</strong></span> <span class='ocrx_word' id='word_1_575' title='bbox 1522 1885 1640 1912; x_wconf 83' lang='lat' dir='ltr'><strong>divinam</strong></span> <span class='ocrx_word' id='word_1_576' title='bbox 1655 1885 1737 1920; x_wconf 83' lang='lat' dir='ltr'><strong>justi-</strong></span> 
     </span>
    </p>
   </div>
   <div class='ocr_carea' id='block_1_82' title="bbox 953 1929 1736 1965">
    <p class='ocr_par' dir='ltr' id='par_1_82' title="bbox 953 1929 1736 1965">
     <span class='ocr_line' id='line_1_83' title="bbox 953 1929 1736 1965; baseline 0.005 -10"><span class='ocrx_word' id='word_1_577' title='bbox 953 1929 1016 1955; x_wconf 88' lang='lat' dir='ltr'><strong>tiam</strong></span> <span class='ocrx_word' id='word_1_578' title='bbox 1035 1929 1160 1957; x_wconf 88' lang='lat' dir='ltr'><strong>omnibus</strong></span> <span class='ocrx_word' id='word_1_579' title='bbox 1174 1937 1234 1965; x_wconf 69' lang='lat' dir='ltr'><strong>quae</strong></span> <span class='ocrx_word' id='word_1_580' title='bbox 1244 1930 1340 1964; x_wconf 89' lang='lat' dir='ltr'><strong>cuique</strong></span> <span class='ocrx_word' id='word_1_581' title='bbox 1356 1931 1464 1964; x_wconf 83' lang='lat' dir='ltr'><strong>pmpria</strong></span> <span class='ocrx_word' id='word_1_582' title='bbox 1484 1936 1547 1958; x_wconf 91' lang='lat' dir='ltr'><strong>sunt</strong></span> <span class='ocrx_word' id='word_1_583' title='bbox 1564 1931 1736 1964; x_wconf 85' lang='lat' dir='ltr'><strong>distribuere.</strong></span> 
     </span>
    </p>
   </div>
   <div class='ocr_carea' id='block_1_83' title="bbox 953 1976 1738 2013">
    <p class='ocr_par' dir='ltr' id='par_1_83' title="bbox 953 1976 1738 2013">
     <span class='ocr_line' id='line_1_84' title="bbox 953 1976 1738 2013; baseline 0.005 -11"><span class='ocrx_word' id='word_1_584' title='bbox 953 1981 984 2003; x_wconf 87' lang='lat' dir='ltr'><strong>et</strong></span> <span class='ocrx_word' id='word_1_585' title='bbox 1015 1976 1225 2011; x_wconf 80' lang='lat' dir='ltr'><strong>uniuscujusque</strong></span> <span class='ocrx_word' id='word_1_586' title='bbox 1256 1977 1380 2004; x_wconf 86' lang='lat' dir='ltr'><strong>ordinem</strong></span> <span class='ocrx_word' id='word_1_587' title='bbox 1411 1977 1593 2013; x_wconf 84' lang='lat' dir='ltr'><strong>virtutemque</strong></span> <span class='ocrx_word' id='word_1_588' title='bbox 1627 1986 1738 2006; x_wconf 86' lang='lat' dir='ltr'><strong>conser-</strong></span> 
     </span>
    </p>
   </div>
   <div class='ocr_carea' id='block_1_84' title="bbox 952 2029 1026 2049">
    <p class='ocr_par' dir='ltr' id='par_1_84' title="bbox 952 2029 1026 2049">
     <span class='ocr_line' id='line_1_85' title="bbox 952 2029 1026 2049; baseline 0.014 -2"><span class='ocrx_word' id='word_1_589' title='bbox 952 2029 1026 2049; x_wconf 85' lang='lat' dir='ltr'><strong>vare.</strong></span> 
     </span>
    </p>
   </div>
   <div class='ocr_carea' id='block_1_85' title="bbox 986 2068 1738 2105">
    <p class='ocr_par' dir='ltr' id='par_1_85' title="bbox 986 2068 1738 2105">
     <span class='ocr_line' id='line_1_86' title="bbox 986 2068 1738 2105; baseline 0.005 -10"><span class='ocrx_word' id='word_1_590' title='bbox 986 2068 1000 2105; x_wconf 83' lang='lat'>§</span> <span class='ocrx_word' id='word_1_591' title='bbox 1025 2068 1091 2096; x_wconf 82' lang='lat' dir='ltr'>VII}.</span> <span class='ocrx_word' id='word_1_592' title='bbox 1110 2069 1163 2097; x_wconf 87' lang='lat' dir='ltr'><strong>Sed</strong></span> <span class='ocrx_word' id='word_1_593' title='bbox 1188 2070 1261 2097; x_wconf 87' lang='lat' dir='ltr'><strong>dicet</strong></span> <span class='ocrx_word' id='word_1_594' title='bbox 1285 2070 1408 2104; x_wconf 83' lang='lat' dir='ltr'><strong>aliquis:</strong></span> <span class='ocrx_word' id='word_1_595' title='bbox 1437 2070 1492 2097; x_wconf 84' lang='lat' dir='ltr'><strong>Cur</strong></span> <span class='ocrx_word' id='word_1_596' title='bbox 1516 2079 1570 2097; x_wconf 93' lang='lat' dir='ltr'><strong>non</strong></span> <span class='ocrx_word' id='word_1_597' title='bbox 1599 2071 1738 2099; x_wconf 85' lang='lat' dir='ltr'><strong>succurrit</strong></span> 
     </span>
    </p>
   </div>
   <div class='ocr_carea' id='block_1_86' title="bbox 951 2115 1735 2150">
    <p class='ocr_par' dir='ltr' id='par_1_86' title="bbox 951 2115 1735 2150">
     <span class='ocr_line' id='line_1_87' title="bbox 951 2115 1735 2150; baseline 0.004 -8"><span class='ocrx_word' id='word_1_598' title='bbox 951 2115 1053 2143; x_wconf 84' lang='lat' dir='ltr'><strong>sanctis</strong></span> <span class='ocrx_word' id='word_1_599' title='bbox 1069 2115 1167 2150; x_wconf 80' lang='lat' dir='ltr'><strong>injuria</strong></span> <span class='ocrx_word' id='word_1_600' title='bbox 1179 2116 1300 2143; x_wconf 72' lang='lat' dir='ltr'><strong>allectis?</strong></span> <span class='ocrx_word' id='word_1_601' title='bbox 1314 2117 1460 2144; x_wconf 85' lang='lat' dir='ltr'><strong>Dicendum</strong></span> <span class='ocrx_word' id='word_1_602' title='bbox 1471 2124 1533 2144; x_wconf 88' lang='lat' dir='ltr'><strong>cum</strong></span> <span class='ocrx_word' id='word_1_603' title='bbox 1546 2118 1735 2146; x_wconf 88' lang='lat' dir='ltr'><strong>distinctione:</strong></span> 
     </span>
    </p>
   </div>
   <div class='ocr_carea' id='block_1_87' title="bbox 954 2158 1737 2198">
    <p class='ocr_par' dir='ltr' id='par_1_87' title="bbox 954 2158 1737 2198">
     <span class='ocr_line' id='line_1_88' title="bbox 954 2158 1737 2198; baseline 0.004 -12"><span class='ocrx_word' id='word_1_604' title='bbox 954 2158 1005 2186; x_wconf 82' lang='lat' dir='ltr'><strong>Vel</strong></span> <span class='ocrx_word' id='word_1_605' title='bbox 1022 2159 1137 2194; x_wconf 75' lang='lat' dir='ltr'><strong>diligunt</strong></span> <span class='ocrx_word' id='word_1_606' title='bbox 1153 2161 1240 2187; x_wconf 83' lang='lat' dir='ltr'><strong>sancti</strong></span> <span class='ocrx_word' id='word_1_607' title='bbox 1267 2161 1409 2195; x_wconf 68' lang='lat' dir='ltr'><strong>praesentia</strong></span> <span class='ocrx_word' id='word_1_608' title='bbox 1424 2181 1431 2193; x_wconf 92' lang='lat'><strong>,</strong></span> <span class='ocrx_word' id='word_1_609' title='bbox 1459 2161 1500 2188; x_wconf 85' lang='lat' dir='ltr'><strong>vel</strong></span> <span class='ocrx_word' id='word_1_610' title='bbox 1530 2169 1585 2189; x_wconf 90' lang='lat' dir='ltr'><strong>non</strong></span> <span class='ocrx_word' id='word_1_611' title='bbox 1610 2162 1737 2198; x_wconf 77' lang='lat' dir='ltr'><strong>diligunt.</strong></span> 
     </span>
    </p>
   </div>
   <div class='ocr_carea' id='block_1_88' title="bbox 952 2205 1739 2242">
    <p class='ocr_par' dir='ltr' id='par_1_88' title="bbox 952 2205 1739 2242">
     <span class='ocr_line' id='line_1_89' title="bbox 952 2205 1739 2242; baseline 0.003 -10"><span class='ocrx_word' id='word_1_612' title='bbox 952 2205 980 2233; x_wconf 90' lang='lat' dir='ltr'><strong>Si</strong></span> <span class='ocrx_word' id='word_1_613' title='bbox 1000 2206 1108 2240; x_wconf 87' lang='lat' dir='ltr'><strong>quidem</strong></span> <span class='ocrx_word' id='word_1_614' title='bbox 1127 2205 1251 2240; x_wconf 83' lang='lat' dir='ltr'><strong>diligunt,</strong></span> <span class='ocrx_word' id='word_1_615' title='bbox 1278 2213 1330 2233; x_wconf 93' lang='lat' dir='ltr'><strong>non</strong></span> <span class='ocrx_word' id='word_1_616' title='bbox 1349 2211 1412 2233; x_wconf 87' lang='lat' dir='ltr'><strong>suttt</strong></span> <span class='ocrx_word' id='word_1_617' title='bbox 1437 2207 1534 2239; x_wconf 81' lang='lat' dir='ltr'><strong>sancti,</strong></span> <span class='ocrx_word' id='word_1_618' title='bbox 1558 2211 1588 2234; x_wconf 90' lang='lat' dir='ltr'><strong>ut</strong></span> <span class='ocrx_word' id='word_1_619' title='bbox 1605 2208 1653 2242; x_wconf 90' lang='lat' dir='ltr'><strong>qui</strong></span> <span class='ocrx_word' id='word_1_620' title='bbox 1680 2208 1739 2242; x_wconf 91' lang='lat' dir='ltr'><strong>jam</strong></span> 
     </span>
    </p>
   </div>
   <div class='ocr_carea' id='block_1_89' title="bbox 953 2253 1739 2288">
    <p class='ocr_par' dir='ltr' id='par_1_89' title="bbox 953 2253 1739 2288">
     <span class='ocr_line' id='line_1_90' title="bbox 953 2253 1739 2288; baseline 0.003 -10"><span class='ocrx_word' id='word_1_621' title='bbox 953 2259 969 2278; x_wconf 89' lang='lat' dir='ltr'><strong>a</strong></span> <span class='ocrx_word' id='word_1_622' title='bbox 995 2253 1087 2280; x_wconf 90' lang='lat' dir='ltr'><strong>divino</strong></span> <span class='ocrx_word' id='word_1_623' title='bbox 1112 2259 1205 2280; x_wconf 88' lang='lat' dir='ltr'><strong>amore</strong></span> <span class='ocrx_word' id='word_1_624' title='bbox 1231 2253 1402 2286; x_wconf 80' lang='lat' dir='ltr'><strong>exciderint;</strong></span> <span class='ocrx_word' id='word_1_625' title='bbox 1429 2254 1556 2288; x_wconf 86' lang='lat' dir='ltr'><strong>quoniam</strong></span> <span class='ocrx_word' id='word_1_626' title='bbox 1574 2254 1664 2287; x_wconf 88' lang='lat' dir='ltr'><strong>injurii</strong></span> <span class='ocrx_word' id='word_1_627' title='bbox 1677 2257 1739 2281; x_wconf 86' lang='lat' dir='ltr'><strong>sunt</strong></span> 
     </span>
    </p>
   </div>
   <div class='ocr_carea' id='block_1_90' title="bbox 118 2294 898 2334">
    <p class='ocr_par' dir='ltr' id='par_1_90' title="bbox 118 2294 898 2331">
     <span class='ocr_line' id='line_1_91' title="bbox 118 2294 898 2331; baseline 0.003 -10"><span class='ocrx_word' id='word_1_628' title='bbox 118 2295 240 2330; x_wconf 85' lang='grc' dir='ltr'>μούμενα</span> <span class='ocrx_word' id='word_1_629' title='bbox 267 2295 312 2321; x_wconf 82' lang='grc' dir='ltr'>ὑπ’</span> <span class='ocrx_word' id='word_1_630' title='bbox 338 2295 437 2327; x_wconf 81' lang='grc' dir='ltr'>αὐτῶν,</span> <span class='ocrx_word' id='word_1_631' title='bbox 465 2294 531 2321; x_wconf 86' lang='grc' dir='ltr'>διότι</span> <span class='ocrx_word' id='word_1_632' title='bbox 559 2295 612 2321; x_wconf 83' lang='grc' dir='ltr'><strong>τῶν</strong></span> <span class='ocrx_word' id='word_1_633' title='bbox 640 2294 786 2330; x_wconf 80' lang='grc' dir='ltr'>ἁζηλὼτων</span> <span class='ocrx_word' id='word_1_634' title='bbox 803 2295 898 2331; x_wconf 65' lang='grc' dir='ltr'>ἐρῶσιν</span> 
     </span>
    </p>
   </div>
   <div class='ocr_carea' id='block_1_91' title="bbox 951 2294 1740 2334">
    <p class='ocr_par' dir='ltr' id='par_1_91' title="bbox 957 2299 1740 2334">
     <span class='ocr_line' id='line_1_92' title="bbox 957 2299 1740 2334; baseline 0.001 -8"><span class='ocrx_word' id='word_1_635' title='bbox 957 2299 1036 2326; x_wconf 86' lang='lat' dir='ltr'><strong>rebus</strong></span> <span class='ocrx_word' id='word_1_636' title='bbox 1062 2305 1128 2325; x_wconf 85' lang='lat' dir='ltr'><strong>vere</strong></span> <span class='ocrx_word' id='word_1_637' title='bbox 1160 2299 1300 2332; x_wconf 90' lang='lat' dir='ltr'><strong>amandis,</strong></span> <span class='ocrx_word' id='word_1_638' title='bbox 1329 2307 1389 2334; x_wconf 73' lang='lat' dir='ltr'><strong>quae</strong></span> <span class='ocrx_word' id='word_1_639' title='bbox 1414 2299 1447 2326; x_wconf 88' lang='lat' dir='ltr'><strong>ab</strong></span> <span class='ocrx_word' id='word_1_640' title='bbox 1471 2300 1537 2334; x_wconf 87' lang='lat' dir='ltr'><strong>ipsis</strong></span> <span class='ocrx_word' id='word_1_641' title='bbox 1563 2299 1740 2334; x_wconf 64' lang='lat' dir='ltr'><strong>prmferendaa</strong></span> 
     </span>
    </p>
   </div>
   <div class='ocr_carea' id='block_1_92' title="bbox 116 2339 903 2375">
    <p class='ocr_par' dir='ltr' id='par_1_92' title="bbox 116 2339 903 2375">
     <span class='ocr_line' id='line_1_93' title="bbox 116 2339 903 2375; baseline 0.001 -9"><span class='ocrx_word' id='word_1_642' title='bbox 116 2339 187 2366; x_wconf 87' lang='grc' dir='ltr'><strong>αύτά</strong></span> <span class='ocrx_word' id='word_1_643' title='bbox 205 2340 430 2375; x_wconf 81' lang='grc' dir='ltr'>παρατρέχοντες.</span> <span class='ocrx_word' id='word_1_644' title='bbox 452 2340 483 2366; x_wconf 85' lang='grc' dir='ltr'><strong>Εἰ</strong></span> <span class='ocrx_word' id='word_1_645' title='bbox 502 2339 584 2366; x_wconf 72' lang='grc' dir='ltr'>δὀὐκ</span> <span class='ocrx_word' id='word_1_646' title='bbox 603 2339 756 2374; x_wconf 82' lang='grc' dir='ltr'>ἀγαπῶσιν,</span> <span class='ocrx_word' id='word_1_647' title='bbox 776 2340 842 2367; x_wconf 87' lang='grc' dir='ltr'><strong>ἀλλά</strong></span> <span class='ocrx_word' id='word_1_648' title='bbox 850 2341 903 2367; x_wconf 88' lang='grc' dir='ltr'><strong>τῶν</strong></span> 
     </span>
    </p>
   </div>
   <div class='ocr_carea' id='block_1_93' title="bbox 117 2384 906 2421">
    <p class='ocr_par' dir='ltr' id='par_1_93' title="bbox 117 2384 906 2421">
     <span class='ocr_line' id='line_1_94' title="bbox 117 2384 906 2421; baseline 0.001 -10"><span class='ocrx_word' id='word_1_649' title='bbox 117 2385 202 2416; x_wconf 76' lang='grc' dir='ltr'>ὅντως</span> <span class='ocrx_word' id='word_1_650' title='bbox 219 2384 303 2411; x_wconf 78' lang='grc' dir='ltr'>ὄντων</span> <span class='ocrx_word' id='word_1_651' title='bbox 321 2384 432 2420; x_wconf 82' lang='grc' dir='ltr'>ἐρῶσιν,</span> <span class='ocrx_word' id='word_1_652' title='bbox 454 2384 648 2420; x_wconf 83' lang='grc' dir='ltr'>εὐφραίνεσθαι</span> <span class='ocrx_word' id='word_1_653' title='bbox 670 2384 768 2420; x_wconf 83' lang='grc' dir='ltr'>μᾶλλον</span> <span class='ocrx_word' id='word_1_654' title='bbox 788 2385 839 2421; x_wconf 85' lang='grc' dir='ltr'>χρὴ</span> <span class='ocrx_word' id='word_1_655' title='bbox 848 2386 906 2412; x_wconf 88' lang='grc' dir='ltr'>τού-</span> 
     </span>
    </p>
   </div>
   <div class='ocr_carea' id='block_1_94' title="bbox 117 2430 906 2466">
    <p class='ocr_par' dir='ltr' id='par_1_94' title="bbox 117 2430 906 2466">
     <span class='ocr_line' id='line_1_95' title="bbox 117 2430 906 2466; baseline 0.001 -9"><span class='ocrx_word' id='word_1_656' title='bbox 117 2439 191 2463; x_wconf 83' lang='grc' dir='ltr'>τους,</span> <span class='ocrx_word' id='word_1_657' title='bbox 218 2430 263 2456; x_wconf 80' lang='grc' dir='ltr'><strong>ὅτε</strong></span> <span class='ocrx_word' id='word_1_658' title='bbox 289 2430 476 2466; x_wconf 71' lang='grc' dir='ltr'>περιπεπτοιεν</span> <span class='ocrx_word' id='word_1_659' title='bbox 511 2431 683 2466; x_wconf 85' lang='grc' dir='ltr'>πειρασμοῖς,</span> <span class='ocrx_word' id='word_1_660' title='bbox 710 2431 800 2462; x_wconf 82' lang='grc' dir='ltr'>καθὼς</span> <span class='ocrx_word' id='word_1_661' title='bbox 828 2432 874 2458; x_wconf 66' lang='grc' dir='ltr'><strong>καὶ¹</strong></span> <span class='ocrx_word' id='word_1_662' title='bbox 891 2433 906 2458; x_wconf 88' lang='grc' dir='ltr'><strong>ὁ</strong></span> 
     </span>
    </p>
   </div>
   <div class='ocr_carea' id='block_1_95' title="bbox 120 2476 906 2513">
    <p class='ocr_par' dir='ltr' id='par_1_95' title="bbox 120 2476 906 2513">
     <span class='ocr_line' id='line_1_96' title="bbox 120 2476 906 2513; baseline 0.003 -11"><span class='ocrx_word' id='word_1_663' title='bbox 120 2476 208 2513; x_wconf 82' lang='grc' dir='ltr'>μέγας</span> <span class='ocrx_word' id='word_1_664' title='bbox 243 2476 370 2508; x_wconf 80' lang='grc' dir='ltr'>Ἰάκωϐος</span> <span class='ocrx_word' id='word_1_665' title='bbox 400 2477 544 2512; x_wconf 85' lang='grc' dir='ltr'>παραινεῖ·</span> <span class='ocrx_word' id='word_1_666' title='bbox 572 2476 616 2503; x_wconf 88' lang='grc' dir='ltr'>διὰ</span> <span class='ocrx_word' id='word_1_667' title='bbox 644 2476 697 2512; x_wconf 84' lang='grc' dir='ltr'>γὰρ</span> <span class='ocrx_word' id='word_1_668' title='bbox 724 2476 826 2503; x_wconf 81' lang='grc' dir='ltr'>τούτων</span> <span class='ocrx_word' id='word_1_669' title='bbox 853 2477 906 2504; x_wconf 83' lang='grc' dir='ltr'><strong>τῶν</strong></span> 
     </span>
    </p>
   </div>
   <div class='ocr_carea' id='block_1_96' title="bbox 118 2521 908 2557">
    <p class='ocr_par' dir='ltr' id='par_1_96' title="bbox 118 2521 908 2557">
     <span class='ocr_line' id='line_1_97' title="bbox 118 2521 908 2557; baseline 0 -9"><span class='ocrx_word' id='word_1_670' title='bbox 118 2521 224 2556; x_wconf 80' lang='grc' dir='ltr'>ἐφετῶν</span> <span class='ocrx_word' id='word_1_671' title='bbox 251 2521 475 2556; x_wconf 75' lang='grc' dir='ltr'>ἐπιτυγχάνουσι,</span> <span class='ocrx_word' id='word_1_672' title='bbox 503 2522 550 2548; x_wconf 79' lang='grc' dir='ltr'><strong>καὶ</strong></span> <span class='ocrx_word' id='word_1_673' title='bbox 576 2521 637 2548; x_wconf 83' lang='grc' dir='ltr'>τότε</span> <span class='ocrx_word' id='word_1_674' title='bbox 663 2523 723 2553; x_wconf 80' lang='grc' dir='ltr'>ταῖς</span> <span class='ocrx_word' id='word_1_675' title='bbox 750 2522 908 2557; x_wconf 84' lang='grc' dir='ltr'>ἀγγελικατς</span> 
     </span>
    </p>
   </div>
   <div class='ocr_carea' id='block_1_97' title="bbox 117 2567 908 2603">
    <p class='ocr_par' dir='ltr' id='par_1_97' title="bbox 117 2567 908 2603">
     <span class='ocr_line' id='line_1_98' title="bbox 117 2567 908 2603; baseline 0 -9"><span class='ocrx_word' id='word_1_676' title='bbox 117 2568 230 2602; x_wconf 78' lang='grc' dir='ltr'>ἀρεταῖς</span> <span class='ocrx_word' id='word_1_677' title='bbox 257 2567 469 2602; x_wconf 78' lang='grc' dir='ltr'>πλησιάζουσιν,</span> <span class='ocrx_word' id='word_1_678' title='bbox 506 2567 710 2603; x_wconf 81' lang='grc' dir='ltr'>ἀναχωροῦντες</span> <span class='ocrx_word' id='word_1_679' title='bbox 735 2567 785 2603; x_wconf 83' lang='grc' dir='ltr'>τῆς</span> <span class='ocrx_word' id='word_1_680' title='bbox 813 2567 908 2603; x_wconf 80' lang='grc' dir='ltr'>ὑλικῆς</span> 
     </span>
    </p>
   </div>
   <div class='ocr_carea' id='block_1_98' title="bbox 117 2613 906 2651">
    <p class='ocr_par' dir='ltr' id='par_1_98' title="bbox 117 2613 906 2651">
     <span class='ocr_line' id='line_1_99' title="bbox 117 2613 906 2651; baseline 0.001 -10"><span class='ocrx_word' id='word_1_681' title='bbox 117 2613 307 2651; x_wconf 76' lang='grc' dir='ltr'>προσπαοείος</span> <span class='ocrx_word' id='word_1_682' title='bbox 326 2614 354 2639; x_wconf 83' lang='grc' dir='ltr'><strong>ἐν</strong></span> <span class='ocrx_word' id='word_1_683' title='bbox 370 2614 430 2645; x_wconf 80' lang='grc' dir='ltr'>ταῖς</span> <span class='ocrx_word' id='word_1_684' title='bbox 449 2613 519 2649; x_wconf 80' lang='grc' dir='ltr'>ὑπὲρ</span> <span class='ocrx_word' id='word_1_685' title='bbox 537 2613 584 2640; x_wconf 82' lang='grc' dir='ltr'><strong>τοῦ</strong></span> <span class='ocrx_word' id='word_1_686' title='bbox 604 2613 686 2640; x_wconf 85' lang='grc' dir='ltr'>καλοῦ</span> <span class='ocrx_word' id='word_1_687' title='bbox 706 2615 906 2650; x_wconf 82' lang='grc' dir='ltr'>περιστάσεσιν·</span> 
     </span>
    </p>
   </div>
   <div class='ocr_carea' id='block_1_99' title="bbox 120 2658 910 2696">
    <p class='ocr_par' dir='ltr' id='par_1_99' title="bbox 120 2658 910 2696">
     <span class='ocr_line' id='line_1_100' title="bbox 120 2658 910 2696; baseline -0.001 -9"><span class='ocrx_word' id='word_1_688' title='bbox 120 2660 191 2687; x_wconf 78' lang='grc' dir='ltr'>ὥστε</span> <span class='ocrx_word' id='word_1_689' title='bbox 202 2659 299 2694; x_wconf 80' lang='grc' dir='ltr'>ἀληθὲς</span> <span class='ocrx_word' id='word_1_690' title='bbox 309 2659 406 2690; x_wconf 83' lang='grc' dir='ltr'>εἰπεῖν,</span> <span class='ocrx_word' id='word_1_691' title='bbox 425 2658 466 2684; x_wconf 79' lang='grc' dir='ltr'><strong>ὅτι</strong></span> <span class='ocrx_word' id='word_1_692' title='bbox 484 2658 562 2684; x_wconf 89' lang='grc' dir='ltr'>τοῦτο</span> <span class='ocrx_word' id='word_1_693' title='bbox 582 2658 680 2694; x_wconf 82' lang='grc' dir='ltr'>μᾶλλόν</span> <span class='ocrx_word' id='word_1_694' title='bbox 700 2661 758 2686; x_wconf 78' lang='grc' dir='ltr'>ἐστι</span> <span class='ocrx_word' id='word_1_695' title='bbox 775 2660 824 2696; x_wconf 78' lang='grc' dir='ltr'>τῆς</span> <span class='ocrx_word' id='word_1_696' title='bbox 835 2660 910 2692; x_wconf 81' lang='grc' dir='ltr'>θείας</span> 
     </span>
    </p>
   </div>
   <div class='ocr_carea' id='block_1_100' title="bbox 117 2703 911 2740">
    <p class='ocr_par' dir='ltr' id='par_1_100' title="bbox 117 2703 911 2740">
     <span class='ocr_line' id='line_1_101' title="bbox 117 2703 911 2740; baseline 0.001 -7"><span class='ocrx_word' id='word_1_697' title='bbox 117 2705 292 2740; x_wconf 83' lang='grc' dir='ltr'>δικαιοσύνης</span> <span class='ocrx_word' id='word_1_698' title='bbox 311 2704 385 2737; x_wconf 76' lang='grc' dir='ltr'>ἴδιον,</span> <span class='ocrx_word' id='word_1_699' title='bbox 413 2704 444 2730; x_wconf 77' lang='grc' dir='ltr'><strong>τὸ</strong></span> <span class='ocrx_word' id='word_1_700' title='bbox 462 2703 508 2731; x_wconf 77' lang='grc' dir='ltr'><strong>ἐπί</strong></span> <span class='ocrx_word' id='word_1_701' title='bbox 524 2713 600 2736; x_wconf 86' lang='grc' dir='ltr'>τινας</span> <span class='ocrx_word' id='word_1_702' title='bbox 629 2705 737 2740; x_wconf 83' lang='grc' dir='ltr'>βλέπειν</span> <span class='ocrx_word' id='word_1_703' title='bbox 763 2706 911 2738; x_wconf 81' lang='grc' dir='ltr'>ποθοῦντας</span> 
     </span>
    </p>
   </div>
   <div class='ocr_carea' id='block_1_101' title="bbox 117 2751 912 2790">
    <p class='ocr_par' dir='ltr' id='par_1_101' title="bbox 117 2751 912 2790">
     <span class='ocr_line' id='line_1_102' title="bbox 117 2751 912 2790; baseline 0.003 -11"><span class='ocrx_word' id='word_1_704' title='bbox 117 2753 155 2780; x_wconf 77' lang='grc' dir='ltr'>τὰ</span> <span class='ocrx_word' id='word_1_705' title='bbox 174 2752 270 2779; x_wconf 76' lang='grc' dir='ltr'>αἰώνια</span> <span class='ocrx_word' id='word_1_706' title='bbox 282 2772 290 2784; x_wconf 83' lang='grc'><strong>,</strong></span> <span class='ocrx_word' id='word_1_707' title='bbox 322 2751 358 2787; x_wconf 87' lang='grc' dir='ltr'>μὴ</span> <span class='ocrx_word' id='word_1_708' title='bbox 386 2751 491 2786; x_wconf 82' lang='grc' dir='ltr'>θέλγειν</span> <span class='ocrx_word' id='word_1_709' title='bbox 517 2751 627 2784; x_wconf 80' lang='grc' dir='ltr'>τούτους</span> <span class='ocrx_word' id='word_1_710' title='bbox 639 2761 645 2767; x_wconf 91' lang='grc'>·</span> <span class='ocrx_word' id='word_1_711' title='bbox 673 2753 753 2788; x_wconf 78' lang='grc' dir='ltr'>ἤγουν</span> <span class='ocrx_word' id='word_1_712' title='bbox 772 2754 805 2780; x_wconf 79' lang='grc' dir='ltr'>δι’</span> <span class='ocrx_word' id='word_1_713' title='bbox 816 2754 912 2790; x_wconf 80' lang='grc' dir='ltr'>ἡδονῆς</span> 
     </span>
    </p>
   </div>
   <div class='ocr_carea' id='block_1_102' title="bbox 118 2802 912 2838">
    <p class='ocr_par' dir='ltr' id='par_1_102' title="bbox 118 2802 912 2838">
     <span class='ocr_line' id='line_1_103' title="bbox 118 2802 912 2838; baseline 0 -10"><span class='ocrx_word' id='word_1_714' title='bbox 118 2803 229 2837; x_wconf 84' lang='grc' dir='ltr'>ἀπατᾷν</span> <span class='ocrx_word' id='word_1_715' title='bbox 247 2804 280 2837; x_wconf 86' lang='grc' dir='ltr'>τῇ</span> <span class='ocrx_word' id='word_1_716' title='bbox 300 2802 388 2837; x_wconf 80' lang='grc' dir='ltr'>ἀνέτῳ</span> <span class='ocrx_word' id='word_1_717' title='bbox 406 2803 539 2838; x_wconf 83' lang='grc' dir='ltr'>διαγωγῇ,</span> <span class='ocrx_word' id='word_1_718' title='bbox 568 2802 634 2829; x_wconf 83' lang='grc' dir='ltr'><strong>ἀλλά</strong></span> <span class='ocrx_word' id='word_1_719' title='bbox 653 2802 751 2838; x_wconf 81' lang='grc' dir='ltr'>μᾶλλον</span> <span class='ocrx_word' id='word_1_720' title='bbox 774 2802 823 2834; x_wconf 86' lang='grc' dir='ltr'><strong>τὰς</strong></span> <span class='ocrx_word' id='word_1_721' title='bbox 834 2810 912 2838; x_wconf 81' lang='grc' dir='ltr'>περι-</span> 
     </span>
    </p>
   </div>
   <div class='ocr_carea' id='block_1_103' title="bbox 165 2888 837 2928">
    <p class='ocr_par' dir='ltr' id='par_1_103' title="bbox 165 2888 837 2928">
     <span class='ocr_line' id='line_1_104' title="bbox 165 2888 837 2928; baseline 0.006 -12"><span class='ocrx_word' id='word_1_722' title='bbox 165 2894 197 2910; x_wconf 78' lang='grc' dir='ltr'><strong>ιο·</strong></span> <span class='ocrx_word' id='word_1_723' title='bbox 213 2888 288 2916; x_wconf 73' lang='lat' dir='ltr'><strong>Max.</strong></span> <span class='ocrx_word' id='word_1_724' title='bbox 301 2891 344 2918; x_wconf 85' lang='lat' dir='ltr'><strong>vel</strong></span> <span class='ocrx_word' id='word_1_725' title='bbox 358 2892 465 2926; x_wconf 86' lang='lat' dir='ltr'><strong>propria</strong></span> <span class='ocrx_word' id='word_1_726' title='bbox 480 2892 586 2920; x_wconf 80' lang='lat' dir='ltr'><strong>actione</strong></span> <span class='ocrx_word' id='word_1_727' title='bbox 601 2892 717 2928; x_wconf 89' lang='lat' dir='ltr'><strong>partium</strong></span> <span class='ocrx_word' id='word_1_728' title='bbox 732 2892 837 2921; x_wconf 66' lang='lat' dir='ltr'><strong>anima).</strong></span> 
     </span>
    </p>
   </div>
   <div class='ocr_carea' id='block_1_104' title="bbox 246 2939 537 2970">
    <p class='ocr_par' dir='ltr' id='par_1_104' title="bbox 246 2939 537 2970">
     <span class='ocr_line' id='line_1_105' title="bbox 246 2939 537 2970; baseline 0 -1"><span class='ocrx_word' id='word_1_729' title='bbox 246 2939 380 2969; x_wconf 76' lang='lat' dir='ltr'><strong>PATBOL.</strong></span> <span class='ocrx_word' id='word_1_730' title='bbox 401 2939 460 2968; x_wconf 76' lang='lat' dir='ltr'><strong>Gn.</strong></span> <span class='ocrx_word' id='word_1_731' title='bbox 485 2939 537 2970; x_wconf 86' lang='grc' dir='ltr'><strong>ΙΙΙ.</strong></span> 
     </span>
    </p>
   </div>
   <div class='ocr_carea' id='block_1_105' title="bbox 957 2344 1739 2381">
    <p class='ocr_par' dir='ltr' id='par_1_105' title="bbox 957 2344 1739 2381">
     <span class='ocr_line' id='line_1_106' title="bbox 957 2344 1739 2381; baseline 0.001 -9"><span class='ocrx_word' id='word_1_732' title='bbox 957 2349 1031 2376; x_wconf 87' lang='lat' dir='ltr'><strong>sunt,</strong></span> <span class='ocrx_word' id='word_1_733' title='bbox 1059 2344 1150 2378; x_wconf 89' lang='lat' dir='ltr'><strong>quod,</strong></span> <span class='ocrx_word' id='word_1_734' title='bbox 1176 2344 1209 2371; x_wconf 90' lang='lat' dir='ltr'><strong>iis</strong></span> <span class='ocrx_word' id='word_1_735' title='bbox 1240 2345 1392 2379; x_wconf 82' lang='lat' dir='ltr'><strong>neglectis,</strong></span> <span class='ocrx_word' id='word_1_736' title='bbox 1423 2350 1515 2373; x_wconf 89' lang='lat' dir='ltr'><strong>ament</strong></span> <span class='ocrx_word' id='word_1_737' title='bbox 1539 2353 1571 2373; x_wconf 84' lang='lat' dir='ltr'><strong>ea</strong></span> <span class='ocrx_word' id='word_1_738' title='bbox 1597 2354 1659 2381; x_wconf 60' lang='lat' dir='ltr'><strong>quae</strong></span> <span class='ocrx_word' id='word_1_739' title='bbox 1685 2354 1739 2373; x_wconf 90' lang='lat' dir='ltr'><strong>non</strong></span> 
     </span>
    </p>
   </div>
   <div class='ocr_carea' id='block_1_106' title="bbox 958 2390 1740 2426">
    <p class='ocr_par' dir='ltr' id='par_1_106' title="bbox 958 2390 1740 2426">
     <span class='ocr_line' id='line_1_107' title="bbox 958 2390 1740 2426; baseline 0.004 -10"><span class='ocrx_word' id='word_1_740' title='bbox 958 2396 1022 2419; x_wconf 87' lang='lat' dir='ltr'><strong>sunt</strong></span> <span class='ocrx_word' id='word_1_741' title='bbox 1045 2391 1170 2418; x_wconf 84' lang='lat' dir='ltr'><strong>amanda.</strong></span> <span class='ocrx_word' id='word_1_742' title='bbox 1195 2390 1272 2424; x_wconf 85' lang='lat' dir='ltr'><strong>Quod</strong></span> <span class='ocrx_word' id='word_1_743' title='bbox 1296 2391 1319 2418; x_wconf 90' lang='lat' dir='ltr'><strong>si</strong></span> <span class='ocrx_word' id='word_1_744' title='bbox 1349 2399 1413 2418; x_wconf 86' lang='lat' dir='ltr'><strong>vero</strong></span> <span class='ocrx_word' id='word_1_745' title='bbox 1445 2399 1499 2418; x_wconf 88' lang='lat' dir='ltr'><strong>non</strong></span> <span class='ocrx_word' id='word_1_746' title='bbox 1530 2391 1664 2426; x_wconf 83' lang='lat' dir='ltr'><strong>diligant,</strong></span> <span class='ocrx_word' id='word_1_747' title='bbox 1692 2392 1740 2419; x_wconf 80' lang='lat' dir='ltr'><strong>sed</strong></span> 
     </span>
    </p>
   </div>
   <div class='ocr_carea' id='block_1_107' title="bbox 959 2437 1742 2472">
    <p class='ocr_par' dir='ltr' id='par_1_107' title="bbox 959 2437 1742 2472">
     <span class='ocr_line' id='line_1_108' title="bbox 959 2437 1742 2472; baseline 0.001 -9"><span class='ocrx_word' id='word_1_748' title='bbox 959 2441 1050 2464; x_wconf 84' lang='lat' dir='ltr'><strong>ament</strong></span> <span class='ocrx_word' id='word_1_749' title='bbox 1074 2444 1105 2465; x_wconf 80' lang='lat' dir='ltr'><strong>ea</strong></span> <span class='ocrx_word' id='word_1_750' title='bbox 1123 2443 1182 2471; x_wconf 77' lang='lat' dir='ltr'><strong>qute</strong></span> <span class='ocrx_word' id='word_1_751' title='bbox 1197 2444 1261 2463; x_wconf 82' lang='lat' dir='ltr'><strong>vere</strong></span> <span class='ocrx_word' id='word_1_752' title='bbox 1277 2441 1348 2469; x_wconf 88' lang='lat' dir='ltr'><strong>sunt,</strong></span> <span class='ocrx_word' id='word_1_753' title='bbox 1372 2441 1480 2472; x_wconf 77' lang='lat' dir='ltr'><strong>oportet</strong></span> <span class='ocrx_word' id='word_1_754' title='bbox 1500 2438 1589 2472; x_wconf 88' lang='lat' dir='ltr'><strong>potius</strong></span> <span class='ocrx_word' id='word_1_755' title='bbox 1607 2438 1680 2472; x_wconf 87' lang='lat' dir='ltr'><strong>ipsos</strong></span> <span class='ocrx_word' id='word_1_756' title='bbox 1693 2437 1742 2464; x_wconf 69' lang='lat' dir='ltr'><strong>Iae-</strong></span> 
     </span>
    </p>
   </div>
   <div class='ocr_carea' id='block_1_108' title="bbox 962 2483 1741 2518">
    <p class='ocr_par' dir='ltr' id='par_1_108' title="bbox 962 2483 1741 2518">
     <span class='ocr_line' id='line_1_109' title="bbox 962 2483 1741 2518; baseline 0.003 -9"><span class='ocrx_word' id='word_1_757' title='bbox 962 2483 1023 2515; x_wconf 83' lang='lat' dir='ltr'><strong>tari,</strong></span> <span class='ocrx_word' id='word_1_758' title='bbox 1039 2483 1112 2518; x_wconf 91' lang='lat' dir='ltr'><strong>quod</strong></span> <span class='ocrx_word' id='word_1_759' title='bbox 1133 2483 1159 2510; x_wconf 92' lang='lat' dir='ltr'><strong>in</strong></span> <span class='ocrx_word' id='word_1_760' title='bbox 1192 2483 1357 2511; x_wconf 84' lang='lat' dir='ltr'><strong>tentationes</strong></span> <span class='ocrx_word' id='word_1_761' title='bbox 1385 2484 1541 2516; x_wconf 88' lang='lat' dir='ltr'><strong>inciderint,</strong></span> <span class='ocrx_word' id='word_1_762' title='bbox 1563 2483 1603 2510; x_wconf 87' lang='lat' dir='ltr'><strong>uti</strong></span> <span class='ocrx_word' id='word_1_763' title='bbox 1626 2491 1741 2518; x_wconf 77' lang='lat' dir='ltr'><strong>magnus</strong></span> 
     </span>
    </p>
   </div>
   <div class='ocr_carea' id='block_1_109' title="bbox 962 2529 1744 2565">
    <p class='ocr_par' dir='ltr' id='par_1_109' title="bbox 962 2529 1744 2565">
     <span class='ocr_line' id='line_1_110' title="bbox 962 2529 1744 2565; baseline -0.001 -9"><span class='ocrx_word' id='word_1_764' title='bbox 962 2529 1079 2557; x_wconf 77' lang='lat' dir='ltr'><strong>Iacobus</strong></span> <span class='ocrx_word' id='word_1_765' title='bbox 1095 2535 1206 2563; x_wconf 87' lang='lat' dir='ltr'><strong>monet;</strong></span> <span class='ocrx_word' id='word_1_766' title='bbox 1221 2530 1350 2565; x_wconf 90' lang='lat' dir='ltr'><strong>quoniam</strong></span> <span class='ocrx_word' id='word_1_767' title='bbox 1366 2538 1414 2565; x_wconf 89' lang='lat' dir='ltr'><strong>per</strong></span> <span class='ocrx_word' id='word_1_768' title='bbox 1427 2530 1475 2558; x_wconf 83' lang='lat' dir='ltr'><strong>bas</strong></span> <span class='ocrx_word' id='word_1_769' title='bbox 1486 2537 1517 2557; x_wconf 85' lang='lat' dir='ltr'><strong>ea</strong></span> <span class='ocrx_word' id='word_1_770' title='bbox 1532 2537 1592 2565; x_wconf 74' lang='lat' dir='ltr'><strong>qua:</strong></span> <span class='ocrx_word' id='word_1_771' title='bbox 1605 2529 1744 2556; x_wconf 86' lang='lat' dir='ltr'><strong>desidera-</strong></span> 
     </span>
    </p>
   </div>
   <div class='ocr_carea' id='block_1_110' title="bbox 961 2573 1743 2611">
    <p class='ocr_par' dir='ltr' id='par_1_110' title="bbox 961 2573 1743 2611">
     <span class='ocr_line' id='line_1_111' title="bbox 961 2573 1743 2611; baseline 0.001 -10"><span class='ocrx_word' id='word_1_772' title='bbox 961 2574 1026 2602; x_wconf 82' lang='lat' dir='ltr'><strong>bilia</strong></span> <span class='ocrx_word' id='word_1_773' title='bbox 1038 2580 1101 2602; x_wconf 81' lang='lat' dir='ltr'><strong>sunt</strong></span> <span class='ocrx_word' id='word_1_774' title='bbox 1116 2579 1312 2611; x_wconf 81' lang='lat' dir='ltr'><strong>assequuntur,</strong></span> <span class='ocrx_word' id='word_1_775' title='bbox 1329 2580 1438 2610; x_wconf 81' lang='lat' dir='ltr'><strong>tumque</strong></span> <span class='ocrx_word' id='word_1_776' title='bbox 1450 2575 1583 2610; x_wconf 82' lang='lat' dir='ltr'><strong>angelicis</strong></span> <span class='ocrx_word' id='word_1_777' title='bbox 1595 2573 1743 2602; x_wconf 85' lang='lat' dir='ltr'><strong>virtutibus</strong></span> 
     </span>
    </p>
   </div>
   <div class='ocr_carea' id='block_1_111' title="bbox 967 2619 1745 2656">
    <p class='ocr_par' dir='ltr' id='par_1_111' title="bbox 967 2619 1745 2656">
     <span class='ocr_line' id='line_1_112' title="bbox 967 2619 1745 2656; baseline -0.003 -9"><span class='ocrx_word' id='word_1_778' title='bbox 967 2621 1197 2656; x_wconf 86' lang='lat' dir='ltr'><strong>appropinquant,</strong></span> <span class='ocrx_word' id='word_1_779' title='bbox 1217 2621 1280 2648; x_wconf 90' lang='lat' dir='ltr'><strong>dum</strong></span> <span class='ocrx_word' id='word_1_780' title='bbox 1306 2621 1334 2648; x_wconf 92' lang='lat' dir='ltr'><strong>in</strong></span> <span class='ocrx_word' id='word_1_781' title='bbox 1350 2621 1487 2649; x_wconf 83' lang='lat' dir='ltr'><strong>instantiis</strong></span> <span class='ocrx_word' id='word_1_782' title='bbox 1499 2629 1547 2656; x_wconf 87' lang='lat' dir='ltr'><strong>pro</strong></span> <span class='ocrx_word' id='word_1_783' title='bbox 1560 2622 1640 2652; x_wconf 87' lang='lat' dir='ltr'><strong>bono,</strong></span> <span class='ocrx_word' id='word_1_784' title='bbox 1657 2620 1692 2647; x_wconf 88' lang='lat' dir='ltr'><strong>ab</strong></span> <span class='ocrx_word' id='word_1_785' title='bbox 1704 2619 1745 2646; x_wconf 80' lang='lat' dir='ltr'><strong>af-</strong></span> 
     </span>
    </p>
   </div>
   <div class='ocr_carea' id='block_1_112' title="bbox 962 2665 1743 2700">
    <p class='ocr_par' dir='ltr' id='par_1_112' title="bbox 962 2665 1743 2700">
     <span class='ocr_line' id='line_1_113' title="bbox 962 2665 1743 2700; baseline -0.001 -7"><span class='ocrx_word' id='word_1_786' title='bbox 962 2666 1034 2694; x_wconf 81' lang='lat' dir='ltr'><strong>fectu</strong></span> <span class='ocrx_word' id='word_1_787' title='bbox 1046 2667 1181 2694; x_wconf 88' lang='lat' dir='ltr'><strong>tnateriali</strong></span> <span class='ocrx_word' id='word_1_788' title='bbox 1199 2668 1351 2695; x_wconf 88' lang='lat' dir='ltr'><strong>recedunt:</strong></span> <span class='ocrx_word' id='word_1_789' title='bbox 1378 2668 1415 2694; x_wconf 84' lang='lat' dir='ltr'><strong>ita</strong></span> <span class='ocrx_word' id='word_1_790' title='bbox 1437 2672 1466 2695; x_wconf 90' lang='lat' dir='ltr'><strong>ut</strong></span> <span class='ocrx_word' id='word_1_791' title='bbox 1490 2675 1553 2694; x_wconf 88' lang='lat' dir='ltr'><strong>vero</strong></span> <span class='ocrx_word' id='word_1_792' title='bbox 1576 2667 1631 2694; x_wconf 88' lang='lat' dir='ltr'><strong>dici</strong></span> <span class='ocrx_word' id='word_1_793' title='bbox 1645 2665 1743 2700; x_wconf 87' lang='lat' dir='ltr'><strong>possit,</strong></span> 
     </span>
    </p>
   </div>
   <div class='ocr_carea' id='block_1_113' title="bbox 964 2711 1744 2747">
    <p class='ocr_par' dir='ltr' id='par_1_113' title="bbox 964 2711 1744 2747">
     <span class='ocr_line' id='line_1_114' title="bbox 964 2711 1744 2747; baseline -0.003 -9"><span class='ocrx_word' id='word_1_794' title='bbox 964 2711 1028 2739; x_wconf 92' lang='lat' dir='ltr'><strong>illud</strong></span> <span class='ocrx_word' id='word_1_795' title='bbox 1047 2712 1132 2746; x_wconf 75' lang='lat' dir='ltr'><strong>magis</strong></span> <span class='ocrx_word' id='word_1_796' title='bbox 1147 2719 1207 2739; x_wconf 78' lang='lat' dir='ltr'><strong>esse</strong></span> <span class='ocrx_word' id='word_1_797' title='bbox 1222 2713 1362 2747; x_wconf 88' lang='lat' dir='ltr'><strong>proprium</strong></span> <span class='ocrx_word' id='word_1_798' title='bbox 1388 2713 1487 2740; x_wconf 66' lang='lat' dir='ltr'><strong>divinae</strong></span> <span class='ocrx_word' id='word_1_799' title='bbox 1505 2712 1627 2747; x_wconf 68' lang='lat' dir='ltr'><strong>iustitiae,</strong></span> <span class='ocrx_word' id='word_1_800' title='bbox 1641 2715 1671 2737; x_wconf 90' lang='lat' dir='ltr'><strong>ut</strong></span> <span class='ocrx_word' id='word_1_801' title='bbox 1686 2717 1744 2741; x_wconf 84' lang='lat' dir='ltr'><strong>eos.</strong></span> 
     </span>
    </p>
   </div>
   <div class='ocr_carea' id='block_1_114' title="bbox 963 2757 1747 2793">
    <p class='ocr_par' dir='ltr' id='par_1_114' title="bbox 963 2757 1747 2793">
     <span class='ocr_line' id='line_1_115' title="bbox 963 2757 1747 2793; baseline -0.003 -9"><span class='ocrx_word' id='word_1_802' title='bbox 963 2758 1009 2793; x_wconf 88' lang='lat' dir='ltr'><strong>qui</strong></span> <span class='ocrx_word' id='word_1_803' title='bbox 1032 2758 1065 2785; x_wconf 91' lang='lat' dir='ltr'><strong>ad</strong></span> <span class='ocrx_word' id='word_1_804' title='bbox 1091 2762 1191 2785; x_wconf 70' lang='lat' dir='ltr'><strong>mterna</strong></span> <span class='ocrx_word' id='word_1_805' title='bbox 1213 2765 1336 2793; x_wconf 83' lang='lat' dir='ltr'><strong>spectare</strong></span> <span class='ocrx_word' id='word_1_806' title='bbox 1358 2758 1524 2790; x_wconf 84' lang='lat' dir='ltr'><strong>desiderant,</strong></span> <span class='ocrx_word' id='word_1_807' title='bbox 1551 2766 1604 2785; x_wconf 84' lang='lat' dir='ltr'><strong>non</strong></span> <span class='ocrx_word' id='word_1_808' title='bbox 1628 2757 1747 2791; x_wconf 85' lang='lat' dir='ltr'><strong>patiatur</strong></span> 
     </span>
    </p>
   </div>
   <div class='ocr_carea' id='block_1_115' title="bbox 965 2802 1747 2840">
    <p class='ocr_par' dir='ltr' id='par_1_115' title="bbox 965 2802 1747 2840">
     <span class='ocr_line' id='line_1_116' title="bbox 965 2802 1747 2840; baseline -0.004 -8"><span class='ocrx_word' id='word_1_809' title='bbox 965 2811 1014 2840; x_wconf 79' lang='lat' dir='ltr'><strong>per</strong></span> <span class='ocrx_word' id='word_1_810' title='bbox 1026 2804 1185 2835; x_wconf 81' lang='lat' dir='ltr'><strong>dissolutam</strong></span> <span class='ocrx_word' id='word_1_811' title='bbox 1214 2805 1297 2832; x_wconf 88' lang='lat' dir='ltr'><strong>vitam</strong></span> <span class='ocrx_word' id='word_1_812' title='bbox 1327 2805 1507 2840; x_wconf 83' lang='lat' dir='ltr'><strong>voluptatibus</strong></span> <span class='ocrx_word' id='word_1_813' title='bbox 1527 2804 1625 2839; x_wconf 89' lang='lat' dir='ltr'><strong>decipi,</strong></span> <span class='ocrx_word' id='word_1_814' title='bbox 1636 2802 1684 2831; x_wconf 83' lang='lat' dir='ltr'><strong>sed</strong></span> <span class='ocrx_word' id='word_1_815' title='bbox 1699 2810 1747 2837; x_wconf 87' lang='lat' dir='ltr'><strong>po-</strong></span> 
     </span>
    </p>
   </div>
   <div class='ocr_carea' id='block_1_116' title="bbox 1430 2937 1469 2966">
    <p class='ocr_par' dir='ltr' id='par_1_116' title="bbox 1430 2937 1469 2966">
     <span class='ocr_line' id='line_1_117' title="bbox 1430 2937 1469 2966; baseline 0 0"><span class='ocrx_word' id='word_1_816' title='bbox 1430 2937 1469 2966; x_wconf 75' lang='grc'>29</span> 
     </span>
    </p>
   </div>
  </div>
