1929 3061
103 201 154 230 909

646 202 690 230 DE
709 201 835 230 DlVlNlS
851 203 1048 237 NOMINlBUS,
1064 204 1138 232 CAP.
1159 204 1203 233 1X.

1676 207 1729 236 910:

104 260 214 296 ρότητα.
248 259 328 294 Λέγει
356 257 421 291 οὖν,
453 259 506 287 κᾶν
532 260 634 296 ταύτην
659 261 709 296 τὴν
741 261 878 296 ἀνισότητα

939 269 1032 295 nasse;
1053 261 1165 289 sensilia
1186 269 1252 288 vero
1269 269 1330 296 qua:
1354 263 1435 290 etiam
1448 264 1594 292 divisibilia
1615 268 1679 291 sunt
1698 269 1726 292 et

102 304 207 340 νοήσειέ
225 312 267 336 τις
289 304 338 340 τὴν
362 304 493 340 διαφορὰν
525 304 579 331 τῶν
598 305 743 341 αἰσθητῶν,
770 305 826 332 ἀλλ’
841 303 887 332 οὖν

101 350 148 376 καὶ
165 349 266 386 ταύτης
279 351 327 386 τῆς
344 351 500 386 ἀνισότητος
519 351 533 377 ὁ
551 350 616 382 Θεὸς
636 351 752 387 φρουρός
769 353 837 383 ἐστι,
850 351 887 386 μὴ

101 395 154 423 ἑῶν
167 396 200 424 τὲ
226 397 334 424 ἐναντία
361 398 401 429 εἰς
431 397 460 424 ἒν
488 397 665 432 συναχθῆναι,
694 398 741 424 καὶ
767 397 810 424 διὰ
839 397 888 432 τῆς

101 442 207 477 φύσεως
225 444 266 475 εἰς
286 443 388 479 φθορὰν
407 443 510 470 ὲλθεῖν·
540 443 577 474 ὡς
605 442 659 478 γὰρ
692 443 835 478 παρήγαγε
854 443 888 469 τὰ

100 489 197 521 πάντα,
217 489 288 516 οὕτω
308 491 436 525 συντηρεῐ
455 488 535 521 αὐτὰ,
555 488 593 520 ὡς
612 489 658 516 καί
673 490 725 516 εισι
741 489 787 515 καὶ
805 489 842 521 ὡς
859 489 888 523 ἐξ

100 535 187 570 ἀρχῆς
200 535 331 570 ἐγένοντο.

938 308 1089 340 mutabilia,
1108 312 1136 335 et
1162 308 1195 336 ab
1224 308 1339 335 invicem
1368 309 1486 343 diversa,
1509 311 1721 346 inaequalitatem

937 357 966 381 et
991 353 1188 381 diversitatem.
1216 354 1287 381 Dicit
1315 354 1420 389 itaque,
1449 356 1501 384 etsi
1529 357 1626 392 aliquis
1655 357 1724 384 hanc

938 400 1152 435 inaequalitatem
1172 400 1336 428 intellexerit
1365 401 1545 430 dilferentiam
1564 405 1719 435 sensilium,

940 444 1115 473 nihilominus
1142 444 1224 472 etiam
1261 445 1344 472 Deum
1381 445 1495 480 hujusce
1531 448 1722 482 inazqualitatis

941 491 1079 518 custodem
1099 491 1227 522 existere,
1250 493 1312 519 dum
1341 499 1394 519 non
1423 493 1556 527 permittit
1583 495 1723 522 contraria

939 535 968 563 in
987 544 1069 564 unum
1091 537 1272 569 commisceri,
1292 541 1320 564 et
1348 538 1509 566 naturaliter
1525 539 1552 566 in
1569 541 1723 575 corruptio-

100 590 161 610 nem
179 582 321 614 devenire;
359 586 389 609 ut
408 583 479 610 enim
498 582 587 609 omnia
598 581 736 617 produxit,
747 581 786 608 sic
796 581 879 608 etiam
898 581 956 616 ipsa
975 587 1129 615 conservat,
1150 587 1179 609 ut
1198 587 1226 610 et
1243 583 1297 610 sint
1317 583 1387 611 sicut
1406 585 1432 611 in
1453 585 1585 619 principio
1603 585 1722 613 fuerunt.

114 662 1713 676 __—_____—__.—__“

289 708 610 751 ΚΕΦΑΛΑΙΟΝ
625 707 686 752 Θ’.

96 781 168 816 Περὶ
184 780 328 816 μεγάλου,
348 781 471 816 μικροῦ,
493 781 612 813 ταὺτοῦ,
639 782 752 815 ἐτέρου,
769 782 882 816 ὁμοίου,

167 817 318 852 ἀνομοίου,
331 816 477 850 στάσεως,
493 816 648 850 κινήσεως,
665 817 810 851 ἰσότητος.

1119 702 1200 738 4⁸⁵
1219 712 1409 757 CAPUT
1448 713 1535 757 1x.

945 783 984 811 De
1007 792 1114 820 magno,
1133 793 1225 820 parva,
1249 786 1357 818 eodem,
1375 785 1439 822 alio,
1462 787 1561 821 simili,
1584 789 1720 822 dissimili,

1146 826 1228 854 stum,
1244 826 1328 854 motu,
1343 821 1503 856 wquulitate.

734 891 903 921 SYNOPSIS
918 892 1063 922 CAPITlS.

94 948 116 976 l.
134 950 214 982 Dicit,
231 950 312 978 Deum
323 952 350 978 in
364 951 515 988 Scriptum
531 951 620 978 vocari
639 959 906 988 maguumLparuum,
919 952 1048 988 eumdem.
1064 953 1157 988 alium,
1173 958 1225 980 etc.
1240 953 1271 981 ll.
1288 953 1423 988 Explicat,
1434 962 1486 988 quo
1497 962 1574 981 sensu
1593 954 1661 981 Deus
1675 955 1717 981 di-

134 990 212 1023 catur
223 994 343 1023 magnus.
360 986 477 1023 111.,an
494 994 571 1023 sensu
581 985 691 1023 parvus.
704 985 824 1023 IYLQua
836 995 914 1014 sensu
926 987 1006 1014 idem.
1018 987 1050 1015 V.
1068 987 1125 1019 Quo
1140 996 1218 1014 sensu
1228 989 1315 1020 aliud,
1328 985 1352 1015 et
1368 985 1498 1023 quoniodo
1517 990 1669 1023 accipienda
1684 990 1718 1016 sit

133 1021 160 1047 in
180 1020 235 1048 Deo
249 1020 396 1055 longitudo,
408 1021 533 1053 latitudo,
544 1021 713 1055 profundum.
730 1021 773 1048 Vl.

130 1060 188 1082 ctus
204 1065 255 1083 non
270 1057 303 1083 sit
316 1057 421 1091 proprie
437 1056 591 1082 similitudo.
612 1056 665 1082 Vll.

790 1022 847 1054 Quo
860 1030 939 1049 sensu
952 1023 1058 1049 dicatur
1069 1023 1139 1049 Deus
1152 1024 1257 1055 similis,
1275 1032 1332 1050 cum
1348 1022 1436 1050 tamen
1449 1022 1590 1050 causarum
1607 1025 1642 1050 ad
1657 1025 1720 1055 elle-

681 1055 739 1089 Quo
754 1065 830 1083 sensu
847 1057 952 1083 dicatur
964 1058 1112 1084 dissimilis.
1126 1057 1190 1085 Vlll.
1203 1057 1260 1090 Quo
1272 1066 1350 1085 sensu
1359 1064 1429 1085 ποτε
1441 1059 1477 1086 vel
1487 1059 1587 1086 sedere.
1601 1059 1648 1087 IX.
1659 1055 1718 1090 Quo

130 1099 208 1118 unm
220 1092 325 1118 dicatur
338 1092 445 1124 moveri,
459 1097 482 1118 et
497 1091 627 1126 quomodo
639 1091 694 1119 Deo
707 1093 840 1119 conveniat
851 1091 947 1127 triplex
961 1097 1057 1119 motus.
1077 1092 1110 1119 X.
1123 1091 1180 1125 Quo
1195 1101 1271 1120 sensu
1282 1093 1384 1121 dicatur
1394 1093 1514 1128 wqualis.

865 1172 923 1208 ξι.

135 1243 242 1279 Ἐπειδὴ
258 1243 286 1270 δὲ
302 1243 349 1270 καὶ
370 1243 401 1270 τὸ
423 1243 493 1279 μέγα
509 1243 555 1270 καὶ¹
573 1242 603 1269 τὸ
623 1242 719 1278 μικρὸν
741 1242 878 1269 ἀνατέθει-

967 1242 1098 1276 Quoniam
1115 1250 1181 1270 vero
1200 1243 1281 1270 etiam
1306 1250 1433 1278 magnum
1448 1249 1475 1272 et
1498 1251 1613 1278 parvum
1636 1245 1717 1272 attri-

96 1298 138 1316 ται
152 1289 174 1304 ⁶¹
193 1287 233 1323 τῷ
256 1288 363 1315 πάντων
383 1288 470 1324 αἰτίῳ,
486 1288 533 1315 καὶ
548 1288 579 1314 τὸ
600 1287 697 1314 ταύτὸν
711 1287 757 1313 καὶ
773 1287 803 1313 τὸ
823 1287 881 1314 ἓτε-

93 1343 151 1371 ρον,
163 1335 210 1362 καὶ
224 1334 255 1360 τὸ
271 1335 362 1370 ὅμοιον
377 1335 424 1361 καὶ
437 1334 467 1361 τὸ
481 1334 616 1370 ἀνόμοιον,
629 1334 676 1360 καὶ
692 1334 708 1369 ἡ
724 1333 817 1365 στάσις
833 1333 879 1360 καὶ

94 1383 108 1417 ἡ
127 1382 242 1417 κίνησις,
260 1381 325 1416 φέρε
341 1381 386 1408 καὶ
401 1381 502 1407 τούτων
514 1381 569 1407 τῶν
585 1380 742 1415 Θεωνυμιῶν
755 1380 777 1396 ⁸³
796 1380 880 1414 ἀγαλ-

92 1427 196 1464 μάτων,
213 1427 264 1454 ὅσα
286 1428 351 1463 ἡμῖν
373 1427 491 1462 ἐμφανῆ,
509 1427 699 1463 Θεωρήσωμεν,
718 1426 812 1461 Μέγας
830 1426 878 1461 μὲν

87 1470 138 1499 οὖν
157 1473 171 1499 ὁ
186 1472 252 1504 Θεὸς
275 1472 304 1498 ὲν
328 1474 383 1503 τοῖς
405 1471 505 1506 λογίοις
522 1473 655 1508 ὑμνεῖται,
672 1472 719 1498 καὶ
742 1472 770 1498 ἐν
797 1471 879 1507 μεγέ-

91 1519 143 1551 θει,
159 1519 205 1546 καὶ
228 1520 257 1546 ἐν
271 1518 342 1554 αὔρᾳ
364 1518 448 1555 λεπτῇ
465 1519 514 1554 τὴν
530 1519 604 1545 Θείαν
629 1517 797 1553 ὲμφαινούσῃ
818 1526 879 1552 σμι-

90 1565 225 1600 κρότητα·
245 1566 292 1592 κα)⁸
314 1564 420 1597 ταὺτὺς,
438 1565 500 1591 ὅταν
523 1565 560 1600 φῇ
581 1564 615 1590 τὰ
637 1563 722 1598 λόγια,
747 1563 789 1590 Σὺ
810 1563 844 1589 δὲ
863 1564 880 1590 ὀ

89 1610 183 1643 αὐτὸς
202 1611 243 1637 εἴ·
265 1611 312 1637 καὶ
335 1610 445 1646 ἕτερος,
473 1610 554 1646 ὴνίκα
577 1609 614 1641 ὠς
638 1609 811 1645 πολύσχημος
833 1608 880 1635 καὶ

90 1657 231 1692 πολυειδὴς
248 1657 299 1683 ὑπὸ
315 1657 368 1683 τῶν
385 1657 473 1684 αὐτῶν
499 1657 595 1691 λογίων
611 1657 815 1684 διαπλάττεταιθ
833 1655 880 1682 καὶ

88 1710 190 1740 ὅμοιος,
202 1704 239 1735 ὡς
254 1705 354 1740 ὁμοίων
369 1704 415 1730 καὶ
426 1703 582 1739 ὁμοιότητος
598 1703 751 1738 ὑποστάτης
761 1711 767 1717 ·
780 1701 825 1728 καὶ
834 1701 880 1728 ἀν-

90 1751 181 1786 όμοιος
204 1751 297 1782 πᾶσιν,
313 1750 351 1781 ὡς
375 1750 424 1776 οὐκ
449 1749 525 1780 ὄντος
549 1749 621 1785 αὐτῷ
644 1749 691 1775 τοῦ
707 1749 814 1784 ὁμοίου·
833 1746 880 1774 καὶ

90 1796 186 1828 ἑστὼς,
203 1797 250 1823 καὶ
266 1796 401 1831 ἀκίνητος,
419 1796 467 1822 καὶ
484 1795 636 1831 καθήμενος
652 1796 691 1827 είς
714 1795 760 1821 τὸν
782 1794 878 1824 αίῶνα.

86 1842 138 1868 καὶ
163 1841 336 1876 κινούμενος,
361 1841 398 1873 ὡς
429 1841 475 1867 ἐπὶ
498 1841 586 1867 πάντα
615 1841 810 1876 πορευόμενοςι
834 1841 880 1867 καὶ

86 1889 149 1915 ὅσαι
165 1887 242 1914 ἄλλαι
265 1887 376 1919 ταύταις
396 1887 557 1923 ὁμοδύναμοι
574 1886 720 1922 θεωνυμίαι
737 1886 804 1920 πρὸς
826 1886 879 1914 τῶν

90 1932 197 1968 Λογίων
214 1932 371 1968 ὑμνοῦνται.

933 1289 1025 1316 buitur
1036 1288 1156 1314 omnium
1174 1287 1289 1320 auctori,
1303 1292 1331 1315 et
1348 1288 1418 1315 idem
1435 1293 1461 1315 et
1480 1287 1564 1320 aliud,
1580 1292 1608 1316 et
1624 1289 1715 1317 simile

929 1340 955 1361 et
976 1334 1127 1367 dissimile,
1145 1339 1173 1361 et
1192 1338 1280 1361 status
1295 1338 1323 1361 et
1342 1339 1447 1366 motus,
1471 1335 1585 1370 agedum
1609 1341 1717 1370 quoque

929 1380 987 1407 haec
998 1380 1151 1406 divinorum
1165 1381 1304 1407 nominum
1318 1379 1474 1413 simulacra,
1486 1385 1620 1415 quatenus
1635 1381 1714 1408 nobis

930 1430 1034 1460 patent,
1057 1425 1224 1453 intueamur.
1244 1425 1356 1460 Magnus
1375 1426 1484 1460 quidem
1501 1425 1573 1453 Deus
1592 1427 1619 1453 in
1636 1425 1714 1454 Scri-

930 1472 1016 1506 pturis
1033 1471 1168 1505 laudatur,
1183 1475 1210 1498 et
1228 1472 1253 1498 in
1271 1472 1471 1506 magnitudine,
1487 1477 1515 1499 et
1530 1472 1556 1499 in
1581 1480 1648 1500 aura
1673 1478 1715 1500 te-

930 1518 976 1544 nui
996 1525 1056 1552 qua:
1073 1518 1192 1544 divinam
1215 1517 1333 1544 insinuet
1354 1518 1532 1552 parvitatem;
1556 1519 1626 1546 idem
1647 1526 1715 1553 quo-

930 1571 992 1598 que,
1005 1569 1034 1590 ut
1049 1564 1076 1590 in
1098 1563 1144 1590 illo
1162 1562 1368 1597 Scripturarum
1383 1563 1442 1590 loco
1459 1573 1465 1590 :
1484 1562 1522 1590 Tu
1535 1569 1622 1591 autem
1643 1565 1714 1591 idem

929 1609 984 1643 ipse
998 1617 1024 1636 es
1042 1608 1068 1642 1;
1085 1614 1111 1636 et
1127 1609 1196 1636 alius
1219 1616 1250 1635 ac
1275 1609 1412 1641 diversus,
1435 1614 1463 1635 ut
1478 1617 1540 1636 cum
1565 1609 1713 1638 multarum

930 1656 1078 1690 ﬁgurarum
1091 1662 1123 1682 ac
1139 1654 1288 1681 formarunt
1307 1654 1341 1681 ab
1357 1655 1451 1681 eadem
1474 1654 1615 1689 Scriptura
1639 1656 1716 1691 lingi-

931 1707 989 1734 tur;
1006 1706 1033 1728 et
1048 1701 1154 1733 similis,
1171 1705 1200 1728 ut
1216 1700 1346 1727 similium
1367 1708 1399 1727 ac
1416 1699 1602 1728 similitudinis
1619 1702 1714 1728 condi-

931 1750 989 1778 tor;
1004 1750 1031 1772 et
1046 1745 1188 1772 dissimilis
1202 1743 1340 1776 omnibus,
1360 1749 1388 1770 ut
1405 1743 1449 1771 cui
1472 1751 1525 1770 non
1547 1746 1582 1771 sit
1598 1744 1711 1778 similis;

930 1796 1006 1819 stans
1022 1791 1104 1818 etiam
1119 1795 1146 1818 et
1165 1789 1323 1822 immobilis,
1337 1797 1370 1817 ac
1394 1790 1491 1817 sedens
1508 1790 1535 1817 iu
1561 1790 1710 1823 saeculum;

930 1841 958 1865 et
975 1837 1094 1867 mobilis.
1109 1841 1138 1863 ut
1153 1837 1199 1871 qui
1216 1843 1263 1871 per
1278 1836 1370 1863 omnia
1386 1842 1524 1870 penetret;
1541 1841 1567 1863 et
1584 1843 1714 1870 quaecun-

930 1891 983 1919 que
997 1883 1049 1910 alia
1073 1882 1164 1909 divina
1181 1882 1291 1909 nomina
1318 1882 1360 1909 his
1384 1881 1583 1916 aequipollentia
1600 1890 1615 1908 a
1638 1881 1713 1909 Scri-

930 1930 1017 1966 pturis
1032 1929 1217 1957 celebrantur.

860 2012 874 2047 §
896 2010 935 2040 ll.

123 2086 217 2120 Μέγας
235 2085 285 2121 μὲν
301 2081 346 2111 οὖν
362 2085 376 2111 ὁ
392 2083 457 2115 Θεὸς
473 2083 643 2118 ὀνομάζεται,
661 2083 731 2110 κατὰ
747 2083 777 2110 τὸ
801 2082 872 2114 ἰδίως

959 2082 998 2109 Ac
1019 2087 1132 2116 magnus
1155 2079 1264 2115 quidem
1290 2081 1359 2108 Deus
1381 2079 1544 2114 appellatur,
1561 2079 1711 2108 secundum

87 2131 171 2159 αὐτοῦ
196 2131 276 2166 μέγα,
293 2130 324 2157 τὸ
339 2131 405 2157 πᾶσι
426 2131 482 2161 τοῖς
499 2129 625 2164 μεγάλοις
648 2129 743 2156 ἑαυτοῦ
768 2128 875 2165 μεταδι-

87 2177 161 2208 δοῦν,
179 2178 226 2204 καὶ
241 2177 340 2208 παντὸς
355 2175 483 2211 μεγέθους
501 2174 599 2207 ἔξωθεν
614 2175 811 2211 ὑπερχεόμενον
828 2174 875 2201 καὶ

90 2221 354 2257 ὑπερεκτεινόμενον,
386 2221 475 2247 πάντα
505 2220 586 2247 τόπον
619 2220 754 2255 περιέχον,
787 2219 874 2246 πάντα

89 2266 204 2302 ἀριθμὸν
221 2266 396 2302 ὑπερόάλλον,
414 2266 502 2291 πᾶσαν
524 2265 650 2300 ἀπειρίαν
666 2264 810 2296 διαϐαῖνον,
828 2265 875 2291 καὶ

89 2312 161 2340 κατὰ
182 2312 213 2338 τὸ
236 2312 409 2348 ὑπερπλῆρες
431 2311 513 2337 αὑτοῦ
537 2311 583 2337 καὶ
611 2311 805 2346 μεγαλουργὸν,
827 2311 874 2338 καὶ

90 2360 138 2391 τὰς
160 2358 280 2394 τιηγαίας
306 2358 387 2384 αὑτοῦ
407 2357 521 2394 δωρεὰς,
542 2357 602 2384 καθ’
622 2357 683 2383 ὅσον
709 2354 787 2383 αὗται
807 2356 875 2392 πρὸς

88 2405 198 2432 πάντων
230 2403 406 2440 μετεχόμεναι
436 2403 507 2430 κατὰ
537 2402 718 2438 ἀπειρὸδωρον
742 2402 764 2417 ⁸³
787 2401 873 2437 χύσιν,

88 2454 220 2491 ἁμείωτοι
244 2450 381 2483 παντελῶς
405 2453 474 2483 εἱσι,
499 2452 546 2478 καὶ
575 2451 623 2487 τὴν
655 2451 738 2486 αὐτὴν
769 2451 875 2486 ἔχουσιν

87 2500 326 2536 ὑπερπληροτητα,
341 2500 388 2525 καὶ
406 2498 456 2524 οὐκ
472 2497 644 2524 ἐλαττοῦνται
659 2497 719 2527 ταῖς
738 2497 873 2531 μετοχαῖς,

87 2538 157 2575 ἀλλὰ
183 2547 231 2573 καὶ
257 2545 354 2581 μᾶλλον
381 2544 586 2580 ὐπερὸλύζουσι.
605 2543 641 2570 Τὺ
666 2542 779 2578 μέγεθος
797 2543 875 2568 τοῦτο

87 2594 136 2621 καὶ
151 2591 263 2628 ἄπειρόν
287 2592 355 2622 ἐστι,
372 2591 419 2617 καὶ
440 2590 550 2622 ima-0v,
574 2590 620 2616 καὶ
644 2589 805 2624 ἀνάριθμον·
828 2588 874 2614 καὶ

85 2638 168 2667 τοῦτό
196 2639 270 2664 ἐστιν
293 2638 310 2671 ἡ
333 2636 467 2671 ὑπεροχὴ,
499 2635 568 2661 κατὰ
600 2635 649 2670 τὴν
680 2634 811 2661 ἀπόλυτον
827 2635 875 2661 καὶ

86 2684 309 2721 ὑπερτεταμένην
324 2683 373 2717 τῆς
393 2682 578 2718 ἁπεριλήπτου
604 2681 809 2716 μεγαλειότητος
829 2681 876 2716 χύ-

87 2740 131 2758 σιν
149 2732 181 2758 ⁸⁸.

181 2830 188 2850 ¹
209 2830 282 2858 Psal.
300 2837 337 2863 cr,
355 2828 400 2856 28.

925 2128 976 2156 sibi
992 2127 1128 2162 propriam
1142 2126 1369 2161 magnitudinem,
1385 2133 1446 2160 qua:
1463 2125 1568 2160 magnis
1583 2126 1710 2154 omnibus

926 2175 959 2203 de
971 2182 999 2202 se
1011 2173 1204 2206 communicat,
1217 2177 1245 2200 et
1258 2173 1332 2200 omni
1346 2172 1526 2207 magnitudini
1539 2173 1710 2200 extrinsecus

932 2221 1138 2257 superfunditur
1158 2225 1186 2248 et
1211 2219 1467 2254 supraexpanditur,
1493 2223 1579 2246 locum
1601 2227 1710 2246 omnem

927 2267 1121 2302 complectens,
1146 2273 1256 2292 omnem
1276 2273 1417 2292 numerum
1434 2265 1579 2297 excedens,
1602 2273 1709 2293 omnem

926 2313 1083 2340 transiliens
1101 2311 1281 2343 inﬁnitatem,
1303 2315 1330 2338 et
1343 2310 1422 2344 juxta
1458 2318 1623 2346 supraquam
1651 2311 1709 2346 ple-

926 2360 1076 2387 nitudinem
1102 2366 1178 2385 suam
1204 2365 1237 2385 ac
1266 2357 1514 2392 magnificentiam,
1540 2357 1710 2392 lontalesque

925 2414 990 2434 suas
1005 2404 1224 2436 distributiones,
1244 2408 1379 2438 quatenus
1397 2403 1438 2430 hae
1462 2403 1588 2430 omnibus
1605 2403 1711 2430 inlinita

926 2452 1082 2488 profusione
1108 2449 1329 2482 communicatie,
1353 2455 1462 2476 manent
1485 2456 1596 2484 prorsus
1618 2449 1710 2476 immi-

926 2503 1009 2531 nuta,
1025 2503 1052 2525 et
1074 2497 1196 2525 eamdem
1222 2496 1325 2524 habent
1350 2503 1431 2530 supra
1453 2503 1534 2529 quam
1563 2494 1710 2529 plenitudi—

927 2551 1001 2577 nem,
1016 2551 1103 2578 neque
1123 2541 1379 2577 participatiouibus
1398 2541 1567 2572 minuuntur,
1587 2540 1710 2575 quiuimo

927 2590 1013 2625 magis
1033 2590 1194 2617 redundant.
1215 2589 1278 2616 [late
1301 2587 1460 2622 magnitudo
1481 2592 1510 2614 et
1531 2586 1634 2613 inlinita
1658 2591 1710 2619 est,

927 2639 956 2662 et
985 2635 1146 2669 quantitatis
1175 2642 1207 2661 ac
1239 2634 1345 2660 numeri
1381 2640 1504 2668 expers:
1529 2637 1556 2658 et
1586 2632 1644 2660 haec
1668 2637 1711 2658 est

929 2680 1089 2708 excellentia
1104 2680 1251 2708 secundum
1272 2679 1431 2707 ell‘usionem
1452 2679 1601 2706 absolutam
1618 2684 1645 2705 et
1662 2686 1710 2705 su—

928 2733 1058 2760 praquam
1102 2731 1243 2754 extensum
1277 2725 1486 2760 magniﬁcentia:
1509 2732 1561 2752 non
1584 2732 1708 2758 compre-

926 2771 1028 2798 hensze.

730 2872 844 2900 VARI/13
864 2873 1067 2903 LECTIONES.

123 2935 145 2951 ‘“
163 2933 327 2968 ἀνατίθεται,
346 2933 375 2962 S.
412 2933 433 2949 ⁶²
450 2929 624 2967 θεωνυμικῶν
641 2930 707 2967 lege.
721 2968 727 2970 Α
748 2932 770 2950 ⁸³
786 2932 1009 2969 ἀπειροδύναμον.

1071 2934 1092 2950 ⁸³
1110 2934 1198 2971 φύσιν,
1215 2932 1247 2962 1).
1268 2934 1297 2962 S.
