1929 3061
209 182 257 210 ιιιι

796 186 825 213 S.
840 184 989 214 DIONYSII
1007 184 1238 213 AREOPAGITIE

1790 185 1844 213 9H

986 258 999 294 ς
1019 256 1076 286 ut.

245 348 361 377 Parvum
385 356 449 377 vero
463 349 521 378 sive
535 348 645 383 subtile,
669 350 695 377 in
719 350 778 385 ipso
799 350 909 384 dicitur,
926 357 989 385 qum

1085 348 1206 384 Σμικρὸν
1226 348 1254 375 δὲ
1278 349 1338 384 ἦτοι
1360 348 1467 380 λεπτὸν,
1492 348 1535 375 ἐπ’
1557 347 1639 376 αὑτοῦ
1662 349 1781 383 λέγεται,
1808 351 1837 377 τ)

199 403 319 424 -0mnem
341 396 438 423 molem
451 400 479 423 et
493 395 651 424 distantiam
665 395 769 432 eﬁ'ugit,
782 401 810 424 et
823 397 925 432 absque
943 397 995 424 im-

208 442 364 476 pedimento
376 441 460 478 486
475 446 573 469 cuncta
589 443 722 477 pervadit.
738 443 819 478 Atqui
835 442 917 470 etiam
937 450 996 470 om-

210 487 285 514 nium
297 487 471 515 elementaris
482 495 562 515 causa
574 493 615 515 est
631 487 695 515 illud
710 496 838 523 parvum;
856 495 995 524 nunquam

208 533 281 559 enim
296 532 412 560 formam
431 533 505 568 parvi
521 533 640 568 reperies
654 541 707 561 non
724 535 925 569 participatam.
949 535 994 562 Sic

209 578 290 613 igitur
304 579 330 606 in
350 578 407 606 Deo
417 579 602 613 accipiendum
619 585 661 607 est
675 587 799 614 parvum,
813 584 841 607 ut
858 581 884 607 in
902 581 994 607 omnia

208 629 236 652 et
252 632 300 660 per
315 625 406 652 omnia
421 626 547 661 expedite
561 633 664 659 means,
676 631 703 653 et
717 633 843 660 operans,
856 631 884 654 et
899 633 995 662 perva-

208 672 277 699 dens
299 681 381 708 usque
398 674 432 699 ad
457 673 610 700 divisionem
632 673 728 699 animt:
742 676 767 699 et
785 673 904 706 spiritus,
925 680 995 698 com-

207 726 303 753 pagum
319 726 421 754 quoque
441 723 464 746 et
482 718 673 750 medullarum,
699 718 876 745 discretivum
893 725 994 745 concu-

208 765 402 799 piscentiarum
419 770 443 792 et
456 765 644 800 cogitationum
661 764 748 791 cordis
761 784 769 797 ,
793 764 847 791 imo
871 764 992 791 omnium

1045 395 1146 427 παντὸς
1160 395 1243 429 ὄγκου
1259 395 1306 421 καὶ
1319 395 1502 431 διαστήματος
1515 395 1674 430 ὲκῦεϐηκὸς,
1690 396 1737 422 καὶ
1749 397 1780 423 τὸ
1795 397 1841 424 διὰ

1046 441 1156 468 πάντων
1175 441 1322 473 ἀκωλύτως
1338 441 1451 476 χωροῦν.
1469 441 1566 468 Καίτοι
1584 441 1630 467 καὶ
1644 442 1753 469 πάντων
1770 451 1841 469 στοι-

1047 492 1187 526 χειωτικὺν
1199 492 1222 508 ⁸⁵
1238 491 1324 518 αἴτιόν
1345 492 1403 518 ἐστι
1425 491 1456 517 τὸ
1479 491 1608 527 σμικρόν
1632 492 1735 528 οὐδαμῆ
1744 493 1767 508 ⁸⁸
1783 492 1842 528 γὰρ

1047 538 1174 573 εὑρήσεις
1196 538 1245 573 τὴν
1264 538 1310 564 τοῦ
1337 538 1452 573 σμικροῦ
1479 538 1551 564 ίδέαν
1568 537 1724 573 ἀμέθεκτον.
1744 537 1842 570 Οὕτως

1048 581 1094 610 οὖν
1103 584 1149 610 ἐπὶ
1164 583 1231 611 Θεοῦ
1242 584 1273 610 τὸ
1290 585 1404 620 σμικρὸν
1413 583 1615 618 ὲκληπτέον,ὼς
1628 584 1674 610 ἐπὶ
1690 584 1777 611 πάντα
1789 585 1840 611 καὶ

1046 631 1091 658 διὰ
1101 631 1207 658 πάντων
1217 631 1419 666 ἀνεμποδίστως
1427 631 1541 667 χωροῦν,
1552 631 1599 658 καὶ
1608 631 1735 666 ἐνεργοῦν
1743 631 1764 646 ⁸⁷
1772 651 1780 663 ,
1789 631 1839 657 καὶ

1047 676 1254 712 διικνούμενον
1263 677 1332 710 ἄχρι
1347 677 1492 711 μερισμοῦ
1506 677 1609 712 ψυχῆς
1623 685 1655 703 τε
1678 676 1727 703 καὶ
1742 677 1838 703 πνεύ-

1044 730 1149 758 ματος,
1161 723 1262 759 ἀρμῦν
1271 731 1304 750 τε
1316 723 1339 738 ⁸³
1351 722 1400 748 καί
1408 722 1538 757 μυελῶν,
1552 723 1600 749 καὶ
1613 722 1837 756 κριτικὲνὲνθυ-

1043 768 1166 803 μήσεων
1180 769 1228 795 καὶ
1243 768 1367 795 ἐννοιῶν
1379 768 1511 802 καρδίας,
1523 768 1621 804 μᾶλλον
1636 769 1664 795 δὲ
1677 768 1731 794 τῶν
1750 768 1838 794 ὀντων

207 818 268 845 quae
282 815 360 844 sunt,
374 819 426 838 non
440 811 512 838 enim
534 816 570 838 est
583 815 703 837 creatura
727 811 782 837 ulla
806 810 943 837 inuisibili:
964 819 989 837 ιη

1043 814 1168 841 ἀπάντων
1177 822 1184 828 ·
1192 814 1228 841 οὐ
1234 814 1287 849 γάρ
1294 814 1358 841 ἐστι
1367 815 1464 847 κτίσις
1471 814 1591 849 ἀφανὴς
1597 813 1723 840 ἐνώπιον
1728 813 1835 840 αὑτοῦ.

207 862 343 891 conspectu
356 857 413 891 ejus
426 862 456 884 ιιι.
471 856 528 884 Hoc
552 863 665 892 parvum
688 860 730 883 est
751 856 810 883 sine
832 857 992 891 quantitate,

205 901 266 928 sine
288 901 433 935 qualitate,
458 901 517 929 sine
544 901 716 933 inbibitione,
738 901 887 933 inﬁnitum,
907 901 993 928 incir-

205 947 411 982 cumscriptum,
426 947 517 974 omnia
531 947 776 983 comprehcndens,
794 947 882 983 ipsum
898 954 963 974 vero
977 954 993 973 a

205 991 280 1020 nullo
291 992 486 1028 comprehendi
502 997 603 1029 potest.

1047 859 1132 887 Τοῦτο
1147 860 1177 885 τὸ
1194 860 1308 895 σμικρὸν
1324 859 1424 886 ἄποσόν
1441 861 1509 891 ἐστι,
1525 860 1571 886 καὶ
1586 859 1728 894 ἀπήλικον,
1746 859 1836 894 ἀκρα-

1046 905 1102 937 τὲς,
1128 905 1250 941 ἄπειρον,
1269 905 1402 940 ἀόριστον,
1424 904 1617 940 περιληπτικὺν
1633 905 1751 934 πάντων,
1769 903 1839 930 αὐτὸ

1047 951 1075 977 δὲ
1093 951 1288 986 ἀπερίληπτον.

974 1077 989 1113 §
1011 1075 1066 1105 1v.

239 1158 312 1186 Idem
334 1163 425 1187 autem
442 1158 528 1194 ipsum
543 1163 586 1187 est.
600 1159 899 1195 supersubstantialiter
913 1163 993 1187 teter-

204 1211 281 1236 num,
299 1205 518 1238 inconvertibile,
531 1206 680 1233 secundum
695 1207 789 1234 eadem
802 1206 828 1233 in
844 1207 991 1241 semetipso

203 1258 318 1278 mancus
338 1258 455 1286 semper,
477 1256 505 1279 et
525 1253 621 1279 eodem
647 1252 727 1280 modo
752 1260 781 1280 se
796 1252 906 1284 habens,
929 1259 989 1279 om»

203 1296 283 1323 nibus
304 1303 381 1331 aeque
394 1304 523 1331 praesens,
548 1301 631 1332 atque
646 1297 733 1332 ipsum
749 1304 798 1332 per
813 1304 842 1323 se
859 1301 885 1323 et
899 1297 926 1324 in
947 1303 991 1324 se-

203 1341 264 1376 ipso
286 1341 400 1369 ﬁrmiter
420 1346 449 1370 et
469 1343 631 1370 intemerato
646 1343 672 1370 in
688 1342 880 1378 pulcherrimis
895 1349 990 1378 supra-

201 1387 355 1415 essentialis
376 1396 431 1416 suae
453 1388 604 1416 identilatis
620 1389 720 1417 ﬁnibus
737 1389 867 1420 locatum,
890 1388 990 1415 immu-

202 1434 298 1467 tabile,
311 1434 404 1469 lapsus
418 1442 526 1469 expers,
551 1442 724 1470 permanens,
748 1434 919 1466 invariabile,
935 1441 988 1461 non

1081 1158 1118 1185 Τὸ
1138 1157 1167 1184 δὲ
1190 1158 1287 1185 ταύτὸν
1311 1157 1479 1194 ὖπερουσίως
1501 1156 1595 1189 ἀΐδιον,
1619 1155 1764 1192 ἄτρεπτον,
1791 1156 1836 1192 ἐφ’

1044 1203 1143 1231 ἑαυτοῦ
1172 1204 1260 1240 μένον,
1287 1204 1331 1231 ἀεὶ
1347 1204 1369 1220 ⁸⁹
1387 1203 1456 1230 κατὰ
1478 1203 1512 1230 τὰ
1540 1203 1609 1230 αὐτὰ
1628 1203 1681 1229 ’καὶ
1702 1202 1836 1234 ὡσαύτως

1044 1249 1114 1284 ἔχον,
1137 1250 1218 1276 πᾶσιν
1239 1249 1369 1281 ὡσαύτως
1391 1248 1488 1284 παρὸν,
1512 1249 1559 1275 καὶ
1581 1248 1647 1275 αὐτὸ
1668 1247 1728 1275 καθ’
1753 1248 1836 1274 ἑαυτὸ

1043 1297 1087 1330 ἐφ’
1103 1295 1199 1323 ἑαυτοῦ
1217 1295 1354 1331 σταθερῶς
1377 1296 1423 1322 καὶ
1446 1295 1587 1330 ἀχράντως
1609 1296 1638 1321 ὲν
1659 1295 1716 1325 τοῖς
1739 1294 1835 1320 καλλί-

1043 1350 1115 1374 στοις
1131 1342 1229 1378 πέρασι
1245 1342 1294 1377 τῆς
1318 1340 1478 1377 ὑπερουσίου
1501 1340 1662 1374 ταύτότητος
1681 1339 1833 1374 ἱδρυμένον,

1041 1388 1239 1423 ὰμετάῦλητον,
1263 1387 1467 1422 ἀμετάπτωτον,
1491 1385 1620 1422 ἀρρεπὲς,
1643 1384 1834 1416 ἀναλλοίωτον,

1041 1435 1149 1470 ἀμιγὲς,
1173 1434 1263 1466 ἄῦλον,
1289 1433 1482 1465 ἁπλούστατον,
1509 1432 1674 1468 ἀπροσδεὲς.
1700 1431 1833 1464 ἀναυξὲς,

202 1481 375 1514 permistum,
398 1487 497 1514 expers
514 1481 646 1512 materiae.
671 1480 915 1516 simplicissimum,
932 1487 985 1507 non

1042 1481 1171 1516 Ξιμείωτον
1183 1501 1191 1513 ,
1216 1481 1345 1516 ἀγένητον
1359 1500 1367 1512 ,
1387 1480 1436 1515 οὐχ
1456 1480 1493 1511 ὡς
1518 1479 1601 1514 μήπω
1624 1478 1787 1513 γενόμενον,
1814 1477 1832 1512 ἢ

201 1527 336 1561 indigens,
359 1534 412 1554 non
425 1534 584 1562 augescens,
605 1534 657 1554 non
680 1526 866 1560 imminutum,
881 1526 989 1562 ingeni-

204 1576 274 1605 tum,
291 1580 344 1600 non
361 1577 491 1608 tanquam
512 1574 632 1600 nomium
656 1572 769 1606 factum,
792 1577 838 1600 aut
862 1572 988 1608 imperfe-

201 1623 288 1651 ctum,
309 1622 356 1646 aut
372 1618 405 1646 ab
422 1619 474 1646 hoc
489 1623 536 1646 aut
555 1619 606 1647 hoc
621 1627 674 1646 non
696 1620 807 1652 factum,
823 1626 911 1654 neque
926 1624 986 1646 tan-

201 1672 284 1700 quam
310 1665 385 1693 nullo
402 1666 481 1693 modo
497 1665 633 1698 existens;
659 1666 706 1693 sed
726 1670 853 1700 tanquam
875 1665 986 1694 omnino

201 1710 359 1746 ingenitum,
377 1715 403 1738 et
422 1710 545 1738 absolute
570 1711 731 1746 ingenitum,
754 1715 782 1737 et
796 1717 904 1745 semper
926 1710 985 1738 exi-

201 1761 285 1788 stens,
305 1760 333 1784 et
346 1763 394 1792 per
415 1763 445 1784 se
459 1755 623 1792 perfectum,
645 1760 727 1791 atque
743 1756 814 1783 idem
838 1756 985 1783 secundum

201 1808 242 1835 se,
262 1806 345 1836 atque
358 1810 372 1829 a
386 1802 478 1837 seipse
494 1802 668 1830 uniformiter
681 1807 709 1830 et
723 1803 817 1829 eadem
833 1802 924 1838 specie
940 1802 987 1830 de-

202 1848 389 1881 terminatum,
410 1853 492 1884 atque
508 1849 571 1876 illud
595 1849 666 1876 idem
687 1849 769 1876 etiam
790 1848 915 1876 omnibus
929 1848 987 1882 ejus

201 1892 381 1928 participandi
398 1894 543 1928 capacibus
560 1893 663 1927 aﬂlans,
686 1899 714 1921 et
736 1892 872 1921 alllut-ntia
889 1894 986 1921 identi-

203 1938 278 1971 tatis,
299 1943 327 1966 et
343 1946 425 1966 causa
441 1939 493 1966 alia
509 1939 571 1967 aliis
594 1939 768 1973 coordinans,
793 1944 821 1967 et
839 1939 984 1967 identidem

1039 1527 1207 1559 ἀτελείωτον,
1225 1527 1241 1562 ἢ
1259 1527 1311 1553 ὑπὸ
1327 1526 1403 1553 τοῦδε
1429 1526 1445 1561 ἢ
1463 1525 1521 1552 τόδε
1539 1526 1577 1561 μὴ
1603 1524 1758 1560 γενόμενον,
1775 1523 1832 1549 οὐδ’

1038 1572 1075 1604 ὡς
1093 1572 1204 1608 μηδαμῆ
1222 1572 1354 1608 μηδαμῶς
1370 1571 1410 1605 ὂν,
1420 1572 1477 1598 ἀλλ’
1492 1571 1586 1606 ὥσπερ
1602 1569 1831 1604 παναγένητον⁷⁰,

1038 1620 1085 1646 καὶ
1101 1618 1241 1650 ἀπολύτως
1265 1619 1406 1653 ἀγένητον,
1424 1618 1472 1645 καὶ
1489 1618 1531 1645 ἀεὶ
1554 1617 1594 1650 ὃν,
1618 1616 1664 1643 καὶ
1687 1615 1832 1646 αὐτοτελὲς

1036 1665 1076 1697 ὃν,
1094 1665 1141 1691 καὶ
1157 1665 1254 1691 ταύτὸν
1271 1664 1300 1691 ὃν
1317 1664 1378 1690 καθ’
1395 1664 1474 1691 ἑαυτὸ
1484 1665 1517 1696 ⁷¹,
1536 1664 1582 1690 καὶ
1604 1663 1649 1697 ὑφ’
1666 1662 1762 1688 ἑαυτοῦ
1781 1669 1831 1697 μο-

1036 1711 1142 1743 νοειδῶς
1158 1711 1204 1738 καὶ
1220 1710 1378 1742 ταὺτοειδῶς
1401 1709 1606 1746 ἀφοριζόμενον,
1622 1709 1670 1735 καὶ
1684 1708 1715 1734 τὸ
1730 1707 1831 1735 ταύτὸν

1039 1756 1069 1789 ἐξ
1083 1757 1179 1784 ἑαυτοῦ
1196 1758 1263 1784 πᾶσι
1279 1758 1335 1789 τοῖς
1352 1756 1475 1792 μετέχειν
1491 1755 1652 1791 ἐπιτηδείοις
1663 1754 1828 1788 ἐπιλάμπον,

1039 1805 1087 1830 καὶ
1101 1804 1135 1831 τὰ
1151 1804 1231 1840 ἕτερα
1250 1805 1307 1836 τοῖς
1323 1803 1426 1839 ἑτέροις
1443 1802 1597 1833 συντάττον,
1616 1800 1756 1836 περιουσία
1781 1799 1829 1825 καὶ

1039 1850 1112 1876 αἰτία
1134 1850 1306 1885 ταύτότητος,
1325 1851 1352 1877 ἐν
1369 1848 1457 1884 ἑαυτῷ
1473 1849 1519 1875 καὶ
1541 1847 1575 1874 τὰ
1598 1846 1707 1873 ἐναντία
1720 1843 1829 1875 τιίιτῶς

1039 1896 1184 1932 προέχον⁷¹
1198 1897 1267 1924 κατά
1283 1896 1332 1932 τὴν
1351 1896 1415 1931 μίαν
1431 1895 1477 1923 καὶ
1493 1894 1583 1930 ἑνικὴν
1593 1893 1642 1929 τῆς
1652 1892 1715 1927 ὅλης
1730 1890 1827 1917 ταύτό-

1039 1949 1121 1977 τητος
1137 1942 1324 1977 ὑπερέχουσαν
1340 1942 1438 1968 αἰτίαν.

207 1983 235 2010 in
251 1983 398 2019 semetipso
412 1992 443 2012 ea
457 1993 517 2020 quae
534 1986 605 2012 inter
618 1993 647 2013 se
664 1986 801 2014 contraria
827 1990 891 2013 sunt
920 1986 1107 2022 superhabcns
1131 1989 1280 2018 secundum
1293 1996 1374 2016 unam
1388 1992 1469 2023 atque
1485 1987 1592 2014 unicam
1623 1991 1732 2012 causam
1759 1982 1827 2011 emi-

202 2035 312 2058 nentem
328 2031 409 2058 totius
422 2031 581 2060 identitatis.

970 2102 1046 2140 5v.

234 2182 314 2210 Aliud
329 2188 430 2218 autem,
452 2185 515 2219 quia
536 2185 642 2213 cunctis
658 2185 830 2221 providentia
845 2193 894 2213 sua
913 2185 984 2214 Deus

1072 2186 1108 2213 Τὸ
1129 2186 1157 2213 δὲ
1181 2186 1283 2221 ἕτερον,
1306 2184 1399 2220 ἐπειδὴ
1421 2184 1487 2210 πᾶσι
1513 2179 1697 2217 προνοητικῶς
1720 2180 1734 2205 ὁ
1760 2179 1828 2210 Θεὸς

199 2230 286 2261 adest,
300 2233 329 2256 et
343 2234 454 2264 propter
470 2231 590 2258 omnium
604 2232 836 2259 conservationem
852 2232 882 2259 ﬁt
895 2234 984 2260 omnia

199 2276 226 2303 in
241 2274 378 2308 omnibus,
397 2276 461 2302 dum
483 2276 510 2303 in
534 2278 681 2312 semetipso
697 2278 863 2313 propriaque
885 2278 985 2306 identi-

199 2326 255 2348 tate
274 2321 464 2348 inemananter
478 2329 654 2356 permanens.
679 2327 707 2351 el
729 2325 878 2351 secundum
904 2332 984 2352 unam

198 2366 382 2394 incessantem
405 2367 592 2402 operationem
618 2369 670 2397 sibi
687 2370 737 2405 ipsi
759 2370 910 2404 adhrerens,
930 2371 987 2398 vir-

197 2415 256 2438 tute
272 2412 390 2446 quadam
403 2412 576 2440 indeliciente
595 2415 741 2448 scmetipse
757 2414 850 2447 tradit,
866 2415 900 2442 ad
915 2415 985 2442 divi-

197 2465 260 2484 nam
283 2457 398 2485 formam
421 2460 564 2487 conversis
587 2460 818 2495 imprimendam;
843 2460 982 2488 variarum

197 2510 288 2532 autem
313 2504 374 2537 Dei,
389 2505 538 2533 secundum
565 2505 747 2534 multiformes
765 2506 895 2540 visiones,
915 2506 982 2542 figu-

234 2621 254 2635 -ι
271 2616 355 2644 Hebr.
374 2624 412 2648 ιν,
432 2616 476 2643 12.

1036 2233 1164 2268 πάρεστι,
1183 2232 1229 2259 καὶ
1246 2231 1333 2258 πάντα
1349 2231 1378 2256 ὲν
1394 2230 1461 2256 πᾶσι
1485 2228 1528 2255 διὰ
1549 2227 1597 2263 τὴν
1613 2227 1721 2253 πάντων
1739 2233 1827 2260 σωτη-

1036 2280 1098 2314 ρίαν
1114 2279 1245 2314 γίγνεται⁷
1265 2277 1344 2313 μένον
1355 2276 1377 2292 ⁷³
1394 2277 1437 2310 ἐφ’
1460 2273 1555 2301 ἑαυτοῦ
1576 2273 1623 2300 καὶ
1646 2271 1696 2306 τῆς
1719 2270 1826 2302 οἰκείας

1035 2324 1197 2358 ταύτότητος
1213 2322 1415 2357 ἀνεκφοιτήτως
1431 2321 1492 2347 κατ’
1513 2319 1651 2354 ἐνέργειαν
1675 2317 1750 2353 μίαν,
1779 2316 1828 2342 καὶ

1036 2369 1173 2396 ἄπαυστον
1205 2367 1346 2403 ἑστηκὼς,
1374 2366 1421 2392 καὶ
1451 2364 1544 2391 ὲαυτὺν
1566 2362 1700 2393 ἐπιδιδοὺς
1722 2360 1827 2394 ἀκλίτῳ

1036 2414 1150 2449 δυνάμει
1173 2413 1241 2449 πρὸς
1274 2412 1405 2440 ὲκθέωσιν
1427 2410 1481 2437 τῶν
1506 2407 1753 2444 ἐπεστραμμένων·
1780 2406 1828 2432 καὶ

1037 2460 1086 2496 τὴν
1103 2460 1248 2495 ἑτερότητα
1264 2459 1318 2486 τῶν
1334 2457 1462 2485 ποικίλων
1478 2455 1524 2482 τοῦ
1540 2454 1607 2481 Θεοῦ
1624 2453 1693 2480 κατὰ
1709 2452 1760 2483 τὰς
1777 2460 1828 2478 πο-

1036 2505 1150 2537 λυειδεῖς
1165 2505 1272 2540 ὁράσεις
1296 2504 1441 2539 σχημάτων
1457 2502 1497 2535 ⁷⁸,
1515 2500 1596 2536 ’ἑτερά
1611 2507 1671 2526 τινα
1686 2500 1744 2530 τοῖς
1760 2506 1826 2532 φαι-

850 2675 967 2703 VARIAE
987 2674 1187 2702 LECTIONES.

230 2753 253 2769 ⁸⁸
265 2751 502 2791 αῖτιόνλὲστιάἰῃο
513 2751 644 2791 adjectivo
656 2754 865 2789 στοιχειωτικόν,
875 2756 970 2791 legitur
994 2755 1019 2781 in
1045 2755 1077 2782 1).
1093 2755 1122 2782 S.
1147 2755 1192 2791 5c.
1218 2753 1279 2781 Sar.

197 2793 218 2808 δη
236 2796 265 2825 τε
282 2795 336 2814 non
356 2787 457 2814 habent
475 2788 518 2825 D._
531 2787 573 2825 S._
583 2787 622 2825 P._
636 2792 667 2814 ut
690 2787 740 2825 uec
759 2791 841 2817 verba
868 2787 928 2825 quin:
953 2796 1120 2824 sequuntur,
1141 2790 1188 2816 καὶ
1203 2788 1324 2824 κριτικὸν
1347 2788 1433 2825 ὲνίλυμ

1333 2753 1355 2769 ⁸⁸
1371 2751 1504 2782 οὐδαμοῦ,
1524 2749 1552 2776 S.
1573 2748 1606 2776 Ρ.
1656 2747 1678 2762 ⁸⁷
1695 2746 1823 2782 ἐναργές.

1455 2781 1533 2813 σεων.
1551 2781 1762 2816 Adstipulaulur
1777 2781 1822 2808 Sc.

198 2829 224 2849 ιιι
240 2824 313 2855 Son,
325 2830 390 2860 quae
405 2826 495 2860 tamen
513 2822 541 2860 i_n_
557 2821 652 2860 Paulo,
665 2822 743 2860 cujus
758 2829 821 2851 sunt
837 2817 892 2852 haec
908 2817 1001 2857 verba:
1018 2817 1144 2860 leguntur
1158 2827 1191 2850 ad
1212 2817 1293 2852 Hebr.
1311 2832 1346 2850 tv.
1386 2817 1455 2860 ξνδζ
1523 2818 1708 2860 ᾶξξιὶιιβιιυιιιιι
1731 2817 1822 2860 μάνξγγ

198 2859 249 2890 αεὶ,
268 2851 386 2895 κατὰ’τὰ
398 2858 480 2895 αὐτὰ.
514 2857 542 2895 »⁷³
559 2858 623 2895 πᾶν,
642 2851 782 2895 ἀγένητον.
801 2851 1007 2888 sariri"
1027 2851 1087 2887 κᾶθ’
1105 2860 1201 2886 ἑαυτοῦ
1219 2851 1263 2887 Px
1287 2860 1308 2875 ⁷¹
1318 2858 1453 2895 περιέχον,
1474 2858 1501 2884 Ι).
1541 2853 1563 2869 ⁷³
1581 2853 1670 2888 μένων
1688 2851 1763 2888 1⁸8θὶ
1785 2851 1822 2878 iw

199 2894 263 2920 Coll.
282 2894 357 2920 Vien.
397 2893 420 2908 '”
438 2893 465 2919 S.
479 2892 615 2928 subjungit
628 2892 748 2929 μορφών.
