1929 3061
128 193 180 222 915

663 193 708 220 DE
725 192 851 221 DIVINIS
867 192 1066 227 NOMINIBUS,
1081 193 1156 221 CAP.
1177 192 1223 221 IX.

1695 190 1761 220 9η.

126 249 247 284 νομένοις
270 249 334 286 παρ’
355 250 370 277 ὅ
393 249 546 284 φαίνονται,
573 249 716 285 σημαίνειν
739 250 850 286 οἰητέον.
874 250 910 282 Ὧς

969 258 1060 278 rarum
1079 250 1247 283 diversitate,
1261 249 1383 284 quaedam
1398 248 1450 276 alia
1465 248 1498 276 ab
1513 247 1547 276 iis
1559 254 1619 283 qua:
1633 247 1696 276 visis
1710 248 1749 276 in-
1787 261 1789 263 ·

127 298 180 331 γὰρ
196 297 220 322 εἰ
241 295 290 332 τὴν
311 296 398 331 ψυχὴν
421 295 504 331 αὐτὴν
530 296 716 331 σωματοειδῶς
732 297 746 323 ὁ
762 296 840 330 λόγος
861 295 914 322 διέ-

126 343 235 374 πλαττε,
253 342 301 369 καὶ
324 341 393 378 μέρη
416 341 558 377 σωματικὰ
579 343 612 377 τῇ
629 343 726 378 ἀμερεί
750 343 914 378 περιέπλατ-

126 395 186 417 τεν,
210 386 310 422 ἑτέρως
337 386 465 421 ὲνοοῦμεν
490 387 533 413 ἐπ’
558 387 624 422 αὑτῇ
657 387 691 414 τὰ
723 387 914 424 περιτιθέμενα

127 431 196 466 μέρη
207 451 214 463 ,
230 433 263 467 τῇ
280 432 398 467 ὰμερείᾳ
413 434 446 468 τῇ
468 432 538 459 κατὰ
553 432 640 468 ψυχὴν
660 433 780 465 οἰκείως·
799 434 846 461 καὶ¹
869 443 914 461 κε-

125 478 212 514 φαλὴν
238 479 287 514 μὲν
303 479 348 506 τὸν
369 480 440 510 νοῦν,
458 479 559 515 αὐχένα
580 480 608 506 δὲ
627 480 676 516 τὴν
698 479 788 513 δόξαν,
814 480 860 516 (ὡς
885 483 913 508 ἐν

125 524 201 560 μέσῳ
216 525 295 559 λόγου
310 526 357 552 καὶ
372 526 509 561 ἀλογίας·)
527 526 622 561 στῆθος
637 527 665 553 δὲ
682 526 776 562 θυμὸν,
792 528 914 564 γαστέρα

122 570 153 597 δὲ
164 570 212 606 τὴν
227 571 383 607 ἐπιθυμίαν,
394 572 476 608 σκέλη
493 573 522 599 δὲ
538 573 584 599 καὶ
601 572 684 605 πόδας
699 573 748 609 τὴν
765 574 843 609 φύσιν
860 574 914 601 ἐλέ-

122 623 219 650 γομεν,
236 618 292 648 τοῖς
307 616 360 644 τῶν
378 617 468 653 μερῶν
484 618 596 653 ὀνόμασι
618 618 672 646 τῶν
688 619 829 655 δυνάμεων
846 628 914 656 συμ-

123 661 213 694 ϐόλοις
229 662 378 699 χρώμενοι·
397 664 486 700 πολλῷ
501 673 533 699 γε
555 665 652 701 μᾶλλον
673 667 719 693 ἐπὶ
741 667 787 694 τοῦ
805 668 913 695 πάντων

122 707 254 736 ἐπέκεινα
269 709 316 745 τὴν
333 710 478 746 ἑτερότητα
493 711 547 738 τῶν
566 712 676 748 μορφῶν
701 714 748 740 καὶ
771 713 824 741 τῶν
848 723 913 750 σχη-

124 753 229 788 μάτων,
247 755 333 789 ἰεραῖς
357 756 404 781 καὶ
425 755 588 790 θεοπρεπέσι
613 757 659 784 καὶ
684 760 827 793 μυστικαῖς
846 759 912 786 ἀνα-

121 797 252 830 πτύξεσιν
263 798 491 835 ἀνακαθαίρεσθαι
503 801 565 837 χρή.
574 802 629 829 Καὶ
639 803 663 829 εἰ
675 802 762 838 βούλει
773 803 808 830 τὰ
818 805 913 840 τριττὰ

119 841 178 868 τῶν
189 843 323 878 σωμάτων
339 845 464 880 σχήματα
485 845 524 882 τῷ
540 847 637 881 ἀναφεί
653 848 700 875 καὶ
716 849 912 885 ἁσχηματίστῳ

121 887 184 923 Θεῷ
199 888 340 924 περιάψαι,
359 890 458 922 πλάτος
476 891 524 927 μὲν
549 892 620 919 θεῖον
637 894 733 930 ῥητέον
754 895 803 931 τὴν
828 896 912 931 ὑπερ-

963 297 1119 329 sinuantur,
1140 295 1290 330 signiﬁcari
1315 295 1464 330 putandum
1486 299 1538 322 est.
1561 293 1746 328 Quemadmo-

964 343 1027 370 dum
1048 343 1120 370 enim
1136 342 1158 370 si
1175 342 1236 377 quis
1249 341 1396 378 cogitando
1416 342 1532 368 animam
1550 342 1583 369 ad
1608 347 1748 376 corporeae

965 389 1056 424 ﬁgurae
1072 388 1180 415 modum
1197 388 1281 423 ipsam
1299 392 1514 422 repraesentaret,
1528 391 1556 415 et
1575 387 1614 415 rei
1629 386 1747 422 partium

964 435 1068 470 experti
1092 440 1183 469 partes
1205 441 1354 469 corporeas
1373 433 1521 468 aﬂingerel.
1540 433 1594 460 alio
1615 433 1695 460 modo
1718 432 1748 460 in

963 488 994 507 ea
1017 485 1118 515 partes.
1139 487 1198 515 qua:
1212 480 1250 507 illi
1275 479 1412 507 attributa;
1424 478 1505 515 487
1521 483 1623 511 essent,
1645 477 1748 506 intelli-

963 533 1098 561 geremus,
1115 531 1197 562 prout
1210 526 1337 553 nimirum
1352 525 1479 552 convenit
1493 524 1578 559 ipsius
1600 523 1749 552 individui-

965 573 1027 605 tati;
1043 576 1070 600 et
1084 577 1166 608 caput
1177 573 1286 607 quidem
1301 571 1520 607 intelligentiam,
1532 570 1665 598 cervicem
1678 577 1746 597 vero

963 618 1117 653 opinionem
1140 618 1252 653 (utpote
1276 617 1393 645 mediam
1418 617 1490 644 inter
1511 615 1644 643 rationem
1667 620 1748 649 atque

963 663 1254 698 irrationabilitatem)
1276 668 1374 698 pectus
1399 667 1490 689 autem
1513 661 1601 694 iram,
1623 664 1747 687 ventrem

963 718 1028 738 vero
1041 710 1226 745 cupiditatem,
1240 717 1322 737 crura
1336 709 1454 744 denique
1470 716 1502 736 ac
1523 708 1606 743 pedes
1621 711 1748 734 naturam

963 757 1127 788 diceremus,
1149 756 1262 783 istarum
1284 755 1403 790 partium
1425 754 1583 783 nominibus
1597 761 1648 790 pro
1662 753 1749 781 facul-

963 807 1048 829 tatum
1067 802 1198 837 symbolis
1215 801 1332 835 utendo;
1348 801 1386 828 ita
1401 801 1485 828 multo
1500 807 1568 828 sane
1581 799 1681 836 potiori
1704 807 1749 827 ra-

963 849 1046 881 tione,
1059 848 1086 875 in
1101 855 1133 875 eo
1144 848 1189 882 qui
1202 847 1328 875 omnibus
1342 847 1454 879 eminet,
1468 846 1613 874 diversitas
1625 845 1669 873 illa
1691 844 1749 873 for-

963 901 1067 921 marum
1083 899 1164 929 atque
1186 893 1346 928 ﬁgurarum,
1366 892 1452 920 sacris
1465 892 1627 926 quibusdam
1646 899 1678 919 ac
1692 890 1750 918 Deo

121 935 233 969 ευρεῖαν
250 935 296 961 ἐπὶ
311 936 398 962 πάντα
414 937 460 963 τοῦ
477 937 544 964 Θεοῦ
561 939 687 973 πρόοδον·
707 941 793 976 μῆκος
808 941 846 974 δὲ,
863 942 910 978 τὴν

963 940 1091 976 congruis
1120 940 1298 975 mysticisque
1321 937 1578 973 erplanationibus,
1599 936 1748 972 anagogice

122 980 382 1017 ὑπερεκτεινομένην
393 983 426 1010 τὰ
441 983 489 1011 ὅλα
499 984 623 1021 δύναμιν·
641 986 720 1021 βάθος
731 987 769 1019 δὲ,
780 988 829 1023 τὴν
843 989 910 1016 πᾶσι

120 1027 180 1058 τοῖς
195 1024 268 1053 οὖσιν
292 1028 475 1064 ἀπερίληπτον
498 1031 667 1068 κρυφιότητα
691 1034 738 1059 καὶ
762 1034 907 1068 ἀγνωσίαν.

130 1071 198 1098 Ἀλλ’
208 1073 281 1105 ὅπως
298 1073 334 1109 μὴ
349 1073 473 1110 λάθωμεν
490 1076 601 1109 ἑαυτοὺς
610 1078 643 1104 ὲκ
652 1078 702 1113 τῆς
715 1079 769 1106 τῶν
785 1081 910 1116 ὲτεροίων

122 1118 270 1153 σχημάτων
286 1120 332 1146 καὶ
350 1121 460 1156 μρφῶν
482 1123 667 1157 ἀναπτύξεως,
684 1125 734 1158 τὰς
749 1126 911 1162 ἀσωμάτους

121 1162 276 1199 θεωνυμίας
291 1166 351 1197 ταῖς
375 1166 418 1193 διὰ
436 1168 577 1202 συμϐόλων
601 1170 737 1206 αἰσθητῶν
755 1172 910 1207 συμφύρον-

120 1214 178 1239 τες,
194 1207 234 1234 διὸ
259 1209 323 1243 περί
348 1209 397 1244 μὲν
424 1211 525 1240 τούτων
541 1214 570 1240 ὲν
585 1215 618 1250 τῇ
641 1214 794 1251 Συμϐολικῇ
820 1215 908 1243 θεολο-

121 1252 171 1288 γία
186 1254 225 1270 ⁷⁵·
243 1254 290 1281 νῦν
305 1255 334 1282 δὲ
356 1256 422 1283 αὐτὸ
445 1258 494 1293 τὴν
519 1258 593 1286 θείαν
618 1260 775 1296 ἑτερότητα,
804 1261 841 1297 μὴ
863 1262 912 1289 ἁλ-

120 1298 228 1327 λοίωσίν
256 1309 317 1328 τινα
340 1303 389 1338 τῆς
420 1304 621 1340 ὑπερατρέπτου
652 1306 813 1342 ταύτότητος
844 1308 911 1334 ὑπο-

121 1345 293 1382 πτεύσωμεν,
309 1348 376 1375 ἀλλὰ
393 1349 438 1377 τὸν
454 1352 552 1379 ἐνιαίον
568 1351 649 1379 αὐτοῦ
661 1352 907 1388 πολυπλασιασμὸν,

120 1391 171 1463 2;:
186 1391 236 1424 τὰς
253 1394 398 1428 μονοειδεῖς
412 1396 462 1432 τῆς
484 1398 531 1424 ἐπὶ
548 1398 637 1424 πάντα
658 1398 819 1432 πολυγονίας
843 1407 909 1434 προ-

168 1445 208 1463 uc.

168 1445 208 1469 υς.

960 991 1003 1015 est
1022 986 1210 1014 describenda.
1231 985 1265 1013 Et
1281 985 1304 1013 si
1325 985 1477 1020 tripartitas
1499 983 1622 1018 corporis
1646 983 1749 1015 ﬁguras

961 1033 1013 1068 ipsi
1030 1033 1094 1064 Deo,
1109 1033 1153 1066 Qui
1174 1032 1247 1066 tangi
1270 1039 1301 1059 ac
1327 1030 1438 1066 ﬁgurari
1465 1030 1577 1065 nequit,
1600 1029 1748 1056 attribuere

963 1077 1094 1110 volueris;
1112 1077 1202 1104 divina
1226 1076 1338 1111 quidem
1359 1075 1478 1103 latitudo
1501 1074 1615 1102 dicenda
1633 1077 1686 1107 est,
1707 1073 1748 1100 la-

963 1123 1067 1152 tissima
1081 1123 1114 1150 ad
1130 1123 1271 1150 universas
1284 1129 1327 1150 res
1342 1121 1512 1157 progressio;
1535 1120 1676 1155 longitudo
1698 1125 1748 1146 au-

964 1175 1029 1203 tem,
1049 1170 1173 1204 potentia
1193 1177 1254 1205 quae
1274 1176 1357 1203 supra
1372 1168 1463 1195 omnia
1485 1166 1665 1202 expanditur;
1685 1171 1748 1200 pro-

960 1216 1073 1244 fundum
1094 1224 1169 1249 vero,
1185 1223 1319 1244 arcanum
1335 1215 1399 1242 illud
1415 1214 1541 1242 omnibus
1560 1213 1746 1244 inaccessum,

964 1263 1141 1298 ejusdemque
1162 1263 1308 1298 ignoratio.
1324 1261 1421 1289 Verum
1436 1269 1469 1289 ne
1487 1260 1614 1287 fallamus
1631 1262 1748 1287 nosmet-

962 1309 1054 1344 ipsos,
1076 1309 1139 1336 dum
1163 1308 1248 1335 variis
1272 1307 1366 1342 ﬁguris
1399 1305 1550 1341 formisque
1575 1304 1749 1339 explicandis

961 1355 1123 1388 insistimus,
1148 1355 1301 1383 divinarum
1318 1360 1410 1381 rerum
1432 1354 1607 1388 incorporeas
1628 1350 1747 1386 appella-

961 1402 1051 1429 tiones
1069 1409 1131 1430 cum
1153 1401 1293 1436 signorum
1323 1399 1494 1427 sensibilium
1519 1397 1747 1433 appellationibus

961 1446 1166 1480 confundenda,
1189 1446 1222 1473 de
1251 1446 1295 1473 his
1317 1445 1345 1473 in
1359 1444 1511 1481 Symbolica
1536 1443 1672 1478 theologia
1690 1443 1747 1470 dis-

121 1484 271 1518 seruimus;
296 1494 368 1515 nunc
392 1492 482 1515 autem
517 1489 634 1517 divinam
661 1490 861 1524 diversitatem,
882 1498 916 1519 ne
950 1493 1129 1520 mutationem
1169 1493 1314 1528 quamdam
1348 1491 1425 1526 ejus,
1458 1490 1505 1526 qui
1537 1488 1748 1518 immutabiliter

122 1531 194 1558 idem
226 1537 279 1566 est,
301 1540 360 1561 esse
381 1535 562 1570 suspicemur,
583 1537 632 1564 sed
655 1538 746 1572 potius
776 1537 1028 1575 tnultiplicationem
1055 1539 1242 1575 singularem,
1276 1543 1304 1566 et
1337 1536 1525 1566 etuanationes
1555 1535 1692 1572 simplices
1713 1534 1747 1563 ad

121 1578 225 1607 omnia.

892 1661 905 1696 §
925 1660 978 1692 VI.

158 1755 270 1791 Ὅμοιον
286 1755 314 1782 δὲ
329 1756 375 1782 τὸν
390 1756 456 1783 Θεὸν
473 1758 497 1783 εί
516 1757 564 1792 μὲν
587 1757 624 1788 ὡς
646 1758 744 1785 ταύτὸν
760 1757 832 1784 εἴποι
854 1766 910 1790 τις,

1000 1757 1122 1786 Similem
1137 1765 1202 1786 vero
1221 1757 1304 1785 Deum
1320 1758 1343 1785 si
1359 1757 1421 1792 quis
1437 1756 1511 1784 dicat
1526 1761 1557 1784 ut
1571 1757 1708 1790 eumdem,
1722 1761 1749 1785 et

120 1801 159 1834 ὡς
174 1801 233 1828 ὅλον
250 1800 336 1827 διόλου
363 1801 451 1836 ἑαυτῷ
467 1802 588 1837 μονίμως
604 1802 651 1829 κα)⁸
665 1803 820 1838 ἀμερίστως
845 1802 909 1829 ὄντα

120 1848 224 1883 ὅμοιον,
241 1847 291 1874 οὐκ
306 1847 469 1882 ἀτιμαστὲον
485 1848 551 1882 ἡμῖν
567 1847 616 1882 τὴν
632 1847 678 1873 τοῦ
700 1847 792 1883 ὁμοίου
809 1848 909 1874 θεωνυ-

123 1893 197 1928 μίαν.
215 1894 246 1920 οι
262 1892 290 1919 δὲ
306 1892 423 1927 θεολόγοι
439 1893 484 1920 τὸν
500 1893 571 1929 ὑπὲρ
587 1893 674 1920 πάντα
690 1893 766 1926 Θεὸθ,
817 1894 907 1926 αὐτὸς,

121 1938 209 1966 οὐδενί
226 1947 307 1973 φασιν
323 1937 391 1965 εἶναι
412 1939 515 1974 ὅμοιον,
533 1939 614 1966 αὑτὸν
629 1940 657 1966 δὲ
673 1940 818 1976 ὁμοιότητα
834 1940 910 1967 θείαν

121 1984 265 2020 δωρεῖσθαι
287 1985 342 2015 τοῖς
359 1984 402 2010 ἐπ’
418 1984 499 2010 αὐτὸν
524 1985 773 2021 ἐπιστρεφομένοις,
840 1985 910 2012 κατά

120 2031 235 2066 δύναμιν
261 2031 374 2066 μιμήσει
395 2031 439 2057 τὸν
456 2031 478 2046 ⁷⁵
501 2031 571 2067 ὑπὲρ
593 2032 683 2059 πάντα
705 2032 752 2059 καὶ
779 2033 841 2067 ὅρον
863 2031 911 2058 καὶ

112 2077 209 2113 λόγον.
227 2077 282 2104 Καὶ
298 2077 370 2103 ἔστιν
386 2078 403 2112 ὴ
418 2077 468 2112 τῆς
485 2076 559 2109 θείας
575 2077 731 2113 ὁμοιότητος
747 2078 873 2113 δύναμις,
893 2079 909 2113 ὴ

120 2123 156 2150 τὰ
173 2124 349 2160 παραγόμενα
365 2123 454 2150 πάντα
470 2124 538 2159 πρὸς
553 2124 584 2150 τὸ
600 2123 684 2150 αἴτιον
701 2125 908 2160 ἐπιστρέφουσα.

122 2169 215 2197 Ταῦτα
231 2170 295 2204 γοῦν
312 2169 408 2206 ῥητέον
422 2169 505 2204 ὅμοια
519 2168 558 2205 τῷ
568 2170 589 2185 ⁷⁷
599 2169 668 2205 Θεῷ,
686 2171 732 2196 καὶ
748 2169 820 2197 κατὰ
835 2170 910 2196 θείαν

121 2213 213 2239 εἰκόνα
242 2214 289 2240 καὶ
320 2213 465 2248 ὁμοίωσιν·
490 2213 550 2240 οὐδὲ
573 2213 627 2250 γὰρ
650 2214 741 2246 αὐτοῖς
770 2214 816 2241 τὸν
846 2214 911 2242 Θεὸν

121 2259 223 2294 ὅμοιον,
244 2260 285 2286 ὅτι
309 2259 376 2295 μηδὲ
401 2259 543 2296 ἄνθρωπος
567 2261 599 2296 τῇ
624 2259 676 2296 ἰδίᾳ.
698 2261 781 2287 εἰκόνι
803 2261 909 2296 ὅμοιος·

121 2305 168 2331 ἐπὶ
189 2304 243 2340 γὰρ
260 2305 281 2321 ⁷⁸
297 2305 351 2331 τῶν
372 2305 513 2340 ὁμοταγῶν
539 2305 649 2333 δυνατὸν
672 2306 719 2333 καὶ
740 2307 820 2342 ὃμοια
843 2307 912 2334 αὐτὰ

121 2351 247 2386 ἀλλήλοις
270 2349 349 2384 εἷναι,
373 2353 420 2379 καὶ
443 2353 630 2388 ἀντιστρέφειν
653 2354 695 2387 ἐφ’
719 2354 837 2390 ἑκάτερα
860 2355 911 2390 τὴν

121 2398 277 2434 ὁμοιότητα,
301 2399 348 2425 καὶ
373 2396 443 2425 εἶναι
468 2399 551 2434 ἄμφω
578 2399 702 2436 ἀλλήλοις
731 2401 812 2436 ὃμοια
842 2401 912 2428 κατὰ

121 2444 325 2479 προηγούμενον
348 2445 440 2480 ὁμοίου
464 2444 550 2478 εἶδος·
568 2446 615 2474 ἐπὶ
636 2447 664 2473 δὲ
685 2446 733 2474 τοῦ
754 2447 840 2474 αἰτίου
863 2447 911 2474 καὶ

120 2490 175 2516 τῶν
192 2490 320 2518 αἰτιατῶν
335 2491 385 2517 οὐκ
400 2492 584 2527 ἀποδεξόμεθα
599 2493 648 2529 τὴν
664 2494 853 2530 ἀντιστροφήν.
871 2494 908 2520 Οὐ

121 2536 177 2572 γὰρ
194 2537 284 2572 μόνοις
299 2537 386 2564 τοῖσδε
403 2537 419 2573 ἢ
434 2539 521 2565 τοῖσδε
537 2540 568 2566 τὸ
583 2540 682 2576 ὁμοίως
691 2541 713 2556 ⁷⁸
730 2538 798 2568 εἶναι
814 2541 909 2576 δωρεῖ-

120 2590 183 2614 ται,
201 2582 268 2621 πᾶσι
291 2583 320 2608 δὲ
343 2584 399 2614 τοῖς
423 2584 579 2620 ὁμοιότητος
603 2586 744 2621 μετέχουσι
767 2586 813 2612 τοῦ
839 2584 910 2613 εἶναι

122 2627 226 2662 ὁμοίοις
241 2629 254 2654 ὁ
265 2628 331 2660 Θεὸς
348 2628 434 2661 αἴτιος
450 2629 582 2664 γίγνεται,
592 2632 638 2658 καὶ
654 2631 710 2658 ἔστι
727 2632 774 2658 καὶ
790 2631 875 2666 αὐτῆς
886 2632 909 2648 ⁸ο

123 2674 172 2710 τῆς
184 2674 406 2710 αὐτοομοιότητος
418 2675 582 2712 ὑποστάτης,
595 2678 641 2704 καὶ
650 2678 681 2704 τὸ
690 2679 719 2705 ἐν
730 2678 812 2705 πᾶσιν
819 2679 911 2714 ὅμοιον

961 1809 990 1832 ut
1005 1808 1092 1832 totum
1108 1811 1157 1838 per
1169 1808 1256 1831 totum
1277 1802 1327 1830 sibi
1348 1802 1423 1830 unite
1435 1807 1462 1829 et
1477 1802 1697 1837 impartiabiliter
1710 1801 1748 1828 si-

961 1849 1062 1882 milem.
1070 1857 1123 1878 non
1131 1853 1174 1877 est
1186 1849 1391 1884 improbandum
1404 1856 1502 1876 nomen
1511 1849 1631 1876 divinum
1641 1847 1747 1877 similis.

961 1895 1090 1930 Theologi
1108 1900 1196 1922 tamen
1216 1895 1312 1927 Deum,
1327 1894 1373 1929 qui
1392 1898 1435 1922 est
1456 1902 1538 1930 supra
1559 1894 1662 1925 omnia.
1678 1901 1747 1929 qua-

962 1944 1039 1966 tenus
1059 1939 1118 1973 ipse
1142 1943 1203 1972 est,
1224 1938 1324 1966 nullius
1346 1939 1461 1967 similem
1490 1946 1552 1967 esse
1583 1939 1674 1972 aiunt,
1700 1938 1748 1966 sed

961 1984 1049 2020 ipsum
1066 1985 1185 2012 divinam
1211 1983 1418 2011 similitudinem
1441 1984 1506 2012 dare
1522 1984 1556 2011 iis
1570 1984 1616 2018 qui
1632 1983 1666 2011 ad
1685 1990 1751 2011 eum

960 2035 1170 2064 convertuntur,
1189 2031 1253 2058 dum
1281 2037 1345 2057 eum
1368 2037 1451 2065 supra
1473 2037 1580 2057 omnem
1602 2029 1752 2058 terminum

961 2086 994 2106 ac
1014 2078 1147 2105 rationem
1166 2084 1217 2112 pro
1232 2077 1337 2104 viribus
1357 2076 1511 2104 imitantur.
1523 2077 1613 2111 Atque
1629 2077 1687 2104 haec
1703 2080 1748 2104 est

961 2124 1060 2152 divina)
1082 2123 1266 2151 similitudinis
1281 2123 1337 2157 vis,
1360 2128 1390 2150 ut
1413 2123 1506 2151 omnia
1528 2131 1589 2158 qua:
1612 2123 1748 2158 producta

961 2175 1034 2204 sunt,
1049 2170 1083 2198 ad
1098 2175 1236 2197 auctorem
1251 2177 1330 2197 suum
1345 2173 1498 2197 convertat.
1515 2168 1569 2196 Ista
1586 2168 1669 2203 igitur
1689 2167 1746 2194 Deo

962 2217 1060 2244 similia
1075 2216 1188 2244 dicenda
1204 2220 1278 2249 sunt,
1289 2221 1320 2242 ut
1334 2215 1367 2243 ad
1386 2215 1444 2250 ejus
1460 2214 1605 2249 imaginem
1620 2220 1653 2240 ac
1670 2213 1747 2241 simi-

962 2263 1105 2291 litudinem
1120 2262 1224 2296 eﬁicta;
1241 2269 1294 2289 non
1319 2266 1408 2289 autem
1437 2262 1509 2288 Deus
1531 2260 1564 2288 iis
1582 2259 1681 2288 similis
1704 2259 1749 2286 di-

962 2311 1065 2339 cendus
1079 2315 1131 2342 est,
1145 2310 1209 2345 quia
1223 2316 1256 2336 ne
1276 2309 1385 2344 quidem
1402 2309 1483 2336 homo
1499 2312 1541 2335 est
1561 2306 1673 2342 imagini
1691 2313 1749 2334 suae

962 2358 1073 2391 similis;
1095 2356 1226 2392 quoniam
1242 2362 1302 2391 quae
1316 2355 1430 2390 aqualis
1456 2358 1530 2386 sunt,
1552 2357 1668 2389 possunt
1687 2352 1749 2387 qui-

964 2404 1024 2431 dem
1048 2403 1099 2432 sibi
1119 2403 1237 2430 invicem
1251 2409 1313 2430 esse
1337 2401 1448 2434 similia,
1464 2405 1493 2429 et
1508 2401 1542 2428 ad
1557 2405 1674 2435 utraque
1697 2407 1748 2434 po-

927 2444 949 2471 1)
965 2455 1017 2478 test
1033 2451 1083 2477 ista
1102 2449 1251 2477 similitudo
1266 2447 1443 2483 reciprocari,
1458 2452 1488 2475 ut
1502 2447 1558 2475 sint
1572 2447 1654 2474 ambo
1676 2445 1748 2473 invi-

964 2503 1022 2523 cem
1045 2495 1144 2523 similia
1165 2493 1314 2522 secundum
1334 2492 1509 2528 principalem
1535 2491 1653 2527 speciem
1667 2490 1749 2518 simi-

963 2542 1106 2575 litudinis;
1129 2541 1156 2568 in
1180 2548 1263 2569 causa
1287 2546 1352 2567 vero
1378 2539 1411 2567 ad
1435 2537 1550 2566 eﬁ‘ectus
1576 2544 1749 2572 nequaquam

963 2589 1136 2616 admittemus
1172 2587 1323 2616 istiusmodi
1358 2585 1615 2621 reciprocationem.
1651 2583 1749 2618 Neque

964 2636 1036 2662 enim
1052 2635 1119 2662 solis
1142 2635 1186 2662 his
1208 2639 1256 2662 aut
1277 2634 1332 2661 illis
1347 2633 1394 2661 dat
1415 2632 1486 2660 Deus
1509 2635 1538 2658 ut
1560 2630 1659 2658 similia
1681 2629 1749 2662 sint,

963 2681 1010 2709 sed
1034 2688 1116 2709 causa
1138 2686 1179 2709 est
1196 2689 1244 2708 cur
1266 2680 1364 2708 similia
1385 2680 1441 2708 sint
1462 2678 1565 2710 omnia,
1587 2678 1748 2712 quibuscum

781 2779 899 2808 VARle
914 2780 1114 2810 LECTIONES.

158 2844 182 2861 ⁷³
199 2846 287 2874 subdit
308 2846 338 2873 Ι).
361 2847 518 2882 εἰρήσεται,
538 2845 567 2872 Ρ.
587 2846 702 2882 εἴρηται.

124 2878 185 2909 Sar.
231 2882 252 2897 ⁷³
265 2881 375 2916 ὁμοίοις,
389 2878 421 2909 Ρξ
433 2882 478 2910 Sc.
491 2883 552 2910 δεῖ.
591 2878 618 2898 ⁸⁰’
631 2878 677 2910 καὶ
694 2884 772 2918 αὐτή,
791 2884 820 2911 S.
834 2878 880 2911 Sc.

744 2849 766 2888 "_‘
782 2849 849 2888 τέω,-
865 2849 893 2876 Ρ.
911 2850 940 2877 S-
953 2851 998 2880 Sc.
1040 2853 1061 2869 ⁷⁷
1079 2853 1116 2888 τῷ
1134 2861 1185 2881 non
1201 2858 1242 2881 est
1260 2854 1287 2881 in
1308 2853 1337 2881 S.
1351 2854 1382 2881 Ι).
1422 2853 1443 2869 ⁷³
1461 2853 1507 2880 ἐπὶ
1526 2852 1567 2886 μὲι
1590 2851 1653 2886 γάρι
1671 2848 1701 2876 Ρ·
1716 2847 1748 2876 D‘
