1929 3061
217 184 268 212 915

808 182 838 213 S.
854 181 1003 211 DIONYSII
1023 181 1252 212 AREOPAGI'I’E

1792 180 1848 208 916

214 241 362 269 similitudo
391 241 476 278 488
499 246 538 268 est
562 241 776 273 communicata,
801 241 929 277 idemque
953 245 995 269 est

1056 241 1116 277 ἴχνει
1132 241 1186 268 τινὶ
1201 241 1250 276 τῆς
1267 240 1341 271 θείας
1361 239 1517 276 ὁμοιότητος
1533 239 1624 275 ὅμοιόν
1643 241 1711 273 εστι,
1730 240 1778 268 κσίι
1795 240 1848 276 τὴν

213 288 296 314 etiam
316 288 399 322 ipsius
418 287 604 314 similitudinis
618 292 732 320 auctor;
750 292 777 315 et
801 288 932 322 quidquid
955 291 998 314 est

1053 287 1150 314 ἕνωσιν
1167 287 1256 314 αὐτῶν
1273 296 1304 314 συ
1308 287 1436 323 μπληροῖ.

215 334 241 360 in
260 334 385 361 omnibus
402 334 501 366 simile,
516 333 629 368 vestigio
644 334 761 368 quodam
789 333 889 360 divina:
911 332 1100 361 similitudinis
1130 333 1220 361 simile
1251 333 1363 368 existit,
1389 338 1416 360 et
1444 333 1600 361 eorumdem
1623 333 1847 368 conjunctionem

213 379 315 414 explet.

975 438 989 474 θ
1012 436 1082 467 vn.

252 509 305 537 Sed
324 517 452 544 quorsum
479 510 538 538 haac
564 510 712 538 dicuntur?
734 509 802 538 Nam
825 514 852 538 et
885 509 1001 545 ipsamet

215 556 355 590 Scriptura
380 555 444 583 dicit
471 555 555 583 Deum
583 564 643 584 esse
674 557 854 589 dissimilem,
881 556 1002 590 nullique

214 601 420 633 conferendum,
441 605 470 627 ut
492 601 526 628 ab
551 601 677 628 omnibus
700 602 851 633 diversum,
875 606 912 632 et,
929 600 1001 635 quod

214 647 302 682 magis
319 646 471 673 mirandum
484 650 536 679 est,
556 646 623 673 nihil
639 646 664 674 ei
687 653 748 674 esse
769 645 870 673 simile.
887 645 1002 672 Verum-

217 697 306 720 tamen
331 700 499 728 nequaquam
523 693 548 719 id
573 692 630 726 ejus
653 692 824 720 similitudini
849 697 1001 727 repugnat;

217 745 279 765 nam
294 738 388 766 eadem
406 737 460 765 Deo
473 744 501 765 et
514 737 612 765 similia
625 743 687 765 sunt
699 742 726 766 et
737 737 894 770 dissimilia;
906 738 1004 765 similia

215 783 340 819 quidem,
363 783 510 811 secundum
534 783 690 818 possibilem
706 783 764 817 ejus
781 783 828 819 qui
847 783 1004 818 participari

215 829 309 863 nequit
323 829 578 864 participationem;
600 829 743 857 dissimilia
757 837 831 861 vero.
852 830 1002 856 secundum

215 874 358 902 eﬂ‘ectuum
377 882 392 902 a
413 875 502 902 causis
531 875 713 903 dill'erentiam
744 875 857 902 inﬁnitis
893 882 1005 910 prorsus

216 921 376 956 parasangis
388 921 637 956 incomparabiliter
650 922 807 950 distantem.

1087 508 1142 536 Καὶ
1158 508 1185 535 τί
1200 508 1241 535 δεῖ
1256 508 1320 543 περὶ
1335 508 1430 535 τούτου
1450 508 1555 543 λέγειν;
1573 508 1646 544 Αὐτὴ
1671 508 1727 545 γὰρ
1743 510 1761 545 ἡ
1785 509 1849 536 θεο-

1051 555 1130 589 λογία
1140 554 1162 570 ⁸¹
1179 554 1209 581 τὸ
1225 554 1349 589 ἀνόμοιον
1365 555 1444 581 αὑτὸν
1462 553 1531 582 εἶναι
1549 555 1705 591 πρεσῆεύει,
1725 556 1773 582 καὶ
1789 557 1847 587 τοῖς

1053 601 1136 627 πᾶσιν
1152 599 1328 631 ἀσύντακτον,
1344 599 1382 631 ὡς
1398 599 1445 626 καὶ
1466 600 1574 627 πάντων
1591 601 1614 616 ε’
1630 600 1734 636 ἕτερον,
1751 601 1800 628 καὶ
1817 601 1848 627 τὺ

1053 646 1085 681 δὴ
1109 645 1335 681 παραδοξότερον,
1359 646 1399 672 ὅτι
1424 645 1491 681 μηδὲ
1513 644 1581 673 εἷναί
1603 655 1630 673 τι
1653 647 1747 682 ὅμοιον
1772 647 1849 682 αὐτῷ

1056 700 1133 728 φησι.
1151 691 1247 719 Καίτοι
1263 692 1312 718 οὐκ
1335 692 1454 724 ἐναντίος
1473 693 1488 718 ό
1512 692 1590 726 λόγος
1613 694 1645 728 τῇ
1671 693 1738 729 πρὸς
1764 693 1848 720 αὑτὸν

1055 738 1207 773 ὁμοιότητι·
1219 737 1254 764 τὰ
1269 737 1323 773 γὰρ
1335 737 1404 764 αὐτὰ
1420 738 1466 764 καὶ
1481 738 1561 774 ὅμοια
1577 739 1636 774 Θεῷ
1652 740 1698 766 καὶ
1714 739 1847 775 ἀνόμοια·

1055 784 1086 811 τὸ
1104 785 1153 819 μὲν
1169 783 1240 811 κατὰ
1263 784 1312 819 τήν
1329 783 1504 820 ἐνδεχομένην
1526 784 1572 811 τοῦ
1595 785 1733 821 ἀμιμήτου
1760 785 1849 821 μίμη-

1057 839 1098 857 σιν
1107 831 1129 847 ³³
1139 839 1145 846 ·
1162 831 1192 856 τὸ
1207 831 1245 862 δὲ,
1264 829 1335 857 κατά
1350 830 1380 857 τὸ
1396 830 1508 857 ἀπηδέον
1524 831 1578 857 τῶν
1594 831 1724 858 αἰτιατῶν
1739 832 1788 858 τοῦ
1803 833 1848 859 αι-

1054 876 1123 908 τίου,
1140 876 1187 902 καὶ
1205 876 1314 911 μέτροις
1330 875 1452 912 ἀπείροις
1468 877 1514 903 καὶ
1536 877 1711 913 ἀσυγκρίτοις
1728 877 1849 913 ἀπολιμ-

1057 923 1208 958 πανόμενον
1217 923 1250 948 ⁸⁵.

968 1001 983 1038 §
1002 1000 1084 1031 νιιι.

256 1092 325 1126 Quid
348 1096 437 1120 autem
453 1092 487 1120 de
503 1091 594 1119 divino
619 1096 690 1120 statu
713 1091 754 1119 vel
771 1092 834 1120 sede
856 1092 999 1120 dicamus?

1087 1092 1118 1120 Τί
1134 1093 1161 1120 δὲ
1179 1094 1225 1120 καὶ
1242 1094 1304 1127 περὶ
1321 1093 1371 1129 τῆς
1386 1093 1461 1126 θείας
1478 1094 1607 1127 στάσεως,
1617 1094 1677 1130 ἦτοι
1693 1095 1849 1131 καθέδρας,

216 1139 296 1173 Quid,
314 1139 436 1174 inquam,
450 1139 534 1170 aliud,
547 1142 729 1173 praeterquam
749 1145 859 1165 manere
874 1137 958 1165 Deum
973 1138 999 1165 in

216 1185 317 1220 seipse,
331 1189 358 1212 et
378 1185 404 1212 in
420 1185 515 1212 eodem
538 1189 610 1212 statu
627 1183 758 1211 immobili
774 1184 851 1211 ﬁrme
868 1184 961 1218 ﬁxum,
974 1189 1001 1212 et

217 1238 380 1266 supraquam
396 1230 536 1258 fundatum
557 1238 618 1258 esse
638 1230 783 1263 stabiliter,
804 1236 831 1258 et
853 1231 1000 1258 secundum

217 1277 311 1304 eadem
329 1280 356 1304 et
369 1277 442 1304 circa
458 1277 528 1304 idem
550 1276 637 1311 ipsum
652 1280 680 1303 et
695 1275 821 1303 similiter
840 1276 960 1310 operari,
975 1279 1003 1302 et

215 1323 328 1351 omnino
343 1330 403 1350 esse
425 1331 439 1350 a
459 1322 549 1357 seipso
571 1321 780 1353 immutabilem,
804 1327 832 1349 et
854 1329 907 1349 non
924 1329 1003 1356 posse

217 1369 412 1401 transmoveri,
423 1373 452 1396 et
464 1375 525 1396 esse
539 1376 572 1396 ex
586 1373 641 1396 toto
657 1368 832 1401 immobilem,
846 1373 928 1403 atque
944 1368 1002 1396 haac

217 1414 324 1449 quidem
345 1422 425 1450 supra
446 1414 641 1447 substantiam;
668 1415 724 1449 ipse
750 1415 820 1442 enim
848 1419 888 1442 est
915 1415 1004 1442 omnis

217 1464 304 1487 status
325 1465 354 1487 et
381 1459 514 1488 sessionis
541 1464 653 1492 auctor,
674 1461 720 1494 qui
749 1467 830 1495 supra
855 1461 1003 1488 sessionem

217 1513 325 1534 omnem
343 1513 376 1534 ac
392 1511 493 1534 statum
509 1506 612 1539 existit,
628 1510 656 1534 et
672 1507 698 1533 in
719 1506 778 1541 ipso
797 1511 895 1534 cuncta
911 1506 1002 1534 consi-

217 1556 304 1586 stunt,
323 1552 388 1580 dum
412 1553 438 1580 in
454 1553 586 1580 bonorum
609 1559 720 1581 suorum
744 1556 815 1579 statu
840 1552 1001 1580 inconcussa

218 1603 426 1626 εοηεειννειηιιιτ.

1053 1139 1160 1174 φαμέν;
1178 1139 1209 1166 Τί
1231 1140 1260 1166 δὲ
1283 1140 1346 1167 ἀλλο
1363 1148 1405 1174 γε,
1415 1140 1490 1176 παρὰ
1513 1141 1544 1167 τὸ
1555 1141 1579 1156 ⁸⁸
1602 1141 1693 1176 μένειν
1718 1141 1802 1168 αὑτὸν
1820 1143 1850 1168 ὲν

1054 1185 1142 1221 ἑαυτῷ
1154 1186 1199 1212 τὸν
1214 1185 1290 1219 Θεὸν,
1310 1187 1356 1213 καὶ
1378 1187 1406 1213 ὲν
1424 1187 1544 1223 ἀκινήτῳ
1559 1188 1701 1223 ταύτότητι
1725 1188 1849 1223 μονίμως

1055 1231 1217 1266 πεπηγέναι,
1233 1233 1279 1258 καὶ
1295 1232 1436 1268 ἀραρότως
1448 1233 1652 1269 ὑπεριδρῦσθαι,
1670 1234 1718 1261 καὶ
1729 1234 1759 1260 τὸ
1776 1234 1849 1260 κατὰ

1053 1278 1087 1304 τὰ
1103 1278 1172 1305 αὐτὰ
1195 1279 1241 1305 καὶ
1265 1279 1328 1314 περὶ
1350 1279 1380 1305 τὸ
1396 1279 1460 1305 αὐτὸ
1485 1279 1532 1305 καὶ
1555 1279 1686 1312 ὡσαύτως
1711 1281 1848 1315 ἐνεργεῖν.

1055 1325 1102 1351 καὶ
1127 1324 1197 1351 κατὰ
1213 1325 1242 1351 τὸ
1258 1325 1445 1360 ἀμετάστατον
1464 1326 1544 1352 αὐτὸν
1565 1326 1595 1359 ἐξ
1615 1326 1712 1353 ἑαυτοῦ
1737 1327 1848 1358 πάντω,

1054 1370 1197 1406 ὑπάρχειν,
1219 1371 1266 1397 καὶ
1283 1371 1354 1398 κατὰ
1367 1371 1398 1398 τὸ
1413 1372 1612 1408 ἀμετακίνητον
1628 1373 1702 1404 αὐτὸ,
1724 1373 1772 1400 καὶ
1793 1372 1849 1400 ὀλι-

1055 1414 1110 1446 κῶς
1133 1415 1270 1451 ἀκίνητον,
1290 1417 1337 1443 καὶ
1359 1416 1446 1443 ταῦτα
1467 1417 1650 1453 ὑπερουσίως’
1681 1417 1763 1450 αὐτὸς
1792 1418 1849 1453 γάρ

1056 1461 1130 1488 ἐστιν
1144 1462 1158 1488 ό
1173 1462 1221 1497 τῆς
1236 1462 1342 1489 πάντων
1355 1462 1474 1494 στάσεως
1489 1463 1535 1489 καὶ
1547 1463 1626 1499 ἕδρας
1639 1464 1735 1496 αἴτιος,
1746 1465 1761 1491 ὁ
1775 1464 1849 1500 ὑπὲρ

1051 1508 1141 1535 πᾶσαν
1161 1507 1242 1544 ἕδραν
1262 1509 1309 1534 καὶ
1334 1509 1437 1541 στάσιν,
1462 1510 1508 1536 καὶ
1525 1511 1554 1537 ὲν
1576 1509 1649 1545 αὐτῷ
1670 1511 1760 1537 πάντα
1785 1518 1848 1536 aw-

1050 1553 1175 1589 έστηκεν,
1191 1555 1224 1581 ὲκ
1248 1554 1299 1589 τῆς
1314 1555 1367 1581 τῶν
1384 1555 1491 1582 οἰκείων
1506 1555 1615 1590 ἀγαθῶν
1643 1556 1764 1588 στάσεως
1781 1557 1849 1585 ἀσά-

1048 1599 1129 1628 λευτα
1139 1600 1380 1637 διαφυλαττόμενα.

1001 1684 1086 1722 ξΙΧ.

252 1757 324 1791 Quid
355 1765 447 1793 porro,
470 1757 579 1792 quando
605 1757 702 1784 iterum
733 1755 850 1790 theologi
876 1755 1002 1789 tradunt,

1092 1756 1124 1783 Τί
1139 1757 1176 1789 δὲ,
1194 1758 1240 1783 καὶ
1262 1758 1326 1784 ὅταν
1347 1755 1424 1788 αὖθις
1439 1757 1462 1782 οἱ
1485 1756 1602 1790 θεολόγοι
1619 1756 1666 1783 καὶ
1688 1756 1735 1782 ἐπὶ
1758 1756 1848 1783 πάντα

217 1809 280 1830 eum
294 1803 339 1838 qui
364 1803 511 1830 immobilis
531 1807 573 1830 est
596 1801 630 1829 ad
655 1801 783 1828 universa
808 1802 956 1836 procedere
974 1809 1006 1828 ac

218 1849 332 1880 moveri,
354 1856 442 1876 nonne
459 1849 485 1876 id
508 1849 590 1875 etiam
613 1848 718 1875 ratione
733 1848 849 1882 quadam
866 1847 921 1874 Deo
941 1854 1007 1874 con-

219 1902 286 1929 grua
307 1894 511 1928 intelligendum
535 1893 600 1922 est?
622 1893 670 1920 Pie
693 1893 829 1928 siquidem
854 1892 1004 1928 putandum

220 1945 262 1968 est
276 1941 362 1976 ipsum
381 1941 493 1973 moveri,
516 1949 569 1968 non
591 1940 739 1968 secundum
759 1939 935 1970 delationem,
956 1939 999 1966 Vel

221 1987 449 2020 immutationem,
461 1987 503 2014 vel
516 1987 716 2019 alterationem,
729 1986 771 2013 vel
783 1986 1003 2019 conversionem,

221 2038 270 2061 aut
294 2033 406 2061 localem
423 2037 538 2065 motum,
552 2033 594 2060 vel
619 2038 734 2065 rectum,
752 2032 794 2059 vel
809 2032 1003 2063 orbicularem,

219 2079 262 2107 vel
275 2087 307 2107 ex
327 2080 450 2114 utrisque
468 2083 650 2112 ccustantem,
676 2079 716 2106 vel
741 2078 939 2111 intellectilem,
957 2077 999 2104 vel

221 2125 383 2158 animalem.
405 2125 447 2154 vel
471 2125 640 2157 naturalem,
673 2126 720 2152 sed
751 2125 900 2153 secundant
932 2124 1004 2159 quod

221 2172 293 2198 Deus
307 2172 398 2199 omnia
414 2171 440 2198 in
456 2179 545 2198 rerum
562 2172 714 2198 naturalem
734 2171 860 2206 producit
872 2171 1006 2198 continet-

221 2225 284 2252 que,
305 2222 388 2253 atque
405 2218 531 2246 omnibus
552 2218 640 2245 modis
661 2218 743 2245 rebus
763 2217 890 2245 omnibus
913 2217 1005 2252 provi-

221 2264 277 2297 det,
292 2264 417 2291 omnibus
436 2265 513 2292 adest
529 2264 752 2298 incompreheose
770 2263 861 2290 omnia
884 2263 1005 2297 comple-

220 2313 331 2341 ctendo,
353 2311 436 2345 idque
450 2311 577 2338 omnibus
598 2311 777 2345 providentia:
794 2311 847 2337 viis
865 2315 892 2337 et
907 2318 1004 2345 opera-

222 2356 352 2384 tionibus.
376 2356 446 2389 Quin
472 2360 500 2383 et
530 2357 678 2384 immobilis
705 2356 751 2383 Dei
784 2360 873 2383 motus
900 2355 1005 2382 ratione

222 2403 340 2439 quadam
357 2404 412 2431 Deo
432 2403 602 2431 convenienti
625 2403 710 2437 possit
732 2402 888 2437 praedicari.
902 2402 941 2428 Ac
962 2409 1006 2428 re-

1057 1803 1194 1838 προϊόντα,
1212 1804 1258 1830 καὶ
1274 1803 1430 1838 κινούμενόν
1446 1811 1511 1837 φασι
1527 1803 1574 1829 τὸν
1589 1803 1727 1838 ἀκίνητον,
1739 1804 1770 1830 οὐ
1789 1804 1848 1830 θεο-

1057 1850 1169 1886 πρεπῶς
1191 1850 1239 1876 καὶ
1260 1849 1338 1876 τοῦτο
1364 1849 1491 1884 νοητέον;
1516 1849 1653 1875 Κινείσθαι
1676 1848 1731 1884 γὰρ
1765 1849 1847 1875 αὐτὸν

1056 1894 1175 1926 εὐσεϐῶς
1201 1894 1314 1929 οἰητέον,
1331 1895 1361 1920 οὐ
1389 1893 1458 1920 κατὰ
1487 1893 1582 1929 φορὰν,
1610 1893 1627 1929 ἡ
1651 1893 1804 1925 ἀλλοίωσιν,
1829 1894 1846 1928 ἢ

1056 1940 1226 1975 ἑτεροίωσιν,
1253 1940 1270 1974 ἢ
1293 1939 1405 1975 τροπὴν,
1429 1939 1446 1974 ἦ
1468 1938 1581 1974 τοπικὴν
1602 1938 1718 1974 κίνησιν,
1740 1938 1770 1964 οὐ
1797 1938 1847 1973 τὴν

1057 1985 1172 2017 εὐθεῖαν,
1190 1985 1220 2011 οὐ
1237 1985 1286 2020 τὴν
1302 1984 1511 2020 κυκλοφορικὴν,
1528 1984 1558 2010 οὐ
1574 1983 1624 2019 τὴν
1639 1982 1669 2016 ἐξ
1684 1984 1797 2019 ἀμφοῖν,
1815 1984 1846 2010 οὐ

1055 2033 1105 2068 τὴν
1120 2032 1228 2068 νοητὴν,
1241 2032 1270 2058 οὐ
1287 2032 1338 2067 τὴν
1352 2031 1479 2066 ψυχικὴν,
1496 2030 1526 2056 οὺ
1542 2030 1591 2066 τὴν
1607 2029 1724 2065 φυσικὴν
1732 2030 1766 2061 ⁸³,
1778 2029 1849 2056 ἀλλά

1055 2080 1086 2106 τὸ
1101 2081 1141 2112 εἰς
1156 2079 1248 2106 οὐσίαν
1265 2078 1342 2113 ἄγειν
1357 2078 1403 2105 τὸν
1418 2077 1483 2105 Θεὸν
1500 2078 1546 2105 καὶ
1563 2077 1682 2112 συνέχειν
1694 2077 1729 2103 τὰ
1745 2077 1847 2109 πάντα,

1056 2128 1103 2154 καὶ
1119 2126 1251 2158 παντοίως
1274 2126 1380 2152 πάντων
1405 2126 1538 2160 προνοεῖν,
1563 2125 1608 2151 καὶ
1630 2123 1661 2150 τὸ
1686 2125 1816 2159 παρεῖναι
1825 2124 1848 2139 ⁸⁷

1056 2173 1123 2199 πᾶσι
1138 2173 1171 2207 τῇ
1188 2172 1296 2198 πάντων
1317 2170 1422 2205 ἀσχέτῳ
1448 2170 1572 2205 περιοχῇ,
1597 2168 1642 2194 καὶ
1663 2169 1723 2200 ταῖς
1745 2169 1793 2194 ὲπὶ
1814 2167 1850 2194 τὰ

1055 2220 1118 2246 ὅντα
1141 2219 1230 2246 πάντα
1255 2217 1446 2254 προνοητικαῖς
1469 2215 1591 2252 προόδοις
1614 2215 1660 2242 καὶ
1682 2215 1848 2250 ἐνεργείαις.

1063 2266 1142 2292 ’Λλλά
1161 2266 1208 2292 καὶ
1233 2266 1353 2300 κινήσεις
1369 2264 1436 2290 Θεοῦ
1457 2263 1505 2290 τοῦ
1528 2263 1667 2298 ἀκινήτου,
1685 2262 1850 2298 θεοπρεπῶς

1055 2312 1095 2348 τῷ
1109 2312 1180 2347 λόγῳ
1198 2311 1386 2346 συγχωρητέον
1403 2309 1531 2344 ὑμνῆσαι.
1550 2309 1605 2334 Καὶ
1620 2307 1650 2334 τὸ
1668 2307 1718 2343 μὲν
1734 2307 1802 2333 εὐθὺ
1819 2307 1850 2334 τὸ

1056 2358 1162 2390 ἁκλινὲς
1178 2357 1296 2393 νοητέον,
1315 2357 1361 2383 καὶ
1376 2356 1425 2391 τὴν
1442 2354 1640 2390 ἀπαρέγκλιτον
1664 2353 1777 2388 πρόοδον
1793 2353 1850 2379 τῶν

1057 2405 1211 2441 ἐνεργειῶν,
1229 2405 1276 2431 καὶ
1290 2403 1341 2439 τὴν
1357 2402 1386 2435 ἐξ
1408 2401 1490 2428 αὺτοῦ
1513 2401 1567 2427 τῶν
1583 2401 1651 2427 ὅλων
1674 2400 1798 2434 γένεσιν·
1819 2400 1850 2426 τὸ

221 2453 282 2475 ctus
298 2449 406 2483 quidem
422 2449 612 2483 intelligendus
623 2449 658 2476 de
672 2448 873 2475 inllexibilitate
889 2453 918 2474 et
931 2447 1002 2475 inde-

1056 2451 1084 2477 δὲ
1100 2451 1244 2482 ἑλικοειδὲς
1259 2450 1308 2485 τὴν
1325 2449 1457 2484 σταθερὰν
1474 2448 1586 2484 πρόοδον
1602 2447 1648 2473 καὶ
1669 2446 1718 2482 τὴν
1734 2446 1850 2480 γόνιμον

221 2495 339 2522 clinabili
355 2501 498 2530 progressu
513 2495 710 2530 operationum,
725 2502 821 2529 eoque,
836 2495 882 2529 qui
898 2501 931 2521 ex
947 2495 1004 2528 ipso

222 2545 274 2573 est,
289 2548 380 2568 rerum
394 2540 516 2569 omnium
536 2545 613 2575 ortu;
635 2541 762 2575 obliquus
783 2545 873 2568 autem
890 2540 922 2568 de
941 2540 1002 2567 illa-

221 2593 282 2614 rum
297 2587 386 2615 stabili
403 2595 546 2623 progressu
561 2596 593 2616 ac
619 2588 736 2616 fecundo
756 2593 843 2621 statu;
861 2587 1003 2614 circularis

221 2633 339 2667 denique
366 2634 399 2660 de
425 2634 566 2662 identitate
590 2642 622 2661 ac
644 2635 830 2669 complexione
854 2634 1002 2661 mediorum

1057 2497 1163 2524 στάσιψ
1181 2497 1211 2523 τὸ
1223 2496 1250 2523 δὲ
1264 2495 1335 2523 κατὰ
1351 2494 1448 2522 κύκλον
1460 2494 1490 2520 τὸ
1500 2494 1607 2524 ταύτὸν,
1622 2494 1668 2520 καὶ
1684 2492 1714 2518 τὸ
1726 2492 1762 2518 τὰ
1777 2492 1851 2527 μέσα

1056 2543 1103 2570 καὶ
1130 2543 1203 2578 ἄκρα
1229 2542 1388 2578 περιέχοντα
1419 2540 1466 2567 καὶ
1493 2539 1673 2575 περιεχόμενα
1703 2539 1849 2574 συνέχειν,

1055 2589 1103 2616 καὶ
1125 2589 1175 2624 τὴν
1200 2590 1239 2621 εἰς
1262 2588 1344 2616 αὑτὸν
1363 2587 1417 2613 τῶν
1440 2586 1486 2612 ἀπ’
1509 2585 1591 2612 αὑτοῦ
1622 2584 1850 2620 προεληλυθότων

1055 2636 1230 2670 ἐπιστροφήν.

221 2684 303 2712 atque
331 2686 515 2708 extremorum
532 2689 592 2717 qua:
607 2682 746 2710 continent
761 2686 844 2716 atque
866 2680 1052 2713 continuentur,
1065 2685 1092 2708 et
1105 2682 1138 2708 de
1160 2682 1279 2714 illorum,
1299 2681 1382 2718 489
1403 2689 1464 2717 qua:
1486 2681 1520 2709 ab
1534 2682 1591 2716 ipso
1613 2679 1787 2715 prodierant,
1812 2676 1848 2704 ad

222 2727 310 2760 ipsum
327 2729 514 2757 conversione.

862 2773 978 2802 \‘AllIIE
996 2773 1195 2803 LECTIONES.

267 2832 354 2870 f“_xa‘t
370 2832 439 2868 αὑτὴ
455 2832 509 2868 γὰρ
525 2833 541 2868 ἡ
559 2833 691 2870 θεολογία,
710 2833 739 2870 Si
777 2834 798 2850 ⁸¹
817 2835 908 2866 πᾶσιν,
928 2833 957 2860 Ρ.
979 2833 1025 2861 Sc.
1043 2833 1090 2870 καί
1101 2840 1160 2870 non
1174 2836 1217 2870 est
1230 2832 1256 2859 in
1384 2832 1408 2870 ξι
1424 2829 1568 2870 praeponit“
1581 2828 1611 2856 P.
1627 2826 1844 2870 ξοῦιάμεθέκτου

222 2867 341 2930 μέθεξιν,
359 2876 418 2903 qua:
433 2867 513 2895 verba
527 2867 592 2895 sunt
607 2870 632 2897 in
641 2867 676 2896 'S.
690 2874 717 2896 et
731 2869 772 2899 0.,
787 2870 832 2896 sed
843 2870 885 2896 illa
900 2870 1010 2899 absunt.

231 2902 252 2929 ³.
303 2904 326 2920 ⁸⁸
342 2903 391 2930 τὴν
409 2905 525 2930 φυσικήν
538 2924 545 2930 .
565 2906 594 2930 D.
649 2905 670 2920 ³⁷
688 2905 726 2930 τῶ
743 2907 879 2930 παοεῖναι.
899 2905 927 2930 b.
941 2905 1000 2930 Sar.

303 2904 326 2920 “
342 2903 391 2941 τὴν
409 2905 525 2941 φυσικήν
538 2924 545 2937 ,
564 2906 594 2933 D.
649 2905 670 2920 ³⁷
688 2905 726 2942 τῷ
743 2907 879 2942 παρεῖναι,
899 2905 927 2933 b.
941 2905 1000 2933 Sar.

1055 2869 1078 2885 “
1095 2867 1255 2903 ἀτυγχύτως
1272 2861 1489 2903 ἀπολειπόμενον,
1508 2865 1536 2893 S.
1550 2865 1580 2892 ι).
1635 2864 1657 2880 θ’
1674 2863 1691 2898 ἢ
1709 2861 1787 2898 παρά
1803 2861 1845 2892 τό,
