1929 3061
207 150 261 178 905

811 145 839 172 S.
859 142 1009 172 DlONYSll
1025 141 1255 170 AREOPAGlTE

1787 137 1846 165 905

245 209 260 245 §
274 209 306 237 V.
322 207 408 236 Porro
421 206 604 234 indelicientis
624 205 705 232 istius
723 203 871 240 potestatis
886 209 1000 229 munera

1090 199 1104 236 ᾗ
1124 200 1156 228 V.
1187 199 1298 235 Πρόεισι
1322 198 1351 225 δὲ
1376 197 1406 224 τὸ
1439 196 1614 224 ἀνέκλειπτον
1640 196 1689 232 τῆς
1713 197 1846 232 τοιαύτης

213 257 241 283 in
258 255 383 283 homines
395 261 504 289 quoque
518 253 671 283 dimanant,
688 251 752 278 etin
767 250 906 282 animalia,
920 254 948 277 et
971 249 998 276 in

210 301 330 336 plantas,
354 303 495 333 totamque
522 303 647 325 naturam
675 296 808 324 universi.
833 294 999 324 Corrohorat

209 348 282 376 enim
303 346 348 374 illa
362 354 421 380 quae
437 346 511 372 unita
527 349 603 376 sunt.
628 349 720 379 partes
736 351 762 370 v.
784 351 812 378 ε.
838 342 921 369 totius
935 349 999 369 cor-

209 394 296 430 poris,
312 393 353 420 vel
366 394 449 420 etiam
463 391 608 423 elementa,
626 398 687 426 quas
712 391 823 425 quidem
848 390 998 417 secundum

210 441 302 475 aliqua
320 440 370 467 sibi
397 444 492 466 mutuo
509 439 726 472 communicant,
743 437 893 464 secundum
909 436 998 470 aliqua

212 495 277 513 vero
297 485 552 520 discrepantquoad
575 485 656 513 talem
687 484 917 512 communionem.
931 482 999 509 Cor-

210 533 323 559 rohorat
342 532 426 559 etiam
451 539 512 566 qum
534 531 663 558 distincta
690 535 765 562 sunt,
792 535 822 557 ut
849 530 998 557 secundum

209 585 288 604 suam
308 578 437 613 quodque
465 577 599 604 rationem
632 577 828 610 impermistum
857 577 997 604 consistat.

209 623 277 651 Cum
296 628 386 651 autem
407 623 547 658 quodlibet
564 623 663 650 habeat
676 623 799 651 ordinem
813 627 841 649 et
862 622 998 657 propriam

210 669 401 702 directionem,
414 670 469 697 lucc
484 670 567 696 etiam
582 670 703 701 roborat,
719 673 747 696 ut
758 669 784 696 in
799 669 909 704 proprio
924 676 999 702 qua:—

211 724 265 750 que
283 716 380 744 ordine
405 721 610 743 conserventur.
639 715 806 744 Corroborat
828 717 911 742 etiam
931 716 1000 742 vitas

211 762 380 790 immortales
396 762 581 797 angelicarum
600 762 747 795 unitatum,
763 762 869 790 scilicet
893 761 999 796 simpli-

211 810 284 837 cium
311 815 490 842 naturarum,
528 814 558 836 ut
592 809 761 837 inviolabiles
794 813 999 836 conserventur.

212 856 363 883 Conservat
378 855 461 882 etiam
480 855 591 883 Ordines
600 854 727 881 cmlcstes
741 854 934 881 immutubiles.
950 852 1001 880 Vc-

1049 247 1189 282 δυνάμεως
1207 246 1255 273 καὶ
1272 246 1312 276 εἰς
1332 244 1502 280 ἀνθρώπους,
1522 244 1569 270 καὶ
1595 242 1663 275 ζῶα,
1691 243 1740 269 καὶ
1757 242 1844 277 φυτὰ,

1049 294 1096 320 καὶ
1115 292 1165 328 τὴν
1185 292 1240 319 τῶν
1267 291 1336 318 ὅλων
1365 290 1456 325 φύσιν.
1483 290 1601 325 Δυναμοῖ
1627 289 1717 316 τοίνυν
1743 289 1847 316 καὶτὰ

1048 338 1187 375 ἡνωμένα,
1207 337 1242 364 τὰ
1262 337 1331 372 μέρη
1351 336 1431 371 τυχὸν
1449 335 1497 362 τοῦ
1506 335 1568 362 ὅλου
1580 335 1704 371 σώματος
1716 335 1733 370 ἢ
1744 336 1792 363 καὶ
1809 335 1848 362 τὰ

1050 384 1180 418 στοιχεῖα,
1190 382 1208 410 ἃ,
1225 382 1297 409 κατά
1305 390 1366 409 τινα
1378 381 1427 417 μὲν
1444 380 1569 416 ἀλλήλοις
1585 380 1753 412 κοινωνοῦσι,
1771 381 1847 408 κατά

1048 438 1109 456 τινα
1127 429 1156 456 δὲ
1176 428 1334 464 διαφέρουσι
1362 428 1432 463 πρὸς
1459 427 1509 463 τὴν
1533 426 1661 462 τοιαύτην
1688 428 1845 454 κοινωνίαν.

1049 477 1168 511 Δυναμοί
1183 476 1229 502 καὶ
1247 475 1282 502 τὰ
1300 473 1498 510 διακεκριμένα
1517 474 1558 505 εἰς
1576 473 1606 500 τὸ
1624 471 1694 500 εἶναι
1704 473 1775 501 κατὰ
1798 474 1846 501 τὸν

1049 524 1148 550 οἰκεῖον
1168 522 1247 556 λόγον
1275 522 1389 548 ἕκαστον
1416 521 1602 556 ἀσύμφυρτον.
1629 520 1705 547 Ἐπεὶ
1723 521 1753 547 δὲ
1779 521 1844 547 ἕκα-

1051 577 1112 596 στον
1131 569 1188 604 ἔχει
1215 568 1292 602 τάξιν
1320 568 1370 595 καὶ
1397 567 1522 594 εὐθεσίαν
1551 567 1629 599 ἰδίαν,
1655 568 1769 602 δυναμοί
1796 568 1848 594 καὶ

1049 615 1135 642 ταῦτα
1153 616 1193 647 εἰς
1211 615 1241 641 τὸ
1258 613 1438 646 διασώζεσθαι
1469 614 1509 645 εἰς
1527 612 1576 648 τὴν
1602 613 1705 640 οἰκείαν
1729 613 1848 640 ἕκαστον

1049 663 1136 697 τάξιν.
1158 664 1277 698 Δυναμοῖ
1297 662 1344 689 καὶ
1372 661 1422 694 τὰς
1451 661 1602 692 ἀθανάτους
1620 659 1693 693 ζωὰς
1720 659 1775 686 τῶν
1793 660 1848 694 ἀγ-

1050 709 1168 745 γελικῶν
1187 709 1299 741 ὲνὰὃων,
1333 707 1454 744 δηλονότι
1478 707 1533 734 τῶν
1560 706 1697 733 ἁπλοϊκῶν
1724 705 1847 740 φύσεων,

1051 758 1091 789 εἰς
1114 757 1145 783 τὸ
1164 755 1348 791 φυλάττεσθαι
1369 753 1581 790 ἀδιαλωὸήτους.
1598 753 1726 780 Φυλάττει
1737 752 1848 784 καὶτὰς

1051 803 1179 839 οὐρανίας
1205 801 1308 836 τάξεις,
1336 799 1539 832 ἁναλλοιώτους.
1560 799 1632 836 Πλὴν
1662 799 1699 835 μὴ
1725 799 1796 826 κατὰ
1815 798 1849 825 τὸ

1052 850 1146 881 ἀϊδίως
1166 846 1237 875 εἶναι
1256 849 1356 884 νοήσῃς
1374 847 1404 874 τὸ
1423 846 1610 878 ἀναλλοίωτον,
1631 845 1697 872 ἀλλὰ
1716 845 1788 872 κατὰ
1796 845 1849 881 τὴν

214 909 274 928 rum
305 900 362 929 noli
387 901 541 936 intelligere
579 900 826 928 immutabilitalem
853 899 1001 927 secundum

1058 895 1260 932 ἅπαραλλαξίαν
1277 894 1327 929 τῆς
1346 893 1394 921 τοῦ
1413 893 1512 925 παντὸς
1533 893 1645 926 τάξεως.
1666 892 1742 919 Ποιεῖ
1759 891 1850 918 δὲκαὶ

213 957 276 977 esse
290 949 498 984 sempiternum,
513 949 561 976 sed
586 948 735 976 secundum
752 946 1001 974 immutabilitatem

213 996 319 1024 ordinis
337 996 470 1023 universi.
488 995 559 1029 Quin
578 999 606 1022 et
629 995 737 1026 smcula,
753 998 782 1021 ut
807 1000 866 1021 esse
885 993 1001 1029 p055int,

213 1042 356 1078 indulget;
375 1047 464 1078 potest
479 1043 552 1070 enim
582 1041 664 1069 rebus
682 1041 855 1076 sempiternis
868 1045 1003 1075 tempora-

212 1089 266 1116 lem
284 1089 360 1124 quasi
387 1093 490 1116 motum
508 1088 653 1123 quemdam
678 1087 849 1122 spatiumque
875 1090 1003 1114 eoeneu-

213 1134 290 1162 dere.
305 1134 473 1162 Corroborat
487 1141 551 1162 vero
569 1134 651 1162 etiam
669 1138 860 1168 temporaneos
874 1139 1003 1168 progres-

213 1189 271 1216 Sus,
292 1187 428 1209 astrorum
455 1181 562 1209 scilicet
585 1181 730 1214 motiones,
756 1185 817 1214 qua:
843 1179 870 1207 in
887 1179 1002 1214 quodam

215 1228 346 1262 temporis
360 1234 474 1254 numero
489 1234 538 1261 per
552 1227 696 1254 duodecim
711 1227 845 1254 dictarum
859 1226 1003 1254 domortun

214 1273 301 1307 spatia
316 1273 420 1300 sensim
436 1279 589 1300 moventur.
614 1272 874 1300 Corroboratetiam
897 1271 1005 1300 revolu-

214 1319 314 1350 tiones,
334 1326 394 1353 quae
410 1318 444 1346 ab
460 1318 552 1353 aliquo
565 1323 664 1353 puncto
683 1319 717 1345 ad
732 1319 803 1345 idem
818 1322 947 1354 punctum
963 1324 1005 1345 re-

214 1371 338 1394 currunt.
347 1366 515 1395 Corroborat
527 1371 646 1401 quatuor
661 1365 805 1399 elementa,
819 1365 852 1393 ad
866 1365 1004 1400 proprium

214 1412 341 1448 quodque
350 1413 472 1440 ordinem
486 1417 592 1439 natura!
605 1412 798 1446 constringens
809 1418 842 1438 ac
849 1411 1004 1439 continens.

215 1458 382 1486 Corrohorat
409 1458 533 1485 viviﬁcos
559 1462 637 1485 terra:
667 1457 1006 1491 partus,corroboratne-

216 1512 281 1531 xum
297 1504 396 1532 anima:
407 1512 470 1532 cum
488 1512 612 1539 corpore,
635 1503 751 1531 suscitat
769 1503 885 1531 virtutes
901 1504 1006 1530 anima-

217 1551 257 1578 les
279 1551 312 1578 ad
341 1549 463 1585 plantam
491 1557 679 1585 sa‘penumcro
704 1549 847 1576 fovendam
861 1553 888 1576 et
905 1555 1006 1584 augen-

1053 942 1098 969 τὸν
1119 942 1205 969 αἰῶνα
1228 941 1372 968 δύνασθαι·
1398 940 1510 967 δύναται
1530 939 1626 975 γὰρτὸ
1644 937 1849 974 συμπαρεκτεί-

1053 988 1146 1016 νεσθαι
1160 989 1217 1020 τοῖς
1234 987 1329 1020 ἀϊδίοις
1351 984 1405 1014 οἷόν
1422 995 1449 1013 τι
1467 986 1590 1022 χρονικὸν
1605 985 1708 1020 κίνημα
1726 984 1774 1011 καὶ
1787 984 1849 1012 διά-

1055 1043 1157 1070 στημα.
1176 1035 1297 1069 Δυναμοῖ
1314 1033 1342 1060 δὲ
1360 1033 1408 1060 καὶ
1425 1032 1475 1065 τὰς
1495 1031 1624 1068 χρονικὰς
1641 1031 1780 1065 προόδους,
1796 1029 1849 1062 τὰς

1053 1081 1108 1108 τῶν
1122 1081 1245 1116 ἀστέρων
1275 1080 1375 1116 δηλαδὴ
1402 1080 1536 1115 κινήσεις,
1563 1079 1610 1105 ὲπί
1640 1086 1703 1104 τινα
1729 1077 1848 1113 ἀριθμὸν

1055 1127 1151 1164 χρόνου
1175 1126 1341 1162 διερπούσας
1367 1125 1402 1152 τὰ
1433 1125 1465 1151 ιδ’
1493 1124 1548 1151 τῶν
1581 1123 1735 1159 λεγομένων
1763 1122 1848 1150 οἴκων

1054 1174 1237 1209 διαστήματα.
1257 1172 1377 1207 Δυναμοϊ
1395 1170 1443 1198 καί¹
1463 1169 1514 1202 τὰς
1539 1169 1786 1201 ἀποκαταστάσεις,
1796 1168 1848 1200 τὰς

1054 1220 1109 1247 ἀπὸ
1128 1219 1241 1255 σημείου
1259 1217 1332 1250 τινὸς
1352 1217 1399 1244 ἐπὶ
1417 1217 1447 1244 τὸ
1465 1217 1532 1244 αὐτὸ
1555 1217 1666 1252 σημεῖον
1698 1215 1849 1250 ὲπαναδρο-

1057 1266 1120 1303 μάς.
1143 1267 1263 1301 Δυναμοῖ
1287 1265 1322 1292 τὰ
1335 1265 1455 1300 τέσσαρα
1475 1264 1605 1299 στοιχεῖα,
1624 1263 1664 1294 εἰς
1677 1262 1726 1298 τὴν
1742 1261 1848 1288 οἰκείαν

1054 1312 1170 1339 ἕκαστον
1188 1310 1263 1343 τάξιν
1273 1311 1322 1346 τῆς
1343 1309 1451 1345 φύσεως
1470 1307 1627 1343 συσφίγγων
1646 1306 1692 1332 καὶ
1715 1304 1847 1340 συνέχων.

1055 1358 1174 1392 Δυναμοῖ
1201 1355 1251 1388 τὰς
1278 1355 1427 1390 ζωογὸνους
1445 1353 1543 1385 ὠδῖνας
1561 1353 1610 1388 τῆς
1637 1351 1698 1386 γῆς.
1727 1349 1850 1384 Δυναμοῖ

1055 1405 1106 1440 τὴν
1127 1403 1249 1430 σύνδεσιν
1274 1402 1324 1437 τῆς
1343 1401 1431 1437 ψυχῆς
1459 1400 1528 1436 μετὰ
1555 1399 1690 1435 σώματος,
1724 1397 1850 1425 ἀνακινεῖ

1056 1450 1106 1482 τὰς
1123 1449 1242 1485 ψυχικὰς
1261 1448 1390 1484 δυνάμεις
1414 1447 1454 1479 εἰς
1473 1446 1503 1473 τὸ
1522 1445 1652 1476 πολλάκις
1670 1444 1780 1480 τρέφειν
1801 1443 1849 1470 καὶ

1057 1495 1149 1528 αὕξειν
1168 1495 1199 1521 τὸ
1215 1494 1310 1529 φυτὸν,
1330 1493 1377 1520 καὶ
1398 1493 1438 1524 εἰς
1461 1491 1527 1518 αὐτὸ
1550 1490 1629 1518 τοῦτο
1646 1488 1851 1517 ἐπανακυκλοῇ

1059 1543 1132 1574 σθαι,
1146 1542 1290 1577 διακρατεῖ
1308 1540 1358 1572 τὰς
1382 1538 1522 1570 οὐσιώδεις
1539 1537 1677 1572 δυνάμεις,
1698 1535 1849 1563 mussat.

217 1597 291 1628 dam.
308 1601 335 1624 et
351 1599 378 1623 in
395 1597 422 1624 id
438 1596 527 1632 ipsmn
556 1596 721 1624 revolvendo
744 1595 903 1624 essentiales
931 1596 1004 1622 vires

1058 1586 1247 1622 ἀσφαλίζεται,
1271 1585 1318 1613 καὶ
1339 1585 1424 1620 αὐτὴν
1447 1583 1497 1619 τὴν
1517 1583 1571 1609 τῶν
1594 1581 1705 1609 δικαίων
1722 1581 1850 1616 δωρεῖται

216 1642 381 1674 conﬁrmat.
408 1647 436 1669 et
463 1642 609 1677 ipsammet
641 1641 778 1676 justorum
807 1642 1006 1669 deiﬁcatiouem

217 1689 361 1724 elargitur,
377 1689 504 1716 virtutem
532 1688 599 1723 ipsis
612 1689 645 1716 ad
675 1688 726 1715 hoc
741 1688 874 1723 praebens.
889 1687 922 1714 Et
949 1687 1009 1714 uui-

217 1734 337 1764 versim,
376 1733 440 1760 nihil
464 1738 507 1760 est
538 1733 565 1760 in
592 1740 683 1760 rerum
724 1738 832 1765 natura,
858 1732 930 1767 quod
956 1740 1007 1759 non

218 1780 413 1815 omnipotentis
449 1780 601 1814 divinaeque
636 1780 744 1807 virtutis
769 1780 906 1814 particeps
932 1779 1007 1807 exsi-

219 1832 259 1853 sta
264 1831 283 1853 l.

255 1871 325 1908 ἐνὶ.
338 1872 394 1899 Etsi
410 1872 580 1899 contradicat
608 1871 636 1899 in
658 1871 735 1899 Actis
757 1871 866 1907 Elymas
893 1879 1008 1907 magus,

220 1918 335 1945 dicens:
368 1918 396 1945 Si
414 1918 588 1952 omnipotens
602 1917 685 1951 Deus,
711 1919 848 1953 quomodo
872 1926 888 1945 a
920 1923 1011 1946 vestro

221 1965 362 1998 theologo,
388 1964 472 1991 Paulo
506 1964 653 1997 videlicet,
699 1965 800 1991 dicitur
828 1964 933 2000 aliquid
957 1973 1009 1992 non

220 2018 300 2046 posse
326 2010 359 2037 k?
383 2009 534 2037 Cavillatur
558 2015 649 2037 autent
677 2011 765 2045 ipsum
786 2011 931 2043 dicentem,
957 2017 1010 2037 non

221 2064 301 2092 posse
319 2056 404 2084 Deum
426 2055 602 2090 semetipsum
620 2064 729 2091 negare.
758 2056 826 2083 Dum
839 2062 929 2084 autem
960 2056 1011 2084 hoc

222 2112 355 2139 propono,
374 2104 551 2131 vehementer
567 2108 672 2137 metuo,
701 2111 735 2132 ne
757 2105 852 2132 videar
865 2112 1012 2139 puerorum

222 2155 390 2178 structuram
406 2158 568 2179 arenaceam
586 2156 614 2178 et
640 2151 776 2178 iulirmam
799 2159 966 2189 oppugnare,
985 2157 1013 2179 ct

223 2197 258 2224 ad
272 2197 354 2232 hujus
368 2197 418 2224 loci
434 2204 555 2228 sensum,
577 2201 708 2232 tanquam
731 2197 764 2224 ad
781 2204 894 2232 scopum
906 2197 952 2231 qui
971 2202 1011 2224 at-

224 2245 292 2279 tingi
306 2248 442 2278 nequeat,
469 2244 620 2272 collimare.
646 2243 712 2270 Dico
735 2247 826 2270 autem
852 2243 935 2270 Deum
954 2250 1013 2270 esse

1058 1634 1166 1665 θέωσιν,
1194 1633 1308 1668 δύναμιν
1325 1631 1431 1663 τούτοις
1453 1632 1493 1662 εἰς
1508 1630 1587 1656 τοῦτο
1610 1628 1777 1664 παρέχουσα.
1795 1627 1851 1654 Καὶ

1058 1679 1188 1711 καθόλου,
1215 1678 1291 1705 οὐδὲν
1313 1678 1367 1704 τῶν
1385 1677 1470 1703 ὅντων
1488 1676 1572 1707 ἐστὶν,
1599 1675 1668 1710 ὅπερ
1689 1674 1719 1700 οὐ
1743 1673 1850 1709 μετέχει

1058 1727 1108 1762 τῆς
1125 1724 1378 1760 παντοκρατορικῆς
1402 1724 1449 1750 καὶ
1460 1723 1535 1754 θείας
1543 1721 1694 1757 δυνάμεως.

1096 1868 1109 1905 §
1130 1868 1172 1896 VI.
1195 1867 1292 1895 Καίτοι
1305 1866 1439 1901 ἐπαπορεῖ
1462 1865 1476 1890 ὁ
1497 1865 1525 1890 ὲν
1542 1864 1602 1895 ταῖς
1621 1862 1757 1898 Πράξεσιν
1776 1860 1852 1888 Ἐλύ-

1062 1925 1115 1952 μας
1134 1916 1147 1942 ὁ
1166 1915 1262 1950 μάγος,
1281 1913 1383 1948 λέγων·
1399 1913 1430 1939 Εἰ
1450 1910 1652 1945 παντοδύναμος
1669 1910 1684 1936 ὁ
1702 1908 1779 1940 Θεὸς,
1792 1907 1851 1939 πῶς

1061 1961 1137 1997 παρὰ
1157 1961 1204 1988 τοῦ
1223 1959 1283 1987 καθ’
1303 1959 1376 1994 ὑμᾶς
1403 1957 1538 1991 θεολόγου,
1560 1955 1667 1982 Παύλου
1688 1953 1798 1990 δηλαδὴ,
1808 1953 1852 1979 λέ-

1060 2017 1139 2043 γεται
1163 2007 1190 2034 τί
1223 2006 1260 2042 μὴ
1286 2004 1436 2035 δύνασθαι;
1458 1999 1480 2036 ᾧ
1506 2002 1538 2037 δὴ
1563 2001 1610 2028 καὶ
1631 1999 1789 2035 λοιδορεῖται
1811 1999 1851 2025 εἰ-

1062 2055 1150 2087 πόντι,
1173 2053 1209 2089 μὴ
1228 2051 1357 2079 δύνασθαι
1374 2050 1420 2077 τὸν
1448 2049 1514 2076 Θεὸν
1537 2047 1632 2074 ἑαυτὸν
1670 2045 1849 2081 ἀρνήσασθαι.

1068 2100 1140 2136 Ἐγὼ
1160 2100 1189 2127 δὲ
1215 2098 1345 2135 προσθεὶς
1369 2097 1458 2127 τοῦτο,
1487 2095 1547 2121 λίαν
1567 2092 1700 2128 φοϐοῦμαι
1723 2091 1760 2126 μὴ
1784 2090 1852 2136 δόξω

1062 2135 1244 2182 διαμάχεσθαι
1271 2143 1339 2178 πρὸς
1370 2139 1549 2177 μειρακιῶδες
1581 2138 1628 2165 καὶ
1662 2136 1774 2182 ἀσθενὲς
1805 2135 1852 2182 sui

1062 2179 1176 2228 ψάμμου
1211 2189 1390 2223 οἰκοδόμημα,
1410 2187 1457 2213 καὶ
1476 2181 1725 2219 καταστοχάζεσθαι
1753 2179 1852 2228 ὡσανεί

1064 2225 1135 2270 τινος
1156 2237 1301 2271 ἀνεφίκτου
1320 2232 1421 2261 σκοποῦ
1444 2232 1494 2267 τῆς
1519 2230 1582 2266 περὶ
1598 2228 1695 2255 τούτου
1722 2225 1851 2257 διανοίας.

223 2290 369 2317 veritatem
384 2298 391 2317 :
407 2290 509 2317 veritas
530 2295 621 2316 autem
636 2297 685 2316 ens
698 2294 751 2320 est,
766 2289 935 2316 mendacium
950 2296 1006 2316 vcrt

1064 2285 1138 2321 Φημί
1153 2283 1192 2317 δὲ,
1215 2283 1256 2310 ὃτι
1273 2282 1288 2309 ὁ
1311 2280 1378 2312 Θεὸς
1397 2278 1510 2314 ἀλήθειά
1533 2277 1623 2302 ἔστιν’
1644 2275 1660 2310 ή
1691 2272 1720 2322 δὲ
1734 2271 1854 2322 *ἀλήθεια

222 2335 307 2372 482
338 2343 424 2370 neque
463 2335 670 2363 consistentiam
705 2342 757 2363 nec
790 2334 933 2362 entitatent
967 2334 1015 2362 ha-

224 2384 281 2410 bet.
324 2382 352 2409 Si
399 2383 492 2417 itaque
525 2382 627 2409 veritas
673 2386 789 2417 negaret
820 2382 1014 2416 semetipsum,

225 2429 419 2457 succumberet
457 2427 610 2461 mendacio,
640 2432 670 2454 et
700 2427 726 2454 id
751 2427 823 2462 quod
844 2431 886 2454 est
908 2432 937 2455 et
965 2434 1016 2455 ex-

225 2475 300 2503 sistit
323 2475 436 2502 minime
461 2479 544 2501 esset.
562 2473 632 2508 Ergo
653 2472 718 2500 illud
735 2480 788 2501 non
814 2480 894 2508 posse
912 2473 939 2500 in
960 2473 1016 2501 Deo

226 2522 419 2553 constitutum.
433 2525 477 2548 est
487 2519 595 2555 signum
626 2519 740 2546 inliuilte
764 2519 890 2552 virtutis;
904 2519 1016 2554 perinde

226 2569 301 2595 enim
319 2572 361 2594 est
376 2574 410 2594 ac
437 2567 460 2594 si
484 2566 634 2598 diceretur,
649 2565 732 2592 Deum
763 2572 816 2593 non
832 2572 912 2600 posse
924 2565 1017 2593 facere

221 2614 347 2649 seipsum
364 2620 417 2640 non
429 2619 490 2640 esse
506 2613 602 2640 Deum.
617 2612 849 2646 Quemadmodum
866 2611 938 2638 enim
957 2611 1015 2645 lux,

222 2662 247 2688 in
266 2664 398 2695 quantum
412 2659 456 2686 lux
473 2663 523 2691 est,
551 2667 604 2686 nou
621 2663 710 2694 potest
736 2666 798 2686 esse
823 2659 940 2686 tenebrae
953 2667 961 2685 :
976 2658 1017 2686 sic

223 2711 251 2734 et
270 2708 326 2734 hoc
338 2704 508 2740 impossibile
522 2709 564 2731 est
582 2704 646 2737 Deo,
669 2709 780 2740 propter
794 2704 1016 2739 superabundan-

226 2757 280 2779 tem
301 2751 455 2778 veritatem.
484 2749 563 2778 Sicut
591 2750 675 2787 igitur
691 2750 762 2778 Deus
779 2758 916 2785 nunquam
936 2750 1016 2778 scivit

226 2799 380 2832 inscitiam,
396 2798 468 2826 sicut
485 2805 535 2826 nec
554 2799 629 2826 novit
646 2799 716 2835 ignis
729 2806 782 2827 non
796 2798 1015 2831 calefactionem,

226 2847 266 2875 sic
287 2854 375 2881 neque
398 2850 487 2882 potest
512 2854 566 2875 non
582 2854 681 2883 posse;
699 2847 771 2882 quod
786 2847 894 2883 sapiens
907 2845 952 2874 ille
967 2851 1016 2880 per

302 2907 315 2926 Ιι
331 2905 352 2934 ll
370 2905 440 2935 Tim.
459 2914 490 2940 ll,
510 2905 553 2934 l5.

1065 2318 1184 2362 δνμὲστι,
1203 2329 1235 2356 τὸ
1252 2329 1278 2355 δὲ
1287 2327 1384 2363 ψεῦδος
1401 2324 1583 2352 ἀνυπόστατον
1601 2321 1649 2348 καὶ
1678 2319 1715 2356 μὴ
1733 2318 1773 2345 ὸν.
1791 2318 1854 2345 Ἐὰν

1065 2375 1112 2404 οὖν
1130 2377 1283 2412 ἁρνήσηται
1306 2373 1407 2409 ἑαυτὴν
1429 2372 1446 2407 ἡ
1464 2369 1587 2406 ἀλήθεια,
1607 2367 1647 2402 τῷ
1665 2365 1757 2412 ψεύδει
1773 2373 1854 2412 grape-

1066 2408 1200 2455 mosisat;
1220 2408 1267 2448 καὶ
1286 2420 1317 2447 τὸ
1334 2419 1363 2446 ὸν
1386 2418 1432 2445 καὶ
1445 2417 1475 2444 ὂν
1495 2415 1532 2452 μὴ
1549 2415 1579 2441 ὸν
1597 2413 1682 2440 ἔσται.
1702 2411 1740 2438 Τὸ
1758 2408 1805 2437 οὖν
1817 2409 1854 2445 μὴ

1065 2468 1196 2497 δύνασθαι
1225 2468 1273 2494 ἐπὶ
1290 2465 1358 2493 Θεοῦ
1388 2463 1563 2498 ταττόμενον,
1586 2459 1690 2494 ἀφάτου
1715 2455 1854 2492 δυνάμεώς

1066 2518 1124 2544 ἔστι
1146 2516 1273 2551 σημεῖονο
1293 2514 1385 2548 ὅμοιον
1399 2511 1453 2547 γάρ
1478 2510 1552 2536 ἐστιν
1569 2507 1667 2536 εἰπεῖν,
1686 2507 1728 2534 ὅτι
1809 2503 1853 2530 δύ-

1066 2570 1144 2590 ναται
1166 2550 1262 2590 δνθεὸς
1286 2558 1396 2594 ποιῆσαι
1414 2555 1509 2583 ἑαυτὸν
1530 2553 1566 2590 μὴ
1576 2551 1644 2580 εἶναι
1662 2551 1737 2578 Θεόν.
1753 2550 1854 2594 Ὥσπερ

1066 2608 1121 2644 γὰρ
1149 2607 1180 2634 τὸ
1199 2606 1266 2642 φῶς,
1289 2592 1357 2632 καθὸ
1381 2602 1449 2637 φῶς,
1473 2601 1503 2628 ού
1523 2599 1631 2626 δύναται
1655 2597 1749 2627 σκότος
1775 2592 1853 2644 εἶναι,

1066 2655 1138 2682 οὕτω
1152 2653 1199 2680 καὶ
1223 2651 1302 2679 τοῦτο
1320 2649 1449 2677 ἀδύνατον
1469 2647 1507 2682 τῷ
1523 2645 1582 2681 Θεῷ
1603 2644 1648 2671 διὰ
1668 2643 1718 2679 τὴν
1737 2640 1854 2675 ἀνυπέρ-

1068 2701 1164 2737 ϐλητον
1185 2699 1322 2736 ἀλήθειαν.
1348 2697 1454 2730 Ὥσπερ
1484 2691 1531 2721 οὖν
1553 2693 1603 2724 ούκ
1623 2688 1693 2717 οἶδεν
1742 2687 1808 2737 Θεὸς
1827 2686 1855 2737 τὸ

1069 2733 1118 2785 μὴ.
1133 2733 1236 2774 εἰδέναι⁷
1263 2744 1384 2775 πώποτε,
1415 2741 1453 2774 ὡς
1474 2741 1505 2767 τὸ
1539 2738 1595 2774 πῦρ
1621 2737 1673 2785 οὐκ
1695 2733 1750 2785 οἰδε
1770 2734 1806 2785 τὸ
1820 2733 1855 2768 μὴ

1068 2780 1234 2832 θερμαίνειν,
1260 2791 1345 2822 οὓτως
1374 2789 1434 2815 οὐδὲ
1453 2787 1563 2814 δύναται
1590 2784 1620 2811 τὸ
1646 2783 1683 2832 μὴ
1710 2780 1852 2832 δύνασθαι·

1066 2828 1135 2877 δέερ
1153 2841 1167 2868 ὁ
1187 2838 1267 2874 σοφὸς
1290 2837 1350 2866 κατ’
1361 2834 1503 2872 εἰρωνείαν
1521 2831 1638 2866 Ἐλύμας
1656 2829 1706 2856 οὐκ
1716 2828 1853 2863 ἐννοήσας,
