1929 3061
104 188 151 219 905

107 249 225 285 μιμεῖται
243 246 296 271 τῶν
309 243 431 279 ἀθλητῶν
450 241 513 273 τοὺς

106 282 159 326 Iud};
169 293 288 328 γίνεται⁸
310 291 406 321 οἵτινες
428 287 500 315 κατά
520 286 550 312 τὸ
575 283 669 311 δοκοῦν
687 282 792 312 ἑαυτοῖς
806 287 889 328 -σκια-

108 325 232 376 μσίούσιν
252 336 375 364 ἀπόντων
403 334 458 361 τῶν
483 329 699 365 ἀνταγωνιστῶν,
725 328 772 354 καὶ
789 325 889 352 οἴονται

175 379 329 412 ἀντιπάλων
344 382 465 418 κρατεῖν,
481 379 518 416 μὴ
538 378 638 409 ειδότες
651 376 699 412 τὴν
723 375 833 401 ἐκείνων
843 372 890 400 δύ-

107 440 194 468 ναμιν.
219 431 316 466 Ἡμεῖς
343 429 382 460 δὲ,
409 424 672 461 καταστοχαζόμενοι
698 423 746 459 τῆς
773 420 891 452 διανοίας

108 478 150 505 τοῦ
168 477 240 504 θείου
259 475 377 506 Παύλου,
398 472 536 509 ὑμνοῦμεν
553 471 599 497 τὸν
617 470 682 497 Θεὸν
699 469 736 500 ὼς
758 467 891 504 μακάριον

108 524 151 551 καὶ
171 523 251 559 μόνον
269 522 411 555 δυνάστην,
439 519 476 550 ὼς
494 517 656 549 δεσπόζοντα
673 516 720 542 τοῦ
739 515 843 546 αἰῶνος,
854 514 891 545 ὡς

110 570 168 598 κατ’
179 569 254 596 οὐδὲν
273 565 469 594 ἐκπεπτωκότα
486 563 540 590 τῶν
559 563 653 595 όντων,
674 562 708 597 (εἱ
726 561 780 596 γὰρ
798 560 828 587 τὺ
845 559 891 586 δύ-

108 619 201 647 νασθαι
221 618 289 644 πᾶσι
306 617 362 647 τοῖς
389 612 462 641 οὖσιν
489 613 587 643 ἔνεστι,
616 611 723 641 πάντως
742 610 755 636 ό
779 607 849 634 κατά
865 615 892 632 τι

111 666 145 702 μὴ
162 665 320 699 δυνάμενος,
339 664 363 690 εί
375 662 411 698 μὴ
421 660 539 691 εὐσεϐῶς
556 660 586 685 τὸ
605 658 684 694 ῥητὸν
703 654 892 702 ὲκλαϐοίμεθα,

109 700 264 738 ἐκπεσεῖται
294 709 364 736 κατά
382 717 408 734 τι
426 707 473 734 τοῦ
492 706 578 737 ὁντος,
598 701 615 741 ᾖ
636 711 717 738 φησιν
733 702 748 728 ὸ
765 700 894 731 ἀσύνετος

116 756 268 793 Ἐλύμας·)
289 755 387 791 μᾶλλον
404 754 432 780 δὲ
454 753 490 789 μὴ
519 752 596 787 μόνον
623 750 672 777 οὐκ
699 746 894 793 ἐκπεπτωκότα

108 803 159 830 τῶν
179 792 280 833 δόντων,
309 799 376 827 ἀλλά
404 799 452 825 καὶ
478 796 627 833 προέχοντα
655 794 702 821 καὶ
728 792 894 828 ὑπερέχοντα

109 847 177 875 κατὰ
204 847 317 882 δύναμιν
344 843 515 880 ὑπερούσιον,
544 842 591 868 καὶ
617 837 801 875 δεδωρημένον
828 837 894 882 πᾶσι

108 895 162 925 τοῖς
179 890 239 919 οὖσι
257 880 304 919 καὶ
322 891 353 917 τὸ
377 889 505 917 δύνασθαι
524 885 604 918 εῐναι,
625 886 672 912 καὶ
696 884 728 910 τὸ
746 883 805 910 τόδε
825 880 894 909 εἴναι

109 939 177 967 κατὰ
195 938 351 975 περιουσίαν
371 934 590 969 ὑπερϐαλλούσης
600 931 750 967 δυνάμεως.

145 1058 158 1094 ς
178 1058 232 1085 VII.
253 1058 334 1092 Ὄρος
360 1054 532 1090 δικαιοσύνης
551 1055 634 1087 ἐστὶν,
661 1054 745 1090 ἀρετὴ
768 1054 897 1090 διανεμη-

110 1106 172 1141 τικὴ
189 1104 235 1132 τοῦ
255 1105 315 1131 κατ’
325 1102 414 1136 ἀξίαν,
444 1101 460 1137 ἢ
491 1101 645 1137 ἰδιοπραγία
672 1101 726 1128 τῶν
745 1101 794 1136 τῆς
810 1100 899 1136 ψυχῆς

111 1152 220 1187 νοερῶν,
250 1151 266 1186 ἢ
296 1151 411 1186 μεσότης
439 1148 594 1182 πλεονεξίας
620 1148 668 1174 καὶ
696 1146 856 1182 μειονεξίας,
881 1145 898 1181 ἢ

110 1198 166 1230 ἕξις
185 1197 374 1233 ἀπονεμητικὴ
395 1196 528 1231 ἰσότητος.
550 1194 622 1229 Πρὸς
651 1193 715 1227 γοῦν
732 1193 794 1224 τοὺς
811 1191 899 1219 τοιού-

115 1250 173 1273 τους
190 1242 270 1277 ὄρους
289 1241 379 1272 καλῶς
406 1239 572 1267 ἀναπτύσσει
599 1238 649 1274 τὴν
677 1237 751 1264 θείαν
768 1236 901 1264 δικαιοσύ-

114 1294 169 1320 νην.
188 1285 237 1312 Διά
254 1285 333 1312 τοῦτο
349 1285 403 1321 γὰρ
429 1285 443 1310 ό
469 1283 535 1315 Θεὸς
551 1282 707 1319 δικαιοσύνη
727 1282 844 1317 λέγεται,
863 1282 901 1314 ὡς

112 1333 177 1359 πᾶσι
197 1332 345 1364 κατ’ἀξίαν
364 1331 507 1366 ἀπονέμων
527 1330 634 1356 ἅπαντα
652 1329 721 1357 κατὰ
741 1329 785 1355 τὸν
803 1330 902 1356 οἰκεῖον

113 1377 226 1404 ἑκάστου
245 1377 294 1412 τῆς
312 1377 419 1411 φύσεως
446 1377 519 1412 ὅρον,
548 1374 595 1401 καὶ
620 1375 658 1406 ὡς
683 1375 769 1406 αἴτιος
788 1374 826 1401 ὣν
852 1374 902 1410 τῆς

113 1423 298 1459 αὐτοπραγίας
314 1423 427 1450 ἑκάστου
437 1431 443 1437 ·
466 1422 552 1450 πάντα
568 1422 622 1458 γὰρ
639 1423 656 1456 ὴ
677 1421 736 1448 θεία
747 1421 902 1456 δικαιοσύνη

112 1468 204 1495 τάττει
222 1467 370 1500 κατ’ἀξίαν
396 1468 521 1495 ἑκάστου.
561 1468 678 1494 Ἀδικίαν
697 1467 785 1493 τοίνυν
810 1466 904 1494 λαλοῦ-

114 1523 166 1545 σιν,
186 1515 209 1540 οἱ
226 1514 275 1549 τῆς
294 1514 369 1546 θείας
388 1513 560 1550 δικαιοσύνης
579 1513 839 1548 καταψηφιζόμενοι,
857 1514 904 1540 καὶ

112 1559 246 1594 λέγοντες,
265 1560 381 1594 ὀφείλειν
400 1558 468 1586 εἶναι
486 1562 542 1592 τοῖς
561 1559 667 1595 θνητοῖς
685 1559 733 1595 τὴν
743 1559 903 1592 ἀθανασίαν,

380 185 424 211 DE
442 181 567 210 DIVI‘NIS
581 176 778 209 NOMINIBUS,
799 173 875 203 CAP.
895 172 962 200 VIII.
974 186 1009 192 —
1027 169 1199 198 PARAPIIR.
1218 166 1452 196 PACHYMEIl/E.

539 239 605 275 μηδὲ
623 238 672 273 τὴν
689 236 768 271 νίκην
785 233 887 263 εἰδότας

953 228 1056 256 roniam
1082 227 1190 262 Elymas
1207 226 1269 252 dum
1294 232 1346 251 non
1362 224 1497 260 intelligit,
1512 225 1634 252 imitatur
1645 224 1722 259 pugi-

1669 166 1721 194 906

942 274 991 305 les,
1007 273 1052 307 qui
1070 278 1158 306 neque
1172 269 1315 298 victoriam
1337 274 1438 296 norunt
1462 269 1598 303 quomodo
1609 274 1721 302 compa-

943 324 1018 347 retur
1031 328 1038 345 :
1057 318 1102 352 qui
1117 317 1243 343 videntur
1255 314 1306 342 sibi
1328 314 1354 341 in
1379 315 1474 342 umbra
1489 323 1550 342 cum
1564 313 1723 342 absentibus

942 364 1107 395 adversariis
1132 368 1302 394 concertare,
1323 361 1532 396 existimantque
1556 369 1586 390 se
1601 362 1663 390 illos
1677 368 1724 389 su-

942 418 1049 447 perare,
1066 417 1128 437 cum
1154 408 1281 434 virtutem
1303 414 1396 434 eorum
1422 414 1475 433 non
1500 407 1723 441 habeantexplo—

942 462 1039 485 ratam.
1059 455 1112 482 Nos
1126 459 1227 486 autem,
1246 453 1277 480 ad
1289 453 1342 480 divi
1364 452 1438 480 Pauli
1455 459 1562 480 sensum
1578 452 1723 480 colliman-

943 508 994 535 tes,
1013 500 1201 529 collaudamus
1217 499 1302 526 Deum
1318 502 1445 531 tanquam
1461 497 1567 524 beatum
1584 497 1723 531 solumque

944 553 1095 583 potentem,
1110 551 1203 580 utpote
1218 544 1401 572 dominantem
1430 543 1587 575 aeternitati,
1600 547 1627 570 et
1650 542 1723 570 nulla

944 601 1062 628 unquam
1079 592 1194 619 entitate
1218 589 1377 617 frustratum
1400 588 1434 623 (si
1461 589 1533 616 enim
1549 589 1666 623 potentia
1680 596 1725 615 re.-

944 640 993 667 bus
1005 639 1076 666 inest
1088 637 1226 668 omnibus,
1242 635 1355 662 omnino
1382 635 1404 662 is
1420 635 1466 669 qui
1489 634 1636 662 secundum
1661 633 1726 668 quid

946 686 1078 721 impotens
1102 689 1153 716 est,
1170 683 1220 711 nisi
1239 682 1282 717 pie
1308 681 1408 709 dictum
1436 683 1487 710 hoc
1503 682 1726 717 interpretemur,

945 732 1094 761 secundum
1111 731 1176 766 quid
1202 731 1235 758 ab
1249 732 1364 759 entitate
1387 730 1511 762 descivit,
1527 733 1556 756 ut
1569 729 1726 763 imprudens

945 781 1053 816 Elymas
1068 778 1159 813 tradit)
1184 778 1251 812 quin
1265 778 1355 812 potius
1366 785 1418 804 non
1432 777 1519 804 solum
1537 781 1663 810 tanquam
1680 783 1725 802 se-

945 827 1063 854 cundum
1079 832 1137 853 rem
1152 824 1251 851 nullam
1266 824 1446 855 deiicientem,
1464 823 1510 850 sed
1522 822 1604 849 etiam
1619 827 1646 848 ut
1660 829 1728 856 pra:-

946 872 1088 900 habentem
1104 879 1136 899 ac
1154 872 1271 906 desuper
1296 871 1440 898 habentem
1464 869 1554 896 omnia
1578 868 1726 896 secundum

909 921 930 948 B
947 919 1073 946 virtutem
1089 916 1354 952 superessentialem,
1382 921 1410 944 et
1433 915 1515 942 rebus
1535 915 1663 942 omnibus
1674 914 1729 940 lar-

946 965 1066 1000 gientem
1083 968 1139 990 tam
1152 967 1181 989 ut
1193 970 1254 990 esse
1278 962 1392 997 possint,
1410 968 1490 996 quam
1513 965 1541 987 ut
1566 961 1620 987 sint
1633 967 1729 987 secun-

946 1011 1009 1038 dum
1025 1009 1189 1036 alllnentiam
1202 1009 1315 1036 virtutis
1330 1007 1585 1042 superabundantis.

981 1055 1061 1091 §Vll.
1085 1055 1211 1082 Deﬁnitio
1239 1054 1353 1088 iustitia
1380 1058 1431 1087 est,
1459 1054 1543 1080 virtus
1570 1052 1668 1087 cuique
1681 1051 1730 1078 tri-

947 1102 1034 1129 buens
1048 1109 1098 1136 pro
1111 1101 1252 1137 dignitate,
1271 1101 1316 1128 vel
1340 1100 1450 1135 propria
1475 1100 1546 1126 actio
1573 1099 1729 1126 facultatum

948 1148 1045 1175 anima:
1060 1148 1092 1178 °°,
1112 1148 1153 1175 vel
1180 1147 1297 1174 medium
1323 1147 1394 1173 inter
1421 1145 1613 1173 abundantiam
1629 1150 1655 1173 et
1668 1146 1728 1173 ino-

948 1193 1034 1228 piam,
1051 1193 1094 1220 vel
1109 1191 1216 1219 habitus
1232 1191 1421 1219 distributivus
1443 1190 1617 1224 azqualitatis.
1633 1190 1729 1218 Istius-

949 1238 1021 1266 modi
1039 1238 1130 1273 itaque
1151 1237 1353 1265 deﬁnitionibus
1373 1237 1425 1264 rite
1450 1237 1640 1265 accommodat
1650 1237 1732 1271 justi-

950 1285 1015 1312 tiam
1031 1285 1164 1312 divinam.
1179 1283 1283 1311 Idcirco
1306 1283 1376 1310 enim
1405 1283 1476 1311 Deus
1500 1283 1604 1317 iustitia
1620 1284 1730 1316 dicitur,

952 1331 1024 1367 quod
1040 1331 1167 1358 omnibus
1180 1338 1230 1365 pro
1247 1329 1378 1363 dignitate
1401 1329 1502 1357 tribuat
1525 1329 1615 1357 omnia
1635 1337 1733 1358 secun-

952 1377 1016 1404 dum
1032 1377 1169 1412 propriam
1201 1376 1333 1411 cujusque
1354 1380 1461 1403 natura:
1481 1376 1676 1410 deﬁnitionem,
1705 1382 1734 1403 et

955 1423 1028 1457 quod
1052 1430 1134 1450 causa
1161 1423 1262 1450 existat
1291 1422 1406 1457 propriae
1428 1421 1584 1457 cujuslibet
1606 1422 1733 1455 actionis,

953 1468 1060 1504 singula
1074 1469 1147 1497 enim
1175 1468 1296 1503 disponit
1310 1468 1400 1495 divina
1411 1468 1519 1503 justitia
1540 1476 1589 1503 pro
1606 1469 1736 1503 cujusque

955 1516 1095 1551 dignitate.
1108 1515 1278 1551 lniquilatem
1296 1516 1387 1549 itaque
1410 1515 1567 1550 loquuntur,
1580 1516 1625 1550 qui
1637 1516 1736 1543 divina:

953 1562 1067 1596 iustitiae
1092 1562 1300 1594 contradicunt,
1326 1566 1355 1588 et
1376 1561 1422 1596 qui
1446 1562 1550 1593 dicunt.
1575 1561 1737 1589 mortalibus

113 1607 160 1633 καὶ
177 1608 233 1638 τοῖς
252 1606 357 1633 ἀτελέσι
374 1606 404 1632 τὺ
421 1606 535 1639 τέλειον,
555 1607 602 1633 καὶ
619 1605 712 1638 τᾶλλα,
733 1606 775 1633 ἵνα
794 1606 831 1642 μὴ
841 1607 900 1634 καθ¹

956 1605 1046 1633 inesse
1062 1606 1160 1633 debere
1180 1605 1424 1638 immortalitatem,
1437 1610 1465 1632 et
1479 1607 1558 1633 rebus
1571 1606 1737 1640 imperfectis

112 1652 227 1679 ’ἑκαστον
246 1652 434 1688 διατρίϐωμεν.
447 1652 589 1678 Δίτιῶνται
607 1652 671 1687 γὰρ,
691 1652 749 1684 πῶς
767 1652 781 1677 ὁ
802 1651 903 1686 ἄνθρω-

113 1707 175 1731 πος,
195 1699 295 1725 τοιονδε
313 1699 382 1731 ζῶον
410 1698 457 1730 ὢν,
484 1697 634 1733 φθείρεται,
662 1697 721 1729 πῶς
738 1698 752 1723 ό
777 1697 901 1731 ἀσπάλαξ

112 1746 222 1780 τυφλὸς,
243 1745 302 1776 πῶς
320 1746 333 1771 ὀ
352 1744 424 1776 λίθος
443 1744 493 1770 οὐκ
521 1743 706 1778 αὑτοκίνητος,
725 1743 782 1776 πῶς
802 1744 831 1770 τὺ
849 1745 902 1770 πᾶν

113 1791 265 1819 ἀλλοιοῦται
285 1790 355 1818 κατὰ
374 1790 423 1822 τὰς
451 1789 537 1825 ὥρας,
567 1791 624 1823 πῶς
643 1791 671 1817 αἱ
689 1790 825 1825 ὲπίκαιροι
843 1790 902 1824 ήδο-

112 1838 158 1865 ναὶ
176 1838 226 1864 οὐκ
245 1836 364 1864 αἱώνιοι·
385 1836 444 1863 δέον
461 1836 569 1868 εἰδέναι,
597 1837 638 1862 ὅτι
666 1836 748 1862 πᾶσιν
772 1835 901 1869 ἀπονέμει

111 1884 148 1910 τὰ
165 1884 254 1910 οἰκεῖα
271 1885 288 1918 ἡ
308 1883 366 1910 θεία
391 1883 557 1918 δικαιοσύνη,
586 1883 632 1910 καὶ
649 1882 763 1909 ἕκαστον
790 1883 835 1909 ἐπὶ
852 1882 901 1917 τῆς

112 1930 218 1961 οἰκείας
235 1928 360 1961 διασώζει
377 1929 480 1962 τάξεως
499 1930 546 1956 καὶ
565 1930 714 1964 δυνάμεως.

152 2064 166 2101 §
187 2063 251 2091 VIII.
273 2063 342 2090 Ἀλλ’
362 2062 434 2090 εἴποι
452 2071 509 2095 τις·
522 2063 584 2096 Πῶς
595 2064 624 2090 ού
641 2064 735 2100 βοηθεῖ
752 2065 809 2096 τοῖς
818 2064 902 2097 ὁσίοις

115 2110 321 2146 ἁδικουμένοις;
355 2109 464 2146 Ῥητέον
489 2110 521 2136 ὲκ
547 2109 712 2145 διαιρέσεως·
749 2109 903 2144 Ἀγαπῶσιν

115 2157 140 2183 οι
159 2156 226 2182 ὅσιοι
244 2155 279 2182 τὰ
299 2155 430 2190 παρόντα,
448 2154 465 2189 ἢ
485 2155 534 2181 οὐκ
553 2155 704 2188 ἀγαπῶσιν.
726 2155 756 2181 Ei
775 2156 823 2190 μὲν
833 2156 902 2189 ἀγα-

117 2202 216 2234 πῶσιν,
244 2202 293 2236 οὐχ
320 2202 408 2233 ὅσιοι,
436 2201 474 2233 ὼς
500 2201 548 2228 τοῦ
575 2201 646 2228 θείου
674 2201 902 2233 ἀποπεπτωκότες

115 2248 218 2283 ἔρωτος
231 2258 237 2263 ·
256 2247 377 2274 ἀδικοῦσι
396 2247 451 2283 γὰρ
469 2247 502 2274 τὰ
522 2247 605 2280 ὅντως
623 2246 726 2282 ἐραστὰ
743 2248 905 2283 παρευδοκι-

956 1651 1166 1685 perfectionem,
1183 1656 1210 1679 et
1233 1657 1344 1683 caetera,
1367 1659 1403 1678 ne
1418 1651 1533 1687 singulis
1549 1652 1738 1681 immoremur.

954 1695 1108 1724 Causantur
1125 1697 1209 1730 enim,
1223 1705 1272 1725 cur
1284 1699 1376 1730 homo,
1389 1706 1451 1725 cum
1467 1698 1618 1726 istiusmodi
1635 1700 1737 1727 animal

953 1742 999 1775 sit,
1016 1748 1220 1778 corrumpatur,
1234 1751 1282 1771 cur
1298 1744 1367 1779 talpa
1389 1743 1475 1771 oculis
1488 1748 1589 1777 careat,
1608 1752 1657 1772 cur
1669 1745 1737 1780 lapis

954 1795 1010 1816 non
1025 1789 1061 1816 sit
1074 1796 1123 1824 per
1149 1797 1178 1817 se
1202 1790 1317 1823 mobilis,
1334 1798 1384 1817 cur
1403 1791 1559 1818 universum
1589 1791 1738 1820 secundum

956 1834 1394 1871 tcmpestatesMimmutetur,
1407 1842 1642 1871 curtemporanen:
1658 1838 1736 1865 volu-

954 1885 1042 1915 ptates
1050 1889 1102 1908 non
1112 1883 1167 1909 sint
1180 1888 1297 1910 aeternet.
1309 1881 1453 1910 Sciendum
1464 1886 1514 1914 est,
1524 1883 1642 1910 divinam
1657 1883 1739 1918 justi-

955 1927 1018 1953 tiam
1037 1926 1162 1954 omuibus
1176 1934 1236 1962 qua:
1246 1928 1342 1962 cuique
1358 1929 1466 1962 propria
1486 1933 1548 1956 sunt
1566 1929 1738 1962 distribuere,

955 1978 986 2000 et
1017 1973 1228 2009 uniuscujusque
1258 1974 1382 2002 ordinem
1414 1975 1595 2010 virtutemque
1629 1983 1740 2004 conser-

954 2026 1028 2046 vare.

989 2066 1002 2102 ξ
1027 2065 1093 2094 VIII.
1112 2066 1166 2095 Sed
1191 2067 1263 2095 dicet
1287 2067 1410 2102 aliquis:
1440 2068 1495 2095 Cur
1519 2076 1572 2094 non
1601 2069 1740 2096 succurrit

953 2113 1056 2141 sanctis
1071 2113 1169 2148 injuria
1182 2113 1302 2141 allectis?
1316 2114 1462 2141 Dicendum
1473 2122 1535 2141 cum
1548 2115 1737 2143 distinctione:

956 2156 1007 2184 Vel
1024 2157 1140 2191 diligunt
1156 2158 1243 2185 sancti
1270 2158 1433 2192 praesentia,
1462 2159 1502 2186 vel
1532 2167 1587 2186 nou
1612 2159 1739 2196 diligunt.

954 2203 982 2231 Si
1002 2204 1110 2238 quidem
1129 2203 1254 2238 diligunt,
1280 2211 1333 2230 non
1351 2208 1414 2230 sunt
1439 2205 1537 2236 sancti,
1560 2209 1591 2232 ut
1607 2205 1656 2240 qui
1682 2205 1741 2240 jam

955 2257 971 2276 a
997 2250 1089 2278 divino
1114 2257 1208 2278 amore
1233 2250 1404 2283 exciderint;
1431 2251 1559 2285 quoniam
1577 2251 1666 2285 injurii
1679 2255 1742 2279 sunt

118 2292 242 2328 μούμενα
269 2293 314 2319 ὑπ’
340 2293 439 2326 αὐτῶν,
467 2293 533 2320 διότι
561 2293 614 2319 τῶν
642 2292 788 2328 ἀζηλώτων
806 2293 900 2329 ἐρῶσιν

959 2297 1038 2324 rebus
1063 2303 1130 2323 vere
1163 2296 1302 2329 amandis,
1331 2305 1392 2332 qua:
1416 2297 1450 2324 ab
1473 2297 1540 2332 ipsis
1565 2297 1742 2331 praeferenda:

117 2337 190 2364 αὑτά
208 2338 432 2373 παρατρέχοντες.
455 2338 485 2365 Εἰ
504 2338 586 2365 δὀὐκ
605 2338 758 2372 ἀγαπῶσιν,
778 2338 844 2365 ἀλλά
852 2339 906 2365 τῶν

117 2383 205 2414 ὅντως
222 2382 306 2408 ὄντων
324 2383 435 2417 ἐρῶσιν,
457 2382 650 2417 εὐφραίνεσθαι
672 2382 770 2418 μᾶλλον
790 2384 841 2419 χρὴ
850 2384 908 2410 τού-

117 2437 194 2461 τους,
221 2428 266 2454 ὅτε
292 2428 479 2464 περιπίπτοιεν
514 2429 685 2464 πειρασμοῖς,
713 2429 802 2460 καθὼς
830 2430 877 2456 καὶ
894 2431 908 2456 ὁ

121 2474 210 2511 μέγας
246 2474 374 2506 Ἰάκωὸος
403 2475 547 2509 παραινεῖ·
575 2473 618 2500 διὰ
646 2474 700 2509 γὰρ
726 2474 828 2501 τούτων
856 2475 908 2501 τῶν

119 2518 227 2553 ἐφετῶν
254 2519 478 2554 ἐπιτυγχάνουσι,
505 2519 552 2545 καὶ
579 2519 639 2546 τότε
665 2520 725 2551 ταῖς
752 2519 910 2554 ἀγγελικαῖς

119 2566 232 2600 ἀρεταῖς
260 2564 472 2600 πλησιάζουσιν,
509 2564 713 2600 ἀναχωροῦντες
738 2565 787 2600 τῆς
815 2565 910 2601 ὑλικῆς

119 2612 310 2649 προσπαοείσς
329 2612 358 2637 ὲν
374 2611 433 2642 ταῖς
452 2610 522 2646 ὑπὲρ
539 2610 586 2636 τοῦ
606 2611 689 2637 καλοῦ
708 2613 908 2647 περιστάσεσιν·

122 2658 193 2685 ὣστε
204 2657 302 2692 ἀληθὲς
312 2657 409 2687 εἰπεῖν,
427 2656 469 2682 ὅτι
487 2655 564 2682 τοῦτο
584 2655 683 2690 μᾶλλόν
702 2658 760 2683 ἐστι
777 2657 826 2693 τῆς
837 2657 911 2689 θείας

120 2703 295 2738 δικαιοσύνης
314 2703 388 2735 ῐδιον,
416 2702 447 2728 τὸ
465 2701 510 2728 ἐπί
527 2710 603 2733 τινας
631 2702 739 2737 βλέπειν
766 2703 913 2736 ποθοῦντας

119 2751 157 2778 τὰ
177 2750 293 2782 αίώνια,
325 2749 361 2785 μὴ
389 2749 493 2783 θέλγειν
519 2748 629 2781 τούτους
641 2758 647 2764 ·
675 2750 756 2785 ἧγουν
774 2751 807 2777 δι’
818 2751 914 2786 ἡδονῆς

121 2801 232 2836 ἀπατᾷν
250 2802 284 2836 τῇ
303 2800 390 2835 ἀνέτῳ
409 2800 541 2835 διαγωγῇ,
570 2799 636 2826 ἀλλά
655 2799 754 2835 μᾶλλον
776 2799 826 2830 τάς
837 2807 914 2835 περι-

168 2892 201 2908 αο·
216 2886 291 2914 Max.
305 2889 346 2916 vel
361 2889 467 2924 propria
483 2889 589 2917 actione
603 2889 719 2925 partium
735 2889 840 2918 animm.

247 2937 382 2967 ΡΑτιιοι.
404 2936 462 2966 Ωιι.
488 2935 539 2967 Ill.

960 2348 1033 2374 sunt,
1061 2342 1152 2376 quod,
1178 2342 1211 2369 iis
1242 2343 1394 2377 neglectis,
1426 2347 1518 2370 ament
1542 2351 1573 2370 ca
1600 2351 1662 2378 qua:
1688 2351 1742 2371 non

960 2393 1024 2417 sunt
1047 2388 1172 2415 amanda.
1198 2388 1275 2421 Quod
1299 2389 1321 2416 si
1352 2397 1416 2416 vero
1448 2397 1501 2416 non
1532 2389 1666 2424 diligant,
1695 2390 1742 2416 sed

961 2439 1052 2462 ament
1076 2442 1107 2463 ea
1125 2441 1185 2469 quae
1199 2441 1263 2461 vere
1279 2439 1350 2467 sunt,
1374 2439 1482 2469 oportet
1502 2435 1591 2470 potius
1609 2435 1683 2469 ipsos
1696 2434 1744 2461 la:-

964 2481 1025 2512 tari,
1041 2481 1114 2515 quod
1134 2481 1161 2508 in
1194 2481 1359 2508 tentationes
1386 2481 1544 2514 inciderint,
1566 2481 1605 2508 uti
1628 2488 1743 2516 magnus

964 2527 1082 2555 Jacobus
1097 2532 1208 2560 monet;
1223 2528 1352 2563 quoniam
1368 2535 1416 2563 per
1430 2528 1478 2555 luis
1488 2535 1519 2555 ea
1534 2535 1595 2562 quae
1608 2526 1746 2554 desidera-

963 2572 1028 2599 bilia
1039 2577 1104 2600 sunt
1118 2577 1314 2608 assequuntur,
1331 2577 1440 2608 tumque
1452 2573 1586 2608 angelicis
1598 2571 1745 2600 virtutibus

969 2619 1199 2654 appropinquant,
1219 2618 1282 2646 dum
1309 2619 1336 2646 in
1352 2619 1489 2647 instantiis
1502 2627 1549 2654 pro
1562 2620 1642 2650 bono,
1660 2618 1695 2645 ab
1706 2617 1748 2644 af-

964 2663 1036 2691 fectu
1048 2665 1183 2692 materiali
1201 2665 1332 2693 recedunt
1348 2675 1354 2692 :
1380 2666 1418 2692 ita
1438 2670 1468 2693 ut
1492 2673 1556 2692 vere
1579 2665 1634 2691 dici
1648 2663 1746 2698 possit,

965 2709 1031 2736 illud
1049 2710 1134 2743 magis
1149 2717 1210 2737 esse
1224 2711 1364 2744 proprium
1390 2711 1490 2738 divina;
1507 2710 1630 2745 justitia,
1644 2713 1674 2735 ut
1688 2715 1746 2739 eos.

965 2755 1011 2790 qui
1034 2755 1068 2782 ad
1093 2759 1194 2783 mterna
1215 2762 1338 2791 spectare
1360 2756 1526 2788 desiderant,
1554 2763 1607 2782 non
1630 2755 1749 2789 patiatur

967 2809 1016 2837 per
1028 2801 1188 2832 dissolutam
1217 2803 1300 2830 vitam
1329 2803 1510 2838 voluptatibus
1530 2802 1627 2837 decipi,
1639 2800 1686 2829 sed
1702 2808 1749 2835 po-

1432 2935 1472 2964 29
