1929 3061
211 151 261 180 907

808 149 837 178 S.
857 148 1006 178 DlONYSlI
1019 137 1253 178 ABEOPAGlT/E

1784 145 1838 173 908

211 212 266 236 ltus
292 207 448 236 alliictiones
463 208 613 241 sustinere,
640 212 669 235 ut
697 207 740 235 vcl
766 213 889 236 amantes
903 212 982 244 ungat

1046 210 1151 242 στάσεις
1170 211 1355 246 παραχωρεῖν,
1376 212 1419 237 ἵνα
1445 211 1461 247 ἦ
1483 211 1632 243 ποθοῦντας
1652 211 1798 248 ὖπαλείφῃ,
1817 212 1835 248 ἢ

210 253 252 281 vel
270 254 395 289 lapsuros
417 254 568 287 sulfulciat,
596 262 648 282 nec
663 262 716 282 non
733 254 806 289 ipsos
819 255 845 282 in
860 254 993 290 praeclaro

210 300 258 328 illo
271 306 300 328 et
332 302 495 329 inconcusso
515 305 584 329 statu
610 302 769 330 consolidet.
798 303 992 330 lnconcussum

210 351 302 374 autem
330 351 431 374 statum
464 352 552 379 vocat,
580 347 735 375 institutum
758 348 829 383 quod
845 348 992 376 titillationi

209 396 380 420 terrenarum
394 393 504 420 minime
516 393 599 425 cedit,
632 401 682 421 nec
699 399 814 429 propter
829 395 995 422 tentationes

209 438 243 465 ad
260 438 409 465 materialia
424 438 554 466 ﬂectitur.

242 537 316 574 §lX.
331 537 394 565 Haec
412 538 495 566 etiam
526 539 617 566 divina
637 539 744 574 justitia
770 545 897 574 tanquam
921 540 994 568 salus

207 584 373 617 celebratur,
388 584 462 619 quod
485 583 558 619 juste
582 584 717 620 cujusque
743 590 845 613 natura:
873 587 994 615 rationes

207 635 308 662 servet,
333 637 366 658 ac
383 637 465 658 causa
488 630 526 658 sit
556 631 673 666 propria:
695 630 827 666 cujusque
842 632 881 658 rei
895 639 992 667 opera-

208 675 301 703 tionis.
316 675 456 710 Propriam
471 682 561 704 autem
573 678 757 711 operationem
775 677 918 711 appellavit
933 685 993 705 mo-

209 726 266 749 tum
284 721 359 749 illum
377 722 425 756 qui
438 721 549 749 cuilibet
564 727 667 750 naturae
692 724 819 758 proprius
831 728 886 757 est;
906 731 993 758 neque

206 769 281 796 enim
293 768 417 796 homines
429 768 519 795 facere
529 774 643 804 possunt
662 777 722 804 quae
746 770 855 805 propria
869 775 933 797 sunt
947 778 993 797 an-

206 814 284 850 gelis,
300 821 387 850 neque
403 821 471 849 aqua
487 823 547 850 qua:
562 816 671 850 propria
687 821 750 842 sunt
762 816 827 850 igni,
844 821 871 842 et
886 821 990 843 contra.

206 859 236 887 Si
256 860 318 895 quis
328 867 394 888 vero
408 861 521 894 dixerit,
541 861 624 889 Deum
649 862 798 888 secundum
819 862 902 889 alium
926 869 992 896 quo-

205 913 259 940 que
273 905 383 933 modum
396 906 509 933 salutem
539 913 611 938 esse,
625 907 696 940 quod
714 914 728 933 a
747 906 827 934 rebus
851 908 992 934 deteriori-

206 952 258 979 bus
272 951 363 979 omnia
380 952 478 987 eripiat
500 952 646 987 (deteriora
670 960 735 980 vero
761 958 850 985 vocat,
869 961 929 988 quae
945 961 992 980 na.

206 1002 274 1025 tum
287 998 419 1033 cujusque
436 998 525 1026 aliena
539 1003 611 1031 sunt,
633 998 675 1026 vel
703 998 824 1033 indigna,
839 1000 880 1027 vel
903 1001 992 1034 potius

205 1043 352 1078 ipsammet
378 1044 522 1071 materiam
547 1043 702 1079 informem)
726 1045 798 1072 hunc
821 1053 871 1072 nus
883 1053 991 1080 quoque

205 1093 335 1125 tanquam
363 1089 483 1117 divinum
512 1089 682 1117 laudatorem
706 1090 894 1118 admittemus.
915 1091 991 1120 Hanc

205 1135 279 1162 enim
291 1134 407 1163 salutem
439 1134 561 1162 omnium
587 1139 748 1167 statuemus,
762 1142 822 1170 quae
834 1137 924 1163 omnia
951 1137 991 1164 sic

205 1182 351 1210 immutata
383 1181 602 1216 inconcussaque
625 1186 735 1215 servat,
763 1185 792 1208 ut
818 1181 846 1209 in
871 1183 990 1211 deterius

205 1235 259 1254 non
273 1231 401 1261 vergant;
416 1231 442 1254 et
458 1233 565 1254 omnem
588 1226 800 1261 inaequalitatem
829 1234 911 1263 atque
924 1228 990 1256 alie-

205 1280 267 1301 nam
279 1272 415 1300 actionem
437 1271 570 1305 elimiuat,
587 1276 668 1307 atque
681 1273 824 1307 cujuslibet
838 1276 990 1309 proportio-

205 1325 255 1346 nes
272 1317 426 1344 conﬁrmat.
441 1317 470 1344 Si
495 1319 568 1345 enim
591 1318 690 1346 humor
703 1317 787 1354 484
802 1326 900 1354 aquam
913 1321 989 1348 dese-

205 1367 259 1394 rat,
277 1362 334 1398 jam
354 1369 408 1390 non
427 1362 481 1390 erit
495 1370 584 1398 aqua;
606 1364 628 1391 si
657 1364 792 1392 redundet
818 1369 918 1397 tamen,
938 1365 988 1392 ali-

205 1408 270 1444 quid
289 1408 358 1441 erit;
379 1409 509 1443 quocirca
528 1409 611 1436 etiam
634 1408 786 1437 istiusmodi
804 1410 877 1438 salus
889 1411 987 1439 libera-

205 1455 244 1482 tio
265 1455 420 1489 vocabitur,
441 1455 568 1489 quoniam
583 1463 613 1482 ea
634 1463 694 1490 qua
714 1461 870 1491 servantur,
890 1465 905 1485 a
926 1465 988 1493 pro-

204 1500 325 1535 priorum
363 1499 497 1527 bonorum
526 1500 677 1528 defectione
705 1502 868 1536 liberantur,
890 1511 941 1531 nec
960 1505 986 1531 in

1042 256 1088 281 xui.
1107 255 1293 291 παραπίπτειν
1323 256 1450 291 μέλλουσι
1470 256 1565 291 βοηθῇ,
1585 256 1632 282 και
1659 256 1769 293 ἑνιδρύῃ
1786 258 1837 283 αό-

1041 304 1105 334 τοὺς
1125 305 1154 330 ἑν
1172 305 1205 339 τῇ
1217 303 1287 339 καλῇ
1297 304 1344 330 καὶ
1363 303 1514 339 ἀμειλίκτῳ
1533 304 1637 330 στάσει.
1666 303 1837 339 ’Δμείλικτον

1040 349 1069 375 δὲ
1090 349 1185 376 στάσιν
1204 350 1270 384 φησὶ
1287 350 1338 385 τὴν
1356 349 1494 376 ἀνένδοτον
1521 350 1590 385 πρὸς
1615 350 1661 376 τὸν
1686 350 1839 386 γαργαλισ-

1043 395 1092 428 μὸν
1110 395 1164 421 τῶν
1183 396 1284 430 γηΐνων
1295 395 1431 427 ἔνστασιν,
1443 395 1529 422 καὶτὸ
1540 396 1577 431 μὴ
1587 395 1836 431 κατακάμπτεσθαι

1042 440 1111 474 πρὸς
1121 440 1154 467 τά
1173 441 1253 468 ὑλικά
1271 440 1315 467 διὰ
1334 441 1389 468 τῶν
1405 441 1576 477 πειρασμῶν.

1079 529 1157 566 ςιΧ.
1183 531 1216 557 Ἡ
1243 531 1355 566 τοιαύτη
1383 530 1443 557 θεία
1461 531 1618 566 δικαιοσύνη
1638 532 1686 558 καὶ
1713 531 1837 566 σωτηρία

1043 578 1178 613 ὑμνεῖται,
1200 577 1238 609 ὡς
1254 577 1367 609 δικαίως
1384 576 1553 609 διασώζουσα
1569 579 1632 608 τοὺς
1649 577 1768 613 ἑκάστης
1787 577 1837 612 φύ-

1043 633 1112 656 σεως
1130 623 1235 658 λόγους,
1263 623 1310 650 καὶ
1327 622 1400 649 αἰτία
1419 621 1486 650 οὖσα
1512 624 1561 658 τῆς
1583 624 1751 659 ίδιοπραγίας
1768 625 1836 650 ἑκά-

1044 678 1117 697 στου.
1153 669 1332 704 ’ἰδιοπραγίαν
1357 668 1385 695 δὲ
1411 669 1536 704 ὠνόμασε
1563 669 1612 704 τὴν
1639 669 1753 695 ἑκάστου
1779 669 1837 695 τῶν

1043 716 1126 742 όντων
1145 716 1215 743 κατά
1236 716 1316 750 φύσιν
1337 715 1488 748 ἰδιάζουσαν
1509 715 1633 750 κίνησιν·
1651 715 1711 741 οὐδὲ
1728 715 1782 750 γὰρ
1799 715 1836 741 τὰ

1043 761 1166 796 ἀγγέλων
1184 760 1338 797 ἀνθρώποις
1356 760 1488 796 πράττειν
1515 760 1636 792 δυνατὸν,
1660 760 1677 795 ἢ
1696 760 1729 786 τὰ
1748 760 1836 796 πυρὸς

1044 808 1129 839 ὕδατι,
1149 807 1243 834 καὶτὸ
1269 806 1397 841 ἔμπαλιν.
1428 807 1461 833 Εἰ
1480 806 1509 832 δέ
1536 815 1579 838 τις
1605 806 1678 840 λέγοι
1706 806 1752 832 καὶ
1772 804 1836 832 κατ’

1043 854 1122 881 ἄλλον
1139 854 1238 889 τρόπον
1259 853 1396 889 σωτηρίαν
1413 853 1458 879 τὸν
1485 852 1561 884 Θεὸν,
1580 853 1618 884 ὡς
1643 851 1837 888 ἀναρπάζοντι

1043 900 1098 927 ἀπὸ
1115 900 1169 926 τῶν
1188 898 1316 934 χειρόνων
1342 897 1378 924 τὰ
1397 898 1495 930 πάντα,
1523 899 1641 934 (χείρονα
1658 898 1686 924 δέ
1714 906 1780 933 φησι
1798 898 1835 925 τὰ

1042 947 1091 982 τῆς
1110 945 1218 980 φύσεως
1237 944 1353 972 ἑκάστου
1373 944 1500 980 ἀλλότρια
1519 946 1565 971 καὶ
1582 945 1689 977 ἀνάξια,
1702 944 1719 978 ἦ
1731 944 1835 979 μᾶλλον

1042 992 1090 1027 τὴν
1109 991 1176 1027 ὓλην
1195 991 1279 1027 αὐτὴν
1298 991 1346 1026 τὴν
1365 991 1483 1017 ἀνείδεον
1539 991 1586 1016 καὶ
1603 990 1695 1017 τοῦτον
1713 990 1834 1022 ὡςθεῖον

1042 1037 1226 1072 ἀποδεξόμεθα
1245 1037 1376 1072 ὑμνῳδὸν.
1407 1037 1516 1073 Ταύτην
1542 1037 1596 1072 γὰρ
1624 1039 1761 1072 σωτηρίαν
1778 1035 1836 1062 τῶν

1041 1083 1119 1121 ὅλωνι
1137 1082 1290 1119 ἀξιώσομεν
1317 1081 1386 1110 εἶναι
1412 1083 1461 1119 τὴν
1487 1082 1522 1109 τὰ
1549 1083 1637 1110 πάντα
1657 1082 1835 1118 ἀμετάϐλητα

1041 1130 1087 1156 καὶ
1107 1130 1213 1164 ἀρρεπῆ
1234 1130 1301 1165 πρὸς
1318 1130 1353 1156 τὰ
1372 1130 1454 1165 χείρω
1473 1129 1667 1161 διασώζουσαν,
1679 1130 1726 1156 καὶ
1743 1130 1835 1156 πᾶσαν

1040 1175 1186 1210 ἀνισότητα
1207 1175 1253 1201 καὶ
1271 1173 1510 1209 ἀλλοτριοπραξίαν
1530 1173 1715 1209 ἑξορίζουσαν,
1726 1173 1774 1199 καὶ⁵
1783 1173 1835 1204 τὰς

1040 1221 1156 1248 ἑκάστου
1183 1220 1325 1255 ἀναλογίας
1346 1221 1562 1247 συνιστάνουσαν.
1592 1221 1623 1247 Εἰ
1641 1220 1695 1255 γὰρ
1713 1219 1834 1254 ἐκλείψει

1039 1267 1067 1293 τὸ
1086 1267 1167 1302 ὑγρὸν
1187 1268 1219 1294 ἑκ
1237 1267 1284 1294 τοῦ
1313 1266 1416 1299 ὕδατος,
1444 1267 1493 1301 οὐχ
1520 1266 1592 1302 ὕδωρ
1618 1265 1710 1292 ἔσται’
1741 1267 1764 1291 εἰ
1786 1267 1834 1292 ἐπὶ

1040 1315 1120 1341 πλέον
1147 1314 1339 1349 ἐγγενήσεται,
1368 1313 1431 1340 ἀλλο
1456 1323 1482 1340 τι
1509 1314 1669 1348 γενήσεται·
1697 1312 1758 1339 ἐπεὶ
1784 1311 1834 1338 καὶ

1039 1359 1224 1395 ἀπολύτρωσις
1241 1358 1348 1394 λεχθείη
1373 1359 1390 1394 ή
1408 1359 1519 1394 τοιαύτη
1547 1357 1678 1393 σωτηρία,
1707 1358 1748 1384 ὅτι
1767 1357 1834 1383 ἀπο-

1038 1409 1198 1444 λυτροῦνται
1215 1409 1249 1436 τὰ
1276 1409 1417 1445 σωζόμενα
1441 1410 1491 1444 τῆς
1517 1409 1571 1435 τῶν
1594 1409 1701 1435 οἰκείων
1720 1407 1833 1442 ἀγαθῶν

1037 1455 1241 1488 ἀποπτώσεως,
1271 1457 1318 1482 καὶ
1344 1456 1396 1482 οὐκ
1424 1455 1522 1481 ὲῶνται
1542 1455 1610 1490 πρὸς
1637 1454 1667 1480 τὸ
1696 1453 1732 1489 μὴ
1760 1452 1833 1480 εἷναι

1038 1501 1190 1529 διαπεσεῖν·
1212 1503 1258 1529 καὶ
1273 1503 1324 1533 ὃτι,
1345 1502 1373 1528 εἴ
1388 1511 1414 1528 τι
1434 1502 1501 1537 πρὸς
1526 1501 1557 1528 τὸ
1585 1500 1741 1536 πλημμελὲς
1762 1500 1834 1527 ἀπο-

203 1547 322 1575 nibilum
351 1547 437 1581 redigi
460 1547 671 1582 permittuntur;
694 1553 722 1575 et
743 1548 766 1575 si
795 1549 858 1583 quid
875 1549 908 1577 ad
926 1557 988 1585 pec-

1040 1548 1164 1583 σφαλείη,
1192 1547 1238 1574 τοῦ
1275 1547 1395 1574 τοιούτου
1423 1548 1524 1580 πάθους
1549 1547 1745 1582 ἀωλυτροῦται
1776 1555 1832 1572 πα-

203 1598 297 1621 catum
319 1593 455 1625 deﬂectat.
478 1593 535 1621 haec
558 1593 592 1621 ab
621 1594 774 1622 istiusmodi
793 1594 937 1624 aﬂ'ectione
957 1597 990 1624 li-

203 1640 284 1667 berat
301 1644 416 1675 paterne
435 1640 604 1672 sutfulciens,
634 1640 790 1675 bonumque
809 1643 989 1676 resuscitans,

202 1686 325 1720 quinimo
334 1685 428 1718 etiam,
448 1691 593 1720 antequam
605 1686 633 1713 in
646 1685 747 1713 malum
758 1687 869 1720 incidat,
882 1688 908 1715 in
919 1688 990 1716 bono

203 1731 328 1763 ﬁrmans,
338 1735 366 1758 et
376 1731 512 1758 defectum
533 1731 657 1766 impleus,
669 1737 697 1759 et
714 1732 748 1759 ab
767 1732 894 1761 omnibus
911 1734 990 1762 noxis

203 1776 354 1804 absolvens.

238 1822 296 1850 Hoc
313 1822 424 1857 quidem
444 1823 478 1850 de
504 1822 547 1850 bis
567 1822 667 1850 dictum
696 1830 729 1851 ac
748 1824 781 1851 de
806 1824 923 1859 justitia,
944 1833 989 1853 se-

202 1869 321 1896 cundum
339 1875 420 1903 quam
439 1869 533 1904 utique
548 1870 682 1904 justitiam
702 1871 825 1898 omnium
845 1872 988 1906 aequalitas

202 1920 376 1942 mensuratur
393 1923 426 1943 ac
455 1915 602 1949 deﬁnitur;
632 1917 776 1952 omnisque
806 1918 987 1952 inaequalitas,

201 1968 262 1996 qua:
280 1961 428 1989 secundum
458 1962 637 1996 privationem
667 1963 832 1998 :equalitatis
859 1966 986 1996 sumitur,

202 2006 412 2033 exterminatur.
432 2006 563 2034 Observa‘
580 2011 681 2040 autem,
701 2007 789 2042 qualis
819 2008 988 2043 inaequalitas

201 2051 372 2085 eliminetur,
396 2053 502 2081 scilicet
525 2061 585 2088 quae
614 2060 656 2083 est
683 2056 831 2082 secundum
860 2056 989 2091 privatio-

201 2106 264 2126 nem
282 2099 446 2134 :equalitatis
464 2109 471 2126 :
490 2105 533 2127 est
559 2101 630 2127 enim
651 2101 822 2136 intequalitas
840 2102 934 2135 etiam,
960 2103 987 2130 in

201 2145 275 2171 omni
295 2150 351 2172 toto
369 2146 401 2173 ad
422 2150 509 2174 totum
539 2147 702 2179 diﬂ'ereutia,
728 2148 878 2174 secundum
905 2156 986 2183 quam

201 2190 335 2225 quidlibet
353 2199 368 2218 a
386 2191 510 2226 quolibet
527 2192 629 2220 differt.
651 2193 744 2220 Talem
756 2193 848 2228 itaque
867 2194 987 2229 ianua-

1040 1595 1141 1631 τρικῶς
1170 1594 1384 1630 ὺίιτεριδρύουσα⁷
1413 1595 1460 1621 καὶ
1485 1594 1533 1620 τοῦ
1561 1593 1644 1620 καλοῦ
1671 1593 1832 1626 ἀνιστῶσα,

1042 1643 1141 1678 μᾶλλον
1159 1642 1188 1668 δὲ
1206 1641 1252 1668 καὶ
1270 1641 1322 1676 πρὸ
1340 1641 1387 1667 τοῦ
1414 1641 1507 1667 πεσεῖν
1525 1640 1564 1671 εἰς
1583 1639 1614 1665 τὺ
1631 1641 1720 1674 χεῖρον
1739 1640 1769 1665 ἑν
1788 1639 1832 1674 τῷ

1040 1688 1115 1723 καλῷ
1133 1687 1270 1723 ίδρύουσα,
1290 1687 1337 1713 καὶ
1354 1686 1384 1712 τὸ
1404 1686 1539 1721 ὑπεκρυὲν
1558 1684 1761 1721 ἀναπληροῦσα,
1781 1685 1833 1711 καὶ

1040 1735 1149 1762 πάντων
1159 1733 1213 1760 τῶν
1225 1732 1329 1768 βλαϐῶν
1349 1731 1511 1759 ἀπολύουσα.

1082 1824 1160 1851 Ἀλλὰ
1181 1824 1244 1859 περὶ
1264 1823 1312 1858 μὲν
1329 1822 1432 1849 τούτων
1450 1821 1498 1848 xu‘t
1505 1821 1555 1857 τῆς
1573 1820 1743 1856 δικαιοσύνης
1754 1821 1834 1857 εἴρη-

1039 1880 1100 1903 ται,
1121 1869 1224 1905 καθ’ἥν
1242 1869 1274 1905 δὴ
1291 1869 1464 1904 δικαιοσύνην
1490 1870 1507 1903 ἡ
1533 1869 1641 1895 πάντων
1670 1868 1762 1903 ἰσότης
1782 1877 1832 1903 με-

1038 1917 1142 1952 τρεῖται
1161 1916 1209 1942 καὶ
1234 1914 1364 1950 ὁρίζεται,
1393 1915 1439 1941 καὶ
1467 1914 1540 1940 πᾶσα
1568 1913 1694 1949 ἀνισότης
1722 1914 1831 1949 ὴκατὶι

1038 1962 1086 1998 τὴν
1105 1962 1231 1998 στέρησιν
1249 1961 1299 1996 τῆς
1319 1961 1440 1996 ἰσότητος
1459 1959 1619 1995 ἐξορίζεται.
1633 1960 1702 1994 Ὅρα
1713 1959 1751 1991 δὲ,
1763 1960 1830 1986 ποία

1038 2009 1164 2044 ἀνισὰτης
1185 2008 1345 2044 ἑξορίζεται,
1365 2007 1483 2042 δηλονότι
1502 2007 1519 2042 ἡ
1543 2007 1612 2033 κατά
1631 2006 1759 2042 στέρησιν
1778 2007 1830 2042 τῆς

1040 2055 1176 2091 ἰσότητος·
1196 2054 1254 2080 ἐστι
1273 2054 1328 2089 γὰρ
1344 2053 1472 2088 ἀνισότης
1483 2054 1529 2079 xu‘t
1547 2053 1564 2088 ἡ
1583 2053 1612 2078 ἑν
1631 2052 1670 2087 τῷ
1680 2053 1762 2079 παντὶ
1774 2052 1830 2079 τῶν

1037 2101 1104 2127 ὅλων
1116 2100 1184 2135 πρὸς
1209 2099 1257 2126 ὅλα
1278 2099 1404 2134 διαφορὰ,
1428 2098 1487 2125 καθ’
1502 2099 1535 2134 ῆν
1563 2098 1685 2134 διαφέρει
1711 2098 1830 2125 ἕκαστον

1037 2146 1162 2172 ἑκάστου.
1182 2145 1237 2180 Τὴν
1251 2145 1316 2179 γοῦν
1340 2144 1467 2179 τοιαύτην
1492 2143 1637 2179 ἀνισότητα
1659 2144 1674 2178 ἡ
1698 2143 1745 2169 τοῦ
1758 2143 1829 2170 Θεοῦ

1037 2191 1194 2226 δικαιοσύνη
1216 2191 1337 2227 φρουρεῖ,
1349 2191 1396 2216 xui.
1417 2190 1466 2216 οὐκ
1482 2187 1607 2224 ἐξορίζει·
1621 2189 1650 2214 οὐ
1663 2189 1718 2224 γὰρ
1731 2189 1829 2221 ἁπλῶς

201 2235 308 2262 litatem
328 2236 419 2263 divina
435 2238 542 2272 justitia
561 2238 731 2270 custodit,et
743 2246 796 2266 non
807 2242 982 2272 exterminat;

1040 2238 1084 2273 τὴν
1099 2238 1244 2273 ἀνισὰτητα
1257 2237 1425 2273 ἑξορίζεσθαί
1449 2245 1540 2272 φησιν,
1555 2236 1621 2262 ἀλλὰ
1643 2235 1692 2270 τὴν
1718 2237 1747 2262 ἑν
1770 2238 1830 2268 τοῖς

201 2290 255 2311 non
275 2284 347 2310 enim
373 2284 535 2319 simpliciter
559 2285 768 2319 inaequalitatem
797 2286 986 2319 exterminari,

202 2329 250 2358 sed
270 2337 329 2357 eam
348 2338 409 2365 quae
429 2331 456 2358 in
475 2331 590 2366 singulis
606 2332 709 2364 existit,
729 2332 755 2359 id
775 2337 818 2360 est
835 2332 985 2359 secundum

202 2383 283 2410 quam
303 2376 442 2410 quodlibet
462 2384 555 2404 eorum
575 2385 635 2412 qua:
646 2383 720 2409 sunt,
743 2377 817 2404 haud
835 2378 985 2412 aequaliter,

201 2428 291 2456 neque
310 2421 438 2448 similiter
455 2421 483 2449 in
513 2422 629 2449 naturali
660 2422 802 2449 identitate
820 2421 985 2454 consistunt,

201 2474 362 2502 permanere
388 2467 465 2494 dicit.
493 2466 560 2494 Cum
587 2475 650 2494 vero
677 2468 762 2495 sciret
792 2468 861 2495 duos
881 2468 985 2500 modos,

201 2515 351 2542 semiudum
369 2521 438 2549 quos
457 2515 628 2550 inatqualitas
647 2514 757 2547 dicitur,
787 2515 854 2542 duos
864 2515 985 2549 exponit,

201 2565 229 2587 et
247 2561 296 2592 ait,
315 2559 400 2587 Deum
420 2564 533 2588 eatenus
555 2561 608 2588 dici
618 2560 766 2595 justitiam,
785 2565 919 2595 quatenus
928 2568 986 2588 0m-

200 2614 264 2634 nem
285 2606 469 2641 aequalitatem
490 2613 643 2641 mensurat,
663 2612 691 2635 et
709 2607 859 2642 quamlibet
869 2607 986 2641 inaequa-

200 2653 304 2682 litatein
327 2655 502 2682 exterminat.
531 2655 744 2690 inaequalitatem
773 2662 839 2683 vero
857 2655 985 2690 intelligit

201 2707 261 2726 eam
280 2708 339 2736 quae
357 2707 407 2735 per
433 2701 613 2735 privationem
645 2701 809 2736 azqualitatis
828 2701 936 2733 accidit,
959 2701 984 2727 id

201 2750 245 2772 est
264 2745 482 2774 redundantiam.
503 2747 629 2774 Alterum
649 2755 757 2782 quoque
776 2748 886 2775 modum
905 2746 984 2774 all’ert

201 2791 399 2827 inzequalitatis
422 2803 429 2820 :
450 2794 525 2821 novit
543 2794 627 2826 enim,
656 2794 772 2829 aliquos,
802 2793 984 2828 intelligibiles

201 2842 229 2865 et
247 2838 422 2874 incorporeas
441 2839 544 2868 formas
562 2845 590 2868 et
610 2840 738 2872 unitates,
759 2839 812 2867 hoc
827 2844 868 2866 est
877 2839 984 2873 simpli-

203 2889 248 2911 ces
267 2883 443 2919 substantias,
463 2886 644 2922 mqualitatem
663 2891 690 2915 et
710 2886 880 2915 identitatem
897 2884 983 2913 uomi-

1039 2284 1099 2311 καθ’
1113 2284 1236 2316 ἕκαστον,
1260 2283 1383 2310 τουτέστι
1396 2283 1427 2309 τὸ
1441 2282 1477 2318 μὴ
1493 2282 1557 2314 ἴσως
1583 2282 1629 2308 καὶ
1646 2282 1747 2317 ὁμοίως
1759 2283 1829 2310 ἕκα-

1040 2339 1099 2357 στον
1114 2330 1167 2357 τῶν
1181 2331 1329 2365 γεγονότων
1357 2331 1386 2356 ἑν
1409 2329 1553 2363 ταύτότητι
1582 2330 1614 2364 τῇ
1640 2328 1711 2355 κατὰ
1732 2328 1826 2362 φύσιν,

1037 2376 1183 2411 διαμένειν.
1208 2376 1259 2402 Δύο
1271 2376 1298 2402 δὲ
1315 2375 1432 2411 τρόπους
1445 2374 1504 2401 καθ’
1516 2374 1562 2406 οὓς
1577 2374 1703 2409 ἀνισότης
1715 2373 1827 2408 λέγεται

1038 2422 1126 2456 εἰδὼς,
1139 2423 1202 2454 τοὺς
1213 2422 1259 2449 δύο
1268 2422 1414 2456 διατρανοῖ,
1431 2420 1476 2447 καί
1491 2429 1583 2455 φησιν,
1594 2421 1635 2446 ὃτι
1659 2420 1731 2447 κατά
1745 2420 1827 2446 τοῦτο

1037 2467 1190 2503 δικαιοσύνη
1215 2467 1321 2501 λέγεται
1341 2468 1356 2493 ὀ
1378 2467 1453 2499 Θεὸς,
1480 2465 1546 2492 καθὸ
1570 2466 1617 2492 καὶ
1637 2465 1686 2500 τὴν
1714 2465 1827 2500 ἰσότητα

1036 2514 1091 2541 τῶν
1123 2515 1231 2541 πάντων
1259 2514 1410 2549 ὲπιμετρεῖ,
1441 2512 1488 2538 καὶ
1514 2511 1563 2547 τὴν
1591 2511 1735 2545 ἀνισότητα
1765 2511 1827 2542 ἑνὸς

1036 2559 1150 2586 ἑκάστου
1178 2559 1301 2595 ἐξορίζει.
1342 2558 1498 2593 Ἀνισότητα
1526 2557 1553 2583 δὲ
1586 2556 1658 2590 λέγει
1685 2555 1733 2591 τὴν
1752 2556 1825 2582 κατά

1037 2606 1164 2642 στέρησιν
1181 2604 1231 2640 τῆς
1258 2604 1380 2638 ἰσότητος
1400 2602 1611 2638 συμΰαίνουσαν,
1626 2601 1747 2627 τουτέστι
1771 2600 1824 2636 τὴν

1036 2651 1199 2683 πλεονεξίαν.
1225 2649 1363 2685 Ἐπιφὲρει
1391 2649 1420 2675 δὲ
1452 2649 1499 2675 καὶ
1535 2648 1580 2674 τὸν
1605 2647 1697 2682 ἕτερον
1721 2647 1825 2682 τρόπον

1035 2698 1084 2733 τῆς
1102 2698 1273 2732 ἀνισότητος-
1299 2696 1346 2722 καὶ
1366 2695 1421 2730 γάρ
1443 2693 1497 2721 οἶδέ
1518 2702 1594 2725 τινας
1619 2693 1654 2719 ea
1675 2693 1723 2728 μὲν
1738 2692 1823 2726 νοητά

1036 2744 1083 2770 καὶ
1105 2743 1237 2778 ἀσώματα
1256 2741 1325 2776 εἴδη,
1356 2741 1402 2768 καὶ
1434 2740 1483 2772 τὰς
1504 2739 1610 2770 ἑνάδας,
1633 2737 1754 2764 τουτέστι
1772 2736 1823 2768 τὰς

1036 2791 1124 2822 ἁπλᾶς
1143 2790 1246 2821 οὐσίας,
1268 2789 1378 2823 ἰσότητα
1393 2787 1439 2814 καὶ
1456 2786 1608 2821 ταύτότητα
1625 2784 1820 2820 ὀνομάσαντας·

1034 2838 1068 2864 τὰ
1084 2837 1112 2863 δὲ
1128 2836 1255 2872 αἰσθητὰ,
1281 2835 1299 2862 ἃ.
1319 2835 1366 2861 καὶ
1400 2833 1517 2869 μεριστά
1542 2833 1594 2859 εἰσι
1617 2832 1662 2858 καὶ
1687 2832 1716 2858 ἑν
1739 2839 1823 2866 μετα-

1035 2884 1098 2919 ϐολῇ
1119 2883 1164 2910 καὶ
1185 2882 1299 2917 διαφορᾷ
1317 2880 1386 2916 πρὸς
1404 2879 1513 2915 ἄλληλα,
1534 2878 1676 2913 ἀνισότητα
1696 2877 1744 2903 xui.
1764 2876 1821 2902 ἐτε-
