1929 3061
99 204 151 234 909
643 206 687 234 DE
706 205 832 235 DIVINIS
848 207 1044 242 NOMlNlBUS,
1060 209 1135 237 CAP.
1156 209 1199 238 IX.
1673 212 1726 241 910,

100 263 211 299 ρότητα.
245 263 325 297 Λέγει
352 260 418 295 οὖν,
450 263 503 290 κᾶν
529 263 630 300 ταύτην
657 265 706 300 τὴν
737 265 872 300 ἀνισότητι

936 273 1029 299 nasse;
1050 266 1162 294 sensilia
1182 273 1248 293 vero
1266 274 1326 301 quae
1350 268 1432 295 etiam
1445 269 1590 297 divisibilia
1612 273 1676 296 sunt
1694 274 1723 297 et

98 307 205 344 νοήσειέ
221 315 264 340 τις
286 308 335 343 τὴν
358 307 490 344 διαφορὰν
522 307 576 335 τῶν
595 309 740 344 αίοθητῶν,
767 309 822 336 ἀλλ’
838 307 872 336 οὖν

934 312 1085 344 mutabilia,
1105 316 1132 339 et
1159 313 1192 340 ab
1220 312 1335 340 invicem
1365 313 1483 348 diversa,
1505 316 1718 351 inaequalitatem

97 354 145 380 καὶ
162 353 262 389 ταύτης
276 354 324 389 τῆς
341 355 497 390 ἀνισότητος
515 355 530 380 ὁ
548 354 613 386 Θεὸς
632 355 749 390 φρουρός
766 357 834 388 ἐστι,
847 355 872 390 μί

934 362 962 385 et
988 358 1184 385 diversitatem.
1212 358 1283 386 Dicit
1311 359 1417 394 itaque,
1445 362 1497 388 etsi
1526 362 1622 397 aliquis
1651 363 1721 389 hanc

97 399 151 426 ὲῶν
164 400 197 427 τὰ
223 401 330 427 ἐναντία
358 401 398 433 είς
427 401 456 428 ἓν
485 400 661 436 συναχθῆναι,
691 402 738 428 καὶ
764 401 807 427 διὰ
836 401 872 436 τῆη

935 404 1149 439 inaqualitatem
1168 405 1332 433 intellexerit
1362 405 1542 435 diﬁ'erentiam
1561 409 1716 440 sensilium,

97 446 204 481 φύσεως
221 448 262 478 είς
282 447 384 482 φθορὰν
403 446 506 473 ἐλθεῖν·
536 447 574 478 ὡς
601 446 655 482 γὰρ
689 447 832 482 παρήγαγε
850 455 872 473 τι

937 449 1112 477 nihilominus
1138 449 1220 476 etiam
1258 450 1341 477 Deum
1377 450 1492 485 hujusce
1528 453 1719 487 inatqualitatis

96 492 194 525 πάντα,
214 493 284 519 οὕτω
305 494 432 529 συντηρεῖ
451 492 532 525 αὐτὰ,
552 492 589 524 ὡς
609 493 655 519 καί
669 494 721 519 εισι
737 493 784 519 καὶ
801 493 839 525 ὡς
856 494 872 520 ὲκ

938 495 1076 522 custodem
1096 495 1224 527 existere,
1247 497 1308 524 dum
1337 504 1390 524 non
1419 497 1552 531 permittit
1579 500 1719 527 contraria

95 538 184 574 ἀρχῆς
197 539 327 574 ἐγένοντο.

936 540 965 567 in
984 548 1065 568 unum
1087 541 1268 574 commisceri,
1288 546 1317 569 et
1344 543 1506 571 naturaliter
1522 544 1548 570 iit
1566 546 1720 580 corruptio-

96 593 157 613 nem
175 585 317 618 devenire;
356 589 386 613 ut
404 586 475 613 enim
494 585 583 613 omnia
594 585 732 621 produxit,
744 585 783 612 sic
793 585 874 612 etiam
895 585 953 620 ipsa
972 591 1125 620 conservat,
1147 591 1175 614 ut
1194 592 1222 614 et
1240 588 1294 614 sint
1314 588 1383 616 sicut
1402 589 1429 616 in
1449 590 1581 624 principio
1599 590 1718 618 fuerunt.

110 666 1709 681 __________—_______‘

286 711 607 754 ΚΕΦΑΛΑΙΟΝ
621 711 682 756 Θ’.

91 784 164 819 Περὶ
180 784 324 819 μετά-λου,
344 785 468 819 μικροῦ,
489 785 608 817 ταύτοῦ,
635 786 748 819 ἑτέρου,
766 785 878 820 ὁμοίου,

163 820 314 855 ἀνομοίου,
327 820 473 854 στάσεως,
490 820 644 854 κινήσεως,
660 821 806 855 ισότητος.

1115 706 1196 742 4⁸⁵
1215 716 1406 762 CAPUT
1444 718 1531 762 IX.

941 787 980 815 De
1002 796 1110 824 magno,
1129 798 1221 824 parvo,
1246 790 1353 823 eodem,
1371 790 1435 827 alio,
1458 792 1558 826 simili,
1580 794 1716 827 dissimili,

1142 831 1224 859 statu,
1241 831 1324 860 motu,
1339 825 1499 861 aqualitate.

730 895 899 925 SYNOPSIS
914 896 1059 926 CAPITIS.

89 951 112 980 I.
130 953 210 986 Dicit,
227 953 308 981 Deum
319 955 346 981 in
357 955 511 993 §rcripturis
527 955 615 982 vocari
635 962 902 993 magngmtparvum,
915 956 1044 993 eumdem,
1060 957 1153 993 alium,
1169 962 1221 985 etc.
1235 957 1267 985 ll.
1285 958 1420 993 Explicat,
1430 967 1481 993 quo
1493 966 1570 986 sensu
1589 959 1657 986 Deus
1671 960 1713 986 di-

130 994 208 1028 gattir
219 998 339 1028 magnus.
356 990 398 1028 lll.
408 990 473 1028 Quo
491 998 567 1028 sensu
577 989 686 1028 parvus.
699 989 820 1028 lV_.__Quo
831 999 909 1018 sensu
922 991 1001 1028 idem.
1014 992 1045 1019 V.
1064 991 1121 1028 Quo
1136 1000 1214 1019 sensu
1224 993 1311 1024 aliud,
1324 989 1348 1019 et
1364 989 1494 1028 quomodo
1512 995 1664 1028 accipienda
1680 995 1714 1021 sit

129 1025 156 1050 in
176 1024 231 1051 Dea
245 1025 392 1059 longitudo,
404 1025 529 1056 latitudo,
541 1024 709 1059 profundum.
726 1025 768 1052 Vl.

786 1025 843 1058 Quo
856 1034 935 1053 sensu
947 1026 1054 1053 dicatur
1066 1027 1136 1054 Deus
1148 1028 1253 1059 similis,
1271 1036 1328 1054 cum
1344 1025 1431 1055 ta'men
1445 1025 1586 1055 causarum
1602 1029 1637 1055 ad
1653 1038 1666 1056 ε
1690 1038 1715 1056 e-

786 1069 826 1098 tsu
843 1061 948 1098 dicatur
960 1062 1108 1098 dissimilis.
1121 1062 1186 1098 Ylll.
1199 1062 1256 1094 Quo
1268 1071 1345 1089 sensu
1355 1068 1424 1090 stare
1436 1064 1473 1090 vel
1483 1064 1583 1091 aedere.
1597 1063 1644 1091 IX.
1655 1029 1713 1098 [gito

126 1063 183 1086 ctus
200 1068 251 1086 non
266 1061 300 1086 sit
312 1061 417 1095 proprie
432 1059 587 1086 similitudo.
608 1059 661 1095 Vll.
677 1059 735 1092 Quo
750 1068 826 1087 sensu
843 1061 948 1088 dicatur
960 1062 1108 1089 dissimilis.
1121 1062 1186 1089 Vill.
1199 1062 1256 1094 Quo
1268 1071 1345 1089 sensu
1355 1068 1424 1090 stare
1436 1064 1473 1090 vel
1483 1064 1583 1091 aedere.
1597 1063 1644 1091 IX.
1655 1059 1713 1095 duo

126 1102 204 1122 sensu
216 1095 321 1122 dicatur
334 1095 440 1127 moueri,
455 1100 478 1121 et
494 1095 623 1130 quomodo
635 1094 690 1122 Deo
702 1097 836 1123 conveniat
847 1095 942 1131 triplex
957 1102 1052 1123 matus.
1074 1096 1106 1124 X.
1119 1096 1176 1129 Quo
1191 1105 1267 1124 sensu
1278 1098 1380 1126 dicatur
1390 1098 1509 1133 wqualis.

860 1175 919 1212 51.

131 1246 238 1282 Ἐπειδὴ
254 1246 282 1273 δὲ
297 1247 344 1273 καὶ
366 1246 396 1273 τὸ
419 1247 488 1282 μέγα
505 1247 551 1273 καὶ
568 1245 599 1272 τὸ
619 1246 715 1282 μικρὸν
737 1246 872 1273 ἀνατέθει-

963 1246 1094 1280 Quoniam
1111 1254 1176 1274 vero
1196 1247 1277 1274 etiam
1302 1254 1428 1282 maguum
1443 1253 1471 1276 et
1493 1255 1608 1283 parvum
1632 1250 1712 1277 attri-

91 1301 133 1320 ται
148 1292 169 1308 ⁶¹
189 1291 229 1327 τῷ
252 1292 358 1318 πάντων
379 1291 465 1327 αἰτίῳ,
482 1292 528 1318 καὶ
543 1291 575 1318 τὸ
595 1291 693 1318 ταύτὸν
707 1291 753 1317 καὶ
768 1291 799 1317 τὸ
818 1291 876 1317 ἓτε-

88 1347 146 1375 ρον,
159 1338 206 1365 καὶ
220 1338 251 1364 τὸ
267 1338 358 1373 ὅμοιον
373 1338 419 1365 καὶ
432 1337 463 1364 τὺ
477 1337 612 1373 ἀνόμοιον,
625 1337 671 1364 καὶ
687 1338 704 1373 ἡ
720 1337 812 1369 στάσις
829 1338 874 1364 καὶ

88 1387 104 1421 ἢ
122 1385 238 1420 κίνησις,
256 1384 321 1420 φέρε
336 1385 382 1411 καὶ
397 1384 497 1411 τούτων
510 1384 564 1410 τῶν
581 1383 737 1419 θεωνυμιῶν
750 1384 772 1400 ⁶¹
791 1384 875 1418 ἀγαλ-

87 1431 192 1467 μάτων,
209 1431 260 1457 ὄσα
281 1431 347 1466 ἡμῖν
368 1431 486 1466 ἐμφανῆ,
504 1431 695 1466 θεωρήσωμεν,
713 1430 807 1464 Μέγας
825 1430 874 1465 μὲν

82 1473 133 1502 οὖν
153 1477 168 1502 ὁ
182 1475 248 1507 Θεὸς
271 1475 300 1502 ὲν
324 1477 379 1507 τοῖς
401 1475 500 1510 λογίοις
517 1476 650 1511 ὑμνεῖται,
668 1475 714 1502 καὶ
737 1476 766 1501 ὲν
792 1475 874 1511 μεγέ-

85 1522 138 1554 Οει,
155 1523 201 1549 καὶ
224 1523 252 1549 ἐν
266 1521 338 1558 αὔρᾳ
360 1522 444 1558 λεπτῇ
459 1522 509 1557 τὴν
525 1522 599 1548 Θείαν
624 1521 793 1557 ὲμφαινοὺσῃ
813 1530 875 1556 σμι-

85 1568 221 1603 κρότητα·
241 1569 288 1595 καὶ
309 1568 415 1600 ταὺτὺς,
433 1569 496 1595 ὅταν
519 1569 555 1604 φῇ
576 1567 610 1594 τὰ
632 1567 717 1602 λόγια,
743 1567 784 1594 Σὺ
805 1566 838 1593 δὲ
859 1568 875 1593 ό

84 1614 178 1647 αὐτὸς
197 1614 239 1641 εἶ·
261 1614 308 1641 καὶ
331 1614 440 1650 ἕτερος,
469 1614 549 1650 ἡνίκα
573 1613 610 1645 ὡς
633 1612 807 1648 πολύσχημος
828 1612 875 1639 καὶ

85 1661 227 1695 πολυειδὴς
243 1661 295 1687 ὑπὸ
310 1660 364 1687 τῶν
380 1660 468 1688 αὐτῶν
494 1661 590 1695 λογίων
606 1661 810 1687 διαπλάττεταισ
829 1659 875 1686 καὶ

83 1714 186 1744 ὅμοιος,
197 1708 234 1739 ὡς
250 1708 350 1743 ὁμοίων
365 1708 411 1734 καὶ
421 1707 577 1742 ὁμοιότητος
594 1707 746 1742 ὑποστάτης
756 1714 762 1720 ·
775 1705 820 1732 καὶ
829 1705 875 1732 ἀν-

85 1755 177 1790 ύμοιος
200 1755 292 1785 πᾶσιν,
309 1753 347 1785 ὡς
370 1754 420 1780 οὐκ
445 1753 520 1785 ὄντος
544 1752 617 1788 αὐτῷ
639 1753 686 1779 τοῦ
702 1752 809 1788 ὁμοιου-
828 1750 875 1778 καὶ

85 1800 181 1832 ἑστὼς,
199 1801 246 1826 καὶ
261 1800 397 1835 ἀκίνητος,
416 1799 463 1826 καὶ
479 1799 630 1835 καθήμενος
647 1800 686 1830 είς
709 1799 755 1825 τὸν
777 1798 873 1829 αἰῶνα,

81 1846 134 1872 καὶ
159 1844 331 1880 κινούμενος,
357 1845 394 1876 ὡς
425 1844 471 1871 ἐπὶ
493 1845 581 1871 πάντα
610 1844 805 1880 πορευόμενος·
829 1844 875 1870 καὶ

81 1892 145 1919 ὅσαι
161 1891 238 1918 ἄλλαι
260 1891 372 1923 ταύταις
391 1890 552 1927 ὁμοδύναμοι
569 1890 715 1926 θεωνυμίαι
732 1890 799 1925 πρὸς
822 1890 875 1917 τῶν

86 1936 193 1971 Λογιων
209 1936 366 1972 ὑμνοῦνται.

929 1293 1021 1320 huitur
1031 1292 1152 1319 oumium
1169 1292 1284 1324 auctori,
1299 1296 1326 1320 et
1343 1292 1413 1319 idem
1430 1297 1456 1319 et
1475 1292 1559 1325 aliud,
1576 1297 1603 1320 et
1620 1293 1710 1321 simile

925 1344 951 1365 et
972 1338 1122 1372 dissimile,
1140 1343 1169 1365 et
1188 1342 1276 1365 status
1291 1342 1319 1365 et
1337 1343 1442 1371 motus,
1467 1339 1580 1374 agedum
1605 1346 1713 1375 quoque

925 1384 982 1411 hac
994 1383 1146 1411 divinorum
1161 1385 1299 1411 nominum
1313 1383 1469 1417 simulacra,
1482 1389 1615 1419 quatenus
1630 1385 1709 1413 nobis

925 1434 1030 1464 patent,
1053 1429 1219 1457 intueamur.
1239 1429 1351 1464 Magnus
1370 1430 1480 1464 quidem
1497 1429 1568 1458 Deus
1587 1431 1615 1458 in
1631 1430 1709 1459 Scri-

926 1476 1012 1510 pturis
1028 1476 1163 1509 laudatur,
1179 1480 1205 1502 et
1224 1476 1248 1502 in
1266 1476 1466 1510 magnitudine,
1482 1481 1510 1504 et
1525 1476 1552 1504 in
1576 1485 1643 1504 aura
1669 1483 1710 1505 te-

926 1522 971 1548 nui
991 1529 1052 1556 qua:
1069 1522 1188 1548 divinam
1210 1521 1328 1548 insinuet
1349 1522 1528 1556 parvitatem;
1551 1523 1621 1551 idem
1642 1531 1711 1558 quo-

925 1575 988 1602 que,
1001 1573 1030 1594 ut
1044 1567 1071 1594 in
1093 1567 1139 1595 illo
1157 1567 1362 1601 Scripturarum
1379 1567 1437 1594 loco
1454 1577 1460 1595 :
1479 1567 1517 1594 Tu
1530 1574 1617 1596 autem
1638 1570 1709 1596 idem

925 1613 979 1647 ipse
993 1621 1019 1640 ea
1037 1613 1064 1646 1;
1080 1618 1107 1640 et
1122 1613 1191 1640 alius
1214 1620 1245 1640 ac
1270 1613 1408 1645 diversus,
1429 1618 1458 1640 ut
1473 1621 1535 1640 cum
1560 1614 1709 1642 multarum

925 1660 1073 1695 ﬁgurarum
1086 1666 1119 1686 ac
1135 1658 1282 1686 formarum
1301 1659 1336 1686 ab
1352 1659 1446 1686 eadem
1469 1659 1610 1694 Scriptura
1635 1661 1711 1696 ﬁngi-

926 1711 985 1738 tur;
1001 1709 1027 1732 et
1043 1705 1150 1737 similis,
1166 1709 1195 1732 ut
1211 1705 1340 1731 similium
1362 1712 1394 1732 ac
1410 1704 1598 1733 sitnilitudiuis
1614 1707 1709 1733 condi—

926 1754 984 1782 tor;
999 1754 1026 1776 et
1041 1749 1183 1776 dissimilis
1197 1747 1335 1781 omnibus,
1354 1754 1382 1775 ut
1399 1748 1444 1775 cui
1467 1755 1520 1775 non
1542 1750 1578 1775 sit
1592 1749 1706 1783 similis;

926 1799 1001 1823 stans
1017 1795 1099 1822 etiam
1114 1799 1141 1822 et
1160 1794 1317 1826 imutobilis,
1331 1801 1365 1821 ac
1389 1795 1486 1822 sedens
1503 1794 1530 1821 itt
1556 1795 1705 1828 saeculum;

925 1846 953 1869 et
970 1841 1089 1871 mobilis,
1105 1845 1134 1868 ut
1147 1840 1194 1875 qui
1210 1848 1258 1875 per
1273 1841 1365 1867 omnia
1381 1846 1518 1874 penetret;
1535 1844 1562 1868 et
1579 1847 1709 1875 quaecun-

925 1895 978 1923 que
992 1887 1044 1914 alia
1067 1887 1159 1914 divina
1176 1886 1286 1914 nomina
1312 1886 1355 1913 his
1379 1886 1579 1921 aequipolleutia
1595 1894 1610 1913 a
1633 1886 1708 1913 Scri-

925 1934 1012 1970 pturis
1027 1933 1212 1961 celebrantur.

855 2015 869 2051 §
891 2014 931 2044 Il.

118 2089 212 2124 Μέγας
231 2088 280 2124 μὲν
296 2085 342 2114 οὖν
358 2088 372 2114 ὁ
387 2086 452 2118 Θεὸς
468 2087 638 2122 ὀνομάζεται,
656 2086 726 2114 κατὰ
742 2087 772 2114 τὺ
796 2086 868 2118 ἰδίως

953 2085 993 2113 Ac
1014 2091 1126 2120 magnus
1149 2083 1259 2119 quidem
1285 2085 1354 2112 Deus
1376 2083 1539 2119 appellatur,
1556 2084 1706 2112 secundum

83 2134 166 2162 αὐτοῦ
191 2135 272 2170 μέγα,
288 2134 319 2160 τὸ
335 2134 401 2160 πᾶσι
422 2134 478 2164 τοῖς
495 2133 620 2168 μεγάλοις
643 2133 738 2160 ἑαυτοῦ
763 2132 870 2168 μεταδι-

82 2181 157 2212 δοῦν.
174 2181 221 2207 καὶ
237 2180 335 2212 παντὸς
350 2178 479 2215 μεγέθους
496 2178 594 2210 ἔξωθεν
610 2179 807 2214 ὑπερχεόμενον
823 2178 870 2205 καὶ

85 2225 349 2260 ὕπερεκτεινόμενον,
382 2224 471 2251 πάντα
501 2224 582 2250 τόπον
615 2223 749 2258 περιέχον,
782 2223 870 2250 πάντα

85 2269 199 2306 ἀριθμὸν
216 2270 392 2305 ὑπερῦάλλον,
410 2269 498 2295 πᾶσαν
519 2268 645 2304 ἀπειρίαν
661 2267 805 2300 διαϐαῖνον,
823 2269 870 2295 καὶ

84 2316 156 2343 κατὰ
178 2316 208 2342 τὸ
231 2316 404 2352 ὑπερπλῆρες
427 2314 508 2341 αὑτοῦ
532 2314 579 2341 καὶ
606 2314 800 2350 μεγαλουργὸν,
822 2315 869 2341 καὶ

85 2363 134 2395 τὰς
156 2362 275 2398 πηγαίας
300 2362 382 2388 αὑτοῦ
402 2361 516 2397 δωρεὰς,
537 2361 598 2388 καθ’
618 2361 678 2387 ὅσον
704 2358 782 2387 αὗται
803 2360 870 2395 πρὸς

83 2409 193 2436 πάντων
225 2407 401 2443 μετεχομεναι
432 2407 502 2434 κατὰ
532 2406 714 2442 ἀπειρόόωρον
737 2405 759 2421 ⁸³
782 2405 868 2440 χύσιν,

83 2458 214 2494 ἀμείωτοι
239 2454 376 2487 παντελῶς
400 2457 469 2487 εισι,
494 2456 541 2482 καὶ
570 2455 618 2491 τὴν
650 2455 733 2490 αὐτὴν
764 2454 870 2490 ἔχουσιν

83 2503 321 2540 ὑπερπληρῢτητα,
336 2503 383 2529 καὶ
401 2501 450 2527 οὐκ
467 2501 638 2527 ἐλαττοῦνται
654 2501 714 2531 ταῖς
733 2501 868 2535 μετοχαῖς,

82 2541 152 2578 ἀλλὰ
178 2550 226 2576 καὶ
252 2549 349 2584 μᾶλλον
376 2547 581 2583 ὑπερϐλύςουσι.
600 2548 636 2573 Τὸ
661 2546 774 2582 μέγεθος
792 2546 870 2572 τοῦτο

82 2597 131 2625 καὶ
147 2595 258 2631 ἀπειρόν
282 2595 350 2626 ἐστι,
368 2595 414 2620 καὶ
435 2593 545 2626 ἄποσον,
569 2594 615 2620 καὶ
639 2593 800 2629 ἀνάριθμον·
823 2592 869 2618 καὶ

81 2642 163 2670 τοῦτό
191 2643 265 2668 ἐστιν
288 2641 305 2676 ἡ
328 2639 462 2675 ὑπεροχὴ,
494 2639 563 2666 κατὰ
595 2639 644 2674 τὴν
675 2639 806 2665 ἀπόλυτον
822 2639 870 2666 καὶ

82 2687 304 2724 ὑπερτεταμένην
319 2686 368 2721 τῆς
388 2685 572 2722 ἀπεριλήπτου
598 2686 804 2720 μεγαλειότητος
824 2685 871 2720 χύ-

83 2743 126 2762 σιν
144 2735 176 2762 ³⁵.

176 2834 184 2853 ι
204 2834 277 2861 Psal.
295 2841 332 2867 ct,
349 2832 394 2860 ‘28.

920 2132 971 2160 sibi
987 2131 1123 2167 propriam
1137 2130 1364 2165 magnitudinem,
1380 2137 1441 2164 quae
1458 2130 1563 2165 magnis
1578 2131 1704 2159 omnibus

921 2179 954 2207 de
965 2186 994 2206 se
1006 2178 1198 2210 communicat,
1212 2181 1239 2204 et
1253 2177 1326 2204 omni
1341 2177 1520 2211 magnitudini
1534 2177 1705 2204 extrinsecus

927 2225 1133 2261 superfunditur
1153 2229 1181 2252 et
1206 2224 1462 2258 supraexpanditur,
1488 2227 1574 2250 locum
1596 2231 1705 2251 onmem

921 2271 1116 2306 complectens,
1141 2277 1251 2297 omnem
1270 2277 1412 2296 numerum
1429 2269 1574 2302 excedens,
1597 2277 1704 2298 omnem

921 2317 1078 2344 transiliens
1095 2315 1276 2347 iuﬁnitateut,
1298 2319 1325 2342 et
1339 2314 1416 2348 juxta
1453 2323 1618 2351 supraquam
1646 2315 1704 2350 ple-

921 2364 1071 2391 nitudiuem
1096 2369 1173 2389 suam
1199 2369 1231 2389 ac
1260 2362 1509 2396 magniﬁcentiam,
1535 2361 1704 2396 fontalesque

920 2417 985 2437 suas
1001 2408 1219 2440 distributiones,
1239 2412 1373 2442 quatenus
1391 2407 1433 2434 hae
1457 2407 1583 2434 omnibus
1600 2408 1706 2434 inﬁnita

921 2456 1077 2492 profusione
1103 2453 1324 2486 communicat-.e,
1347 2459 1457 2480 tnanent
1479 2461 1591 2488 prorsus
1613 2453 1705 2480 immi‘

922 2507 1004 2534 nutat,
1019 2506 1048 2528 et
1069 2500 1191 2528 eamdem
1216 2500 1320 2527 habent
1344 2507 1426 2534 supra
1448 2507 1529 2534 quam
1557 2499 1705 2534 plenitudi-

923 2555 996 2581 nem,
1011 2554 1098 2582 neque
1118 2545 1373 2581 participatiouibus
1393 2546 1562 2577 minuuntur,
1582 2544 1705 2579 quinimo

922 2594 1008 2628 magis
1028 2593 1189 2620 redundant.
1209 2592 1272 2619 Haec
1296 2591 1454 2626 magnitudo
1477 2596 1505 2618 et
1526 2591 1629 2618 inﬁnita
1653 2595 1705 2623 est,

922 2643 950 2666 et
980 2638 1141 2673 quantitatis
1170 2645 1201 2665 ac
1234 2638 1340 2664 numeri
1377 2644 1499 2671 expers:
1524 2641 1551 2662 et
1582 2637 1639 2663 haec
1663 2642 1706 2663 est

924 2684 1084 2712 excellentia
1099 2684 1246 2711 secundum
1267 2683 1426 2711 ell‘usionem
1447 2683 1596 2710 absolutam
1613 2689 1640 2709 et
1657 2690 1704 2709 su-

923 2737 1053 2764 praquam
1097 2735 1238 2758 cxtensant
1272 2728 1481 2763 magniﬁcentia:
1504 2736 1557 2755 non
1579 2735 1703 2762 compre-

921 2775 1023 2802 hensae.

725 2876 839 2905 VARUE
859 2877 1062 2907 LECTIONES.

118 2938 140 2954 “
158 2937 321 2971 ἀνατίθεται,
340 2937 370 2966 S.
407 2937 428 2953 θ’
444 2933 619 2970 θεωνυμικῶν
635 2934 701 2971 lege.
715 2972 722 2975 4
735 2936 764 2976 ,³³
781 2936 1004 2973 ἀπειροδὺναμον.

1065 2939 1086 2955 εδ
1104 2938 1193 2975 φύσιν,
1210 2937 1242 2966 1.).
1262 2938 1292 2966 S.
