1929 3061
132 189 185 219 915

666 189 712 217 DE
729 189 855 218 DIVINIS
872 189 1070 224 NOMINIBUS,
1086 190 1161 218 CAP.
1182 190 1228 218 IX.

1699 187 1765 218 9M-

130 245 252 281 νομὲνοις
275 245 339 282 παρ’
360 246 374 274 ὁ
397 246 551 281 φαίνονται,
578 246 720 282 σημαίνειν
743 247 855 283 οἰητέον.
879 247 915 280 Ὡς

974 255 1064 275 rarum
1084 247 1252 280 diversitate,
1265 245 1388 282 quaedam
1402 245 1454 274 alia
1469 245 1502 273 ab
1518 245 1551 273 iis
1563 251 1624 281 quas
1637 245 1701 273 visis
1715 246 1753 273 in-
1791 258 1793 261 ι

131 295 184 327 γὰρ
201 293 224 319 εἰ
246 292 296 328 τὴν
316 292 402 328 ψυχὴν
426 292 509 328 αὐτὴν
534 293 720 328 σωματοειδῶς
736 294 750 320 ὁ
767 293 844 327 λόγος
866 293 919 320 διέ-

130 339 240 370 πλαττε,
258 339 306 366 καὶ
329 338 398 374 μέρη
421 338 562 373 σωματικὰ
583 340 616 374 τῇ
633 339 731 374 ἀμερεῖ
754 339 918 375 περιέπλατ-

131 391 191 414 τεν,
215 383 315 419 ἑτέρως
342 382 470 418 ὲνοοῦμεν
495 383 537 409 ἐπ’
562 384 629 420 αὐτῇ
661 384 695 411 τὰ
727 385 919 421 περιτιθέμενοι

131 428 200 463 μέρη
211 447 218 460 ,
235 430 268 464 τῇ
286 429 402 464 ἀμερείᾳ
418 430 451 465 τῇ
472 429 542 456 κατὰ
558 429 645 465 ψυχὴν
664 430 785 463 οἰκείως·
804 431 851 458 καὶ
873 440 918 458 κε-

129 475 218 511 φαλὴν
243 476 292 510 μὲν
308 476 353 502 τὸν
374 476 445 507 νοῦν,
462 477 563 512 αὐχένα
584 476 612 503 δὲ
631 477 680 513 τὴν
703 476 792 510 δόξαν,
818 478 864 513 (ὠς
889 480 917 505 ὲν

130 521 206 557 μέσῳ
220 522 300 556 λόγου
315 523 362 549 καὶ
378 522 513 558 ἀλογίας·)
531 523 627 559 στῆθος
641 523 670 550 δὲ
686 523 780 559 θυμὸν,
797 525 918 560 γαστέρα

129 567 158 594 δὲ
168 567 217 603 τὴν
232 567 388 604 ἐπιθυμίαν,
400 569 481 604 σκέλη
498 569 526 595 δὲ
543 570 588 596 καὶ
605 569 688 602 πόδας
704 570 752 606 τὴν
769 570 848 606 φύσιν
865 571 918 598 ἐλέ-

129 620 223 647 γομεν,
240 615 296 645 τοῖς
312 613 365 641 τῶν
383 614 473 650 μερῶν
489 615 600 650 ὀνόμασι
623 615 676 642 τῶν
692 616 833 652 δυνάμεων
850 626 918 652 συμ-

130 658 217 691 ϐόλοις
234 659 383 696 χρώμενοι·
402 661 490 696 πολλῷ
505 671 538 696 γε
559 662 656 697 μᾶλλον
678 664 723 690 ἐπὶ
745 663 792 690 τοῦ
809 665 917 692 πάντων

129 704 258 733 ἐπέκεινα
273 706 321 741 τὴν
338 706 483 743 ἑτερότητα
498 708 551 735 τῶν
570 709 680 745 μορφιῖΝ
705 710 752 737 xal.
775 710 829 737 τῶν
852 720 918 747 σχη-

130 749 233 784 μάτων,
252 752 338 786 ἱεραῖς
362 752 408 778 καί
430 751 593 787 θεοπρεπέσι
616 754 663 781 καὶ
688 756 831 790 μυστικαῖς
851 757 916 783 ἀνα-

128 793 256 827 πτύξεσιν
267 795 496 832 ἀνακαθαίρεσθαι
507 798 569 833 χρή.
579 799 633 825 Καὶ
644 800 667 825 εἰ
680 799 767 835 βούλει
777 800 812 827 τὰ
822 801 917 836 τριττὰ

127 838 182 865 τῶν
194 840 327 875 σωμάτων
343 842 469 877 σχήματα
490 842 528 878 τῷ
544 843 642 878 ἀναφεϊ
657 845 704 872 καὶ
721 846 916 882 ἀσχηματίστῳ

127 884 188 920 Θεῷ
204 886 345 921 περιάψαι,
363 886 463 919 πλάτος
480 888 529 923 μὲν
553 889 624 916 θεῖον
641 891 737 926 ῥητέον
758 892 808 928 τὴν
832 893 916 928 ὑπερ-

968 293 1123 326 sinuantur,
1144 292 1294 327 signiﬁcari
1319 292 1468 327 putandum
1490 296 1542 319 est.
1565 291 1750 326 Quemadmo-

969 340 1031 367 dum
1052 340 1124 367 enim
1141 339 1163 366 si
1180 339 1241 374 quis
1254 338 1401 375 cogitando
1421 339 1536 366 animam
1554 339 1588 366 ad
1613 345 1752 373 corporeae

969 386 1060 421 ﬁgura:
1077 385 1184 412 modum
1201 386 1286 420 ipsam
1303 389 1519 420 repraesentaret,
1533 388 1560 412 et
1579 384 1618 412 rei
1633 383 1752 420 partium

968 432 1072 467 experti
1096 437 1187 466 partes
1209 438 1359 466 corporeas
1377 430 1526 465 aﬂiugeret,
1545 430 1599 458 alio
1620 430 1699 458 modo
1722 429 1751 456 in

968 485 999 505 ea
1022 482 1123 512 partes,
1144 484 1203 512 quae
1217 477 1254 504 illi
1279 477 1416 505 attributae
1429 475 1511 512 587
1525 480 1627 508 essent,
1650 475 1752 503 intelli-

967 531 1102 558 geremus,
1120 528 1202 559 prout
1215 523 1342 550 nimirum
1357 522 1483 550 convenit
1498 521 1582 556 ipsius
1604 520 1753 549 individui-

969 570 1031 601 tati;
1047 574 1075 597 et
1088 574 1171 605 caput
1182 570 1290 605 quidem
1306 568 1524 604 intelligentiam,
1536 567 1670 595 cervicem
1682 573 1750 594 vero

968 615 1122 650 opinionem
1145 615 1256 650 (utpote
1280 614 1397 642 mediam
1422 613 1494 641 inter
1515 612 1648 640 rationem
1671 617 1753 646 atque

968 660 1258 696 irrationabilitatem)
1281 665 1378 695 pectus
1403 663 1494 686 autem
1517 658 1605 690 iram,
1627 661 1752 684 ventrem

967 715 1033 735 vero
1045 707 1230 742 cupiditatem,
1245 714 1327 733 crura
1341 706 1458 741 denique
1474 713 1507 733 ac
1528 704 1611 740 pedes
1625 708 1753 732 naturam

968 753 1131 785 diceremus,
1153 753 1266 780 istarum
1289 752 1407 787 partium
1429 751 1588 779 nominibus
1602 758 1652 786 pro
1666 750 1753 778 facul-

968 803 1053 826 tatum
1072 798 1202 834 symbolis
1220 798 1336 832 utendo;
1352 798 1390 825 ita
1405 798 1489 825 multo
1504 804 1572 826 sane
1586 796 1686 832 potiori
1708 803 1753 824 ra-

968 846 1050 877 tione,
1064 845 1090 872 in
1105 852 1138 872 eo
1148 845 1194 879 qui
1207 844 1333 872 omnibus
1346 843 1459 876 eminet,
1472 843 1617 871 diversitas
1630 843 1674 870 illa
1696 841 1753 870 for-

967 899 1071 918 marum
1087 896 1168 926 atque
1190 890 1350 925 ﬁgurarum,
1371 889 1456 918 sacris
1470 889 1631 924 quibusdam
1650 896 1682 916 ac
1696 888 1754 916 Deo

128 932 238 966 ευρεϊαν
254 932 299 958 ἐπὶ
316 933 402 960 πάντα
418 934 465 959 τοῦ
481 934 548 961 Θεοῦ
565 936 675 970 πρόοδον
685 945 691 952 ·
712 938 798 973 μῆκος
812 938 851 971 δὲ,
867 938 915 975 τὴν

967 937 1095 973 congruis
1124 937 1302 972 mysticisquc
1325 935 1582 970 explanationibus,
1603 933 1752 969 anagogice

129 977 387 1014 ὑπερεκτεινομένην
397 979 431 1007 τὰ
445 979 493 1008 ὅλα
504 981 628 1018 δύναμιν
645 983 724 1018 βάθος
735 984 773 1016 δὲ,
785 985 834 1020 τὴν
847 986 915 1012 πᾶσι

127 1025 183 1055 τοῖς
199 1021 272 1050 οὖσιν
297 1025 480 1061 ἀπερίληπτον
503 1028 671 1065 κρυφιότητα
696 1031 742 1057 καὶ
766 1031 911 1065 ἀγνωσίαν.

134 1068 202 1095 Ἀλλ’
212 1070 285 1101 ὅπως
302 1070 338 1106 μὴ
353 1070 477 1107 λάθωμεν
494 1073 605 1106 ἑαυτοὺς
614 1076 647 1101 ὲκ
656 1075 706 1110 τῆς
719 1076 773 1103 τῶν
789 1077 915 1113 ἐτεροίων

128 1115 274 1150 σχημάτων
290 1117 336 1143 καὶ
355 1118 464 1153 μορφῶν
486 1119 671 1154 ἀναπτύξεως,
688 1121 738 1154 τὰς
754 1123 916 1159 ἀσωμάτους

127 1159 280 1195 θεωνυμίας
295 1162 355 1194 ταῖς
379 1163 423 1189 διὰ
440 1165 582 1200 συμϐόλων
605 1167 741 1203 αἰσθητῶν
759 1168 914 1204 συμφύρον-

126 1211 182 1236 τες,
199 1204 238 1230 διὸ
263 1205 327 1241 περὶ
353 1205 402 1241 μὲν
428 1208 529 1237 τούτων
545 1211 574 1237 ὲν
589 1212 622 1247 τῇ
645 1211 798 1248 Συμϐολικῇ
824 1212 913 1240 θεολο-

126 1249 175 1286 γίᾳ
190 1251 229 1267 ⁷⁵·
247 1251 294 1278 νῦν
309 1252 339 1278 δὲ
360 1253 426 1281 αὐτὸ
449 1255 498 1290 τὴν
523 1255 598 1283 θείαν
622 1257 780 1293 ἑτερότητα,
809 1258 846 1294 μὴ
867 1259 916 1286 ἀλ-

126 1295 232 1324 λοίωσίν
260 1306 321 1325 τινα
344 1300 393 1335 τῆς
424 1301 626 1337 ὑπερατρέπτου
656 1303 817 1339 ταύτότητος
849 1304 916 1331 ὑπο-

127 1342 298 1379 πτεύσωμεν,
313 1345 380 1372 ἀλλὰ
396 1347 442 1374 τὸν
458 1349 556 1376 ἐνιαῖον
572 1348 653 1376 αὑτοῦ
665 1349 912 1385 πολυπλασιασμὸν,

125 1388 175 1459 gl.
190 1389 240 1421 τὰς
257 1391 401 1425 μονοειδεῖς
417 1394 466 1429 τῆς
488 1395 535 1421 ἐπὶ
552 1395 640 1422 πάντα
662 1395 824 1430 πολυγονίας
847 1404 914 1431 προ-

156 1441 212 1459 ους.

156 1441 212 1466 ους.

964 988 1007 1012 est
1027 983 1214 1010 describenda.
1236 982 1270 1010 Et
1286 983 1309 1010 si
1330 982 1482 1017 tripartitas
1504 980 1627 1015 corporis
1650 980 1753 1012 ﬁguras

966 1030 1018 1065 ipsi
1034 1030 1098 1061 Deo,
1113 1029 1157 1063 qui
1178 1028 1252 1064 tangi
1274 1036 1306 1056 ac
1332 1027 1443 1063 ﬁgurari
1469 1027 1582 1062 nequit,
1604 1026 1753 1053 attribuere

967 1074 1099 1107 volueris;
1117 1074 1207 1101 divina
1231 1073 1342 1108 quidem
1364 1072 1482 1100 latitudo
1505 1071 1620 1099 dicenda
1638 1074 1690 1104 est,
1712 1070 1752 1097 la-

968 1120 1071 1148 tissima
1085 1120 1118 1147 ad
1135 1120 1276 1147 universas
1289 1127 1331 1147 res
1346 1118 1517 1154 progressio;
1540 1116 1680 1152 longitudo
1702 1123 1752 1143 au-

969 1172 1033 1200 tem,
1054 1167 1177 1202 potentia
1198 1173 1259 1202 quae
1279 1173 1362 1201 supra
1376 1165 1468 1192 omnia
1489 1163 1669 1200 expanditur;
1689 1168 1753 1197 pro-

965 1213 1078 1241 fundum
1098 1221 1173 1246 vero,
1190 1220 1323 1241 arcanum
1339 1212 1404 1239 illud
1420 1211 1546 1239 omnibus
1564 1210 1751 1241 inaccessum,

969 1260 1146 1295 ejusdemque
1167 1260 1313 1294 ignoratio.
1328 1258 1425 1286 Verum
1440 1266 1474 1285 ne
1492 1257 1619 1284 fallamus
1635 1259 1752 1284 nosmet-

966 1306 1059 1341 ipsos,
1081 1306 1144 1333 dum
1168 1305 1253 1333 variis
1277 1304 1371 1339 ﬁguris
1403 1303 1555 1337 lormisque
1579 1301 1752 1336 explicandis

966 1352 1128 1385 insistimus,
1152 1352 1306 1379 divinarum
1322 1357 1415 1378 rerum
1437 1351 1612 1384 incorporeas
1632 1347 1752 1383 appella—

966 1399 1056 1426 tiones
1074 1406 1135 1427 cum
1157 1398 1297 1433 signorum
1328 1396 1498 1424 sensibilium
1523 1394 1752 1430 appellationibus

966 1443 1170 1477 confundenda,
1193 1443 1227 1470 de
1256 1443 1299 1470 his
1321 1442 1349 1470 in
1363 1441 1515 1478 Symbolica
1541 1440 1676 1475 theologia
1695 1440 1751 1466 dis-

126 1481 276 1515 seruimus;
300 1491 372 1512 nunc
396 1489 486 1512 autem
521 1486 638 1514 divinam
665 1487 865 1521 diversitatem,
887 1495 920 1516 ne
955 1490 1133 1518 mutationem
1173 1490 1318 1525 quamdam
1352 1488 1429 1524 ejus,
1462 1487 1510 1523 qui
1541 1485 1752 1515 immutabiliter

126 1528 199 1555 idem
230 1534 283 1563 est,
305 1538 364 1558 esse
385 1532 566 1567 suspicemur,
588 1534 636 1562 sed
660 1535 750 1569 potius
780 1534 1032 1573 multiplicationem
1060 1537 1247 1572 singularem.
1281 1540 1308 1564 et
1341 1533 1529 1563 emanationcs
1560 1533 1696 1570 simplices
1718 1531 1752 1560 ad

126 1575 230 1604 omnia.

896 1659 909 1694 §
929 1657 982 1689 VI.

163 1752 274 1788 Ὅμοιον
290 1753 318 1779 δὲ
334 1753 379 1780 τὸν
395 1753 461 1780 Θεὸν
477 1755 501 1780 εἰ
520 1754 568 1789 μὲν
591 1754 629 1786 ὡς
651 1755 748 1782 ταύτὸν
765 1755 836 1782 εἴποι
858 1763 914 1787 τις,

1004 1754 1126 1783 Similem
1142 1762 1207 1782 vero
1225 1754 1308 1782 Deum
1324 1754 1347 1782 si
1364 1754 1425 1789 quis
1441 1753 1516 1781 dicat
1530 1758 1561 1782 ut
1575 1754 1712 1787 eumdem,
1726 1758 1752 1782 et

125 1798 164 1831 ὡς
179 1798 238 1825 ὅλον
255 1797 340 1824 διόλου
367 1798 455 1833 ἑαυτῷ
472 1799 592 1834 μονίμως
609 1799 655 1826 καὶ
670 1800 824 1836 ἀμερίστως
850 1799 914 1826 ὂντα

125 1845 228 1880 ὅμοιον,
246 1844 296 1871 οὐκ
311 1843 474 1879 ἀτιμαπέον
489 1845 556 1880 ἡμῖν
571 1844 620 1880 τὴν
636 1844 682 1871 τοῦ
704 1844 797 1880 ὁμοίου
813 1845 914 1872 Gem-Ju-

127 1891 202 1925 μίαν.
219 1891 250 1916 υἰ
266 1889 294 1916 δὲ
311 1889 428 1924 θεολόγοι
443 1890 489 1917 τὸν
504 1891 576 1926 ὑπὲρ
592 1891 679 1918 πάντα
694 1890 770 1923 Θεὸν,
821 1891 911 1923 αὐτὸς,

126 1935 214 1963 οὐδενί
231 1944 311 1969 φασιν
327 1934 396 1962 εἶναι
416 1937 520 1971 ὅμοιον,
537 1937 618 1963 αὑτὸν
633 1937 662 1963 δὲ
677 1937 823 1974 ὁμοιότητα
838 1938 914 1965 θείαν

125 1981 269 2017 δωρεῖσθαι
291 1982 346 2013 τοῖς
363 1981 406 2008 ἐπ’
422 1981 504 2008 αὐτὸν
528 1983 778 2018 ἐπιστρεφομένοις,
844 1982 914 2010 κατὰ

125 2028 239 2063 δύναμιν
265 2028 378 2063 μιμήσει
399 2029 443 2055 τὸν
460 2028 482 2043 ⁷³
506 2029 575 2064 ὑπὲρ
597 2029 687 2056 πάντα
709 2029 757 2055 καὶ
783 2030 845 2064 ὅρον
868 2029 915 2056 καὶ

115 2074 213 2110 ⁴λόγον.
231 2074 286 2101 Καὶ
302 2074 374 2100 ἐστιν
390 2075 407 2109 ἡ
423 2074 472 2109 τῆς
489 2073 563 2106 θείας
579 2075 735 2110 ὁμοιότητος
751 2075 877 2110 δύναμις,
897 2076 914 2111 ἠ

124 2121 160 2147 τὰ
177 2121 353 2157 παραγόμενα
370 2121 458 2147 πάντα
474 2121 542 2157 πρὸς
557 2121 588 2147 τὸ
604 2121 688 2148 αἴτιον
705 2121 912 2157 ἐπιστρέφουσα.

126 2166 219 2194 Ταῦτα
235 2167 299 2201 γοῦν
316 2166 412 2203 ῥητέον
426 2166 509 2201 ὃμοια
523 2166 562 2202 τῷ
572 2167 593 2182 ⁷⁷
603 2166 672 2202 Θεῷ,
690 2168 737 2194 καὶ
753 2167 823 2194 κατὰ
839 2167 914 2194 θείαν

125 2210 218 2236 εἰκόνα
247 2211 294 2237 καὶ
324 2210 469 2246 ὁμοίωσιν·
494 2210 554 2237 οὐδὲ
577 2210 630 2247 γὰρ
654 2211 745 2243 αὐτοῖς
774 2211 820 2238 τὸν
850 2212 915 2239 Θεὸν

125 2256 227 2291 ὅμοιον,
248 2257 289 2283 ὅτι
313 2256 380 2292 μηδὲ
405 2256 547 2293 ἄνθρωπος
571 2259 603 2293 τῇ
628 2257 680 2293 ἰδίᾳ.
701 2258 785 2284 εἰκόνι
807 2258 913 2294 ὅμοιος·

125 2301 173 2327 ἐπὶ
193 2300 248 2336 γὰρ
264 2302 286 2317 ⁷⁸
301 2302 355 2328 τῶν
376 2302 517 2337 ὁμοταγῶν
543 2302 653 2329 δυνατὸν
675 2303 722 2330 καὶ
744 2304 824 2339 ὃμοια
847 2304 916 2331 αὐτὰ

126 2347 252 2382 ἀλλήλοις
274 2346 353 2381 εἶναι,
378 2349 424 2375 καὶ
447 2349 634 2385 ἀντιστρέφειν
657 2351 699 2385 ὲφ⁸
723 2351 841 2387 ἑκάτερα
864 2352 915 2387 τὴν

125 2394 281 2430 ὁμοιότητα,
305 2396 352 2421 καὶ
378 2393 447 2422 εἶναι
472 2395 555 2431 ἄμφω
582 2396 706 2432 ἀλλήλοις
735 2398 816 2433 ὃμοια
846 2398 916 2425 κατὰ

965 1806 994 1829 ut
1010 1805 1096 1829 totum
1113 1808 1161 1835 per
1173 1805 1260 1828 totum
1282 1799 1332 1827 sibi
1353 1799 1427 1827 unite
1440 1803 1466 1826 et
1481 1799 1701 1835 impartiabiliter
1714 1798 1752 1825 si-

965 1847 1066 1879 milem,
1074 1854 1127 1875 non
1135 1850 1179 1874 est
1190 1845 1396 1880 improbandum
1408 1853 1507 1873 nomen
1515 1845 1635 1873 divinum
1645 1844 1751 1874 similis.

965 1892 1094 1927 Theologi
1112 1897 1200 1920 tamen
1220 1892 1316 1924 Deum,
1331 1891 1377 1926 qui
1397 1895 1439 1918 est
1460 1899 1542 1926 supra
1563 1891 1667 1923 omnia,
1682 1898 1751 1926 qua-

966 1941 1044 1964 tenus
1063 1937 1122 1971 ipse
1146 1940 1207 1969 est,
1228 1935 1328 1963 nullius
1349 1935 1466 1964 similem
1494 1943 1556 1964 esse
1587 1937 1679 1968 aiunt,
1704 1935 1753 1963 sed

965 1982 1053 2017 ipsum
1070 1982 1189 2009 divinam
1215 1980 1422 2008 similitudinem
1445 1980 1511 2009 dare
1526 1981 1560 2008 iis
1575 1981 1621 2015 qui
1636 1980 1671 2008 ad
1690 1988 1755 2008 eum

964 2033 1174 2061 convertuntur,
1194 2028 1257 2055 dum
1285 2034 1349 2054 eum
1372 2035 1455 2062 supra
1477 2034 1585 2054 omnem
1607 2026 1756 2055 terminum

966 2083 998 2103 ac
1018 2075 1151 2103 rationem
1171 2081 1221 2110 pro
1236 2074 1341 2101 viribus
1361 2073 1514 2101 imitantur.
1528 2074 1617 2108 Atque
1634 2074 1691 2100 haec
1707 2077 1752 2100 est

965 2122 1064 2150 divina)
1086 2121 1270 2149 similitudinis
1286 2120 1341 2154 vis,
1364 2125 1394 2148 ut
1417 2121 1510 2148 omnia
1532 2128 1593 2155 quae
1617 2120 1752 2155 producta

965 2173 1038 2201 sunt,
1053 2168 1086 2195 ad
1102 2172 1240 2195 auctorem
1254 2173 1334 2195 suum
1349 2170 1502 2194 convertat.
1520 2165 1573 2192 [sta
1590 2165 1674 2200 igitur
1693 2165 1750 2192 Deo

966 2214 1063 2241 similia
1079 2213 1192 2241 dicenda
1208 2218 1282 2246 sunt,
1293 2218 1324 2240 ut
1338 2212 1372 2239 ad
1390 2212 1448 2247 ejus
1464 2211 1609 2246 imaginem
1624 2218 1657 2238 ac
1674 2210 1752 2237 simi-

966 2261 1109 2289 litudinem
1124 2260 1228 2293 edicta;
1245 2267 1298 2287 non
1323 2263 1412 2286 autem
1442 2258 1513 2285 Deus
1535 2257 1568 2285 iis
1587 2256 1685 2285 similis
1709 2256 1753 2283 di-

966 2309 1069 2336 cendus
1083 2312 1135 2339 est.
1149 2307 1212 2343 quia
1226 2314 1260 2334 ne
1280 2306 1389 2341 quidem
1406 2306 1487 2333 homo
1504 2309 1545 2332 est
1565 2303 1677 2339 imagini
1696 2310 1753 2331 sua;

966 2355 1077 2388 similis;
1099 2354 1229 2389 quoniam
1245 2359 1305 2388 quae
1319 2352 1434 2387 aequalia
1460 2355 1534 2383 sunt,
1557 2354 1672 2386 possunt
1691 2349 1753 2384 qui-

967 2401 1028 2428 dem
1052 2400 1103 2428 sibi
1124 2400 1240 2428 invicem
1255 2407 1316 2428 esse
1341 2398 1452 2431 similia,
1468 2402 1497 2426 et
1512 2398 1546 2425 ad
1562 2402 1678 2432 utraque
1701 2403 1752 2431 po-

125 2440 330 2475 προηγούμενον
352 2442 445 2476 ὁμοίου
468 2441 555 2475 εἶδος·
572 2443 619 2470 ἐπὶ
640 2443 668 2470 δὲ
689 2443 737 2470 τοῦ
758 2444 844 2471 αἰτίου
867 2444 915 2471 καὶ

969 2452 1022 2474 test
1038 2448 1087 2474 ista
1106 2445 1255 2474 similitudo
1270 2445 1447 2481 reciprocari,
1462 2449 1492 2472 ut
1506 2444 1562 2472 sint
1576 2443 1658 2471 ambo
1680 2443 1753 2470 invi-

124 2486 179 2513 τῶν
196 2487 324 2514 αἱτιατῶν
340 2487 389 2513 οὐκ
405 2488 588 2524 ἀποδεξόμεθα
603 2489 652 2525 τὴν
668 2491 857 2527 ἀντιστροφὴν.
875 2491 912 2517 Οὐ

125 2532 181 2568 γὰρ
199 2532 288 2568 μόνοις
304 2533 390 2560 τοῖσδε
407 2534 423 2569 ἢ
439 2535 526 2562 τοῖσδε
541 2536 572 2562 τὸ
587 2537 686 2572 ὁμοίως
695 2537 717 2553 ⁷⁹
734 2535 802 2564 εἷναι
818 2537 913 2573 δωρεῖ-

125 2586 188 2610 ται,
206 2579 272 2616 πᾶσι
296 2578 324 2604 δὲ
348 2580 404 2610 τοῖς
428 2580 583 2616 ὁμοιότητος
608 2582 748 2617 μετέχουσι
771 2583 817 2609 τοῦ
843 2581 914 2610 εἶναι

126 2623 230 2659 ὁμοίοις
245 2625 259 2650 ό
270 2623 335 2656 Θεὸς
352 2624 437 2657 αἴτιος
453 2625 586 2660 γίγνεται,
596 2628 642 2654 καὶ
659 2627 715 2654 ἔστι
731 2628 778 2654 καὶ
794 2627 879 2663 αὐτῆς
890 2629 912 2644 ¹¹⁰

127 2671 177 2706 τῆς
188 2670 411 2706 αὐτοομοιότητος
422 2671 586 2708 ὑποστάτης,
599 2674 645 2700 καί
654 2673 685 2700 τὸ
695 2675 723 2701 ὲν
734 2674 816 2701 πᾶσιν
823 2675 915 2710 ὅμοιον

968 2500 1026 2520 cem
1049 2492 1148 2520 similia
1170 2491 1317 2519 secundum
1337 2489 1513 2526 principalem
1539 2489 1657 2524 speciem
1671 2487 1753 2515 simi~

967 2539 1110 2572 litudinis;
1134 2538 1161 2566 in
1185 2545 1267 2566 causa
1291 2544 1356 2565 vero
1382 2537 1415 2564 ad
1439 2535 1554 2564 eﬁ'ectus
1580 2541 1754 2570 nequaquam

966 2587 1140 2613 admittemus
1175 2584 1327 2613 istiusmodi
1362 2583 1619 2618 reciprocationem.
1654 2580 1753 2616 Neque

967 2633 1040 2659 enim
1056 2631 1123 2660 solis
1146 2632 1189 2659 his
1212 2636 1260 2658 aut
1281 2630 1336 2658 illis
1351 2631 1398 2658 dat
1419 2629 1490 2657 Deus
1513 2633 1542 2656 ut
1564 2627 1663 2656 similia
1685 2627 1753 2659 sint,

967 2678 1014 2705 sed
1037 2685 1119 2706 causa
1141 2683 1183 2706 est
1200 2685 1248 2705 cur
1270 2676 1368 2705 similia
1389 2677 1445 2704 sint
1466 2675 1569 2708 omnia,
1591 2675 1752 2710 quibuscum

785 2775 902 2804 VARIIE
918 2777 1117 2807 LECTIONES.

134 2875 144 2883 π
162 2841 186 2858 ⁷⁸
203 2842 291 2883 sultdil
366 2843 522 2883 εἰρήσεται,
542 2841 571 2868 Ρ.
591 2842 706 2883 animiet.

128 2878 189 2906 Ser.
235 2878 256 2893 τ’
268 2878 379 2912 ὁμοίοις,
393 2879 422 2905 l’.
437 2879 482 2906 Sc.
495 2879 556 2906 Sar.
595 2879 616 2894 ⁸ο
634 2879 681 2906 καὶ
698 2880 776 2914 αὑτὴ,
795 2880 823 2907 S.
838 2881 884 2908 Sc.

748 2844 770 2884 τι·
786 2845 853 2884 τῶν,
868 2845 897 2872 Ρ.
915 2846 943 2874 S.
957 2847 1002 2876 Sc.
1044 2850 1065 2865 ⁷⁷
1082 2849 1120 2884 τῷ
1137 2858 1189 2877 non
1204 2855 1246 2878 est
1264 2851 1290 2878 in
1312 2849 1340 2877 S.
1355 2850 1387 2878 Ι).
1426 2850 1447 2866 ⁷³
1465 2849 1511 2876 ἐπὶ
1529 2849 1570 2883 μὲι
1594 2847 1657 2882 γάρ.
1675 2845 1705 2872 Ρ.
1720 2844 1752 2872 D-
