1929 3061
220 181 272 208 915

811 180 841 210 S.
858 179 1007 209 DlONYSll
1026 180 1256 209 ABEOPAGIT/E

1797 179 1857 208 916

218 239 366 266 similitudo
395 238 479 275 488
503 243 542 266 est
566 238 780 270 communicata.
805 239 932 275 idemque
956 243 999 267 est

1057 240 1119 275 ἴχνει
1135 239 1189 267 τινὶ
1204 240 1254 274 τῆς
1270 239 1344 270 Θείας
1365 238 1521 274 ὁμοιότητος
1537 237 1628 274 ὅμοιόν
1647 240 1714 272 ἐστι,
1733 239 1781 267 καὶ
1799 239 1857 275 τὴν

217 285 299 311 etiam
319 285 402 319 ipsius
422 285 607 312 similitudinis
621 290 736 317 auctor;
753 290 780 312 et
804 285 935 319 quidquid
959 290 1001 312 est

1056 286 1153 313 ἕνωσιν
1170 286 1259 313 αὐτῶν
1277 286 1439 321 συμπληροῖ.

218 331 244 357 in
263 331 388 358 omnibus
405 331 504 364 simile,
518 330 632 365 vestigio
647 331 764 365 quodam
793 331 893 358 divinae
915 330 1103 359 similitudinis
1134 331 1223 359 simile
1255 332 1366 366 existit,
1392 337 1420 359 et
1448 331 1604 360 eorumdem
1627 332 1856 368 coniunctionem

217 376 319 411 explet.

978 435 992 472 ς
1015 434 1085 465 vn.

255 506 308 534 Sed
327 515 455 542 quorsum
482 507 541 535 haec
567 507 714 535 dicuntur?
737 507 805 535 Nam
828 511 856 535 et
888 507 1004 542 ipsamet

218 553 358 587 Scriptura
382 553 447 580 dicit
474 552 558 580 Deum
585 561 646 581 esse
677 554 857 587 dissimilem,
884 553 1005 588 nullique

217 597 423 630 conferendum,
443 602 473 625 ut
495 598 529 625 ab
554 599 680 626 omnibus
703 599 854 631 diversum,
878 603 916 630 et,
932 599 1004 633 quod

217 643 304 679 magis
321 643 474 670 mirandum
487 647 538 677 est,
558 643 626 670 nihil
642 644 667 672 ei
689 650 751 671 esse
773 643 873 670 simile.
890 643 1005 671 Verum-

219 694 309 717 tamen
334 697 502 725 nequaquam
526 690 551 716 id
575 689 633 723 eius
656 689 827 718 similitudini
852 694 1003 725 repugnat;

219 742 281 761 nam
297 735 391 762 eadem
408 734 463 762 Deo
476 741 504 762 et
517 734 614 762 similia
627 740 690 763 sunt
701 740 728 763 et
740 735 897 768 dissimilia;
909 735 1007 763 similia

218 780 343 815 quidem,
365 780 512 808 secundum
537 781 693 815 possibiiem
709 781 767 814 ejus
784 781 831 816 qui
850 781 1007 816 participari

218 826 311 860 nequit
325 826 581 861 participationem;
602 826 746 854 dissimilia
759 834 833 859 vero,
854 827 1004 854 secundum

217 871 360 899 eﬂ‘ectuum
379 879 394 899 a
416 873 504 900 causis
534 872 715 900 diﬂ'erentiam
746 872 860 900 inﬁnitis
895 880 1007 908 prorsus

218 918 378 953 parasangis
391 918 640 954 incomparabiliter
652 919 810 947 distantem.

1090 506 1146 534 Καὶ
1161 507 1188 533 τί
1203 506 1244 533 δεῖ
1260 506 1323 542 περ)⁸
1339 506 1433 533 τούτου
1453 507 1559 541 λέγεινς
1576 507 1650 543 Αὐτὴ
1675 507 1729 544 γὰρ
1745 509 1762 544 ἡ
1787 508 1856 535 θεοπ

1054 553 1133 587 λογία
1143 553 1164 568 ⁶¹
1182 553 1212 579 τὸ
1228 553 1352 588 ἀνόμοιον
1368 553 1447 579 αὑτὸν
1465 551 1535 580 εἶναι
1552 554 1708 589 πρεσϐεύει,
1726 555 1773 581 καὶ
1791 556 1853 587 τοῖς

1056 599 1139 625 πᾶσιν
1155 597 1331 630 ἀσύντακτον,
1347 597 1385 629 ὡς
1401 598 1448 624 καὶ
1470 599 1577 625 πάντων
1594 599 1617 615 ⁸²
1633 599 1736 635 ἕτερον,
1753 600 1803 627 καὶ
1819 599 1854 626 τὸ

1056 644 1088 680 δὴ
1112 643 1338 680 παραδοξότερον,
1362 644 1402 670 ὅτι
1428 644 1494 680 μηδὲ
1516 643 1584 671 εἶναι
1606 654 1633 672 τι
1656 646 1749 681 ὅμοιον
1773 645 1854 682 αὑτῴ

1059 698 1135 726 φησι.
1154 690 1250 717 Καίτοι
1266 690 1315 716 οὐκ
1338 690 1457 722 ἐναντίος
1477 691 1491 716 ὁ
1516 690 1593 725 λόγος
1616 693 1649 727 τῇ
1674 692 1740 728 πρὸς
1765 693 1853 720 αὑτὸν

1058 736 1210 772 ὁμοιότητι-
1222 735 1257 762 τὰ
1272 735 1326 772 γὰρ
1338 736 1407 762 αὺτά
1423 737 1468 763 καὶ
1483 737 1564 772 ὃμοια
1580 738 1639 773 Θεῷ
1655 739 1701 765 καὶ
1717 739 1851 774 ἀνόμοια·

1058 782 1089 809 τὸ
1107 782 1156 818 μὲν
1172 782 1243 809 κατὰ
1266 782 1315 818 τὴν
1331 782 1506 818 ἐνδεχομένην
1529 783 1575 810 τοῦ
1598 784 1735 820 ἀμιμήτου
1761 785 1852 820 μίμη-

1060 837 1101 856 σιν
1109 829 1131 845 ⁸³
1141 837 1147 844 ·
1165 829 1195 855 τὸ
1210 829 1248 861 δὲ,
1266 828 1338 855 κατά
1353 829 1383 855 τὸ
1399 829 1511 856 ἀποδέον
1527 829 1581 856 τῶν
1597 831 1726 857 αἰτιατῶν
1741 831 1789 858 τοῦ
1805 833 1852 858 al.-

1057 874 1125 906 τίου,
1143 874 1190 900 καὶ
1208 874 1317 910 μέτροις
1333 874 1455 910 ἀπείροις
1471 876 1517 902 καὶ
1540 876 1713 912 ἀσυγκρίτοις
1729 876 1853 912 ἀπολιμ-

1060 921 1210 956 πανόμενον
1220 921 1252 946 ⁸⁸.

970 999 985 1036 5
1005 998 1086 1028 VIII.

258 1089 327 1123 Quid
350 1093 439 1116 autem
456 1089 489 1116 de
505 1089 596 1116 divino
621 1093 692 1117 statu
715 1089 756 1117 vel
773 1090 837 1117 sede
858 1090 1001 1118 dicamus?

1089 1090 1120 1118 Τί
1136 1091 1163 1118 δὲ
1181 1092 1228 1118 καὶ
1244 1092 1307 1126 περὶ
1323 1092 1373 1128 τῆς
1389 1091 1463 1125 θείας
1480 1093 1609 1126 στάσεως,
1620 1093 1679 1130 ἤτοι
1695 1094 1850 1130 καθέδρας,

219 1136 299 1170 Quid,
316 1136 438 1170 inquam,
453 1135 536 1168 aliud,
549 1139 730 1171 praeterquam
752 1143 862 1163 manere
876 1135 960 1163 Deum
975 1136 1001 1163 in

218 1182 319 1217 seipso,
333 1185 360 1209 et
379 1182 406 1208 in
422 1182 517 1209 eodem
540 1186 612 1209 statu
629 1181 761 1209 immobili
776 1182 853 1209 lirme
870 1182 963 1215 lixum,
976 1187 1003 1210 et

219 1235 382 1262 supraquam
397 1227 538 1255 fundatum
559 1235 619 1255 esse
640 1228 785 1261 stabiliter,
806 1233 834 1256 et
855 1229 1002 1256 secundum

219 1274 313 1301 eadem
331 1277 357 1301 et
371 1274 444 1301 circa
460 1274 529 1301 idem
552 1274 638 1308 ipsum
654 1277 682 1301 et
697 1273 822 1300 similiter
842 1274 961 1308 operari,
976 1277 1005 1300 et

217 1320 330 1347 omnino
345 1327 405 1348 esse
426 1329 441 1346 a
460 1320 551 1354 seipso
573 1319 782 1351 immutabilem,
806 1324 834 1346 et
856 1327 909 1347 non
926 1327 1005 1354 posse

219 1366 414 1398 transmoveri,
425 1370 453 1394 et
466 1373 526 1394 esse
541 1373 574 1393 ex
587 1370 643 1394 toto
658 1365 834 1398 immobilem,
848 1371 929 1401 atque
945 1367 1003 1394 haec

218 1411 325 1446 quidem
347 1419 427 1446 supra
447 1411 643 1445 substantiam;
670 1412 726 1446 ipse
751 1413 822 1439 enim
849 1417 890 1439 est
917 1412 1006 1440 omnis

218 1461 305 1484 status
327 1462 355 1484 et
382 1456 515 1484 sessionis
542 1461 654 1489 auctor,
676 1458 721 1492 qui
750 1465 831 1492 supra
856 1458 1005 1485 sessionem

219 1510 327 1531 omnem
345 1510 376 1531 ac
394 1508 494 1531 statum
511 1503 614 1536 existit,
629 1507 657 1531 et
673 1504 700 1530 in
721 1504 779 1538 ipso
799 1509 896 1531 cuncta
912 1504 1003 1531 consi-

219 1553 305 1583 stunt,
325 1549 388 1577 dum
413 1550 439 1578 in
455 1550 587 1578 bonorum
610 1556 721 1578 suorum
745 1553 816 1577 statu
841 1549 1003 1578 inconcussa

219 1600 427 1623 conservantur.

1055 1137 1161 1173 φαμέν;
1180 1137 1211 1164 Τί
1234 1138 1262 1164 δὲ
1285 1138 1349 1166 ἄλλο
1366 1147 1408 1173 γε,
1417 1139 1492 1174 παρά
1515 1139 1546 1166 τὸ
1558 1139 1581 1155 ⁸⁵
1604 1139 1695 1174 μένειν
1720 1141 1803 1167 αὑτὸν
1820 1142 1851 1167 ὲν

1056 1184 1144 1219 ἑαυτῷ
1155 1184 1201 1210 τὸν
1217 1184 1292 1217 Θεὸν,
1312 1185 1358 1211 καὶ
1380 1185 1409 1212 ὲν
1426 1185 1546 1222 ἀκινήτῳ
1561 1187 1703 1222 ταύτότητι
1727 1187 1850 1223 μονίμως

1056 1229 1219 1265 πεπηγέναι,
1234 1231 1282 1257 καὶ
1298 1231 1438 1267 ἀραρότως
1450 1231 1654 1268 ὑπεριδρῦσθαι,
1672 1233 1720 1259 καὶ
1729 1233 1760 1259 τὸ
1776 1233 1850 1260 κατά

1055 1276 1089 1302 τὰ
1105 1276 1174 1303 αὐτὰ
1196 1277 1243 1304 καὶ
1267 1277 1330 1312 περὶ
1352 1277 1382 1304 τὸ
1398 1278 1463 1304 αὐτὸ
1487 1278 1534 1304 καὶ
1557 1278 1688 1310 ὡσαύτως
1713 1280 1848 1314 ἐνεργεῖν.

1057 1323 1104 1349 κει.)⁸
1129 1322 1199 1349 κατὰ
1214 1324 1244 1349 τὸ
1260 1324 1447 1359 ἀμετάστατον
1466 1324 1546 1352 αὑτὸν
1567 1325 1597 1358 ἐξ
1617 1325 1714 1352 ἑαυτοῦ
1738 1326 1848 1357 πάντως

1056 1368 1199 1404 ὑπάρχειν,
1222 1370 1268 1396 καὶ
1285 1369 1356 1397 κατὰ
1369 1370 1400 1397 τὸ
1415 1371 1614 1407 ἀμετακίνητον
1629 1371 1704 1404 αὐτὸ,
1725 1372 1773 1399 καὶ
1792 1371 1848 1398 ὀλι-

1056 1412 1112 1444 κῶς
1135 1414 1271 1449 ἀκίνητον,
1292 1415 1339 1442 καὶ
1361 1414 1448 1442 ταῦτα
1469 1416 1652 1451 ὑπερουσίως’
1683 1417 1764 1448 αὐτὸς
1792 1417 1848 1452 γάρ

1057 1460 1131 1485 ἐστιν
1146 1461 1160 1486 ὁ
1174 1461 1223 1495 τῆς
1238 1461 1344 1487 πάντων
1356 1461 1476 1493 στάσεως
1491 1462 1537 1488 καὶ
1549 1462 1628 1498 ἕδρας
1641 1463 1736 1495 αἴτιος,
1747 1464 1761 1490 ὁ
1776 1463 1848 1500 ὑπὲρ

1052 1507 1143 1533 πᾶσαν
1163 1506 1244 1542 ἕδραν
1264 1507 1311 1533 καὶ
1335 1508 1438 1540 στάσιν,
1463 1509 1509 1535 καὶ¹
1527 1510 1556 1535 ἐν
1577 1508 1651 1544 αὐτῷ
1672 1510 1761 1536 πάντα
1785 1518 1847 1536 συν-

1052 1551 1177 1587 έστηκεν,
1193 1553 1225 1580 ὲκ
1250 1553 1300 1588 τῆς
1315 1553 1369 1580 τῶν
1385 1554 1492 1581 οἰκείων
1507 1554 1617 1589 ἀγαθῶν
1645 1555 1765 1587 στάσεως
1781 1555 1848 1585 ἀσά-

1049 1597 1130 1626 λευτα
1140 1598 1381 1635 διαφυλαττόμενα.

1002 1682 1088 1720 §IX.

253 1754 325 1788 Quid
356 1762 448 1789 porro,
471 1754 580 1789 quando
606 1754 703 1782 iterum
734 1753 851 1788 theologi
877 1753 1003 1787 tradunt,

1094 1755 1125 1782 Τί
1140 1755 1178 1788 δὲ,
1196 1756 1242 1782 καὶ
1263 1756 1327 1783 ὅταν
1348 1754 1425 1787 αὖθις
1441 1756 1463 1782 οἱ
1486 1755 1604 1789 θεολόγοι
1621 1755 1668 1782 καὶ
1689 1755 1736 1782 ἐπὶ
1758 1755 1847 1783 πάντα

219 1806 280 1826 eum
295 1799 340 1834 qui
365 1799 512 1826 immobilis
532 1804 574 1828 est
597 1799 630 1826 ad
656 1799 783 1825 universa
809 1799 958 1834 procedere
975 1807 1007 1827 ac

219 1845 332 1877 maveri,
355 1853 443 1872 nonne
460 1845 486 1872 id
509 1846 590 1872 etiam
614 1845 719 1872 ratione
734 1845 850 1880 quadam
867 1845 922 1872 Deo
942 1853 1008 1872 con—

220 1898 287 1925 grua
308 1891 512 1925 intelligendum
536 1890 601 1919 est?
623 1890 670 1917 Pie
694 1891 830 1925 siquidem
856 1891 1005 1926 putandum

221 1941 262 1964 est
276 1937 363 1972 ipsum
382 1937 494 1970 moveri,
517 1945 569 1965 non
592 1937 740 1965 secundum
760 1937 935 1969 delationem,
957 1936 1000 1964 vel

222 1983 449 2017 immutationem,
462 1984 503 2011 vel
517 1984 717 2016 alterationem,
729 1983 772 2011 vel
783 1983 1004 2017 conversionem,

221 2034 270 2057 aut
295 2030 407 2058 localem
423 2034 539 2062 motum,
552 2030 595 2057 vel
620 2035 734 2062 rectum,
752 2029 794 2056 vel
809 2029 1004 2061 orbicularem,

220 2075 262 2104 vel
275 2084 307 2104 ex
328 2077 450 2110 utrisque
469 2081 651 2110 constantem,
676 2077 717 2104 vel
741 2075 940 2108 intellectilem,
958 2075 1000 2102 vel

221 2122 384 2154 animalem,
406 2123 448 2150 vel
472 2122 640 2155 naturalem,
673 2123 721 2150 sed
751 2123 901 2150 secundum
932 2122 1005 2157 quod

221 2168 293 2195 Deus
307 2168 398 2195 omnia
414 2168 440 2195 in
456 2176 545 2195 rerum
562 2169 715 2196 naturalem
735 2169 860 2204 producit
873 2168 1006 2196 continet-

221 2222 285 2248 que,
306 2219 388 2249 atque
405 2215 532 2243 omnibus
552 2215 639 2242 modis
662 2215 744 2242 rebus
764 2215 890 2242 omnibus
913 2215 1005 2250 provi-

221 2261 277 2294 det,
293 2261 417 2288 omnibus
436 2261 513 2288 adest
529 2261 753 2296 incomprehense
770 2261 861 2288 omnia
885 2261 1005 2295 comple-

221 2310 331 2338 ctendo,
353 2307 436 2342 idque
450 2307 577 2335 omnibus
598 2308 777 2342 providentiae
795 2308 847 2335 viis
865 2313 893 2335 et
907 2315 1004 2342 opera—

222 2353 352 2380 tionibus.
376 2353 446 2386 Quin
472 2357 500 2380 et
530 2353 678 2381 immobilis
705 2353 752 2380 Dei
784 2358 873 2381 motus
901 2353 1005 2380 ratione

222 2401 340 2435 quadam
357 2401 411 2428 Deo
432 2401 601 2428 convenienti
625 2400 710 2434 possit
732 2400 887 2435 prmdicari.
902 2400 941 2426 Ac
962 2406 1006 2426 re-

1059 1802 1195 1836 προῖόντα,
1213 1803 1259 1829 καὶ
1275 1802 1431 1837 κινούμενόν
1447 1810 1513 1836 φασι
1528 1802 1575 1828 τὸν
1590 1802 1728 1837 ἀκίνητον,
1740 1803 1770 1829 οὐ
1790 1803 1847 1829 θεο-

1058 1848 1170 1884 πρεπῶς
1192 1848 1240 1875 καὶ
1261 1848 1339 1874 τοῦτο
1365 1848 1492 1883 νοητέον;
1517 1848 1654 1874 Κινείσθαι
1678 1848 1732 1884 γὰρ
1765 1848 1846 1874 αὐτὸν

1057 1892 1176 1924 εὐσεϐῶς
1201 1893 1314 1927 οἰητέον,
1332 1893 1362 1919 οὐ
1390 1892 1459 1919 κατὰ
1488 1892 1584 1928 φορὰν,
1612 1893 1628 1928 ἢ
1652 1892 1803 1924 ἀλλοίωσιν,
1828 1893 1844 1928 ἢ

1057 1938 1227 1973 ἑτεροίωσιν,
1254 1938 1271 1972 ἢ
1294 1938 1406 1973 τροπὴν,
1430 1937 1447 1973 ἢ
1469 1937 1582 1973 τοπικὴν
1603 1938 1719 1972 κίνησιν,
1740 1938 1771 1963 οὺ
1796 1937 1845 1972 τὴν

1058 1983 1173 2015 εὐθεῖαν,
1191 1983 1220 2009 οὺ
1237 1983 1286 2019 τὴν
1303 1983 1512 2019 κυκλοφορικὴν,
1529 1983 1560 2009 οὺ
1576 1982 1624 2018 τὴν
1641 1982 1670 2015 ἐξ
1685 1983 1796 2018 ἀμφοῖν,
1814 1983 1844 2009 οὐ

1056 2031 1105 2066 τὴν
1121 2031 1228 2066 νοητὴν,
1241 2030 1271 2057 οὐ
1288 2031 1338 2066 τὴν
1352 2030 1480 2065 ψυχικὴν,
1497 2029 1527 2056 οὐ
1543 2030 1591 2065 τὴν
1608 2029 1724 2064 φυσικὴν
1733 2029 1766 2061 ³⁸,
1778 2029 1846 2056 ἀλλά

1056 2078 1086 2104 τὸ
1102 2079 1141 2110 εἰς
1157 2077 1249 2104 οὐσίαν
1265 2077 1342 2111 ἄγειν
1358 2077 1403 2104 τὸν
1419 2076 1484 2103 Θεὸν
1501 2077 1547 2104 καλ⁴
1563 2076 1683 2112 συνέχειν
1695 2076 1729 2103 τά
1745 2076 1843 2108 πάντα,

1057 2126 1103 2152 καὶ
1119 2125 1252 2156 παντοίως
1274 2125 1381 2151 πάντων
1405 2124 1539 2159 προνοεῖν,
1563 2124 1610 2150 καὶ
1631 2123 1661 2149 τὺ
1686 2124 1814 2158 παρεῖναι
1822 2122 1844 2138 ³⁷

1057 2171 1123 2197 πᾶσι
1138 2171 1171 2205 τῇ
1189 2170 1297 2197 πάντων
1317 2169 1423 2204 ἀσχέτῳ
1449 2169 1573 2204 περιοχῇ,
1597 2168 1644 2194 καὶ
1664 2168 1724 2199 ταῖς
1745 2167 1792 2193 ὲπὶ
1811 2167 1845 2194 τὰ

1056 2217 1119 2244 ὄντα
1142 2217 1230 2244 πάντα
1255 2216 1446 2252 προνοητικαῖς
1470 2215 1592 2250 προόδοις
1615 2214 1661 2241 καὶ
1683 2214 1844 2250 ἐνεργείαις.

1063 2263 1142 2290 Ἀλλὰ
1161 2265 1208 2290 καὶ
1233 2264 1354 2298 κινήσεις
1369 2262 1436 2289 Θεοῦ
1458 2261 1505 2288 τοῦ
1529 2261 1668 2297 ἀκινήτου,
1686 2261 1844 2297 θεοπρεπῶς

1055 2310 1094 2346 τῷ
1110 2310 1180 2345 λόγῳ
1198 2309 1386 2344 συγχωρητέον
1403 2308 1532 2343 ὑμνῆσαι.
1550 2307 1605 2333 Καὶ
1620 2306 1651 2333 τὸ
1668 2306 1718 2342 μὲν
1734 2306 1800 2332 εὐθὺ
1816 2307 1845 2332 τὸ

1056 2356 1162 2388 ἀκλινὲς
1178 2356 1297 2391 νοητέον,
1315 2355 1362 2382 καὶ
1376 2355 1426 2390 τὴν
1442 2353 1641 2389 ἁπαρέγκλιτον
1664 2352 1776 2387 πρόοδον
1791 2352 1844 2379 τῶν

1057 2403 1211 2439 ἐνεργειῶν,
1229 2403 1276 2429 καὶ
1290 2401 1340 2437 τὴν
1356 2401 1386 2434 ἐξ
1408 2400 1491 2428 αὑτοῦ
1513 2400 1567 2427 τῶν
1584 2400 1652 2426 ὅλων
1675 2400 1796 2433 γένεσιν·
1815 2399 1844 2424 τὸ

221 2449 282 2472 ctus
298 2446 405 2480 quidem
422 2446 611 2480 intelligendus
622 2447 658 2473 de
672 2445 873 2473 inﬂexibilitate
889 2451 917 2472 et
931 2445 1004 2472 inde-

1057 2449 1084 2476 δὲ
1100 2449 1243 2480 ὲλικοειδὲς
1259 2449 1308 2483 τὴν
1325 2448 1457 2483 σταθερὰν
1474 2447 1586 2483 πρόοδον
1603 2446 1649 2472 καὶ
1669 2445 1718 2481 τὴν
1734 2445 1844 2480 γόνιμον

221 2491 339 2519 clinabili
355 2499 498 2527 progressu
513 2493 710 2527 operationum,
725 2499 821 2527 eoque,
836 2493 882 2527 qui
898 2499 930 2519 ex
946 2492 1003 2527 ipso

222 2542 273 2570 est,
289 2545 379 2564 rerum
394 2537 515 2565 omnium
535 2542 613 2572 ortu;
635 2538 761 2573 obliquus
783 2543 872 2566 autem
890 2538 922 2566 de
941 2538 1002 2565 illa-

221 2590 281 2611 rum
297 2584 386 2612 stabili
402 2593 546 2620 progressu
561 2593 594 2614 ac
619 2586 736 2613 fecundo
756 2591 843 2618 statu;
862 2585 1003 2612 circularis

221 2629 339 2664 denique
366 2630 399 2657 de
424 2630 566 2660 identitate
590 2640 621 2659 ac
643 2633 830 2667 complexione
854 2631 1002 2659 mediorum

1058 2496 1163 2522 στάσιν*
1181 2495 1211 2522 τὸ
1223 2495 1250 2522 δὲ
1264 2493 1334 2521 κατὰ
1350 2493 1448 2520 κύκλον
1461 2493 1491 2519 τὺ
1500 2493 1607 2523 ταύτὸν,
1622 2493 1668 2519 καὶ
1684 2491 1714 2517 τὸ
1726 2491 1762 2517 τὰ
1776 2491 1844 2526 μέσα

1056 2542 1103 2568 καὶ
1130 2541 1202 2577 ἄκρα
1229 2541 1388 2576 περιέχοντα
1420 2539 1466 2566 Xa).
1492 2539 1673 2574 περιεχόμενα
1703 2538 1843 2573 συνέχειν,

1055 2588 1102 2614 καὶ
1125 2587 1174 2623 τὴν
1200 2588 1238 2619 εἰς
1262 2586 1343 2614 αὑτὸν
1363 2585 1417 2612 τῶν
1440 2585 1486 2611 ἀπ’
1510 2584 1591 2611 αὑτοῦ
1622 2583 1844 2620 προεληλυθότων

1055 2634 1230 2669 ἐπιστροφήν.

221 2681 303 2710 atque
331 2684 514 2706 extremorum
532 2687 592 2714 qua:
607 2680 745 2707 continent
761 2684 843 2714 atque
866 2678 1051 2712 continentur,
1064 2684 1091 2706 ct
1105 2680 1138 2707 de
1159 2680 1279 2713 illorum,
1298 2680 1382 2717 5,89
1403 2688 1463 2716 qua
1485 2681 1520 2709 ab
1534 2681 1590 2715 ipso
1613 2678 1784 2714 prodierant.
1809 2675 1841 2703 δι’

221 2724 309 2757 ipsum
327 2726 514 2754 conversione.

862 2771 977 2800 \‘AIUA'I
995 2772 1194 2801 LECTIONES.

266 2830 353 2868 ν-καὶ
369 2830 438 2866 αὐτὴ
454 2829 508 2868 γὰρ
524 2831 540 2866 ὴ
558 2831 691 2868 θεολογία,
709 2831 739 2868 Si
776 2832 797 2847 θ’
817 2832 908 2863 πᾶσιν.
927 2831 956 2858 Ρ.
978 2831 1024 2859 Sc.
1042 2831 1089 2868 καί
1100 2838 1160 2868 νηοη
1173 2834 1216 2868 est
1229 2830 1255 2857 in
1273 2830 1302 2868 δ.
1316 2830 1347 2868 Ι).
1384 2830 1407 2868 (ξ’
1424 2828 1565 2868 βιωροξιίε
1581 2827 1610 2856 Ρ.
1626 2825 1838 2868 τοῦ-ἀμεοέκτῆυ

222 2865 340 2927 μέθεξιν,
358 2873 417 2900 qtne
432 2867 512 2892 verba
526 2872 592 2892 sunt
606 2867 631 2894 in
641 2865 676 2894 'S.
690 2872 717 2894 et
730 2867 771 2897 l).,
786 2868 832 2894 sed
843 2868 884 2894 illa
900 2868 1009 2894 absunt.

244 2919 250 2926 .
302 2901 325 2917 "
342 2901 390 2927 τὴν
408 2902 524 2927 φυσικήν
537 2922 544 2927 .
564 2903 594 2927 l).
649 2902 670 2918 ⁸⁷
687 2902 725 2927 τῶ
743 2904 878 2927 παρεῖναι.
898 2903 926 2927 δ.
940 2902 999 2927 Sar.

302 2901 325 2917 "
342 2901 390 2938 τὴν
408 2902 524 2939 φυσικήν
537 2922 544 2935 ,
564 2903 594 2931 l).
649 2902 670 2918 ⁸⁷
687 2902 725 2939 τῷ
743 2904 878 2939 παρεῖναι,
898 2903 926 2930 δ.
940 2902 999 2930 Sar.

1054 2867 1077 2882 "'
1094 2865 1254 2901 ἀσυγχύτως
1271 2860 1488 2902 ἀπολειπόμενον,
1507 2864 1535 2892 S.
1549 2864 1580 2892 D.
1634 2863 1657 2879 ⁸⁵
1674 2863 1691 2897 ἢ
1709 2861 1785 2897 παρὰ
1800 2860 1838 2892 τό,
