1929 3061
206 160 236 188 9l
242 159 258 187 9
784 159 814 188 S.
832 158 981 186 DIONYSII
999 158 1228 188 AREOPAGITE
1767 159 1828 188 920

206 217 254 280 ’,ῦς
272 217 316 244 ιν.
332 217 405 279 gem
425 222 510 286 ηἴιρᾶνι
527 227 628 260 μηδιυη.
651 219 711 254 Agit
733 219 777 247 hic
797 219 830 246 de
848 218 1067 246 immntabilitate
1087 218 1147 252 Dei,
1163 219 1196 246 de
1209 225 1261 253 qua
1282 218 1342 246 vide
1353 218 1464 254 pulchre
1478 221 1505 246 et
1522 217 1580 246 fuse
1602 216 1672 255 apud
1694 215 1824 245 Lessinm

219 262 224 280 I
247 274 253 280 .
274 261 303 280 ιιι
391 261 437 285 per
451 272 459 279 .
498 261 584 282 tumis.

219 260 253 280 ID.
274 261 303 280 ιιι
332 260 370 279 uc
391 260 459 285 per].
479 260 584 282 (ttvtms.

241 289 364 324 Ibidem:
382 287 541 324 lngenilum,
563 298 614 316 non
641 295 764 324 tauquam
796 290 909 316 nondum
931 289 1039 322 factum.
1059 293 1124 321 etc.;
1142 290 1188 316 sed
1210 295 1333 323 tanquam
1359 290 1463 317 omnino
1490 289 1646 324 ingenitum,
1667 294 1721 317 etc.
1746 288 1823 317 Vide

206 323 354 351 Maximum
367 322 608 359 etﬂl’achymerem
625 331 651 352 et
668 322 758 351 divum
776 324 908 351 Thomam
929 325 962 351 ad
987 325 1058 351 hunc
1079 325 1178 351 locum.
1200 324 1229 351 S.
1257 324 1423 351 Athanasius
1439 325 1465 351 in
1481 322 1588 359 iisiqum
1608 330 1700 352 contra
1723 325 1822 352 Mono-

205 359 329 421 Bhysitas
345 358 438 385 edidit.
458 368 466 384 ι
484 358 643 393 Ingenitum.
660 361 760 394 inquit,
778 361 804 387 id
817 364 856 385 est
879 367 929 386 non
947 364 1081 391 creatum,
1101 359 1174 386 solus
1192 359 1263 386 Deus
1282 363 1334 386 est.
1350 368 1359 384 ι
1375 360 1507 395 Deinceps
1523 358 1658 392 dubitans,
1677 361 1821 395 quomodo

231 393 336 421 innvsio
356 400 462 419 summo
486 394 610 421 theolouo
629 396 655 421 in
679 401 796 421 mentem
819 394 948 421 venisset.
965 399 992 420 ut
1014 395 1096 421 Deum
1122 394 1226 421 diceret
1248 401 1309 421 esse
1335 401 1415 421 sunra
1441 403 1521 421 omne
1544 396 1711 421 inuenitum.
1729 396 1818 421 multa

231 393 336 428 innysio
356 400 462 429 summo
486 394 610 427 theologo
629 396 655 422 in
679 393 796 423 mentem
819 394 948 424 venisset.
965 399 992 420 ut
1014 395 1096 421 Deum
1122 394 1226 422 diceret
1248 401 1309 421 esse
1335 401 1415 429 supra
1441 393 1521 422 omne
1544 393 1711 429 ingenitum.
1729 396 1818 422 multa

207 429 326 466 ingenita
344 428 515 466 signiﬁcavit.
526 429 551 455 id
565 435 671 458 estnon
688 430 901 466 creatamitqui,
916 429 1014 466 inquit,
1032 429 1232 466 quomodohoc
1245 429 1302 456 ﬁeri
1316 428 1423 466 potest?
1439 430 1523 457 Nemo
1534 428 1650 465 namque
1666 431 1818 466 ingenitus.

205 464 259 491 nisi
275 463 350 500 solus
366 464 447 500 Deus.
462 473 471 489 ι
490 463 553 490 Post
577 472 637 499 qua».
658 474 752 493 rursus
766 465 910 492 coufutans
932 464 1088 498 opinionem
1111 464 1332 500 Manichaeorum,
1348 464 1504 500 Dionysium
1520 463 1731 493 Alexandrinum
1745 467 1819 493 citat

204 500 282 527 verbi
307 498 387 534 huius
408 498 597 533 interpretem,
612 508 672 528 cum
693 502 751 528 ait:
765 510 775 526 ι
791 500 866 528 Solet
883 504 996 527 externa
1019 499 1190 534 philosophia
1206 506 1306 526 vocare
1327 498 1475 533 ingenitum
1489 508 1596 527 omnem
1613 506 1738 527 naturam
1755 501 1817 527 ina-

205 533 397 570 spectahilein:
416 534 517 568 quibus
540 535 580 570 sic
603 537 716 567 vocatis,
733 536 816 562 Deum
840 535 907 561 dixit
921 533 1062 569 theologus
1079 535 1224 569 Dionysius
1237 534 1412 564 anlecellere.
1428 546 1437 562 ι
1452 536 1484 562 Ει
1498 535 1527 562 S.
1545 535 1731 570 Epiphanius:
1747 546 1756 562 ι
1771 536 1817 563 Ab

205 571 292 601 omni,
308 568 406 602 inquit,
426 576 507 595 causa
530 569 610 603 plane
633 575 788 605 exemptum
813 575 855 597 est
878 568 1041 605 ingenitum.
1062 570 1124 602 quia
1148 568 1230 605 unum
1245 574 1286 605 est
1302 570 1450 605 ingenitum
1464 576 1492 598 et
1505 568 1699 598 venerandum.
1713 581 1723 597 ι
1740 571 1817 605 Quo-

205 606 285 640 modo
295 608 385 640 autem
397 605 541 637 ingenitum
551 606 586 631 sit
602 603 754 640 prOprietas
770 611 796 632 et
811 605 884 632 notio
899 605 945 632 Dei
964 604 1060 636 Patris,
1074 605 1134 632 vide
1149 603 1342 640 Scholasticosi
1356 604 1382 631 in
1398 613 1405 631 ι
1419 611 1536 639 partem,
1550 611 1644 640 quaest.
1661 606 1706 637 '55,
1718 603 1771 632 art.
1784 606 1814 633 4.

239 639 253 675 §
270 640 301 667 V.
319 639 400 665 Aliud
425 643 517 675 autem
537 639 716 670 quia'cunctis
737 640 899 675 providentia
923 648 971 666 tua
995 640 1078 670 adut.
1094 644 1148 667 etc.
1167 640 1246 666 l'onit
1266 639 1322 670 hic,
1337 639 1423 674 inquit
1443 640 1474 667 D.
1491 639 1620 674 Thomas,
1636 642 1703 668 duos
1717 641 1815 668 modos

203 672 301 709 quibus
323 682 420 701 nomen
440 672 518 701 Aliud
540 675 594 702 Deo
613 672 750 710 competit.
767 676 897 705 Primum,
913 675 985 710 quod
1004 675 1130 702 omnibus
1143 674 1312 710 providentia
1324 672 1418 702 sua-ﬁt
1431 677 1523 703 omnia
1536 684 1543 708 ς
1557 672 1718 709 secundum,
1739 677 1814 710 quod

203 711 320 738 diversis
335 710 485 746 visionibus
500 709 566 746 quid
580 711 653 737 aliud
669 709 683 737 a
701 711 781 738 rebus
797 710 996 746 visisﬂdeVDeo
1021 709 1184 746 insinuetur.
1203 709 1289 746 Aliter
1307 717 1400 746 vocem
1429 711 1503 737 aliud
1526 711 1553 738 in
1573 711 1674 738 divinis
1696 709 1814 746 usurpat

201 746 370 773 Athanasius
393 745 420 770 in
448 743 558 779 Dia/oga
577 746 717 773 ortliodczi
735 751 758 773 et
778 745 900 777 Anomii,
921 745 1033 772 dicens:
1049 755 1058 771 ι
1072 745 1151 772 Aliud
1178 748 1219 772 est
1238 745 1401 775 substantia.
1428 750 1456 773 et
1482 746 1556 773 aliud
1582 753 1707 780 persona.
1735 743 1813 773 aliud

202 787 230 808 et
260 780 350 814 aliud;
377 780 535 815 compositio
567 781 679 814 igitur.’
713 781 746 808 Et
771 789 801 808 se
827 780 977 815 explicans,
1001 780 1037 806 ait
1062 789 1068 806 :
1093 780 1190 807 «Aliud
1219 784 1247 807 et
1275 780 1347 806 aliud
1365 780 1440 814 dixi,
1471 789 1524 808 non
1553 787 1581 808 ut
1603 788 1658 807 rem
1675 781 1754 808 aliam
1784 786 1814 808 et

201 816 294 848 aliam,
321 815 368 843 sed
385 820 414 852 ut
439 814 511 841 aliud
539 816 709 850 signiﬁcante
729 814 868 852 persona,
884 820 911 843 et
925 815 1003 852 aliud
1018 815 1180 852 substantia
1194 815 1283 852 :_s_icut
1307 815 1575 852 granunirfrumenti
1597 816 1697 852 dicitur
1721 821 1749 844 et
1768 821 1814 844 est

202 859 304 879 semen.
329 856 357 877 et
383 850 496 886 fructus,
523 849 576 886 non
601 859 643 878 res
664 852 716 878 alia
730 849 767 879 ἐι
792 850 862 884 alia;
884 851 930 878 sed
954 850 1025 877 aliud
1053 850 1118 886 quid
1138 849 1276 886 signiﬁcat
1296 857 1400 884 semen,
1414 851 1487 879 aliud
1508 851 1624 878 fructus.
1639 851 1712 878 iUbi
1732 857 1811 884 nota,

201 887 272 920 quod
292 886 364 913 aliud
387 885 487 911 dicitur
511 885 664 920 signiﬁcare
679 887 705 914 in
720 887 821 914 divinis
846 885 1008 917 substantia,
1024 890 1052 912 ct
1072 885 1144 913 aliud
1168 885 1378 920 persona;quia
1396 886 1459 913 licet
1472 894 1551 914 unam
1565 891 1592 914 et
1607 886 1730 913 eamdem
1751 894 1811 914 rem

201 921 350 949 substantia
366 924 393 947 et
417 927 532 956 persoina
553 921 718 954 significent,
739 921 819 948 aliter
842 926 932 948 tamen
955 927 1015 947 eam
1040 920 1176 955 signiﬁcat
1196 922 1364 953 substantia,
1385 926 1414 949 et
1430 922 1509 949 aliter
1531 929 1665 956 persona;
1684 926 1713 948 et
1734 926 1813 949 recte

201 957 304 984 dicitur
323 956 416 992 Grmce
429 954 492 981 ἄλλο
510 956 557 982 καὶ
573 956 646 988 ἄλλο,
663 957 688 983 id
703 962 743 983 est
759 957 832 983 aliud
852 961 876 983 et
897 956 1046 992 aliud,r_nbi
1060 954 1147 992 solum
1166 960 1208 983 est
1225 955 1294 992 alius
1304 960 1332 992 et
1343 956 1413 984 alius
1426 957 1522 985 modus
1531 954 1716 992 significandi.
1732 956 1813 984 Sicut

201 1000 292 1019 semen
309 996 335 1019 et
355 991 459 1017 fructus
474 998 554 1018 unam
572 999 627 1018 rem
642 992 809 1026 signiﬁcant,
825 998 939 1026 granum
955 990 1061 1026 scilicet
1082 991 1228 1023 frumenti;
1243 990 1315 1026 aliud
1330 995 1420 1018 tamen
1441 996 1468 1019 et
1483 990 1704 1019 aliud'dicuntur
1723 992 1812 1026 signi-

201 1028 294 1058 ﬁcare,
313 1034 365 1053 non
389 1031 516 1059 tanquam
536 1027 616 1053 aliam
638 1025 763 1054 et’aliam
784 1025 853 1057 rem.
870 1026 918 1053 sed
935 1027 999 1060 quia
1018 1025 1098 1053 aliter
1118 1026 1255 1060 signiﬁcat
1278 1025 1350 1052 illam
1370 1034 1451 1053 unam
1479 1035 1535 1054 rem
1562 1034 1665 1058 semen,
1680 1030 1708 1054 et
1728 1025 1812 1055 aliter

200 1061 316 1089 fruetus.
340 1061 438 1088 Semen
451 1061 523 1097 enim
541 1061 578 1087 ita
597 1061 732 1096 signiﬁcat
753 1069 868 1097 granum
890 1060 1034 1097 frumenti,
1051 1067 1081 1088 ut
1103 1060 1286 1097 intelligamus
1304 1061 1330 1097 in
1352 1068 1385 1088 eo
1399 1062 1534 1097 contineri
1555 1062 1723 1089 seminaliter
1736 1062 1811 1090 aliud

200 1097 299 1129 simile,
318 1103 409 1123 semen
431 1095 502 1122 enim
521 1100 571 1128 est,
588 1097 614 1123 in
626 1095 684 1130 quo
699 1102 741 1124 est
756 1095 843 1124 virtus
858 1095 998 1124 seminatis
1021 1096 1056 1123 ad
1079 1096 1282 1130 producendum
1299 1096 1370 1123 aliud
1389 1097 1490 1125 simile.
1514 1096 1628 1124 Fructus
1642 1101 1732 1123 autem
1753 1105 1810 1125 non

200 1132 240 1159 sic
259 1132 397 1166 signiﬁcat
411 1138 526 1165 granum
550 1131 692 1164 frumenti,
705 1133 752 1160 sed
766 1140 828 1160 esse
841 1131 961 1158 fructum
977 1131 1091 1158 alterius
1107 1131 1164 1158 sive
1190 1131 1350 1165 productum
1365 1131 1398 1158 ab
1414 1132 1481 1166 alio;
1497 1133 1538 1160 sic
1555 1132 1638 1158 etiam
1654 1131 1811 1160 substantia

197 1172 225 1193 ot
242 1175 356 1201 persona
372 1174 423 1193 una
443 1173 486 1192 res
501 1171 575 1198 sunt,
586 1173 613 1193 et
624 1175 704 1194 unum
722 1175 777 1195 rem
793 1167 957 1201 signiﬁcant,
970 1166 1016 1193 sed
1038 1166 1117 1193 aliter
1130 1173 1185 1194 rem
1201 1165 1339 1201 signiﬁcat
1355 1165 1483 1201 persona,
1500 1167 1604 1194 scilicet
1619 1167 1809 1200 singulariter,

198 1201 353 1238 substantia
366 1203 635 1238 veroAcommuuiter.
653 1211 662 1227 ι
676 1202 764 1236 Quam
786 1203 857 1230 enim
879 1202 1013 1238 rationem
1030 1201 1112 1229 habet
1132 1208 1274 1238 commune
1293 1201 1325 1228 ad
1347 1202 1486 1238 proprium
1499 1203 1549 1238 (ait
1563 1202 1678 1229 Basilius
1693 1201 1720 1228 in
1747 1203 1810 1236 epi-

199 1237 268 1265 stola
284 1238 316 1265 ad
333 1236 522 1271 Terentium),
538 1237 609 1264 hanc
626 1235 708 1264 liabet
726 1238 877 1264 substantia
892 1237 924 1264 ad
938 1244 1093 1270 personam.
1107 1246 1116 1263 ι
1133 1235 1182 1263 ilic
1199 1236 1282 1271 igitur
1293 1235 1388 1263 modus
1399 1235 1526 1266 diversus
1540 1237 1708 1271 signiﬁcandi
1725 1235 1809 1264 unam

197 1273 301 1306 alioqui
316 1277 344 1301 et
361 1271 482 1298 eamdem
497 1279 565 1302 rem.
581 1277 695 1299 vocatur
709 1273 743 1299 ab
757 1272 904 1299 Athanasio
921 1272 995 1299 aliud
1008 1276 1035 1298 et
1048 1272 1137 1305 aliud;
1154 1280 1206 1298 non
1225 1273 1289 1305 quia
1304 1271 1357 1298 alia
1373 1276 1400 1299 et
1415 1273 1467 1299 alia
1485 1281 1528 1300 res
1544 1274 1591 1304 sit,
1607 1272 1655 1299 sed
1673 1272 1737 1306 quia
1754 1281 1809 1300 una

197 1309 331 1335 eteadem
351 1314 393 1334 res
408 1306 460 1333 alio
475 1313 503 1333 et
515 1307 568 1334 alio
592 1308 671 1334 modo
686 1308 866 1343 signiﬁcatur.
882 1307 999 1334 Possunt
1013 1307 1086 1333 enim
1103 1314 1162 1334 esse
1178 1307 1258 1334 uuius
1273 1307 1312 1333 rei
1330 1307 1405 1341 plura
1424 1309 1543 1339 inaniina,
1566 1313 1597 1334 ut
1613 1315 1695 1334 unum
1707 1315 1808 1335 nomen

218 1343 316 1370 lurinm
334 1349 434 1370 rerum.

198 1351 465 1405 pllibiiigbirflgiiilina
481 1378 586 1411 quidem
605 1379 727 1412 latitudo,
740 1384 793 1406 etc.
807 1378 908 1405 Alludit
930 1377 963 1404 ad
987 1377 1076 1405 locum
1094 1376 1217 1413 Apostoli
1239 1377 1272 1413 ad
1297 1376 1429 1412 Ephesios
1450 1385 1492 1410 ιιι,
1510 1380 1555 1411 l8,
1571 1378 1616 1412 qui
1634 1379 1710 1405 locus
1731 1385 1810 1404 com-

197 1415 277 1442 mode
299 1413 386 1447 accipi
404 1416 494 1448 potest
510 1413 542 1439 de
555 1414 665 1442 Christo
681 1422 734 1448 qua
756 1414 838 1441 Deus.
855 1413 931 1441 Licet
945 1413 1016 1440 enim
1031 1412 1127 1440 omnes
1141 1412 1324 1440 dimensiones
1344 1413 1372 1439 in
1386 1413 1441 1440 Deo
1453 1420 1536 1440 unum
1553 1413 1618 1445 sint,
1632 1420 1738 1447 unaque
1754 1413 1808 1439 im-

197 1449 342 1480 mensitas,
357 1449 446 1484 sitque
463 1447 532 1484 Deus
548 1451 626 1484 quasi
642 1447 747 1484 sphiera
762 1449 939 1483 iutelligibilis
955 1456 1052 1475 carens
1068 1447 1260 1484 dimensione,
1273 1452 1302 1474 ut
1319 1447 1438 1484 explicat
1460 1448 1631 1484 Ambrosius,
1650 1453 1741 1474 tamen
1763 1449 1808 1474 di-

198 1484 354 1512 mensiones
369 1484 397 1510 in
414 1482 684 1519 Deodistinguendo,
701 1486 740 1512 uti
758 1485 784 1511 in
802 1482 901 1511 creatis
923 1484 1139 1519 distinguuntur,
1160 1483 1309 1519 secundum
1327 1482 1495 1518 Dionysium,
1516 1483 1630 1519 latitudo
1649 1489 1691 1510 est
1717 1484 1809 1517 provi-

197 1519 296 1547 dentia:
316 1525 459 1554 processus
474 1517 528 1546 late
550 1517 700 1554 eipansus;
719 1520 865 1554 longitudo,
878 1518 1074 1553 omnipotentia
1089 1525 1119 1545 se
1138 1518 1170 1554 ad
1188 1518 1277 1544 omnia
1296 1519 1465 1554 extendens;
1480 1518 1652 1553 profundum,
1672 1526 1807 1545 arcanum

196 1555 244 1582 Dei
266 1552 399 1589 igninum.
426 1552 592 1582 Secumlum'
603 1555 672 1582 alios
695 1552 800 1588 Patres,
815 1552 1116 1589 langitudo'mternitas,
1133 1553 1246 1589 (mundo
1261 1552 1638 1589 omnipotentia,sublimitas
1653 1557 1695 1580 est
1710 1554 1806 1580 divina

197 1588 338 1626 tnajeStjis,
348 1588 520 1626 profundunt
536 1590 833 1626 abyssusrjudiciorurm
856 1588 883 1617 et
899 1588 1040 1626 sapientia:
1063 1588 1176 1626 Dei._lta
1202 1592 1313 1626 sanctus
1332 1588 1489 1626 Anselmus,
1547 1588 1679 1626 Thomas,
1695 1594 1729 1626 et_
1745 1589 1806 1626 alii.

195 1622 272 1660 alios
286 1624 365 1660 49],
383 1631 481 1660 sensus
496 1625 557 1652 vide
571 1622 640 1660 apud
657 1622 687 1653 Ρ,
703 1625 857 1653 Cornelium
875 1625 901 1652 in
917 1622 1063 1660 Eyistolaut
1075 1622 1257 1660 αάβμΙιςείορ.
1272 1622 1454 1660 ιἰφιιειίιιιιὶε
1471 1623 1538 1660 mihi
1551 1623 1809 1660 placetgcxplicatio

198 1659 230 1688 Ρ.
245 1657 333 1688 [λθεὲιῖ
344 1657 392 1687 ﬁli.
412 1667 432 1687 rt
456 1659 495 1687 De
509 1657 712 1695 perfectionibus
729 1660 835 1692 divinis,
851 1667 913 1694 cap.
933 1659 959 1690 i,
972 1659 1007 1695 ita
1023 1657 1203 1695 utrlou'gitudo
1219 1658 1254 1695 sit
1271 1658 1318 1695 Dei
1335 1657 1540 1695 [origauiinitas,
1552 1657 1580 1695 et
1596 1658 1738 1692 patientia,
1752 1667 1807 1692 qua

198 1699 239 1723 tot
254 1696 360 1723 smculis
375 1695 506 1722 sustinuit
525 1692 696 1731 peccatores,
711 1700 874 1730 exspectans
885 1692 933 1722 eos
945 1694 978 1721 ad
993 1692 1329 1731 pceuitentiaui{latitudo
1354 1694 1472 1731 sitnejus
1489 1694 1627 1731 retiaritas,
1642 1702 1695 1728 qua
1711 1701 1808 1721 omnes

195 1736 304 1764 gentes.
321 1733 403 1759 etiam
427 1728 560 1764 inimicos,
578 1728 788 1766 complectitur;
812 1731 964 1766 sublimitas
985 1729 1077 1764 gloria:
1098 1728 1240 1762 celsitudo,
1265 1736 1347 1763 quam
1371 1729 1549 1764 diligentibus
1573 1735 1604 1756 se
1625 1730 1806 1763 praeparavit;

202 1766 364 1799 profundum
378 1768 518 1795 damnatio
532 1772 559 1793 et
577 1764 747 1794 miseriarum
761 1766 875 1801 alryssus
891 1764 982 1801 impiis
993 1769 1152 1801 praeparata.

230 1798 304 1837 ςινι.
320 1802 437 1830 Similem
461 1811 519 1830 vero
544 1801 628 1829 Deum
653 1802 677 1828 εἰ
700 1802 759 1836 qui:
781 1798 864 1833 dicat,
885 1798 940 1827 etc;
955 1799 1046 1837 i’rimo
1061 1800 1151 1837 docet,
1164 1806 1218 1837 non
1234 1799 1452 1837 improbandumA
1467 1807 1565 1837 nomen
1587 1798 1681 1826 similis
1695 1798 1722 1837 in
1738 1799 1805 1837 Deo,

194 1834 327 1874 quatenus
341 1838 391 1865 sibi
412 1838 461 1874 ipsi
482 1839 580 1874 similis
595 1845 654 1865 esse
669 1834 780 1874 dicitur,
802 1836 907 1874 scilicet
921 1835 1008 1874 unite,
1033 1835 1246 1874 ituput'tibiliter.
1262 1835 1361 1874 quippe
1381 1835 1471 1874 omnis
1494 1835 1591 1868 partis,
1607 1834 1809 1874 mutationiset

195 1870 340 1901 alteritatis
360 1881 390 1900 ex
398 1870 470 1908 pérs.
485 1873 573 1900 Simili
591 1873 647 1900 fere
665 1873 745 1898 modo
761 1872 888 1908 loquendi
899 1871 1012 1908 dicitur
1026 1870 1067 1896 vir
1078 1875 1206 1896 constans
1223 1875 1250 1897 et
1269 1873 1402 1908 prudens,
1420 1870 1472 1908 sibi
1490 1877 1598 1908 semper
1612 1877 1673 1898 esse
1689 1870 1805 1908 Similis,

195 1908 268 1944 quod
284 1915 375 1936 mores
388 1905 452 1936 suos
469 1909 619 1936 secundum
639 1908 770 1934 virtutem
788 1907 815 1934 in
831 1907 904 1934 omni
921 1913 985 1944 casu
1002 1911 1029 1944 et
1043 1909 1139 1944 eventu
1155 1912 1231 1944 inqua
1250 1906 1365 1944 ratione
1381 1906 1507 1944 similiter
1521 1905 1685 1944 moderetur,
1699 1905 1808 1944 scilicet

194 1939 300 1978 :équam
326 1951 430 1971 memor
445 1945 471 1971 in
492 1944 618 1971 omnibus
642 1949 756 1970 servare
778 1947 907 1969 mentem.
923 1941 1050 1978 Secundo
1067 1940 1144 1978 dicit.
1161 1942 1233 1974 quod
1243 1940 1312 1978 licet
1330 1940 1520 1978 aliquo_m_odo
1535 1941 1711 1971 concedatur,
1732 1939 1806 1978 quod

193 1975 322 2006 creatura
339 1979 376 2006 sit
399 1979 498 2007 similis
514 1979 580 2012 Deo,
593 1978 667 2005 nullo
689 1981 780 2004 tamen
799 1977 880 2004 modo
893 1975 1162 2012 concedenduinsit,
1177 1976 1248 2009 quod
1272 1975 1343 2003 Deus
1362 1978 1400 2003 sit
1413 1975 1510 2003 similis
1525 1981 1678 2008 creaturae;
1693 1976 1756 2012 quia
1778 1975 1806 2012 in

194 2014 250 2048 his,
267 2013 365 2047 inquit,
382 2022 441 2048 quae
461 2015 541 2041 unius
562 2010 626 2041 sunt
645 2013 761 2044 ordinis,
779 2012 909 2046 recipitur
925 2015 1019 2037 mutua
1047 2010 1206 2048 similitudo,
1220 2016 1392 2048 nonhautem
1409 2012 1436 2038 in
1452 2016 1582 2048 causact
1594 2015 1717 2048 causato.
1732 2010 1807 2048 Diei?

194 2045 255 2077 inus
272 2045 345 2075 enim
358 2045 430 2084 quod
452 2050 541 2084 imago
555 2049 591 2076 sit
608 2048 706 2076 similis
729 2045 844 2084 homini,
855 2052 890 2084 _et
905 2053 990 2084 none
1007 2052 1154 2084 _co_n_verso.
1167 2045 1201 2072 Et
1214 2046 1339 2084 similiter
1347 2048 1507 2084 dicipotest
1522 2046 1613 2080 aliquo
1627 2046 1716 2077 modo,
1732 2046 1806 2084 quod

195 2089 322 2111 creatura
338 2080 374 2112 sit
389 2085 487 2112 similis
507 2080 574 2116 Deo;
591 2092 643 2111 non
661 2089 751 2110 tamen
766 2083 838 2116 quod
854 2081 926 2108 Deus
944 2081 979 2108 sit
991 2081 1088 2111 similis
1106 2086 1249 2116 creature.
1266 2081 1335 2108 lliuc
1346 2081 1377 2108 D.
1389 2080 1518 2114 Thomas,
1539 2087 1615 2115 parte
1628 2089 1648 2113 ι,
1665 2086 1762 2114 quiest.
1775 2080 1804 2113 4,

195 2120 275 2146 artic.
296 2119 323 2152 3,
340 2121 448 2154 quzcrit,
464 2125 552 2147 utrum
568 2115 659 2154 aliqua
671 2115 797 2146 creatura
813 2117 899 2151 possit
919 2124 979 2154 esse
993 2116 1089 2154 siu_I_ilis
1105 2115 1178 2148 Deo;
1194 2121 1222 2142 et
1241 2117 1395 2154 respondet,
1419 2125 1480 2144 cum
1504 2117 1574 2143 Deus
1590 2118 1633 2154 sit
1648 2116 1805 2154 universale

195 2162 292 2189 agens,
310 2150 337 2181 et
348 2150 520 2189 principium
537 2150 624 2182 totius
641 2161 711 2187 esse,
728 2161 780 2179 non
797 2150 954 2189 cuntentum
973 2151 1000 2178 in
1015 2151 1104 2189 aliqua
1127 2158 1218 2189 specie
1233 2152 1274 2178 vel
1288 2158 1400 2186 genere,
1414 2157 1560 2189 creaturas
1573 2152 1598 2179 ei
1611 2150 1719 2189 similes
1730 2158 1804 2189 esse,

195 2186 249 2216 non
271 2186 422 2217 secundum
438 2186 562 2218 eamdem
579 2190 736 2224 speciticam
752 2192 799 2215 aut
815 2188 968 2222 genericam
986 2188 1134 2217 rationem,
1151 2187 1200 2224 sed
1225 2188 1374 2224 secundum
1395 2187 1541 2224 aliquulcin
1557 2186 1804 2224 anulogiam._Cum

195 2225 268 2251 enim
283 2225 372 2251 omnis
386 2226 500 2252 etfeetus
515 2221 682 2252 assiniilctur
701 2231 757 2250 suae
775 2221 876 2255 τεύξω,
901 2227 930 2249 ιιι
941 2229 1001 2256 qua:
1020 2221 1176 2247 necessario
1191 2221 1216 2247 in
1229 2229 1259 2249 se
1278 2222 1319 2248 vel
1338 2222 1490 2249 formaliter
1501 2223 1543 2249 vel
1557 2223 1709 2249 eminenter
1722 2222 1806 2248 habet

196 2259 328 2293 quidquid
349 2260 428 2288 alteri
448 2261 568 2293 confert,
583 2260 647 2287 hinc
664 2260 753 2287 oumis
771 2263 896 2286 creatura
912 2256 1081 2293 assimilatur
1097 2256 1160 2293 Deo,
1177 2257 1271 2284 saltem
1287 2261 1421 2291 quatenus
1438 2263 1488 2288 est,
1506 2257 1548 2284 vel
1565 2258 1649 2284 etiam
1667 2261 1805 2291 quatenus

195 2291 312 2327 vivit,'ct
325 2296 446 2322 omnium
463 2291 663 2329 perfectissime
684 2294 835 2324 rationalis,
849 2300 909 2329 qua:
927 2292 984 2320 sola
999 2293 1030 2318 ad
1046 2291 1192 2324 imaginem
1208 2293 1255 2319 Dei
1271 2297 1364 2319 creata
1378 2297 1431 2320 est.
1444 2293 1502 2320 Etsi
1520 2298 1611 2319 autem
1627 2293 1685 2318 huic
1703 2292 1805 2329 simili~

195 2329 260 2356 tudo
275 2331 406 2357 consistat
432 2327 471 2357 ln'
487 2330 697 2365 participatione
709 2329 830 2363 ejusdem
845 2328 951 2365 formae,
964 2335 1023 2365 quon
1040 2332 1129 2353 tamen
1149 2328 1298 2365 secundum
1312 2329 1435 2355 eamdem
1454 2328 1602 2365 rationem,
1617 2329 1663 2365 scd
1689 2327 1804 2354 oumino

194 2364 348 2399 diversam;
367 2372 430 2392 nam
448 2363 521 2399 esse,
535 2363 638 2396 vivere,
653 2372 760 2398 sapere,
776 2369 900 2397 respectu
923 2363 970 2390 Dei
989 2368 1017 2390 et
1039 2367 1184 2395 creatum,
1198 2363 1242 2389 vel
1262 2363 1472 2399 atquivoca,rvcl
1493 2365 1570 2390 valde
1591 2363 1705 2397 analoga
1727 2368 1802 2395 sunt,

194 2398 310 2434 ideoque
332 2400 359 2426 in
381 2401 424 2427 his
448 2397 563 2428 nonest
584 2397 725 2434 reciproca
752 2399 916 2430 similitudo,
933 2399 995 2432 quia
1016 2399 1068 2426 etsi
1097 2403 1223 2424 creatura
1246 2397 1283 2424 sit
1303 2398 1400 2434 similis
1413 2398 1479 2430 Deo,
1496 2399 1567 2426 Deus
1583 2404 1740 2425 tamennon
1759 2404 1804 2426 est

194 2433 294 2461 similis
312 2440 457 2467 creaturae,
474 2436 553 2470 cujus
565 2435 635 2461 ratio
644 2433 702 2465 Vest,
719 2435 780 2468 quia
798 2439 983 2470 creaturaest
997 2434 1066 2460 facta
1085 2434 1123 2470 ad
1135 2434 1281 2470 quamdam
1300 2433 1346 2460 Dei
1361 2434 1596 2466 assimilutioncm,
1611 2441 1728 2467 cumque
1741 2435 1803 2461 imi-

195 2472 282 2501 tatur,
300 2478 353 2496 non
369 2475 457 2497 t:nnen
482 2468 589 2497 contra.
613 2469 689 2497 Unde
706 2470 846 2503 reciproca
868 2468 1018 2496 similitudo
1038 2469 1172 2502 reperitur
1195 2469 1223 2495 in
1245 2469 1297 2496 illis
1316 2469 1382 2496 solis
1405 2477 1464 2503 qua:
1486 2473 1653 2504 pdi'thIpulll.
1683 2470 1802 2496 formant

195 2504 319 2538 ejusdem
335 2505 461 2532 rationis.
476 2505 542 2532 Vide
554 2505 611 2532 hac
626 2505 714 2531 fusius
731 2513 745 2531 a
758 2504 789 2531 D.
805 2504 910 2531 Thoma
927 2504 987 2532 loco
1000 2510 1085 2532 citato
1101 2505 1128 2530 in
1142 2511 1257 2538 corpore
1272 2504 1418 2538 explicata.

230 2539 244 2574 §
262 2539 316 2566 VII.
333 2540 472 2573 Scriptura
491 2542 555 2567 dicit
571 2539 655 2566 Deum
675 2548 729 2567 ene
752 2539 916 2566 dissimilem.
933 2539 1002 2566 Nota
1019 2548 1079 2567 cum
1095 2540 1126 2566 D.
1144 2538 1248 2566 Tuoma
1267 2547 1350 2573 supra
1366 2540 1463 2573 citato,
1485 2547 1546 2567 cum
1562 2548 1639 2568 sacra
1658 2541 1799 2574 Scriptura

192 2574 262 2610 dicit
276 2575 377 2610 aliquid
406 2583 460 2602 non
485 2583 546 2603 esse
565 2575 654 2602 simile
676 2575 740 2609 Deo,
757 2576 782 2602 id
800 2583 853 2601 non
868 2583 932 2602 esse
956 2576 1123 2602 contrarium
1146 2574 1336 2602 assimilationi
1357 2576 1391 2602 ad
1412 2577 1520 2610 ipsum;
1535 2579 1630 2603 eadem
1646 2578 1718 2603 enim
1734 2581 1799 2603 sunt

193 2609 292 2645 similia
310 2609 365 2637 Deo
377 2615 405 2638 et
420 2611 571 2638 dissimilia.
587 2610 691 2637 Similia
713 2612 834 2644 quidem,
851 2611 998 2638 secundum
1023 2612 1095 2645 quod
1118 2611 1260 2637 imitantur
1282 2611 1381 2645 ipsum,
1402 2609 1482 2643 prout
1503 2613 1594 2639 valent
1612 2620 1674 2638 cum
1698 2613 1799 2639 itnttari

193 2644 239 2678 qui
259 2653 312 2672 non
330 2647 450 2680 perfecte
466 2646 609 2673 imitabilis
631 2651 682 2672 est.
709 2646 855 2673 Dissimilia
870 2654 946 2679 vero,
968 2644 1117 2674 secundum
1133 2647 1206 2680 quod
1229 2646 1359 2673 deﬁciunt
1373 2656 1387 2673 a
1401 2655 1448 2673 sua
1460 2655 1554 2679 causa,
1576 2655 1630 2674 non
1646 2648 1733 2674 solum
1752 2656 1798 2674 se-

193 2679 311 2718 cundum
331 2679 409 2718 suam
430 2681 609 2718 inlensionetn
629 2686 655 2707 et
677 2683 876 2718 remissionem,
891 2683 963 2709 sicut
983 2683 1073 2708 minus
1099 2679 1190 2708 album
1208 2683 1298 2709 deticit
1314 2691 1330 2709 a
1344 2684 1429 2718 magis
1447 2683 1521 2716 albo,
1534 2685 1582 2710 sed
1605 2683 1668 2717 quia
1692 2689 1798 2711 nonest

191 2716 386 2751 convenientia
406 2724 455 2743 nec
473 2716 620 2743 secundum
639 2717 769 2750 speciem,
781 2724 831 2744 nec
850 2718 1000 2744 secundum
1016 2725 1110 2751 genus.

227 2749 329 2789 §‘thl.
348 2751 418 2783 Quid
433 2757 521 2790 autem
541 2752 573 2778 de
588 2749 674 2790 divino
693 2757 764 2790 statu
778 2752 821 2790 _vet
840 2756 902 2779 sede
915 2749 1046 2780 dicamus.
1063 2753 1130 2780 lNota
1150 2760 1211 2790 cum
1227 2753 1258 2782 D.
1276 2753 1379 2781 Thoma
1398 2754 1430 2781 ad
1443 2754 1515 2783 hunc
1528 2756 1628 2790 locum,
1643 2759 1698 2787 Deo
1714 2757 1797 2786 tribui

195 2786 341 2812 stationem
357 2792 385 2812 et
401 2787 552 2814 sessiOnem
568 2787 723 2820 tripliciter.
738 2786 831 2814 Primo
850 2789 971 2822 quidem,
983 2793 1116 2822 quantum
1132 2789 1164 2814 ad
1179 2788 1231 2816 hoc
1243 2791 1316 2824 quod
1333 2791 1391 2823 ipse
1406 2790 1433 2816 in
1456 2799 1486 2818 se
1507 2793 1600 2820 existit
1613 2786 1626 2819 ε’
1634 2786 1706 2820 Deus
1722 2795 1796 2820 enim

192 2827 246 2862 non
258 2825 318 2862 stat
336 2829 424 2861 neque
439 2825 520 2862 _sedct
540 2827 668 2862 tanquam
683 2828 853 2862 sustentatus
869 2824 896 2850 in
910 2825 1002 2858 aliquo
1016 2824 1111 2862 altero,
1128 2828 1200 2850 sicut
1214 2832 1274 2858 nus,
1294 2827 1377 2862 sedin
1391 2826 1480 2861 seipse
1503 2833 1603 2860 manet,
1619 2837 1671 2855 nou
1686 2829 1796 2862 quidem

190 2855 339 2895 mobiliter,
356 2857 426 2897 sicut
438 2857 519 2897 homo
535 2858 613 2897 sedet
629 2857 751 2897 in_sede,
770 2865 784 2884 a
803 2865 854 2892 qua
869 2855 964 2893 potest'
974 2855 1125 2897 removeri;
1140 2866 1228 2897 neque
1253 2855 1401 2897 secundum
1415 2855 1534 2897 aitquam
1549 2855 1735 2891 diversitatem
1753 2872 1796 2890 sui

187 2897 201 2915 a
217 2897 261 2923 se,
275 2892 343 2918 sicut
356 2892 446 2919 dillcrt
461 2893 541 2920 homo
557 2901 570 2919 a
587 2892 645 2919 loco
663 2893 686 2919 iu
708 2902 761 2929 quo
784 2896 857 2921 scdct
870 2892 918 2921 aut
930 2900 994 2925 stat.
1010 2896 1056 2922 sed
1075 2892 1222 2923 secundum
1243 2895 1406 2924 immobilem
1429 2892 1613 2933 idéntitutem;
1637 2908 1725 2936 neque
1748 2900 1798 2927 ite-
