1929 3061
94 165 142 192 921
376 164 420 192 DE
439 164 564 193 DIVINIS
583 165 781 200 NOMINIBUS,
801 166 878 195 CAP.
898 166 944 194 IX.
964 182 999 186 —
1022 166 1194 194 PARAPHR.
1214 167 1449 197 PACHYMERE.
1671 170 1723 197 9'22

96 232 155 251 rum
170 225 306 251 communi
320 225 409 256 modo,
429 225 640 261 sicutqumlibet
655 234 700 254 res
725 225 926 261 quodammodo
944 225 1026 261 estin
1046 225 1147 261 seipsa,
1168 226 1195 261 in
1208 231 1339 260 quantum
1360 227 1517 254 continetur
1533 226 1604 254 infra
1624 229 1722 255 termi-

98 267 147 287 nos
160 263 268 296 naturte
283 267 353 296 sua};
375 260 423 287 sed
446 261 621 296 singulariter
637 267 678 288 est
692 261 805 294 simplex
820 261 849 296 in
864 260 963 294 seipse.
981 260 1025 287 Sic
1038 260 1110 287 enim
1126 260 1176 287 sibi
1189 260 1241 295 ipsi
1258 261 1397 293 innititur,
1416 266 1445 288 ut
1461 270 1475 289 a
1494 262 1567 289 nullo
1596 263 1650 290 alio
1673 263 1722 290 de-

97 295 222 328 pendeat,
237 299 263 321 et
277 295 311 331 sit
327 295 405 324 ﬁxus.
422 300 449 322 et
462 295 587 324 omnibus
607 297 801 331 superlocatus.
816 295 951 326 Secundo,
966 295 1055 330 quoad
1066 296 1264 328 operationem,
1280 302 1307 323 et
1321 297 1372 324 hoc
1389 302 1431 323 est
1445 298 1516 331 quod
1537 298 1602 325 dicit
1632 298 1721 326 Deum

97 331 240 357 secundum
254 330 353 360 eadem.
367 331 392 357 id
408 336 450 358 est
465 333 613 359 secundum
630 330 754 359 eamdem
768 331 948 364 sapientiam,
973 331 1102 357 virtutem
1129 335 1156 357 et
1181 331 1330 358 bonitatem
1350 336 1377 359 et
1402 330 1574 366 hujusmodi:
1595 338 1621 360 et
1643 335 1721 361 circa

98 366 168 391 idem
191 366 287 403 ipsum,
302 372 434 403 quantum
456 367 489 394 ad
514 368 650 402 ohjectum
675 375 730 395 sine
749 366 930 400 operationis.
950 367 1013 403 quia
1035 373 1143 403 semper
1160 366 1218 400 ejus
1240 368 1365 400 operatio
1389 371 1432 394 est
1453 367 1525 394 circa
1541 369 1672 403 seipsum,
1690 369 1717 396 in

98 404 229 436 quantum
243 401 432 436 intelligenth
448 407 475 429 et
495 401 611 430 amando
629 411 658 430 se
669 403 759 430 omnia
779 406 924 435 operatur;
946 405 969 428 et
990 401 1114 428 similiter
1139 403 1288 428 secundum
1313 402 1422 428 modum
1447 401 1648 436 operationum,
1663 412 1716 431 non

97 435 169 472 enim
188 435 407 472 debilitatur’aut
428 439 624 465 corroboratur
645 438 671 464 in
696 437 810 472 agendo.
827 436 941 472 Tertio,
956 444 1004 469 per
1027 436 1206 462 remotiunem
1222 437 1312 464 omnis
1334 435 1471 471 passionis
1485 438 1526 464 vel
1550 443 1718 466 transmuta-

98 471 180 506 tionis
193 471 226 497 ab
244 471 313 505 ipso,
327 479 388 498 eum
408 474 446 500 ait
458 480 465 500 :
478 474 592 500 Omnino
611 481 666 501 esse
686 481 702 499 α
722 474 805 506 seipse
819 471 1008 498 immutabilem
1024 476 1048 497 et
1068 479 1121 498 non
1131 479 1207 504 posse
1226 473 1397 499 lrammoueri
1408 477 1431 498 et
1443 480 1499 499 esse
1512 480 1544 499 ea:
1556 478 1609 500 toto
1622 474 1718 500 immo—

98 505 186 543 bilem,
203 506 228 532 id
242 511 295 543 est,
313 507 384 540 quod
405 516 457 535 non
483 509 583 536 habeat
596 516 628 535 ex
650 509 739 543 seipso
760 507 879 543 aliquam
897 513 1011 543 causam
1025 514 1080 533 sua:
1092 507 1351 543 rtrransmutationis,
1365 512 1394 534 et
1409 507 1486 543 quod
1513 515 1565 543 non
1583 510 1669 542 possit
1685 510 1718 536 ab

98 540 191 578 aliquo
206 542 335 578 euteriori
362 544 463 570 moveri
487 544 512 570 in
537 540 715 576 contrarium,
732 543 778 570 sed
802 540 837 569 sit
860 541 981 578 totaliter
1007 542 1164 578 immobilis.
1183 542 1266 577 Atque
1289 543 1345 569 ha’c
1368 542 1484 576 quidem,
1513 540 1611 578 inquit.
1635 552 1717 578 supra

98 576 294 609 substantiam,-
317 578 379 611 quia
401 579 528 606 nimirum
552 584 595 606 est
620 587 702 606 causa
727 578 816 604 omnis
838 576 963 604 statioriis
979 581 1005 605 et
1027 576 1159 603 sessionis
1175 576 1234 610 quae
1252 578 1276 604 in
1300 578 1381 605 rebus
1402 577 1504 604 creatis
1527 576 1675 611 invenitur,
1690 579 1718 606 in

98 616 231 644 quantum
251 617 292 637 est
313 620 394 647 super
415 622 524 641 omnem
548 615 699 641 sessionem
723 619 751 640 et
773 612 917 639 stationem
936 616 964 639 et
988 614 1079 638 omnia
1100 612 1279 640 stabiliuntur
1295 613 1321 639 in
1348 612 1418 647 ipso,
1435 612 1481 647 qui
1497 613 1621 640 custodit
1637 621 1669 641 ea
1683 622 1717 641 tte

98 652 322 683 connuoveantur
336 656 350 674 a
367 650 496 680 statione,
509 654 536 675 et
548 654 728 683 permaneant
742 649 767 674 in
782 648 900 682 propriis
913 647 1006 683 bonis.

134 681 148 716 §
162 681 205 708 IX.
225 680 272 708 Pie
282 683 409 718 siquidem
419 680 565 718 putandum
576 690 612 712 est
626 684 707 710 Deum
722 680 886 714 moveri,retc
911 682 988 709 Hunc
1003 683 1092 710 locum
1111 681 1265 718 edisserens
1286 682 1315 710 S.
1331 683 1482 710 Maximus:
1498 692 1507 709 ‹
1522 682 1604 716 Deus,
1617 683 1716 718 inquit,

99 724 153 754 non
174 721 297 754 movetur
310 718 400 754 aliquo
415 717 447 746 ex
468 720 526 746 istis
549 720 694 754 generibus
708 724 807 750 motus,
821 719 886 751 quiti
903 717 992 752 potius
1013 722 1104 745 motus
1118 717 1275 754 immobilis,
1290 723 1316 744 et
1331 719 1427 745 eodem
1451 718 1532 754 modo
1548 726 1578 746 se
1593 717 1719 747 habentis

97 751 298 789 voluntasejus
318 751 428 789 dicitur,
444 762 496 788 qua
511 751 568 781 vult
582 762 642 782 esse
656 754 738 789 492
753 761 782 780 ea
797 761 856 787 quze
873 751 948 789 sunt,
961 758 988 780 et
999 753 1135 780 emanatio
1149 753 1329 789 providentiae
1344 754 1378 780 ad
1393 753 1496 781 omnia.
1514 754 1553 780 Ex
1573 754 1615 781 his
1632 758 1718 789 patet,

98 786 183 813 Deum
197 787 268 814 nulla
287 795 321 815 ex
337 788 370 816 iis
386 786 563 821 motionibus,
578 797 646 824 quas
668 786 816 824 Dionysius
841 788 980 823 ingeniose
1000 787 1184 824 enumeravit,
1203 789 1315 824 moveri,
1331 789 1377 816 illa
1396 793 1500 815 tantum
1517 786 1643 822 excepta",
1660 797 1719 824 quae

97 827 210 859 euterna
233 827 285 856 est,
297 828 325 850 et
341 831 393 858 qua
410 829 553 852 creaturas
578 832 626 859 per
646 832 710 852 suas
727 823 834 851 divinas
860 824 1048 850 emanationes
1065 823 1204 859 produxit,
1223 823 1435 859 multiplicatus,
1457 828 1484 851 et
1508 823 1719 857 dispertitus'ac

96 857 270 890 distributus,
290 857 497 894 non'quatenus
514 857 642 894 ipse—est,
656 860 704 887 sed
721 865 992 894 quatenusrmaneus
1010 858 1156 885 immobilis
1169 864 1198 894 et
1221 857 1409 892 impartihilis,
1428 863 1456 886 et
1477 859 1715 894 multiplicationis

97 899 206 930 expers,
223 898 249 919 et
267 894 363 930 eodem
373 893 453 928 prius
468 900 495 922 et
515 893 610 930 postea
634 900 726 922 tenore
747 894 804 920 sola
830 893 972 920 voluntate
994 894 1086 921 omnia
1106 893 1245 930 produxit,
1263 901 1352 930 neque
1372 895 1438 921 sica
1456 894 1546 930 seipse
1557 893 1615 921 ullo
1636 895 1719 921 modo

98 928 241 964 recedens.
262 928 321 961 Quo
339 930 410 956 enim
437 928 601 961 moveretur,
622 931 667 964 qui
692 930 782 957 omnia
805 929 957 955 substantia
980 937 1026 956 sua
1055 928 1162 962 replet?
1183 928 1248 960 lino,
1274 929 1362 963 inquit
1386 929 1600 964 Cyparissiotus,
1625 930 1647 956 si
1666 937 1718 956 una

96 961 183 999 [acies
201 969 320 996 maneat,
341 965 419 999 cujus
435 965 523 992 forma
549 961 724 999 nulla-parte
749 969 777 990 et
802 963 876 991 nullo
891 964 972 991 modo
994 961 1126 994 varietur,
1141 968 1169 990 et
1185 961 1318 998 ponamus
1342 961 1444 991 multas
1460 965 1565 991 circum
1581 963 1668 991 facies
1681 973 1714 991 ex

96 996 203 1035 fulgore
225 999 297 1035 illius
315 996 446 1032 etnicare,
465 1001 557 1028 videor
578 996 653 1028 mihi'
665 1009 697 1028 ex
714 1001 764 1026 hac
781 999 853 1035 tenui
870 998 988 1033 imagine
1001 1008 1034 1027 ac
1056 996 1235 1035 similitudine
1252 1000 1438 1035 conjecturam
1451 1000 1484 1026 de
1501 999 1543 1026 Itis
1559 999 1662 1026 facere.
1678 1000 1718 1026 Ad

95 1032 173 1059 hunc
195 1034 305 1061 modum
322 1040 398 1062 recte
418 1036 479 1070 quis
504 1036 588 1068 dicat,
606 1043 660 1063 n0n
683 1034 823 1070 distribui,
843 1038 890 1070 aut
915 1032 1037 1068 partitim
1061 1034 1237 1070 multiplicari
1253 1032 1350 1067 Deum,
1366 1037 1413 1062 sed
1441 1042 1491 1061 nos
1510 1035 1600 1070 potius
1616 1035 1650 1061 ab
1672 1042 1716 1066 eo,

99 1072 230 1106 tanquam
243 1069 437 1098 similitudines
452 1075 480 1098 et
496 1071 630 1106 imagines
650 1069 845 1106 exemplarium
858 1069 927 1106 ejus,
946 1070 1088 1106 distinctos
1104 1076 1137 1096 ac
1161 1069 1282 1106 variatus
1293 1077 1363 1102 esse,
1381 1074 1409 1096 et
1424 1069 1678 1106 multiplicationem
1692 1074 1720 1097 et

95 1104 271 1141 partitionem
289 1105 423 1139 subiisse;
441 1104 593 1141 hujusmodi
610 1107 683 1134 enim
702 1104 860 1141 aﬂ'ectioues
884 1105 1119 1136 similitudinibus,
1136 1104 1273 1141 non__Deo,
1290 1106 1465 1132 conveniunt.
1482 1105 1529 1132 Sic
1541 1112 1555 1131 a
1570 1104 1717 1141 _Di0nysio,

95 1145 189 1177 rerum
206 1140 361 1177 divinarqu
379 1138 556 1175 peritissimo,
571 1143 628 1169 haec
645 1150 704 1177 quae
719 1142 745 1167 in
767 1138 821 1166 Deo
836 1145 950 1174 apparet
972 1141 1101 1177 discretio
1116 1139 1252 1177 appellata
1264 1145 1305 1177 est
1322 1141 1449 1177 :videtur
1461 1141 1548 1177 enim,
1569 1138 1670 1172 inquit,
1691 1146 1720 1167 et

96 1174 197 1200 dicitur
219 1176 301 1201 unius
323 1175 368 1202 Dei
387 1176 517 1204 discretio
531 1174 558 1204 et
577 1174 784 1211 multiplicatio;
806 1180 850 1202 est
865 1179 953 1202 tamen
975 1175 1152 1203 nihilominus
1166 1175 1330 1208 principium
1348 1176 1501 1202 divinitatis
1515 1181 1597 1209 supra
1611 1182 1719 1211 omnem

98 1214 229 1269 naturam
244 1217 313 1250 unus
334 1211 405 1238 Deus
421 1212 597 1247 impartibilis
616 1213 643 1239 in
659 1210 801 1247 partilibus
829 1215 857 1237 et
871 1217 965 1238 secum
980 1211 1038 1246 ipse
1059 1212 1211 1245 copulatus,
1228 1215 1255 1236 et
1269 1211 1457 1244 permistionis
1472 1210 1589 1245 plurium
1605 1217 1636 1238 ac
1648 1210 1717 1237 ntul-

98 1249 138 1269 tm
151 1249 276 1269 tcatmnts
292 1253 402 1269 exners.

97 1245 276 1274 tiplicationis
292 1253 324 1272 ex
330 1254 402 1274 oers.

141 1251 212 1270 iit-att
319 1253 324 1257 ν
383 1255 402 1273 η,

122 1251 147 1314 p§
160 1279 192 1306 X.
207 1252 536 1317 ῧῖιῖρξλξὲτλᾳααιὶιαιὴ
554 1283 702 1317 c/fectorem
721 1281 863 1317 ucwtdum
874 1289 966 1316 quam,
980 1287 1033 1308 etc.
1057 1281 1086 1308 in
1110 1280 1307 1308 elementorum
1325 1281 1432 1308 scilicet
1450 1282 1578 1309 mistione
1593 1283 1721 1308 versatur

99 1314 253 1352 Inuusmodi
270 1314 421 1350 aequalitas,
439 1325 498 1352 quae
515 1318 537 1345 si
555 1314 705 1348 unumst-1,
719 1325 770 1343 non
787 1314 885 1344 tierent
901 1317 1094 1351 generationes
1110 1317 1136 1342 in
1153 1317 1265 1343 mundo.
1282 1317 1310 1343 Si
1329 1317 1402 1344 enim
1426 1317 1536 1352 aliquod
1551 1325 1586 1344 ex
1600 1316 1719 1343 elemen-

99 1350 296 1388 tis__e_x_superet
311 1358 343 1377 ac
361 1350 506 1388 redundet,
523 1355 709 1388 corrumpitur
724 1352 973 1388 quodngeneratur.

135 1385 235 1423 Ibidem
249 1393 256 1411 :
273 1384 306 1412 Ut
326 1387 447 1420 quodque
467 1394 558 1422 apium
571 1393 621 1420 est,
637 1384 690 1415 etc.
711 1384 769 1415 Hoc
782 1384 850 1423 dicit
863 1392 974 1423 propter
984 1386 1169 1422 azqualitatem
1179 1387 1375 1423 proportionis,
1394 1387 1450 1414 sive
1462 1395 1522 1422 qua;
1536 1391 1600 1415 sunt
1617 1391 1717 1423 natura

98 1419 178 1452 (iant,
194 1420 251 1458 sive
266 1428 314 1454 per
327 1419 461 1458 gratiam;
477 1419 506 1450 ut
521 1431 573 1450 non
588 1419 683 1452 onmes
703 1421 844 1458 aequaliter
864 1419 1058 1449 illuitiinaniur
1073 1431 1088 1450 a
1105 1419 1240 1456 solefneé
1258 1429 1354 1450 omnes
1378 1419 1524 1457 aiqualiter
1544 1422 1721 1451 sanctiﬁcan-

99 1459 154 1493 tur,
164 1455 219 1493 sed
231 1455 421 1493 proportione,
439 1464 468 1484 ut
483 1459 537 1493 apti
552 1463 626 1491 sunt,
647 1464 694 1486 aut
706 1455 780 1492 digni
797 1459 942 1485 habentur.

134 1490 148 1526 ς
164 1490 264 1530 ibidem
275 1490 430 1530 :nQuateuu:
446 1490 547 1520 onniem
571 1490 758 1528 wqualitoteiﬁ,
771 1493 869 1529 νοητὴν
888 1493 936 1519 καὶ
952 1494 1060 1530 γοεράν,
1073 1493 1099 1520 id
1115 1499 1155 1521 est
1166 1492 1345 1521 intellectilem
1368 1497 1393 1520 et
1415 1492 1658 1530 intelligentemjd
1678 1495 1721 1519 est

97 1526 324 1565 angeliea_m._S_ic
343 1528 416 1565 enim
432 1536 533 1556 vocare
544 1526 612 1556 solet
627 1530 738 1564 angelos
755 1526 867 1565 νοηιέοὗς
882 1538 884 1554 :

947 1526 1068 1565 νοερούς,
1087 1530 1151 1564 quia
1168 1530 1269 1556 habent
1289 1530 1358 1565 intra
1378 1535 1407 1555 se
1419 1537 1434 1554 a
1447 1526 1548 1563 quibus
1562 1528 1721 1565 intelligan-

98 1566 154 1594 tur,
174 1565 201 1587 et
211 1561 269 1600 ipsi
286 1562 451 1600 intelligunt.
466 1565 563 1591 anima:
577 1561 735 1592 autem—non
753 1561 841 1592 solent
856 1567 948 1592 vocari
959 1561 1064 1600 νοήται,
1080 1561 1106 1591 id
1126 1569 1168 1592 est
1188 1564 1443 1600 intellectilestquia
1456 1561 1517 1591 'nou
1534 1564 1635 1591 habent
1649 1561 1721 1590 infra

96 1603 155 1636 se_a
171 1596 270 1630 quibus
290 1596 488 1636 intelligantur,
504 1600 552 1626 sed
568 1600 696 1626 dicuntur
713 1600 923 1632 ratiocinantes,
938 1605 966 1627 et
981 1596 1073 1636 νὸεροιί
1090 1600 1185 1632 etiam,
1199 1600 1225 1627 id
1241 1604 1283 1626 est
1305 1596 1490 1636 intelligent“,
1506 1601 1553 1636 sed
1579 1607 1631 1626 non
1655 1605 1721 1636 prun

96 1632 158 1669 prie
178 1637 206 1658 ut
220 1632 322 1669 angeli.
339 1632 499 1661 Seiuientent
515 1642 581 1661 vero
602 1636 786 1669 aequalitatem
807 1639 887 1665 vocat
898 1643 959 1669 qua:
982 1636 1009 1662 in
1030 1632 1199 1662 animalibus
1223 1635 1372 1668 reperitur;
1387 1632 1600 1668 substantialem,
1616 1641 1676 1667 qua:
1692 1633 1720 1659 in

96 1667 326 1707 substantialibus
340 1669 392 1703 (sic
405 1674 484 1707 vocat
496 1677 556 1704 quae
570 1667 642 1707 suut—
653 1671 712 1697 sine
726 1678 806 1698 sensu
821 1676 849 1697 et
874 1667 976 1705 motu);
992 1670 1155 1707 naturalem,
1171 1678 1232 1705 qme
1253 1667 1281 1695 in
1305 1670 1478 1707 naturalibus
1498 1669 1558 1707 (illa
1577 1668 1717 1707 intelligit,

96 1709 159 1740 qua»
173 1702 391 1740 qualemcunque
408 1702 553 1732 motionem
575 1706 690 1736 babenti;
711 1711 807 1734 natura
833 1707 907 1732 enim
926 1702 969 1732 es‘t
993 1706 1157 1740 principium
1180 1702 1272 1732 inotus
1287 1710 1314 1730 et
1330 1705 1459 1739 quietis);
1479 1702 1675 1736 voluntariam,
1691 1703 1718 1729 in

98 1737 134 1763 iis
148 1738 194 1771 qui
211 1737 352 1774 voluntate
371 1740 476 1772 praediti
491 1744 565 1772 sunt,
583 1741 630 1774 qui
646 1741 740 1767 volunt
753 1742 827 1774 justo
842 1742 933 1767 vivere
946 1749 953 1768 :
965 1737 1070 1774 justitia
1084 1737 1156 1767 eoin)
1174 1745 1216 1768 est
1227 1737 1349 1774 quaedam
1369 1737 1521 1774 aequalitas.
1539 1740 1626 1767 Omne
1638 1746 1721 1773 porro

96 1779 184 1811 genus
199 1773 364 1807 {Pqualitatis
377 1775 542 1811 habetrDeus
557 1773 734 1809 anticipatum
753 1773 780 1802 in
798 1785 826 1804 se
849 1777 907 1810 ipso
921 1773 1093 1811 simpliciter,
1107 1781 1237 1811 tanquam
1252 1776 1280 1803 in
1295 1775 1363 1802 ideis
1383 1773 1409 1803 et
1427 1775 1629 1811 exemplaribus
1642 1781 1721 1801 atter-

97 1809 195 1841 nisque
208 1816 265 1835 suis
280 1809 445 1836 notionibus.
464 1810 501 1836 Ita
517 1816 629 1838 sant-tus
641 1811 786 1838 Maumus.

636 1944 878 1973 PARAPHRASIS
895 1945 1118 1974 ΡΑΟΗΥΜΕἩΑΞ
1136 1945 1206 1981 (45).

134 2003 180 2040 §l.
200 2003 307 2039 Ἐπειδὴ
326 2003 373 2030 καὶ
394 2003 428 2030 τὰ
450 2003 617 2040 προκείμενα
639 2004 757 2040 ὀνόματα
779 2005 808 2030 ὲν
825 2005 884 2036 ταῖς

977 2005 990 2042 §
1007 2006 1026 2034 l.
1037 2005 1105 2033 Cum
1121 2004 1259 2041 proposita
1273 2012 1381 2040 quoque
1390 2003 1500 2032 nomina
1516 2003 1543 2030 in
1572 2001 1722 2037 Scripturis

97 2051 220 2086 Γραφαῖς
235 2049 424 2086 ὲμφαίνονται·
442 2051 538 2086 μέγας,
554 2050 592 2082 ὡς
612 2051 658 2078 τὸ·
677 2051 776 2086 Μέγας
795 2053 810 2078 ό
826 2051 884 2078 Κύ-

89 2106 161 2131 [Hoc
179 2096 272 2130 ἡμῶν,
293 2096 342 2123 καὶ
367 2096 483 2131 μεγάλη
502 2097 521 2130 ἡ
541 2097 630 2131 ἰσχὺς
646 2097 755 2124 αὑτοῦ·
778 2098 883 2133 μικρὸς,

97 2143 136 2175 ὡς
145 2144 174 2169 ἐν
184 2144 217 2178 τῇ
232 2143 312 2179 τρίτῃ
325 2143 378 2169 τῶν
388 2143 545 2176 Βασιλειῶν,
558 2143 642 2177 Φωνὴ
655 2144 748 2178 αὔρας
758 2144 883 2178 λεπτῆς,

98 2189 186 2216 κάκεῖ
201 2190 319 2223 Κύριος·
340 2190 447 2222 ταὺτὸς,
469 2190 506 2221 ὡς
529 2190 569 2222 τὸ,
588 2189 660 2224 Ἐγώ
675 2192 743 2225 εἰμι,
763 2191 812 2218 καὶ
828 2192 885 2218 οὐκ

96 2235 262 2269 ﬁlioli-mat
272 2244 278 2250 '
299 2235 391 2271 ἕτερος
403 2256 410 2268 ,
426 2237 469 2263 ὅτε
485 2236 571 2268 ἄλλως
593 2238 639 2263 καὶ
658 2237 744 2270 ἄλλως
759 2239 835 2275 παρὰ
847 2239 885 2275 τῷ

105 2281 233 2317 Ίεζεκιὴλ
247 2282 370 2316 φαίνεται
380 2291 386 2297 ⁸
401 2283 503 2318 ὅμοιος,
515 2283 559 2309 ὅτε
581 2283 642 2310 καθ’
654 2285 801 2321 ὁμοιότητι
817 2286 885 2313 ἰδίαν

96 2328 274 2362 δημιουργεῖν
294 2328 338 2355 τὸν
363 2328 506 2364 ἄνθρωπον
522 2329 646 2364 λέγεται·
667 2331 803 2366 ἀνόμοιος,
820 2333 885 2359 ὅταν

97 2372 166 2409 λέγῃ
189 2373 218 2398 ἐν
234 2372 343 2408 Ἡσαΐᾳ,
366 2374 425 2399 Τίνι
449 2373 488 2407 μὲ
523 2373 710 2408 ώμοιώσατε;
735 2375 782 2401 ἆτε
803 2376 885 2411 μηδὲν

97 2418 169 2454 ἔχων
188 2419 279 2454 ὅμοιον
290 2427 296 2433 ·
311 2418 407 2451 ἑστὼς,
426 2420 471 2445 ὅτε
494 2419 567 2454 λέγει
589 2420 656 2456 πρὸς
671 2421 804 2456 Μωῦσῆν·
821 2419 884 2448 Ὧδε

97 2464 155 2499 ἐγὼ
171 2465 272 2500 ἕστηκα
289 2465 342 2500 πρὸ
360 2465 407 2491 τοῦ
429 2474 458 2492 σε
482 2467 554 2492 ὲκεῐ-
569 2466 733 2502 καθήμενος,
755 2467 792 2499 ὡς
806 2469 820 2494 ὀ
833 2468 886 2494 Βα-

97 2513 177 2548 ροῦχ,
202 2512 264 2538 ὅταν
282 2511 358 2547 λέγῃ,
378 2511 419 2537 Σὶι
441 2512 607 2546 καθήμενος
630 2514 673 2545 εὶς
700 2513 753 2539 τὸν
777 2512 882 2539 αἰῶνα·

97 2559 146 2585 καὶ
169 2557 295 2593 ἀλλαχοῦ,
324 2558 354 2584 '0
386 2557 551 2592 καθήμενος
581 2558 631 2584 ἐπὶ
661 2557 719 2584 τῶν
746 2558 886 2593 χερουϐἳμ

95 2603 258 2639 ἑμφάνηθι·
279 2603 446 2639 κινούμενος,
467 2604 504 2635 ὡς
524 2604 565 2636 τὸ,
586 2604 692 2638 Ἐπέϐη
711 2604 761 2631 ἐπὶ
783 2611 886 2638 κερου-

97 2651 158 2684 Clu.
182 2649 290 2686 Ἐπειδὴ
306 2650 371 2684 γοῦν
383 2650 470 2676 ταῦτα
484 2651 512 2676 ὲν
528 2651 586 2682 ταῖς
602 2651 723 2686 1¹ραφαῖς
740 2652 804 2686 περὶ
817 2651 884 2677 Θεοῦ

98 2696 283 2731 εὑρίσκονται,
307 2696 356 2730 ἄγε
379 2696 410 2732 δὴ
435 2697 481 2723 καὶ
501 2696 551 2728 τὰς
573 2697 700 2729 τοιαύτας
719 2697 882 2734 θεωνυμίας,

138 2789 150 2802 ο
169 2784 238 2810 Psai.
253 2784 375 2816 exuuii.

414 2790 427 2810 ν
440 2784 611 2820 llllieg.xnx,
629 2786 671 2813 12.

97 2822 127 2848 3.
167 2826 179 2839 υ
203 2822 268 2846 Dan.
293 2828 334 2852 Ill,
352 2820 397 2847 55.

437 2826 448 2839 ν
469 2820 539 2848 Psal.
558 2829 630 2851 xvn.
647 2823 688 2850 ii.

711 2793 724 2813 ιι
743 2788 855 2816 Malach.
866 2789 942 2822 Iti,0.

937 2052 1106 2079 alierantur:
1122 2051 1243 2086 Magnus,
1257 2050 1335 2084 juxta
1355 2051 1434 2083 illud,
1455 2050 1569 2085 Magnus
1592 2050 1720 2078 Dominus

937 2103 1034 2130 noster,
1046 2102 1070 2124 et
1082 2105 1178 2132 magna
1198 2099 1282 2124 virtus
1293 2098 1351 2131 cjus
1363 2101 1388 2126 °.
1404 2096 1520 2131 Parvus,
1535 2097 1606 2124 sicut
1620 2098 1645 2124 in
1663 2101 1720 2124 ter-

937 2144 973 2172 tio
989 2145 1092 2179 Regum
1108 2154 1114 2172 :
1132 2144 1187 2171 Vox
1197 2153 1269 2171 nunc
1281 2146 1366 2172 tenuis
1376 2150 1400 2171 et
1411 2144 1446 2171 ibi
1459 2144 1587 2171 Dominus
1599 2143 1720 2177 P.1dem,

933 2190 1010 2224 juxta
1026 2191 1093 2218 illud
1110 2200 1116 2218 :
1130 2190 1186 2225 Ego
1196 2199 1255 2218 sum
1274 2196 1297 2217 et
1311 2199 1362 2217 non
1375 2195 1495 2217 πηιιιονιι.
1510 2191 1598 2223 Alius,
1612 2189 1722 2225 quando

930 2237 1018 2264 aliter
1035 2242 1116 2271 atque
1130 2238 1209 2264 aliter
1230 2242 1343 2272 apparet
1358 2237 1429 2271 apud
1443 2237 1623 2264 Ezechielem.
1640 2236 1722 2263 Simi-

936 2283 981 2315 lis,
993 2285 1102 2318 quando
1119 2283 1255 2310 hominem
1272 2284 1305 2310 ad
1317 2291 1394 2311 suam
1406 2283 1610 2311 similitudinem
1627 2290 1722 2311 creare

936 2330 1038 2356 dicitur
1051 2334 1073 2354 τ.
1089 2328 1242 2361 Dissimilis,
1257 2330 1366 2363 quando
1385 2330 1452 2356 dicit
1469 2330 1494 2356 in
1512 2329 1579 2356 lsaia
1593 2336 1598 2353 :
1613 2329 1664 2356 Cui
1680 2337 1722 2356 me

936 2375 1147 2402 assimiluslis“?
1161 2374 1196 2402 Ut
1216 2375 1261 2409 qui
1281 2375 1348 2401 nihil
1372 2375 1470 2402 habent
1494 2375 1594 2402 simile.
1625 2375 1720 2406 Stans,

936 2421 1045 2456 quando
1058 2423 1095 2448 ait
1111 2421 1146 2449 ad
1158 2421 1278 2456 Moysem
1292 2431 1297 2448 :
1312 2420 1361 2447 llic
1375 2428 1424 2455 ego
1439 2421 1515 2454 steti,
1530 2426 1674 2454 antequam
1693 2424 1722 2445 tu

936 2477 1011 2496 esses
1028 2469 1092 2495 illic.
1120 2468 1234 2500 Sedens,
1255 2467 1333 2502 juxta
1357 2466 1474 2498 Barueh,
1498 2474 1559 2493 cum
1582 2464 1722 2493 dicitzTu

936 2516 1009 2542 sedes
1027 2516 1054 2542 in
1072 2515 1259 2549 seutpiternum
1276 2515 1296 2547 ι,
1317 2518 1344 2542 et
1366 2513 1429 2541 alibi
1451 2522 1457 2539 :
1480 2513 1532 2545 Qui
1551 2513 1624 2540 sedes
1644 2518 1723 2545 super

937 2562 1071 2587 cherubim
1089 2569 1186 2595 appure
1197 2567 1220 2588 υ.
1233 2561 1332 2593 Motus,
1344 2561 1420 2594 juxta
1438 2560 1502 2587 illud
1515 2568 1520 2585 :
1535 2559 1660 2586 Ascendit
1676 2565 1723 2584 su-

935 2616 980 2641 per
1003 2609 1170 2635 cherubimv.
1186 2608 1253 2635 Cum
1279 2610 1368 2642 itaque
1385 2608 1443 2635 haec
1466 2607 1492 2633 in
1524 2607 1673 2639 Scrtpturls
1688 2606 1723 2631 de

938 2653 992 2680 Deo
1012 2655 1194 2688 reperiantur,
1208 2655 1334 2690 agedum,
1348 2655 1430 2680 etiam
1455 2652 1609 2680 istiusmodi
1629 2650 1723 2677 divina

937 2699 1059 2734 nomina,
1077 2701 1166 2735 quoad
1186 2701 1260 2735 licet,
1275 2700 1356 2738 493
1375 2700 1599 2735 contemplemur.
1616 2699 1723 2727 [)ictio-

1530 2790 1539 2808 ί
1551 2787 1668 2816 Baruch.
1679 2794 1722 2820 tu,

982 2794 992 2808 τ
1008 2789 1106 2818 Cenes.
1119 2791 1233 2827 1,26,27,
1273 2797 1284 2812 ε
1298 2791 1358 2820 lsai.
1372 2799 1444 2825 xui,
1462 2790 1488 2818 5.

138 2899 194 2935 (45)
214 2901 277 2929 Vide
302 2900 366 2928 Sch.
392 2900 421 2928 S.
451 2900 561 2929 Maxim.
589 2906 653 2930 tom.
674 2901 706 2935 ll,
730 2910 789 2937 cap.
809 2902 824 2930 9
851 2903 888 2930 De
903 2903 986 2930 divin.
1002 2904 1100 2930 nomin.
