1929 3061
245 161 298 190 925

829 163 856 191 S.
875 162 1024 192 DIONYSII
1042 163 1273 193 AREOPAGITA‘I

1819 169 1870 197 θαι

245 229 306 249 nem
323 225 414 249 autem
429 222 639 250 simulacrorum
653 229 667 249 a
683 222 831 257 gentilibus
843 223 877 250 ad
888 224 1014 250 veritater

1081 225 1195 251 καθόσον
1207 226 1274 257 ἐστὶ,
1286 225 1479 261 θεωρήσωμεν.
1489 226 1544 261 Τὴν
1552 226 1580 254 δὲ
1592 226 1663 260 λέξιν
1672 228 1728 255 τῶν
1744 230 1869 266 ἀγαλμά-

245 268 384 301 traduxit;
398 268 436 295 illi
450 270 522 296 enim
534 269 610 303 quasi
621 269 751 303 quasdam
766 274 871 297 statuas
883 270 1028 301 faciebant,

244 314 371 340 manibus
391 313 559 349 pedibusque
575 315 730 348 destitutas,
746 316 795 343 has
818 321 909 344 autem
927 317 1029 353 Ἑρμᾶς

243 367 290 386 seu
309 358 483 387 Mercuriales
503 361 684 395 appellabant,
697 363 796 397 quippe
809 363 886 394 ﬁxas,
902 365 1028 391 quoniam

242 408 382 440 quadrata:
396 412 492 439 erant;
510 407 552 434 vel
571 415 661 435 rerum
688 409 870 443 quarumdam
901 409 1005 436 indices
1020 418 1026 436 :

241 453 330 488 ὲρμῆς
345 453 417 480 enim
439 453 493 479 vim
510 453 646 480 sermonis
669 453 798 488 explicat,
815 454 913 489 quippe
936 454 1028 489 profe-

242 506 304 526 rens
319 499 345 525 id
362 499 433 534 quod
450 499 563 526 insitum
580 504 607 527 et
623 500 774 528 internum.
801 500 952 528 Faciebant
981 501 1028 528 ita-

240 551 292 578 que
316 544 374 571 illas
395 552 530 572 concavas
552 549 646 579 portas
671 545 812 578 habentes,
835 550 917 580 atque
931 546 958 572 in
975 545 1028 574 illis

239 589 384 616 simulacra
401 589 574 616 collocabant
596 589 708 617 deorum
725 598 794 624 quos
814 591 1024 623 venerabantur,

239 634 340 662 deforis
360 639 450 662 autem
467 635 527 661 illas
543 634 719 664 claudebant.
738 635 810 663 Viles
831 644 897 671 ergo
912 643 1026 671 appare-

238 679 305 706 bant
317 680 469 708 istiusmodi
492 680 630 712 Mercurii,
644 689 738 708 verum
757 681 829 708 intra
844 689 874 708 se
890 682 1024 716 ipsorum-

237 731 292 753 met
304 726 416 754 deorum
430 731 557 753 ornatum
580 726 768 754 continebant.
787 727 920 755 Similiter
936 732 963 755 et
978 728 1024 756 hic

236 773 284 804 ait,
301 773 409 799 nomina
429 772 538 807 quidem
556 772 698 807 ipsiusmet
725 772 871 800 existentis
888 781 920 800 ac
937 774 1023 801 solius

235 819 291 845 veri
310 818 367 850 Dei,
383 826 443 853 qua:
468 819 496 845 in
522 818 667 852 Scriptura
690 824 882 852 recensentur,
896 819 1023 847 videntur

234 865 342 898 quidem
360 864 472 898 indigna
486 864 556 896 Deo;
575 872 668 891 verum
684 864 829 898 explicata,
846 865 954 900 dignam
968 867 1022 894 Deo

1082 279 1135 296 των
1150 271 1178 304 ἐξ
1200 271 1331 307 Ἑλλήνων
1354 272 1400 298 ἐπὶ
1421 272 1452 298 τὸ
1469 272 1567 307 ἀληθὲς
1584 274 1756 310 μετήγαγεν·
1770 278 1868 305 ἐκεῖνοι

1081 317 1135 352 γὰρ
1150 314 1204 343 οἷόν
1215 326 1290 349 τινας
1302 318 1462 354 ἀνδριάντας
1476 319 1594 352 ἐποίουν,
1610 321 1676 356 μήτε
1691 324 1785 358 χεῖρας
1801 326 1868 360 μήτε

1081 363 1162 395 πόδας
1177 363 1286 398 ἔχοντας
1297 372 1304 378 ·
1318 363 1428 396 τούτους
1442 365 1470 391 δὲ
1493 365 1595 401 Ἑρμᾶς
1608 367 1732 400 ἐκάλουν,
1746 369 1866 405 δηλονότι

1081 410 1219 444 στερῤοὺς,
1239 410 1404 445 τετράγωνοι
1424 410 1478 446 γὰρ
1493 409 1578 447 ἦσαν·
1595 412 1611 447 ἦ
1632 414 1801 448 ἑμφατικούς
1825 426 1865 444 τι-

1079 463 1146 480 νων·
1165 455 1267 490 Ἐρμῆς
1279 455 1334 490 γὰρ
1352 456 1368 491 ὴ
1382 455 1430 482 τοῦ
1450 456 1529 491 λόγου
1544 457 1671 493 ἔμφασις,
1687 459 1724 492 ὡς
1737 469 1867 498 προφορι-

1078 500 1125 532 κὸς
1144 501 1191 527 τοῦ
1212 501 1366 528 ἐνδιαθέτου
1390 503 1437 529 καὶ
1457 503 1606 540 ἐνδοτέρου.
1632 506 1753 534 Ἑποίουν
1777 509 1866 537 τοίνυν

1077 547 1174 579 αὐτοὺς
1192 547 1332 580 διακένους
1357 548 1441 584 θύρας
1459 549 1581 584 ἔχοντας,
1600 552 1646 578 καὶ
1662 553 1763 580 ἔσωθεν
1776 555 1866 582 αὐτῶν

1077 594 1201 621 ἐτίθεσαν
1225 595 1371 630 ἀγάλματα
1398 593 1436 623 ὦν
1458 597 1582 623 ἐσέϐοντο
1615 599 1694 632 θεῶν,
1717 600 1816 633 ἔξωθεν
1837 602 1866 629 δὲ

1076 640 1221 667 ἀπέκλειον
1241 642 1305 673 τοὺς
1331 642 1442 678 Ἑρμᾶς.
1471 643 1625 677 Ἐφαίνοντο
1645 643 1691 672 οὖν
1711 647 1735 673 οι
1766 647 1866 683 Ἑρμαῖ

1076 686 1202 718 εὐτελεῖς,
1220 686 1321 713 ἔσωθεν
1345 688 1373 715 δὲ
1386 688 1449 720 τοὺς
1468 689 1521 715 τῶν
1534 689 1601 716 θεῶν
1615 691 1704 718 αὐτῶν
1725 691 1865 719 καλλωπι-

1076 732 1160 767 σμοὺς
1175 730 1256 767 εἶχον.
1276 731 1352 759 Οὕτω
1370 733 1401 769 δὴ
1426 734 1563 761 κάνταῦθά
1584 743 1650 770 φησι
1668 735 1702 762 τὰ
1731 737 1780 772 μὲν
1801 737 1867 772 περὶ

1073 777 1121 804 τοῦ
1134 778 1210 810 ὄντος
1228 779 1275 805 καὶ
1291 779 1371 814 μόνου
1383 779 1511 815 ἀληθινοῦ
1525 780 1591 807 Θεοῦ
1604 782 1633 808 ἐν
1646 783 1678 817 τῇ
1694 783 1789 818 Γραφῇ
1806 783 1865 809 ὀνό-

1076 834 1146 860 ματα
1163 825 1261 858 ἀνάξια
1275 824 1344 852 εἶναι
1366 826 1430 861 περὶ
1449 826 1517 853 Θεοῦ
1533 827 1675 863 λεγόμενα,
1691 828 1863 855 ἀναπτυσσο-

1075 880 1142 906 μενα
1156 871 1195 904 δὲ,
1211 872 1258 898 καὶ
1273 871 1356 905 ἀξίως
1376 871 1443 898 Θεοῦ
1465 873 1669 908 ἑρμηνεύονται,
1692 874 1740 900 καὶ
1761 874 1865 901 ἔσωθεν

234 912 489 946 interpretationem
522 912 636 945 habent,
665 917 692 940 et
724 913 797 939 intra
823 921 853 940 se
877 913 1014 941 simulacra

1074 918 1164 952 έχουσι
1182 917 1216 944 τὰ
1237 918 1393 953 ἀγάλματα,
1412 919 1459 945 καὶ
1488 919 1551 950 τοὺς
1578 919 1665 951 θείους
1687 919 1790 952 τύπους
1814 920 1864 955 τῆς

232 960 354 993 qna-dam
369 958 530 993 divinosque
542 959 642 993 ﬁguras
651 960 748 987 divinae
761 960 854 996 gloria:
867 961 1017 989 continent.

265 1005 280 1040 §
298 1005 329 1032 ll.
351 1005 464 1040 Magnus
481 1006 551 1033 Deus
574 1006 737 1041 appellatur,
755 1007 803 1033 sed
830 1015 883 1034 non
906 1008 1019 1036 alterius

230 1052 454 1086 comparatione,
473 1052 521 1080 sed
547 1052 697 1079 secundum
724 1053 775 1080 sibi
801 1054 939 1088 propriam
962 1063 1020 1082 ma-

229 1098 416 1133 gnitudinem;
435 1097 506 1125 sicut
533 1098 644 1128 cmlum.
662 1103 692 1125 ut
716 1099 755 1126 sic
773 1100 872 1132 dicam,
890 1108 1018 1136 magnum

230 1145 330 1172 dicitur
348 1152 400 1172 non
419 1149 545 1179 respectu
561 1144 673 1172 alteritfs
687 1145 749 1171 (τωιί
764 1145 879 1180 alicujus
894 1147 1017 1180 minoris,

227 1196 255 1218 et
280 1191 319 1218 sol
344 1191 457 1223 lucidus,
476 1199 529 1217 non
546 1191 580 1217 ad
597 1191 710 1225 aliquid,
729 1191 775 1218 sed
802 1194 952 1220 secundum
977 1201 1016 1221 se.

228 1237 320 1272 Itaque
337 1237 407 1265 Deus
424 1245 538 1271 magnus
554 1237 665 1269 dicitur,
679 1246 731 1265 non
743 1245 792 1272 per
807 1239 920 1266 alterius
936 1240 1018 1267 colla-

229 1285 340 1317 tionem,
352 1285 399 1312 sed
411 1289 521 1320 propter
532 1284 773 1318 incomparabilem
791 1290 817 1312 et
834 1293 897 1313 vere
916 1286 1017 1313 incom-

228 1332 439 1367 prehensibilem
454 1331 552 1358 divinae
562 1331 758 1366 magnitudinis
769 1333 1018 1361 excellentiam.Di-

229 1377 300 1404 citur
309 1384 374 1412 ergo
393 1384 520 1412 magnus,
535 1380 664 1410 tanquatn
684 1376 730 1410 qui
750 1384 779 1404 se
796 1378 921 1405 omnibus
939 1379 1018 1406 rebus

226 1424 333 1457 magnis
349 1423 545 1455 communicet;
558 1422 625 1449 nihil
636 1423 708 1449 enim
720 1422 747 1450 in
758 1425 838 1451 rebus
855 1425 955 1451 creatis
971 1430 1018 1452 ne-

225 1477 279 1503 que
291 1470 362 1496 mole
379 1476 466 1503 neque
483 1468 584 1495 virtute
606 1476 744 1503 magnum,
757 1470 828 1504 quod
843 1478 895 1497 non
911 1470 1018 1497 dicatur

227 1524 351 1551 magnum
360 1515 507 1542 secundum
520 1516 754 1550 participationem
767 1515 823 1549 ejus
833 1516 877 1550 qui
885 1517 956 1543 omni
966 1524 1018 1542 ma-

224 1561 359 1595 gnitudini
372 1560 588 1595 superfunditur,
602 1568 767 1595 omnemque
780 1559 868 1588 locum
883 1561 1015 1593 continet,

1071 963 1135 998 περὶ
1149 962 1217 989 Θεοῦ
1231 963 1319 998 δόξης.

1107 1008 1121 1043 §
1142 1008 1173 1035 ll.
1195 1009 1289 1043 Μέγας
1303 1009 1317 1035 ὁ
1331 1008 1397 1040 θεὸς
1413 1009 1583 1044 ὀνομάζεται,
1599 1009 1655 1036 ἀλλ’
1671 1010 1700 1036 οὺ
1717 1011 1786 1046 πρὸς
1801 1011 1864 1046 σύγ.

1070 1062 1160 1088 κρισιν
1171 1053 1275 1089 ἐτέρου,
1292 1054 1359 1081 ἀλλὰ
1370 1054 1441 1081 κατὰ
1459 1054 1489 1081 τὸ
1504 1054 1576 1086 ἰδίως
1591 1055 1673 1081 αὑτοῦ
1689 1057 1760 1090 μέγα
1770 1065 1776 1072 ·
1793 1057 1832 1089 ὡς
1848 1058 1862 1083 ὁ

1069 1100 1191 1135 οὐρανὸς,
1213 1098 1268 1127 οἷον
1291 1101 1357 1136 φέρε
1379 1102 1475 1133 είπεῖν,
1494 1101 1601 1135 λέγεται
1623 1102 1717 1137 μέγας,
1739 1103 1771 1129 οὐ
1793 1104 1862 1139 πρὸς

1069 1145 1147 1172 ἄλλον
1162 1146 1275 1182 οὐρανὸν
1295 1147 1463 1183 μικρότερον,
1483 1148 1529 1174 καὶ
1542 1149 1556 1174 ὸ
1576 1148 1651 1183 ἣλιος
1667 1149 1809 1182 φωτεινὸς,
1830 1150 1860 1176 οὐ

1070 1192 1137 1228 πρός
1150 1201 1185 1225 τι,
1200 1192 1267 1219 ἀλλὰ
1280 1193 1340 1219 καθ’
1354 1193 1444 1220 αὐτόν.
1460 1195 1489 1220 ὐ
1497 1193 1561 1228 γοῦν
1573 1194 1638 1226 Θεὸς
1651 1194 1738 1229 μέγας
1751 1194 1861 1229 λέγεται

1068 1238 1098 1276 ου
1112 1238 1179 1274 πρὸς
1192 1238 1401 1273 ἀντιπαράθεσιν
1415 1238 1519 1274 ἑτέρου,
1538 1238 1604 1266 ἀλλὰ
1619 1239 1665 1266 διὰ
1676 1240 1706 1266 τὸ
1720 1241 1861 1276 ἀπαράθε-

1068 1273 1113 1311 τον
1130 1273 1176 1311 καὶ
1187 1284 1270 1316 ὅντως
1285 1273 1473 1318 ἀκατάληπτον
1488 1285 1536 1320 τῆς
1552 1285 1626 1317 θείας
1641 1273 1861 1321 μεγαλειότητος.

1068 1330 1182 1364 Λέγεται
1194 1330 1258 1365 γοῦν
1271 1330 1367 1366 μέγας,
1383 1332 1419 1362 ὡς
1442 1331 1596 1366 μεταδιδοὺς
1611 1331 1706 1358 ἑαυτοῦ
1721 1333 1788 1359 πᾶσι
1803 1334 1860 1364 τοῖς

1070 1375 1212 1411 μεγάλοις·
1234 1376 1308 1403 οὐδὲν
1324 1376 1378 1412 γὰρ
1399 1376 1470 1412 μέγα
1492 1376 1553 1403 οὔτε
1571 1378 1645 1413 ποσῷ
1666 1378 1728 1404 οὔτε
1752 1378 1806 1414 μὴν
1825 1380 1858 1414 τῇ

1067 1421 1180 1457 δυνάμει
1196 1422 1307 1449 ἐπὶτῶν
1321 1423 1488 1458 κτισμάτων,
1510 1423 1577 1458 ὅπερ
1597 1424 1627 1450 οὐ
1644 1424 1714 1450 κατὰ
1739 1424 1858 1460 μετοχὴν

1068 1468 1172 1494 ἐκείνου
1193 1468 1300 1502 λέγεται
1322 1469 1408 1503 μέγα,
1435 1469 1631 1504 ὑπερχεομένου
1654 1470 1754 1502 παντὸς
1776 1470 1858 1506 μεγέ-

1068 1513 1140 1545 θους,
1159 1515 1206 1540 καὶ
1221 1514 1308 1540 πάντα
1329 1514 1411 1540 τόπον
1427 1515 1606 1550 περιέχοντος,
1621 1515 1667 1541 καὶ
1687 1516 1776 1542 πάντα
1796 1515 1857 1551 ἀρι-

1069 1559 1136 1594 θμὸν
1150 1559 1373 1595 ὑπερϐάλλοντος.
1391 1559 1499 1595 Ἐπειδὴ
1514 1559 1568 1595 γὰρ
1577 1560 1608 1586 τὸ
1626 1561 1696 1595 μέγα
1709 1561 1756 1588 ἐπὶ
1771 1561 1856 1588 ποσοῦ

223 1613 387 1640 omnemque
404 1614 547 1633 numerum
572 1606 693 1633 excedit.
712 1606 779 1633 Cum
797 1607 869 1633 enim
887 1614 1014 1641 magnum

1067 1605 1184 1639 λέγεται,
1199 1605 1242 1632 διὰ
1261 1605 1340 1632 τοῦτο
1354 1605 1549 1641 περιλαμϐάνει
1564 1605 1677 1640 μέγεθος
1702 1606 1785 1633 τόπον
1810 1607 1856 1633 καὶ

222 1651 257 1678 de
282 1652 437 1686 quantitate
463 1652 579 1685 dicatur,
609 1652 711 1679 idcirco
745 1651 932 1687 magnitudine
960 1656 1013 1679 tam

223 1696 310 1724 locum
335 1704 415 1731 quam
440 1705 584 1724 numerum
608 1698 835 1733 comprehendit,
865 1704 925 1731 qua!
949 1701 1013 1724 sunt

222 1744 328 1778 species
345 1744 515 1778 quantitatis,
534 1745 750 1778 magnitudinem
776 1745 886 1779 quidem
912 1753 961 1780 pro
980 1745 1010 1772 li-

223 1797 285 1823 nea,
312 1790 455 1824 superﬁcie
480 1794 506 1817 et
528 1798 642 1824 corpore
663 1798 792 1823 sumens;
817 1795 922 1825 tempus
947 1798 1012 1818 vero

222 1844 429 1870 sermonemque
451 1836 570 1863 vocalem
604 1837 686 1864 missa
713 1836 815 1864 faciens
830 1858 838 1870 ,
858 1838 922 1865 illud
949 1838 1010 1872 qui-

221 1883 293 1914 dem,
311 1883 375 1917 quia
393 1888 545 1917 temporum
563 1887 605 1910 est
621 1883 757 1915 conditor,
773 1883 845 1910 huttc
858 1891 933 1916 vero,
947 1884 1009 1918 quia

220 1929 254 1956 de
272 1929 329 1963 ipso
346 1934 424 1956 antea
442 1929 524 1956 verba
546 1929 630 1961 fecit,
658 1929 684 1956 in
701 1934 832 1964 quantum
856 1929 927 1957 Deus
945 1929 1010 1956 Ver-

220 1975 284 2002 bum
303 1975 462 2009 appellatur.
481 1974 582 2002 Locmn
606 1975 698 2009 itaque
725 1975 931 2010 comprehendit
950 1981 1010 2003 tan-

220 2028 300 2055 quam
318 2020 520 2054 incorporeum,
536 2021 752 2055 magnitudinem
768 2028 832 2048 vero
850 2028 1008 2048 numerum-

220 2074 284 2101 que,
301 2067 373 2101 quod
391 2067 436 2093 illa
453 2067 560 2100 quidem
580 2067 606 2093 in
625 2067 760 2093 inﬁnitum
776 2066 872 2099 dividi,
886 2067 930 2094 hic
944 2075 1008 2094 vero

220 2114 280 2140 sine
298 2113 413 2140 termino
430 2113 523 2147 augeri
542 2113 640 2147 p05sit.
659 2112 726 2139 Nam
745 2113 849 2140 ideirco
865 2114 945 2140 etiam
960 2114 1008 2140 ad-

219 2159 259 2185 dit
283 2168 289 2185 :
317 2157 431 2185 Omnem
461 2158 618 2185 transiliens
647 2159 819 2185 inﬁnitatem.
847 2158 1007 2186 Mirabiliter

219 2210 309 2231 autent
327 2205 413 2239 ponit,
431 2204 544 2232 Omnem
563 2205 651 2232 locum
674 2205 828 2237 continens,
848 2207 912 2240 quia
931 2205 1006 2233 locns

218 2250 349 2283 continet,
365 2258 417 2277 non
435 2251 601 2283 continetur,
621 2252 752 2278 terminus
768 2252 841 2278 enim
858 2257 900 2278 est
917 2253 1004 2279 conti-
1020 2269 1042 2296 Β

218 2298 324 2331 uentis;
363 2298 433 2325 Deus
470 2302 560 2325 autem
593 2298 737 2332 plusquam
768 2297 852 2334 494
883 2298 1005 2325 inﬁnitus

218 2342 322 2375 existit,
338 2344 400 2377 quia
419 2345 494 2378 regni
512 2344 570 2377 ejus
594 2352 647 2371 non
664 2348 707 2370 cst
731 2344 802 2371 ﬁuis.
822 2344 892 2377 Quin
922 2344 1004 2371 etiatn

217 2397 298 2423 supra
324 2397 432 2417 onmem
460 2398 601 2416 numerqu
628 2391 737 2422 existit;
762 2391 813 2418 etsi
837 2391 910 2418 enim
936 2390 1007 2418 Deus

217 2437 324 2464 dicatur
340 2445 407 2464 unus
425 2441 453 2464 et
471 2445 564 2469 unum,
581 2442 623 2464 est
641 2442 730 2464 tamen
747 2437 829 2464 etiam
847 2436 907 2471 plus
923 2445 1003 2471 quam

217 2490 318 2514 unum,
337 2483 447 2517 proprie
463 2483 536 2510 enim
554 2491 636 2510 unum
654 2484 852 2510 connexionem
874 2483 953 2510 habet
969 2485 1002 2511 ad

219 2528 317 2556 nmllos
341 2537 468 2556 ntuueros
484 2537 516 2556 ex
534 2529 593 2563 ipso
609 2530 767 2560 existentes,
786 2534 814 2555 et
839 2529 1000 2563 principium

217 2579 258 2602 est
275 2575 463 2602 multitudinis.
483 2575 580 2602 Verum
603 2576 673 2602 Deus
699 2583 782 2602 unum
805 2575 913 2608 dicitur,
937 2576 1000 2609 quia

216 2621 331 2656 simplex
347 2627 400 2653 est,
417 2627 444 2649 et
461 2621 639 2654 individuum,
654 2625 680 2649 et
697 2621 916 2656 incompositum.
931 2621 1000 2655 Quin

216 2671 244 2694 ct
261 2666 301 2694 sic
316 2667 377 2702 plus
391 2675 472 2701 quam
499 2667 601 2700 unitur,
620 2672 647 2693 et
668 2667 728 2702 plus
745 2674 826 2701 quam
844 2675 926 2693 unum
943 2672 999 2697 est;

216 2713 315 2740 dicitur
331 2714 403 2741 cnim
420 2713 452 2741 de
469 2714 527 2748 ipso
545 2722 551 2741 :
572 2713 604 2740 Et
618 2713 734 2740 scientiae
748 2712 805 2747 ejus
824 2720 876 2739 non
895 2717 932 2739 est
950 2720 999 2738 nu-

216 2768 304 2786 merus
327 2764 351 2786 ι.
380 2760 484 2787 Dicitur
507 2759 588 2787 etiam
615 2765 747 2793 magnus,

1065 1651 1190 1687 ἀριθμὸν,
1199 1651 1269 1687 ἅπερ
1280 1652 1338 1678 ἐστὶ
1351 1651 1398 1677 τοῦ
1411 1651 1488 1677 ποιοῦ
1506 1651 1574 1686 εἴδη,
1585 1651 1616 1678 τὺ
1628 1652 1676 1686 μὲν
1688 1651 1804 1687 μέγεθος
1813 1652 1856 1679 λα-

1064 1697 1119 1723 ϐὼν
1129 1698 1187 1724 ἀντὶ
1197 1698 1514 1733 γραμμῆς,,ὲπιφανείας,
1524 1698 1570 1724 καὶ
1577 1697 1709 1733 σώματος·
1723 1698 1820 1734 χρόνον
1828 1699 1856 1725 δὲ

1063 1743 1110 1769 καὶ
1124 1742 1201 1777 λόγον
1216 1743 1294 1778 ἀφεὶς
1308 1744 1354 1770 τὸν
1369 1744 1536 1780 προφορικόν
1547 1753 1553 1759 ·
1570 1743 1600 1770 τὸ
1613 1744 1672 1778 μὲν,
1686 1744 1727 1770 ὃτι
1738 1744 1855 1780 ποιητὴς

1063 1789 1174 1825 χρόνων,
1189 1789 1219 1816 τὸ
1232 1789 1270 1821 δὲ,
1285 1790 1325 1816 ὅτι
1339 1791 1403 1826 περὶ
1416 1791 1498 1817 αὐτοῦ
1518 1790 1670 1827 ἔμπροσθεν
1687 1788 1759 1822 εἷπε,
1784 1791 1856 1817 κατὰ

1061 1836 1086 1862 τί
1100 1836 1176 1870 λόγος
1190 1836 1220 1862 τὸ
1229 1836 1305 1862 Θεῖον
1319 1837 1436 1871 λέγεται.
1450 1837 1501 1864 Τὸν
1514 1837 1579 1872 γοῦν
1596 1837 1677 1864 τόπον
1690 1837 1855 1872 περιέλαϐεν

1060 1881 1097 1913 ὡς
1111 1881 1264 1916 ἀσώματον,
1277 1882 1307 1908 τὸ
1320 1882 1348 1908 δὲ
1369 1882 1482 1917 μέγεθος
1503 1883 1550 1909 καὶ
1571 1882 1615 1908 τὸν
1633 1882 1757 1917 ἀριθμὸν,
1771 1882 1811 1913 ὼς
1824 1882 1855 1908 τὸ

1062 1928 1110 1963 μὲν
1123 1928 1166 1954 ἐπ’
1181 1928 1292 1963 ἄπειρον
1306 1928 1448 1963 διαιρετὸν,
1463 1927 1510 1954 τὸν
1531 1928 1558 1954 δὲ
1574 1928 1617 1954 ἐπ’
1635 1928 1747 1962 ἄπειρον
1767 1927 1853 1960 αὐξα-

1060 1974 1179 2008 νόμενον.
1194 1974 1243 2000 Διά
1263 1974 1340 2000 τοῦτο
1359 1974 1413 2009 γὰρ
1426 1974 1472 2000 καὶ
1492 1973 1667 2009 προστίθησι’
1683 1973 1738 1999 Καὶ
1759 1974 1852 1999 πᾶσαν

1059 2020 1186 2056 ἀπειρίαν
1200 2020 1345 2047 διαϐαῖνον.
1368 2020 1530 2055 Θαυμασίως
1550 2020 1578 2046 δὲ
1596 2019 1686 2054 τίθησι
1700 2019 1740 2050 τὸ,
1757 2019 1853 2046 Πάντα

1058 2067 1139 2093 τόπον
1165 2067 1307 2102 περιέχον·
1327 2067 1341 2092 ὁ
1363 2066 1417 2102 γὰρ
1439 2066 1520 2098 τόπος
1542 2065 1679 2101 περιέχει,
1701 2065 1731 2091 οὐ
1754 2064 1851 2100 περιέ-

1058 2122 1148 2149 χεται,
1171 2113 1257 2149 πέρας
1277 2113 1331 2148 γάρ
1351 2114 1409 2139 ἐστι
1433 2113 1479 2139 τοῦ
1502 2113 1688 2148 περιέχοντος’
1704 2112 1719 2138 ὁ
1739 2111 1769 2138 δὲ
1783 2112 1851 2143 Θεὸς

1058 2159 1240 2195 ὑπεράπειρός
1266 2160 1342 2191 ἐστι,
1371 2159 1420 2194 τῆς
1451 2157 1588 2194 βασιλείας
1615 2157 1669 2192 7&9
1691 2156 1774 2183 αὑτοῦ
1799 2158 1852 2183 οὐκ

1057 2203 1113 2230 ἔστι
1156 2204 1253 2239 πέρας.
1295 2203 1373 2230 Ἀλλὰ
1410 2204 1456 2229 καὶ
1497 2202 1567 2238 ὑπὲρ
1609 2202 1698 2228 πάντα
1731 2201 1851 2237 ἀριθμόν

1057 2250 1146 2275 ἐστιν·
1176 2249 1200 2275 εἰ
1232 2248 1286 2284 γὰρ
1314 2250 1361 2275 καὶ
1383 2248 1491 2283 λέγεται
1518 2249 1532 2274 ὁ
1556 2248 1621 2279 Θεὸς
1656 2245 1696 2278 εἷς
1725 2248 1773 2273 καὶ
1801 2248 1848 2279 ἓν,

1056 2294 1112 2321 ἀλλ’
1133 2292 1180 2321 οὖν
1201 2295 1248 2321 καὶ
1271 2295 1340 2330 ὑπὲρ
1363 2296 1393 2321 τὸ
1419 2295 1448 2321 ἓν
1469 2296 1536 2320 ἐστι·
1561 2293 1663 2328 κυρίως
1686 2292 1741 2328 γὰρ
1767 2293 1799 2319 τὸ
1820 2293 1848 2319 ἒν

1057 2341 1147 2376 σχέσιν
1161 2341 1216 2376 ἔχει
1238 2341 1305 2377 πρὸς
1323 2341 1388 2373 τοὺς
1412 2341 1442 2373 ἐξ
1463 2340 1544 2367 αὺτοῦ
1566 2339 1678 2371 πολλοὺς
1700 2339 1846 2375 ἀριθμοὺς,

1056 2387 1102 2413 καὶ
1115 2387 1232 2423 πλήθους
1252 2388 1325 2414 ἐστὶν
1343 2388 1423 2424 ἀρχή.
1441 2387 1535 2422 Ὅμως
1559 2386 1666 2420 λέγεται
1684 2386 1698 2411 ὁ
1718 2385 1784 2417 Θεὸς
1808 2385 1846 2418 ἓν,

1055 2434 1148 2470 ἐπειδὴ
1163 2433 1264 2461 ἁπλοῦν
1279 2436 1348 2466 ἐστι,
1362 2434 1408 2460 καὶ
1422 2433 1534 2469 ἀμερὲς,
1550 2433 1597 2459 καὶ
1611 2431 1767 2459 ἀσύνθετον.
1788 2432 1847 2458 Ἀλ-

1055 2480 1089 2506 λὰ
1101 2481 1148 2508 καὶ
1167 2480 1252 2512 οὕτως
1273 2481 1455 2516 ὑπερήνωται,
1478 2479 1526 2506 καὶ
1543 2479 1613 2513 ὑπὲρ
1624 2486 1653 2504 το
1667 2477 1696 2504 ἓν
1711 2479 1770 2504 ἐστι
1780 2486 1786 2492 ·
1802 2477 1846 2504 λέ-

1055 2535 1131 2561 γεται
1152 2526 1206 2562 7&9
1225 2527 1288 2563 περὶ
1306 2526 1403 2553 αὑτοῦ·
1425 2526 1480 2553 Καὶ
1501 2525 1553 2559 τῆς
1576 2524 1730 2557 συνέσεως
1749 2523 1847 2550 αὐτοῦ

1054 2575 1110 2600 οὐκ
1131 2574 1217 2600 ἔστιν
1236 2572 1368 2608 ἀριθμός.
1391 2573 1506 2606 Λέγεται
1534 2573 1580 2598 καὶ
1604 2571 1688 2607 μέγας
1714 2571 1786 2597 κατά
1814 2571 1845 2596 τὸ

1054 2619 1229 2655 ὑπερπλῆρες
1241 2618 1321 2645 αὑτοῦ
1337 2619 1383 2645 καὶ
1395 2617 1631 2654 μεγαλουργὸν,ὅτι
1645 2617 1671 2642 αἱ
1685 2615 1771 2650 πηγαὶ
1787 2615 1844 2641 τῶν

1053 2666 1160 2702 δωρεῶν
1177 2665 1268 2697 αὐτοῦ,
1286 2664 1359 2700 παρὰ
1379 2664 1486 2691 πάντων
1504 2663 1692 2699 μετεχόμεναι,
1710 2661 1844 2697 ἁμείωτοί

1054 2721 1116 2738 εισι.

786 2758 935 2784 secundum
960 2756 1104 2792 plusquam
1130 2757 1323 2792 plenitudinem
1346 2765 1378 2785 ac
1404 2756 1634 2792 magniﬁcentiam
1653 2763 1743 2788 suam,
1773 2761 1843 2790 quo-

217 2807 290 2835 niam
307 2806 395 2834 fontes
412 2814 554 2834 munerum
578 2806 663 2841 ipsius
683 2806 716 2833 ab
737 2805 864 2833 omnibus
889 2804 1039 2838 participati
1057 2803 1167 2832 minime
1183 2804 1355 2832 minuuntur.

254 2894 266 2907 ι
285 2885 354 2916 Psal.
375 2895 446 2923 aut,
461 2887 486 2916 5.
