1929 3061
105 169 158 198 925

384 170 428 198 DE
444 170 570 199 DlVlNlS
586 171 782 205 NOMlNIBUS,
802 172 879 201 CAP.
900 172 945 200 1X.
965 188 998 192 —
1013 172 1184 201 PARAPllR.
1202 173 1436 204 PACHYMEILE.

1682 174 1734 202 926

141 228 156 265 ᾗ
177 228 219 256 Ill.
239 211 343 265 Μικρὸν
358 230 386 256 δὲ
410 231 490 257 πάλιν
505 231 623 266 λέγεται,
638 231 676 264 ὡς
698 232 793 259 οὐδένα
814 232 894 266 ὄγκον

985 231 998 266 §
1021 230 1064 258 ΙΙΙ.
1093 230 1209 257 Parvum
1235 239 1329 259 rursus
1350 233 1460 266 dicitur,
1483 238 1512 261 ut
1536 235 1607 268 quod
1631 232 1733 261 nullam

104 275 121 310 ἢ
136 275 272 311 διάστημα
287 275 417 310 πεφυκὼς
430 276 567 310 δέξασθαι,
582 278 638 304 ἀλλ’
653 279 722 314 ὑπὲρ
738 278 823 305 ταῦτα
839 277 891 305 ὢν·

104 321 153 347 καὶ
172 320 269 352 ἄλλως,
291 321 356 348 διότι
380 321 423 348 διὰ
447 323 555 350 πάντων
580 323 727 356 ἀκωλύτως
746 326 838 360 χωρεῖ.
859 324 896 350 Τὸ

104 365 159 400 γὰρ
180 366 294 401 σμικρὸν
316 367 535 404 άρχυειδέστερόν
552 371 611 396 ἐστι
634 370 758 397 πάντων
777 371 845 398 καθὸ
863 372 895 398 ἐκ

103 411 151 438 τοῦ
173 412 269 448 μικροῦ
290 413 358 449 πρὸς
372 413 403 440 τὸ
421 414 512 449 μεῖζον
524 415 630 447 πρόεισι
650 416 738 443 πάντα
758 416 792 443 τὰ
814 419 842 444 ὲν
861 418 894 453 τῇ

104 457 228 494 αὐξήσει,
244 459 291 485 καὶ
307 459 387 487 πάλιν
399 461 432 487 ὲκ
457 461 578 496 μείζονος
594 463 661 498 πρὸς
674 462 704 489 τὸ
722 463 818 498 μικρὸν
831 472 895 490 κατ-

104 506 172 541 αντᾷ
189 505 222 532 τὰ
243 507 271 532 ὲν
288 507 321 541 τῇ
352 506 474 542 μειώσει.
499 508 634 544 Στοιχεῖον
655 509 683 536 δέ
705 510 790 541 ἐστιν,
815 509 844 542 ἐξ
865 506 895 536 οὗ

105 551 152 577 καὶ
169 551 324 578 συνίσταταὶ
340 560 377 584 τι,
395 553 442 579 καὶ
459 554 498 585 εις
514 553 528 580 ὃ
544 554 697 581 ἀναλύεται.
717 555 753 581 Ἢ
775 554 840 589 γοῦν
852 554 895 581 διὰ

104 596 183 623 τοῦτο
205 598 403 632 στοιχειωτικόν
432 600 490 625 ἐστι
518 600 548 626 τὸ
577 600 709 635 σμικρὸν,
739 601 756 636 ἢ
785 602 826 627 ὅτι
849 601 895 628 καὶ

105 645 134 670 ὲν
158 642 198 678 τῷ
222 644 324 678 μείζονι
350 644 381 671 τὸ
399 645 496 680 μικρὸν
521 645 673 681 θεωρεῖται,
689 647 718 673 ἐν
733 646 762 673 δὲ
787 647 826 682 τῷ
850 656 894 683 μι-

105 689 164 726 κρῷ
184 689 215 716 τὸ
242 692 333 726 μεῖζον
364 690 405 718 οὗ.
433 691 476 723 Ὠς
504 692 569 726 γοῦν
597 694 626 719 ὲν
649 692 687 728 τῷ
718 694 836 729 συνθὲτῳ
861 694 894 721 τὰ

105 736 178 764 ἁπλᾶ
197 737 382 772 ὲμφαίνονται,
396 738 424 764 ὲν
437 738 464 764 δὲ
483 739 539 770 τοῖς
567 738 660 770 ἁπλοῖς
673 739 765 771 οὐκέτι
785 739 815 766 τὸ
830 739 894 766 σύνο

105 781 191 814 θετον,
206 783 252 809 καὶ
273 783 302 809 ὲν
320 784 380 815 ταῖς
396 783 540 816 συλλαϐαῖς
563 784 682 819 δηλονότι
703 785 738 811 τὰ
766 787 893 821 στοιχεῖα,

103 828 134 855 οὐ
168 829 221 864 μὴν
259 830 288 856 ὲν
315 831 372 861 τοῖς
403 830 544 865 στοιχείοις
577 831 605 856 αἱ
640 831 785 858 συλλαϐαί·
809 832 894 864 οὕτως

104 873 222 900 ἐνταῦθα
241 874 272 900 τὸ
293 874 389 909 μικρὸν
414 875 614 909 στοιχειωτικὸν
635 876 752 910 λέγεται,
769 877 809 903 ὅτι
829 877 895 904 αὐτὸ

105 919 155 954 μὲν
169 921 198 946 ὲν
210 919 249 954 τῷ
264 920 365 955 μείζονι
378 921 549 956 ἐμφαίνεται,
561 923 591 949 οὐ
615 922 667 958 μὴν
677 923 704 949 δὲ
721 924 768 950 καὶ
782 923 813 950 τὸ
827 924 892 950 ἀνά-

105 964 193 992 παλιν.
206 965 282 992 Οὖτω
301 966 407 1001 λέγεται
429 968 474 994 καὶ
487 969 533 994 ἐπὶ
552 968 618 994 Θεοῦ
641 968 671 995 τὸ
689 969 795 1004 μικρὸν,
810 969 844 995 δι’
856 966 893 996 ὧν

103 1012 209 1048 τίθησιν
222 1013 407 1040 ἀποστολικῶν
423 1015 562 1050 ῥημάτων,
575 1015 605 1048 ἐξ
625 1012 662 1042 ὧν
678 1016 709 1043 τὸ
723 1016 892 1052 ὑπεροξύπο-

106 1067 151 1093 ρον
163 1059 213 1094 τῆς
223 1058 270 1085 τοῦ
284 1059 351 1086 Θεοῦ
364 1061 410 1087 καὶ
427 1062 474 1087 ἐπὶ
486 1061 519 1088 τὰ
534 1061 666 1097 ἀσώματα
684 1063 830 1099 χωρήσεως
848 1063 893 1099 δη-

103 1104 206 1132 λοῦται.
222 1105 257 1132 Τὸ
272 1105 325 1140 γὰρ
344 1106 502 1134 διικνεῖσθαι
520 1108 566 1135 τὸν
585 1108 650 1135 Θεὸν
671 1109 735 1144 ἄχρι
753 1110 800 1136 καὶ
816 1118 892 1145 μερι-

105 1150 174 1186 σμοῦ
189 1151 277 1187 ψυχῆς
294 1153 340 1179 καὶ
357 1153 508 1189 πνεύματος
523 1155 676 1189 ἀποφαίνει,
699 1155 740 1181 ὅτι
761 1156 807 1182 καὶ
827 1156 893 1182 αὐτὸ

103 1197 134 1223 τὸ
155 1196 298 1232 ἀσώματον
318 1198 368 1233 τῆς
388 1198 476 1234 ψυχῆς
491 1200 536 1226 καὶ
554 1201 666 1232 ἑνοειδὲς
687 1201 740 1227 ὑπὸ
758 1201 804 1227 τοῦ
825 1201 892 1228 Θεοῦ

104 1242 265 1278 διαιρεῖσθαι
280 1243 400 1271 δύναται.
417 1245 462 1271 Διὸ
483 1246 530 1272 καὶ
542 1246 591 1278 τὰς
611 1246 714 1278 ἐννοίας
737 1247 751 1273 ὁ
769 1246 833 1278 Θεὸς
853 1245 893 1273 οἶ-

103 1288 158 1320 δεν,
174 1289 274 1324 μεταξὺ
285 1290 339 1326 γὰρ
355 1291 400 1317 νοῦ
415 1292 462 1318 καὶ
475 1292 594 1327 νοήσεως
610 1293 624 1318 ὁ
637 1292 702 1324 Θεὸς
718 1294 811 1328 χωρεῖ,
826 1292 893 1319 καθὸ

104 1333 211 1369 εἴρηται
219 1343 226 1350 ο
239 1336 282 1362 Σὺ
294 1336 387 1371 ἔγνως
399 1336 469 1369 τοὺς
482 1336 694 1372 διαλογισμούς
703 1347 762 1372 μου
775 1338 832 1365 ἀπὸ
841 1347 894 1373 μα-

105 1380 221 1413 κρόθεν,
239 1381 305 1408 ἀλλὰ
317 1382 364 1408 καὶ
376 1382 475 1417 μεταξὺ
489 1382 577 1418 ψυχῆς
590 1384 636 1410 καὶ
651 1384 814 1419 πνεύματος,
827 1386 857 1411 ὲν
871 1381 894 1418 ᾧ

104 1425 136 1461 δὴ
156 1426 288 1462 πνεύματι
308 1427 357 1459 τὰς
376 1428 514 1464 αἰσθήσεις
532 1430 764 1465 ὲπεστηριγμένας
786 1430 893 1466 ἔχομεν,

104 1469 138 1496 δι’
155 1467 185 1497 οὗ
198 1471 245 1497 καὶ
258 1471 397 1508 αἰσθητοῖς
541 1473 703 1509 προσϐάλλει
724 1475 771 1501 καὶ
791 1475 821 1501 τὸ
835 1475 893 1502 δια-

104 1517 228 1552 νοητικὸν
245 1518 299 1544 τῶν
318 1519 438 1553 σκέψεων
463 1519 570 1554 ἔχομεν.
591 1520 675 1547 Τοῦτο
687 1521 716 1547 δὲ
730 1521 760 1547 τὸ
776 1521 892 1556 πνεῦμα,

104 1563 228 1598 δύναμιν,
252 1565 299 1590 καὶ
316 1565 396 1591 οἱονεὶ
413 1565 542 1601 δευτέραν
560 1565 648 1601 ψυχὴν
670 1566 830 1602 αἰσθητικὴν
842 1585 849 1597 ,
869 1567 893 1592 οἱ

104 1610 172 1644 παρ’
190 1609 301 1646 Ἕλλησι
323 1610 433 1637 καλοῦσι
449 1611 534 1645 σοφοί.
559 1611 590 1638 Ἦ
605 1610 651 1638 οὖν
671 1612 812 1648 αἰσθητικὴ
826 1611 894 1647 αὕτη

103 1656 177 1691 ψυχή
193 1656 266 1683 ἐστιν
283 1657 299 1692 ἡ
321 1657 401 1692 μέχρι
425 1657 531 1692 μυελῶν
549 1658 596 1684 καὶ
619 1658 723 1692 φλεϐῶν
747 1659 793 1685 καὶ
812 1659 896 1693 ἀρτη-

105 1701 172 1737 ριῶν
193 1702 240 1729 καὶ
259 1703 369 1735 ὀστέων,
385 1703 433 1730 καὶ
455 1703 502 1729 τοῦ
521 1703 583 1730 ὅλου
600 1702 725 1738 σώματος
746 1703 894 1735 διικνοῦσα,

103 1747 138 1774 δι’
154 1744 191 1774 ὧν
201 1748 328 1775 ἁπάντων
344 1748 484 1775 διικνεῖται
502 1750 515 1776 ὁ
526 1749 592 1781 Θεὸς
603 1748 759 1781 ἀκωλύτως,
771 1750 828 1781 τοῖς
847 1749 895 1784 μὲν

104 1793 192 1825 διδοὺς
204 1794 342 1826 σύστασιν,
357 1797 413 1827 τοῖς
427 1795 455 1822 δὲ
468 1794 635 1830 ἐμϐατεύων,
646 1794 684 1826 ὡς
698 1794 830 1830 μηδεμίαν
842 1794 896 1820 κτί-

106 1847 159 1869 σιν.
174 1839 264 1874 ἁφανῆ
276 1837 345 1867 εἶναι
353 1841 467 1867 ἐνώπιον
475 1840 567 1867 αὑτοῦ.
576 1841 731 1876 Σημειωσαι
739 1842 767 1868 δὲ
777 1841 840 1876 περὶ
848 1841 894 1868 τοῦ

107 1884 271 1920 πνεύματος,
287 1886 328 1912 ὅτι
340 1886 402 1913 ἄλλο
417 1887 475 1913 ἐστὶ
487 1886 517 1912 τὸ
530 1886 672 1921 λεγόμενον
684 1886 790 1922 πνεῦμα
801 1886 895 1914 ἐνταῦ-

107 1932 152 1963 θα,
164 1932 232 1967 ὅπερ
245 1933 333 1967 φαμὲν
346 1933 392 1959 καὶ
405 1932 562 1968 αἰσθητικὴν
575 1932 674 1968 ψυχὴν,
687 1934 734 1960 καὶ
745 1933 808 1960 ἄλλο
822 1934 894 1960 ἐκεῖ-

106 1986 136 2004 νο
145 1978 175 2004 τὸ
187 1978 304 2013 πνεῦμα,
321 1979 384 2015 περὶ
395 1976 424 2006 οὗ
437 1980 451 2005 ὁ
465 1979 549 2014 μέγας
561 1978 665 2010 Παῦλός
680 1987 761 2014 φησιν
772 1988 778 1994 -
798 1980 828 2006 '0
841 1981 896 2013 ψυ-

107 2025 188 2059 χικὸς
210 2025 363 2059 ἅνθρωπος
383 2026 418 2052 οὐ
439 2025 556 2060 δέχεται
578 2025 615 2053 τὰ
640 2026 693 2052 τοῦ
715 2026 893 2061 πνεύματος.

108 2073 220 2108 Πνεῦμα
240 2073 295 2108 γὰρ
314 2074 401 2100 ἐκεῖσε
419 2073 450 2100 τὸ
470 2073 653 2109 πνευματικόν
672 2083 737 2108 φησι
763 2074 893 2109 χάρισμα,

107 2119 175 2154 ὅπερ
193 2120 225 2145 ἐκ
244 2118 290 2145 τοῦ
309 2119 381 2146 θείου
400 2119 585 2155 βαπτίσματος
605 2119 776 2155 λαμϐάνομεν
790 2121 813 2146 οἱ
834 2129 896 2147 πισ-

107 2165 159 2195 τοὶ,
185 2165 330 2201 καρτερίας
352 2165 468 2201 πνεῦμα,
488 2165 636 2200 ὑπομονῆς,
655 2165 816 2202 πραότητος,
843 2174 895 2201 μα-

108 2211 267 2246 κροθυμίας,
282 2212 420 2243 συντονίας
432 2212 471 2243 εἰς
485 2211 515 2237 τὸ
537 2211 646 2246 ἀγαθὸν,
660 2211 727 2238 καθὸ
743 2213 799 2243 τοῖς
815 2213 895 2247 ψυχι-

947 277 1045 305 molem
1064 277 1106 304 vel
1123 277 1281 305 distantiam
1298 279 1437 312 suscipere
1463 281 1558 314 possit,
1585 281 1632 308 sed
1650 287 1731 313 supra

946 323 1003 350 baac
1023 322 1136 356 existat;
1153 327 1182 350 et
1209 323 1299 356 aliter,
1325 324 1388 358 quia
1414 325 1515 360 absque
1538 326 1732 360 impedimento

945 373 1042 395 clmcta
1066 372 1199 402 penetrat.
1227 368 1345 395 Parvum
1377 369 1471 401 enim,
1496 370 1659 406 principium
1689 374 1732 398 est

945 415 1087 447 omnium;
1111 414 1238 448 quoniam
1264 416 1355 442 omnia
1379 422 1439 450 quat
1468 416 1660 444 incrementum
1682 423 1732 444 su-

946 466 1031 494 munt,
1044 467 1077 488 ex
1095 468 1176 495 parvo
1188 461 1215 487 in
1237 468 1364 495 magnum
1386 461 1515 494 evadunt,
1531 467 1558 490 et
1581 470 1687 490 rursum
1703 462 1730 490 in

945 507 1128 539 decremento,
1146 514 1180 534 ex
1198 506 1292 540 majori
1314 507 1349 533 ad
1373 507 1400 534 id
1426 508 1497 542 quod
1521 508 1609 535 minus
1625 505 1733 536 estred-

945 555 1020 579 eunt.
1056 552 1224 580 Elementnm
1243 558 1332 580 autem
1349 558 1391 581 est
1408 554 1444 584 id.
1463 560 1495 580 ex
1513 560 1566 587 quo
1583 554 1664 580 etiam
1682 554 1732 581 ali-

945 597 1011 632 quid
1025 598 1208 632 componitur,
1221 603 1248 625 et
1265 598 1290 624 in
1303 599 1374 632 quod
1393 598 1549 625 resolvitur.
1566 598 1612 625 Vel
1631 599 1732 626 idciroo

946 643 1028 678 igitur
1051 643 1131 671 etiam
1159 651 1271 678 parvum
1298 649 1340 671 est
1363 643 1539 675 elementare,
1556 643 1597 670 vel
1614 644 1676 678 quia
1703 644 1731 672 in

947 687 1039 721 majori
1062 695 1172 722 parvum
1191 688 1388 720 consideratur,
1408 696 1460 716 non
1488 693 1579 716 autem
1604 697 1730 724 magnum

946 734 972 760 in
987 741 1081 768 parvo.
1099 733 1176 761 Sicut
1193 741 1257 768 ergo
1280 735 1305 761 in
1324 734 1473 769 composito
1490 735 1624 769 simplicia
1647 743 1732 770 appa-

950 786 1020 812 renl,
1039 788 1091 807 non
1110 785 1200 808 autem
1218 781 1245 808 in
1262 781 1433 815 simplicibus
1445 782 1635 816 compositum,
1661 787 1688 808 et
1705 782 1731 808 in

947 825 1057 860 syllabis
1074 833 1100 853 v.
1119 833 1144 860 κ.
1170 826 1314 860 elementa,
1333 834 1385 854 non
1409 834 1474 854 vero
1497 827 1606 862 syllabae
1628 827 1654 854 in
1678 827 1732 854 ele-

952 872 1066 905 mentis;
1090 872 1127 898 ita
1145 872 1199 904 hic,
1223 880 1335 906 parvum
1361 873 1387 900 id
1414 873 1484 907 quod
1508 873 1671 900 elementare
1691 877 1733 900 est

946 919 1056 952 dicitur,
1074 918 1201 953 quoniam
1220 919 1306 953 ipsum
1322 919 1429 953 quidem
1446 919 1473 946 in
1499 919 1593 953 majori
1611 924 1730 954 apparet,

948 972 999 993 non
1017 969 1105 992 autent
1119 973 1135 992 e
1151 969 1254 992 contra.
1272 965 1317 993 Sic
1334 965 1434 992 dicitur
1448 966 1529 992 etiam
1548 966 1581 992 de
1599 965 1653 993 Deo
1670 973 1732 1000 par-

946 1019 1019 1042 vum,
1038 1016 1149 1045 propter
1165 1012 1236 1046 quod
1254 1012 1403 1046 apostolica
1420 1011 1503 1040 verba
1522 1012 1615 1045 refert,
1633 1012 1733 1046 quibus

947 1059 1153 1085 demonstratur
1169 1058 1299 1085 velocitas
1325 1066 1487 1094 progressus
1511 1058 1558 1086 Dei
1572 1059 1606 1086 ad
1625 1066 1667 1086 res
1688 1059 1732 1086 in-

947 1110 1105 1137 corporeas.
1121 1103 1197 1137 Quod
1211 1103 1282 1131 enim
1303 1106 1439 1140 pertingat
1466 1112 1551 1139 usque
1567 1105 1601 1132 ad
1618 1105 1733 1133 divisio-

948 1157 1007 1176 nem
1026 1149 1122 1177 anima:
1138 1154 1162 1177 et
1180 1151 1290 1184 spiritus
1307 1150 1426 1177 declarat
1447 1152 1532 1184 ipsam
1555 1159 1661 1186 quoque
1685 1151 1732 1179 in-

945 1195 1156 1228 corporeitatem
1174 1200 1199 1221 et
1218 1194 1431 1222 uniformitatem
1456 1196 1553 1223 animm
1570 1203 1584 1222 a
1611 1196 1666 1223 Deo
1688 1196 1732 1224 di-

947 1241 1001 1267 vidi
1019 1248 1111 1274 posse.
1133 1240 1210 1268 Unde
1228 1242 1298 1268 Deus
1315 1248 1422 1276 quoque
1437 1241 1613 1275 cogitationes
1631 1241 1732 1269 intelli-

949 1286 998 1320 git,
1017 1287 1144 1321 quoniam
1164 1287 1235 1314 Deus
1251 1287 1334 1314 etiam
1353 1294 1439 1321 usque
1455 1287 1488 1314 ad
1515 1287 1681 1315 intellectum
1705 1293 1733 1315 et

947 1332 1157 1359 intellectionem
1175 1333 1259 1367 ipsam
1276 1338 1419 1368 penetrat.
1449 1333 1519 1360 sicut
1545 1333 1645 1360 dictum
1670 1338 1731 1360 est:

947 1379 986 1405 Tu
1011 1379 1162 1407 intellexisti
1186 1381 1356 1415 cogitationes
1380 1388 1450 1407 meas
1479 1381 1510 1407 de
1532 1381 1649 1414 longe];
1668 1381 1733 1415 quin

945 1431 972 1453 et
990 1427 1059 1453 inter
1076 1427 1193 1454 animam
1211 1432 1238 1453 et
1254 1427 1391 1460 spirilum,
1415 1428 1443 1454 in
1461 1434 1514 1462 quo
1532 1427 1658 1454 nimirum
1680 1427 1734 1462 spi-

946 1475 998 1501 ritu
1018 1481 1114 1501 sensus
1141 1474 1272 1501 habemus
1290 1475 1445 1507 stabilitos,
1470 1482 1518 1509 per
1545 1482 1624 1509 quem
1651 1475 1733 1502 etiam

945 1519 1036 1546 anima
1053 1519 1198 1547 sensilibus
1214 1520 1340 1552 intendit,
1363 1525 1391 1546 et
1408 1520 1462 1547 vim
1481 1520 1613 1547 habemus
1635 1520 1734 1547 intelli-

946 1566 1025 1600 gendi
1040 1566 1249 1599 speculationes.
1269 1565 1347 1593 Hunc
1364 1571 1454 1593 autem
1472 1567 1596 1601 spiritum
1618 1567 1734 1601 gentiles

947 1613 1082 1647 sapientes
1108 1618 1206 1639 vocant
1231 1613 1406 1647 facultatem.
1437 1617 1464 1640 et
1484 1613 1564 1640 veluti
1587 1614 1733 1640 secundam

946 1658 1064 1684 animam
1089 1658 1245 1684 sensitivam
1263 1658 1371 1684 animm.
1390 1658 1460 1692 Ergo
1477 1659 1566 1684 anima
1596 1658 1655 1685 btet:
1671 1666 1733 1686 sen-

946 1705 1024 1731 sitiva
1038 1709 1162 1738 penetrat
1179 1711 1264 1738 usque
1280 1705 1313 1731 ad
1331 1705 1472 1737 medullas,
1488 1709 1515 1731 et
1532 1711 1627 1737 venas,
1645 1709 1672 1732 et
1688 1713 1733 1731 ar-

946 1751 1040 1782 terias,
1060 1754 1086 1777 et
1112 1757 1185 1782 ossa,
1202 1755 1230 1777 et
1255 1754 1340 1777 totum
1365 1758 1481 1784 corpus,
1509 1750 1542 1776 ad
1569 1750 1650 1786 495
1674 1758 1734 1785 qua:

945 1797 1035 1824 omnia
1060 1796 1131 1823 Deus
1161 1796 1262 1830 absque
1286 1796 1478 1830 impedimento
1503 1796 1649 1830 pertingit;
1673 1797 1734 1824 aliis

945 1843 1053 1878 quidem
1069 1847 1169 1870 statum
1186 1842 1356 1877 impertiens,
1376 1842 1438 1869 aliis
1453 1850 1517 1869 vero
1534 1851 1563 1869 se
1578 1843 1730 1876 insinuans,

946 1889 982 1915 ita
1001 1893 1031 1915 ut
1047 1888 1120 1914 nulla
1138 1892 1266 1915 creatura
1284 1888 1319 1915 sit
1334 1887 1440 1914 Occulta
1460 1888 1486 1913 in
1502 1892 1647 1922 conspectu
1665 1886 1732 1921 ejus.

945 1933 1014 1961 Nota
1032 1941 1096 1960 vero
1110 1933 1181 1960 circa
1207 1933 1333 1968 spiritum
1347 1952 1354 1964 ,
1376 1933 1459 1959 alium
1488 1940 1550 1959 esse
1577 1932 1733 1966 praedictum

945 1981 1083 2015 spiritum,
1101 1987 1181 2014 quem
1202 1980 1284 2006 etiam
1310 1980 1429 2006 animam
1457 1980 1616 2006 sensitivam
1643 1978 1735 2013 appel-

945 2027 1044 2058 lamus,
1061 2031 1089 2053 et
1105 2026 1186 2053 alium
1203 2034 1262 2054 esse
1276 2025 1351 2053 illum
1369 2025 1504 2060 spiritum,
1515 2025 1548 2052 de
1558 2033 1611 2060 quo
1621 2031 1734 2060 magnus

945 2073 1043 2101 Paulus
1062 2073 1101 2100 ait
1118 2081 1125 2100 :
1146 2071 1273 2100 Animalis
1290 2071 1366 2099 homo
1386 2080 1437 2098 non
1458 2072 1527 2105 capit
1546 2080 1576 2097 ea
1596 2079 1654 2106 qua:
1672 2075 1734 2098 sunt

946 2121 1053 2155 spiritus
1069 2125 1091 2147 π.
1110 2119 1241 2154 Spiritum
1258 2119 1329 2145 enim
1356 2118 1393 2145 ibi
1411 2122 1490 2145 vocat
1512 2118 1627 2153 gratiam
1653 2117 1733 2151 spiri-

947 2168 1038 2200 talem,
1056 2174 1137 2201 quam
1156 2166 1249 2193 ﬁdeles
1265 2165 1291 2192 in
1310 2165 1444 2199 baptismo
1466 2164 1615 2198 accipimus
1627 2184 1634 2196 ,
1653 2164 1735 2197 spiri-

948 2219 1003 2240 tum
1022 2212 1199 2245 fortitudinis,
1227 2211 1395 2238 sustinentiae
1407 2231 1414 2243 ,
1432 2210 1656 2241 mansuetudinis,
1673 2210 1732 2237 lon-

108 2258 166 2288 κοῖς
178 2257 202 2283 οἱ
214 2257 391 2292 πνευματικοὶ
405 2257 584 2293 μωραίνοντες
596 2256 745 2290 φαίνονται,
760 2256 811 2283 κᾶν
823 2257 894 2283 ἐκεῖ·

947 2259 1127 2295 ganimitatis,
1145 2258 1303 2285 intentionis
1328 2257 1362 2283 ad
1377 2256 1486 2290 bonum,
1500 2258 1578 2292 juxta
1597 2256 1668 2291 quod
1683 2257 1734 2284 viri

108 2311 148 2329 νοι
161 2311 208 2328 του
223 2302 338 2337 ἀληθοῦς
358 2302 530 2337 ἐξέρχωνται,
552 2301 643 2333 καθὼς
665 2302 711 2328 καὶ
725 2301 820 2338 πρώην
834 2301 893 2328 ἑλέυ

108 2356 202 2384 γομεν.

145 2450 158 2484 §
180 2449 222 2476 IV.
245 2450 334 2476 Πάντα
344 2449 378 2476 τὰ
391 2449 429 2484 τῷ
440 2449 499 2485 Θεῷ
510 2451 647 2485 προσεῖναι
666 2449 797 2485 λεγόμενα
810 2451 895 2487 ὑπερ-

107 2496 206 2528 ουσίως
226 2497 365 2530 λέγονται·
384 2497 444 2523 ὅθεν
464 2497 510 2523 καὶ
531 2496 627 2522 ταύτὸν
649 2497 755 2530 λέγεται
782 2497 898 2532 ὑπερθυ-

109 2544 175 2576 σίως
195 2544 235 2570 ὅτι
255 2544 298 2578 ἐφ’
316 2545 412 2570 ἑαυτοῦ
433 2545 523 2580 μένει,
544 2546 591 2571 καὶ
611 2544 680 2571 κατὰ
701 2544 734 2570 τὰ
756 2544 825 2570 αὐτὰ
850 2545 897 2571 καὶ

107 2590 238 2622 ὡσαύτως
252 2590 306 2625 ἔχει
320 2590 458 2625 ἱδρυμένον
470 2592 498 2616 ὲν
510 2592 565 2622 τοῖς
578 2590 728 2622 καλλίστοις
740 2591 838 2626 πέρασι
849 2590 898 2625 τῆς

109 2637 174 2672 περ)¹
187 2636 236 2672 τὴν
248 2636 340 2663 οὐσίαν
355 2636 519 2671 φαινομένης
540 2637 711 2672 ταύτότητος.
734 2636 780 2663 Ἐκ
801 2636 830 2663 δὲ
843 2636 898 2664 τῶν

107 2683 235 2718 περάτων
247 2683 417 2718 ἐμφαίνεται,
438 2683 479 2708 ὅτι
496 2683 554 2718 οὐχί
574 2684 632 2709 ἐστι
659 2683 708 2718 μὲν
729 2682 775 2709 νῦν
789 2683 895 2715 ταύτὸν,

107 2730 214 2763 πέφυκε
228 2729 255 2755 δέ
269 2738 333 2755 ποτε
348 2729 494 2764 ἐκχυθῆναι
510 2730 549 2760 εἰς
563 2728 709 2764 ἑτερότητα
719 2737 726 2743 ·
741 2730 828 2755 έκεῖνο
841 2728 897 2764 γὰρ

107 2773 275 2810 ἑτεροιοῦται
300 2773 427 2806 πολλάκις
455 2775 487 2800 ἐκ
506 2774 555 2809 τῆς
573 2774 744 2810 ταύτότητος,
760 2774 828 2809 ὅπερ
848 2774 897 2809 οὐχ

108 2819 214 2855 ῐδρυται
229 2821 258 2847 ὲν
271 2821 326 2852 τοῖς
347 2820 395 2855 τῆς
414 2820 574 2855 ταύτότητος
594 2821 717 2856 πέρασιν.
739 2820 767 2847 '0
785 2820 813 2847 δὲ
833 2820 897 2852 Θεὸς

151 2913 164 2932 3'
183 2908 255 2937 l‘sal.
272 2915 401 2945 cxxxvtu,
419 2909 445 2937 5.
487 2915 496 2928 ι
515 2909 523 2937 l
541 2909 603 2937 Cor.
623 2917 652 2944 II,
673 2909 715 2937 Η.

945 2307 1081 2342 spiritales
1097 2305 1252 2332 hominibus
1273 2304 1436 2332 animalibus
1462 2305 1583 2332 insanire
1598 2305 1733 2336 videntur,

945 2353 1117 2388 quantumvis
1136 2352 1242 2386 ipsimet
1261 2359 1276 2378 a
1298 2351 1411 2378 veritate
1427 2352 1573 2384 aberrent,
1595 2351 1632 2378 uti
1652 2358 1734 2386 θυρε-

945 2400 1001 2426 rius
1020 2399 1184 2426 dicebamus.

982 2444 996 2481 §
1016 2445 1060 2471 ιν.
1082 2444 1145 2472 Haec
1169 2445 1259 2472 omnia
1281 2452 1341 2479 quae
1366 2445 1420 2472 Deo
1448 2445 1538 2472 inesse
1563 2445 1636 2472 dicta
1660 2449 1734 2477 sunt,

946 2491 1246 2526 suprasubstantialiter
1261 2492 1406 2525 dicuntur;
1420 2492 1492 2518 unde
1505 2492 1589 2518 etiam
1603 2491 1629 2518 id
1647 2491 1734 2526 ipsum

948 2537 1247 2572 suprasubstantialiter
1274 2537 1385 2569 dicitur,
1410 2538 1481 2572 quod
1509 2538 1535 2565 in
1563 2538 1652 2572 seipso
1678 2546 1735 2564 ma-

950 2590 1022 2619 neat,
1039 2590 1067 2613 et
1083 2586 1230 2614 secundum
1248 2587 1343 2613 eadem
1366 2585 1515 2620 eodemque
1535 2585 1613 2612 modo
1630 2584 1735 2612 stabili-

950 2637 1032 2659 tatem
1050 2633 1150 2660 habeat
1172 2633 1197 2659 in
1217 2632 1411 2666 pulcherrimis
1427 2630 1550 2658 terminis
1572 2631 1645 2658 circa
1671 2631 1732 2658 sub-

950 2681 1078 2708 stantiam
1092 2681 1249 2716 apparentis
1271 2680 1431 2707 idenlitatis.
1447 2680 1485 2706 Ex
1503 2678 1627 2707 terminis
1644 2682 1733 2704 autem

950 2733 1070 2763 apparet,
1089 2728 1161 2764 quod
1186 2735 1239 2754 non
1267 2728 1302 2754 sit
1328 2727 1407 2754 modo
1433 2726 1541 2761 quidem
1569 2725 1660 2755 idem,
1685 2723 1735 2749 ali-

950 2773 1057 2807 quando
1070 2781 1134 2800 vero
1151 2773 1235 2807 possit
1247 2772 1273 2799 in
1291 2772 1454 2798 alteritatem
1469 2770 1585 2802 eﬂ'undi;
1602 2768 1733 2804 quoniam

951 2820 976 2847 id
1001 2819 1158 2855 frequenter
1181 2827 1214 2847 ex
1241 2818 1382 2846 identitate
1405 2817 1432 2844 in
1459 2817 1575 2844 alterum
1600 2819 1733 2842 mutatur.
