1929 3061
220 157 274 186 927

222 217 294 252 quod
320 216 346 242 in
372 214 496 242 terminis
520 213 671 241 identilatis
695 221 747 240 non
774 213 920 241 stabilitur.
940 213 1048 244 DeusA

223 265 313 286 autem
346 258 493 285 identitatis
519 259 649 285 terminos
689 258 911 292 comprehendit,
944 265 1014 292 quo-

222 306 304 334 modo
333 313 399 340 ergo
429 305 503 331 aliud
544 304 692 339 aliquando
728 304 875 332 admittere
911 305 1013 339 possit?

222 351 281 379 Non
308 352 376 378 dixit
403 355 492 377 autem
517 358 565 385 pro
589 359 664 378 more
687 350 811 385 loquendi
837 358 898 382 suo,
930 355 959 377 ιιι
985 351 1012 377 in

223 398 283 424 aliis
316 405 365 432 per
398 404 558 428 excessum,
583 401 611 422 ut
642 397 715 430 quod
741 397 852 424 excedat
884 397 1013 423 terminos

223 444 533 479 identitatis:quoniam
557 445 687 472 deﬁceret
709 446 743 472 ab
765 446 916 476 identitate,
942 450 969 472 et
986 446 1012 472 in

223 491 295 518 aliud
314 491 457 524 incideret,
470 491 492 518 si
511 491 679 518 identitatem
697 491 855 518 excederet.
874 490 948 518 Solet
965 491 1013 518 ita-

222 545 276 572 que
294 537 336 564 ltic
354 536 433 564 Pater
451 537 476 564 in
495 537 548 564 illis
570 544 713 564 excessum
733 537 886 569 nominare,
905 538 930 564 in
950 537 1012 572 qui-

223 583 275 610 bus
290 590 421 610 excessus
445 583 557 610 minime
581 583 747 610 exterminat
773 583 817 610 illa
846 591 905 618 quae
928 583 1012 610 Deum

223 629 337 661 decent;
354 629 381 656 in
397 629 497 663 quibus
513 636 578 656 vero
597 629 648 656 tale
665 630 729 664 quid
751 629 863 663 periculi
879 635 930 662 est,
947 630 1013 657 satis

221 683 281 702 esse
298 679 374 709 putat
388 682 522 702 summam
537 675 570 702 de
586 676 642 702 Deo
654 675 758 703 testari.
778 676 823 702 Est
836 676 926 710 itaque
943 675 1013 703 Deus

222 721 408 752 immutabilis.
419 726 446 748 et
462 722 610 748 secundum
620 729 726 748 omnem
737 727 838 749 motum
855 722 1010 750 immobilis.

222 768 321 794 Dicens
332 772 422 794 autem
436 768 591 802 ingenitum,
606 774 668 794 cum
695 766 787 795 multis
797 768 884 795 modis
901 767 953 795 hoc
964 774 1013 795 no-

221 821 282 839 men
293 813 450 848 accipiatur,
461 812 628 840 celebriores
643 813 700 846 ejus
710 813 950 848 interpretationes
964 821 1012 840 ex-

221 858 321 893 plicat;
345 859 444 885 dicitur
460 858 534 885 enim
552 858 700 893 ingenitum
713 878 721 890 ,
747 859 789 886 vel
805 860 876 894 quod
895 859 1010 886 necdum

221 905 353 939 genitura,
377 902 423 932 sed
441 904 605 939 gignendum
623 910 675 936 est,
692 910 721 932 ut
740 905 808 932 Sara
831 906 918 932 dixit:
935 904 1010 932 Non-
1027 901 1046 927 Β

220 951 284 977 dum
299 951 406 985 quidem
421 950 486 977 mihi
508 955 588 977 natus
608 955 648 977 est
666 957 694 983 I;
713 951 754 977 vel
770 951 842 986 quod
881 949 1008 984 imperfe-

221 1002 294 1024 ctum
303 1002 354 1029 est,
362 997 433 1023 sicut
451 998 534 1024 turris
550 997 576 1024 in
589 997 709 1024 Cltalaue
723 997 754 1029 lt;
773 998 814 1024 vel
832 998 866 1025 ab
881 998 931 1025 hoe
957 1004 1009 1024 non

219 1041 331 1074 factum,
346 1047 375 1069 ut
389 1051 396 1069 :
418 1041 518 1070 Paulus
534 1043 667 1078 apostolus
690 1052 741 1070 non
757 1044 789 1070 ab
812 1044 961 1070 hominibus
976 1049 1008 1078 c;

220 1087 263 1115 vel
286 1095 338 1115 non
356 1089 408 1116 hoc
425 1089 524 1116 factum
538 1109 546 1120 .
571 1089 642 1116 sicut
660 1098 667 1116 :
685 1088 778 1117 Justus
803 1097 856 1116 non
882 1098 952 1118 unus
975 1097 1007 1118 ex

220 1132 384 1165 duodecim;
401 1133 442 1160 vel
463 1133 488 1160 id
505 1133 578 1167 quod
598 1134 707 1167 penitus
726 1135 800 1161 nullo
822 1135 901 1162 modo
914 1140 965 1167 est,
981 1141 1010 1162 ut

219 1184 282 1212 quas
311 1177 414 1212 lingunt
436 1178 551 1213 gentiles
582 1177 700 1213 Scyllam
727 1184 754 1205 et
776 1178 956 1212 Cltirmeram,
983 1185 1010 1206 et

219 1223 328 1250 similia.
340 1223 489 1258 Speciatim
500 1224 580 1259 igitur
587 1229 615 1251 et
621 1225 755 1257 absolute,
762 1233 842 1260 supra
856 1226 912 1252 haec
918 1225 1009 1253 omnia

218 1269 366 1303 ingenitum
378 1269 404 1295 in
423 1269 477 1296 Deo
494 1270 611 1301 dicitur;
625 1278 678 1297 uno
688 1270 762 1298 enim
773 1276 801 1298 et
813 1271 897 1307 495
913 1273 1009 1299 eodem

218 1314 298 1341 modo
311 1315 446 1341 delinitur.
458 1315 515 1342 Uno
531 1316 621 1346 modo,
639 1320 752 1350 propter
763 1317 946 1343 omnimodam
967 1317 1010 1343 in-

218 1360 478 1393 eomparabilitatem
492 1361 590 1387 divina:
601 1366 714 1392 naturm.
727 1363 821 1389 eodem
839 1362 919 1388 modo
932 1369 1011 1395 ;pro-

217 1411 278 1441 pter
295 1406 551 1433 immuabilitatem.
573 1407 777 1442 Ἀφοριζόμενον
791 1415 853 1434 vero
863 1413 905 1434 est
915 1408 1011 1434 delini-

218 1457 274 1479 tum
295 1460 341 1479 seu
357 1453 583 1485 demonstratum,
607 1461 621 1479 a
640 1453 722 1480 verbo
742 1453 852 1489 ὁρίζειν,
868 1453 908 1481 vel
918 1461 1012 1481 exemo

218 1502 293 1533 ptutn
308 1502 336 1524 et
350 1503 515 1532 separatum.
537 1498 568 1525 Et
584 1499 711 1533 quoniam
730 1499 800 1526 Deus
822 1507 930 1534 semper
941 1501 1010 1527 idetn

217 1543 347 1570 eteodem
357 1544 436 1570 modo
449 1552 478 1571 se
494 1544 585 1575 habet.
597 1545 691 1571 tribuit
704 1545 847 1578 creaturis,
862 1546 926 1572 utin
937 1546 1013 1573 iden-

218 1590 294 1616 tilate
309 1595 495 1624 permaneant.
509 1590 608 1617 Eodem
626 1591 708 1617 modo
720 1591 801 1624 igitur
814 1592 917 1624 omnia,
929 1593 1012 1620 etiam

215 1645 277 1672 qnze
296 1645 347 1664 non
372 1641 435 1664 sunt
459 1637 485 1664 in
503 1637 599 1664 eadem
617 1643 728 1668 natura,
747 1638 772 1664 in
794 1637 850 1665 Deo
871 1639 1012 1672 videntur;

216 1683 348 1717 siquidem
367 1683 436 1709 Deus
452 1687 494 1709 est
511 1683 604 1710 eodem
620 1682 715 1714 modo,
733 1683 792 1709 sive
814 1683 952 1717 similiter,
970 1691 1012 1711 re-

217 1735 277 1755 I'UII
291 1727 411 1754 οιιιιιίιιιιι
426 1735 520 1754 causa.

252 1773 318 1810 §V.
348 1774 427 1801 Aliud
455 1779 546 1802 autem
585 1774 741 1809 signiﬁcare
771 1775 919 1809 putandum
949 1780 1007 1809 est;

217 1820 388 1848 constructio
400 1821 473 1847 enim
498 1821 554 1847 lucc
573 1828 620 1855 per
647 1820 832 1856 traiectionem
852 1823 886 1848 ad
910 1827 1009 1856 putan-

217 1866 282 1894 dum
301 1866 460 1894 relationem
483 1866 582 1899 habet;
599 1868 728 1902 quoniam
745 1867 816 1895 Deus
835 1867 861 1894 in
879 1867 969 1903 seipso
982 1872 1009 1895 et

216 1911 325 1947 propria
345 1913 485 1939 identilale
507 1920 681 1950 permanetis,
703 1913 874 1947 providentia
897 1921 945 1940 sua
973 1912 1007 1946 ﬁt

216 1960 308 1986 omnia
325 1958 352 1984 in
369 1958 495 1985 omnibus
512 1963 622 1993 propter
632 1959 754 1985 omnium
769 1958 895 1992 salutem,
909 1964 1007 1986 semet-

217 2004 305 2039 ipsum
331 2005 514 2031 diversimode
534 2004 692 2038 impertiens
713 2005 746 2031 ad
763 2013 858 2032 eorum
881 2005 926 2040 qui
943 2013 1012 2032 con—

216 2051 287 2077 versi
295 2055 356 2077 sunt
366 2050 575 2078 deilicationem.
587 2050 689 2078 Idcirco
696 2051 767 2077 enim
776 2051 934 2077 nmltimoda
943 2059 1010 2086 quo-

216 2105 269 2131 que
294 2097 394 2123 dicitur
416 2096 463 2123 Dei
486 2096 632 2131 sapientia;
653 2101 680 2123 et
700 2097 843 2131 ipsammet
870 2098 1006 2124 variarmn

217 2144 366 2177 ﬁgurarum
391 2143 578 2170 diversitatem
601 2143 756 2177 signiﬁcare
777 2143 925 2177 putandum
952 2149 1003 2176 est,

215 2191 287 2224 quod
298 2190 325 2216 in
337 2190 476 2224 prophetis
489 2190 558 2217 Deus
573 2190 653 2217 aliter
667 2195 749 2224 atque
763 2190 842 2217 aliter
853 2196 1002 2226 appareat;

215 2237 345 2271 quoniam
363 2237 434 2263 aliud
450 2237 513 2271 quid
530 2241 571 2263 est
595 2236 629 2263 ab
653 2245 685 2264 eo
707 2237 779 2271 quod
801 2243 923 2272 apparet,
941 2245 1002 2265 cum

217 2283 357 2316 a-qualiter
373 2283 464 2309 omnia
482 2283 537 2309 sint
563 2282 596 2310 ab
613 2283 671 2316 ipso
684 2283 800 2310 diversa.
817 2283 845 2310 Si
860 2284 932 2310 enim
952 2283 1003 2310 ali-

216 2336 270 2362 qua
285 2336 319 2355 ex
334 2328 387 2355 illis
399 2333 460 2355 erat
478 2328 584 2361 formis,
601 2334 629 2356 ut
642 2330 707 2363 quid
722 2337 773 2355 non
790 2338 840 2365 per
858 2330 929 2357 illam
953 2338 1003 2365 ap-

216 2375 339 2409 parebat.
365 2381 428 2401 cum
453 2376 563 2401 omnino
592 2380 682 2408 posset
706 2376 920 2410 comprehendi,
943 2376 1008 2403 licet

217 2427 266 2455 per
283 2419 364 2446 aliam
379 2425 460 2454 atque
471 2420 569 2446 aliam?
585 2420 815 2453 Quemadmodum
830 2421 901 2448 enim
925 2422 948 2448 si
966 2422 1007 2449 in-

216 2466 363 2493 divisibilis
379 2467 477 2494 animte
492 2467 640 2494 virtutibus
661 2468 784 2502 proprias
802 2473 896 2503 partes
909 2476 1008 2504 corpo—

218 2519 278 2538 reas
294 2512 495 2546 allingeremus,
511 2513 660 2539 secundum
686 2513 931 2541 indivisibilitatem
950 2515 1009 2548 ejus

217 2557 278 2584 illas
296 2557 446 2592 intelligere
468 2558 649 2592 deberemus,
668 2566 716 2594 per
740 2560 886 2593 quamdam
909 2568 1009 2595 auago-

217 2611 277 2637 gem
294 2608 321 2630 et
334 2603 503 2639 allegoriam,
526 2609 644 2631 utentem
670 2606 780 2639 quidem
802 2606 926 2635 dicentes
947 2615 1009 2636 esse

217 2653 311 2682 caput,
328 2649 456 2682 quoniam
474 2656 550 2676 mens
566 2654 608 2676 est
624 2651 722 2677 animae
747 2651 911 2686 prmcipuum
929 2658 1010 2689 atque

218 2697 485 2730 praestantissimum,
502 2697 574 2724 sicut
594 2703 676 2732 caput
697 2699 838 2733 corporis;
853 2701 1009 2734 opinionem

219 2748 285 2768 vero
301 2743 447 2775 cervicem,
469 2743 531 2777 quia
553 2744 625 2771 sicut
646 2745 739 2772 cervix
764 2746 852 2772 media
874 2751 916 2774 est
938 2747 1011 2774 inter

220 2795 302 2824 caput
316 2789 505 2824 reliquumque
526 2798 635 2826 corpus,
653 2792 692 2819 sic
706 2796 734 2820 et
750 2792 843 2827 opinio
867 2792 954 2821 media
969 2799 1010 2822 est

1020 2270 1042 2296 ο

295 2885 307 2898 ι
325 2878 393 2906 Gen.
412 2886 492 2907 xvm.
530 2878 544 2900 ι
561 2878 628 2907 Gen.
649 2889 662 2907 ι
681 2887 705 2908 cl
723 2889 762 2909 xl.
796 2886 806 2901 ο
827 2882 886 2910 Gal.
906 2891 924 2916 I,
943 2883 966 2909 ι.

808 153 837 180 S.
860 152 1009 180 DIONYSII
1024 151 1257 180 ΑΒΕΟΡΑΟΙΤΑΞ

1804 153 1865 181 928

1061 212 1094 239 τὰ
1109 212 1159 247 τῆς
1175 211 1338 246 ταύτότητος
1357 209 1550 246 περιλαμδάνει
1570 209 1687 246 πέρατα,
1711 211 1771 242 πῶς
1791 211 1865 245 γοῦν

1064 261 1140 297 σχοίη
1154 261 1218 288 ποτὲ
1230 261 1261 287 τὸ
1272 260 1382 296 ἓτερονς
1399 260 1455 287 Οὐκ
1468 258 1529 287 εἶπε
1548 259 1575 287 δὲ
1596 259 1666 287 κατὰ
1687 259 1719 286 τὸ
1739 259 1863 294 σύνηθες

1063 307 1136 342 αὐτῷ
1150 308 1179 333 ὲν
1192 308 1248 338 τοῖς
1267 306 1356 338 ἄλλοις
1369 306 1420 342 τὴν
1430 306 1565 342 ὑπεροχὴν
1575 306 1689 340 λέγοντι,
1703 306 1756 337 ὅτι,
1771 306 1864 341 ὑπερ-

1063 353 1132 389 έχων
1154 353 1188 380 τὰ
1202 353 1308 389 πέρατα
1329 353 1380 388 τῆς
1394 353 1574 388 ταύτότητοςε
1590 353 1708 380 ἐκκλινεῖ
1727 353 1784 388 γὰρ
1806 353 1862 388 τῆς

1061 399 1234 433 ταύτότητος,
1250 400 1296 425 καὶ
1311 401 1351 431 εις
1370 399 1465 434 ἕτερον
1487 399 1642 434 μεταπέσοι,
1659 399 1739 435 εἴπερ
1752 400 1861 435 ὑπερὲ-

1062 445 1102 478 ξει
1115 445 1164 480 τῆς
1176 445 1348 479 ταύτότητος.
1362 445 1447 472 Εἴωθε
1469 445 1534 479 γοῦν
1555 445 1570 471 ό
1586 445 1681 481 Πατὴρ
1695 446 1725 471 ὲν
1739 445 1862 477 ἐκείνοις

1062 490 1151 525 λέγειν
1165 491 1214 526 τὴν
1229 491 1375 527 ὑπεροχὴν,
1399 492 1429 518 ὲν
1447 488 1486 523 οἷς
1509 492 1526 526 ή
1544 491 1662 527 ὑπεροχὴ
1684 491 1735 517 οὐκ
1757 491 1861 526 ἀφανί-

1063 536 1104 568 ζει
1117 536 1151 563 τὰ
1164 537 1204 572 τῷ
1225 537 1284 572 Θεῷ
1304 537 1459 572 πρέποντα·
1477 538 1506 564 ὲν
1525 536 1565 569 οἷς
1601 537 1630 563 δὲ
1666 536 1787 564 τοιοῦτόν
1828 546 1858 563 τι

1063 581 1254 614 κινδυνεύεται,
1271 582 1361 609 ἱκανὸν
1373 583 1480 618 ἡγεῖται
1493 582 1542 617 τὴν
1563 582 1691 618 περιοχὴν
1710 582 1761 609 τοῦ
1782 582 1861 618 πρά-

1062 635 1165 662 γματος
1189 628 1361 663 μαρτυρῆσαι
1372 628 1420 654 ἐπὶ
1442 627 1519 654 Θεοῦ.
1544 627 1636 654 Ἔστιν
1660 625 1750 654 οὖντὸ
1776 627 1861 654 Θεῖον

1063 673 1261 708 ἀμετάϐλητον,
1279 674 1326 700 καὶ
1345 673 1416 700 κατὰ
1429 673 1518 700 πᾶσαν
1534 673 1640 708 κίνησιν
1658 673 1798 708 ἀκίνητον.
1811 673 1862 699 Εἰ-

1062 719 1120 745 πὼν
1143 719 1172 745 δὲ
1191 718 1350 753 ἀγένητον,
1370 718 1464 753 ἐπειδὴ
1484 717 1625 752 πολλαχῶς
1646 717 1814 753 λαμϐάνεται
1828 718 1862 744 ἰδ

1061 764 1208 798 ἀγένητον
1219 783 1227 795 ι
1242 763 1292 796 τὰς
1315 764 1509 799 παλιμφήμσυς
1524 764 1670 800 ἑρμηνείας
1688 763 1735 790 τοῦ
1752 763 1859 799 ὀνόμα-

1061 818 1106 841 τος
1120 809 1299 845 ἀποκαθαίρει
1308 819 1314 825 ·
1330 810 1436 844 λέγεται
1449 809 1503 845 γὰρ
1515 810 1532 846 ἢ
1547 810 1578 836 τὸ
1602 811 1684 846 μήπω
1696 810 1858 845 γενόμενον,

1062 855 1242 891 γενησόμενον
1255 855 1294 887 δὲ,
1311 855 1348 888 ὡς
1362 858 1379 891 ὴ
1394 856 1485 892 Σάρρα
1499 854 1560 883 εἶπε
1574 856 1614 888 τὺ,
1631 855 1714 882 Οὖπω
1738 855 1789 891 μέν
1812 864 1860 890 μοι

1061 901 1172 935 γέγονεν
1184 909 1191 915 '
1211 900 1227 935 ἢ
1241 900 1279 932 ὡς
1298 900 1466 932 ὰτελείωτον,
1481 899 1518 931 ὡς
1534 901 1548 926 ό
1559 901 1589 926 ἐν
1602 899 1712 935 Χαλάνῃ
1732 899 1841 934 πύργος
1851 907 1858 913 ·

1060 946 1229 982 ῆτὸώςοὺχ
1248 946 1300 973 ὑπὸ
1322 946 1408 977 τοῦδε,
1420 946 1457 978 ὡς
1479 945 1518 978 τὸ,
1539 945 1658 978 Παῦλος
1681 945 1860 977 ἀπόστολος

1060 994 1116 1019 οὑκ
1131 992 1166 1024 ἐξ
1184 991 1361 1026 ἀνθρώπων
1384 992 1400 1027 ἦ
1423 993 1460 1024 ὡς
1485 992 1514 1018 οὐ
1530 992 1599 1023 τόδε,
1620 991 1668 1023 ὡς,
1691 991 1719 1018 '0
1740 991 1860 1022 Ἰοῦστος

1060 1039 1109 1074 οὺχ
1116 1037 1156 1071 εἷς
1167 1038 1221 1065 τῶν
1229 1038 1341 1066 Editur
1352 1039 1368 1074 ἢ
1381 1039 1419 1071 ὼς
1432 1039 1543 1075 μηδαμῆ
1558 1038 1690 1074 μηδαμῶς
1703 1038 1744 1070 ὃν,
1753 1039 1792 1070 ὡς
1806 1039 1860 1065 ὅσα

1059 1084 1250 1120 τερατεύονται
1266 1084 1404 1119 Ἕλληνες,
1427 1084 1557 1116 Σκύλλαν,
1573 1084 1620 1111 καὶ
1640 1084 1792 1119 Χίμαιραν,
1809 1083 1859 1110 καὶ

1060 1131 1094 1158 τὰ
1114 1131 1204 1166 ὅμοια.
1229 1130 1330 1163 Ίδικῶς
1358 1131 1423 1165 γοῦν
1445 1131 1492 1157 καὶ
1515 1130 1655 1162 ἀπολύτως
1678 1130 1748 1164 ὑπὲρ
1769 1129 1859 1156 ταῦτα

1062 1177 1150 1204 πάντα
1167 1177 1215 1204 ἐπὶ
1237 1176 1304 1203 Θεοῦ
1331 1176 1361 1203 τὸ
1393 1176 1524 1211 ἀγένητον
1536 1185 1542 1190 ·
1569 1175 1712 1210 μονοειδῶς
1732 1174 1788 1210 γὰρ
1808 1175 1859 1200 καὶ

1060 1223 1221 1255 ταὺτοειδῶς
1241 1222 1416 1258 ἀψορίςεται·
1443 1222 1585 1257 μονοειδῶς
1604 1221 1648 1248 διὰ
1667 1221 1698 1248 τὸ
1716 1219 1858 1252 παντελῶς

1061 1269 1251 1304 ἀπαράὸλητον
1270 1269 1320 1304 τῆς
1341 1268 1416 1300 θείας
1437 1269 1561 1302 φύσεως·
1581 1267 1741 1299 ταύτοειδῶς
1762 1266 1809 1293 διὰ
1827 1267 1858 1293 τὸ

1060 1314 1247 1341 ἀναλλοίωτον.
1257 1313 1463 1349 ’Δφοριζόμενον
1481 1313 1509 1340 δὲ
1521 1314 1551 1340 τὸ
1559 1312 1744 1347 δεικνύμενον,
1753 1312 1792 1343 ὡς
1803 1312 1858 1338 ἀπὸ

1060 1360 1107 1387 τοῦ
1116 1357 1250 1395 ὁρίζειν-,ἢ
1259 1360 1288 1386 τὸ
1301 1359 1467 1396 ἐξῃρημένον
1481 1359 1526 1386 καὶ
1535 1358 1748 1394 κεχωρισμένον.
1762 1357 1818 1384 Καὶ
1827 1357 1858 1384 τὸ

1062 1406 1105 1432 ἀεὶ
1127 1405 1224 1432 ταύτὸν
1245 1406 1292 1432 καὶ
1306 1405 1436 1436 ὡσαύτως
1456 1405 1517 1440 ἔχον
1536 1405 1550 1431 ὁ
1564 1404 1640 1436 Θεὸς,
1656 1404 1784 1439 δωρεῖται
1799 1405 1858 1435 τοῖς

1062 1452 1192 1486 κτίσμασι
1205 1452 1236 1478 τὸ
1249 1453 1276 1478 ὲν
1285 1451 1427 1487 ταύτότητι
1435 1451 1581 1486 διαμένειν.
1591 1451 1701 1482 Ταὺτῶς
1710 1448 1758 1477 οὖν
1766 1451 1856 1477 ἃπαν-

1062 1507 1105 1529 τα,
1119 1498 1166 1525 καὶ
1178 1498 1212 1524 τὰ
1231 1498 1268 1534 μὴ
1284 1499 1312 1525 ὲν
1332 1498 1474 1533 ταύτότητι
1494 1497 1544 1532 τῆς
1557 1497 1673 1531 φύσεως,
1690 1497 1719 1523 ὲν
1739 1496 1779 1532 τῷ
1798 1496 1857 1531 Θεῷ

1064 1543 1203 1578 θεωρεῖται
1213 1553 1231 1587 ·⁸
1244 1545 1352 1570 πάντων
1374 1544 1429 1578 γὰρ
1449 1543 1504 1570 τῶν
1524 1543 1609 1570 ὄντων
1631 1543 1749 1576 ταύτῶς,
1772 1544 1857 1579 ἦγουν

1063 1589 1173 1624 ὁμοίως,
1186 1589 1272 1621 αἴτιος
1286 1591 1301 1616 ὁ
1314 1589 1389 1622 θεός.

1099 1785 1113 1821 §
1136 1785 1168 1812 V.
1189 1786 1226 1812 Τὸ
1237 1786 1265 1812 δὲ
1278 1786 1371 1822 ἕτερον
1392 1787 1535 1822 σημαίνειν
1550 1788 1656 1822 οἰητέον
1667 1796 1673 1802 ·
1692 1787 1753 1814 καθ’
1769 1788 1855 1824 (mep—

1061 1831 1141 1858 δατ-ὸν
1164 1832 1219 1868 γὰρ
1239 1833 1255 1867 ἡ
1278 1833 1402 1866 σύνταξις
1423 1833 1491 1868 πρὸς
1513 1833 1544 1860 τὸ
1564 1834 1668 1868 οίητέον
1688 1834 1788 1869 ἔχουσα
1805 1837 1854 1869 την

1060 1877 1196 1904 ἀπόδοσιν·
1211 1878 1251 1904 ὅτι
1265 1878 1352 1913 μένων
1366 1879 1407 1913 ἐφ’
1424 1878 1518 1905 ἑαυτοῦ
1539 1880 1585 1905 καὶ
1604 1879 1654 1914 τῆς
1670 1879 1773 1911 οἰκείας
1787 1880 1852 1906 ταύ-

1060 1922 1184 1957 τότητος,
1197 1923 1232 1950 τὰ
1247 1923 1335 1949 πάντα
1349 1925 1379 1950 ὲν
1392 1924 1458 1950 πᾶσι
1473 1924 1660 1959 προνοητικῶς
1672 1924 1716 1950 διὰ
1726 1925 1776 1960 τὴν
1789 1926 1852 1952 πάν-

1059 1976 1114 1994 των
1132 1969 1270 2004 σωτηρίαν
1296 1969 1417 2003 γίνεται,
1446 1970 1542 1996 ἑαυτὸν
1561 1970 1691 2001 ποικίλως
1717 1970 1852 2002 ἐπιδιδοὺς

1062 2013 1130 2048 ’πρὸς
1144 2013 1275 2040 ὲκθέωσιν
1295 2014 1349 2040 τῶν
1369 2014 1610 2050 ἐπεστραμμένων.
1631 2014 1681 2041 Διὰ
1705 2015 1785 2041 τοῦτο
1798 2015 1851 2051 γὰρ

1061 2059 1107 2085 καὶ
1122 2059 1289 2095 πολύτροπος
1313 2060 1388 2096 ἡτοῦ
1409 2060 1476 2086 Θεοῦ
1497 2060 1576 2095 σοφία
1594 2060 1716 2095 λέγεται·
1739 2062 1787 2088 καὶ
1803 2063 1851 2088 αὑ-

1059 2103 1109 2139 τὴν
1123 2104 1173 2140 τὴν
1186 2105 1241 2131 τῶν
1263 2105 1391 2132 ποικίλων
1413 2106 1559 2141 σχημάτων
1578 2097 1736 2140 ἑτερότητα,
1752 2106 1784 2132 τὸ
1803 2106 1850 2133 ἂλ-

1058 2149 1112 2181 λως
1124 2150 1170 2176 καὶ
1181 2149 1267 2182 ἄλλως
1282 2150 1327 2176 τὸν
1340 2151 1406 2177 Θεὸν
1419 2151 1512 2182 ἐντοῖς
1532 2152 1684 2186 προφήταις
1697 2151 1850 2185 φαίνεσθαι,

1057 2195 1136 2222 τοῦτο
1149 2196 1256 2231 οἰητέον
1269 2197 1422 2231 σημαίνειν,
1438 2196 1479 2223 ὃτι
1494 2195 1558 2222 ἄλλο
1568 2197 1594 2222 τί
1615 2197 1673 2222 ἐστι
1687 2198 1752 2232 παρ’
1765 2197 1779 2224 ὃ
1792 2199 1851 2232 φαί-

1057 2250 1142 2273 νεται,
1157 2242 1255 2276 ἐπίσης
1268 2241 1337 2277 ἔχων
1348 2242 1382 2268 τὰ
1396 2242 1484 2268 πάντα
1494 2241 1621 2278 ἀλλότρια
1633 2242 1739 2268 ἑαυτοῦ.
1754 2243 1786 2269 El
1798 2244 1850 2279 γὰρ

1057 2286 1092 2324 ἦν
1107 2288 1158 2323 τῆς
1174 2288 1204 2320 ἐξ
1227 2288 1338 2315 ἐκείνων
1354 2288 1408 2315 τῶν
1431 2288 1551 2324 μορφῶν,
1569 2288 1612 2314 ἵνα
1634 2288 1661 2314 τί
1678 2288 1715 2324 μὴ
1731 2289 1766 2315 δι’
1782 2291 1851 2316 ὲκεί-

1058 2343 1106 2369 νης
1122 2334 1248 2368 ἐφαίνετο
1264 2334 1377 2360 πάντοτε
1401 2334 1460 2365 οἵας
1484 2341 1513 2360 τε
1538 2332 1623 2368 οὔσης
1646 2333 1850 2368 καταλαμϐάνε-

1058 2379 1130 2411 σθαι,
1148 2379 1215 2406 ἀλλὰ
1230 2379 1264 2406 δι’
1281 2379 1362 2415 ἄλλης
1379 2380 1425 2406 καὶ
1442 2379 1540 2415 ἄλληςς
1564 2380 1608 2412 Ὡς
1628 2381 1682 2417 γὰρ
1708 2382 1732 2407 εἰ
1758 2390 1847 2416 περιε-

1059 2426 1212 2462 πλάττομεν
1234 2428 1266 2462 τῇ
1293 2427 1390 2462 ἁμερεῖ
1415 2427 1487 2463 ψυχῇ
1518 2429 1605 2454 οἰκεῖα
1635 2430 1695 2460 ταῖς
1719 2428 1848 2464 δυνάμεσι

1062 2472 1131 2508 μέρη
1159 2472 1342 2507 σωματοειδῆ,
1362 2472 1509 2508 ὀφείλομεν
1532 2474 1640 2506 οἰκείως
1667 2476 1700 2510 τῇ
1734 2475 1849 2511 ἀμερείᾳ

1063 2519 1132 2544 νοεῖν
1154 2517 1188 2544 τὰ
1213 2517 1355 2553 λεγόμενα,
1371 2519 1441 2545 κατά
1456 2527 1516 2546 τινα
1538 2520 1684 2557 ἀναγωγὴν
1699 2522 1748 2547 καὶ
1769 2521 1848 2555 ἀλλη-

1062 2565 1168 2598 γορίαν,
1183 2564 1232 2590 τὸν
1256 2563 1318 2591 νοῦν
1345 2566 1394 2599 μὲν
1417 2565 1541 2600 λέγοντες
1558 2566 1688 2602 κεφαλὴν,
1705 2567 1747 2594 ὅτι
1761 2568 1775 2593 ὸ
1790 2567 1848 2600 νοῦς

1062 2609 1092 2635 τὺ
1119 2611 1241 2643 κρεῖττον
1264 2609 1311 2636 καὶ
1335 2611 1577 2646 περιεκτικώτερον
1593 2612 1641 2646 τῆς
1656 2612 1756 2648 ψυχῆς,
1775 2613 1811 2644 ὡς
1832 2614 1848 2648 ἡ

1063 2656 1167 2692 κεφαλὴ
1179 2655 1225 2683 τοῦ
1238 2655 1372 2692 σώματος·
1385 2657 1434 2692 τὴν
1443 2657 1470 2683 δὲ
1481 2657 1569 2690 δόξαν,
1581 2658 1692 2693 αὐχένα,
1704 2659 1746 2685 ὃτι
1757 2659 1848 2694 ὦστπρ

1061 2704 1076 2728 ό
1091 2702 1178 2738 αὐχὴν
1189 2723 1196 2734 ,
1217 2703 1297 2738 μέσον
1313 2704 1363 2738 τῆς
1380 2704 1499 2739 κεφαλῆς
1516 2705 1563 2730 καὶ
1582 2704 1629 2730 τοῦ
1646 2704 1742 2739 ἑτέρου
1759 2703 1847 2739 σώμα-

1062 2757 1117 2780 τος,
1135 2749 1221 2782 οὓτως
1237 2750 1253 2785 ὴ
1269 2749 1332 2783 δόξα
1349 2751 1431 2785 μέσον
1452 2751 1499 2777 τοῦ
1522 2751 1567 2777 νοῦ
1589 2752 1636 2777 καὶ
1658 2751 1708 2786 τῆς
1730 2751 1845 2785 ἀλογίας,

1064 2797 1096 2822 τὰ
1113 2795 1166 2830 γὰρ
1190 2796 1240 2831 τῆς
1260 2796 1378 2830 διανοίας
1404 2798 1622 2833 συμπεράσματα
1645 2798 1750 2833 ἀλόγως
1770 2796 1844 2825 οἶδεν·
