1929 3061
74 166 128 194 929

359 169 402 196 DE
415 151 540 197 DlVlNlS
558 167 756 200 NOMINIBUS,
769 167 844 196 CAP.
865 167 909 195 IX.
929 184 964 188 —-
982 169 1151 196 PARAPIIR.
1171 169 1405 198 PACHYMERJE.

1660 169 1712 198 95.)

73 222 122 249 τὸν
137 222 166 249 δὲ
184 223 268 259 θυμὸν
285 224 442 260 στῆθος,ὄτι
459 224 505 251 καὶ
520 224 551 250 τὸ
569 224 683 259 Ουμικὸν
699 224 728 249 ὲν
747 223 787 258 τῷ
806 224 870 258 στή-

934 228 995 252 nter
1018 225 1150 252 rationem
1173 230 1200 252 et
1224 225 1500 259 irrationabililalcm,
1537 226 1712 262 ntelligentiat

74 269 117 296 θει
136 271 219 304 φασὶν
234 268 302 297 εἶναι
312 279 319 286 ο
332 270 381 306 τὴν
402 271 431 297 δὲ
444 270 591 306 ἐπιθυμίαν
604 270 734 305 γαστέρα,
752 270 812 296 ἐπεὶ
825 270 872 296 καὶ

75 317 145 350 περὶ
158 317 208 352 τὴν
224 316 343 352 γαστέρα
356 316 403 343 τοῦ
419 315 543 352 σώματος
558 316 589 342 τὸ
610 315 806 351 ἐπιθυμητικὸν
821 324 872 342 πε-

78 371 252 399 ριγραφουσι·
276 362 326 398 τὴν
341 361 369 388 δὲ
385 362 477 396 φύσιν,
493 362 574 398 σκέλη
591 362 638 389 καὶ
654 362 747 394 πόδας,
765 361 874 396 δηλοῦν-

75 417 125 440 τες
146 408 270 436 ἐντεῦθεν
291 409 323 435 τὸ
345 408 460 443 βάσιμον
480 409 528 435 καὶ
548 407 653 444 ἑδραῖον
678 408 727 444 τῆς
748 407 871 443 φύσεως·

77 455 169 491 πολλῷ
177 464 208 490 γε
220 455 318 491 μᾶλλον
325 455 371 482 ἐπὶ
378 455 446 482 Θεοῦ
452 454 499 482 τοῦ
509 455 617 482 πάντων
625 455 752 482 ἐπέκεινα
761 455 874 491 θεοπρε-

77 502 139 534 πῶς
146 502 289 538 ὀφείλομεν
296 502 487 534 ἀναπτύσσειν,
497 502 545 529 καὶ
553 501 757 537 ἀνακαθαίρειν,
766 502 813 529 καὶ
819 502 874 528 τῶν

79 548 244 584 σωματικῶν
258 547 438 575 ἀπαλλάττειν
452 547 482 574 τὸ
491 547 686 583 θεωρούμενον.
696 547 751 574 Καὶ
765 546 831 574 αὐτὸ
845 547 874 573 δὲ

77 596 110 622 τὸ
116 596 196 631 τριχῆ
204 595 355 627 διαστατὸν,
364 595 432 630 ὅπερ
440 594 486 620 ἐπὶ
501 594 555 621 τῶν
570 594 704 630 σωμάτων
717 594 789 625 ἰδίως
803 593 873 625 ἐστὶ,

78 642 111 669 τὸ
127 642 225 678 μῆκος,
241 641 272 668 τὸ
282 641 394 672 πλάτος,
413 640 460 667 καὶ
474 639 505 666 τὸ
520 639 611 674 βάθος,
630 639 654 666 εἰ
672 638 815 674 βουληθείη
833 647 875 670 τις

80 689 215 726 περιάψαι
224 688 263 724 τῷ
271 688 357 724 Θείῳ,
374 687 533 723 Θεοπρεπῶς
540 686 641 721 ὀφείλει
654 685 733 713 τοῦτο
747 686 872 721 ποιῆσαν

80 735 129 762 καὶ
150 735 245 770 νοῆσαι
261 734 309 770 μὲν
331 732 430 765 πλάτος
450 732 499 768 τὴν
519 731 700 768 ὐπερεὺρειαν
726 733 767 763 είς
787 732 876 758 πάντα

79 781 129 808 τοῦ
144 780 212 808 Θεοῦ
234 779 345 815 πρόοδον
366 779 407 810 είς
420 779 451 805 τὸ
472 779 654 813 παραγαγεῖν,
670 778 710 809 εἰς
730 777 761 804 τὸ
774 777 874 813 κυϐερ-

81 828 142 862 νᾷν,
158 827 198 858 είς
212 826 242 852 τὸ
264 826 402 861 προνοεῖν·
428 825 514 860 μῆκος
534 825 561 851 δὲ
575 824 624 860 τὴν
640 824 823 860 ὑπερέχουσαν
840 823 875 850 τὰ

82 873 175 900 πάντα
195 871 326 907 δύναμιν-
349 871 429 906 βάθος
449 871 478 898 δὲ
500 871 549 907 τὴν
564 871 748 906 ἀπερίληπτον
763 871 875 906 κρυφιό-

923 271 995 297 enim
1012 272 1143 299 terminos
1157 272 1215 299 sine
1230 271 1437 299 ratiocinatione
1451 272 1543 306 novit;
1561 273 1628 300 iram
1645 281 1714 300 vero

923 320 1029 351 pectus,
1046 317 1173 351 quoniam
1190 316 1243 344 vim
1269 316 1431 344 irascibilem
1454 318 1480 345 in
1497 323 1606 353 pectore
1629 319 1709 346 sitam

923 369 983 389 esse
1006 362 1100 396 aiunt;
1121 362 1370 397 conCupiscentiam
1394 370 1459 390 vero
1482 369 1625 396 ventrem,
1649 371 1710 390 cum

923 414 972 442 per
993 413 1115 434 ventrem
1137 415 1244 443 quoque
1273 407 1396 442 corporis
1424 408 1465 435 vis
1494 409 1710 444 eoncupiscibilir

924 454 1097 488 designetur;
1114 458 1238 481 naturam
1255 460 1320 480 vero
1335 461 1415 481 crura
1432 455 1578 489 pedesque,
1589 463 1637 490 per
1652 455 1710 483 lucc

924 499 1053 526 nimirum
1077 503 1179 526 natura:
1203 499 1383 526 constantiam
1399 500 1609 534 ﬁrmitatemque
1624 501 1710 536 signi-

924 546 1032 574 ﬁcando
1049 556 1056 573 ε
1075 546 1158 573 multo
1174 546 1261 582 magis
1277 548 1369 582 utique
1392 547 1417 573 in
1439 547 1494 573 Deo
1506 567 1513 577 .
1530 547 1610 574 rebus
1625 548 1709 574 omni-

923 593 975 620 bus
989 592 1181 624 eminentiore,
1191 599 1224 619 eo
1238 601 1291 627 quo
1307 593 1391 620 Deum
1407 593 1486 620 decet
1501 594 1580 620 modo
1596 593 1710 628 mystico

923 637 983 664 haec
996 637 1142 672 explicare,
1166 641 1194 664 et
1217 637 1242 664 id
1267 638 1338 671 quod
1363 638 1563 670 consideratur,
1586 638 1620 665 ab
1642 637 1715 665 omni

925 688 956 708 re
969 688 1099 716 corporea
1115 681 1234 708 liberare
1249 687 1276 709 et
1298 683 1458 709 abstrahere
1473 683 1614 710 debemus.
1630 682 1715 710 Porro

926 727 1058 761 triplicem
1068 727 1305 763 distantiam,qu:e
1321 729 1347 755 in
1364 729 1525 764 corporibus
1537 731 1648 764 proprie
1663 735 1714 759 est.

926 772 1064 807 longitudo
1074 778 1098 799 et
1113 773 1238 804 latitudo,
1254 778 1282 801 et
1295 773 1477 808 profunditas,
1494 775 1516 802 si
1533 775 1594 809 quis
1609 775 1663 802 Dco
1672 782 1716 802 ac-

926 818 1100 845 commodare
1110 819 1234 851 voluerit,
1243 827 1274 846 ea
1283 827 1335 854 qua
1347 819 1429 847 Deum
1440 820 1515 847 decet
1523 820 1604 856 497
1615 821 1717 848 ratione

926 862 954 889 id
964 862 1118 895 faciendum
1131 869 1182 897 est;
1192 868 1216 891 el
1227 864 1400 898 intelligenda
1411 865 1519 900 quidem
1534 866 1660 898 latitudo,
1671 874 1717 893 su-
1741 866 1746 873 '

81 927 163 954 τητα.
178 905 389 949 Ἀλλὰ-δέδοικα,
409 916 446 952 μὴ
459 905 584 951 λάθωμεν
599 905 711 948 ἑαυτοὺς
725 905 877 952 συμῲύρον-

931 915 1062 943 praquam
1087 913 1198 937 extensa
1215 909 1258 936 illa
1275 909 1322 936 Dei
1338 910 1370 936 ad
1387 918 1430 937 res
1452 918 1546 938 omnes
1563 912 1717 946 progressio

80 972 128 996 τες
149 963 184 990 τὰ
207 963 270 998 περὶ
291 962 358 989 Θεοῦ
386 962 538 997 ἀσωμάτως
572 962 732 997 ὀφειλόμενα
759 962 878 989 νοεῖσθαι

80 1011 142 1041 ταῖς
169 1009 213 1036 διὰ
235 1008 376 1044 συμϐόλων
402 1008 539 1044 αἰσθητῶν
566 1008 756 1041 ἀναπτύεεσιν.
774 1009 878 1043 Ἥγουν

81 1054 291 1090 ἀναπτύσσομεν
304 1054 335 1081 τὸ
355 1054 465 1086 πλάτος,
481 1054 498 1089 ἢ
513 1054 543 1081 τὸ
558 1055 654 1090 μῆκος,
669 1054 686 1090 ἢ
709 1054 740 1080 τὸ
754 1054 844 1090 βάθος,
860 1054 877 1090 ἢ

81 1101 192 1132 ἂλλοτι,
203 1099 359 1135 βουλόμενοι
373 1099 468 1133 ἀνάξαι
483 1099 551 1126 αὑτά
566 1099 620 1126 ἀπὸ
633 1099 687 1126 τῶν
703 1099 874 1135 σωματικῶν·

82 1147 133 1174 καὶ
147 1146 238 1177 πάλιν,
257 1146 293 1182 μὴ
309 1146 396 1178 ἄλλως
410 1145 516 1181 ἔχοντες
529 1145 619 1180 λέγειν
628 1166 636 1178 ,
652 1145 717 1180 περὶ
730 1145 764 1172 τὰ
785 1154 878 1180 σωμα-

81 1193 148 1220 τικά
170 1192 365 1228 καταντῶμεν,
387 1192 500 1228 πρόοδον
522 1191 646 1226 λέγοντες
664 1191 790 1227 δύναμιν,
811 1200 877 1228 κρυ-

83 1239 209 1274 φιότητα,
231 1239 278 1265 καὶ
291 1239 326 1265 τὰ
340 1238 469 1270 τοιαῦτα,
484 1238 502 1265 ἃ
522 1238 554 1274 δὴ
575 1239 623 1266 καὶ
643 1238 712 1265 αὺτά
734 1238 878 1274 σωματικά

84 1285 165 1316 εἰσιν,
182 1285 263 1312 είκαὶ
278 1284 433 1320 ὑψηλότερα
447 1284 502 1311 τῶν
518 1285 674 1321 προτέρωνυ
690 1285 730 1311 διὸ
745 1285 808 1320 περὶ
819 1285 877 1312 τού-

83 1339 140 1357 των
154 1331 183 1357 ὲν
205 1330 294 1362 ἀλλοις
315 1330 433 1366 εἴρηται.
460 1329 517 1356 Νῦν
536 1329 564 1356 δὲ
585 1330 733 1365 ἑτερότητα
752 1329 877 1364 λέγοντες

85 1376 133 1403 ἐπὶ
147 1375 226 1408 Θεοῦ,
244 1376 280 1411 μὴ
296 1375 524 1410 ὑποπτεύσωμεν,
539 1375 580 1402 ὅτι
595 1376 635 1407 εἰς
650 1375 742 1410 ἓτερον
756 1375 803 1402 καὶ
817 1376 877 1402 ἓτε-

88 1430 134 1457 ρον
147 1421 298 1448 ἁλλοιοῦται
311 1420 342 1447 τὸ
356 1421 443 1452 Θεῖον,
459 1420 526 1447 ἀλλὰ
541 1419 582 1451 τὸ,
600 1421 629 1446 ὲν
643 1422 676 1455 τῇ
692 1421 779 1456 οἰκείᾳ
793 1420 877 1447 ἁπλὸ-

86 1475 148 1502 τητι
170 1467 284 1502 μένοντα
302 1466 349 1493 τὸν
369 1466 446 1498 Θεὸν,
469 1466 504 1492 τὰ
524 1466 634 1492 ποικίλα
653 1467 701 1493 καὶ
721 1467 878 1494 παντοδαπά

87 1514 144 1550 εῐδη
159 1514 208 1550 τῆς
227 1514 340 1545 κτίσεως
356 1514 539 1548 παραγαγεῖν.
557 1512 742 1548 ὲμφαίνομεν*
765 1513 878 1548 πρόοδον

86 1560 141 1595 γὰρ
155 1560 229 1594 λέγει
243 1559 293 1596 τὴν
308 1559 374 1594 πρὸς
388 1559 419 1586 τὸ
434 1559 525 1586 κτίσαι
539 1559 574 1585 τὰ
591 1559 678 1586 πάντα
695 1559 780 1603 ρίονεὶ
800 1558 878 1594 κίνη-

87 1614 131 1634 σιν
144 1607 190 1633 καὶ
204 1607 302 1642 ὁρμήν.

929 961 990 981 cum
1002 954 1028 980 in
1039 955 1285 989 producendo,tum
1295 955 1320 982 in
1331 955 1515 990 gubernando,
1527 957 1617 984 tumin
1629 957 1718 993 provi-

929 1000 1032 1033 dendo;
1050 1000 1187 1036 longitudo
1201 1008 1276 1033 vero,
1292 1002 1414 1036 potentia
1430 1002 1475 1029 illa
1490 1010 1550 1037 qua:
1565 1010 1608 1030 res
1622 1010 1718 1030 omnes

927 1053 1051 1082 superat;
1069 1049 1240 1083 profunditas
1270 1058 1353 1084 vero,
1383 1059 1512 1080 arcanum
1547 1053 1612 1081 illud
1639 1053 1715 1088 quod
1756 1049 1759 1080 ἴ

929 1101 1120 1135 comprehendi
1138 1102 1241 1136 nequit.
1259 1101 1312 1130 Sed
1328 1109 1424 1129 vereor
1439 1110 1472 1129 ne
1488 1110 1538 1130 nos
1554 1103 1626 1137 ipsos
1639 1105 1717 1139 igno-

929 1154 1032 1180 remus,
1048 1154 1079 1174 ea
1094 1155 1156 1181 quae
1169 1148 1202 1175 de
1218 1147 1273 1175 Deo
1287 1148 1448 1182 incorporeo
1471 1150 1551 1176 modo
1568 1150 1716 1186 intelligere
1756 1143 1759 1175 Ϊ

929 1192 1059 1221 debemus
1094 1194 1234 1221 sensilium
1271 1195 1456 1230 synibolorum
1493 1196 1719 1231 explicationibus
1758 1190 1760 1218 ἶ

929 1239 1146 1267 commiscentes.
1173 1240 1350 1274 Explicamus
1373 1241 1456 1275 igitur
1473 1240 1659 1275 latitudinem,
1675 1243 1719 1270 vel
1760 1271 1762 1273 _

928 1285 1141 1321 longitudinem,
1165 1286 1206 1313 vel
1229 1287 1458 1322 profunditatem,
1481 1287 1522 1314 vel
1544 1288 1615 1315 aliud
1641 1289 1720 1322 quid-
1761 1294 1764 1311 ί

929 1332 1013 1366 piam,
1030 1333 1093 1359 dum
1109 1339 1124 1359 a
1148 1333 1228 1360 rebus
1253 1333 1393 1366 corporeis
1409 1333 1452 1359 illa
1472 1333 1596 1361 volumus
1612 1321 1718 1361 abstrn-
1761 1321 1764 1356 ἶ

929 1377 1012 1410 bere;
1028 1383 1055 1405 et
1079 1385 1140 1404 cum
1157 1378 1237 1405 aliter
1258 1378 1356 1406 efferre
1381 1386 1434 1406 non
1450 1380 1598 1414 possimus,
1614 1387 1719 1407 rursum

930 1423 963 1450 ad
979 1431 1108 1458 corporea
1126 1424 1256 1456 redimus.
1273 1424 1337 1451 dum
1362 1432 1518 1459 processttm
1535 1425 1652 1453 dicimus
1667 1426 1722 1452 vir-
1761 1429 1762 1432 ‘

930 1472 1027 1501 tutem,
1044 1476 1186 1502 arcanum,
1204 1474 1231 1496 et
1246 1470 1359 1503 similia,
1376 1479 1436 1504 qua:
1456 1472 1550 1505 utique
1566 1472 1647 1499 etiam
1664 1472 1722 1507 ipsa

929 1521 1059 1549 corporea
1075 1520 1150 1547 sunt,
1166 1515 1231 1542 licet
1257 1516 1396 1550 prioribus
1421 1517 1593 1544 sublimiora.
1622 1518 1721 1545 Verum

929 1559 962 1586 de
978 1559 1020 1587 his
1035 1559 1098 1587 alibi
1115 1560 1230 1586 dictum.
1247 1560 1326 1587 Modo
1349 1567 1414 1587 vero
1429 1562 1593 1589 alteritatem
1609 1563 1643 1590 de
1667 1563 1722 1590 Deo

890 1596 911 1625 θ
928 1605 1063 1637 dicentes,
1080 1613 1113 1632 ne
1128 1606 1299 1640 suspicemur
1317 1607 1400 1634 Deutn
1416 1608 1442 1634 in
1459 1607 1532 1634 aliud
1547 1614 1629 1643 atque
1645 1609 1719 1637 aliud

87 1653 262 1688 permutari,
291 1652 339 1679 sed
373 1651 400 1678 in
436 1650 546 1686 propria
581 1650 755 1685 simplicitate
785 1653 1014 1684 permanentem,
1035 1650 1158 1677 diversas
1190 1654 1218 1677 et
1253 1652 1425 1679 omnimodas
1455 1653 1559 1688 species
1591 1660 1723 1682 creaturae

88 1697 240 1732 producere
267 1696 453 1732 signiﬁcamus
475 1705 481 1723 :
505 1703 679 1730 progressum
711 1696 783 1723 enim
814 1695 882 1723 dicit
907 1695 993 1729 ipsam
1022 1695 1105 1723 veluti
1121 1697 1267 1724 motionetn
1293 1702 1318 1724 et
1337 1699 1548 1733 propensionem
1575 1700 1608 1726 ad
1632 1707 1722 1728 rerum

87 1743 209 1770 omnium
226 1744 394 1770 creationem

123 1790 137 1826 ᾖ
154 1789 196 1816 Vl.
216 1789 326 1824 Ὅμοιον
342 1789 370 1815 δὲ
385 1789 432 1815 τὸν
447 1789 512 1815 Θεὸν
528 1790 553 1816 εἰ
571 1789 620 1824 μὲν
633 1789 670 1820 ὡς
686 1788 766 1815 αὐτὸν
789 1787 876 1823 ἑαυτῷ

87 1836 146 1863 ὅλον
162 1835 196 1861 δι’
212 1835 273 1861 ὅλου
290 1835 362 1861 εἴποι
378 1843 430 1866 τις.
447 1835 498 1861 οὐκ
521 1835 685 1870 ἁτιμαοτέον
706 1834 755 1869 τὴν
779 1834 878 1860 θεωνυ-

90 1881 162 1917 μίαν.
181 1881 292 1915 Ὅμοιον
315 1880 343 1906 δέ
366 1889 418 1906 τινι
440 1880 494 1907 τῶν
516 1880 601 1906 ὅντων
619 1880 677 1912 πῶς
701 1880 732 1906 τὸ
748 1880 823 1906 Θεῖον
839 1880 879 1906 λε-

89 1926 234 1961 χθήσεται;
252 1925 312 1951 ὲπεί
328 1925 368 1951 τοί
385 1933 415 1959 γε
426 1925 442 1960 ὴ
454 1925 514 1951 θεία.
529 1925 635 1960 Γραφὴ,
653 1925 691 1956 ὡς
708 1925 750 1951 ἀεὶ
767 1925 812 1950 τὸν
828 1924 878 1951 αὺ-

88 1971 133 1998 τὸν
148 1969 334 2001 ἀναλλοιώτως
350 1969 430 2001 ὂντα,
448 1970 573 2005 ἀνόμοιον
591 1970 656 1996 πᾶσί
674 1978 767 2004 φησιν,
785 1971 814 1996 ὲν
830 1969 879 2005 τῷ,

92 2017 139 2049 Τίς
150 2015 250 2050 ὅμοιός
264 2024 313 2042 σοι
326 2015 361 2042 ἐν
377 2015 466 2048 θεοῖς,
481 2015 570 2049 Κύριε
579 2023 588 2047 ;
605 2015 652 2042 καὶ
668 2015 760 2047 πάλιν,
775 2016 834 2041 ΤΙνι
843 2023 881 2049 με

89 2060 276 2096 ὡμοιώσιιτε;
288 2061 369 2096 λέγει
382 2061 500 2095 Κύριος·
513 2061 560 2087 καὶ
571 2061 659 2088 πάλιν·
677 2060 746 2096 Ἐγὼ
761 2061 881 2095 ὁράσεις

89 2107 256 2140 ἐπλήθυνα,
267 2107 316 2134 καὶ
329 2107 364 2134 ἐν
374 2107 459 2142 χερσὶ
477 2106 536 2133 τῶν
546 2106 707 2142 προφητῶν
718 2106 879 2141 ὡμοιώθην·

89 2153 221 2184 τουτέσιν,
245 2153 273 2180 '0
289 2154 371 2185 αὐτὸς
387 2152 443 2188 ἐγὼ
453 2152 573 2188 ἐμαυτῷ,
592 2153 630 2185 ὡς
646 2153 791 2189 Εἰρηναῖος
807 2152 880 2187 λέγει

965 1784 979 1820 §
999 1783 1042 1812 Vl.
1066 1783 1188 1812 Similem
1204 1792 1269 1812 vero
1291 1785 1374 1812 Deum
1401 1786 1423 1812 si
1448 1786 1508 1820 quis
1529 1786 1642 1820 dixerit,
1663 1792 1723 1815 tan-

929 1839 1009 1865 quam
1038 1831 1088 1858 sibi
1115 1835 1201 1858 totum
1219 1838 1268 1865 per
1284 1835 1370 1858 totum
1395 1832 1577 1865 conl‘omnem,
1602 1832 1655 1860 tale
1674 1841 1724 1860 no-

931 1884 992 1904 men
1005 1876 1053 1904 Dei
1068 1876 1179 1904 minime
1194 1877 1396 1911 aspernandum
1415 1882 1467 1904 est.
1491 1878 1633 1911 Quomodo
1657 1886 1723 1906 vero

931 1923 1004 1951 Deus
1024 1923 1105 1950 alicui
1121 1923 1158 1949 rei
1176 1923 1273 1950 similis
1290 1924 1341 1950 dici
1361 1922 1470 1957 possit?
1488 1923 1618 1957 quoniam
1632 1924 1722 1951 divina

935 1969 1093 2004 Scriptura,
1121 1974 1250 2004 tanqttam
1273 1961 1381 2003 semper
1406 1969 1533 1996 eumdem
1556 1969 1615 1996 sine
1639 1976 1725 1997 muta-

933 2016 1018 2047 tione,
1033 2014 1160 2042 omnibus
1184 2014 1343 2042 dissimilem
1367 2015 1445 2047 dicit,
1468 2020 1498 2041 ut
1520 2015 1546 2042 in
1568 2015 1636 2042 illo:
1657 2016 1723 2049 Qui:

932 2061 1027 2088 similis
1049 2060 1096 2087 tibi
1114 2061 1141 2087 in
1157 2061 1219 2093 aliis,
1233 2059 1363 2087 Domine?
1379 2059 1392 2079 ἀ
1409 2068 1441 2088 ac
1464 2061 1561 2088 ilerutn
1583 2070 1589 2088 :
1615 2062 1662 2088 Cui
1683 2070 1724 2088 me

931 2107 1120 2134 asaimilastis?
1143 2107 1227 2140 inquit
1256 2106 1385 2133 Dominus
1405 2112 1435 2139 θ,
1459 2111 1487 2133 ct
1515 2114 1609 2134 rursus
1635 2115 1643 2135 :
1667 2106 1725 2142 Ego

931 2153 1044 2180 visiones
1060 2152 1242 2186 nmitiplicavi,
1257 2157 1280 2178 et
1293 2152 1319 2178 in
1336 2153 1457 2179 manibus
1470 2153 1656 2186 prophetarum
1680 2162 1725 2180 as-

90 2200 119 2225 ὲν
134 2201 190 2230 τοῖς
200 2199 281 2226 Κατὰ
294 2199 445 2233 αἱρέσεως.
457 2199 534 2225 Οὕτω
541 2199 580 2231 δὲ,
589 2199 627 2231 ὡς
642 2199 692 2225 οὐκ
707 2199 781 2226 ἔστιν
792 2200 877 2234 ὅμοιος

936 2200 1067 2227 similalus
1082 2199 1122 2233 fui
1138 2198 1165 2231 r;
1191 2199 1217 2225 id
1232 2202 1285 2231 est,
1303 2198 1373 2225 idem
1390 2206 1440 2233 ego
1455 2199 1522 2225 mihi
1537 2199 1601 2233 ipsi,
1626 2204 1654 2226 ut
1669 2199 1725 2226 lre-

89 2244 186 2277 οὐδενὶ,
212 2244 340 2280 δωρεῖται
355 2244 404 2280 τὴν
426 2245 573 2280 ὁμοιότητα
589 2246 645 2277 τοῖς
661 2245 704 2271 ἐπ’
722 2246 802 2272 αὑτὸν
818 2247 874 2272 ἑπι-

91 2289 292 2325 στρεφομένοις.
320 2289 399 2321 Πῶς;
416 2289 495 2316 Κατὰ
520 2290 636 2325 μίμησιν
651 2290 700 2325 τὴν
716 2290 787 2317 κατὰ
802 2290 880 2317 δύνα-

93 2342 138 2369 μιν
160 2334 214 2360 τῶν
239 2334 319 2361 θείων
341 2335 453 2362 ἐκείνων
476 2330 617 2370 καιύπὲρ
641 2335 728 2362 πάντα
753 2336 815 2371 ὅρον
835 2337 882 2362 καὶ

91 2380 168 2415 λόγον
184 2381 371 2416 ὑπαρχόντων,
388 2380 458 2408 κατά
474 2381 514 2414 τὸ,
532 2382 660 2409 Γίνεσθε
681 2381 806 2415 τέλειοι,
823 2384 880 2413 καὶ,

91 2428 218 2454 Γίνεσθε
231 2428 414 2462 οίκτίρμονες
425 2429 465 2461 ὼς
476 2430 492 2455 ό
499 2427 600 2462 Πατὴρ
608 2428 691 2463 ὑμῶν
703 2430 719 2455 ὀ
732 2428 878 2463 obprier-

93 2473 164 2508 ἅπερ
179 2473 226 2499 ὲπί
241 2473 308 2500 Θεοῦ
326 2474 374 2509 μὲν
400 2475 503 2510 κυρίως
527 2475 574 2502 καὶ
600 2475 670 2510 ὑπὲρ
693 2475 781 2501 πάντα
803 2475 881 2509 λόγον

93 2519 139 2545 κει)⁵
154 2518 226 2554 ὅρον·
244 2519 304 2546 οὐδὲ
319 2519 374 2555 γὰρ
399 2521 475 2546 τόσον
491 2521 508 2556 ἢ
524 2521 601 2547 τόσον
624 2521 698 2547 ἐστὶν
723 2521 766 2548 ἐπ’
783 2521 880 2556 ἐκείνῳ

91 2565 123 2591 τὸ
137 2565 277 2600 οίκτίρμον
294 2564 310 2599 ἢ
326 2565 356 2591 τὸ
371 2565 482 2597 τέλειον,
500 2566 556 2592 ἀλλ’
573 2566 771 2603 ἀπεριόριστον·
789 2568 836 2594 ἐπὶ
851 2568 879 2594 δὲ

92 2610 146 2637 τῶν
161 2610 317 2645 κτισμάτων
340 2611 412 2637 κατά
435 2611 484 2647 τὴν
507 2613 622 2639 ἑκάστου
640 2613 755 2649 σπουδὴν
772 2615 818 2640 καὶ
834 2613 878 2640 δύ-

93 2666 184 2692 ναμιν.
202 2657 242 2684 Τὰ
258 2657 322 2691 γοῦν
340 2658 519 2693 παραγόμενα
537 2659 631 2694 ῥητέον
647 2660 728 2695 ὃμοια
744 2660 813 2695 Θεῷ,
831 2660 880 2686 αἰλ-

93 2705 148 2736 τοῖς
164 2704 192 2731 δὲ
208 2704 254 2731 τὸν
269 2704 335 2731 Θεὸν
351 2704 442 2740 ὅμοιον
455 2705 485 2731 οὺ
504 2706 609 2740 ῥητέον,
617 2706 658 2732 ὅτι
674 2706 734 2733 οὐδὲ
749 2707 764 2732 ὁ
780 2706 883 2742 ἀνορω-

93 2759 144 2783 sto;
159 2752 250 2788 ὅμοιος
316 2752 400 2779 εἰκόνι
417 2751 510 2784 αὐτοῦ,
523 2753 539 2788 ὴ
550 2753 578 2779 δὲ
595 2752 677 2780 εἰκὼν
693 2753 774 2788 ὁμοία
789 2753 827 2788 τῷ
838 2753 884 2779 ἀν-

95 2796 204 2833 Θρὼτλρ.
229 2797 290 2824 Ἐπὶ
306 2797 360 2833 γὰρ
375 2798 429 2824 τῶν
445 2798 587 2832 ὁμοταγῶν
604 2800 652 2824 καὶ
667 2798 811 2834 ὁμοφύλων
834 2798 885 2825 Πέ-

932 2252 1007 2272 naeus
1031 2244 1097 2271 dicit
1123 2243 1149 2270 in
1175 2243 1252 2270 libris
1279 2242 1377 2270 Contra
1396 2244 1519 2271 Itwreses.
1544 2245 1611 2272 Cum
1634 2250 1724 2272 autem

934 2299 987 2318 non
1005 2290 1042 2317 sit
1063 2289 1162 2317 similis
1186 2289 1242 2320 ulli,
1256 2289 1462 2316 similitudinem
1482 2290 1516 2316 ad
1539 2297 1569 2316 se
1585 2291 1726 2318 conversis

933 2337 1076 2371 elargitur.
1107 2335 1271 2368 Quomodo?
1294 2335 1450 2363 Secundum
1488 2336 1670 2364 imitationem
1698 2341 1726 2364 ct

934 2383 1063 2410 virtutem
1092 2382 1207 2409 istarum
1232 2389 1323 2409 rerum
1339 2382 1492 2408 divinarum
1509 2389 1569 2416 quae
1588 2383 1725 2410 rationem

933 2436 1042 2457 omnem
1060 2428 1261 2459 terminumque
1276 2427 1511 2460 cxcedunt,juxta
1526 2427 1592 2454 illud
1609 2436 1616 2454 :
1634 2427 1726 2454 Estole

932 2475 1039 2509 perfecti
1055 2475 1087 2507 ll3;
1107 2478 1134 2500 et
1153 2484 1158 2500 :
1176 2472 1266 2499 Esiote
1280 2473 1461 2499 misericordes
1483 2473 1550 2500 sicut
1576 2473 1659 2500 Pater
1683 2480 1726 2499 ve-

929 2521 1099 2551 stercwlestis
1119 2520 1144 2546 ιι.
1167 2519 1233 2552 Quae
1254 2519 1280 2546 in
1305 2520 1362 2546 Deo
1384 2519 1492 2553 quidem
1508 2520 1618 2555 proprie
1636 2524 1663 2546 et
1683 2527 1726 2546 su-

942 2574 990 2600 pra
1011 2574 1119 2593 omnem
1145 2566 1290 2592 terminum
1306 2570 1333 2591 et
1347 2566 1496 2597 rationein;
1515 2574 1567 2593 non
1581 2566 1651 2592 enim
1668 2571 1723 2592 latt-

933 2619 990 2641 tum
1004 2613 1047 2640 vel
1069 2618 1171 2640 tantum
1193 2613 1219 2639 in
1244 2612 1290 2639 illo
1303 2617 1345 2640 est
1366 2613 1553 2640 misericordia
1565 2613 1608 2639 vel
1638 2611 1729 2647 peric-

934 2661 998 2693 ctio,
1009 2659 1056 2686 sed
1078 2659 1200 2692 inﬁnita;
1222 2659 1248 2686 in
1271 2659 1407 2686 creaturis
1431 2666 1497 2686 vero
1519 2667 1568 2694 pro
1593 2658 1727 2693 cujusque

938 2705 1028 2732 studio
1043 2708 1071 2731 et
1090 2705 1231 2733 facultate.
1248 2704 1311 2732 Hzcc
1329 2705 1422 2739 itaque
1438 2713 1498 2740 quae
1521 2705 1635 2732 adducta
1650 2707 1727 2736 sunt,

937 2751 1051 2779 dicenda
1075 2756 1138 2778 sunt
1166 2751 1222 2779 Deo
1250 2752 1363 2783 similia,
1382 2759 1435 2779 non
1461 2756 1550 2778 autetn
1579 2751 1611 2778 iis
1631 2750 1729 2778 similis

937 2797 1070 2825 dicendus
1091 2802 1133 2825 est
1162 2798 1250 2830 Deus;
1273 2798 1402 2832 quoniam
1424 2806 1511 2834 neque
1528 2797 1610 2826 homo
1627 2796 1728 2825 similis

73 2877 79 2898 ἰ
130 2894 143 2913 ιι
163 2894 232 2921 l‘sal.
250 2903 347 2928 Lxxxv,
363 2898 392 2924 7.
431 2902 442 2916 ε
461 2896 522 2924 lsai.
542 2905 613 2929 XLVI,
632 2898 658 2924 5.
701 2898 710 2916 τ
729 2897 792 2924 05c.
811 2905 859 2929 III,
882 2896 923 2924 l0.
959 2897 970 2916 ⁸
988 2895 1083 2925 Matth.
1102 2905 1127 2930 v,
1146 2897 1190 2925 48.
1229 2898 1241 2918 ιλ
1260 2897 1326 2926 Luc.
1346 2905 1381 2930 vt,
1399 2897 1443 2924 36.
