1929 3061
212 173 261 202 931

800 173 827 201 S.
851 173 1000 202 DIONYSII
1020 174 1252 204 AREOPAGlT/E

1794 183 1850 212 932

211 234 253 258 est
269 228 378 264 imagini
393 236 459 262 sua},
484 229 530 257 sed
547 229 637 264 imago
650 229 747 257 similis
770 234 811 256 est
828 231 941 258 homini.
959 230 986 258 Si

1052 240 1117 266 τρου
1145 233 1224 268 τυχὸν
1248 235 1294 260 καὶ
1318 234 1442 267 Παύλου,
1466 235 1577 264 δυνατὸν
1602 237 1791 274 ἀντιστρέφειν
1815 239 1849 268 τὸ

212 273 324 308 quidem
337 273 363 299 in
378 273 411 300 iis
427 281 487 307 qua:
502 273 623 308 ejusdem
637 274 742 301 ordinis
757 279 784 301 et
795 275 908 309 :equalia
919 274 990 310 495

1052 280 1154 314 ὅμοιον,
1172 280 1219 306 καὶ
1236 281 1415 316 προηγεῖσθαι
1432 282 1544 318 θάτερον
1562 283 1685 319 θατέρου.

212 323 288 351 sunt,
309 319 400 352 Petro,
422 320 497 347 verbi
516 320 614 355 gratia.
638 325 667 348 et
689 320 782 351 Paulo,
799 325 888 355 potest
906 322 1002 349 simili-

211 367 276 393 tudo
291 366 464 400 reciprocari,
483 367 642 394 alterutrum
658 367 782 395 alterutri
799 368 930 402 praeferri.

246 411 260 447 §
275 411 327 438 νη.
360 412 388 438 1η
408 420 491 439 causa
508 420 573 440 vero
587 413 620 440 ad
635 413 748 440 eﬂcctus
767 421 939 448 nequaquam
954 415 1002 442 ad-

211 458 349 486 mittemus
368 459 522 487 istiusmodi
548 461 803 495 reciprocationem.
819 462 866 488 sed
887 461 1001 489 eli‘eetus

210 505 318 537 quidem
335 505 424 532 causis
447 513 507 532 esse
528 506 640 538 similes,
671 514 784 534 causam
811 515 875 534 vero
898 507 1000 535 ell‘ectis

211 549 328 577 similem
341 558 511 585 nequaquam
529 551 656 584 dicimus;
674 552 736 586 quia
753 560 806 579 non
826 557 868 579 est
878 552 999 587 aequalis,

209 595 257 622 sed
274 596 360 630 major
373 600 414 623 est
432 596 539 631 quidat
553 605 706 631 quamqua:
725 598 887 632 participant
905 607 912 625 :
931 598 999 625 Deus

209 648 274 668 vero
289 643 410 669 onmium
425 643 514 676 quoad
532 643 673 670 enlitatcm
692 643 821 670 similium
838 651 920 671 causa
944 648 997 676 est,

208 692 235 714 et
250 688 334 722 ipsius
360 696 408 722 per
423 696 452 716 se
469 689 659 717 similitudinis
683 689 804 717 eti‘ector.
828 691 903 718 Solet
925 692 998 719 enim

208 733 253 760 hic
276 733 357 761 Pater
380 735 464 762 Deum
481 735 573 762 dicere
594 735 620 762 id
642 736 714 770 quod
729 744 776 770 per
788 743 817 763 se
832 741 884 769 est,
899 742 926 764 et
940 736 998 771 ejus

207 781 279 814 quod
305 788 354 814 per
381 788 411 808 se
436 786 478 809 est
499 782 679 814 conditorem,
710 787 738 809 et
759 791 807 816 per
820 789 849 810 se
862 784 998 816 vitam,et

207 833 255 861 per
267 834 296 854 sc
314 827 375 854 vita:
396 832 560 854 creatorem.
577 827 640 855 Hzec
654 833 744 855 autem
760 828 838 861 dicit,
850 837 902 856 non
924 831 996 865 quod

208 871 283 898 dicat
295 871 378 898 Deum
393 872 528 899 diversam
543 873 653 906 quidem
668 880 728 899 esse
750 873 845 904 vitam,
861 880 892 900 ac
907 874 996 900 diver-

1087 411 1100 447 ᾗ
1119 411 1172 438 Vll.
1198 412 1258 438 Ἐπὶ
1273 412 1301 439 δὲ
1317 412 1364 439 τοῦ
1387 413 1472 440 αἰτίου
1496 415 1542 441 καὶ
1566 415 1620 442 τῶν
1645 417 1776 444 αἱτιατῶν
1794 418 1844 445 οὐκ

1051 458 1236 494 ἀποδεξόμεθα
1252 459 1300 494 τὴν
1317 460 1514 496 ἀντιστροφὴν,
1531 461 1599 488 ἀλλὰ
1617 462 1650 489 τὰ
1667 463 1716 498 μὲν
1732 465 1844 491 αἰτιατὰ

1051 505 1132 539 ὅμοια
1157 504 1196 539 τῷ
1218 505 1296 540 αἰτίῳ
1320 506 1460 540 εἴποιμεν,
1485 506 1516 532 τὸ
1531 506 1559 533 δὲ
1576 507 1661 534 αἴτιον
1679 509 1727 544 οὺχ
1749 509 1844 544 ὅμοιον

1049 551 1104 581 τοῖς
1121 551 1260 582 αἰτιατοῖς·
1279 551 1338 578 οὐδὲ
1354 551 1408 586 γὰρ
1430 551 1565 585 ὲξισάζει,
1587 553 1644 579 ἀλλ’
1660 554 1706 580 ἐπὶ
1730 555 1812 582 πλέον
1827 557 1843 582 ὁ

1049 596 1136 629 διδοὺς
1159 597 1213 623 τῶν
1231 598 1397 633 μετεχόντων
1427 599 1494 625 ἐστί.
1520 600 1588 626 Πᾶσι
1612 600 1665 636 γὰρ
1695 601 1742 627 τοῦ
1769 599 1841 628 εἶναι

1048 643 1150 678 ὁμοίοις
1168 644 1252 675 αἴτιος
1268 645 1282 670 ὁ
1303 644 1378 676 Θεὸς,
1392 645 1437 670 καὶ
1453 645 1538 680 αὐτῆς
1548 646 1596 681 τῆς
1613 647 1841 683 αὑτοομοιότητος

1049 688 1211 724 ὑποστάτης.
1232 688 1311 720 Ἔθος
1327 689 1380 724 γὰρ
1391 689 1429 724 τῷ
1446 690 1532 724 Πατρὶ
1548 690 1592 716 τὸν
1604 690 1669 717 Θεὸν
1685 691 1774 725 λέγειν
1791 691 1840 718 καὶ

1048 734 1152 767 αὺτοὸν,
1167 735 1214 761 καὶ
1230 735 1275 761 τοῦ
1292 735 1426 761 αὑτοεῖναι
1444 736 1608 771 ὑποστάτην,
1627 737 1672 763 καὶ
1688 737 1838 772 αὑτοζωὴν,

1047 781 1094 807 καὶ
1109 781 1157 816 τῆς
1174 781 1311 816 αὑτοζωῆς
1328 781 1491 817 ὑποστάτην.
1502 782 1571 817 Φησὶ
1586 782 1614 809 δὲ
1630 783 1725 814 ταῦτα,
1744 784 1839 818 οὑχὼς

1047 826 1142 862 ἑτέραν
1161 827 1209 861 μὲν
1226 827 1337 861 φάσκων
1354 827 1426 862 ζωὴν
1442 827 1525 853 αὑτὸν
1541 828 1586 853 τὸν
1602 827 1678 860 Θεὸν,
1695 829 1792 864 ἑτέραν
1808 830 1838 855 δὲ

1047 872 1186 908 παρῆχθαι
1203 871 1274 908 ζωὴν
1291 872 1406 907 οὺσιώδη
1416 873 1462 898 καὶ
1479 873 1558 898 οἱονεὶ
1575 873 1753 901 ὲνυπὸστατον
1770 874 1836 909 περὶ

205 925 263 944 sam
278 916 312 942 ab
333 923 365 943 eo
389 917 474 943 vitatn
496 917 668 944 essentialem
692 918 775 944 fuisse
791 918 952 951 productam
966 924 990 946 el

1044 917 1089 944 τὸν
1113 918 1189 950 Θεὸν,
1206 915 1240 953 ἦς
1265 917 1372 953 μετέχει
1394 917 1428 944 τὰ
1454 918 1526 952 ζωῆς
1551 919 1704 954 μετέχοντα·
1723 919 1780 945 ἀλλ’
1797 919 1836 950 ὡς

206 962 283 995 quasi
309 962 502 989 subsistentem
528 963 554 990 in
582 963 647 995 Deo,
677 970 759 997 quatn
781 963 946 998 participem
961 971 994 991 ea

204 1015 264 1042 qua:
277 1007 363 1034 vitain
386 1008 571 1043 participant;
601 1010 659 1040 sed,
677 1010 748 1036 sicut
766 1009 885 1044 seipsum
907 1010 993 1046 expli-

205 1057 249 1081 cat
265 1055 355 1088 capite
371 1055 526 1087 undecimo,
542 1055 614 1082 Deus
636 1055 734 1082 dicitur
752 1056 808 1090 ipsa
829 1057 894 1090 vita,
913 1062 994 1091 atque

204 1099 265 1135 ipsa
293 1101 390 1132 virtus,
416 1106 498 1135 atque
521 1101 577 1135 ipsa
604 1101 764 1134 similitudo,
789 1107 915 1136 tanquam
941 1103 994 1130 hoc

203 1146 325 1173 existens
344 1153 391 1180 per
411 1147 519 1173 modum
544 1147 681 1181 principii,
704 1153 732 1174 et
761 1153 791 1174 ut
815 1147 895 1180 Deus,
914 1152 942 1174 et
965 1153 994 1175 ut

203 1199 286 1218 causa
306 1198 313 1217 :
342 1191 400 1218 bth
422 1192 494 1218 enirn
520 1191 577 1226 ipse
603 1193 691 1228 reipsa
716 1198 769 1220 est.
798 1193 882 1228 Ipsius
903 1199 991 1220 autem

203 1236 396 1263 similitudinis
419 1241 446 1264 et
470 1237 598 1264 similium
620 1238 746 1265 conditor
763 1243 816 1270 est,
836 1244 864 1265 ut
887 1239 931 1274 qui
948 1246 992 1266 re-

202 1282 253 1310 bus
269 1283 368 1309 donum
394 1283 445 1310 boc
463 1284 593 1318 primario
608 1285 844 1318 participanlibus,
864 1291 892 1312 ut
907 1286 933 1312 id
953 1286 991 1320 ip-

201 1336 260 1356 sum
278 1328 449 1363 participent.
477 1329 608 1364 elargitur
636 1349 644 1357 .
675 1330 809 1365 siquidem
831 1332 921 1358 omnia
943 1338 992 1366 pro

201 1380 282 1408 captu
298 1382 348 1401 suo
370 1375 434 1402 talia
451 1376 627 1410 participant,
654 1377 741 1411 prima
765 1377 873 1410 quidem
897 1385 992 1412 supre-

202 1429 257 1454 ma,
273 1429 321 1456 per
347 1423 454 1449 modum
473 1423 612 1458 principii,
625 1428 722 1450 caetera
743 1432 807 1452 vero
822 1432 992 1458 consequen-

201 1471 244 1494 ter
269 1467 388 1495 inferiori
413 1469 506 1504 gradu.
522 1469 578 1497 Non
601 1477 679 1497 secus
700 1478 764 1497 vero
779 1471 920 1498 dicen-lum
939 1475 991 1502 est,

201 1513 284 1540 Deum
299 1522 406 1548 quoque
430 1523 490 1542 esse
505 1516 674 1543 conditorem
697 1516 809 1543 rationis
823 1517 990 1551 exemplaris

200 1559 398 1593 similitudinis,
425 1567 451 1587 nt
468 1562 514 1596 qui
544 1562 571 1588 in
596 1569 624 1589 se
644 1562 702 1590 sine
723 1564 856 1598 principio
872 1569 899 1590 et
917 1564 991 1591 unite

198 1613 307 1641 semper
331 1607 430 1634 habeat
448 1616 536 1635 rerum
566 1609 686 1636 omnium
712 1610 831 1637 rationes
857 1611 988 1644 protexis-

197 1655 287 1680 tentes
301 1673 308 1684 ,
331 1660 399 1687 quas
415 1658 442 1681 et
465 1654 698 1688 pnedelinitiones
722 1656 847 1690 superius
870 1656 989 1690 appella-

198 1697 246 1724 vit.
267 1697 312 1725 Illa
327 1699 409 1733 igitur
422 1700 543 1726 omnium
559 1699 720 1734 similitudo,
738 1708 797 1735 quae
813 1706 853 1728 est
867 1702 986 1729 omnium

198 1745 300 1778 unitas,
327 1753 375 1778 per
393 1746 630 1780 participationem
659 1747 754 1782 prima:
772 1754 873 1780 causae,
896 1748 923 1774 id
945 1752 988 1775 est

197 1791 276 1826 quasi
303 1792 417 1826 vestigio
444 1793 561 1826 quodam
591 1793 818 1828 partieipationis,
842 1793 987 1828 participat

197 1835 262 1863 illud
284 1838 357 1871 quod
373 1838 521 1865 secundum
537 1839 631 1865 eadem
645 1844 671 1865 et
692 1841 785 1866 eodem
803 1840 884 1866 modo
901 1846 930 1866 se
942 1840 988 1865 lia-

196 1881 252 1909 bet.
275 1881 332 1909 Hoc
357 1882 447 1917 itaque
464 1883 565 1915 simile,
587 1884 660 1918 quod
677 1885 825 1911 secundum
849 1884 943 1911 eadem
960 1889 987 1910 et

195 1929 290 1956 eodem
316 1929 396 1957 modo
423 1936 452 1956 se
482 1930 573 1962 habet,
604 1930 736 1957 dissimile
765 1935 817 1962 est,
842 1937 986 1964 rerumque

197 1975 319 2002 omnium
338 1976 561 2010 compositionem
583 1977 693 2011 respuit,
720 1976 759 2003 uti
784 1981 898 2003 testatur
911 1975 983 2002 Scri~

195 2027 274 2056 ptura
291 2022 404 2050 dicens:
419 2021 480 2048 Non
496 2027 532 2049 est
551 2022 646 2049 similis
660 2023 704 2049 tibi
721 2023 747 2048 in
764 2023 827 2055 diis,
840 2022 950 2049 nomine
965 2021 985 2047 ί.

195 2067 253 2095 Non
268 2073 310 2095 est
325 2069 420 2103 utique
443 2069 494 2095 hoc
515 2069 683 2096 contrarium
703 2069 736 2095 iis
751 2076 811 2102 quae
823 2068 894 2095 dicta
913 2073 986 2101 sunt,

196 2121 258 2142 cum
276 2115 405 2148 diximus,
422 2116 514 2143 omnia
529 2115 585 2143 Deo
599 2123 659 2143 esse
674 2116 783 2147 similia,
798 2115 882 2142 Deutu
898 2119 986 2140 antem

1005 1584 1025 1611 (Ξ

1045 965 1127 996 αὐτὸς
1144 965 1238 991 ἑαυτὸν
1262 964 1406 1000 ἑρμηνεύει
1430 965 1458 990 ὲν
1475 964 1513 999 τῷ
1529 964 1664 1000 ἑνδεκάτῳ
1682 966 1835 1000 κεφαλαίῳ,

1045 1009 1167 1046 αὑτοζωὴ
1193 1011 1239 1037 καὶ
1255 1010 1433 1045 αὑτοδύναμις
1450 1010 1496 1036 καὶ
1513 1010 1706 1046 αὑτοομοιὸτης
1725 1011 1836 1044 λέγεται

1043 1059 1058 1084 ὁ
1073 1057 1148 1089 Θεὸς,
1165 1057 1203 1089 ὡς
1219 1056 1340 1092 ἀρχικῶς
1355 1056 1433 1082 τοῦτο
1450 1056 1487 1082 ὢν
1500 1056 1546 1082 καὶ
1556 1056 1663 1088 θεῖχῶς,
1682 1057 1728 1082 καὶ
1745 1058 1836 1083 αἰτια-

1044 1103 1107 1135 τῶς·
1125 1103 1209 1130 ταῦτα
1225 1103 1279 1138 γὰρ
1302 1103 1383 1134 αὐτὸς
1404 1101 1442 1137 τῷ
1458 1102 1513 1128 δντι
1530 1103 1598 1128 ἐστί.
1616 1102 1672 1137 Τῆς
1694 1103 1722 1129 δὲ
1740 1103 1835 1130 αὑτοο-

1045 1149 1184 1184 μοιότητὸς
1207 1149 1280 1175 ἐστιν
1304 1147 1474 1182 ὑποστάτης,
1499 1147 1545 1174 καὶ
1567 1147 1621 1173 τῶν
1635 1147 1775 1179 τοιούτων,
1795 1148 1834 1180 ὠς

1045 1194 1197 1230 μεθεκτῶς,
1215 1194 1306 1225 αὐτοῖς
1322 1194 1378 1224 τοῖς
1394 1192 1509 1228 πρώτως
1525 1193 1554 1219 ὲν
1570 1194 1625 1224 τοῖς
1641 1191 1698 1219 οὖσι
1714 1193 1764 1228 τῆς
1779 1193 1834 1220 δω-

1043 1242 1108 1277 ρεᾶς
1124 1240 1225 1275 ταύτης
1243 1239 1385 1275 μετέχουσι
1402 1238 1535 1274 χορηγῶν·
1555 1239 1642 1266 πάντα
1658 1238 1712 1274 γὰρ
1724 1239 1834 1272 οἰκείως

1043 1287 1148 1316 ἑαυτοῖς
1168 1284 1276 1320 μετέχει
1292 1283 1346 1310 τῶν
1362 1283 1499 1315 τοιούτων,
1518 1284 1545 1309 αἱ
1566 1284 1614 1318 μὲν
1638 1284 1764 1319 πρῶται·
1785 1284 1834 1311 καὶ

1043 1332 1202 1367 ὑπέρταται,
1220 1329 1350 1364 ἀρχικῶς,
1362 1329 1396 1356 τὰ
1405 1329 1432 1355 δὲ
1441 1329 1512 1364 ἑξῆς,
1531 1329 1712 1361 ὑποὸατικῶς.
1731 1330 1767 1356 υὺ
1776 1332 1834 1365 χεῖ-

1043 1386 1089 1414 ρον
1113 1377 1140 1404 δὲ
1167 1377 1270 1406 εἰπεῖν,
1290 1376 1331 1402 ὃτι
1348 1375 1394 1402 καὶ
1410 1375 1492 1401 αὑτοῦ
1508 1375 1555 1401 τοῦ
1579 1375 1831 1411 παραδειγματικοῦ

1042 1424 1090 1459 τῆς
1103 1423 1260 1458 ὁμοιότητος
1273 1421 1351 1455 λόγου
1364 1422 1518 1455 ὑποστάτης
1534 1422 1607 1448 ἐστὶν
1623 1423 1637 1448 ὁ
1652 1421 1728 1454 Θεὸς,
1746 1422 1783 1454 ὠς
1801 1424 1831 1450 ὲν

1042 1471 1130 1506 ἑαυτῷ
1154 1471 1223 1506 ἔχων
1247 1470 1290 1496 ἀεὶ
1309 1469 1372 1500 τοὺς
1395 1469 1490 1502 λόγους
1508 1470 1614 1495 πάντων
1633 1469 1759 1504 ἁνάρχως
1783 1470 1831 1496 καὶ

1042 1518 1149 1549 ἐνιαίως
1165 1516 1385 1552 προῦφεστῶτας,
1403 1515 1448 1547 οὒς
1463 1516 1510 1541 καὶ
1526 1516 1707 1550 προορισμοὺς
1725 1516 1830 1551 apola-

1043 1567 1097 1593 ὃὼν
1112 1567 1216 1602 εἴρηκε.
1242 1564 1326 1591 Τοῦτο
1342 1565 1406 1599 γοῦν
1421 1565 1451 1591 τὺ
1474 1565 1503 1590 ὲν
1528 1565 1610 1590 πᾶσιν
1625 1565 1715 1600 ὅμοιον
1738 1566 1754 1600 ὴ
1774 1566 1830 1592 τῶν

1041 1611 1108 1639 ὅλων
1121 1611 1223 1646 ἑνότης,
1235 1609 1280 1636 τοῦ
1298 1610 1367 1636 κατὰ
1382 1609 1416 1636 τὰ
1433 1609 1501 1636 αὐτὰ
1518 1610 1563 1635 καὶ
1579 1609 1708 1642 ὡσαύτως
1721 1609 1831 1645 ἔχοντος

1043 1657 1160 1693 μετέχει,
1185 1656 1255 1683 κατὰ
1274 1656 1418 1691 μετουσίαν
1433 1654 1480 1681 τοῦ
1504 1654 1610 1690 πρώτου
1634 1655 1731 1681 αἰτίου·
1749 1655 1830 1681 τοῦτο

1040 1704 1094 1738 γάρ
1104 1704 1160 1729 ἐστι
1176 1703 1206 1729 τὸ
1223 1703 1290 1737 ἴχνει
1306 1703 1358 1728 τινὶ
1374 1702 1454 1728 οἱονεὶ
1464 1701 1602 1737 μετουσίᾳ.
1616 1701 1699 1727 Τοῦτο
1715 1700 1782 1733 γοῦν
1798 1700 1830 1727 τὸ

1040 1747 1110 1774 κατὰ
1125 1747 1159 1774 τὰ
1175 1747 1245 1773 αὐτὰ
1261 1747 1308 1772 καὶ
1324 1746 1455 1778 ὡσαύτως
1471 1747 1531 1782 ἕχον
1551 1745 1638 1780 ἑαυτῷ
1654 1746 1755 1780 ὅμοιον,
1771 1746 1830 1773 ἀνό-

1041 1802 1125 1829 μοιον,
1142 1794 1190 1820 καὶ
1205 1794 1261 1824 τοῖς
1274 1793 1356 1819 πᾶσιν
1372 1793 1538 1820 ἀσύντακτον
1555 1794 1571 1828 ἠ
1589 1792 1647 1818 θεία
1664 1792 1758 1827 Γραφή
1776 1800 1828 1827 φη-

1041 1848 1093 1872 σιν,
1107 1840 1167 1865 Οὐκ
1182 1839 1265 1866 ἐστιν
1278 1838 1377 1872 ὅμοιός
1388 1845 1436 1865 σοι
1449 1838 1484 1864 ἐν
1496 1837 1582 1870 θεοῖς,
1593 1838 1690 1871 Κύριε,
1699 1837 1816 1869 λέγουσα

1040 1884 1096 1910 Οὐκ
1112 1883 1169 1909 ἐστι
1185 1883 1249 1916 γοῦν
1260 1883 1380 1909 ἐναντίον
1392 1882 1471 1908 τοῦτο
1486 1883 1541 1913 τοῖς
1562 1881 1765 1917 προρρηθεῖσιν,
1780 1881 1826 1908 ὅτι

1039 1928 1167 1963 ἐλέγομεν
1182 1927 1216 1954 τὰ
1232 1928 1319 1954 πάντα
1335 1928 1415 1962 ὅμοια
1428 1926 1466 1962 τῷ
1482 1926 1550 1962 Θεῷ,
1565 1927 1595 1953 οὐ
1616 1927 1668 1962 μὴν
1684 1926 1712 1952 δὲ
1727 1927 1741 1952 ό
1757 1925 1824 1957 Θεὸς

1037 1974 1144 2005 τούτοις
1159 1974 1263 2009 ὅμοιος·
1283 1973 1317 1999 τὰ
1333 1973 1387 2008 γὰρ
1403 1973 1471 1999 αὐτὰ
1488 1974 1535 2000 καὶ
1551 1973 1630 2008 ὃμοια
1645 1972 1684 2007 τῷ
1703 1971 1763 2006 Θεῷ
1778 1972 1828 1998 καὶ

1038 2021 1161 2056 ἀνόμοια·
1186 2020 1216 2046 τὸ
1228 2020 1287 2055 μὲν,
1305 2019 1374 2046 κατὰ
1395 2020 1444 2056 τὴν
1459 2019 1635 2055 ἐνδεχομένην
1653 2019 1777 2054 μίμησιν,
1795 2019 1827 2045 οὑ

1038 2067 1093 2102 γὰρ
1107 2066 1216 2098 τελείως
1232 2068 1248 2101 η
1267 2066 1390 2102 μίμησις·
1409 2066 1439 2092 τὸ
1457 2066 1495 2099 δὲ,
1512 2067 1552 2093 ὅτι
1577 2066 1686 2102 μέτροις
1702 2065 1828 2100 ἀπείροις

1039 2114 1085 2140 καὶ
1096 2113 1269 2149 ἀσυγκρίτοις
1285 2113 1319 2138 τὰ
1336 2112 1444 2140 αίτιατὰ
1460 2112 1507 2138 τοῦ
1521 2111 1606 2138 αἰτίου
1623 2111 1826 2138 ἀπολείπονται.

195 2171 248 2190 non
264 2170 325 2190 esse
345 2162 391 2189 ulli
412 2162 545 2195 similem;
563 2162 696 2197 siquidem
716 2162 810 2188 cadent
836 2168 863 2190 et
887 2162 985 2190 Similia
1000 2166 1028 2188 et
1044 2160 1186 2187 dissimilia
1201 2165 1264 2187 sunt
1279 2159 1349 2191 Deo;
1379 2159 1444 2186 illud
1463 2159 1570 2194 quidem
1607 2158 1756 2186 secundum
1784 2158 1827 2184 iu-

195 2209 298 2236 dultam
312 2208 408 2243 cuique
431 2208 620 2240 imitationem,
649 2217 701 2235 non
719 2209 792 2235 enim
809 2208 929 2243 perfecta
944 2212 987 2235 est
1005 2207 1139 2240 imitatio;
1155 2206 1207 2233 hoc
1223 2213 1297 2236 vero.
1329 2206 1457 2240 quoniam
1484 2204 1597 2232 effectus
1618 2212 1633 2231 a
1658 2203 1749 2231 causis
1763 2203 1829 2230 iuli—

195 2254 258 2280 nilis
272 2259 299 2280 et
312 2253 572 2288 incomparabilibus
588 2254 745 2289 parasaugis
757 2254 898 2281 deﬁciunt.

233 2301 247 2337 §
266 2300 330 2328 Vlll.
353 2300 461 2327 Statum
474 2308 506 2327 ac
528 2301 618 2328 sedem
634 2308 682 2335 pro
699 2301 793 2327 eodem
822 2300 930 2333 accipit,
946 2306 986 2325 re-

1074 2297 1088 2332 §
1105 2296 1169 2323 VIII.
1185 2296 1282 2322 Στάσιν
1297 2295 1343 2322 καὶ
1357 2295 1489 2329 καθέδραν
1503 2294 1534 2320 τὸ
1546 2293 1612 2320 αὐτὸ
1624 2293 1740 2328 δέχεται,
1758 2295 1828 2329 πρὸς

195 2347 314 2382 spiciens
327 2348 360 2374 ad
377 2347 542 2374 innnobilem
559 2347 727 2374 identitatcm
749 2346 899 2380 utriusque.
921 2345 985 2372 Sta-

195 2397 252 2419 tum
267 2393 338 2420 enim
355 2400 406 2419 non
431 2392 514 2427 499
532 2393 592 2419 dico
616 2392 702 2424 ἱ11ιιιιι,
730 2399 783 2426 quo
805 2392 866 2426 quis
895 2395 984 2417 rectus

194 2441 225 2467 ﬁt
244 2444 386 2474 postquam
399 2438 426 2465 in
443 2439 507 2465 sede
523 2438 612 2464 fuerat
627 2439 795 2471 incurvatus,
820 2437 865 2464 sed
881 2436 984 2463 inﬂexi-

193 2487 326 2514 bilitateln
348 2490 376 2512 et.
401 2484 648 2512 immutabilitatem
676 2484 733 2516 Dei,
757 2484 863 2510 [irinum
881 2488 982 2510 statum

194 2532 353 2567 appellavit;
368 2531 440 2558 sicut
455 2532 537 2558 etiam
557 2531 652 2557 sedere
665 2534 821 2564 perpetuam
837 2535 864 2556 et
877 2531 981 2555 incom-

195 2577 404 2612 preltcnsibilem
425 2577 544 2611 quietem
572 2575 673 2602 habere
699 2574 726 2600 in
746 2573 802 2600 basi
828 2572 981 2599 innomina-

193 2624 241 2651 bili
264 2634 269 2651 :
286 2623 374 2650 omnis
388 2623 460 2649 enim
488 2625 575 2648 status
593 2628 625 2647 ac
648 2620 719 2647 sedis
740 2627 819 2646 causa
837 2624 879 2646 est
894 2619 938 2652 iis,
952 2619 979 2645 in

193 2677 247 2705 quo
262 2670 352 2697 omnia
371 2669 398 2696 in
415 2668 494 2696 bouis
514 2667 632 2702 propriis
656 2666 792 2693 custodita
817 2665 978 2692 consistunt.

231 2760 307 2797 §IX.
328 2760 442 2794 Quando
466 2767 531 2786 vero
550 2760 632 2786 etiam
653 2764 756 2786 motntn
780 2758 931 2793 reperimus
953 2758 980 2784 in

194 2808 250 2836 Deo
259 2808 370 2840 dictum,
381 2808 458 2842 juxta
470 2807 534 2834 illud
549 2818 554 2834 :
567 2806 671 2833 Inc/ina
682 2806 769 2838 (mlas,
788 2810 810 2832 et
822 2804 946 2832 descende
955 2804 980 2837 ιι,

234 2898 242 2918 ὶ
263 2897 335 2924 Psal.
354 2905 452 2929 Lxxxv,
471 2898 497 2924 7.
541 2898 552 2916 κ
571 2897 641 2924 Psal.
662 2905 728 2929 xm,
750 2896 792 2922 10.

1036 2342 1085 2377 τὴν
1099 2342 1224 2377 ἀκίνητον
1239 2341 1389 2376 ταύτότητα
1404 2341 1532 2375 ἑκάτερον
1546 2339 1711 2371 ἀναπτύξας.
1727 2340 1828 2369 Στάσιν

1037 2388 1090 2423 γὰρ
1105 2388 1136 2414 οὐ
1150 2387 1200 2423 τὴν
1211 2389 1250 2419 εἰς
1259 2387 1290 2414 τὸ
1304 2386 1381 2422 ὀρθὸν
1396 2386 1522 2420 γενέσθαι
1538 2385 1591 2412 ἀπὸ
1605 2385 1651 2411 τοῦ
1667 2387 1827 2422 συγκεκάμ-

1037 2433 1101 2468 φοαι
1114 2435 1147 2469 τῇ
1162 2433 1280 2469 καθέδρᾳ
1294 2433 1375 2468 φημὶ,
1386 2433 1452 2458 ἀλλὰ
1467 2433 1496 2458 τὸ
1510 2432 1656 2467 ἀκλόνητον
1666 2432 1713 2458 καὶ
1721 2432 1827 2467 ἀμετά-

1036 2488 1167 2514 στρεπτον
1181 2479 1228 2506 τοῦ
1243 2479 1321 2510 Θεοῦ,
1339 2479 1449 2514 βεΰαίαν
1464 2478 1557 2504 στάσιν
1572 2477 1707 2504 ἐκάλεσεν·
1724 2478 1763 2509 ὡς
1778 2479 1826 2505 καὶ

1034 2527 1064 2552 τὸ
1080 2526 1214 2560 καθῆσθαι
1229 2526 1259 2551 τὸ
1274 2526 1302 2552 ὲν
1322 2525 1498 2561 ἀνονομάστῳ
1513 2524 1589 2558 βάσει
1604 2524 1650 2550 καὶ
1671 2525 1826 2551 ἀναπαύσει

1034 2572 1152 2608 διαρχῶς
1176 2573 1221 2599 ,καὶ
1241 2572 1440 2606 ἀκαταλήπτως
1461 2571 1541 2605 ἐχειν·
1558 2570 1638 2601 αὐτὸς
1651 2570 1706 2606 γάρ
1720 2572 1796 2597 ἐστιν
1810 2572 1826 2597 ό

1034 2620 1083 2654 τῆς
1097 2619 1204 2645 πάντων
1220 2619 1339 2650 στάσεως
1354 2618 1400 2645 καὶ
1420 2618 1500 2653 ἕδρας
1522 2617 1616 2648 αἴτιος,
1641 2617 1669 2642 ὲν
1687 2614 1710 2650 ᾧ
1733 2618 1826 2644 ’πάντα

1035 2665 1198 2700 συνέστηκεν
1231 2666 1260 2691 ὲν
1284 2666 1341 2696 τοῖς
1369 2665 1480 2696 οἰκείοις
1509 2663 1621 2697 ἀγαθοῖς
1647 2663 1826 2697 διαφυλαττό-

1035 2720 1111 2746 μενα.

1069 2757 1081 2792 §
1094 2758 1137 2783 ΙΧ.
1149 2757 1231 2784 Ὅταν
1245 2757 1272 2783 δὲ
1281 2757 1326 2784 καὶ
1336 2757 1442 2791 κίνησιν
1452 2755 1574 2791 εὕρωμεν
1583 2755 1629 2781 ἐπὶ
1637 2755 1704 2781 Θεοῦ
1713 2755 1826 2790 λεγομέ-

1033 2812 1081 2838 νην
1091 2803 1161 2830 κατὰ
1174 2804 1215 2836 τὸ,
1234 2803 1345 2831 [uiror
1356 2802 1511 2837 οὐρανοὺς,
1525 2801 1572 2828 καὶ
1588 2801 1740 2834 κατάϐηθι,
1763 2802 1824 2829 θεο-
