1929 3061
53 143 114 171 953

349 144 394 172 DE
407 144 534 173 DIVINIS
551 145 750 178 NOMINIBUS.
771 146 848 174 CAP.
868 147 912 175 IX.
931 162 964 167 -——
984 147 1158 177 PARAPIIR.
1175 149 1410 179 PACHYMEME.

1644 155 1696 183 954

53 202 180 239 πρεπῶς
191 201 239 238 τὴν
248 203 354 239 κίνησιν
364 203 546 239 ἐκληψόμεθα·
557 205 670 230 κινεῖται
685 204 739 240 γὰρ
747 205 777 231 οὐ
789 214 839 231 κατ

892 233 895 240 λ
912 206 965 233 Deo
976 206 1057 240 digne
1076 212 1179 234 motum
1202 209 1383 243 accipiemus:
1405 217 1458 237 non
1481 211 1554 238 enim
1571 218 1697 240 movetur

52 258 124 277 τινα
148 249 203 276 τῶν
227 249 257 281 ἒξ
277 249 351 285 παρὰ
370 249 523 285 φιλοσόφοις
538 251 680 286 κινήσεων.
703 250 765 277 οὔτε
786 251 856 278 κατὰ

52 297 184 330 γένεσιν,
194 295 254 322 οὔτε
269 296 339 322 κατὰ
353 295 469 332 φθορὰν,
489 296 550 323 οὔτε
567 296 636 324 κατὰ
652 297 775 334 αὔξησιν,
793 297 856 325 οὔτε

53 343 136 370 κατὰ
152 343 276 378 μείωσιν,
292 342 354 369 οὔτε
374 343 445 370 κατὰ
461 343 557 374 τόπον,
572 343 633 370 οὗτε
651 343 721 370 κατὰ
744 344 855 371 ἀλλοίω-

55 399 114 417 σιν.
134 390 191 417 Καὶ
205 389 295 421 πάλιν,
309 389 370 415 ἐπεὶ
383 389 514 425 ήκίνησις
527 390 627 425 τριχῶς
641 390 756 424 γίνεται,
766 391 782 426 ἢ
793 392 854 417 κατ’

54 436 183 467 εὐθεῖαν,
200 436 216 472 ἢ
232 435 302 463 κατὰ
318 436 426 467 κύκλον,
444 436 460 472 ἢ
477 436 506 469 ἐξ
520 436 621 471 ἀμφοῖν
638 437 799 469 ὲλικοειδῶς,
816 438 854 469 ὡς

54 484 71 509 ὁ
88 483 166 518 δφις,
183 483 230 510 καὶ
245 483 261 517 ἡ
280 483 309 509 ὲν
325 484 381 515 τοῖς
399 482 476 509 ὕδασι
490 482 555 514 ναῦς
565 503 573 515 ,
587 483 646 510 οὐδὲ
667 483 737 510 κατὰ
752 484 854 517 ταύτας

55 530 189 556 κινεῖται.
214 529 281 555 Ἀλλ’
302 529 362 555 οὐδὲ
383 529 481 564 νοητὴν
497 529 602 564 κίνησιν
619 531 749 561 κινεῖται,
767 531 824 557 οἵαν
839 533 853 558 ὁ

53 575 124 607 νοῦς
139 576 180 607 είς
193 575 289 602 ἑαυτὸν
305 575 533 611 συνελισσόμενος,
551 576 598 602 καὶ
613 577 653 607 εἰς
667 577 773 612 νοήσεις
789 577 852 604 πολ-

54 621 322 658 λαπλασιαζόμενος.
341 622 378 648 Οὐ
400 622 527 658 ψυχικὴν,
565 623 623 649 οἵαν
644 625 758 650 κινεῖται
779 623 850 660 ψυχὴ

53 667 237 703 διανοουμένη
262 677 291 694 τε
315 668 361 695 καὶ
382 668 538 700 δοξάζουσα.
557 669 592 694 Οὺ
610 669 737 705 φυσικὴν,
759 670 817 697 οἵαν
833 671 850 706 ἡ

54 714 142 748 φύσις
156 716 235 741 κινεῖ·
254 715 324 750 ἀρχὴ
343 714 398 751 γὰρ
414 715 546 750 κινήσεως
565 716 612 741 καὶ
631 715 749 751 ἠρεμίας
765 716 847 743 ἐστίν.

61 760 147 788 Ἀλλὰ
161 760 267 797 κίνησις
282 760 328 788 τοῦ
338 761 465 796 ἀκινήτου
483 761 611 792 ὡσαύτως
622 761 728 796 ἔχοντος
742 762 848 796 λέγεται

54 807 73 841 ὴ
91 808 134 839 είς
143 807 178 834 τὰ
191 806 255 834 ὄντα
270 806 395 843 βούλησις
409 808 501 834 αὐτοῦ’
520 808 566 834 καὶ
582 809 610 835 αί
627 809 733 843 πρόοδοι
744 809 793 844 τῆς
809 810 848 841 εἰς

55 853 152 880 πάντα
170 853 297 889 προνοίας
312 853 404 886 αὑτοῦ,
419 853 447 880 ὲν
460 854 499 889 τῷ
514 856 640 890 παρεῖναι
647 855 712 882 πᾶσι
727 857 759 891 τῇ
781 855 848 882 πάν-

907 253 1054 279 secundum
1072 253 1188 288 aliquem
1207 261 1222 280 e
1243 261 1289 281 sex
1305 255 1436 288 molibus,
1450 256 1483 284 de
1496 258 1595 292 quibus
1607 259 1697 293 philo-

907 297 984 332 sophi
1011 302 1104 333 agunt,
1131 306 1217 333 neque
1242 299 1389 326 secundum
1411 303 1627 336 generationem,
1646 312 1696 331 ne-

905 351 958 378 que
977 345 1126 371 secundum
1141 345 1354 380 corruptionem,
1373 354 1459 381 neque
1481 349 1629 377 secundum
1650 358 1696 377 ac-

905 391 1065 422 cretionem,
1088 399 1176 426 neque
1190 392 1338 418 secundum
1361 393 1588 428 imminutionem,
1606 404 1695 432 neque

905 437 1053 464 secundum
1077 437 1178 469 locum,
1194 445 1281 472 neque
1296 440 1442 466 secundum
1466 440 1692 470 immutationem.

903 482 937 510 Et
951 491 1068 516 rursum,
1082 491 1143 511 cum
1160 488 1251 511 motus
1266 485 1410 518 tripliciter
1422 485 1478 517 ﬁat,
1490 487 1530 514 vel
1545 489 1692 516 secundum

903 529 1001 557 lineam
1025 535 1138 563 rectam,
1166 530 1208 558 vel
1234 532 1382 558 secundum
1415 532 1557 565 circulum,
1588 535 1631 562 vel
1659 543 1692 564 ex

902 576 1025 610 utrisque
1046 576 1166 611 oblique,
1183 577 1253 604 sicut
1275 585 1398 611 serpens,
1423 583 1450 605 et
1465 578 1491 605 in
1507 580 1585 614 aquis
1600 582 1691 614 navis,

901 630 989 658 neque
1006 623 1087 650 etiam
1113 624 1262 651 securidum
1291 624 1339 650 hos
1365 625 1459 653 modos
1486 631 1620 654 movetur.
1637 626 1691 655 Sed

901 674 988 701 neque
1005 672 1078 694 motu
1104 667 1255 695 intellectili
1282 668 1380 700 cietur,
1407 669 1477 696 sicut
1494 678 1570 698 meus
1595 671 1621 698 in
1645 679 1689 699 se-

900 712 986 747 ipsam
997 713 1154 746 revolvitur,
1165 719 1190 740 et
1201 714 1226 740 in
1238 714 1467 742 intellectionibns
1482 716 1689 751 multiplicatur.

899 757 958 785 Non
972 757 1053 785 etiam
1067 765 1141 785 motu
1157 759 1276 793 animali,
1293 760 1365 795 quali
1381 766 1505 788 movetur
1522 763 1611 790 anima
1626 764 1689 792 dum

899 804 1026 838 intelligit
1044 809 1071 831 et
1087 805 1223 840 opinatur.
1253 805 1312 833 Non
1328 808 1455 840 naturali,
1473 808 1580 842 qualem
1592 815 1689 837 natura

898 849 963 882 ciet,
978 850 1106 885 quoniam
1123 851 1181 878 [nec
1195 856 1235 878 est
1252 852 1415 886 principium
1429 859 1519 881 motus
1533 860 1560 881 et
1575 855 1688 889 quietis.

55 907 113 925 των
119 899 227 934 ἀσχέτῳ
237 899 283 926 καὶ
297 899 423 935 ἀπολύτῳ
433 900 480 926 καὶ
488 900 621 935 ὰσυναφεῖ
628 903 741 936 περιοχῇ
749 922 755 928 .
765 902 791 928 Ἀ
796 910 839 929 πα.-

899 895 952 923 Sed
967 900 1055 922 motus
1073 895 1230 929 immobilis,
1244 902 1271 924 et
1284 898 1379 925 eodem
1395 899 1473 926 modo
1494 907 1524 927 se
1551 901 1687 934 habentis,

55 945 195 981 γορεύσας
208 946 236 972 δὲ
249 945 298 978 τὰς
307 946 433 978 τοιαύτας
447 947 567 982 κινήσεις
581 947 627 973 ἐπὶ
642 947 708 974 Θεοῦ
720 968 727 979 ,
747 948 846 983 μᾶλλον

53 991 83 1018 δὲ
97 991 149 1024 τὰς
165 991 331 1027 σωματικὰς,
348 992 396 1027 τὴν
413 991 514 1028 κύκλῳ,
529 992 578 1028 τὴν
589 994 650 1019 κατ’
666 993 783 1026 εὐθεῖαν,
800 995 847 1021 καὶ

53 1037 106 1073 τὴν
131 1037 282 1073 ἑλικοειδῆ,
307 1038 380 1070 ὅπως
396 1038 448 1074 χρὴ
470 1038 629 1074 Θεοπρεπῶς
649 1039 754 1076 κίνησιν
777 1041 845 1066 νοεῖν

54 1084 104 1110 ἐπὶ
119 1083 188 1110 Θεοῦ
204 1083 344 1120 σαφηνίζει
355 1104 361 1115 ,
379 1085 427 1116 τὰς
442 1085 573 1120 αἰσθητὰς
581 1086 609 1112 ὲν
625 1085 663 1121 τῷ
673 1087 754 1113 παντὶ
768 1087 844 1122 κινή-

55 1138 114 1161 σεις
128 1130 307 1164 ἁναγωγικῶς
324 1131 491 1166 ἑρμηνεύων.
508 1131 564 1167 Τὴν
578 1130 642 1166 γοῦν
657 1133 717 1158 κατ’
738 1132 844 1159 εὐθεῖαν

54 1176 164 1212 κίνησιν
183 1175 296 1212 νοοῦμεν
311 1176 357 1203 ἐπὶ
373 1176 440 1203 Θεοῦ
453 1198 460 1209 ,
475 1177 519 1204 διὰ
533 1178 563 1204 τὸ
579 1177 643 1204 εὐθὺ
658 1178 704 1205 καὶ
725 1178 842 1210 ἀκλινὲς,

54 1222 103 1249 καὶ
117 1223 167 1258 τὴν
181 1223 211 1255 ἐξ
220 1223 302 1250 αὑτοῦ
317 1223 370 1249 τῶν
384 1223 452 1250 ὅλων
467 1224 582 1258 γένεσιν·
599 1224 711 1251 αὐτόθεν
727 1225 781 1260 γὰρ
797 1226 844 1252 καὶ

53 1267 158 1300 εὐθέως
173 1270 189 1304 ὴ
206 1269 312 1302 γένεσις
325 1269 354 1302 ἐξ
369 1269 451 1296 αὑτοῦ
470 1271 538 1301 ἐστι,
556 1270 603 1297 καὶ
612 1271 642 1297 οὐ
657 1271 700 1297 διά
708 1279 788 1298 τινων
804 1273 843 1304 είς

53 1313 135 1340 τοῦτο
152 1314 346 1342 συντελούντων
368 1316 458 1350 τυχόν.
477 1316 560 1343 Τοῦτο
575 1317 603 1343 δὲ
619 1317 779 1353 κρειττόνως
795 1327 843 1346 σα-

54 1360 196 1395 φηνίζεται
207 1380 214 1392 ,
238 1361 264 1388 ετ
275 1369 316 1392 τις
334 1361 388 1388 ἀπὸ
403 1362 457 1388 τῶν
467 1363 597 1389 αἰτιατῶν
611 1364 761 1399 ἀρξάμενος
778 1373 842 1392 σκο-

55 1407 130 1442 ποίη.
149 1408 182 1434 Et
195 1416 221 1434 τι
245 1408 299 1443 γὰρ
318 1408 372 1434 τῶν
397 1408 480 1435 ὅντων
505 1409 551 1436 ἐπὶ
574 1410 635 1436 νοῦν
657 1410 749 1442 λάϐοις
763 1432 770 1443 ,
796 1413 842 1439 ἐπὶ

53 1457 100 1480 τον
117 1454 230 1489 ποιητὴν
246 1454 328 1481 αὐτοῦ
343 1455 500 1490 ἀνατρέχεις
516 1455 625 1488 εὐθέως,
643 1456 712 1484 ὥστε
727 1457 780 1484 ἀπὸ
794 1458 840 1485 τοῦ

54 1500 141 1527 αἰτίου
157 1499 258 1532 εὐθέως
273 1502 312 1532 είς
328 1502 358 1528 τὸ
371 1501 490 1533 αίτιατὸν
504 1503 521 1537 ὴ
543 1503 590 1538 τῆς
607 1503 739 1537 γενέσεως
753 1503 841 1531 ἔννοια

54 1546 185 1582 πρόεισιν.
206 1547 240 1573 Ἣ
254 1547 301 1573 καὶ
316 1546 412 1579 ἄλλως,
427 1548 468 1574 ὅτι
482 1548 531 1584 τὴν
548 1549 618 1575 κατὰ
639 1549 745 1583 γένεσιν
766 1550 841 1586 κίνη-
854 1565 875 1594 c

54 1600 96 1618 σιν
112 1592 217 1619 εὐθεῖάν
240 1601 339 1627 φασιν,
361 1593 398 1624 ὡς
421 1593 520 1625 εὐθέως
542 1594 687 1630 ἐφιεμένης
708 1595 757 1631 τῆς
774 1595 841 1631 ὕλης

53 1637 100 1664 τοῦ
116 1638 201 1670 εἴδους
215 1639 261 1665 καὶ
278 1638 337 1665 καθ’
352 1639 427 1666 αὐτὸ·
444 1639 484 1666 διὸ
499 1640 546 1666 καὶ
564 1641 594 1666 τὸ
614 1638 693 1672 εἶδος,
715 1638 744 1668 οὖ
759 1641 840 1668 ἕνεκα

53 1684 176 1719 λέγεται,
195 1685 275 1711 οἱονεὶ
295 1685 325 1711 τὸ
340 1685 416 1717 τέλος
431 1686 499 1721 πρὸς
521 1686 589 1722 ὅπερ
609 1687 626 1722 ἡ
643 1686 722 1721 φύσις
739 1687 840 1719 εὐθέως

53 1731 154 1766 τρέχει,
174 1731 210 1766 μὴ
236 1732 276 1762 είς
298 1731 364 1758 ἄλλα
385 1731 432 1758 καὶ
449 1732 515 1758 ἄλλα
535 1732 705 1768 ἑλισσομένη,
722 1733 779 1760 ἀλλ’
799 1735 838 1766 είς

53 1777 118 1804 αὐτὸ
133 1777 261 1812 ἀφορῶσα
279 1777 309 1803 τὸ
326 1777 541 1812 σκοπιμώτατον.
566 1779 640 1804 Ἐπεὶ
654 1779 718 1813 γοῦν
734 1780 750 1815 ἡ
768 1780 838 1807 κατὰ

52 1823 156 1857 γένεσιν
172 1823 278 1858 κίνησις
291 1823 392 1855 εὐθέως
405 1823 519 1857 γίνεται,
533 1824 579 1850 τὸν
591 1825 642 1860 τῆς
655 1825 785 1859 γενέσεως
796 1826 838 1852 αἵ-

51 1877 106 1895 τιον
120 1868 276 1903 θεοπρεπῶς
291 1869 349 1895 κατ’
366 1869 471 1896 εύοεῖαν
485 1870 616 1897 κινεῖσθαί
631 1879 729 1906 φαμεν.
745 1872 799 1907 Τὴν
809 1872 837 1899 δὲ

53 1914 185 1950 σταθερὰν
199 1915 312 1950 πρόοδον
327 1916 374 1942 καὶ
388 1915 437 1951 τὴν
459 1916 570 1952 γόνιμον
592 1916 686 1943 στάσιν
704 1917 836 1954 ἑλικοειδῆ

53 1969 150 1996 φαμεν·
169 1961 186 1996 ή
202 1961 313 1997 τοιαύτη
328 1962 382 1997 γὰρ
398 1962 515 1998 κίνησις,
530 1963 615 1989 καὶτὸ
625 1963 754 1999 σταθερὸν
768 1964 834 2000 ἔχει,

51 2007 102 2039 ὃτι,
118 2008 141 2034 εἰ
155 2008 202 2034 καὶ
217 2007 350 2034 ἐκκλίνειν
366 2009 454 2040 ποιεῖ,
469 2008 549 2035 πάλιν
570 2010 609 2041 εἰς
618 2009 648 2035 τὸ
664 2009 730 2036 αὐτὸ
746 2011 792 2037 καὶ
805 2011 836 2038 τὺ

51 2053 138 2087 ὲξίσου
151 2055 206 2085 τοῖς
222 2054 364 2090 προτέροις
375 2055 444 2082 κατὰ
459 2054 492 2081 τὰ
506 2055 585 2085 αὐτὰ,
594 2056 640 2082 καὶ
654 2058 776 2083 κοινωνεῖ
789 2065 836 2083 κα-

51 2100 84 2126 τὰ
97 2099 174 2126 τοῦτο
189 2101 220 2136 τῇ
235 2100 359 2136 κυκλικῇ,
375 2101 422 2127 καὶ
437 2101 486 2137 τὴν
503 2101 614 2137 πρόοδον
634 2101 700 2137 ἔχει,
724 2102 784 2129 καθ’
801 2103 834 2138 ἢν

52 2147 170 2172 κοινωνεῖ
183 2148 216 2182 τῇ
233 2147 293 2173 κατ’
308 2146 414 2173 εὐθεῖαν
429 2148 543 2182 κινήσει.
569 2148 643 2174 Ἐπεὶ
659 2148 724 2182 γοῦν
740 2149 756 2184 ἡ
772 2149 832 2175 κατ’

52 2191 146 2218 εὐθεῖαι
171 2192 274 2227 κίνησις
290 2193 337 2219 ἐπὶ
352 2192 418 2219 Θεοῦ
439 2192 482 2219 διὰ
500 2193 548 2229 τὴν
563 2195 602 2225 είς
622 2194 727 2228 γένεσιν
744 2195 832 2221 αἰτίαν

51 2238 96 2264 καὶ
111 2237 218 2273 πρόοδον
233 2238 439 2274 ὲξελαμὸάνετο,
456 2239 628 2275 λαμῦάνομεν
646 2240 693 2266 καὶ
715 2241 764 2276 τὴν
780 2240 834 2267 ὲλι-
849 2254 870 2281 η

51 2283 138 2318 κοειδῆ
157 2284 280 2319 κίνησιν,
305 2284 343 2320 πῆ
367 2285 432 2320 μὲν,
449 2285 486 2317 ὡς
502 2286 542 2317 εἰς
557 2286 622 2312 αὐτὸ
643 2286 830 2318 καταντῶσαν,

51 2330 93 2357 διὰ
105 2330 134 2356 τὸ
147 2330 284 2366 σταθερὸν,
303 2331 340 2366 τιῆ
355 2331 392 2363 δὲ,
412 2332 450 2363 ὡς
465 2332 667 2368 προερχομένην
687 2332 717 2366 ἐξ
733 2333 832 2368 ἑαυτῆς

51 2377 94 2404 διὰ
106 2378 133 2404 τὸ
147 2379 186 2409 είς
195 2378 229 2404 τὰ
245 2380 383 2414 ποιήματα
394 2379 514 2414 γόνιμον.
538 2379 622 2406 Πάλιν
639 2379 688 2414 τὴν
703 2379 772 2406 κατὰ
783 2379 832 2406 κύ-

51 2423 111 2451 κλον
123 2423 233 2460 λέγομεν
247 2424 364 2460 κίνησιν,
380 2424 423 2451 διὰ
439 2425 470 2451 τὸ
483 2425 589 2456 ταύτὸν,
605 2425 651 2452 καὶ
667 2425 708 2451 ὅτι
725 2426 830 2460 συνέχει

51 2469 142 2496 πάντα.
158 2470 312 2506 Σημείωσαι
326 2469 390 2505 γὰρ,
405 2471 445 2497 ὅτι
460 2470 494 2497 τὰ
510 2471 716 2506 ὑπερϐεϐηκότα
737 2471 831 2505 περιέ-

51 2524 89 2552 χει
103 2516 133 2542 τὰ
146 2516 342 2552 ὑποϐεϐηκότα.
361 2517 450 2553 Ἄκρα
463 2517 527 2551 γοῦν
544 2518 621 2544 καλεῖ
633 2517 683 2549 τὰς
701 2517 830 2544 ἀνωτάτω

50 2562 168 2598 δυνάμεις
182 2563 228 2589 καὶ
243 2563 444 2598 πλησιαζούσας
467 2563 535 2598 Θεῷ,
553 2564 638 2599 μέσας
657 2563 684 2590 δὲ
700 2562 749 2595 τὰς
771 2563 830 2598 μετ²

51 2608 149 2640 ὲκείνας
159 2609 217 2643 μὲν,
226 2608 279 2634 τῶν
286 2608 314 2635 δὲ
322 2608 458 2643 αἰσθητῶν
475 2609 602 2636 ἁπάντων
616 2609 827 2644 ὑπερκειμένας.

53 2654 82 2680 Al
98 2654 141 2688 μὲν
153 2652 198 2680 οὖν
212 2653 346 2681 ἀνώταται
362 2654 575 2690 περιέχουσιτὶς
592 2654 687 2689 μέσας,
702 2654 765 2680 αίδὲ
780 2653 828 2688 μέ-

53 2708 94 2726 σαι
105 2699 136 2726 τὰ
150 2699 272 2735 αἰσθητά.
295 2700 323 2726 '0
339 2700 429 2734 μέντοι
443 2699 508 2731 Θεὸς
529 2700 635 2726 ἅπαντα
653 2699 773 2735 περιέχει
789 2699 827 2730 ὡς

52 2745 140 2777 κύκλος
153 2746 186 2773 τὰ
199 2746 274 2778 ἐντὸς
289 2745 371 2772 αὑτοῦ
380 2745 479 2778 πάντα,
495 2746 540 2772 καὶ
554 2746 594 2777 εἰς
601 2745 696 2772 ἑαυτὸν
711 2745 749 2777 ὡς
759 2745 827 2780 πρὸς

54 2792 128 2818 αἴτιον
136 2792 299 2828 ἐπιστρέφει.

899 941 997 969 dicitur
1010 942 1094 976 ipsius
1107 942 1232 970 voluntas
1247 943 1320 970 circa
1344 951 1375 971 ea
1400 952 1460 979 qua:
1486 950 1560 978 sunt,
1575 951 1602 973 et
1625 954 1688 981 pro-

897 996 1008 1023 gressus
1027 989 1203 1023 providentia:
1225 991 1309 1026 ipsius
1326 992 1359 1018 ad
1376 992 1514 1025 universa,
1531 993 1594 1020 dum
1610 995 1689 1022 adest.

897 1034 1022 1061 omnibus
1038 1041 1086 1069 per
1106 1036 1227 1063 omnium
1251 1035 1556 1071 incomprehensibilem
1585 1044 1612 1066 et
1636 1041 1686 1067 81)-

896 1081 1012 1108 solutam
1034 1088 1060 1109 et
1082 1082 1231 1110 iutactilem
1252 1084 1534 1116 comprehensionem.
1547 1086 1613 1113 Cum
1639 1095 1687 1114 ne-

896 1132 986 1162 gasset
1006 1127 1158 1156 istiusmodi
1187 1131 1212 1156 in
1234 1129 1289 1156 Deo
1314 1132 1457 1164 motiones,
1484 1133 1603 1160 maxime
1622 1142 1686 1162 vero

896 1179 1055 1209 corporeus,
1071 1179 1099 1202 ut
1113 1175 1286 1208 circularem,
1301 1182 1414 1210 rectam,
1430 1183 1457 1205 et
1472 1178 1622 1214 obliquant,
1636 1181 1684 1208 de-

898 1220 986 1248 clarat
1001 1221 1135 1255 quomodo
1151 1223 1344 1250 convenienter
1372 1223 1436 1257 Deo,
1458 1225 1629 1261 intelligenda
1650 1229 1686 1256 sit

895 1267 922 1293 in
937 1266 993 1294 Deo
1009 1268 1101 1300 motio,
1116 1269 1260 1296 sensilivas
1282 1270 1307 1296 in
1324 1270 1450 1298 universo
1472 1273 1604 1300 motiones
1619 1282 1685 1300 aua-

894 1312 989 1347 gogice
1004 1313 1166 1347 explanans.
1182 1315 1220 1341 Ac
1238 1319 1341 1342 rectum
1362 1307 1472 1350 quidem
1489 1323 1590 1345 motum
1607 1319 1685 1346 intel-

894 1357 1003 1393 ligimus
1021 1358 1046 1385 in
1064 1358 1129 1392 Deo,
1152 1365 1262 1394 propter
1285 1360 1476 1389 rectitudinem
1500 1368 1527 1390 et
1549 1363 1684 1392 inﬂexibi-

894 1403 1009 1437 litatem,
1036 1411 1064 1432 et
1094 1406 1281 1434 universorum
1307 1416 1341 1435 ex
1367 1409 1425 1442 ipso
1442 1410 1681 1443 procreationem;

893 1457 942 1486 per
961 1459 991 1479 se
1014 1452 1086 1479 enim
1110 1457 1138 1479 et
1151 1460 1185 1480 ex
1201 1457 1321 1487 tempore
1336 1455 1440 1481 creatio
1455 1463 1487 1482 ex
1504 1455 1561 1490 ipso
1578 1457 1682 1489 existit,

893 1503 922 1524 et
936 1505 988 1525 non
1004 1505 1052 1532 per
1063 1499 1163 1534 aliqua,
1178 1507 1238 1534 qua:
1250 1501 1282 1526 ad
1302 1500 1387 1534 ipsam
1402 1500 1555 1536 disponant,
1572 1503 1681 1532 aeuidit.

893 1543 950 1571 Hoc
972 1550 1061 1572 autem
1086 1545 1182 1572 melius
1208 1546 1373 1578 declaratur,
1398 1547 1419 1574 si
1446 1547 1507 1581 quis
1523 1547 1557 1574 ab
1576 1547 1681 1575 eﬂectis

893 1590 1047 1625 incipiendo
1076 1591 1241 1625 speculetur.
1265 1591 1333 1618 Nam
1363 1592 1385 1619 si
1410 1593 1475 1627 quid
1500 1599 1594 1620 eorum
1621 1602 1681 1628 qua:

892 1640 955 1662 sunt
970 1636 997 1662 in
1013 1641 1130 1664 mentem
1152 1637 1236 1671 capis,
1260 1642 1332 1664 recta
1355 1639 1387 1665 ad
1408 1644 1544 1666 auctorem
1561 1639 1620 1674 ejus
1635 1649 1680 1666 ae-

889 1682 988 1714 curris,
1016 1681 1052 1708 ita
1072 1687 1101 1708 ut
1124 1689 1139 1708 a
1155 1689 1237 1709 causa
1258 1683 1350 1709 statim
1376 1683 1409 1710 ad
1424 1683 1550 1711 effectum
1565 1692 1679 1719 genera-

889 1726 972 1753 tionis
991 1726 1141 1754 intellectio
1161 1727 1305 1761 pertingat.
1324 1727 1370 1754 Vel
1393 1729 1474 1755 etiam
1504 1728 1596 1762 aliter,
1613 1731 1678 1764 quia

888 1778 990 1799 motum
1005 1773 1153 1800 secundant
1168 1774 1369 1808 generationem
1393 1779 1497 1801 rectum
1512 1782 1572 1802 esse
1590 1775 1678 1808 aiunt,

888 1818 952 1845 dum
969 1819 1084 1846 materia
1100 1826 1197 1854 nempe
1219 1823 1293 1847 recta
1311 1825 1338 1847 et
1358 1827 1405 1855 per
1422 1828 1450 1847 se
1468 1821 1582 1848 lormam
1600 1829 1680 1856 appo-

889 1864 937 1896 tit;
951 1871 1036 1899 quare
1057 1864 1138 1891 etiam
1155 1863 1252 1897 forma,
1278 1863 1354 1897 cujus
1376 1865 1463 1899 gratia
1484 1871 1543 1891 esse
1566 1864 1676 1898 dicitur,

886 1911 963 1944 quasi
976 1910 1038 1937 linis
1047 1911 1082 1938 sit
1092 1909 1172 1945 500
1183 1910 1215 1937 ad
1226 1917 1306 1945 quem
1319 1915 1414 1938 natura
1429 1916 1502 1939 recta
1516 1916 1619 1944 currat,
1630 1919 1676 1938 ne-

886 1964 1021 1992 quaquam
1037 1957 1098 1985 aliis
1109 1963 1192 1993 atque
1208 1958 1268 1985 aliis
1284 1965 1314 1985 se
1337 1957 1510 1992 implectens,
1526 1958 1573 1985 sed
1588 1957 1621 1984 ad
1649 1958 1675 1984 id

886 2005 957 2040 quod
982 2005 1101 2032 maxime
1118 2006 1286 2041 propositum
1302 2010 1344 2032 est
1360 2007 1476 2033 intuens.
1500 2005 1566 2033 Cum
1583 2005 1675 2040 itaque

885 2056 975 2079 motus
1002 2052 1036 2084 is,
1063 2053 1110 2088 qui
1131 2053 1279 2080 secundum
1302 2052 1505 2087 generationem
1524 2057 1575 2085 est,
1601 2059 1674 2080 recta

885 2097 943 2129 tiat,
972 2103 1109 2125 auctorem
1129 2098 1322 2133 generationis,
1349 2105 1380 2124 eo
1399 2105 1452 2132 quo
1476 2097 1531 2125 Deo
1547 2099 1673 2125 convenit

885 2143 976 2174 modo,
994 2149 1068 2171 recta
1086 2144 1186 2171 moveri
1211 2143 1334 2170 dicimus.
1354 2143 1484 2170 Stabilem
1502 2148 1592 2171 autem
1608 2151 1673 2178 pro-

883 2196 1008 2225 gressum
1034 2194 1062 2216 et
1083 2189 1228 2217 fecundum
1252 2193 1352 2216 statum
1377 2189 1492 2216 dicimus
1517 2190 1672 2225 obliquum;

886 2234 947 2261 talis
964 2234 1036 2261 enim
1062 2239 1152 2261 motus
1175 2239 1202 2261 et
1223 2234 1398 2262 stabilitatem
1425 2235 1516 2266 habet.
1544 2237 1671 2271 quoniatn

886 2281 949 2309 licet
962 2280 1093 2308 inclinare
1115 2280 1205 2312 faciat,
1227 2288 1332 2308 rursum
1356 2281 1382 2307 in
1408 2282 1514 2314 eodem,
1533 2283 1615 2309 etiam
1636 2291 1670 2310 ex

884 2333 972 2360 aequo,
996 2326 1134 2360 prioribus
1150 2327 1298 2354 secundum
1323 2328 1417 2354 eadem
1443 2333 1470 2355 et
1489 2330 1671 2357 communicat

884 2372 973 2406 quoad
999 2372 1051 2399 hoc
1081 2379 1142 2398 cum
1160 2371 1298 2405 circulari,
1325 2377 1352 2399 et.
1383 2381 1554 2408 progressum
1579 2376 1669 2409 habet,

883 2417 1031 2444 secundum
1048 2424 1126 2451 quem
1140 2419 1323 2446 communicat
1336 2427 1396 2446 cum
1415 2426 1487 2448 motu
1506 2425 1587 2448 recto.
1602 2422 1669 2449 Cum

883 2462 974 2498 itaque
990 2469 1081 2491 motus
1103 2469 1193 2491 rectus
1213 2464 1238 2492 in
1260 2465 1314 2492 Deo
1333 2473 1414 2493 causa
1429 2468 1615 2501 generationis
1629 2473 1670 2494 at-

882 2516 935 2543 que
957 2510 1137 2543 processionis
1164 2516 1290 2546 acceptus
1314 2512 1359 2545 sit,
1386 2513 1534 2547 accipimus
1560 2521 1668 2548 quoque

882 2560 985 2582 motum
1009 2556 1171 2591 obliquum,
1197 2558 1296 2593 partim
1323 2559 1450 2593 quidem,
1477 2564 1604 2594 tanquam
1640 2563 1666 2588 in

881 2601 952 2628 idem
982 2607 1167 2636 remeantem,
1192 2610 1303 2639 propter
1331 2605 1531 2638 constantiam;
1566 2606 1666 2640 partim

880 2655 944 2675 vero
959 2653 1086 2683 tanquam
1103 2657 1136 2676 ex
1159 2651 1247 2684 seipso
1262 2651 1451 2684 prodeuntem,
1464 2657 1573 2686 propter
1588 2659 1666 2679 crea-

880 2699 1003 2722 turarum
1029 2695 1234 2724 fecunditatem.
1250 2696 1366 2724 Rursum
1385 2698 1546 2725 circularem
1563 2703 1666 2725 motuin

880 2742 997 2769 dicimus
1017 2748 1127 2777 propter
1139 2743 1306 2770 identitatem
1320 2764 1328 2776 ,
1342 2749 1369 2771 et
1387 2745 1459 2779 quod
1472 2745 1561 2771 omnia
1578 2745 1666 2772 conti-

879 2792 953 2815 neat.
970 2788 1037 2815 Nola
1050 2790 1133 2822 enim,
1153 2790 1295 2824 superiora
1310 2790 1449 2818 continere
1473 2791 1517 2817 illa
1543 2799 1602 2825 qua:
1621 2791 1665 2816 in-

53 2838 143 2865 feriora
169 2843 241 2865 sunt.
264 2838 393 2865 Extrema
416 2837 497 2872 igitur
519 2841 599 2864 vocat
627 2843 770 2872 supremas
789 2835 848 2862 illas
865 2834 979 2861 virtutes
1002 2834 1110 2869 Deoque
1131 2836 1308 2870 propinquas,
1329 2836 1430 2863 medias
1453 2843 1517 2862 vero
1545 2843 1606 2870 quin
1624 2835 1664 2869 ip~

54 2893 94 2913 sas
107 2889 250 2920 sequntur,
271 2885 413 2914 inferiores
429 2885 562 2919 denique,
579 2888 690 2912 naturas
715 2884 837 2911 omnium
856 2881 1008 2910 sensilium.
1031 2882 1170 2918 Suprema:
1189 2883 1280 2917 itaque
1298 2882 1441 2910 continent
1467 2881 1587 2912 medias.
1603 2887 1663 2908 me-
