1929 3061
235 147 288 175 955

815 143 844 173 S.
863 144 1012 173 DIONYSII
1030 144 1263 173 AREOPAGI’I‘JE

1828 147 1881 175 956

237 206 287 233 dize
303 212 368 233 vero
382 212 426 233 res
444 204 571 233 sensiies.
587 204 674 233 Porro
691 204 763 232 Deus
777 204 870 232 omnia
894 205 1032 237 continet,
1048 205 1120 232 sicut
1142 204 1265 232 circulus
1290 204 1381 231 omnia
1412 210 1472 239 quae
1493 203 1519 231 in
1539 204 1597 238 ipso
1617 207 1693 237 sunt,
1715 209 1744 233 et
1762 205 1798 232 ad
1825 207 1880 232 sci-

235 260 313 287 psum
333 259 463 288 tauquam
479 253 512 280 ad
524 260 634 279 causam
651 253 795 280 convertit.

273 300 286 336 §
302 300 335 326 X.
352 299 488 333 Denique,
504 300 526 326 si
543 300 605 333 quis
618 299 688 327 idem
706 303 734 326 et
747 299 850 334 justum
868 307 918 334 pro
931 299 1025 334 aequali
1043 305 1064 332 Α

237 347 353 380 accipiat
374 346 519 381 (siquidem
544 346 615 372 idem
638 347 788 372 secundum
808 346 900 372 omnia
923 346 1028 380 aaquale

237 401 270 420 ac
282 393 370 420 simile
384 398 435 424 est,
449 397 476 420 et
489 393 596 427 justitia
612 391 754 419 distribuit
767 391 963 426 mqualitatem)
977 392 1027 418 hoc

236 439 319 467 etiam
335 439 477 467 dicendum
498 444 551 471 est,
570 439 653 465 Deum
669 437 801 473 aequalem
825 438 889 469 dici,
909 446 961 465 non
981 445 1027 464 so-

237 487 291 514 lum
307 491 336 514 ut
357 487 473 521 partium
491 490 631 520 expertem
656 485 740 520 (quod
762 485 834 512 enim
857 485 958 519 aliquid
983 492 1028 512 se-

236 533 354 560 cundum
375 537 460 560 totum
475 537 613 566 exaequat,
631 540 684 560 non
707 531 790 558 liabet
807 536 912 566 partem
928 538 1028 558 secun-

237 578 299 604 dum
316 585 395 612 quam
415 578 456 604 vel
473 578 614 608 redundet,
639 577 680 604 vel
698 577 818 612 deﬁciat)
836 584 930 603 verum
944 576 1026 603 etiam

237 623 313 657 quasi
331 631 363 650 cx
379 631 457 657 aequo
472 627 569 649 cuncta
587 623 720 658 pervadit,
733 627 761 649 et
781 627 910 657 tanquam
927 621 1025 656 ipsius-

236 675 292 696 met
312 669 481 703 mqualitatis
496 669 608 696 ellector
630 669 680 703 (uti
707 668 823 696 diximus
845 668 920 703 prius
943 666 1027 701 ipsius

236 714 434 744 similitudinis)
452 714 600 742 secuudmn
615 721 696 748 quam
718 719 839 741 mutuam
857 714 1027 748 penetratio-

236 768 297 788 nem
313 768 344 788 ex
361 769 438 795 aequo
451 766 588 795 procurrat,
612 765 641 787 ut
663 761 690 787 in
713 760 869 793 elementis,
892 760 1024 794 siquidem

237 808 333 835 borum
357 807 449 834 mistio
473 815 505 833 ex
529 814 607 841 aequo
629 807 669 839 (it,
690 811 718 834 et
738 807 800 834 dum
824 807 849 834 in
867 805 1025 840 compositis

236 861 289 880 nou
306 853 524 887 praeponderaut,
550 852 642 879 muudi
663 852 745 880 eﬂicit
768 853 973 888 generationes.
995 853 1024 880 Si

236 898 308 925 enim
326 898 435 932 aliquod
458 898 621 925 elementum
643 899 786 930 redundet,
809 898 834 925 id
856 899 926 933 quod
950 899 1024 934 geni-

236 948 292 971 tum
318 951 360 971 est
381 945 575 978 corrumpitur.
600 944 666 972 Cum
693 951 759 971 vero
786 945 853 972 dicit
875 945 1023 980 participa-

236 990 336 1017 tionem
352 989 495 1024 aequaliter
516 990 752 1026 participantium,
777 998 813 1017 ne
831 992 874 1018 cui
900 991 1026 1018 videatur

235 1036 336 1067 dicere,
362 1036 434 1070 quod
462 1036 553 1062 omnia
582 1036 724 1070 aequaliter
748 1036 970 1070 sanctiﬁccntur,
998 1041 1026 1065 ct.

235 1081 376 1116 aequaliter
401 1081 596 1113 illuminentur,
624 1082 800 1116 semetipsum
822 1081 963 1116 explicuit,
982 1082 1023 1108 di-

234 1135 300 1155 cens
321 1136 329 1155 :
354 1128 508 1155 Secundum
530 1128 662 1162 cujusque
682 1128 860 1162 capacitatem
885 1132 913 1154 et
939 1127 1026 1160 digni-

236 1173 300 1200 tatis
315 1173 508 1207 aequalitatem.
525 1173 557 1199 Et
574 1180 668 1200 rursus
681 1173 829 1200 secundum
845 1173 927 1200 alium
944 1172 1022 1208 501

235 1218 346 1245 modum
369 1219 440 1246 Deus
465 1218 576 1253 aequalis
596 1217 703 1250 dicitur,
721 1223 855 1252 quatenus
876 1219 1023 1245 secundum

235 1264 364 1291 virtutem
385 1263 549 1298 mqualitatis
570 1263 736 1291 ell‘cctricem
759 1271 867 1291 omnem
884 1263 1023 1298 :cqualita-

237 1314 292 1336 tem
314 1309 491 1344 anticipavit,
512 1309 591 1344 juxta
616 1310 859 1344 praedeliuitiouem
879 1309 944 1337 alibi
966 1315 1024 1337 tra-

235 1353 551 1390 ditam;'iutellectilem,
572 1364 632 1391 qua:
653 1357 702 1384 sub
723 1364 832 1384 sensum
859 1365 913 1384 non
939 1357 1023 1390 cadit,

235 1402 340 1430 Scilicet
367 1403 541 1438 angelorum;
564 1403 773 1437 intelligenteut,
801 1411 861 1438 qua:
883 1403 1024 1439 simplices

234 1455 262 1477 et
275 1450 374 1478 liberas
396 1451 479 1478 habet
500 1451 707 1483 intellectiones.
728 1452 786 1480 sive
806 1454 904 1481 mentis
926 1461 1024 1481 secun-

235 1496 298 1522 dum
316 1504 363 1529 se;
378 1497 550 1531 rationalem,
562 1505 622 1533 quae
638 1506 685 1533 per
702 1499 834 1526 rationem
851 1503 879 1526 et
899 1500 1022 1534 specula-

236 1542 335 1569 tionem
353 1551 443 1570 rerum
462 1544 584 1571 notiones
599 1545 722 1579 suscipit,
745 1545 898 1572 animarum
918 1545 1024 1573 scilicet

235 1587 426 1622 rationalium;
448 1590 623 1622 sentientem,
646 1597 706 1624 qua:
728 1590 778 1617 sub
806 1598 915 1618 sensum
937 1591 1019 1623 cadit,

234 1634 292 1661 sive
307 1635 424 1669 partium
442 1636 549 1669 mutuli,
568 1643 629 1671 qua:
650 1636 807 1663 dividuntur
821 1637 847 1664 in
862 1637 1021 1664 essentialcs
1036 1650 1057 1677 ο

234 1686 268 1706 ac
285 1680 434 1712 naturales,
451 1680 476 1707 id
496 1685 537 1708 est
557 1681 584 1708 iu
609 1689 652 1708 res
671 1682 845 1709 insensibiles
859 1689 891 1710 ac
912 1690 1022 1717 prorsus

235 1724 400 1757 immobiles,
416 1730 443 1752 et
462 1733 509 1753 eas
529 1733 588 1760 qua)
609 1727 753 1761 aliqualetn
776 1733 879 1754 motum
900 1727 1019 1761 habent;

234 1774 360 1798 naturam
374 1773 446 1799 enim
464 1772 597 1799 dciiuiuut
611 1773 772 1808 principium
793 1780 883 1802 motus
900 1780 927 1802 et
944 1775 1020 1809 quie-

1113 296 1127 332 §
1143 297 1177 323 X.
1195 297 1227 323 El
1241 296 1269 323 δέ
1285 305 1327 328 τις
1341 297 1371 323 τὸ
1386 297 1484 324 ταύτὸν
1498 297 1545 324 καὶ
1560 296 1700 324 τὸδίκαιον
1715 299 1758 330 είς
1770 299 1804 325 τὺ
1819 299 1878 326 [σον

1081 342 1295 378 μεταλαμϐάνει,
1313 342 1420 378 (ταύτὸν
1435 343 1489 379 γὰρ
1503 343 1533 370 τὸ
1549 343 1619 370 κατὰ
1648 343 1736 371 πάντα
1754 345 1814 372 τσον
1831 347 1878 372 καὶ

1078 390 1182 425 ὅμοιον,
1198 390 1245 416 καὶ
1260 389 1416 424 δικαιοσύνη
1430 391 1446 425 ἡ
1462 389 1509 416 τοῦ
1526 389 1584 416 ἴσου
1606 389 1808 427 διανεμητική’)
1829 394 1879 427 ρη-

1078 435 1138 462 τέον
1153 435 1200 462 καὶ
1215 435 1305 466 τοῦτο,
1322 436 1362 462 ὅτι
1378 435 1435 467 ἴσος
1448 435 1555 469 λέγεται
1568 436 1582 462 ὁ
1599 435 1675 468 Θεὸς,
1691 437 1721 463 οὐ
1740 437 1823 472 μόνον
1839 439 1879 470 ὡς

1078 481 1194 517 ἀμερὴς,
1211 481 1251 516 (τὸ
1273 481 1327 517 γὰρ
1342 480 1464 514 ὲξισάζον
1479 482 1512 508 δι’
1526 482 1586 508 ὅλου
1603 482 1672 517 πρὸς
1690 491 1728 515 τι,
1752 484 1803 510 οὐκ
1819 485 1877 520 ἔχει

1079 528 1162 563 μέρος
1189 527 1257 554 καθὸ
1276 528 1292 563 ἢ
1316 528 1540 564 πλεονεκτήσειῆ
1566 530 1783 565 μειονεκτήσευ)
1806 530 1876 557 ἀλλὰ

1078 574 1125 600 καὶ
1140 573 1178 605 ὡς
1192 573 1290 609 ἐπίσης
1305 574 1351 600 ἐπὶ
1366 574 1453 601 πάντα
1468 574 1567 609 φοιτῶν
1579 595 1586 606 ,
1602 575 1650 602 καὶ
1664 575 1703 607 ὡς
1719 576 1875 612 ὑποστάτης

1077 620 1126 655 τῆς
1146 620 1345 655 αὐτοῖσότητος,
1368 619 1416 654 (ὼς
1429 619 1557 655 ἐλέγομεν
1568 620 1699 656 πρότερον
1714 621 1762 656 τῆς
1777 622 1874 648 αὐτοθ-

1079 666 1244 702 μοιότητος,)
1265 667 1326 693 καθ’
1343 667 1375 702 ἣν
1394 660 1513 702 ἰσουργεῗ
1532 667 1581 703 τὴν
1596 667 1629 694 δι’
1645 667 1766 703 ἀλλήλων
1780 668 1873 704 χώρη-

1079 720 1131 744 σιν,
1148 712 1187 744 ὡς
1203 713 1250 739 ἐπὶ
1263 713 1317 739 τῶν
1333 713 1482 748 στοιχείων·
1493 713 1509 748 ὴ
1520 713 1574 748 γὰρ
1589 714 1687 749 ἐπίσης
1703 715 1802 749 κρᾶσις
1811 719 1875 741 του-

1078 767 1142 790 των,
1159 759 1205 785 καὶ
1220 759 1251 785 τὺ
1269 759 1305 795 μὴ
1324 759 1565 794 ὺπερταλαντεύειν
1582 760 1610 786 ἐν
1632 761 1688 790 τοῖς
1703 761 1873 796 συγκρίμασι

1076 804 1125 836 τὰς
1134 805 1252 839 γενέσεις
1267 805 1313 831 τοῦ
1331 805 1434 840 κόσμου
1460 806 1540 831 ποιεῖ.
1563 805 1594 831 El
1611 805 1664 841 γάρ
1680 815 1706 832 τι
1722 806 1776 833 τῶν
1801 815 1874 833 στοις

1077 850 1157 885 χείων
1171 850 1339 882 πλεονάσειε,
1358 850 1498 886 φθείρεται
1513 851 1544 877 τὸ
1560 851 1710 886 γινόμενον.
1734 851 1829 878 Εἰπὼν
1845 852 1874 878 δὲ

1075 897 1124 932 τὴν
1139 897 1192 923 τῶν
1217 897 1477 932 μεταλαμϐανόντων
1498 897 1596 932 ἐπίσης
1618 897 1752 934 μετοχὴν,
1773 898 1818 924 ἵνα
1835 898 1874 933 μή

1075 952 1129 970 τινι
1144 943 1208 980 δόξῃ
1221 944 1309 978 λέγειν
1323 944 1363 970 ὅτι
1373 943 1472 979 ἐπίσης
1485 943 1521 970 τὰ
1535 943 1623 971 πάντα
1638 944 1809 978 ἁγιάζονται.
1826 946 1877 972 καὶ

1077 990 1176 1025 ἐπίσης
1189 990 1362 1024 φωτίζονται,
1378 990 1566 1026 ὲπεξηγήσατο
1582 991 1690 1023 ἑαυτὸν,
1707 991 1875 1018 είπώψΚα-

1077 1035 1112 1062 τὰ
1127 1036 1179 1071 τὴν
1195 1036 1310 1063 ἑκάστου
1327 1036 1532 1072 ἐπιτηδειότητα
1542 1036 1627 1063 καὶτὸ
1643 1037 1699 1063 ἴσον
1714 1037 1765 1072 τῆς
1780 1038 1872 1070 ἀξίας.

1077 1083 1132 1109 Καὶ
1147 1084 1206 1109 κατ’
1223 1083 1302 1110 ἄλλον
1319 1083 1398 1110 πάλιν
1414 1083 1514 1118 τρόπον
1538 1083 1594 1110 ἴσον
1609 1083 1640 1110 τὸ
1655 1083 1732 1110 Θεῖον
1749 1083 1872 1117 λέγεται,

1075 1128 1144 1156 διότι
1161 1129 1231 1156 κατὰ
1244 1129 1292 1164 τὴν
1307 1129 1411 1156 ἑαυτῶν
1430 1128 1572 1164 ποιητικὴν
1588 1129 1636 1165 τῆς
1653 1129 1775 1164 ἰσότητος
1791 1130 1873 1157 δύνα-

1077 1183 1123 1210 μιν
1143 1176 1232 1202 πᾶσαν
1247 1176 1357 1211 ἰσότητα
1373 1175 1532 1211 προείληφε,
1548 1175 1619 1202 κατὰ
1626 1175 1671 1202 τὸν
1680 1176 1726 1202 καὶ
1735 1177 1764 1202 ὲν
1779 1176 1872 1208 ἄλλοις

1077 1220 1194 1256 ῥηθέντα
1211 1221 1388 1257 προορισμόνο
1406 1221 1514 1257 νοητὴν,
1533 1221 1581 1257 τὴν
1597 1222 1722 1257 αἰσθήσει
1736 1223 1786 1258 οὐχ
1805 1223 1871 1249 ὑπο-

1076 1267 1236 1299 πίπτουσαν,
1261 1266 1309 1302 τὴν
1331 1267 1386 1294 τῶν
1407 1267 1530 1301 ἀγγέλων
1556 1267 1665 1303 δηλαδή⁶
1689 1267 1797 1303 νοερὰν,
1822 1269 1871 1304 τὴν

1076 1313 1169 1345 ἁπλῶς
1186 1314 1232 1340 καὶ
1247 1313 1387 1346 ἁπολύτως
1402 1313 1452 1345 τὰς
1469 1314 1574 1349 νοήσεις
1590 1313 1715 1349 ἔχουσαν,
1726 1315 1812 1350 ἤγουν
1820 1315 1869 1350 τὴν

1075 1359 1122 1386 τοῦ
1139 1360 1197 1391 νοὸς
1212 1360 1271 1386 κατ’
1282 1360 1372 1386 αὑτὸν·
1383 1359 1506 1395 λογικὴν,
1521 1359 1570 1396 τὴν
1585 1360 1630 1387 διὰ
1644 1361 1722 1394 λόγου
1738 1361 1787 1388 καὶ
1802 1361 1868 1388 θεω-

1076 1405 1136 1441 ρίας
1150 1405 1199 1437 τὰς
1215 1405 1267 1432 τῶν
1277 1406 1360 1433 ὄντων
1370 1406 1485 1440 γνώσεις
1501 1406 1648 1442 δεχομένην
1658 1427 1665 1438 ,
1682 1407 1736 1434 τῶν
1750 1407 1868 1442 λογικῶν

1073 1452 1167 1487 ψυχῶν
1179 1452 1309 1488 δηλονότι·
1326 1453 1468 1488 αἰσθητὴν,
1491 1453 1540 1488 τὴν
1562 1454 1594 1489 τῇ
1618 1453 1743 1489 αἰσθήσει
1767 1455 1867 1481 ὑποπί-

1075 1507 1204 1530 πτουσαν,
1215 1498 1304 1526 εἴτουν
1315 1499 1364 1534 τὴν
1374 1498 1426 1525 τῶν
1436 1499 1526 1534 μερῶν
1534 1499 1579 1525 τοῦ
1591 1499 1787 1534 κόσμου,ᾶπερ
1798 1499 1866 1526 διαι‹

1075 1545 1183 1580 ροῦνται
1197 1546 1237 1577 είς
1251 1545 1366 1580 οὖσιώδη
1381 1545 1430 1572 καὶ
1451 1545 1564 1579 φυσικὰ,
1579 1546 1717 1573 τουτέστιν
1733 1546 1774 1578 εἷς
1788 1555 1818 1573 τε
1835 1546 1867 1573 τὰ

1074 1591 1244 1627 ἀναισθήτως
1260 1592 1306 1618 καὶ
1322 1591 1410 1627 πάντη
1421 1592 1557 1627 ἀκινήτως
1573 1592 1647 1623 ὄντα,
1659 1593 1705 1619 καὶ
1715 1593 1755 1624 εἰς
1770 1594 1807 1619 τὰ
1819 1596 1866 1627 τήν

1073 1637 1215 1664 ὁποιανοῦν
1233 1637 1329 1673 ἔχοντα
1346 1638 1462 1673 κίνησιν·
1486 1638 1535 1674 τὴν
1557 1637 1612 1673 γὰρ
1626 1637 1706 1672 φύσιν
1721 1638 1812 1673 ἀρχὴν
1826 1647 1866 1664 xz-

1075 1684 1178 1719 νήσεως
1200 1685 1247 1709 καὶ
1264 1683 1382 1718 ἠρεμίας
1404 1682 1549 1718 ὁρίζονται·
1573 1682 1687 1718 θελητὴν
1708 1683 1736 1709 δὲ
1757 1683 1865 1718 [arma

1073 1731 1123 1766 τὴν
1140 1730 1335 1766 προαιρετικὴν
1351 1737 1443 1764 φησιν,
1463 1729 1497 1764 ἣν
1519 1728 1640 1761 θέλοντες
1661 1729 1707 1755 καὶ
1723 1730 1757 1755 ὲκ
1771 1738 1865 1764 προαι-

1075 1777 1176 1812 ρέσεως
1191 1775 1412 1812 κατορθούμενοι,
1422 1775 1457 1801 τὰ
1472 1775 1562 1801 δίκαια
1576 1774 1759 1810 ἐργαζόμεθα.

234 1816 285 1847 tis;
303 1817 483 1845 voluntariam
504 1827 567 1846 vero
585 1820 766 1854 mqualitatem
781 1826 879 1847 vocant
889 1828 950 1848 eam
965 1829 1025 1856 qua:
1041 1827 1129 1856 potest
1147 1823 1258 1858 eligere,
1279 1829 1362 1856 quant
1394 1821 1505 1856 quando
1527 1820 1661 1854 volumus,
1682 1827 1710 1848 et
1736 1829 1772 1849 ex
1794 1822 1865 1849 arbi-

234 1862 280 1890 trii
295 1862 421 1891 libertate
444 1870 517 1892 recte
533 1866 704 1900 ordinamus,
726 1875 757 1895 ea
780 1875 840 1902 qua:
861 1868 934 1902 justa
964 1873 1029 1895 sunt
1055 1868 1170 1904 agimus.

248 1953 1854 1967 -Ἣ

490 2019 681 2064 CAPUT
715 2020 778 2064 Χ.

234 2084 272 2113 Dc
288 2087 463 2114 omnileneule
476 2108 482 2118 ,
503 2088 613 2121 antiquo
627 2088 749 2120 dierum;
773 2089 799 2115 in
818 2097 869 2123 quo
890 2089 971 2116 etiam
985 2089 1018 2116 de

392 2132 445 2150 wua
470 2131 516 2150 seu
533 2125 679 2150 (utentium
693 2130 715 2150 et
731 2129 856 2158 tempore.

881 2201 1049 2230 SYNOPSIS

1277 2015 1599 2059 ΚΕΦΑΛΑΙΟΝ
1618 2012 1664 2056 1⁷.

1071 2089 1141 2123 Περὶ
1154 2087 1400 2123 παντοκράτορος)
1423 2085 1552 2123 παλαιοῦ
1573 2084 1705 2123 ἡμερῶν·
1723 2084 1761 2110 ἐν
1775 2082 1800 2116 ᾦ
1818 2083 1864 2110 καί

1266 2120 1453 2156 περὶαὶῶννος
1474 2120 1522 2146 καὶ
1545 2121 1666 2155 χρόνου.

1069 2201 1216 2229 CAPlTlS.

234 2271 256 2300 l.
271 2271 352 2303 Dicit,
367 2272 436 2298 unde
453 2271 525 2298 Deus
542 2272 647 2299 dicatur
661 2271 860 2307 παντοκράτωρ
871 2280 916 2298 seu
934 2272 1107 2298 omnilenens.
1124 2270 1154 2297 ll.
1173 2270 1249 2307 Unde
1260 2269 1346 2296 dictus
1365 2269 1398 2295 sit
1411 2269 1534 2303 antiquus
1548 2267 1662 2294 diuum.
1678 2265 1724 2294 Ill.
1742 2266 1818 2300 Quid
1833 2267 1862 2293 sit

660 2305 780 2341 tempus,
799 2313 821 2333 et
838 2305 971 2333 dzlemitas
985 2315 1031 2333 seu
1046 2315 1140 2334 rerum.
1156 2312 1180 2332 et
1192 2305 1287 2340 quibus
1303 2309 1440 2338 competat.

1009 2364 1070 2402 ει.

270 2436 323 2463 Sed
357 2441 464 2469 tempus
487 2440 529 2462 est
553 2437 679 2463 oratione
701 2442 794 2465 nostra
819 2438 902 2465 Deum
925 2438 1018 2466 multi-
1035 2440 1056 2467 D

232 2482 367 2514 nomium,
383 2486 412 2508 ut
425 2481 651 2514 omnitenentem,
665 2486 692 2509 et
706 2487 734 2509 ut
748 2483 888 2517 antiquum
900 2484 1014 2518 dierum.

232 2527 408 2563 praedicandi.
425 2527 464 2553 Ac
478 2527 653 2554 omuiteneus
675 2528 784 2560 quidem
808 2529 919 2562 dicitur,
944 2531 1016 2565 quod

233 2574 290 2608 ipse
305 2573 341 2599 sit
352 2572 472 2600 omnium
485 2572 574 2604 sedes,
589 2573 679 2599 omnia
691 2574 833 2601 continens
850 2580 931 2610 atque
945 2583 1016 2602 com-

232 2619 361 2654 plectens,
382 2623 411 2646 et
432 2624 528 2645 cuncta
549 2618 709 2651 stabilieus,
727 2619 844 2647 fundatis
856 2625 936 2656 atque
952 2629 1016 2649 con-

230 2665 376 2700 stringens,
395 2669 423 2693 et
441 2665 597 2692 universqu
619 2665 763 2693 insolubile
788 2667 815 2694 in
837 2669 927 2703 seipso
944 2677 1015 2704 pne-

230 2715 316 2744 slaus,
330 2717 358 2738 et
371 2719 405 2738 ex
414 2718 454 2744 se,
466 2710 548 2737 veluti
560 2717 594 2737 ex
606 2711 790 2739 ontniteuente
803 2715 903 2747 radice,
917 2722 1014 2742 cuncta

230 2758 404 2791 producens,
436 2762 517 2791 atque
538 2756 571 2783 ad
586 2763 615 2783 se
629 2776 636 2789 ,
667 2761 794 2792 tauquam
819 2761 851 2787 ad
877 2760 990 2788 fututum
1004 2782 1012 2794 ,

1108 2438 1176 2474 Ὦρα
1192 2438 1223 2473 δὴ
1239 2437 1277 2473 τῷ
1293 2437 1364 2472 λόγῳ
1379 2437 1424 2464 τὸν
1441 2435 1616 2470 πολυώνυμον
1631 2434 1714 2465 Θεὸν,
1738 2434 1778 2466 ὡς
1795 2444 1859 2462 παν-

1069 2485 1236 2520 τοκράτορα,
1262 2484 1308 2510 καὶ
1330 2483 1368 2514 ὡς
1390 2482 1502 2509 παλαιὸν
1532 2481 1642 2516 ἡμερῶν
1671 2481 1803 2516 ὑμνῆσαι.
1827 2482 1860 2507 Τὸ

1071 2529 1121 2564 μὲν
1137 2529 1191 2565 γὰρ
1206 2529 1314 2563 λέγεται
1330 2528 1374 2554 διὰ
1388 2528 1418 2553 τὸ
1438 2527 1546 2554 πάντων
1568 2525 1648 2551 αὐτὸν
1671 2523 1740 2551 εἶναι
1764 2535 1860 2552 παντο-

1070 2575 1234 2611 κρατορικὴν
1256 2574 1352 2610 ἕδραν.
1379 2573 1540 2608 συνέχουσαν
1561 2571 1609 2598 καὶ
1630 2571 1813 2606 περιέχουσαν
1827 2573 1861 2599 τὰ

1068 2622 1132 2654 ὅλα,
1151 2622 1197 2648 καὶ
1220 2620 1411 2655 ἐνιδρύουσαν,
1436 2619 1482 2645 καὶ
1505 2616 1696 2653 θεμελιοῦσαν,
1718 2618 1765 2644 καὶ
1781 2626 1859 2653 περι-

1070 2669 1234 2704 σφίγγουσαν
1244 2688 1251 2699 ,
1275 2667 1322 2694 καὶ
1345 2666 1464 2702 ὰρῤαγὲς
1487 2666 1516 2691 ἐν
1540 2665 1621 2699 ἑαυτῇ
1636 2663 1658 2680 ⁸³
1674 2664 1706 2690 τὸ
1722 2664 1777 2690 πᾶν
1793 2664 1860 2690 ἁπο-

1066 2715 1205 2745 τελοῦσαν,
1223 2714 1270 2740 καὶ
1286 2712 1315 2744 ἐξ
1330 2712 1414 2747 αὐτῆς
1431 2711 1466 2737 τὰ
1487 2711 1550 2742 ὅλα,
1575 2709 1702 2745 καθάπερ
1723 2711 1758 2736 ὲκ
1781 2710 1859 2745 ῥίζης

1067 2760 1328 2796 παντοκρατορικῆς,
1347 2758 1528 2794 προάγουσαν,
1552 2756 1598 2782 καὶ
1613 2757 1653 2787 είς
1670 2756 1770 2791 ἑαυτὴν
1780 2756 1807 2771 ⁸⁸
1823 2753 1858 2781 τὰ

881 2818 997 2846 ΥΜΗιΕ
1018 2818 1218 2845 LECTIONES.

269 2872 291 2887 "“
308 2874 335 2898 ἐν
350 2872 431 2909 αὐτῇ,
445 2876 474 2902 D.
519 2877 541 2892 ⁵ο
558 2877 596 2908 εἰς
614 2877 707 2912 αὐτὴν,
727 2878 754 2903 S.
770 2877 797 2902 l’.
