1929 3061
96 168 151 198 937

634 172 678 202 DE
695 172 820 202 DIVINIS
836 172 1034 208 NOMINlBUS,
1053 175 1130 204 CAP.
1159 175 1190 205 Χ.

1665 181 1718 210 933

98 228 188 255 πάντα
201 248 209 261 .
237 228 363 267 καθάπερ
387 231 428 263 είς
463 231 586 268 πυθμένα
616 232 864 274 παντοκρατορικδν

936 233 1120 267 omnitenens.
1135 235 1262 263 universa
1278 241 1457 271 convertens.
1472 242 1501 267 et
1513 241 1674 274 continens.
1690 246 1720 270 ιιι

97 275 314 312 ἐπιστρέφουσαν
341 277 387 305 καὶ
413 278 576 314 συνέχουσαν
600 272 689 311 αὖτὰ,
712 279 750 311 ὼς
776 279 885 306 πάντων

96 320 180 356 ἰδραν
201 324 362 360 παγκρατῆ,
384 323 420 351 τὰ
441 325 606 360 συνεχόμενα
623 325 712 352 πάντα
727 325 797 352 κατὰ
820 326 884 361 μίαν

97 367 283 404 ὑπερέχουσαν
299 370 388 398 πάντα
404 371 517 407 συνοχὴν
528 370 757 408 ἀσφαλιζομένην,
772 370 819 398 καὶ
832 371 883 399 οὐκ

96 412 186 441 ἐῶσαν
202 414 271 441 αὐτὰ
286 415 460 443 διεκπεσόντα
483 417 597 453 ἑαυτῆς,
620 417 659 449 ὼς
680 418 713 444 ὲκ
736 416 884 450 παντελοῦς

96 457 190 491 ἑστίας
206 459 361 496 κινούμενα,
380 462 595 498 παραπολέσθαι.
614 462 729 497 Λέγεται
744 463 773 490 δὲ
783 472 882 490 παντο-

96 505 208 540 κράτωρ
224 507 240 542 ὴ
258 506 372 543 θεαρχία
398 507 445 534 καὶ
466 508 505 540 ὼς
525 508 633 535 πάντων
655 508 809 544 κρατοῦσα,
835 509 882 535 καὶ

94 550 203 586 ἀμιγῶς
218 554 274 585 τοῖς
287 553 481 590 διοικουμένοις
501 554 700 590 έπὰρχουσα⁹¹,
718 554 764 581 καὶ
775 552 813 586 ὡς
828 555 881 581 πᾶ-

95 603 139 623 σιν
160 598 243 634 ὲφετὴ
260 599 307 626 καὶ
328 599 478 635 ἐπέραστος
497 598 564 627 οὖσα
576 621 583 633 ,
606 601 653 627 καὶ
672 600 882 628 ἐπιϐάλλουσα“¹

95 643 162 670 πᾶσι
178 644 242 676 τοὺς
253 645 421 678 ἐθελουσίους
437 646 546 681 ζυγοὺς,
562 646 608 673 καὶ
623 645 673 678 τὰς
680 647 807 681 γλυκείας
819 647 882 673 ὠδῖ-

93 697 144 722 νας
158 691 206 717 τοῦ
218 691 291 718 θείου
307 693 354 720 καὶ
366 693 617 730 παντοκρατορικοῦ
630 694 677 721 καὶ
689 693 788 721 ἁλύτου
795 694 818 710 ’³
830 694 881 730 τῆς

93 736 262 773 ἁγαθότητος
274 738 359 774 αὐτῆς
374 739 485 775 ἔρωτος.

936 280 1057 307 omnium
1081 281 1159 309 sedes
1180 282 1361 318 omnicapax,
1386 284 1478 313 omnia
1504 291 1634 314 contenta
1665 295 1718 315 una

935 326 1100 362 praecellenti
1119 329 1290 357 connexione
1309 331 1507 365 communiens,
1520 340 1609 368 neque
1623 332 1719 362 sinens

935 379 967 399 ea
980 372 1032 400 sibi
1045 372 1180 406 excidere,
1197 380 1242 406 ne,
1258 378 1387 409 tanquam
1402 375 1521 410 perfecta
1536 378 1618 406 domo
1631 382 1715 406 mota.

935 418 1101 452 dispeream.
1134 419 1239 447 Dicitur
1260 425 1350 448 autem
1376 422 1549 450 omnitenens
1571 422 1661 457 Deus,
1687 428 1718 451 ut

933 465 1025 492 omnia
1039 465 1181 493 dominatu
1202 473 1252 494 suo
1270 472 1381 500 tenens,
1396 473 1423 496 et
1434 469 1480 503 qui
1497 469 1530 496 iis
1546 477 1606 504 qua:
1618 471 1716 506 guber-

935 515 982 538 nat
995 516 1093 546 praeest
1107 511 1235 544 immiste,
1248 516 1317 540 etut
1330 513 1456 542 omnibus
1474 514 1663 544 desiderabilis
1686 521 1716 544 et

933 556 1068 590 amabilis.
1083 563 1112 585 et
1123 558 1228 585 cunctis
1248 558 1313 594 juga
1338 559 1492 588 voluntaria
1515 561 1673 596 imponens,
1687 566 1716 590 et

933 603 1026 631 dulces
1039 604 1233 638 parturitiones
1246 605 1348 633 amoris
1360 606 1445 634 divini
1461 611 1490 635 et
1505 608 1713 643 omnitenentis,

933 652 962 677 et
974 648 1124 677 insolubilis
1136 649 1222 684 ipsius
1238 650 1379 679 bonitatis.

867 800 882 838 ς
900 799 940 830 ιι.

134 869 262 906 Ἦμερῶν
276 870 305 897 δὲ
323 870 436 904 παλαιὸς
451 872 466 898 ὁ
477 871 544 904 Θεὸς
559 871 683 908 ὑμνεῖται
698 871 743 900 διὰ
761 870 793 899 τὸ
811 871 873 899 πάν-

964 869 1043 905 502
1061 868 1199 898 Laudatur
1216 874 1305 899 autem
1326 868 1398 899 Deus
1420 872 1454 899 ab
1479 871 1639 908 antiquitate
1656 872 1713 902 die-

90 922 147 942 Ιτων
162 914 242 942 αὐτὸν
264 914 332 944 εῖναι
354 916 403 944 καὶ
425 918 528 951 αἰῶνα,
551 918 599 945 καὶ
621 916 734 954 χρόνον,
757 918 804 945 καὶ
825 916 879 953 πρὸ

90 961 222 997 ἡμερῶν,
239 963 287 989 καὶ
303 961 356 999 πρὸ
378 963 492 997 αἰῶνος,
511 965 559 991 καὶ
583 964 688 1001 χρόνον.
712 963 809 991 Καίτοι
831 964 879 991 καὶ

91 1007 197 1043 χρόνον,
215 1009 262 1036 καὶ
277 1009 398 1046 ἡμέραν,
415 1011 462 1037 καὶ
478 1010 588 1047 καιρὸν,
605 1011 652 1038 καὶ
667 1011 751 1038 αίῶνα
767 1010 878 1047 θεοπρε-

91 1051 152 1085 πῶς
167 1053 249 1081 αὐτὸν
263 1055 440 1091 προσρητέον,
459 1056 497 1088 ὡς
511 1056 576 1084 ὄντα
588 1057 658 1084 κατὰ
670 1058 760 1084 πᾶσαν
771 1058 877 1094 κίνησιν

90 1098 278 1136 ἀμετάϐλητον
294 1101 341 1128 καὶ
356 1101 501 1138 ἀκίνητον,
525 1104 572 1130 καὶ
586 1104 616 1130 ἐν
631 1103 670 1139 τῷ
685 1104 729 1131 ἀεὶ
745 1103 877 1131 κινεῖσθαι

91 1145 206 1180 μένοντα
221 1147 264 1181 ἐφ’
280 1147 387 1181 ἑαυτοῦ,
405 1150 451 1176 καὶ
466 1149 505 1182 ὡς
520 1150 628 1184 αἰῶνος,
644 1151 691 1178 καὶ
709 1151 814 1187 χρόνου,
831 1152 877 1179 καὶ

90 1191 203 1227 ἡμερῶν
217 1191 313 1219 αττιον.
331 1191 377 1220 Διὸ
392 1194 439 1221 καὶ
455 1195 484 1222 ἐν
499 1195 560 1228 ταῖς
573 1196 660 1232 ἱεραῖς
671 1196 725 1223 τῶν
739 1197 877 1232 μυστικῶν

88 1238 210 1273 ὑράσεων
226 1239 396 1275 θεοφανιίαις
411 1241 458 1268 καὶ
475 1242 565 1275 πολιὸς
572 1242 596 1259 ’⁸
612 1243 658 1270 καὶ
680 1242 739 1276 νέος
761 1244 877 1271 πλάττε-

88 1290 150 1310 ται·
167 1284 214 1311 τοῦ
232 1285 281 1320 μὲν
297 1286 428 1322 προτέρου
437 1287 460 1304 "
476 1285 522 1314 τὸν
541 1289 652 1324 ἀρχαῖον
674 1289 721 1316 καὶ
737 1289 806 1316 ὄντα
828 1290 876 1317 ἀπ’

88 1330 192 1366 ἀρχῆς,
209 1331 257 1358 τοῦ
277 1332 411 1369 νεωτέρου
426 1333 455 1360 δὲ
470 1332 516 1361 τὸν
531 1335 627 1370 ἀγήρω
649 1335 840 1371 σημαίνοντοςσ
858 1336 874 1372 ἢ

87 1375 190 1410 ἀμφοῖν
205 1376 236 1403 τὸ
251 1376 281 1410 ἐξ
297 1378 385 1413 ἀρχῆς
400 1378 443 1405 διὰ
467 1379 575 1406 πάντων
595 1380 658 1415 ἄχρι
680 1380 773 1412 τέλους
795 1379 875 1408 αὐτὸν

87 1421 208 1457 προϊέναι
225 1422 420 1452 διδασκόντων·
438 1424 466 1461 ἢ,
483 1425 522 1457 ὡς
536 1426 550 1452 ὁ
567 1426 637 1458 θεῖος
653 1426 732 1462 ἡμῶν
747 1427 876 1463 ἱεροτελεο

88 1468 155 1504 στής
171 1477 253 1505 φησι,
270 1470 317 1497 τοῦ
332 1470 463 1508 ἑκατέρου
482 1471 531 1508 τὴν
553 1472 720 1508 ἀρχαιότητα
735 1473 784 1509 τὴν
800 1473 875 1501 θείαν

85 1513 298 1551 ὗποδηλοῦντος,
321 1517 368 1543 τοῦ
386 1517 436 1553 μὲν
458 1518 640 1555 πρεσϐυτέρου
662 1518 693 1546 τὺ
715 1519 823 1556 πρῶτον
844 1521 874 1547 ὲν

85 1559 190 1595 χρόνῳ,
207 1560 255 1587 τοῦ
272 1561 402 1597 νεωτέρου
418 1562 447 1589 δὲ
462 1561 492 1590 ἰδ
508 1563 578 1591 κατὰ
593 1563 707 1600 ἀριθμὸν
729 1554 872 1600 άρχαιότε-
885 1554 907 1584 c

86 1607 269 1643 ρον-ἔχοντος·
286 1609 402 1646 ἐπείπερ
417 1610 434 1646 ἡ
450 1611 534 1646 μονὰς
559 1611 606 1638 καὶ
629 1611 664 1639 τὰ
679 1612 744 1648 περὶ
770 1611 870 1647 μονάδα

83 1652 139 1681 τῶν
161 1654 208 1682 ἐπὶ
233 1654 300 1683 πολὺ
323 1656 542 1692 προεληλυθότων
565 1656 690 1694 ἀριθμῶν
714 1657 871 1694 ἀρχηγικώ-

82 1707 160 1736 τερα.

929 923 1000 950 rum,
1007 915 1071 950 quia
1080 915 1136 950 ipse
1143 916 1312 943 estomnium
1319 924 1406 944 aevum
1415 922 1443 945 et
1451 922 1566 952 tempus.
1573 924 1636 947 ante
1643 920 1711 953 dies,

928 967 990 990 ante
1010 969 1117 995 aevum,
1141 967 1204 990 ante
1224 966 1346 997 tempus;
1373 968 1401 990 et
1421 963 1532 998 quidem
1554 969 1661 1000 tempus
1682 971 1711 993 et

927 1009 985 1037 dies
999 1013 1026 1036 et
1039 1008 1237 1043 tempestivitas
1250 1009 1427 1044 appellandus
1445 1015 1486 1037 est
1500 1010 1568 1045 ipse,
1582 1016 1612 1039 ut
1626 1011 1710 1039 Deum

927 1056 1014 1087 decet.
1032 1061 1159 1091 tanquam
1170 1056 1216 1090 qui
1229 1056 1303 1083 omni
1325 1060 1398 1083 motu
1419 1060 1463 1084 est
1484 1057 1661 1085 immutabilis
1682 1062 1711 1086 et

928 1101 1088 1134 immobilis,
1099 1106 1128 1129 et
1141 1109 1248 1137 semper
1273 1108 1399 1130 movetur
1408 1122 1416 1134 ,
1434 1110 1545 1130 manens
1560 1102 1587 1130 in
1599 1104 1687 1137 seipse
1698 1121 1708 1136 ,

926 1151 955 1175 et
978 1151 1106 1182 tanquam
1129 1153 1225 1175 auctor
1246 1148 1296 1176 aevi
1324 1152 1351 1175 (ιι
1379 1150 1509 1184 temporis
1534 1154 1562 1177 et
1590 1150 1707 1178 dierum.

927 1192 1109 1228 Quamobrem
1131 1194 1213 1221 etiam
1236 1194 1262 1221 in
1284 1194 1372 1222 sacris
1385 1195 1560 1230 mysticarum
1572 1195 1707 1223 visionum

926 1239 1143 1274 apparitionibus
1175 1244 1203 1266 et
1236 1240 1365 1273 antiquus
1397 1244 1426 1266 et
1459 1247 1546 1268 novus
1579 1240 1706 1276 tingitur;

925 1291 1041 1320 quorum
1065 1285 1141 1320 prior
1161 1285 1268 1320 quidem
1288 1290 1408 1313 veterem
1431 1290 1459 1312 et
1472 1292 1536 1313 eum
1552 1286 1598 1320 qui
1611 1291 1655 1314 est
1673 1287 1708 1314 ab

926 1331 1013 1366 initio,
1024 1332 1117 1366 junior
1131 1336 1220 1359 autem
1241 1331 1461 1360 insenescibilem
1485 1332 1639 1368 signiﬁcat;
1661 1338 1708 1360 aut

925 1383 1071 1413 utrumque
1084 1385 1146 1406 eum
1170 1378 1206 1406 ab
1220 1378 1298 1406 initio
1312 1379 1345 1406 ad
1361 1379 1442 1406 tinent
1465 1386 1513 1414 per
1533 1379 1624 1407 omnia
1646 1387 1709 1414 pro-

924 1425 1000 1458 gredi
1021 1424 1162 1452 declarat:
1184 1424 1237 1457 vel,
1262 1429 1292 1452 ut
1313 1424 1423 1452 divinus
1440 1431 1533 1452 noster
1555 1431 1708 1460 preceer

924 1471 973 1504 ait,
998 1477 1146 1506 utrumque
1165 1471 1286 1498 divinam
1308 1471 1497 1506 antiquitatem
1520 1471 1640 1505 indicat.
1668 1471 1707 1499 ita

925 1523 1016 1546 tamen
1029 1539 1036 1552 ,
1056 1522 1086 1545 ut
1100 1525 1184 1545 senex
1200 1517 1226 1545 id
1244 1517 1316 1552 quod
1340 1517 1457 1552 primum
1471 1523 1514 1545 est
1527 1518 1622 1546 ordine
1637 1522 1706 1546 teni-

923 1565 1010 1601 poris,
1031 1564 1139 1599 juvenis
1163 1569 1252 1592 autem
1264 1584 1272 1595 .
1298 1564 1355 1591 sive
1371 1571 1468 1598 novus,
1484 1564 1510 1592 id
1525 1564 1596 1598 quod
1610 1563 1637 1592 in
1653 1573 1706 1592 IIII-

924 1619 999 1639 mero
1023 1614 1066 1639 est
1088 1610 1260 1646 praestantius
1293 1610 1450 1643 contineat;
1483 1609 1704 1645 quandoquidem

924 1656 1024 1690 unitas,
1052 1662 1166 1690 quaeque
1187 1655 1213 1682 ei
1236 1654 1327 1682 vicina
1349 1659 1425 1688 sunt,
1451 1655 1573 1682 numeris
1599 1654 1705 1690 longius

924 1701 1077 1738 progressis
1090 1706 1228 1737 praestent.

839 1775 855 1812 ς
876 1771 932 1806 ιιι.

117 1842 178 1880 Χρὴ
193 1843 240 1876 δὲ,
257 1841 295 1876 ὥς
311 1842 402 1879 οἴμαι,
420 1844 467 1872 καὶ
483 1844 578 1882 χρόνου
601 1844 649 1872 καὶ
665 1845 762 1877 αἰῶνος
787 1842 866 1878 φύσιν

81 1889 116 1916 ὲκ
130 1889 186 1916 τῶν
202 1889 299 1924 λογίων
316 1889 430 1918 ειδέναι·
448 1891 495 1918 καὶ
517 1892 572 1928 γὰρ
593 1892 623 1919 οὐ
643 1892 679 1920 τὰ
701 1892 790 1920 πάντα
819 1892 868 1919 καὶ

80 1935 224 1968 ἁπολύτως
247 1935 367 1972 ἀγένητα
389 1937 436 1964 καὶ
456 1937 541 1970 ὄντως
561 1936 634 1965 ἀΐδια
655 1937 792 1974 πανταχοῦ
815 1947 868 1975 φη-

83 1988 126 2008 σιν
147 1980 259 2015 αἰώνια,
284 1984 332 2009 καὶ
346 1982 381 2009 τὰ
396 1982 521 2020 ἄφθαρτα
535 1983 581 2017 δὲ,
603 1985 651 2012 καὶ
666 1984 802 2017 ἀθάνατα,
819 1983 866 2012 καὶ

81 2027 263 2060 ἀναλλοίωτα,
285 2026 331 2055 καὶ
350 2027 416 2055 ὄντα
437 2026 581 2061 ὡσαύτως*
601 2027 639 2061 ὡς
658 2029 721 2056 ὅταν
737 2028 803 2065 λέγῃ
818 2028 863 2056 τό·

89 2072 261 2107 Ἔπᾶρθητε,
278 2075 371 2101 πύλαι
385 2074 506 2107 alma-101,
523 2075 570 2101 καὶ
582 2074 616 2101 τὰ
629 2075 717 2111 ὃμοια.
734 2074 867 2107 Πολλάκις

80 2119 111 2146 δὲ
124 2120 171 2146 καὶ
185 2119 220 2147 τὰ
234 2120 398 2156 ἀρχαιὰτατα
405 2121 428 2137 ⁸⁵
443 2121 476 2156 τῇ
493 2120 539 2147 τοῦ
556 2120 651 2152 αίῶνος
667 2121 808 2156 ἐπωνυμίᾳ
818 2129 867 2156 χα-

82 2165 251 2201 ρακτηρίζει,
268 2167 315 2194 καὶ
330 2166 379 2202 τὴν
394 2166 457 2202 ὅλην
472 2166 501 2193 δὲ
517 2164 594 2199 αὖθις
610 2166 665 2193 ἐσθ’
681 2167 725 2193 ὅτε
740 2166 787 2193 τοῦ
804 2166 866 2193 καθ’

80 2211 155 2246 ἡμᾶς
173 2211 269 2247 χρόνου
290 2213 443 2249 παράτασιν
464 2213 549 2240 αἰῶνα
568 2211 780 2250 προσαγορεύει,
803 2213 866 2241 καθ’

79 2255 142 2283 ὅσον
162 2257 209 2284 καὶ
232 2257 330 2294 ἰδιότης
352 2257 450 2291 αἰῶνός
465 2260 523 2286 ἐστι
538 2257 569 2286 τὺ
584 2260 695 2296 ἀρχαῖον
715 2260 761 2287 καὶ
785 2260 865 2287 ἀναλ-

953 1841 1049 1878 Operae
1060 1842 1176 1878 pretium
1191 1846 1281 1870 autem
1295 1842 1375 1876 duco,
1399 1846 1430 1870 ut
1451 1842 1582 1878 temporis
1602 1847 1631 1871 et
1651 1844 1702 1873 xcvi

919 1895 967 1916 seu
980 1889 1141 1916 aeternitatis
1159 1893 1283 1916 naturam
1297 1895 1331 1915 ex
1344 1887 1495 1923 Scripturis
1507 1888 1595 1916 sacris
1609 1889 1702 1917 addis-

919 1941 1030 1967 camus;
1053 1941 1141 1969 neque
1161 1934 1233 1962 enim
1247 1933 1359 1961 omnino
1370 1938 1399 1961 et
1413 1933 1536 1961 absolute
1549 1938 1612 1961 sunt
1627 1935 1703 1970 inge-

919 1982 975 2008 nita
987 1987 1104 2016 vereque
1116 1981 1291 2016 sempiterna.
1307 1988 1367 2016 qua:
1379 1980 1479 2015 passim
1491 1984 1591 2007 aeterna
1604 1985 1702 2009 vocant

918 2031 946 2054 et
956 2027 1122 2062 incorrupta,
1137 2026 1357 2061 immortaliaque
1371 2031 1398 2054 et
1413 2025 1603 2060 immutabilis,
1620 2031 1701 2061 atque

917 2073 1012 2101 eodem
1033 2074 1112 2101 modo
1125 2080 1155 2101 se
1169 2072 1312 2106 habentia;
1328 2072 1398 2100 sicut
1417 2079 1479 2099 cum
1493 2072 1589 2106 aiunt,
1606 2071 1700 2100 Eleva—

918 2119 1091 2154 mini,portw
1113 2118 1268 2146 eternalu'
1285 2139 1292 2151 ,
1316 2123 1344 2146 et
1369 2118 1479 2146 similia.
1506 2117 1700 2153 Saepenumero

917 2165 1000 2194 etiam
1011 2166 1201 2201 antiquissima
1214 2173 1330 2200 quaeque
1346 2165 1506 2192 aeternitatis
1518 2163 1699 2200 appellatione

917 2212 1081 2248 signiﬁcant,
1095 2216 1125 2240 ut
1139 2220 1202 2240 cum
1219 2212 1374 2240 universam
1399 2211 1528 2246 temporis
1545 2210 1631 2238 nostri
1648 2211 1699 2238 du-

917 2260 1050 2287 rationem
1072 2259 1253 2286 aeternitatem
1276 2262 1394 2290 vocant,
1412 2262 1548 2293 quatenus
1572 2257 1699 2285 videlicet

80 2302 200 2335 λοίωτον,
218 2305 265 2331 καὶ
279 2305 309 2332 τὸ
323 2304 436 2332 καθόλου
450 2303 481 2332 τδ
497 2303 565 2332 εἶναι
583 2307 701 2342 μετρεῖν.
719 2305 820 2341 Χρόνον
835 2305 864 2333 δὲ

924 2306 1056 2340 intiquum
1082 2311 1143 2332 esse
1166 2309 1194 2332 et
1219 2303 1386 2331 immutabile
1401 2323 1409 2335 ,
1436 2307 1575 2337 totumque
1604 2309 1696 2330 rerum

80 2349 160 2377 καλεῖ
172 2350 218 2376 τὸν
233 2351 263 2378 ἐν
278 2349 383 2386 γενέσει
398 2351 445 2378 καὶ
457 2352 544 2388 φθορᾷ
554 2372 562 2384 ,
579 2352 626 2379 καὶ
642 2351 798 2385 ἀλλοιώσει,
816 2352 863 2380 καὶ

78 2394 174 2421 ἄλλοτε
199 2395 285 2427 ἄλλως
312 2395 422 2431 ἔχοντα’
448 2397 489 2424 διὸ
515 2397 562 2424 καὶ
585 2398 659 2433 ἡμᾶς
678 2397 771 2424 ἐνθάδε
794 2398 863 2425 κατὰ

78 2444 176 2480 χρόνον
201 2445 373 2481 ὁριζομένους
399 2446 495 2479 αἰῶνος
528 2446 679 2483 μεθέξεινθτ
703 2449 719 2484 ή
742 2448 864 2484 θεολογία

79 2490 174 2526 φησὶν,
193 2491 275 2527 ἡνίκα
283 2492 329 2519 τοῦ
347 2492 485 2528 ἀφθάρτου
500 2494 547 2520 καὶ
557 2494 600 2521 ἀεὶ
611 2492 741 2527 ὡσαύτως
758 2495 865 2531 ἔχοντος

79 2535 178 2568 αἰῶνος
191 2535 357 2572 ὲφικώμεθα.
373 2538 434 2570 Τοῖς
451 2538 551 2574 λογίοις
568 2539 597 2566 δὲ
618 2539 672 2567 ἐσθ’
692 2541 736 2568 ὅτε
752 2542 799 2569 καὶ
818 2542 864 2577 ἔγ-

79 2589 176 2617 χρονος
191 2580 257 2608 αίὼν
272 2581 426 2616 δοξάζεται,
445 2584 492 2610 καὶ
513 2583 620 2617 αἰώνιος
640 2584 748 2622 χρόνος·
770 2587 794 2613 εἰ
818 2587 865 2613 καὶ

80 2626 182 2662 μᾶλλον
204 2626 282 2663 ῐσμεν
301 2627 409 2660 αὐτοῖς,
431 2627 477 2655 καὶ
504 2629 668 2665 κυριώτερον
687 2630 723 2657 τὰ
743 2630 807 2659 ὄντα
826 2631 865 2667 τῷ

119 2714 128 2735 ι
146 2715 217 2743 Psal.
235 2723 314 2748 uni,
331 2715 358 2749 7,
375 2714 402 2743 9.

915 2356 1016 2378 statum
1030 2356 1187 2377 mensurare
1201 2349 1340 2384 proprium
1361 2353 1405 2376 est
1427 2347 1600 2375 aeternitatis.
1616 2347 1698 2375 Tem-

915 2405 965 2433 pus
979 2405 1042 2425 vero
1056 2395 1191 2431 appellant
1208 2395 1234 2422 id
1251 2395 1321 2430 quod
1337 2398 1477 2422 mensurat
1490 2393 1694 2429 generationem

915 2449 943 2472 et
958 2443 1159 2478 corruptionem
1176 2447 1257 2477 atque
1272 2441 1474 2473 alterationem,
1487 2441 1614 2476 quodque
1627 2440 1697 2467 alias

916 2490 996 2517 aliter
1012 2497 1042 2516 se
1056 2489 1156 2521 habet;
1177 2492 1258 2523 atque
1283 2487 1318 2514 ita
1344 2495 1413 2520 nos,
1436 2493 1503 2521 quos
1520 2486 1566 2513 hic
1590 2491 1698 2520 tempus

916 2537 1048 2565 deﬁnitet
1061 2536 1274 2568 circumscribit,
1297 2535 1475 2563 aeternitatem
1500 2537 1697 2560 consecuturos

916 2590 977 2611 esse
1000 2582 1140 2617 Scriptura
1166 2581 1268 2614 tradit,
1295 2588 1357 2608 cum
1377 2580 1410 2607 ad
1430 2579 1611 2607 aeternitatem
1636 2584 1696 2613 qnze

917 2637 971 2657 non
995 2629 1104 2663 interit,
1129 2629 1178 2657 sed
1193 2633 1301 2664 semper
1324 2627 1419 2655 eodem
1442 2625 1522 2654 modo
1545 2632 1576 2653 se
1601 2624 1693 2656 habet.

720 2792 839 2823 VARI/E1
860 2793 1061 2823 LECTIONES.

117 2868 138 2884 "
157 2866 329 2901 ἐπαρκοῦσα,
348 2866 376 2894 S.
397 2865 425 2893 P.
444 2865 489 2892 Sc.
528 2866 551 2882 "
568 2863 782 2901 περιϐάλλουσα,
797 2864 826 2901 If.
861 2864 884 2901 ’ξ
900 2865 947 2892 καὶ
968 2863 1130 2901 atomus.
1148 2861 1230 2901 ἀΰλου
1247 2862 1409 2901 legisseSp.
1430 2864 1546 2901 videtur.

212 2876 329 2902 ρκουσα,
348 2876 376 2894 a.
397 2876 425 2893 Υ.
445 2876 489 2892 δεῖ.
530 2876 551 2882 ’⁵
568 2876 782 2901 περιυαΛΛουσιι,
797 2876 826 2891 I'.
861 2876 884 2881 "
900 2876 947 2892 και
968 2876 1084 2895 αΛυπυυ,
1102 2876 1130 2890 ῦ-
1148 2876 1230 2890 αυΛου
1249 2876 1345 2896 texisse
1364 2876 1409 2891 ac.
1432 2876 1546 2892 vluctllr.
1600 2876 1618 2880 "
1640 2876 1692 2890 vtu-

212 2925 215 2929 .
229 2903 258 2929 P.
271 2902 300 2928 ί).
313 2902 358 2929 Sc.
413 2902 436 2918 ’³
453 2901 654 2937 πρεσϐυτέρου,
673 2901 701 2928 S.
713 2900 743 2928 P.
756 2900 786 2928 ι).
798 2900 845 2928 Sc.
864 2899 925 2929 Sat.
961 2900 984 2917 "°
1000 2899 1162 2936 ἀρχαιότερα
1173 2918 1181 2931 .
1199 2899 1231 2927 1.).
1268 2899 1290 2916 ’⁷
1309 2898 1425 2935 μεθέξει,
1442 2899 1472 2927 Ρ.
1492 2899 1611 2935 μέθεξιν,
1645 2897 1692 2927 So.

78 2903 153 2934 λαιός
163 2922 170 2935 ,
189 2903 215 2930 S.
229 2903 258 2929 P.
271 2902 300 2928 ί).
313 2902 358 2929 Sc.

221 2948 355 2978 ιἈτιιοι..
378 2947 437 2978 Gn.
458 2945 485 2976 ll
491 2946 513 2977 Ι.

1599 2863 1623 2880 ⁵⁵
1640 2868 1694 2890 πα-

1517 2948 1557 2978 30
