1929 3061
83 196 134 225 9M
436 194 480 224 DE
497 193 623 223 DIVIle
638 191 834 224 NOMINIBUS,
851 190 927 219 CAP.
946 190 980 218 Χ.
997 205 1032 211 -—-
1048 190 1207 218 CORDERII
1228 191 1342 219 NOTAE.
1647 190 1699 218 9η

85 255 224 288 interpres
236 252 374 288 vertisset.
390 252 470 286 hujus
483 253 542 284 mvi,
554 253 611 280 sive
624 251 794 284 aeternitatis,
806 250 899 288 Gnaeo
913 250 1018 288 αῑιῖινος.
1031 249 1116 288 Exodi
1131 257 1175 276 m
1187 259 1193 276 :
1208 249 1266 288 Erit
1277 251 1301 276 ei
1308 258 1400 288 servus
1411 259 1438 278 ιη
1450 250 1585 282 m'culnm,
1600 251 1656 278 sive
1671 252 1698 278 in

85 285 234 323 alternum.
245 287 320 315 Hanc
333 287 415 323 igitur
426 285 507 315 vocat
525 289 666 323 Scriptura
681 287 857 323 temporalem
873 285 1152 323 mterttitatem,_siCItt
1167 286 1236 319 apud
1249 285 1360 323 Pallium
1374 287 1484 323 «ﬁcitur,
1500 291 1604 323 tempus
1616 292 1698 313 arti-r-

86 332 164 352 num.
177 323 197 350 II
215 322 285 350 'I‘im.
305 331 312 350 I
328 332 335 350 :
349 320 424 350 'Ante
443 327 560 357 tempora
578 320 732 352 sacularin.
746 322 840 349 Graece
865 326 907 348 est
923 321 1029 357 ᾳίὡνια,
1049 320 1074 347 id
1096 325 1137 346 est
1149 325 1262 357 geterna.
1279 321 1313 348 Et
1326 322 1358 347 ad
1378 321 1433 357 'I‘it.
1449 327 1457 346 ι
1471 331 1477 348 :
1493 322 1559 349 Ante
1580 327 1699 354 tempora

87 359 240 389 secularia,
254 357 347 385 Graece
359 357 464 389 ultima,
480 354 505 385 id
518 363 560 386 est
573 364 683 386 aeterna.
697 357 731 384 Et
746 358 824 385 Itoni.
839 364 902 383 xvt:
920 356 1070 383 Secundum
1085 354 1268 382 reuelationem
1279 356 1396 390 mysterii
1415 357 1572 391 temporibus
1594 358 1698 384 (uternis

88 394 183 426 taciti;
202 394 271 420 idem
289 394 450 421 vocabulum
464 398 506 420 est
522 394 630 426 Graece,
648 395 718 428 quod
736 393 761 419 in
778 392 828 419 hoc
842 391 1049 428 locorinterpres
1061 391 1141 428 vertit
1159 395 1300 428 aeternum,
1315 391 1381 428 etin
1396 392 1458 428 aliis
1470 392 1610 420 simulare.

126 428 183 456 Non
196 434 237 455 est
251 428 368 456 alienum
383 429 417 456 ab
430 429 481 455 hoc
498 429 586 462 capite
599 448 607 460 ,
631 425 665 456 ex
688 428 821 455 Turriano
837 427 863 453 in
890 426 1076 462 Cyparissioti‘
1089 425 1185 462 decad.
1206 426 1222 453 8
1232 448 1239 457 ,
1262 433 1321 460 cap.
1337 427 1353 453 3
1367 446 1375 458 ,
1389 426 1526 460 explicare
1538 447 1546 460 ,
1561 428 1698 461 quomodo

88 464 294 498 intelligendunt
308 463 352 495 sit,
368 464 441 498 quod
455 461 574 497 pontifex
589 464 727 491 Romanus
742 463 860 498 credidit
877 462 910 489 de
928 462 1067 498 creatione
1081 461 1240 498 angelorum
1253 481 1260 493 ,
1276 467 1304 498 et
1319 462 1353 489 ad
1368 463 1532 498 credendum
1549 463 1698 490 tiatltolicis

110 496 230 534 roposuit
251 499 277 526 in
289 506 351 533 cap.
366 496 503 532 Firmiter,
518 500 551 527 de
564 506 670 526 summa
683 498 826 534 Trinitate.
838 496 896 524 Non
921 497 995 534 enim
1007 496 1157 534 discrepat
1180 496 1336 534 Decretalis
1354 497 1388 524 ab
1414 498 1536 534 eo__quod
1557 498 1600 525 hic
1617 499 1700 525 tradit

110 508 230 534 I‘OpOSIIIl
251 508 277 526 111
289 508 351 533 cap.
366 508 503 532 rtrmtter,
518 508 551 527 αθ
564 508 670 526 summa
688 508 826 525 ll'lllltille.
838 508 896 524 L‘Oll
921 508 995 524 entm
1020 508 1157 530 utscrcpat
1180 508 1327 524 uecrctatts
1354 508 1388 524 ill)
1414 508 1445 524 cu
1467 508 1536 530 1111011
1557 508 1600 525 ulc
1617 508 1699 525 ll'iltlll

87 508 245 570 BIOIIySIUS,
261 534 315 561 imo
329 535 466 566 convenit,
483 542 544 562 cutn
560 536 609 567 ait,
624 542 705 561 unum
715 533 908 570 universorum
925 532 1088 570 principium
1103 552 1111 564 ,
1131 536 1240 570 creator
1263 532 1384 570 omnium
1404 531 1551 570 visibilium
1566 538 1594 560 et
1605 533 1699 560 invisi-

87 567 195 602 hiliuin,
209 569 255 602 qui
269 577 317 596 sua
331 571 516 604 omnipotente
529 570 628 596 virtute
642 569 723 596 simul
736 569 768 595 ab
784 568 871 604 initio
895 567 1024 604 temporis
1052 571 1193 604 utramque
1207 567 1250 604 _de_
1275 567 1361 604 nihilo
1382 568 1502 594 condidit
1522 573 1698 604 creaturam,

86 604 258 640 spiritualem
283 608 312 631 et
334 602 521 638 corporalem,
544 604 697 638 angelicam
721 603 845 640 videlicet
866 608 894 630 et
913 602 1077 640 m_undana_tn
1093 622 1100 634 ,
1127 607 1155 640 et
1172 602 1269 640 deinde
1289 603 1435 640 humanam
1448 624 1455 635 ,
1473 603 1549 640 quasi
1573 611 1698 631 commu-

86 636 151 702 r‘em
171 647 205 667 ex
226 639 324 674 Spiritu
350 636 389 666 et‘
404 647 520 675 corpore
546 636 734 667 constitutam.
768 638 905 666 Hactenus
933 637 1094 665 Decretalis.
1126 636 1180 665 Sed
1209 637 1364 666 dilatandus
1389 642 1431 665 est
1458 636 1626 673 aliquantum
1654 639 1700 667 hic

96 682 172 702 ocus.

96 682 172 703 OCIIS.

124 710 227 743 Quaerit
243 709 276 738 Β.
295 709 459 737 Athanasius
481 710 509 737 in
530 710 723 743 Qumtionibur
745 709 779 737 ad
801 708 956 736 Antiochum
973 709 1117 743 principem
1128 727 1137 741 ,
1158 711 1254 743 quaest.
1267 707 1302 735 ιτ
1318 707 1449 742 Quando,
1465 714 1492 736 et
1503 709 1637 744 quomodo
1648 730 1655 742 ,
1671 716 1701 739 et

87 746 161 773 unde
176 746 239 772 facti
257 745 311 772 sint
324 745 431 779 angeli;
445 750 472 772 et
481 747 625 780 respondet
639 747 672 772 ad
687 745 878 780 quaestionem;
898 744 953 780 Nec
974 744 1083 780 quando
1096 764 1104 777 ,
1121 744 1327 780 necqnomodo
1346 744 1409 770 facti
1430 744 1484 771 sint
1497 764 1505 776 ,
1530 745 1564 772 ab
1580 745 1698 772 humana

87 786 186 808 natura
199 780 251 808 diei
264 787 353 814 posse,
364 778 546 816 inpeterquam
558 780 610 808 hoc
627 778 729 816 solum.
738 780 825 808 factos
839 786 899 807 esse
923 779 1012 807 Verbo
1028 778 1073 806 Dei
1091 787 1125 806 ex
1148 778 1242 816 nihilo.
1256 778 1375 816 _Quando
1399 780 1484 806 vero?
1499 780 1544 806 alii
1558 799 1568 814 ,
1590 780 1700 816 inquit,

88 816 167 843 aiunt
182 813 270 850 primo
284 816 337 847 die,
351 813 396 842 alii
410 813 605 850 ante’primum
619 816 701 845 diem.
715 815 828 843 Creatos
842 822 907 842 vero
921 821 982 841 esse
995 818 1111 841 testatur
1125 834 1132 846 ,
1155 814 1243 849 inquit
1255 813 1387 848 Propheta
1400 834 1408 845 ,
1424 822 1485 842 cum
1500 815 1559 850 ait:
1582 813 1702 844 Laudate

88 859 161 884 curn,
180 849 268 878 omnes
290 850 376 885 angeli
389 849 464 884 ejus;
478 849 600 885 quoniam
612 852 665 884 ipse
677 851 754 884 dixit,
770 855 793 877 et
805 849 875 884 facta
887 855 966 881 sunt;
986 850 1041 882 ipse
1053 850 1190 885 mandavit
1203 869 1210 881 ,
1229 854 1254 875 et
1272 855 1360 876 creata
1378 855 1481 876 suntm.
1497 849 1606 885 Moysen
1628 851 1700 878 enim

88 886 138 916 ait,
151 887 213 920 quia
228 884 331 913 sciebat
344 884 451 912 Judzeos
463 884 523 912 eSse
540 885 698 913 idololatriae
712 887 818 912 deditos
831 904 839 917 ,
856 885 958 912 idcirco
980 892 1031 920 non
1047 884 1142 912 fecisse
1154 891 1306 920 sermonem
1319 885 1351 912 de
1367 885 1470 919 angelis
1485 885 1510 912 in
1529 884 1628 913 Genesi
1644 906 1651 918 ,
1668 894 1702 913 ne

87 929 138 949 eos
151 919 199 948 ceu
215 921 280 948 deos
295 920 425 953 colerent,
441 924 469 947 ut
483 921 508 947 in
523 921 607 947 vitulo
624 925 652 948 et
666 922 691 947 in
707 921 768 947 aliis
790 919 869 947 idolis
891 924 982 954 postea
1003 919 1125 955 fecerunt
1135 925 1160 946 η.
1177 919 1253 952 Quod
1278 926 1343 954 ergo
1366 927 1399 947 ex
1418 920 1576 955 rScripturis
1598 922 1702 948 sanctis

89 956 159 983 disci
173 961 290 990 poterat,
306 960 452 989 utramque
463 956 569 983 scilicet
580 961 746 987 creaturam,
762 955 926 990 spiritualem
940 960 968 981 et
980 954 1159 988 curporalem,
1174 954 1296 990 simulet
1309 962 1342 981 ex
1357 954 1441 982 nihilo
1453 954 1512 982 esse
1526 963 1540 982 a
1556 955 1612 983 Deo
1635 964 1703 984 con-

89 989 193 1024 ditam;
207 991 301 1017 Omnia
313 991 385 1018 enim
400 998 446 1025 per
455 991 539 1024 ipsum
555 991 624 1025 facta
636 996 696 1018 sunt
707 995 731 1017 υ.
744 990 850 1021 Ειτριιὶ
864 990 923 1017 υἱυὶι
938 990 964 1016 in
975 995 1101 1025 internum
1114 1009 1122 1022 ,
1142 990 1180 1017 ait
1199 989 1405 1018 Ecclesiasticus
1417 1009 1426 1022 ,
1446 991 1542 1017 creavit
1558 991 1647 1018 omnia
1661 992 1701 1018 si-

89 1026 147 1052 mul
157 1032 182 1052 Ρ.
202 1025 352 1059 Utrumque
367 1025 461 1053 horum
475 1025 623 1054 Decretalis
636 1026 776 1053 catholicae
791 1025 851 1052 fidei
865 1025 989 1059 subjecit.
1005 1024 1069 1051 Illud
1082 1032 1146 1052 vero
1165 1025 1244 1052 simul
1263 1025 1294 1051 ab
1316 1025 1392 1052 initio
1417 1027 1540 1059 temporis
1551 1045 1559 1056 ,
1580 1026 1653 1053 sicut
1666 1027 1700 1054 ad

89 1065 244 1088 creaturam
262 1061 442 1096 corporalem,
459 1061 485 1087 id
500 1066 542 1088 est
558 1062 591 1088 ad
604 1061 732 1096 mundum
743 1061 789 1096 qui
803 1059 922 1088 cernitur
934 1080 941 1093 ,
961 1065 985 1087 et
1002 1067 1167 1094 quaecunque
1181 1060 1207 1086 in
1223 1067 1262 1096 eo»
1272 1060 1447 1088 continentur
1460 1080 1468 1093 ,
1493 1061 1590 1088 referri
1604 1061 1700 1095 voluit,

89 1096 155 1131 quia
169 1096 298 1130 scriptum
313 1094 372 1131 est:
388 1095 422 1122 In
440 1097 566 1130 principio
581 1096 676 1124 creavit
694 1094 764 1123 ι)ευὶ
779 1096 871 1122 malum
887 1100 911 1122 et
930 1100 1067 1128 terr'amtl;
1083 1095 1170 1131 sic‘ad
1186 1094 1334 1129 angelicam
1362 1101 1486 1123 naturam
1511 1103 1563 1123 non
1590 1103 1702 1131 necesse

90 1129 146 1163 est,
160 1129 308 1158 secundum
321 1130 503 1166 Scripturam,
522 1131 616 1159 referri
631 1131 759 1163 voluisse,
771 1131 844 1165 quia,
859 1135 888 1157 ut
902 1131 982 1165 paulo
994 1134 1056 1166 ante
1079 1129 1169 1157 aiebat
1182 1130 1348 1157 Athanasius
1360 1149 1367 1162 ,
1385 1131 1494 1165 quando
1508 1130 1598 1165 angeli
1614 1133 1700 1158 creati

92 1166 205 1197 fuerint,
221 1166 339 1192 humana
355 1171 452 1193 natura
472 1167 563 1194 dicere
583 1173 635 1194 non
651 1170 749 1201 potest.
766 1167 819 1194 Sed
834 1165 897 1200 quia
914 1165 1085 1201 durationem
1096 1166 1272 1201 ‘angelorum,
1289 1173 1348 1199 qua:
1362 1173 1414 1193 non
1431 1171 1474 1193 est
1492 1166 1612 1200 subjecta
1631 1169 1702 1194 tem-

90 1202 162 1236 pori,
176 1201 239 1235 quia
250 1205 291 1227 est
308 1205 362 1228 tota
376 1201 456 1227 simul
470 1206 499 1236 et
513 1201 682 1229 invariabilis
694 1220 702 1232 .
716 1209 775 1236 quas
789 1205 831 1228 est
845 1206 872 1227 et
885 1200 985 1227 dicitur
1000 1200 1025 1227 ιιι
1041 1201 1126 1228 sacris
1149 1200 1258 1228 Litteris
1278 1207 1364 1227 aevum
1378 1220 1386 1231 ,
1414 1208 1468 1228 non
1489 1208 1633 1236 possumus
1655 1209 1702 1229 co-

91 1235 237 1271 gnoscere,
254 1243 305 1262 nec
317 1236 378 1263 aliis
390 1235 573 1269 manifestare,
588 1237 640 1264 nisi
654 1243 702 1271 per
720 1235 907 1264 extensionem
925 1236 1010 1263 nostri
1023 1236 1152 1270 temporis
1168 1242 1201 1262 ex
1215 1236 1300 1267 horis,
1315 1236 1410 1263 diebus
1432 1240 1460 1263 et
1476 1235 1556 1263 anuis
1567 1241 1700 1264 constan-

92 1276 158 1304 tem,
173 1278 255 1306 quam
270 1271 409 1306 Scriptura
424 1278 510 1306 aevum
527 1279 634 1306 quoque
657 1271 802 1306 aliquando
826 1275 923 1305 vocat,
943 1277 973 1298 ut
992 1271 1133 1305 Dionysius
1158 1271 1280 1304 notavit;
1304 1271 1404 1298 idcirco
1424 1271 1545 1305 pontifex
1561 1273 1703 1306 proposuit

91 1308 127 1342 ad
143 1305 324 1338 credendum,
334 1305 416 1332 simul
429 1305 463 1342 ab
477 1305 555 1334 initio
569 1305 854 1342 teniporis’utramque
868 1311 1042 1342 creaturam,
1062 1306 1235 1342 spiritualem,
1245 1312 1271 1334 et
1283 1306 1464 1340 corporalem,
1479 1305 1615 1334 conditam
1630 1314 1701 1334 esse.

91 1341 206 1377 Nomine
218 1342 308 1375 itaque
327 1341 456 1377 temporis
467 1349 553 1368 aevum
566 1346 593 1369 et
605 1341 710 1377 tentpus
722 1342 927 1376 comprehendit
939 1341 1072 1375 pontifex,
1087 1341 1209 1377 imitatus
1222 1341 1390 1377 Dionysium.
1404 1342 1495 1375 Quare
1509 1349 1562 1368 non
1578 1342 1704 1377 prohibet

91 1377 151 1404 haec
166 1375 324 1408 Decretalis,
336 1376 401 1411 quin
414 1375 494 1403 liceat
506 1378 626 1408 sentire,
641 1375 712 1411 quod
727 1375 909 1411 apostolorum
925 1376 1051 1411 discipuli
1066 1396 1074 1408 ,
1093 1376 1218 1404 Clemens
1239 1381 1266 1403 et
1284 1375 1443 1411 Dionysius.
1465 1384 1535 1411 quos
1555 1376 1634 1404 multi
1655 1378 1702 1404 alii

92 1417 186 1446 postea
198 1411 283 1438 secuti
299 1417 378 1447 sunt,
397 1417 542 1447 senserunt
561 1417 668 1439 creatos
685 1411 767 1439 fuisse
779 1412 889 1447 angelos
901 1417 964 1439 ante
978 1412 1116 1438 mundutn.
1131 1411 1170 1439 De
1181 1412 1285 1447 angelis
1301 1413 1373 1447 enim
1385 1412 1582 1446 interpretatur
1601 1412 1704 1447 Diony-

92 1447 150 1474 sius
163 1447 262 1473 dictutn
276 1454 336 1474 esse
353 1446 418 1473 illud
431 1458 436 1474 ;
451 1446 614 1480 Eteonmini,
628 1453 712 1482 porta:
724 1446 860 1474 wternalec
872 1452 902 1480 r;
922 1448 984 1482 quia
996 1447 1141 1482 antiquum
1164 1452 1191 1474 et
1208 1446 1383 1479 invariabile,
1398 1451 1426 1474 et
1444 1447 1532 1474 metiri
1554 1446 1703 1474 secundum

92 1486 181 1509 totum
196 1488 270 1514 esse,
282 1483 474 1516 proprietatem
486 1483 535 1509 aevi
550 1490 611 1510 esse
623 1481 700 1509 dicit.
712 1482 801 1515 Quare
812 1483 834 1509 si
847 1481 935 1509 aevum
946 1481 1086 1516 antiquius
1100 1487 1142 1509 est
1164 1487 1285 1516 tempore
1296 1503 1304 1514 ,
1330 1487 1357 1509 et
1369 1489 1456 1510 azvunt
1480 1483 1597 1514 dicitur,
1617 1488 1644 1509 et
1662 1487 1704 1510 est

92 1517 202 1553 εἰμι-θιὼ
213 1518 388 1552 angelorum:
405 1521 468 1544 sunt
483 1517 564 1552 igitur
575 1518 663 1551 angeli
679 1524 743 1545 ante
759 1523 874 1553 tempus,
887 1522 914 1544 et
925 1522 988 1544 ante
999 1524 1030 1544 ea
1044 1525 1104 1551 quae
1116 1522 1184 1544 sunt
1197 1517 1224 1543 in
1236 1522 1359 1552 tempore
1374 1518 1470 1545 creati.
1487 1517 1557 1544 Idem
1576 1518 1658 1545 sentit
1672 1519 1704 1545 5.

92 1551 226 1580 Maximus
239 1551 264 1579 in
277 1552 364 1587 prima
378 1551 501 1580 centuria
513 1553 676 1588 theologica.
692 1553 721 1580 Si
737 1551 934 1587 enim‘angelos
946 1560 998 1580 nott
1015 1558 1138 1580 creasset
1148 1556 1211 1579 ante
1224 1551 1329 1587 tempus
1342 1560 1403 1580 cum
1415 1560 1470 1587 quo
1480 1557 1556 1580 ortus
1567 1557 1608 1580 est
1622 1561 1704 1580 mun-

91 1589 155 1619 dus,
168 1590 306 1622 antiquius
319 1588 418 1614 virtute
428 1587 534 1620 fuisset,
553 1587 679 1616 non’esse
690 1588 836 1622 virtutem;
849 1594 876 1615 et
890 1588 1010 1616 bonitate
1022 1588 1159 1621 antiquius
1169 1607 1177 1620 ,
1194 1594 1246 1614 non
1257 1595 1317 1615 esse
1328 1588 1477 1614 bonitatetn
1487 1607 1495 1620 ,
1511 1594 1571 1621 quae
1585 1588 1702 1615 absurda

92 1623 124 1651 ὃ.
136 1622 252 1650 Maximo
264 1630 325 1650 esse
341 1623 476 1650 videntur.
491 1624 537 1650 Sic
550 1623 633 1650 etiam
647 1623 849 1657 intelligendum
865 1631 934 1656 esse,
947 1622 1017 1656 quod
1033 1622 1211 1656 Epiphanius,
1226 1622 1366 1657 disputans
1378 1627 1472 1649 contra
1489 1623 1614 1649 haeresim
1627 1623 1704 1651 Pauli

92 1659 276 1690 Samosateni,
288 1658 338 1690 ait,
353 1666 406 1686 tton
420 1666 482 1686 esse
498 1659 608 1693 angelos
620 1664 684 1685 ante
695 1659 794 1684 castum
807 1664 836 1685 et
847 1663 946 1685 terram
959 1661 1081 1693 creatos.
1094 1658 1160 1685 Cum
1182 1657 1271 1691 plane,
1294 1657 1382 1693 inquit
1392 1678 1399 1688 .
1421 1659 1473 1693 hoc
1486 1658 1588 1684 dictum
1602 1665 1655 1685 tton
1667 1665 1705 1686 stt

92 1693 234 1726 mutabile,
249 1694 320 1727 quod
332 1699 395 1720 ante
407 1694 506 1720 malum
519 1691 547 1720 ei
562 1699 663 1720 terram
677 1693 743 1720 nihil
754 1699 813 1720 erat
827 1701 860 1720 ex
873 1694 992 1724 creatis;
1005 1691 1085 1727 505
1099 1700 1160 1719 nam
1172 1694 1199 1719 in
1214 1691 1343 1727 principio
1357 1692 1417 1726 fecit
1430 1692 1500 1720 Deus
1513 1692 1605 1719 calum
1617 1699 1640 1720 et
1652 1699 1706 1721 ter-

92 1736 151 1755 ram
161 1731 172 1745 ¹
183 1747 191 1759 ,
208 1733 237 1754 ut
252 1728 414 1763 principiutn
430 1729 475 1761 sit,
489 1734 516 1755 et
530 1729 643 1756 nihilex
659 1729 760 1755 creatis
773 1732 835 1755 ante
848 1729 900 1755 hoc
913 1728 1000 1762 ipsutn
1013 1733 1058 1754 sit.
1075 1728 1211 1755 Hactenus
1226 1729 1402 1762 Epiphanius.

130 1761 304 1791 Verissinnnu
319 1761 372 1796 est,
390 1769 454 1791 ante
468 1765 567 1791 emtum
585 1769 615 1791 et
630 1769 730 1790 terratn
746 1763 908 1799 nihiljuisse
920 1761 954 1790 ex
969 1764 1082 1796 creatis,
1095 1763 1201 1790 scilicet
1214 1761 1375 1797 in’te’tnpore
1389 1761 1441 1798 (sic
1455 1763 1526 1790 enim
1541 1763 1704 1799 intelligen-

91 1799 156 1834 dum
176 1800 239 1833 est),
255 1799 345 1832 angeli
368 1803 459 1826 autem
484 1800 510 1826 in
523 1806 582 1826 aevo
604 1799 692 1826 creati
709 1803 782 1826 sunt.
805 1797 902 1825 divum
924 1799 995 1826 ettim
1014 1804 1057 1827 est
1082 1805 1208 1825 mensura
1231 1805 1326 1825 eorum
1346 1805 1407 1832 quas
1424 1806 1477 1825 non
1499 1804 1564 1827 sunt
1586 1797 1703 1834 tempori

91 1832 222 1861 subiecta.

128 1840 288 1902 l’t’tﬁzctrquod
306 1870 363 1896 haec
378 1868 539 1901 Decretalis,
558 1869 625 1896 dixit
636 1869 713 1904 prius
735 1868 861 1902 synodica
877 1868 991 1904 epistola
1006 1867 1152 1904 Sophronii
1175 1868 1341 1904 patriarchas
1373 1868 1605 1904 Jerosolymitani,
1623 1871 1706 1897 missa

92 1903 128 1930 ad
143 1903 291 1939 Honorium
307 1904 328 1937 I,
344 1909 371 1932 et
388 1905 488 1931 nonad
506 1903 994 1939 Sergiutn’Constantinopolitantum,
1017 1903 1172 1931 ut’Photius
1186 1904 1212 1930 in
1228 1911 1278 1930 sua
1296 1903 1461 1931 Bibliotheca
1479 1909 1604 1932 testatur.
1622 1905 1704 1932 Reci-

94 1944 150 1965 tata
171 1938 429 1975 fuitrhaeccpistola
447 1940 473 1966 in
498 1938 575 1966 sexta
595 1941 708 1975 synodo,
728 1945 756 1966 et
770 1941 797 1966 ιιι
812 1939 959 1966 undecima
982 1940 1090 1975 actione
1112 1938 1254 1975 collocata.
1278 1939 1402 1975 Loquens
1418 1946 1490 1975 ergo
1510 1940 1706 1975 de_creatione

93 1974 216 2010 mundia
232 1974 287 2000 Deo
300 1973 384 2008 facta,
400 1975 441 2002 sic
451 1975 598 2002 conﬁtetur
607 1973 778 2009 Sophronius
790 1983 797 2002 :
811 1975 854 2001 Κα

952 1975 1035 2002 πᾶσιν
1048 1974 1148 2010 ὥρισεν
1157 1973 1244 2010 ἀρχὴν
1255 1974 1383 2009 χρονικήν
1396 1982 1403 2000 :
1417 1974 1443 2001 id
1455 1973 1498 2001 est
1510 1981 1519 2001 :
1533 1973 1569 2000 Et
1584 1975 1705 2002 omnibus

92 2009 204 2036 decrevit
218 2009 378 2044 principium
399 2010 522 2043 temporis
534 2017 544 2036 :
560 2010 623 2044 quia
639 2011 739 2044 angeli,
758 2011 821 2037 licet
833 2011 1000 2038 innuortales
1015 2012 1080 2043 sint,
1093 2010 1143 2036 hoc
1159 2010 1259 2036 habent
1271 2016 1416 2036 commune
1429 2016 1489 2036 cum
1507 2009 1540 2036 iis
1559 2017 1620 2044 qua:
1642 2016 1707 2038 sunt

93 2045 121 2072 in
138 2048 270 2078 tempore,
287 2047 359 2078 quod
374 2045 438 2072 facti
455 2050 529 2077 suttt,
546 2045 650 2072 idcirco
673 2050 779 2080 tempus
801 2045 841 2072 eis
863 2045 1000 2072 attribuit.
1020 2046 1099 2073 Hunc
1113 2044 1198 2080 plane
1208 2049 1318 2071 secutus
1332 2048 1374 2080 est
1393 2044 1515 2079 pontifex
1539 2045 1567 2072 in
1588 2052 1637 2072 sua
1652 2044 1706 2072 De-

94 2079 239 2118 cretatiLet
251 2080 428 2118 Sophronius
438 2084 548 2118 secutus
566 2081 648 2115 plane
663 2079 836 2118 Dionysium.
851 2087 933 2115 quem
952 2081 982 2108 in
996 2081 1093 2108 eadem
1114 2079 1244 2115 synodica
1258 2081 1327 2107 citat
1347 2079 1393 2114 (ne
1407 2080 1470 2115 quis
1489 2080 1563 2108 dicat
1579 2080 1706 2115 ignotum

93 2114 178 2151 fuisse
193 2114 348 2149 Dionysium
365 2115 542 2151 Sophronio).

129 2149 196 2186 Esse
209 2148 290 2184 igitur
305 2148 418 2184 angelos
433 2155 499 2186 ante
518 2148 647 2178 mundum
662 2151 736 2178 hunc
754 2157 916 2186 corporeum
936 2156 1055 2184 creatos,
1072 2148 1316 2186 traditipionysius
1338 2150 1390 2178 hoc
1410 2149 1483 2182 loco,
1508 2155 1536 2178 et
1557 2151 1706 2185 apostolica

89 2184 218 2221 Doctrina
239 2186 284 2212 lib.
300 2192 347 2211 vnt
370 2185 538 2221 Clementis,
565 2193 625 2221 cap.
647 2186 692 2220 I2,
713 2191 742 2213 et
763 2184 823 2213 eam
845 2191 955 2214 secutus
980 2186 1129 2219 Gregorius
1154 2184 1345 2221 Nazianzenus
1369 2187 1394 2212 in
1413 2193 1539 2221 sermone
1563 2184 1595 2213 de
1610 2186 1707 2214 Natali

93 2219 209 2256 Christi,
217 2225 244 2247 et
258 2221 284 2247 in
297 2222 419 2256 secundo
433 2221 466 2247 dc
485 2219 641 2256 ΡριεΙιαξει
655 2221 726 2248 hunc
744 2227 854 2249 secutus
867 2221 1051 2249 Dat-iasceuus
1064 2221 1112 2248 lib.
1131 2228 1149 2248 ιι
1187 2220 1224 2246 De
1239 2220 1291 2254 ﬁde
1314 2221 1473 2248 orthodoxa.
1496 2220 1569 2248 Idem
1595 2229 1707 2256 quoque

95 2255 176 2292 docet
188 2255 302 2292 Magnus
313 2255 430 2283 Basilius
445 2257 471 2283 in
501 2255 663 2283 Hexaemero
684 2262 712 2284 et
724 2257 798 2283 illum
814 2261 925 2285 secutus
944 2257 1113 2291 Philopouus
1126 2256 1174 2284 lib.
1189 2262 1198 2282 ι
1231 2256 1270 2283 De
1284 2256 1416 2283 creatione
1432 2256 1524 2283 mundi
1538 2277 1547 2285 .
1562 2255 1623 2292 cap.
1638 2255 1667 2289 8,
1678 2259 1705 2291 9,

95 2291 138 2320 tu,
152 2290 197 2316 ubi
215 2291 445 2324 Mopsuesteuum,
459 2292 503 2318 cui
518 2294 685 2318 contrarium
698 2292 843 2324 sentiebat,
860 2292 967 2320 refellit.

130 2326 272 2358 Quomodo
287 2333 350 2353 Vero
367 2327 569 2361 intelligendum
593 2327 628 2353 sit
642 2333 784 2354 creaturas
800 2328 959 2362 spirituales
976 2331 1004 2354 et
1017 2326 1174 2361 corporales
1185 2325 1267 2354 simul
1278 2331 1385 2354 creatas
1400 2333 1474 2360 esse,
1487 2327 1547 2355 illas
1559 2335 1621 2355 cum
1635 2335 1704 2358 :evo,

95 2360 144 2398 has
160 2367 223 2398 cunt
239 2365 369 2398 tempore,
388 2367 417 2388 ut
430 2360 481 2398 hoc
496 2369 610 2398 quoque
625 2369 677 2398 non
693 2360 899 2396 praetereamus,
914 2360 1074 2398 explanavit
1090 2362 1161 2389 idem
1183 2362 1349 2389 Athanasius
1366 2362 1414 2389 lib.
1436 2370 1467 2388 Ill
1492 2368 1584 2389 contra
1600 2363 1706 2396 Arium,

97 2397 203 2423 intuens
218 2395 245 2432 in
262 2396 335 2422 illum
351 2397 438 2424 locum
455 2395 640 2424 Ecclesiastici
663 2395 724 2432 cap.
745 2404 812 2424 “ut
826 2406 833 2424 :
854 2398 906 2430 Qui
923 2395 984 2425 cibit
1004 2399 1032 2424 in
1051 2402 1191 2430 internum,
1215 2397 1311 2423 creavit
1327 2399 1416 2424 omnia
1432 2399 1522 2424 sintut.
1544 2398 1618 2425 Nihil
1633 2399 1705 2425 enim

96 2436 134 2457 ait
146 2431 279 2467 exgrebus
291 2432 392 2459 creatis
409 2437 473 2459 ante
487 2433 539 2459 alia
553 2433 596 2459 sui
615 2431 723 2466 generis
738 2434 877 2460 conditum
900 2441 972 2465 esse,
987 2433 1034 2460 sed
1048 2434 1139 2459 outnia
1155 2433 1236 2460 simul
1251 2440 1304 2458 uno
1315 2434 1467 2467 eodemque
1484 2434 1612 2460 mandato
1634 2433 1706 2460 facta

95 2472 165 2493 esse.
181 2465 213 2492 Et
223 2466 303 2499 paqu
315 2472 377 2494 ante
392 2468 478 2502 magis
489 2468 578 2494 adhuc
594 2465 721 2502 explicat,
737 2475 799 2494 cum
814 2469 863 2501 ait,
876 2469 944 2495 nihil
958 2476 1018 2496 esse
1031 2469 1058 2495 in
1074 2469 1155 2495 rebus
1166 2467 1267 2494 creatis
1278 2468 1350 2501 quod
1364 2465 1451 2502 ipsum
1469 2476 1551 2495 unum
1567 2474 1594 2495 et
1605 2470 1706 2501 solum,

95 2501 254 2538 etprimqu
270 2507 334 2529 ante
348 2502 413 2535 alia,
428 2501 534 2530 scilicet
547 2502 588 2529 sui
603 2501 723 2537 generis,
745 2503 847 2530 factum
863 2503 910 2536 sit,
922 2505 969 2531 sed
982 2511 1044 2531 cum
1058 2504 1186 2531 omnibus
1202 2502 1293 2536 simul,
1309 2501 1380 2529 κοιτᾶ
1397 2503 1474 2537 γένος
1489 2503 1506 2538 ἢ
1523 2503 1611 2536 τάξιν,
1628 2504 1654 2530 id
1666 2509 1709 2530 cst

96 2544 155 2563 cum
171 2536 297 2574 omnibus
315 2538 356 2564 sui
375 2538 543 2574 generisvel
554 2536 670 2565 ordinis.
685 2547 695 2564 ι
710 2538 819 2566 Nullum
835 2538 919 2572 enim,
936 2539 1035 2574 inquit,
1053 2546 1087 2566 ex
1109 2540 1201 2573 astris,
1221 2542 1270 2564 aut
1289 2546 1323 2565 ex
1341 2536 1448 2573 magnis
1469 2536 1652 2566 luminat-ibus
1669 2540 1706 2566 ita

96 2572 231 2609 apparuit,
249 2577 279 2598 ut
293 2575 345 2600 hoc
360 2574 446 2606 prius,
471 2573 538 2600 illud
553 2575 688 2609 posterius
704 2574 731 2600 in
748 2581 839 2600 rerum
857 2572 990 2609 naturain
1004 2579 1178 2609 emergeret;
1195 2572 1252 2600 sed
1264 2574 1355 2600 omnia
1370 2572 1465 2601 eodem
1488 2574 1532 2601 die
1555 2575 1707 2609 eodetnquc

94 2607 171 2644 jussu
184 2612 275 2634 ortum
289 2613 430 2642 ceperunt,
446 2610 573 2642 quamvis
584 2608 637 2635 aha
652 2610 686 2636 ab
703 2610 764 2636 aliis
787 2609 931 2643 splendore
943 2607 1236 2636 differantfb'imiliter
1250 2609 1276 2635 in
1293 2609 1526 2644 quadrupedibus,
1539 2607 1706 2639 volucribus,

97 2642 225 2676 piscibus,
246 2644 403 2677 pecoribus,
426 2644 567 2677 stirpibus.
587 2644 731 2677 Similiter,
754 2642 861 2678 inquit,
876 2644 962 2671 Adam
977 2664 985 2677 ,
1009 2651 1163 2678 quanquam
1184 2645 1258 2671 solus
1276 2642 1386 2671 e’tcrra
1400 2642 1538 2671 't'ortnatus
1563 2649 1615 2677 est,
1632 2644 1708 2671 fuere

99 2684 185 2704 tamen
198 2678 224 2704 in
239 2685 272 2705 eo
287 2679 369 2705 etiam
385 2684 458 2714 tunc
469 2680 589 2706 rationes
607 2680 789 2707 successionis
810 2680 1033 2714 posteritatisque
1054 2680 1165 2706 humani
1181 2681 1301 2714 generis.
1322 2679 1468 2714 Suhjungit
1484 2679 1582 2706 deinde
1597 2689 1604 2706 :
1622 2680 1655 2706 Et
1674 2687 1708 2705 ex

97 2714 235 2750 creatione
248 2714 346 2750 ιιιιιιιιιι
358 2713 476 2741 visibilis
494 2715 640 2742 invisibilia
659 2717 718 2749 ejus
735 2713 856 2750 (angelos
877 2715 954 2750 dicit)
978 2713 1029 2742 hoc
1048 2717 1131 2741 etiam
1153 2713 1256 2750 genere
1276 2722 1401 2749 operum,
1431 2713 1531 2749 inquit,
1554 2714 1626 2742 facta
1648 2722 1709 2741 esse

97 2749 283 2783 intelligimus,
306 2749 524 2784 colligimusque,
538 2758 572 2777 ne
587 2751 614 2776 in
630 2750 682 2777 illis
697 2749 806 2785 quidem
825 2749 974 2785 quidquam
987 2757 1111 2777 seorsum
1128 2749 1270 2784 in’gcttere
1292 2757 1342 2777 suo
1354 2755 1401 2777 aut
1416 2750 1494 2785 prius
1506 2755 1554 2776 aut
1572 2750 1710 2785 posterius

97 2789 216 2812 creatum
236 2792 308 2820 esse,
328 2787 375 2813 sed
388 2785 481 2813 omnia
499 2785 580 2813 simul
595 2793 655 2821 quae
669 2785 792 2821 ejusdem
812 2786 981 2813 condittonis
994 2790 1060 2813 sunt
1073 2786 1221 2813 exstitisse.
1242 2795 1252 2812 ι
1269 2785 1330 2814 Non
1343 2786 1418 2813 enim
1437 2785 1558 2816 singulas
1585 2791 1630 2811 res
1642 2789 1710 2810 enu—

100 2940 110 2955 .
165 2897 365 2962 ΡεειΙ.¹ι;ιι.νιιι.
404 2903 418 2918 ιι
437 2899 522 2928 Exod.
540 2907 626 2928 xxxn.
664 2902 677 2920 ο
692 2898 772 2928 Joan.
790 2907 810 2934 ι,
827 2899 854 2928 3.

148 2942 191 2962 eo.
209 2942 230 2963 t.
260 2953 267 2960 .

948 2899 1006 2929 ccli.
1030 2906 1107 2934 xvnt,
1125 2899 1151 2928 I.
1189 2903 1203 2924 ιι
1219 2897 1286 2928 Gen.
1305 2905 1324 2934 ι,
1343 2898 1372 2927 I.
1423 2902 1434 2917 τ
1451 2895 1522 2926 Psal.
1541 2905 1621 2931 mn,
1637 2897 1665 2932 7,
1682 2899 1709 2926 9.

165 2944 191 2961 ιι.
209 2944 267 2968 ι,ι.
