  <div class='ocr_page' id='page_1' title='image "/cluster/home/n/w/nwhite01/storage/ocr_20150623/3/njp.32101077772356/575.png"; bbox 0 0 1929 3061; ppageno 0'>
   <div class='ocr_carea' id='block_1_1' title="bbox 205 175 1826 209">
    <p class='ocr_par' dir='ltr' id='par_1_1' title="bbox 205 175 1826 209">
     <span class='ocr_line' id='line_1_1' title="bbox 205 175 1826 209; baseline -0.001 -1"><span class='ocrx_word' id='word_1_1' title='bbox 205 179 258 209; x_wconf 67' lang='grc'><strong>945</strong></span> <span class='ocrx_word' id='word_1_2' title='bbox 797 180 824 208; x_wconf 90' lang='lat' dir='ltr'><strong>S.</strong></span> <span class='ocrx_word' id='word_1_3' title='bbox 843 178 945 208; x_wconf 68' lang='lat' dir='ltr'><strong>DIONY</strong></span> <span class='ocrx_word' id='word_1_4' title='bbox 951 178 993 207; x_wconf 86' lang='lat' dir='ltr'><strong>Sll</strong></span> <span class='ocrx_word' id='word_1_5' title='bbox 1009 177 1240 207; x_wconf 64' lang='lat' dir='ltr'><strong>AREOPAGITE</strong></span> <span class='ocrx_word' id='word_1_6' title='bbox 1438 176 1441 178; x_wconf 77' lang='grc'><em>’</em></span> <span class='ocrx_word' id='word_1_7' title='bbox 1773 175 1826 208; x_wconf 67' lang='lat' dir='ltr'><strong>9H</strong></span> 
     </span>
    </p>
   </div>
   <div class='ocr_carea' id='block_1_2' title="bbox 207 235 1826 273">
    <p class='ocr_par' dir='ltr' id='par_1_2' title="bbox 207 235 1826 273">
     <span class='ocr_line' id='line_1_2' title="bbox 207 235 1826 273; baseline -0.002 -7"><span class='ocrx_word' id='word_1_8' title='bbox 207 236 321 273; x_wconf 82' lang='lat' dir='ltr'><strong>meravit</strong></span> <span class='ocrx_word' id='word_1_9' title='bbox 336 235 493 273; x_wconf 71' lang='lat' dir='ltr'><strong>Apostolus,</strong></span> <span class='ocrx_word' id='word_1_10' title='bbox 507 240 537 263; x_wconf 93' lang='lat' dir='ltr'><strong>ut</strong></span> <span class='ocrx_word' id='word_1_11' title='bbox 554 236 584 273; x_wconf 85' lang='lat' dir='ltr'><strong>in</strong></span> <span class='ocrx_word' id='word_1_12' title='bbox 598 236 671 265; x_wconf 89' lang='lat' dir='ltr'><strong>lnmc</strong></span> <span class='ocrx_word' id='word_1_13' title='bbox 683 237 792 264; x_wconf 85' lang='lat' dir='ltr'><strong>modum</strong></span> <span class='ocrx_word' id='word_1_14' title='bbox 806 238 911 265; x_wconf 88' lang='lat' dir='ltr'><strong>diceret</strong></span> <span class='ocrx_word' id='word_1_15' title='bbox 927 245 934 264; x_wconf 91' lang='lat'><strong>:</strong></span> <span class='ocrx_word' id='word_1_16' title='bbox 951 237 1014 273; x_wconf 66' lang='grc' dir='ltr'>δίεπε</span> <span class='ocrx_word' id='word_1_17' title='bbox 1030 236 1143 273; x_wconf 74' lang='lat' dir='ltr'><strong>angelus</strong></span> <span class='ocrx_word' id='word_1_18' title='bbox 1158 235 1378 273; x_wconf 78' lang='lat' dir='ltr'><strong>quispiam,_sive</strong></span> <span class='ocrx_word' id='word_1_19' title='bbox 1395 235 1511 273; x_wconf 77' lang='lat' dir='ltr'><strong>thronus</strong></span> <span class='ocrx_word' id='word_1_20' title='bbox 1535 235 1644 273; x_wconf 82' lang='lat' dir='ltr'><strong>aliquis,</strong></span> <span class='ocrx_word' id='word_1_21' title='bbox 1657 235 1724 273; x_wconf 72' lang='lat' dir='ltr'><strong>sive</strong></span> <span class='ocrx_word' id='word_1_22' title='bbox 1740 236 1826 264; x_wconf 70' lang='lat' dir='ltr'><strong>donni-</strong></span> 
     </span>
    </p>
   </div>
   <div class='ocr_carea' id='block_1_3' title="bbox 207 270 1825 308">
    <p class='ocr_par' dir='ltr' id='par_1_3' title="bbox 207 270 1825 308">
     <span class='ocr_line' id='line_1_3' title="bbox 207 270 1825 308; baseline -0.001 -8"><span class='ocrx_word' id='word_1_23' title='bbox 207 273 281 300; x_wconf 79' lang='lat' dir='ltr'><strong>nstio</strong></span> <span class='ocrx_word' id='word_1_24' title='bbox 296 271 352 304; x_wconf 82' lang='lat' dir='ltr'><strong>illa,</strong></span> <span class='ocrx_word' id='word_1_25' title='bbox 369 276 414 308; x_wconf 78' lang='lat' dir='ltr'><strong>aut</strong></span> <span class='ocrx_word' id='word_1_26' title='bbox 439 271 495 308; x_wconf 73' lang='lat' dir='ltr'><strong>illa,</strong></span> <span class='ocrx_word' id='word_1_27' title='bbox 509 277 557 308; x_wconf 84' lang='lat' dir='ltr'><strong>aut</strong></span> <span class='ocrx_word' id='word_1_28' title='bbox 579 272 636 300; x_wconf 77' lang='lat' dir='ltr'><strong>luec</strong></span> <span class='ocrx_word' id='word_1_29' title='bbox 660 273 701 300; x_wconf 86' lang='lat' dir='ltr'><strong>vel</strong></span> <span class='ocrx_word' id='word_1_30' title='bbox 716 273 760 301; x_wconf 88' lang='lat' dir='ltr'><strong>illa</strong></span> <span class='ocrx_word' id='word_1_31' title='bbox 785 280 817 299; x_wconf 80' lang='lat' dir='ltr'><strong>ex</strong></span> <span class='ocrx_word' id='word_1_32' title='bbox 834 272 1026 308; x_wconf 84' lang='lat' dir='ltr'><strong>potestatibus,</strong></span> <span class='ocrx_word' id='word_1_33' title='bbox 1051 270 1098 300; x_wconf 84' lang='lat' dir='ltr'><strong>séd</strong></span> <span class='ocrx_word' id='word_1_34' title='bbox 1123 270 1267 308; x_wconf 74' lang='lat' dir='ltr'><strong>universos</strong></span> <span class='ocrx_word' id='word_1_35' title='bbox 1288 270 1380 308; x_wconf 84' lang='lat' dir='ltr'><strong>simul,</strong></span> <span class='ocrx_word' id='word_1_36' title='bbox 1398 272 1445 306; x_wconf 90' lang='lat' dir='ltr'><strong>qui</strong></span> <span class='ocrx_word' id='word_1_37' title='bbox 1469 270 1590 308; x_wconf 76' lang='lat' dir='ltr'><strong>ejusdeui</strong></span> <span class='ocrx_word' id='word_1_38' title='bbox 1615 271 1720 308; x_wconf 81' lang='lat' dir='ltr'><strong>ordinis</strong></span> <span class='ocrx_word' id='word_1_39' title='bbox 1732 277 1825 304; x_wconf 88' lang='lat' dir='ltr'><strong>erant,</strong></span> 
     </span>
    </p>
   </div>
   <div class='ocr_carea' id='block_1_4' title="bbox 206 306 1826 342">
    <p class='ocr_par' dir='ltr' id='par_1_4' title="bbox 206 306 1826 342">
     <span class='ocr_line' id='line_1_4' title="bbox 206 306 1826 342; baseline -0.001 -7"><span class='ocrx_word' id='word_1_40' title='bbox 206 307 424 342; x_wconf 84' lang='lat' dir='ltr'><strong>comprehendit.</strong></span> <span class='ocrx_word' id='word_1_41' title='bbox 440 306 513 339; x_wconf 82' lang='lat' dir='ltr'><strong>Siue,</strong></span> <span class='ocrx_word' id='word_1_42' title='bbox 535 307 634 341; x_wconf 83' lang='lat' dir='ltr'><strong>inquit,</strong></span> <span class='ocrx_word' id='word_1_43' title='bbox 650 307 749 339; x_wconf 82' lang='lat' dir='ltr'><strong>throni,</strong></span> <span class='ocrx_word' id='word_1_44' title='bbox 767 308 820 335; x_wconf 71' lang='lat' dir='ltr'><strong>sive</strong></span> <span class='ocrx_word' id='word_1_45' title='bbox 835 306 1039 340; x_wconf 64' lang='lat' dir='ltr'><strong>dominatione»,</strong></span> <span class='ocrx_word' id='word_1_46' title='bbox 1060 308 1113 334; x_wconf 75' lang='lat' dir='ltr'><strong>sive</strong></span> <span class='ocrx_word' id='word_1_47' title='bbox 1132 307 1308 341; x_wconf 74' lang='lat' dir='ltr'><strong>principatus,</strong></span> <span class='ocrx_word' id='word_1_48' title='bbox 1326 306 1380 333; x_wconf 71' lang='lat' dir='ltr'><strong>sive</strong></span> <span class='ocrx_word' id='word_1_49' title='bbox 1400 312 1540 338; x_wconf 70' lang='lat' dir='ltr'><strong>potestates</strong></span> <span class='ocrx_word' id='word_1_50' title='bbox 1561 306 1585 339; x_wconf 69' lang='grc'>⁸,</span> <span class='ocrx_word' id='word_1_51' title='bbox 1610 312 1665 334; x_wconf 87' lang='lat' dir='ltr'><strong>etc.</strong></span> <span class='ocrx_word' id='word_1_52' title='bbox 1687 307 1826 334; x_wconf 75' lang='lat' dir='ltr'><strong>Hactenus</strong></span> 
     </span>
    </p>
   </div>
   <div class='ocr_carea' id='block_1_5' title="bbox 206 341 1826 377">
    <p class='ocr_par' dir='ltr' id='par_1_5' title="bbox 206 341 1826 377">
     <span class='ocr_line' id='line_1_5' title="bbox 206 341 1826 377; baseline -0.001 -7"><span class='ocrx_word' id='word_1_53' title='bbox 206 341 371 370; x_wconf 71' lang='lat' dir='ltr'><strong>Athanasius</strong></span> <span class='ocrx_word' id='word_1_54' title='bbox 386 350 393 368; x_wconf 88' lang='lat'><strong>:</strong></span> <span class='ocrx_word' id='word_1_55' title='bbox 412 351 422 367; x_wconf 76' lang='grc' dir='ltr'><strong>ι</strong></span> <span class='ocrx_word' id='word_1_56' title='bbox 447 342 547 369; x_wconf 81' lang='lat' dir='ltr'><strong>Omnes</strong></span> <span class='ocrx_word' id='word_1_57' title='bbox 568 342 660 377; x_wconf 85' lang='lat' dir='ltr'><strong>itaque</strong></span> <span class='ocrx_word' id='word_1_58' title='bbox 676 342 819 370; x_wconf 75' lang='lat' dir='ltr'><strong>cherubini</strong></span> <span class='ocrx_word' id='word_1_59' title='bbox 836 343 917 370; x_wconf 89' lang='lat' dir='ltr'><strong>simul</strong></span> <span class='ocrx_word' id='word_1_60' title='bbox 938 343 1024 370; x_wconf 93' lang='lat' dir='ltr'><strong>creati</strong></span> <span class='ocrx_word' id='word_1_61' title='bbox 1042 347 1115 374; x_wconf 82' lang='lat' dir='ltr'><strong>sunt.</strong></span> <span class='ocrx_word' id='word_1_62' title='bbox 1136 342 1218 369; x_wconf 88' lang='lat' dir='ltr'><strong>simul</strong></span> <span class='ocrx_word' id='word_1_63' title='bbox 1234 341 1298 369; x_wconf 93' lang='lat' dir='ltr'><strong>item</strong></span> <span class='ocrx_word' id='word_1_64' title='bbox 1316 342 1471 374; x_wconf 84' lang='lat' dir='ltr'><strong>seraphini.</strong></span> <span class='ocrx_word' id='word_1_65' title='bbox 1486 346 1514 370; x_wconf 90' lang='lat' dir='ltr'><strong>et</strong></span> <span class='ocrx_word' id='word_1_66' title='bbox 1529 342 1609 370; x_wconf 83' lang='lat' dir='ltr'><strong>simul</strong></span> <span class='ocrx_word' id='word_1_67' title='bbox 1624 343 1726 374; x_wconf 82' lang='lat' dir='ltr'><strong>throni.</strong></span> <span class='ocrx_word' id='word_1_68' title='bbox 1750 342 1826 371; x_wconf 79' lang='lat' dir='ltr'><strong>siuti-</strong></span> 
     </span>
    </p>
   </div>
   <div class='ocr_carea' id='block_1_6' title="bbox 207 377 1824 413">
    <p class='ocr_par' dir='ltr' id='par_1_6' title="bbox 207 377 1824 413">
     <span class='ocr_line' id='line_1_6' title="bbox 207 377 1824 413; baseline -0.001 -8"><span class='ocrx_word' id='word_1_69' title='bbox 207 379 269 405; x_wconf 87' lang='lat' dir='ltr'><strong>liter</strong></span> <span class='ocrx_word' id='word_1_70' title='bbox 285 378 311 405; x_wconf 89' lang='lat' dir='ltr'><strong>in</strong></span> <span class='ocrx_word' id='word_1_71' title='bbox 328 377 440 412; x_wconf 84' lang='lat' dir='ltr'><strong>reliquis</strong></span> <span class='ocrx_word' id='word_1_72' title='bbox 453 378 607 413; x_wconf 82' lang='lat' dir='ltr'><strong>ordinibus,</strong></span> <span class='ocrx_word' id='word_1_73' title='bbox 622 379 648 405; x_wconf 92' lang='lat' dir='ltr'><strong>in</strong></span> <span class='ocrx_word' id='word_1_74' title='bbox 662 378 771 412; x_wconf 81' lang='lat' dir='ltr'><strong>quibus,</strong></span> <span class='ocrx_word' id='word_1_75' title='bbox 784 378 856 413; x_wconf 91' lang='lat' dir='ltr'><strong>quod</strong></span> <span class='ocrx_word' id='word_1_76' title='bbox 869 378 902 404; x_wconf 87' lang='lat' dir='ltr'><strong>ad</strong></span> <span class='ocrx_word' id='word_1_77' title='bbox 914 379 1082 413; x_wconf 83' lang='lat' dir='ltr'><strong>creationem</strong></span> <span class='ocrx_word' id='word_1_78' title='bbox 1095 377 1225 412; x_wconf 89' lang='lat' dir='ltr'><strong>pertinet,</strong></span> <span class='ocrx_word' id='word_1_79' title='bbox 1239 385 1292 404; x_wconf 92' lang='lat' dir='ltr'><strong>non</strong></span> <span class='ocrx_word' id='word_1_80' title='bbox 1305 382 1347 405; x_wconf 87' lang='lat' dir='ltr'><strong>est</strong></span> <span class='ocrx_word' id='word_1_81' title='bbox 1361 377 1510 410; x_wconf 82' lang='lat' dir='ltr'><strong>quidquam</strong></span> <span class='ocrx_word' id='word_1_82' title='bbox 1524 378 1600 412; x_wconf 85' lang='lat' dir='ltr'><strong>prius</strong></span> <span class='ocrx_word' id='word_1_83' title='bbox 1612 382 1659 404; x_wconf 92' lang='lat' dir='ltr'><strong>aut</strong></span> <span class='ocrx_word' id='word_1_84' title='bbox 1674 378 1824 413; x_wconf 61' lang='lat' dir='ltr'><strong>posterius,</strong></span> 
     </span>
    </p>
   </div>
   <div class='ocr_carea' id='block_1_7' title="bbox 208 411 1824 448">
    <p class='ocr_par' dir='ltr' id='par_1_7' title="bbox 208 411 1824 448">
     <span class='ocr_line' id='line_1_7' title="bbox 208 411 1824 448; baseline -0.001 -8"><span class='ocrx_word' id='word_1_85' title='bbox 208 414 273 441; x_wconf 85' lang='lat' dir='ltr'><strong>licet</strong></span> <span class='ocrx_word' id='word_1_86' title='bbox 298 411 431 448; x_wconf 41' lang='lat' dir='ltr'><strong>gloria&#39;et</strong></span> <span class='ocrx_word' id='word_1_87' title='bbox 455 412 559 440; x_wconf 80' lang='lat' dir='ltr'><strong>honore</strong></span> <span class='ocrx_word' id='word_1_88' title='bbox 574 414 645 440; x_wconf 89' lang='lat' dir='ltr'><strong>inter</strong></span> <span class='ocrx_word' id='word_1_89' title='bbox 670 411 700 440; x_wconf 79' lang='lat' dir='ltr'><strong>se</strong></span> <span class='ocrx_word' id='word_1_90' title='bbox 718 411 855 442; x_wconf 72' lang='lat' dir='ltr'><strong>differant.</strong></span> <span class='ocrx_word' id='word_1_91' title='bbox 883 421 892 438; x_wconf 75' lang='grc' dir='ltr'><strong>ι</strong></span> <span class='ocrx_word' id='word_1_92' title='bbox 917 412 963 440; x_wconf 90' lang='lat' dir='ltr'><strong>Sic</strong></span> <span class='ocrx_word' id='word_1_93' title='bbox 984 413 1078 448; x_wconf 83' lang='lat' dir='ltr'><strong>probat</strong></span> <span class='ocrx_word' id='word_1_94' title='bbox 1102 413 1269 448; x_wconf 76' lang='lat' dir='ltr'><strong>Athanasius</strong></span> <span class='ocrx_word' id='word_1_95' title='bbox 1289 417 1384 439; x_wconf 87' lang='lat' dir='ltr'><strong>contra</strong></span> <span class='ocrx_word' id='word_1_96' title='bbox 1410 411 1595 447; x_wconf 31' lang='lat' dir='ltr'><strong>Arium,’non</strong></span> <span class='ocrx_word' id='word_1_97' title='bbox 1617 411 1682 440; x_wconf 79' lang='lat' dir='ltr'><strong>esse</strong></span> <span class='ocrx_word' id='word_1_98' title='bbox 1704 411 1824 440; x_wconf 80' lang='lat' dir='ltr'><strong>Verbum</strong></span> 
     </span>
    </p>
   </div>
   <div class='ocr_carea' id='block_1_8' title="bbox 206 447 1823 483">
    <p class='ocr_par' dir='ltr' id='par_1_8' title="bbox 206 447 1823 483">
     <span class='ocr_line' id='line_1_8' title="bbox 206 447 1823 483; baseline -0.001 -8"><span class='ocrx_word' id='word_1_99' title='bbox 206 447 372 476; x_wconf 80' lang='lat' dir='ltr'><strong>creaturam.</strong></span> <span class='ocrx_word' id='word_1_100' title='bbox 395 457 404 473; x_wconf 79' lang='grc' dir='ltr'><strong>ι</strong></span> <span class='ocrx_word' id='word_1_101' title='bbox 422 448 560 482; x_wconf 79' lang='lat' dir='ltr'><strong>Alioquin.</strong></span> <span class='ocrx_word' id='word_1_102' title='bbox 585 448 682 483; x_wconf 85' lang='lat' dir='ltr'><strong>inquit.</strong></span> <span class='ocrx_word' id='word_1_103' title='bbox 698 456 810 476; x_wconf 81' lang='lat' dir='ltr'><strong>necesse</strong></span> <span class='ocrx_word' id='word_1_104' title='bbox 829 454 889 476; x_wconf 89' lang='lat' dir='ltr'><strong>erat</strong></span> <span class='ocrx_word' id='word_1_105' title='bbox 920 453 949 475; x_wconf 92' lang='lat' dir='ltr'><strong>ul</strong></span> <span class='ocrx_word' id='word_1_106' title='bbox 964 448 1044 476; x_wconf 90' lang='lat' dir='ltr'><strong>simul</strong></span> <span class='ocrx_word' id='word_1_107' title='bbox 1063 455 1124 475; x_wconf 90' lang='lat' dir='ltr'><strong>cum</strong></span> <span class='ocrx_word' id='word_1_108' title='bbox 1145 447 1206 475; x_wconf 87' lang='lat' dir='ltr'><strong>aliis</strong></span> <span class='ocrx_word' id='word_1_109' title='bbox 1226 455 1260 474; x_wconf 79' lang='lat' dir='ltr'><strong>ex</strong></span> <span class='ocrx_word' id='word_1_110' title='bbox 1280 448 1376 475; x_wconf 81' lang='lat' dir='ltr'><strong>ordine</strong></span> <span class='ocrx_word' id='word_1_111' title='bbox 1389 448 1522 475; x_wconf 85' lang='lat' dir='ltr'><strong>virtutum</strong></span> <span class='ocrx_word' id='word_1_112' title='bbox 1548 452 1702 480; x_wconf 85' lang='lat' dir='ltr'><strong>crearetur.</strong></span> <span class='ocrx_word' id='word_1_113' title='bbox 1718 452 1746 475; x_wconf 85' lang='lat' dir='ltr'><strong>et</strong></span> <span class='ocrx_word' id='word_1_114' title='bbox 1768 455 1823 475; x_wconf 88' lang='lat' dir='ltr'><strong>non</strong></span> 
     </span>
    </p>
   </div>
   <div class='ocr_carea' id='block_1_9' title="bbox 207 483 1823 518">
    <p class='ocr_par' dir='ltr' id='par_1_9' title="bbox 207 483 1823 518">
     <span class='ocr_line' id='line_1_9' title="bbox 207 483 1823 518; baseline -0.001 -7"><span class='ocrx_word' id='word_1_115' title='bbox 207 490 281 516; x_wconf 86' lang='lat' dir='ltr'><strong>ante,</strong></span> <span class='ocrx_word' id='word_1_116' title='bbox 297 484 362 511; x_wconf 86' lang='lat' dir='ltr'><strong>licet</strong></span> <span class='ocrx_word' id='word_1_117' title='bbox 382 483 467 518; x_wconf 76' lang='lat' dir='ltr'><strong>gloria</strong></span> <span class='ocrx_word' id='word_1_118' title='bbox 488 484 595 511; x_wconf 64' lang='lat' dir='ltr'><strong>caneris</strong></span> <span class='ocrx_word' id='word_1_119' title='bbox 614 484 800 511; x_wconf 83' lang='lat' dir='ltr'><strong>antecelleret.</strong></span> <span class='ocrx_word' id='word_1_120' title='bbox 826 493 834 510; x_wconf 78' lang='grc' dir='ltr'><strong>ι</strong></span> <span class='ocrx_word' id='word_1_121' title='bbox 853 484 891 510; x_wconf 81' lang='lat' dir='ltr'><strong>Ex</strong></span> <span class='ocrx_word' id='word_1_122' title='bbox 908 491 961 518; x_wconf 92' lang='lat' dir='ltr'><strong>quo</strong></span> <span class='ocrx_word' id='word_1_123' title='bbox 982 490 1079 510; x_wconf 81' lang='lat' dir='ltr'><strong>rursus</strong></span> <span class='ocrx_word' id='word_1_124' title='bbox 1100 483 1237 518; x_wconf 28' lang='lat' dir='ltr'><strong>ﬁerettut</strong></span> <span class='ocrx_word' id='word_1_125' title='bbox 1261 490 1315 510; x_wconf 92' lang='lat' dir='ltr'><strong>non</strong></span> <span class='ocrx_word' id='word_1_126' title='bbox 1335 487 1428 518; x_wconf 84' lang='lat' dir='ltr'><strong>posset</strong></span> <span class='ocrx_word' id='word_1_127' title='bbox 1454 490 1514 510; x_wconf 84' lang='lat' dir='ltr'><strong>esse</strong></span> <span class='ocrx_word' id='word_1_128' title='bbox 1531 483 1648 518; x_wconf 88' lang='lat' dir='ltr'><strong>primum</strong></span> <span class='ocrx_word' id='word_1_129' title='bbox 1670 487 1698 510; x_wconf 88' lang='lat' dir='ltr'><strong>et</strong></span> <span class='ocrx_word' id='word_1_130' title='bbox 1715 483 1823 510; x_wconf 88' lang='lat' dir='ltr'><strong>initimn</strong></span> 
     </span>
    </p>
   </div>
   <div class='ocr_carea' id='block_1_10' title="bbox 207 517 1824 554">
    <p class='ocr_par' dir='ltr' id='par_1_10' title="bbox 207 517 1824 554">
     <span class='ocr_line' id='line_1_10' title="bbox 207 517 1824 554; baseline 0 -9"><span class='ocrx_word' id='word_1_131' title='bbox 207 520 335 550; x_wconf 77' lang='lat' dir='ltr'><strong>aliorum.</strong></span> <span class='ocrx_word' id='word_1_132' title='bbox 358 517 394 546; x_wconf 73' lang='lat' dir='ltr'><strong>ut</strong></span> <span class='ocrx_word' id='word_1_133' title='bbox 412 518 507 546; x_wconf 78' lang='lat' dir='ltr'><strong>Ariani</strong></span> <span class='ocrx_word' id='word_1_134' title='bbox 533 519 668 546; x_wconf 86' lang='lat' dir='ltr'><strong>volebant.</strong></span> <span class='ocrx_word' id='word_1_135' title='bbox 689 518 848 546; x_wconf 86' lang='lat' dir='ltr'><strong>Tradebant</strong></span> <span class='ocrx_word' id='word_1_136' title='bbox 864 517 937 546; x_wconf 84' lang='lat' dir='ltr'><strong>enim</strong></span> <span class='ocrx_word' id='word_1_137' title='bbox 964 524 1086 546; x_wconf 88' lang='lat' dir='ltr'><strong>creatum</strong></span> <span class='ocrx_word' id='word_1_138' title='bbox 1110 525 1171 554; x_wconf 85' lang='lat' dir='ltr'><strong>esse</strong></span> <span class='ocrx_word' id='word_1_139' title='bbox 1183 517 1314 550; x_wconf 84' lang='lat' dir='ltr'><strong>Verbum,</strong></span> <span class='ocrx_word' id='word_1_140' title='bbox 1329 517 1358 545; x_wconf 81' lang='lat' dir='ltr'><strong>ut</strong></span> <span class='ocrx_word' id='word_1_141' title='bbox 1379 527 1428 554; x_wconf 83' lang='lat' dir='ltr'><strong>per</strong></span> <span class='ocrx_word' id='word_1_142' title='bbox 1451 517 1539 554; x_wconf 80' lang='lat' dir='ltr'><strong>ipsum</strong></span> <span class='ocrx_word' id='word_1_143' title='bbox 1565 520 1635 545; x_wconf 88' lang='lat' dir='ltr'><strong>Deus</strong></span> <span class='ocrx_word' id='word_1_144' title='bbox 1652 518 1744 546; x_wconf 89' lang='lat' dir='ltr'><strong>omnia</strong></span> <span class='ocrx_word' id='word_1_145' title='bbox 1769 519 1824 554; x_wconf 14' lang='lat' dir='ltr'><strong>aliis</strong></span> 
     </span>
    </p>
   </div>
   <div class='ocr_carea' id='block_1_11' title="bbox 206 553 1820 589">
    <p class='ocr_par' dir='ltr' id='par_1_11' title="bbox 206 553 1820 589">
     <span class='ocr_line' id='line_1_11' title="bbox 206 553 1820 589; baseline -0.001 -7"><span class='ocrx_word' id='word_1_146' title='bbox 206 559 324 587; x_wconf 87' lang='lat' dir='ltr'><strong>crearet,</strong></span> <span class='ocrx_word' id='word_1_147' title='bbox 344 554 422 589; x_wconf 86' lang='lat' dir='ltr'><strong>quasi</strong></span> <span class='ocrx_word' id='word_1_148' title='bbox 439 561 491 580; x_wconf 94' lang='lat' dir='ltr'><strong>non</strong></span> <span class='ocrx_word' id='word_1_149' title='bbox 510 559 584 582; x_wconf 85' lang='lat' dir='ltr'><strong>esset</strong></span> <span class='ocrx_word' id='word_1_150' title='bbox 599 555 632 581; x_wconf 92' lang='lat' dir='ltr'><strong>de</strong></span> <span class='ocrx_word' id='word_1_151' title='bbox 650 562 764 582; x_wconf 86' lang='lat' dir='ltr'><strong>numero</strong></span> <span class='ocrx_word' id='word_1_152' title='bbox 778 555 900 581; x_wconf 81' lang='grc' dir='ltr'>θηιιιίυηι</span> <span class='ocrx_word' id='word_1_153' title='bbox 916 563 923 587; x_wconf 89' lang='grc'><strong>;</strong></span> <span class='ocrx_word' id='word_1_154' title='bbox 940 561 1001 580; x_wconf 89' lang='lat' dir='ltr'><strong>cum</strong></span> <span class='ocrx_word' id='word_1_155' title='bbox 1019 559 1109 581; x_wconf 77' lang='lat' dir='ltr'><strong>tmnen</strong></span> <span class='ocrx_word' id='word_1_156' title='bbox 1127 553 1179 581; x_wconf 85' lang='lat' dir='ltr'><strong>tale</strong></span> <span class='ocrx_word' id='word_1_157' title='bbox 1201 553 1363 588; x_wconf 86' lang='lat' dir='ltr'><strong>principium</strong></span> <span class='ocrx_word' id='word_1_158' title='bbox 1382 553 1517 587; x_wconf 84' lang='lat' dir='ltr'><strong>omnium,</strong></span> <span class='ocrx_word' id='word_1_159' title='bbox 1540 553 1580 580; x_wconf 85' lang='lat' dir='ltr'><strong>ait</strong></span> <span class='ocrx_word' id='word_1_160' title='bbox 1596 554 1775 585; x_wconf 85' lang='lat' dir='ltr'><strong>Athanasius.</strong></span> <span class='ocrx_word' id='word_1_161' title='bbox 1792 553 1820 580; x_wconf 89' lang='lat' dir='ltr'><strong>iu</strong></span> 
     </span>
    </p>
   </div>
   <div class='ocr_carea' id='block_1_12' title="bbox 206 589 1825 623">
    <p class='ocr_par' dir='ltr' id='par_1_12' title="bbox 206 589 1825 623">
     <span class='ocr_line' id='line_1_12' title="bbox 206 589 1825 623; baseline -0.001 -7"><span class='ocrx_word' id='word_1_162' title='bbox 206 590 335 617; x_wconf 89' lang='lat' dir='ltr'><strong>omnibus</strong></span> <span class='ocrx_word' id='word_1_163' title='bbox 351 590 574 618; x_wconf 83' lang='lat' dir='ltr'><strong>convinceretur.</strong></span> <span class='ocrx_word' id='word_1_164' title='bbox 595 593 676 623; x_wconf 88' lang='lat' dir='ltr'><strong>atque</strong></span> <span class='ocrx_word' id='word_1_165' title='bbox 691 590 727 616; x_wconf 89' lang='lat' dir='ltr'><strong>ita</strong></span> <span class='ocrx_word' id='word_1_166' title='bbox 742 589 892 621; x_wconf 83' lang='lat' dir='ltr'><strong>concludit.</strong></span> <span class='ocrx_word' id='word_1_167' title='bbox 906 589 1016 616; x_wconf 83' lang='lat' dir='ltr'><strong>dilTerre</strong></span> <span class='ocrx_word' id='word_1_168' title='bbox 1034 589 1149 616; x_wconf 79' lang='lat' dir='ltr'><strong>Verbum</strong></span> <span class='ocrx_word' id='word_1_169' title='bbox 1165 589 1317 616; x_wconf 84' lang='lat' dir='ltr'><strong>substantia</strong></span> <span class='ocrx_word' id='word_1_170' title='bbox 1334 594 1363 615; x_wconf 91' lang='lat' dir='ltr'><strong>et</strong></span> <span class='ocrx_word' id='word_1_171' title='bbox 1378 594 1474 616; x_wconf 89' lang='lat' dir='ltr'><strong>natura</strong></span> <span class='ocrx_word' id='word_1_172' title='bbox 1491 596 1505 615; x_wconf 87' lang='lat' dir='ltr'><strong>a</strong></span> <span class='ocrx_word' id='word_1_173' title='bbox 1519 589 1665 621; x_wconf 87' lang='lat' dir='ltr'><strong>creaturis,</strong></span> <span class='ocrx_word' id='word_1_174' title='bbox 1683 589 1825 623; x_wconf 78' lang='lat' dir='ltr'><strong>solumque</strong></span> 
     </span>
    </p>
   </div>
   <div class='ocr_carea' id='block_1_13' title="bbox 206 623 1824 660">
    <p class='ocr_par' dir='ltr' id='par_1_13' title="bbox 206 623 1824 660">
     <span class='ocr_line' id='line_1_13' title="bbox 206 623 1824 660; baseline -0.001 -9"><span class='ocrx_word' id='word_1_175' title='bbox 206 626 295 660; x_wconf 83' lang='lat' dir='ltr'><strong>ipsum</strong></span> <span class='ocrx_word' id='word_1_176' title='bbox 308 632 372 652; x_wconf 87' lang='lat' dir='ltr'><strong>esse</strong></span> <span class='ocrx_word' id='word_1_177' title='bbox 387 625 473 651; x_wconf 85' lang='lat' dir='ltr'><strong>solius</strong></span> <span class='ocrx_word' id='word_1_178' title='bbox 485 625 543 652; x_wconf 87' lang='lat' dir='ltr'><strong>veri</strong></span> <span class='ocrx_word' id='word_1_179' title='bbox 561 624 608 651; x_wconf 77' lang='lat' dir='ltr'><strong>Dei</strong></span> <span class='ocrx_word' id='word_1_180' title='bbox 626 625 784 660; x_wconf 70' lang='lat' dir='ltr'><strong>imaginem.</strong></span> <span class='ocrx_word' id='word_1_181' title='bbox 802 625 840 651; x_wconf 69' lang='lat' dir='ltr'><strong>lix</strong></span> <span class='ocrx_word' id='word_1_182' title='bbox 862 625 961 659; x_wconf 88' lang='lat' dir='ltr'><strong>quibus</strong></span> <span class='ocrx_word' id='word_1_183' title='bbox 979 629 1057 659; x_wconf 89' lang='lat' dir='ltr'><strong>patet</strong></span> <span class='ocrx_word' id='word_1_184' title='bbox 1075 624 1186 659; x_wconf 73' lang='lat' dir='ltr'><strong>angelos</strong></span> <span class='ocrx_word' id='word_1_185' title='bbox 1203 623 1373 658; x_wconf 77' lang='lat' dir='ltr'><strong>antiquiores</strong></span> <span class='ocrx_word' id='word_1_186' title='bbox 1388 631 1448 651; x_wconf 87' lang='lat' dir='ltr'><strong>esse</strong></span> <span class='ocrx_word' id='word_1_187' title='bbox 1470 625 1552 652; x_wconf 84' lang='lat' dir='ltr'><strong>rebus</strong></span> <span class='ocrx_word' id='word_1_188' title='bbox 1568 624 1764 658; x_wconf 83' lang='lat' dir='ltr'><strong>temporaueis.</strong></span> <span class='ocrx_word' id='word_1_189' title='bbox 1775 629 1824 660; x_wconf 20' lang='lat' dir='ltr'><strong>rut-7</strong></span> 
     </span>
    </p>
   </div>
   <div class='ocr_carea' id='block_1_14' title="bbox 205 659 1824 694">
    <p class='ocr_par' dir='ltr' id='par_1_14' title="bbox 205 659 1824 694">
     <span class='ocr_line' id='line_1_14' title="bbox 205 659 1824 694; baseline -0.001 -7"><span class='ocrx_word' id='word_1_190' title='bbox 205 659 270 694; x_wconf 80' lang='lat' dir='ltr'><strong>pote</strong></span> <span class='ocrx_word' id='word_1_191' title='bbox 289 661 446 691; x_wconf 77' lang='lat' dir='ltr'><strong>:evilernos,</strong></span> <span class='ocrx_word' id='word_1_192' title='bbox 462 667 525 686; x_wconf 88' lang='lat' dir='ltr'><strong>cum</strong></span> <span class='ocrx_word' id='word_1_193' title='bbox 539 667 626 686; x_wconf 60' lang='lat' dir='ltr'><strong>aevum</strong></span> <span class='ocrx_word' id='word_1_194' title='bbox 643 665 765 694; x_wconf 89' lang='lat' dir='ltr'><strong>tempore</strong></span> <span class='ocrx_word' id='word_1_195' title='bbox 779 660 917 694; x_wconf 84' lang='lat' dir='ltr'><strong>antiquius</strong></span> <span class='ocrx_word' id='word_1_196' title='bbox 928 660 974 692; x_wconf 89' lang='lat' dir='ltr'><strong>sit,</strong></span> <span class='ocrx_word' id='word_1_197' title='bbox 990 667 1042 686; x_wconf 89' lang='lat' dir='ltr'><strong>non</strong></span> <span class='ocrx_word' id='word_1_198' title='bbox 1055 667 1116 686; x_wconf 88' lang='lat' dir='ltr'><strong>esse</strong></span> <span class='ocrx_word' id='word_1_199' title='bbox 1129 665 1218 686; x_wconf 92' lang='lat' dir='ltr'><strong>tamen</strong></span> <span class='ocrx_word' id='word_1_200' title='bbox 1234 660 1288 686; x_wconf 85' lang='lat' dir='ltr'><strong>Deo</strong></span> <span class='ocrx_word' id='word_1_201' title='bbox 1302 665 1466 692; x_wconf 75' lang='lat' dir='ltr'><strong>cozeternos,</strong></span> <span class='ocrx_word' id='word_1_202' title='bbox 1479 668 1540 687; x_wconf 86' lang='lat' dir='ltr'><strong>cum</strong></span> <span class='ocrx_word' id='word_1_203' title='bbox 1557 660 1698 686; x_wconf 69' lang='lat' dir='ltr'><strong>mentitas</strong></span> <span class='ocrx_word' id='word_1_204' title='bbox 1709 667 1757 687; x_wconf 90' lang='lat' dir='ltr'><strong>sua</strong></span> <span class='ocrx_word' id='word_1_205' title='bbox 1774 659 1824 693; x_wconf 83' lang='lat' dir='ltr'><strong>ipsi</strong></span> 
     </span>
    </p>
   </div>
   <div class='ocr_carea' id='block_1_15' title="bbox 207 694 1825 730">
    <p class='ocr_par' dir='ltr' id='par_1_15' title="bbox 207 694 1825 730">
     <span class='ocr_line' id='line_1_15' title="bbox 207 694 1825 730; baseline -0.002 -8"><span class='ocrx_word' id='word_1_206' title='bbox 207 696 316 730; x_wconf 85' lang='lat' dir='ltr'><strong>propria</strong></span> <span class='ocrx_word' id='word_1_207' title='bbox 334 696 381 726; x_wconf 83' lang='lat' dir='ltr'><strong>sit.</strong></span> <span class='ocrx_word' id='word_1_208' title='bbox 394 702 444 722; x_wconf 89' lang='lat' dir='ltr'><strong>nec</strong></span> <span class='ocrx_word' id='word_1_209' title='bbox 457 694 503 720; x_wconf 90' lang='lat' dir='ltr'><strong>ulli</strong></span> <span class='ocrx_word' id='word_1_210' title='bbox 521 694 598 722; x_wconf 85' lang='lat' dir='ltr'><strong>alteri</strong></span> <span class='ocrx_word' id='word_1_211' title='bbox 616 695 852 722; x_wconf 86' lang='lat' dir='ltr'><strong>conmnmicabilis</strong></span> <span class='ocrx_word' id='word_1_212' title='bbox 865 699 1007 721; x_wconf 67' lang='lat' dir='ltr'><strong>creaturae.</strong></span> <span class='ocrx_word' id='word_1_213' title='bbox 1022 694 1060 721; x_wconf 82' lang='lat' dir='ltr'><strong>Ex</strong></span> <span class='ocrx_word' id='word_1_214' title='bbox 1073 702 1126 730; x_wconf 91' lang='lat' dir='ltr'><strong>quo</strong></span> <span class='ocrx_word' id='word_1_215' title='bbox 1138 695 1311 722; x_wconf 81' lang='lat' dir='ltr'><strong>manifestum</strong></span> <span class='ocrx_word' id='word_1_216' title='bbox 1324 695 1363 725; x_wconf 88' lang='lat' dir='ltr'><strong>lit.</strong></span> <span class='ocrx_word' id='word_1_217' title='bbox 1379 694 1446 722; x_wconf 90' lang='lat' dir='ltr'><strong>nihil</strong></span> <span class='ocrx_word' id='word_1_218' title='bbox 1462 702 1549 729; x_wconf 83' lang='lat' dir='ltr'><strong>neque</strong></span> <span class='ocrx_word' id='word_1_219' title='bbox 1560 699 1725 729; x_wconf 85' lang='lat' dir='ltr'><strong>temporum,</strong></span> <span class='ocrx_word' id='word_1_220' title='bbox 1738 701 1825 730; x_wconf 81' lang='lat' dir='ltr'><strong>neque</strong></span> 
     </span>
    </p>
   </div>
   <div class='ocr_carea' id='block_1_16' title="bbox 206 729 1826 764">
    <p class='ocr_par' dir='ltr' id='par_1_16' title="bbox 206 729 1826 764">
     <span class='ocr_line' id='line_1_16' title="bbox 206 729 1826 764; baseline -0.002 -6"><span class='ocrx_word' id='word_1_221' title='bbox 206 729 381 763; x_wconf 61' lang='lat' dir='ltr'><strong>stimulet-um,</strong></span> <span class='ocrx_word' id='word_1_222' title='bbox 400 738 449 756; x_wconf 88' lang='lat' dir='ltr'><strong>nec</strong></span> <span class='ocrx_word' id='word_1_223' title='bbox 462 730 610 764; x_wconf 85' lang='lat' dir='ltr'><strong>quidquam</strong></span> <span class='ocrx_word' id='word_1_224' title='bbox 633 738 727 758; x_wconf 87' lang='lat' dir='ltr'><strong>eorum</strong></span> <span class='ocrx_word' id='word_1_225' title='bbox 751 737 811 764; x_wconf 61' lang='lat' dir='ltr'><strong>quae</strong></span> <span class='ocrx_word' id='word_1_226' title='bbox 825 730 852 757; x_wconf 90' lang='lat' dir='ltr'><strong>in</strong></span> <span class='ocrx_word' id='word_1_227' title='bbox 876 730 943 764; x_wconf 87' lang='lat' dir='ltr'><strong>ipsis</strong></span> <span class='ocrx_word' id='word_1_228' title='bbox 961 729 1129 764; x_wconf 80' lang='lat' dir='ltr'><strong>temporibus</strong></span> <span class='ocrx_word' id='word_1_229' title='bbox 1143 735 1190 757; x_wconf 87' lang='lat' dir='ltr'><strong>aut</strong></span> <span class='ocrx_word' id='word_1_230' title='bbox 1212 730 1320 757; x_wconf 67' lang='lat' dir='ltr'><strong>saeculis</strong></span> <span class='ocrx_word' id='word_1_231' title='bbox 1339 735 1412 762; x_wconf 88' lang='lat' dir='ltr'><strong>sunt,</strong></span> <span class='ocrx_word' id='word_1_232' title='bbox 1437 736 1602 758; x_wconf 59' lang='lat' dir='ltr'><strong>coarternum</strong></span> <span class='ocrx_word' id='word_1_233' title='bbox 1616 737 1678 757; x_wconf 84' lang='lat' dir='ltr'><strong>esse</strong></span> <span class='ocrx_word' id='word_1_234' title='bbox 1695 729 1826 757; x_wconf 82' lang='lat' dir='ltr'><strong>Intinitati</strong></span> 
     </span>
    </p>
   </div>
   <div class='ocr_carea' id='block_1_17' title="bbox 207 764 1825 799">
    <p class='ocr_par' dir='ltr' id='par_1_17' title="bbox 207 764 1825 799">
     <span class='ocr_line' id='line_1_17' title="bbox 207 764 1825 799; baseline 0 -7"><span class='ocrx_word' id='word_1_235' title='bbox 207 766 266 798; x_wconf 89' lang='lat' dir='ltr'><strong>Dei,</strong></span> <span class='ocrx_word' id='word_1_236' title='bbox 277 774 342 799; x_wconf 61' lang='lat' dir='ltr'><strong>quae</strong></span> <span class='ocrx_word' id='word_1_237' title='bbox 354 766 475 792; x_wconf 88' lang='lat' dir='ltr'><strong>onminm</strong></span> <span class='ocrx_word' id='word_1_238' title='bbox 495 773 579 792; x_wconf 83' lang='lat' dir='ltr'><strong>causa</strong></span> <span class='ocrx_word' id='word_1_239' title='bbox 596 770 650 797; x_wconf 84' lang='lat' dir='ltr'><strong>est,</strong></span> <span class='ocrx_word' id='word_1_240' title='bbox 667 770 694 792; x_wconf 90' lang='lat' dir='ltr'><strong>et</strong></span> <span class='ocrx_word' id='word_1_241' title='bbox 716 772 799 799; x_wconf 81' lang='lat' dir='ltr'><strong>Supra</strong></span> <span class='ocrx_word' id='word_1_242' title='bbox 811 766 902 792; x_wconf 89' lang='lat' dir='ltr'><strong>omnia</strong></span> <span class='ocrx_word' id='word_1_243' title='bbox 916 769 966 797; x_wconf 87' lang='lat' dir='ltr'><strong>est,</strong></span> <span class='ocrx_word' id='word_1_244' title='bbox 984 771 1012 791; x_wconf 85' lang='lat' dir='ltr'><strong>et</strong></span> <span class='ocrx_word' id='word_1_245' title='bbox 1035 764 1114 798; x_wconf 83' lang='lat' dir='ltr'><strong>cujus</strong></span> <span class='ocrx_word' id='word_1_246' title='bbox 1125 766 1264 792; x_wconf 71' lang='lat' dir='ltr'><strong>voluntate</strong></span> <span class='ocrx_word' id='word_1_247' title='bbox 1282 767 1373 792; x_wconf 83' lang='lat' dir='ltr'><strong>omnia</strong></span> <span class='ocrx_word' id='word_1_248' title='bbox 1387 772 1420 792; x_wconf 81' lang='lat' dir='ltr'><strong>ex</strong></span> <span class='ocrx_word' id='word_1_249' title='bbox 1442 766 1528 792; x_wconf 90' lang='lat' dir='ltr'><strong>nibilo</strong></span> <span class='ocrx_word' id='word_1_250' title='bbox 1544 765 1618 792; x_wconf 78' lang='lat' dir='ltr'><strong>facta</strong></span> <span class='ocrx_word' id='word_1_251' title='bbox 1634 772 1711 798; x_wconf 88' lang='lat' dir='ltr'><strong>sunt,</strong></span> <span class='ocrx_word' id='word_1_252' title='bbox 1733 765 1791 792; x_wconf 84' lang='lat' dir='ltr'><strong>sive</strong></span> <span class='ocrx_word' id='word_1_253' title='bbox 1809 771 1825 789; x_wconf 74' lang='grc' dir='ltr'><strong>ιι</strong></span> 
     </span>
    </p>
   </div>
   <div class='ocr_carea' id='block_1_18' title="bbox 206 800 1827 836">
    <p class='ocr_par' dir='ltr' id='par_1_18' title="bbox 206 800 1827 836">
     <span class='ocr_line' id='line_1_18' title="bbox 206 800 1827 836; baseline -0.002 -8"><span class='ocrx_word' id='word_1_254' title='bbox 206 807 342 836; x_wconf 87' lang='lat' dir='ltr'><strong>tempore,</strong></span> <span class='ocrx_word' id='word_1_255' title='bbox 355 801 412 828; x_wconf 87' lang='lat' dir='ltr'><strong>sive</strong></span> <span class='ocrx_word' id='word_1_256' title='bbox 428 808 443 827; x_wconf 90' lang='lat' dir='ltr'><strong>a</strong></span> <span class='ocrx_word' id='word_1_257' title='bbox 457 800 558 827; x_wconf 60' lang='lat' dir='ltr'><strong>sarculo</strong></span> <span class='ocrx_word' id='word_1_258' title='bbox 570 809 616 828; x_wconf 87' lang='lat' dir='ltr'><strong>seu</strong></span> <span class='ocrx_word' id='word_1_259' title='bbox 628 808 687 827; x_wconf 67' lang='lat' dir='ltr'><strong>aevo</strong></span> <span class='ocrx_word' id='word_1_260' title='bbox 698 806 788 827; x_wconf 89' lang='lat' dir='ltr'><strong>ortum</strong></span> <span class='ocrx_word' id='word_1_261' title='bbox 807 800 946 830; x_wconf 77' lang='lat' dir='ltr'><strong>duxerint.</strong></span> <span class='ocrx_word' id='word_1_262' title='bbox 963 800 1050 828; x_wconf 90' lang='lat' dir='ltr'><strong>Simul</strong></span> <span class='ocrx_word' id='word_1_263' title='bbox 1065 801 1148 828; x_wconf 88' lang='lat' dir='ltr'><strong>etiam</strong></span> <span class='ocrx_word' id='word_1_264' title='bbox 1165 801 1265 828; x_wconf 87' lang='lat' dir='ltr'><strong>decens</strong></span> <span class='ocrx_word' id='word_1_265' title='bbox 1278 801 1397 833; x_wconf 84' lang='lat' dir='ltr'><strong>videtur,</strong></span> <span class='ocrx_word' id='word_1_266' title='bbox 1417 805 1447 828; x_wconf 91' lang='lat' dir='ltr'><strong>ut</strong></span> <span class='ocrx_word' id='word_1_267' title='bbox 1465 800 1517 828; x_wconf 66' lang='lat' dir='ltr'><strong>illa:</strong></span> <span class='ocrx_word' id='word_1_268' title='bbox 1540 800 1723 834; x_wconf 81' lang='lat' dir='ltr'><strong>perfectiones</strong></span> <span class='ocrx_word' id='word_1_269' title='bbox 1734 807 1795 835; x_wconf 58' lang='lat' dir='ltr'><strong>quas</strong></span> <span class='ocrx_word' id='word_1_270' title='bbox 1811 806 1827 825; x_wconf 86' lang='lat' dir='ltr'><strong>a</strong></span> 
     </span>
    </p>
   </div>
   <div class='ocr_carea' id='block_1_19' title="bbox 205 836 1826 870">
    <p class='ocr_par' dir='ltr' id='par_1_19' title="bbox 205 836 1826 870">
     <span class='ocr_line' id='line_1_19' title="bbox 205 836 1826 870; baseline -0.002 -7"><span class='ocrx_word' id='word_1_271' title='bbox 205 836 260 863; x_wconf 88' lang='lat' dir='ltr'><strong>Deo</strong></span> <span class='ocrx_word' id='word_1_272' title='bbox 281 841 404 867; x_wconf 76' lang='lat' dir='ltr'><strong>manant,</strong></span> <span class='ocrx_word' id='word_1_273' title='bbox 421 843 481 870; x_wconf 58' lang='lat' dir='ltr'><strong>qua;</strong></span> <span class='ocrx_word' id='word_1_274' title='bbox 494 843 509 862; x_wconf 88' lang='lat' dir='ltr'><strong>a</strong></span> <span class='ocrx_word' id='word_1_275' title='bbox 525 837 660 863; x_wconf 88' lang='lat' dir='ltr'><strong>creaturis</strong></span> <span class='ocrx_word' id='word_1_276' title='bbox 677 836 818 868; x_wconf 85' lang='grc' dir='ltr'>αἱτιατῶς,</span> <span class='ocrx_word' id='word_1_277' title='bbox 838 836 864 862; x_wconf 92' lang='lat' dir='ltr'><strong>id</strong></span> <span class='ocrx_word' id='word_1_278' title='bbox 879 840 924 862; x_wconf 87' lang='lat' dir='ltr'><strong>est</strong></span> <span class='ocrx_word' id='word_1_279' title='bbox 943 842 1039 870; x_wconf 64' lang='lat' dir='ltr'><strong>create,</strong></span> <span class='ocrx_word' id='word_1_280' title='bbox 1057 836 1266 870; x_wconf 82' lang='lat' dir='ltr'><strong>participantur,</strong></span> <span class='ocrx_word' id='word_1_281' title='bbox 1282 836 1452 869; x_wconf 88' lang='lat' dir='ltr'><strong>antiquiores</strong></span> <span class='ocrx_word' id='word_1_282' title='bbox 1470 836 1524 863; x_wconf 85' lang='lat' dir='ltr'><strong>sint</strong></span> <span class='ocrx_word' id='word_1_283' title='bbox 1542 836 1600 870; x_wconf 86' lang='lat' dir='ltr'><strong>ipso</strong></span> <span class='ocrx_word' id='word_1_284' title='bbox 1615 840 1747 870; x_wconf 88' lang='lat' dir='ltr'><strong>tempore,</strong></span> <span class='ocrx_word' id='word_1_285' title='bbox 1765 842 1826 862; x_wconf 88' lang='lat' dir='ltr'><strong>cum</strong></span> 
     </span>
    </p>
   </div>
   <div class='ocr_carea' id='block_1_20' title="bbox 205 869 1827 906">
    <p class='ocr_par' dir='ltr' id='par_1_20' title="bbox 205 869 1827 906">
     <span class='ocr_line' id='line_1_20' title="bbox 205 869 1827 906; baseline -0.002 -8"><span class='ocrx_word' id='word_1_286' title='bbox 205 879 259 906; x_wconf 90' lang='lat' dir='ltr'><strong>quo</strong></span> <span class='ocrx_word' id='word_1_287' title='bbox 277 876 410 898; x_wconf 80' lang='lat' dir='ltr'><strong>creaturae</strong></span> <span class='ocrx_word' id='word_1_288' title='bbox 422 869 536 901; x_wconf 80' lang='lat' dir='ltr'><strong>tempori</strong></span> <span class='ocrx_word' id='word_1_289' title='bbox 549 871 677 904; x_wconf 62' lang='lat' dir='ltr'><strong>subjecta:</strong></span> <span class='ocrx_word' id='word_1_290' title='bbox 690 871 749 898; x_wconf 87' lang='lat' dir='ltr'><strong>illas</strong></span> <span class='ocrx_word' id='word_1_291' title='bbox 763 871 969 906; x_wconf 85' lang='lat' dir='ltr'><strong>participarunt.</strong></span> <span class='ocrx_word' id='word_1_292' title='bbox 987 869 1079 905; x_wconf 88' lang='lat' dir='ltr'><strong>Itaque</strong></span> <span class='ocrx_word' id='word_1_293' title='bbox 1090 873 1221 898; x_wconf 76' lang='lat' dir='ltr'><strong>sanctitas</strong></span> <span class='ocrx_word' id='word_1_294' title='bbox 1238 877 1266 898; x_wconf 87' lang='lat' dir='ltr'><strong>et</strong></span> <span class='ocrx_word' id='word_1_295' title='bbox 1279 871 1398 904; x_wconf 88' lang='lat' dir='ltr'><strong>bonitas,</strong></span> <span class='ocrx_word' id='word_1_296' title='bbox 1416 869 1630 902; x_wconf 31' lang='lat' dir='ltr'><strong>charitas,’vita.</strong></span> <span class='ocrx_word' id='word_1_297' title='bbox 1644 869 1782 906; x_wconf 74' lang='lat' dir='ltr'><strong>sapientia</strong></span> <span class='ocrx_word' id='word_1_298' title='bbox 1799 874 1827 895; x_wconf 85' lang='lat' dir='ltr'><strong>et</strong></span> 
     </span>
    </p>
   </div>
   <div class='ocr_carea' id='block_1_21' title="bbox 205 906 1829 942">
    <p class='ocr_par' dir='ltr' id='par_1_21' title="bbox 205 906 1829 942">
     <span class='ocr_line' id='line_1_21' title="bbox 205 906 1829 942; baseline -0.002 -9"><span class='ocrx_word' id='word_1_299' title='bbox 205 907 265 934; x_wconf 60' lang='lat' dir='ltr'><strong>aliis</strong></span> <span class='ocrx_word' id='word_1_300' title='bbox 280 906 462 940; x_wconf 79' lang='lat' dir='ltr'><strong>perfectiones</strong></span> <span class='ocrx_word' id='word_1_301' title='bbox 474 906 523 933; x_wconf 90' lang='lat' dir='ltr'><strong>Dei</strong></span> <span class='ocrx_word' id='word_1_302' title='bbox 543 913 577 934; x_wconf 87' lang='lat' dir='ltr'><strong>ex</strong></span> <span class='ocrx_word' id='word_1_303' title='bbox 597 907 652 933; x_wconf 89' lang='lat' dir='ltr'><strong>Deo</strong></span> <span class='ocrx_word' id='word_1_304' title='bbox 667 906 825 937; x_wconf 78' lang='grc' dir='ltr'>αἱτιατικῶς</span> <span class='ocrx_word' id='word_1_305' title='bbox 837 926 845 937; x_wconf 85' lang='grc'><strong>,</strong></span> <span class='ocrx_word' id='word_1_306' title='bbox 865 907 891 933; x_wconf 88' lang='lat' dir='ltr'><strong>id</strong></span> <span class='ocrx_word' id='word_1_307' title='bbox 907 911 949 933; x_wconf 89' lang='lat' dir='ltr'><strong>est</strong></span> <span class='ocrx_word' id='word_1_308' title='bbox 970 906 1119 940; x_wconf 69' lang='lat' dir='ltr'><strong>efﬁcienter,</strong></span> <span class='ocrx_word' id='word_1_309' title='bbox 1144 907 1202 934; x_wconf 84' lang='lat' dir='ltr'><strong>sive</strong></span> <span class='ocrx_word' id='word_1_310' title='bbox 1223 907 1373 934; x_wconf 82' lang='lat' dir='ltr'><strong>causaliter</strong></span> <span class='ocrx_word' id='word_1_311' title='bbox 1403 906 1585 942; x_wconf 77' lang='lat' dir='ltr'><strong>participalze,</strong></span> <span class='ocrx_word' id='word_1_312' title='bbox 1610 914 1663 934; x_wconf 86' lang='lat' dir='ltr'><strong>non</strong></span> <span class='ocrx_word' id='word_1_313' title='bbox 1682 909 1829 941; x_wconf 65' lang='lat' dir='ltr'><strong>creperum</strong></span> 
     </span>
    </p>
   </div>
   <div class='ocr_carea' id='block_1_22' title="bbox 204 941 1831 978">
    <p class='ocr_par' dir='ltr' id='par_1_22' title="bbox 204 941 1831 978">
     <span class='ocr_line' id='line_1_22' title="bbox 204 941 1831 978; baseline 0 -10"><span class='ocrx_word' id='word_1_314' title='bbox 204 942 292 969; x_wconf 83' lang='lat' dir='ltr'><strong>creari</strong></span> <span class='ocrx_word' id='word_1_315' title='bbox 309 949 370 968; x_wconf 91' lang='lat' dir='ltr'><strong>cum</strong></span> <span class='ocrx_word' id='word_1_316' title='bbox 389 941 531 978; x_wconf 77' lang='lat' dir='ltr'><strong>creatione</strong></span> <span class='ocrx_word' id='word_1_317' title='bbox 552 942 680 978; x_wconf 78' lang='lat' dir='ltr'><strong>hominis,</strong></span> <span class='ocrx_word' id='word_1_318' title='bbox 697 943 746 969; x_wconf 88' lang='lat' dir='ltr'><strong>sed</strong></span> <span class='ocrx_word' id='word_1_319' title='bbox 764 942 916 977; x_wconf 82' lang='lat' dir='ltr'><strong>antiquius,</strong></span> <span class='ocrx_word' id='word_1_320' title='bbox 932 946 996 969; x_wconf 88' lang='lat' dir='ltr'><strong>ante</strong></span> <span class='ocrx_word' id='word_1_321' title='bbox 1016 946 1123 977; x_wconf 83' lang='lat' dir='ltr'><strong>tempus</strong></span> <span class='ocrx_word' id='word_1_322' title='bbox 1139 942 1256 975; x_wconf 81' lang='lat' dir='ltr'><strong>scilicet,</strong></span> <span class='ocrx_word' id='word_1_323' title='bbox 1269 949 1333 969; x_wconf 87' lang='lat' dir='ltr'><strong>cum</strong></span> <span class='ocrx_word' id='word_1_324' title='bbox 1349 941 1437 978; x_wconf 78' lang='lat' dir='ltr'><strong>angeli</strong></span> <span class='ocrx_word' id='word_1_325' title='bbox 1457 941 1586 975; x_wconf 84' lang='grc' dir='ltr'>αίωνίως,</span> <span class='ocrx_word' id='word_1_326' title='bbox 1603 942 1631 970; x_wconf 92' lang='lat' dir='ltr'><strong>id</strong></span> <span class='ocrx_word' id='word_1_327' title='bbox 1651 946 1695 970; x_wconf 85' lang='lat' dir='ltr'><strong>est</strong></span> <span class='ocrx_word' id='word_1_328' title='bbox 1715 943 1742 970; x_wconf 74' lang='lat' dir='ltr'><strong>in</strong></span> <span class='ocrx_word' id='word_1_329' title='bbox 1762 949 1831 973; x_wconf 66' lang='lat' dir='ltr'><strong>avo,</strong></span> 
     </span>
    </p>
   </div>
   <div class='ocr_carea' id='block_1_23' title="bbox 204 975 737 1011">
    <p class='ocr_par' dir='ltr' id='par_1_23' title="bbox 204 975 737 1011">
     <span class='ocr_line' id='line_1_23' title="bbox 204 975 737 1011; baseline -0.002 -6"><span class='ocrx_word' id='word_1_330' title='bbox 204 981 233 1005; x_wconf 87' lang='lat' dir='ltr'><strong>et</strong></span> <span class='ocrx_word' id='word_1_331' title='bbox 247 985 302 1006; x_wconf 89' lang='lat' dir='ltr'><strong>non</strong></span> <span class='ocrx_word' id='word_1_332' title='bbox 314 982 462 1011; x_wconf 69' lang='lat' dir='ltr'><strong>coazterne,</strong></span> <span class='ocrx_word' id='word_1_333' title='bbox 478 976 562 1004; x_wconf 82' lang='lat' dir='ltr'><strong>Deum</strong></span> <span class='ocrx_word' id='word_1_334' title='bbox 578 975 737 1005; x_wconf 79' lang='lat' dir='ltr'><strong>laudabant.</strong></span> 
     </span>
    </p>
   </div>
   <div class='ocr_carea' id='block_1_24' title="bbox 702 1110 1368 1149">
    <p class='ocr_par' dir='ltr' id='par_1_24' title="bbox 702 1110 1368 1149">
     <span class='ocr_line' id='line_1_24' title="bbox 702 1110 1368 1149; baseline -0.002 -9"><span class='ocrx_word' id='word_1_335' title='bbox 702 1112 782 1149; x_wconf 73' lang='lat'><strong>506</strong></span> <span class='ocrx_word' id='word_1_336' title='bbox 800 1111 1041 1140; x_wconf 73' lang='lat' dir='ltr'><strong>PARAPHRASIS</strong></span> <span class='ocrx_word' id='word_1_337' title='bbox 1060 1110 1284 1140; x_wconf 64' lang='lat' dir='ltr'><strong>PACHYMERIE</strong></span> <span class='ocrx_word' id='word_1_338' title='bbox 1300 1111 1368 1149; x_wconf 72' lang='grc'><strong>(46).</strong></span> 
     </span>
    </p>
   </div>
   <div class='ocr_carea' id='block_1_25' title="bbox 239 1181 1000 1219">
    <p class='ocr_par' dir='ltr' id='par_1_25' title="bbox 239 1181 989 1219">
     <span class='ocr_line' id='line_1_25' title="bbox 239 1181 989 1219; baseline -0.001 -9"><span class='ocrx_word' id='word_1_339' title='bbox 239 1183 253 1219; x_wconf 80' lang='lat'>§</span> <span class='ocrx_word' id='word_1_340' title='bbox 269 1182 289 1210; x_wconf 89' lang='lat' dir='ltr'><strong>l.</strong></span> <span class='ocrx_word' id='word_1_341' title='bbox 302 1182 420 1217; x_wconf 89' lang='lat' dir='ltr'><strong>Tempus</strong></span> <span class='ocrx_word' id='word_1_342' title='bbox 434 1186 476 1210; x_wconf 87' lang='lat' dir='ltr'><strong>est</strong></span> <span class='ocrx_word' id='word_1_343' title='bbox 487 1182 569 1209; x_wconf 86' lang='lat' dir='ltr'><strong>etiam</strong></span> <span class='ocrx_word' id='word_1_344' title='bbox 581 1181 686 1210; x_wconf 87' lang='lat' dir='ltr'><strong>dicendi</strong></span> <span class='ocrx_word' id='word_1_345' title='bbox 704 1181 738 1209; x_wconf 90' lang='lat' dir='ltr'><strong>de</strong></span> <span class='ocrx_word' id='word_1_346' title='bbox 750 1182 946 1214; x_wconf 87' lang='lat' dir='ltr'><strong>omnitenente,</strong></span> <span class='ocrx_word' id='word_1_347' title='bbox 961 1186 989 1209; x_wconf 86' lang='lat' dir='ltr'><strong>et</strong></span> 
     </span>
    </p>
   </div>
   <div class='ocr_carea' id='block_1_26' title="bbox 1067 1181 1828 1219">
    <p class='ocr_par' dir='ltr' id='par_1_26' title="bbox 1073 1181 1828 1218">
     <span class='ocr_line' id='line_1_26' title="bbox 1073 1181 1828 1218; baseline 0.003 -10"><span class='ocrx_word' id='word_1_348' title='bbox 1073 1182 1086 1217; x_wconf 83' lang='lat'>§</span> <span class='ocrx_word' id='word_1_349' title='bbox 1113 1182 1132 1209; x_wconf 88' lang='lat' dir='ltr'><strong>l.</strong></span> <span class='ocrx_word' id='word_1_350' title='bbox 1158 1182 1262 1217; x_wconf 80' lang='grc' dir='ltr'>Καιρός</span> <span class='ocrx_word' id='word_1_351' title='bbox 1283 1183 1342 1208; x_wconf 77' lang='grc' dir='ltr'>ἐστι</span> <span class='ocrx_word' id='word_1_352' title='bbox 1361 1181 1409 1208; x_wconf 76' lang='grc' dir='ltr'>καὶ</span> <span class='ocrx_word' id='word_1_353' title='bbox 1434 1182 1499 1217; x_wconf 80' lang='grc' dir='ltr'>περὶ</span> <span class='ocrx_word' id='word_1_354' title='bbox 1519 1183 1750 1218; x_wconf 77' lang='grc' dir='ltr'><strong>παντοκράτορος,</strong></span> <span class='ocrx_word' id='word_1_355' title='bbox 1778 1183 1828 1210; x_wconf 78' lang='grc' dir='ltr'>καὶ</span> 
     </span>
    </p>
   </div>
   <div class='ocr_carea' id='block_1_27' title="bbox 203 1227 964 1264">
    <p class='ocr_par' dir='ltr' id='par_1_27' title="bbox 203 1228 962 1264">
     <span class='ocr_line' id='line_1_27' title="bbox 203 1228 962 1264; baseline -0.001 -8"><span class='ocrx_word' id='word_1_356' title='bbox 203 1230 338 1264; x_wconf 90' lang='lat' dir='ltr'><strong>quomodo</strong></span> <span class='ocrx_word' id='word_1_357' title='bbox 357 1237 371 1256; x_wconf 86' lang='lat' dir='ltr'><strong>a</strong></span> <span class='ocrx_word' id='word_1_358' title='bbox 395 1228 506 1256; x_wconf 87' lang='lat' dir='ltr'><strong>Daniele</strong></span> <span class='ocrx_word' id='word_1_359' title='bbox 523 1229 593 1256; x_wconf 89' lang='lat' dir='ltr'><strong>Deus</strong></span> <span class='ocrx_word' id='word_1_360' title='bbox 613 1228 743 1262; x_wconf 89' lang='lat' dir='ltr'><strong>antiquus</strong></span> <span class='ocrx_word' id='word_1_361' title='bbox 766 1229 870 1256; x_wconf 89' lang='lat' dir='ltr'><strong>dierum</strong></span> <span class='ocrx_word' id='word_1_362' title='bbox 892 1236 962 1264; x_wconf 87' lang='lat' dir='ltr'><strong>appe</strong></span> 
     </span>
    </p>
   </div>
   <div class='ocr_carea' id='block_1_28' title="bbox 1068 1227 1829 1264">
    <p class='ocr_par' dir='ltr' id='par_1_28' title="bbox 1068 1227 1829 1264">
     <span class='ocr_line' id='line_1_28' title="bbox 1068 1227 1829 1264; baseline 0.001 -10"><span class='ocrx_word' id='word_1_363' title='bbox 1068 1237 1115 1260; x_wconf 79' lang='grc' dir='ltr'><strong>ιως</strong></span> <span class='ocrx_word' id='word_1_364' title='bbox 1126 1227 1239 1260; x_wconf 82' lang='grc' dir='ltr'>παλαιὸς</span> <span class='ocrx_word' id='word_1_365' title='bbox 1247 1227 1359 1263; x_wconf 85' lang='grc' dir='ltr'>ἡμερῶν</span> <span class='ocrx_word' id='word_1_366' title='bbox 1369 1227 1444 1263; x_wconf 82' lang='grc' dir='ltr'>παρὰ</span> <span class='ocrx_word' id='word_1_367' title='bbox 1454 1227 1493 1263; x_wconf 86' lang='grc' dir='ltr'>τῷ</span> <span class='ocrx_word' id='word_1_368' title='bbox 1503 1228 1601 1264; x_wconf 83' lang='grc' dir='ltr'><strong>Δανιὴλ</strong></span> <span class='ocrx_word' id='word_1_369' title='bbox 1610 1228 1718 1262; x_wconf 82' lang='grc' dir='ltr'>λέγεται</span> <span class='ocrx_word' id='word_1_370' title='bbox 1727 1229 1742 1255; x_wconf 80' lang='grc' dir='ltr'><strong><em>ὁ</em></strong></span> <span class='ocrx_word' id='word_1_371' title='bbox 1751 1228 1829 1260; x_wconf 80' lang='grc' dir='ltr'>Θεὸς,</span> 
     </span>
    </p>
   </div>
   <div class='ocr_carea' id='block_1_29' title="bbox 203 1273 964 1310">
    <p class='ocr_par' dir='ltr' id='par_1_29' title="bbox 203 1275 962 1310">
     <span class='ocr_line' id='line_1_29' title="bbox 203 1275 962 1310; baseline 0 -8"><span class='ocrx_word' id='word_1_372' title='bbox 203 1276 284 1303; x_wconf 86' lang='lat' dir='ltr'><strong>lelur.</strong></span> <span class='ocrx_word' id='word_1_373' title='bbox 302 1275 406 1302; x_wconf 88' lang='lat' dir='ltr'><strong>Dicitur</strong></span> <span class='ocrx_word' id='word_1_374' title='bbox 422 1275 513 1310; x_wconf 84' lang='lat' dir='ltr'><strong>itaque</strong></span> <span class='ocrx_word' id='word_1_375' title='bbox 525 1275 697 1302; x_wconf 86' lang='lat' dir='ltr'><strong>omnilenens</strong></span> <span class='ocrx_word' id='word_1_376' title='bbox 710 1282 724 1301; x_wconf 88' lang='lat' dir='ltr'><strong>a</strong></span> <span class='ocrx_word' id='word_1_377' title='bbox 744 1276 901 1309; x_wconf 88' lang='lat' dir='ltr'><strong>metaphora</strong></span> <span class='ocrx_word' id='word_1_378' title='bbox 916 1275 962 1302; x_wconf 89' lang='lat' dir='ltr'><strong>rad</strong></span> 
     </span>
    </p>
   </div>
   <div class='ocr_carea' id='block_1_30' title="bbox 1068 1273 1829 1310">
    <p class='ocr_par' dir='ltr' id='par_1_30' title="bbox 1068 1273 1829 1310">
     <span class='ocr_line' id='line_1_30' title="bbox 1068 1273 1829 1310; baseline 0 -10"><span class='ocrx_word' id='word_1_379' title='bbox 1068 1275 1137 1300; x_wconf 85' lang='grc' dir='ltr'>πεῖν.</span> <span class='ocrx_word' id='word_1_380' title='bbox 1153 1273 1269 1308; x_wconf 75' lang='grc' dir='ltr'><strong>Λέγεται</strong></span> <span class='ocrx_word' id='word_1_381' title='bbox 1287 1273 1377 1300; x_wconf 80' lang='grc' dir='ltr'>τοίνυν</span> <span class='ocrx_word' id='word_1_382' title='bbox 1393 1273 1589 1309; x_wconf 76' lang='grc' dir='ltr'><strong>παντοκράτωρ</strong></span> <span class='ocrx_word' id='word_1_383' title='bbox 1601 1274 1655 1300; x_wconf 72' lang='grc' dir='ltr'><strong>ἀπὸ</strong></span> <span class='ocrx_word' id='word_1_384' title='bbox 1672 1275 1829 1310; x_wconf 68' lang='grc' dir='ltr'>μεταφορᾶς</span> 
     </span>
    </p>
   </div>
   <div class='ocr_carea' id='block_1_31' title="bbox 203 1318 964 1357">
    <p class='ocr_par' dir='ltr' id='par_1_31' title="bbox 203 1321 964 1357">
     <span class='ocr_line' id='line_1_31' title="bbox 203 1321 964 1357; baseline -0.001 -8"><span class='ocrx_word' id='word_1_385' title='bbox 203 1328 272 1350; x_wconf 74' lang='lat' dir='ltr'><strong>cata:</strong></span> <span class='ocrx_word' id='word_1_386' title='bbox 288 1329 321 1350; x_wconf 88' lang='lat' dir='ltr'><strong>ac</strong></span> <span class='ocrx_word' id='word_1_387' title='bbox 335 1322 435 1349; x_wconf 59' lang='lat' dir='ltr'><strong>nativae</strong></span> <span class='ocrx_word' id='word_1_388' title='bbox 447 1326 540 1356; x_wconf 59' lang='lat' dir='ltr'><strong>petrae,</strong></span> <span class='ocrx_word' id='word_1_389' title='bbox 556 1322 581 1349; x_wconf 92' lang='lat' dir='ltr'><strong>in</strong></span> <span class='ocrx_word' id='word_1_390' title='bbox 596 1329 648 1357; x_wconf 89' lang='lat' dir='ltr'><strong>qua</strong></span> <span class='ocrx_word' id='word_1_391' title='bbox 662 1321 865 1349; x_wconf 83' lang='lat' dir='ltr'><strong>fundamentum</strong></span> <span class='ocrx_word' id='word_1_392' title='bbox 884 1322 964 1349; x_wconf 70' lang='lat' dir='ltr'><strong>tediﬁt</strong></span> 
     </span>
    </p>
   </div>
   <div class='ocr_carea' id='block_1_32' title="bbox 1068 1318 1829 1357">
    <p class='ocr_par' dir='ltr' id='par_1_32' title="bbox 1068 1318 1829 1356">
     <span class='ocr_line' id='line_1_32' title="bbox 1068 1318 1829 1356; baseline 0.003 -11"><span class='ocrx_word' id='word_1_393' title='bbox 1068 1320 1228 1356; x_wconf 75' lang='grc' dir='ltr'>ιριζωμένης</span> <span class='ocrx_word' id='word_1_394' title='bbox 1240 1320 1288 1347; x_wconf 86' lang='grc' dir='ltr'>καὶ</span> <span class='ocrx_word' id='word_1_395' title='bbox 1307 1320 1447 1355; x_wconf 80' lang='grc' dir='ltr'>συμφύτου</span> <span class='ocrx_word' id='word_1_396' title='bbox 1460 1320 1574 1356; x_wconf 78' lang='grc' dir='ltr'><strong>πέτρας,</strong></span> <span class='ocrx_word' id='word_1_397' title='bbox 1588 1320 1630 1355; x_wconf 74' lang='grc' dir='ltr'><strong>ἐφ’</strong></span> <span class='ocrx_word' id='word_1_398' title='bbox 1649 1318 1684 1356; x_wconf 81' lang='grc' dir='ltr'><strong>ἧς</strong></span> <span class='ocrx_word' id='word_1_399' title='bbox 1702 1321 1716 1347; x_wconf 82' lang='grc' dir='ltr'><strong>ὅ</strong></span> <span class='ocrx_word' id='word_1_400' title='bbox 1733 1329 1765 1347; x_wconf 88' lang='grc' dir='ltr'><strong>τε</strong></span> <span class='ocrx_word' id='word_1_401' title='bbox 1786 1321 1829 1347; x_wconf 79' lang='grc' dir='ltr'><strong>Θε-</strong></span> 
     </span>
    </p>
   </div>
   <div class='ocr_carea' id='block_1_33' title="bbox 205 1366 966 1404">
    <p class='ocr_par' dir='ltr' id='par_1_33' title="bbox 205 1367 966 1404">
     <span class='ocr_line' id='line_1_33' title="bbox 205 1367 966 1404; baseline -0.003 -8"><span class='ocrx_word' id='word_1_402' title='bbox 205 1369 352 1404; x_wconf 86' lang='lat' dir='ltr'><strong>ipsumque</strong></span> <span class='ocrx_word' id='word_1_403' title='bbox 379 1369 524 1396; x_wconf 68' lang='lat' dir='ltr'><strong>aedilicium</strong></span> <span class='ocrx_word' id='word_1_404' title='bbox 547 1368 687 1395; x_wconf 82' lang='lat' dir='ltr'><strong>fundatur.</strong></span> <span class='ocrx_word' id='word_1_405' title='bbox 712 1367 813 1395; x_wconf 87' lang='lat' dir='ltr'><strong>Deinde</strong></span> <span class='ocrx_word' id='word_1_406' title='bbox 836 1375 897 1395; x_wconf 89' lang='lat' dir='ltr'><strong>cum</strong></span> <span class='ocrx_word' id='word_1_407' title='bbox 921 1368 966 1395; x_wconf 70' lang='lat' dir='ltr'><strong>dis</strong></span> 
     </span>
    </p>
   </div>
   <div class='ocr_carea' id='block_1_34' title="bbox 1068 1366 1829 1404">
    <p class='ocr_par' dir='ltr' id='par_1_34' title="bbox 1068 1366 1829 1403">
     <span class='ocr_line' id='line_1_34' title="bbox 1068 1366 1829 1403; baseline -0.001 -9"><span class='ocrx_word' id='word_1_408' title='bbox 1068 1367 1134 1399; x_wconf 74' lang='grc' dir='ltr'>ἐλιος</span> <span class='ocrx_word' id='word_1_409' title='bbox 1155 1367 1202 1393; x_wconf 84' lang='grc' dir='ltr'><strong>τοῦ</strong></span> <span class='ocrx_word' id='word_1_410' title='bbox 1225 1366 1439 1402; x_wconf 73' lang='grc' dir='ltr'><strong>οἰκοδομήματος</strong></span> <span class='ocrx_word' id='word_1_411' title='bbox 1458 1367 1505 1393; x_wconf 75' lang='grc' dir='ltr'>καὶ</span> <span class='ocrx_word' id='word_1_412' title='bbox 1525 1367 1591 1394; x_wconf 76' lang='grc' dir='ltr'>αὐτὸ</span> <span class='ocrx_word' id='word_1_413' title='bbox 1609 1367 1640 1393; x_wconf 81' lang='grc' dir='ltr'>τὸ</span> <span class='ocrx_word' id='word_1_414' title='bbox 1660 1367 1829 1403; x_wconf 78' lang='grc' dir='ltr'>οἰκοδόμημα</span> 
     </span>
    </p>
   </div>
   <div class='ocr_carea' id='block_1_35' title="bbox 202 1409 963 1449">
    <p class='ocr_par' dir='ltr' id='par_1_35' title="bbox 202 1413 963 1449">
     <span class='ocr_line' id='line_1_35' title="bbox 202 1413 963 1449; baseline -0.003 -7"><span class='ocrx_word' id='word_1_415' title='bbox 202 1415 293 1442; x_wconf 88' lang='lat' dir='ltr'><strong>sedem</strong></span> <span class='ocrx_word' id='word_1_416' title='bbox 309 1414 401 1441; x_wconf 89' lang='lat' dir='ltr'><strong>omnia</strong></span> <span class='ocrx_word' id='word_1_417' title='bbox 418 1414 613 1448; x_wconf 89' lang='lat' dir='ltr'><strong>conlinentem,</strong></span> <span class='ocrx_word' id='word_1_418' title='bbox 633 1421 667 1441; x_wconf 89' lang='lat' dir='ltr'><strong>ne</strong></span> <span class='ocrx_word' id='word_1_419' title='bbox 688 1413 750 1449; x_wconf 84' lang='lat' dir='ltr'><strong>quis</strong></span> <span class='ocrx_word' id='word_1_420' title='bbox 763 1414 923 1448; x_wconf 88' lang='lat' dir='ltr'><strong>opinaretur</strong></span> <span class='ocrx_word' id='word_1_421' title='bbox 947 1413 963 1448; x_wconf 78' lang='lat' dir='ltr'><strong>il</strong></span> 
     </span>
    </p>
   </div>
   <div class='ocr_carea' id='block_1_36' title="bbox 1066 1409 1827 1449">
    <p class='ocr_par' dir='ltr' id='par_1_36' title="bbox 1066 1409 1827 1448">
     <span class='ocr_line' id='line_1_36' title="bbox 1066 1409 1827 1448; baseline 0 -10"><span class='ocrx_word' id='word_1_422' title='bbox 1066 1412 1192 1448; x_wconf 78' lang='grc' dir='ltr'>ἱράζεται.</span> <span class='ocrx_word' id='word_1_423' title='bbox 1207 1409 1274 1438; x_wconf 83' lang='grc' dir='ltr'>Εἶτα</span> <span class='ocrx_word' id='word_1_424' title='bbox 1286 1410 1370 1438; x_wconf 77' lang='grc' dir='ltr'>εἰπὼν</span> <span class='ocrx_word' id='word_1_425' title='bbox 1385 1411 1548 1447; x_wconf 80' lang='grc' dir='ltr'><strong>συνέχουσαν</strong></span> <span class='ocrx_word' id='word_1_426' title='bbox 1561 1411 1610 1447; x_wconf 83' lang='grc' dir='ltr'>τὴν</span> <span class='ocrx_word' id='word_1_427' title='bbox 1624 1411 1715 1448; x_wconf 74' lang='grc' dir='ltr'>ἕδραν,</span> <span class='ocrx_word' id='word_1_428' title='bbox 1732 1412 1777 1438; x_wconf 84' lang='grc' dir='ltr'><strong>ἴνα</strong></span> <span class='ocrx_word' id='word_1_429' title='bbox 1789 1413 1827 1448; x_wconf 84' lang='grc' dir='ltr'>μή</span> 
     </span>
    </p>
   </div>
   <div class='ocr_carea' id='block_1_37' title="bbox 203 1454 964 1495">
    <p class='ocr_par' dir='ltr' id='par_1_37' title="bbox 203 1460 964 1495">
     <span class='ocr_line' id='line_1_37' title="bbox 203 1460 964 1495; baseline -0.001 -8"><span class='ocrx_word' id='word_1_430' title='bbox 203 1468 262 1488; x_wconf 91' lang='lat' dir='ltr'><strong>sum</strong></span> <span class='ocrx_word' id='word_1_431' title='bbox 280 1460 331 1488; x_wconf 92' lang='lat' dir='ltr'><strong>hoc</strong></span> <span class='ocrx_word' id='word_1_432' title='bbox 352 1460 462 1491; x_wconf 85' lang='lat' dir='ltr'><strong>dixisse.</strong></span> <span class='ocrx_word' id='word_1_433' title='bbox 485 1460 557 1495; x_wconf 89' lang='lat' dir='ltr'><strong>quod</strong></span> <span class='ocrx_word' id='word_1_434' title='bbox 579 1460 661 1487; x_wconf 86' lang='lat' dir='ltr'><strong>rebus</strong></span> <span class='ocrx_word' id='word_1_435' title='bbox 684 1460 749 1494; x_wconf 80' lang='lat' dir='ltr'><strong>ipsis</strong></span> <span class='ocrx_word' id='word_1_436' title='bbox 773 1460 874 1487; x_wconf 88' lang='lat' dir='ltr'><strong>creatis</strong></span> <span class='ocrx_word' id='word_1_437' title='bbox 900 1467 964 1487; x_wconf 76' lang='lat' dir='ltr'><strong>coex</strong></span> 
     </span>
    </p>
   </div>
   <div class='ocr_carea' id='block_1_38' title="bbox 1068 1454 1829 1495">
    <p class='ocr_par' dir='ltr' id='par_1_38' title="bbox 1068 1454 1829 1494">
     <span class='ocr_line' id='line_1_38' title="bbox 1068 1454 1829 1494; baseline 0 -9"><span class='ocrx_word' id='word_1_438' title='bbox 1068 1467 1081 1490; x_wconf 90' lang='grc' dir='ltr'>ς</span> <span class='ocrx_word' id='word_1_439' title='bbox 1099 1459 1247 1494; x_wconf 80' lang='grc' dir='ltr'><strong>ὑπονοήσῃ,</strong></span> <span class='ocrx_word' id='word_1_440' title='bbox 1261 1458 1304 1484; x_wconf 82' lang='grc' dir='ltr'>ὅτι</span> <span class='ocrx_word' id='word_1_441' title='bbox 1317 1456 1396 1484; x_wconf 82' lang='grc' dir='ltr'>τοῦτο</span> <span class='ocrx_word' id='word_1_442' title='bbox 1413 1454 1474 1484; x_wconf 75' lang='grc' dir='ltr'>εἷπε</span> <span class='ocrx_word' id='word_1_443' title='bbox 1491 1457 1535 1484; x_wconf 86' lang='grc' dir='ltr'><strong>διὰ</strong></span> <span class='ocrx_word' id='word_1_444' title='bbox 1546 1457 1578 1484; x_wconf 82' lang='grc' dir='ltr'>τὸ</span> <span class='ocrx_word' id='word_1_445' title='bbox 1590 1459 1620 1484; x_wconf 82' lang='grc' dir='ltr'>ὲν</span> <span class='ocrx_word' id='word_1_446' title='bbox 1633 1457 1672 1493; x_wconf 84' lang='grc' dir='ltr'>τῷ</span> <span class='ocrx_word' id='word_1_447' title='bbox 1688 1456 1758 1484; x_wconf 78' lang='grc' dir='ltr'>εἶναι</span> <span class='ocrx_word' id='word_1_448' title='bbox 1779 1459 1829 1485; x_wconf 78' lang='grc' dir='ltr'>σὺν</span> 
     </span>
    </p>
   </div>
   <div class='ocr_carea' id='block_1_39' title="bbox 202 1503 963 1540">
    <p class='ocr_par' dir='ltr' id='par_1_39' title="bbox 202 1505 947 1540">
     <span class='ocr_line' id='line_1_39' title="bbox 202 1505 947 1540; baseline -0.003 -6"><span class='ocrx_word' id='word_1_449' title='bbox 202 1507 310 1539; x_wconf 87' lang='lat' dir='ltr'><strong>stendo,</strong></span> <span class='ocrx_word' id='word_1_450' title='bbox 324 1507 400 1540; x_wconf 79' lang='lat' dir='ltr'><strong>juxta</strong></span> <span class='ocrx_word' id='word_1_451' title='bbox 420 1506 553 1533; x_wconf 89' lang='lat' dir='ltr'><strong>rationem</strong></span> <span class='ocrx_word' id='word_1_452' title='bbox 571 1510 654 1540; x_wconf 64' lang='lat' dir='ltr'><strong>petra:</strong></span> <span class='ocrx_word' id='word_1_453' title='bbox 667 1505 693 1532; x_wconf 91' lang='lat' dir='ltr'><strong>in</strong></span> <span class='ocrx_word' id='word_1_454' title='bbox 709 1505 834 1539; x_wconf 83' lang='lat' dir='ltr'><strong>exemplo</strong></span> <span class='ocrx_word' id='word_1_455' title='bbox 848 1505 947 1538; x_wconf 74' lang='lat' dir='ltr'><strong>allatze,</strong></span> 
     </span>
    </p>
   </div>
   <div class='ocr_carea' id='block_1_40' title="bbox 1068 1503 1829 1540">
    <p class='ocr_par' dir='ltr' id='par_1_40' title="bbox 1068 1503 1829 1540">
     <span class='ocr_line' id='line_1_40' title="bbox 1068 1503 1829 1540; baseline 0 -9"><span class='ocrx_word' id='word_1_456' title='bbox 1068 1505 1132 1536; x_wconf 62' lang='lat' dir='ltr'><strong>510k</strong></span> <span class='ocrx_word' id='word_1_457' title='bbox 1144 1505 1201 1536; x_wconf 88' lang='grc' dir='ltr'>τοῖς</span> <span class='ocrx_word' id='word_1_458' title='bbox 1223 1504 1354 1539; x_wconf 82' lang='grc' dir='ltr'><strong>κτίσμασι</strong></span> <span class='ocrx_word' id='word_1_459' title='bbox 1370 1504 1503 1539; x_wconf 81' lang='grc' dir='ltr'><strong>συνέχειν,</strong></span> <span class='ocrx_word' id='word_1_460' title='bbox 1522 1503 1647 1540; x_wconf 82' lang='grc' dir='ltr'>καθάπερ</span> <span class='ocrx_word' id='word_1_461' title='bbox 1661 1504 1712 1539; x_wconf 77' lang='grc' dir='ltr'>τὴν</span> <span class='ocrx_word' id='word_1_462' title='bbox 1731 1512 1829 1540; x_wconf 56' lang='lat' dir='ltr'><strong>«pors—</strong></span> 
     </span>
    </p>
   </div>
   <div class='ocr_carea' id='block_1_41' title="bbox 203 1549 964 1587">
    <p class='ocr_par' dir='ltr' id='par_1_41' title="bbox 203 1553 964 1587">
     <span class='ocr_line' id='line_1_41' title="bbox 203 1553 964 1587; baseline -0.001 -6"><span class='ocrx_word' id='word_1_463' title='bbox 203 1561 257 1581; x_wconf 86' lang='lat' dir='ltr'><strong>non</strong></span> <span class='ocrx_word' id='word_1_464' title='bbox 273 1553 445 1580; x_wconf 83' lang='lat' dir='ltr'><strong>extrinsecus</strong></span> <span class='ocrx_word' id='word_1_465' title='bbox 467 1553 538 1587; x_wconf 88' lang='lat' dir='ltr'><strong>ipsas</strong></span> <span class='ocrx_word' id='word_1_466' title='bbox 555 1553 704 1585; x_wconf 88' lang='lat' dir='ltr'><strong>contineat,</strong></span> <span class='ocrx_word' id='word_1_467' title='bbox 730 1553 821 1580; x_wconf 86' lang='lat' dir='ltr'><strong>subdit</strong></span> <span class='ocrx_word' id='word_1_468' title='bbox 842 1553 923 1581; x_wconf 89' lang='lat' dir='ltr'><strong>etiam</strong></span> <span class='ocrx_word' id='word_1_469' title='bbox 947 1561 964 1580; x_wconf 66' lang='lat' dir='ltr'><strong>s&lt;</strong></span> 
     </span>
    </p>
   </div>
   <div class='ocr_carea' id='block_1_42' title="bbox 1068 1549 1829 1587">
    <p class='ocr_par' dir='ltr' id='par_1_42' title="bbox 1068 1549 1829 1585">
     <span class='ocr_line' id='line_1_42' title="bbox 1068 1549 1829 1585; baseline 0 -8"><span class='ocrx_word' id='word_1_470' title='bbox 1068 1551 1132 1577; x_wconf 80' lang='grc' dir='ltr'>;ῖσαν</span> <span class='ocrx_word' id='word_1_471' title='bbox 1148 1551 1188 1582; x_wconf 80' lang='grc' dir='ltr'><strong>εἰς</strong></span> <span class='ocrx_word' id='word_1_472' title='bbox 1206 1549 1403 1585; x_wconf 86' lang='grc' dir='ltr'>ὑποδείγματος</span> <span class='ocrx_word' id='word_1_473' title='bbox 1418 1549 1495 1584; x_wconf 85' lang='grc' dir='ltr'>λόγον</span> <span class='ocrx_word' id='word_1_474' title='bbox 1509 1549 1621 1585; x_wconf 87' lang='grc' dir='ltr'>πέτραν,</span> <span class='ocrx_word' id='word_1_475' title='bbox 1637 1551 1683 1577; x_wconf 78' lang='grc' dir='ltr'>καὶ</span> <span class='ocrx_word' id='word_1_476' title='bbox 1697 1551 1749 1577; x_wconf 83' lang='grc' dir='ltr'>οὒκ</span> <span class='ocrx_word' id='word_1_477' title='bbox 1763 1550 1829 1584; x_wconf 80' lang='grc' dir='ltr'><strong>ἔξω·</strong></span> 
     </span>
    </p>
   </div>
   <div class='ocr_carea' id='block_1_43' title="bbox 203 1595 964 1635">
    <p class='ocr_par' dir='ltr' id='par_1_43' title="bbox 203 1599 961 1635">
     <span class='ocr_line' id='line_1_43' title="bbox 203 1599 961 1635; baseline 0 -9"><span class='ocrx_word' id='word_1_478' title='bbox 203 1605 318 1634; x_wconf 87' lang='lat' dir='ltr'><strong>quenles</strong></span> <span class='ocrx_word' id='word_1_479' title='bbox 332 1599 476 1627; x_wconf 83' lang='lat' dir='ltr'><strong>dictiones.</strong></span> <span class='ocrx_word' id='word_1_480' title='bbox 497 1599 638 1634; x_wconf 87' lang='lat' dir='ltr'><strong>Siquidem</strong></span> <span class='ocrx_word' id='word_1_481' title='bbox 663 1601 697 1627; x_wconf 92' lang='lat' dir='ltr'><strong>de</strong></span> <span class='ocrx_word' id='word_1_482' title='bbox 715 1604 790 1635; x_wconf 88' lang='lat' dir='ltr'><strong>petra</strong></span> <span class='ocrx_word' id='word_1_483' title='bbox 811 1607 864 1627; x_wconf 93' lang='lat' dir='ltr'><strong>non</strong></span> <span class='ocrx_word' id='word_1_484' title='bbox 878 1599 961 1627; x_wconf 91' lang='lat' dir='ltr'><strong>dicitn</strong></span> 
     </span>
    </p>
   </div>
   <div class='ocr_carea' id='block_1_44' title="bbox 1069 1595 1830 1635">
    <p class='ocr_par' dir='ltr' id='par_1_44' title="bbox 1069 1595 1830 1633">
     <span class='ocr_line' id='line_1_44' title="bbox 1069 1595 1830 1633; baseline 0.001 -11"><span class='ocrx_word' id='word_1_485' title='bbox 1069 1606 1102 1629; x_wconf 72' lang='grc' dir='ltr'><strong>ιν,</strong></span> <span class='ocrx_word' id='word_1_486' title='bbox 1123 1597 1247 1633; x_wconf 71' lang='grc' dir='ltr'>ἐπιφέρει</span> <span class='ocrx_word' id='word_1_487' title='bbox 1270 1597 1317 1623; x_wconf 79' lang='grc' dir='ltr'>καὶ</span> <span class='ocrx_word' id='word_1_488' title='bbox 1335 1596 1385 1628; x_wconf 82' lang='grc' dir='ltr'><strong>τὰς</strong></span> <span class='ocrx_word' id='word_1_489' title='bbox 1402 1595 1557 1628; x_wconf 74' lang='grc' dir='ltr'><strong>ἐπιλοίπους</strong></span> <span class='ocrx_word' id='word_1_490' title='bbox 1582 1595 1678 1629; x_wconf 79' lang='grc' dir='ltr'><strong>λέξεις.</strong></span> <span class='ocrx_word' id='word_1_491' title='bbox 1697 1597 1757 1623; x_wconf 77' lang='grc' dir='ltr'><strong>Ἐπὶ</strong></span> <span class='ocrx_word' id='word_1_492' title='bbox 1774 1597 1830 1632; x_wconf 83' lang='grc' dir='ltr'><strong>γὰρ</strong></span> 
     </span>
    </p>
   </div>
   <div class='ocr_carea' id='block_1_45' title="bbox 202 1642 963 1681">
    <p class='ocr_par' dir='ltr' id='par_1_45' title="bbox 202 1645 963 1681">
     <span class='ocr_line' id='line_1_45' title="bbox 202 1645 963 1681; baseline 0 -8"><span class='ocrx_word' id='word_1_493' title='bbox 202 1647 274 1681; x_wconf 93' lang='lat' dir='ltr'><strong>quod</strong></span> <span class='ocrx_word' id='word_1_494' title='bbox 289 1651 365 1681; x_wconf 88' lang='lat' dir='ltr'><strong>petra</strong></span> <span class='ocrx_word' id='word_1_495' title='bbox 381 1646 530 1677; x_wconf 81' lang='lat' dir='ltr'><strong>contineat,</strong></span> <span class='ocrx_word' id='word_1_496' title='bbox 548 1646 590 1673; x_wconf 86' lang='lat' dir='ltr'><strong>vel</strong></span> <span class='ocrx_word' id='word_1_497' title='bbox 608 1645 711 1679; x_wconf 84' lang='lat' dir='ltr'><strong>fundet,</strong></span> <span class='ocrx_word' id='word_1_498' title='bbox 726 1646 759 1673; x_wconf 89' lang='lat' dir='ltr'><strong>de</strong></span> <span class='ocrx_word' id='word_1_499' title='bbox 775 1646 829 1673; x_wconf 91' lang='lat' dir='ltr'><strong>Deo</strong></span> <span class='ocrx_word' id='word_1_500' title='bbox 844 1651 937 1673; x_wconf 89' lang='lat' dir='ltr'><strong>autem</strong></span> <span class='ocrx_word' id='word_1_501' title='bbox 950 1647 963 1674; x_wconf 92' lang='lat' dir='ltr'><strong>d</strong></span> 
     </span>
    </p>
   </div>
   <div class='ocr_carea' id='block_1_46' title="bbox 1068 1642 1829 1681">
    <p class='ocr_par' dir='ltr' id='par_1_46' title="bbox 1068 1642 1829 1680">
     <span class='ocr_line' id='line_1_46' title="bbox 1068 1642 1829 1680; baseline -0.001 -10"><span class='ocrx_word' id='word_1_502' title='bbox 1068 1653 1090 1680; x_wconf 67' lang='grc' dir='ltr'>ις</span> <span class='ocrx_word' id='word_1_503' title='bbox 1103 1644 1205 1679; x_wconf 79' lang='grc' dir='ltr'><strong>πέτρας</strong></span> <span class='ocrx_word' id='word_1_504' title='bbox 1219 1643 1249 1670; x_wconf 82' lang='grc' dir='ltr'><strong>οὺ</strong></span> <span class='ocrx_word' id='word_1_505' title='bbox 1262 1643 1380 1678; x_wconf 82' lang='grc' dir='ltr'>λέγεται,</span> <span class='ocrx_word' id='word_1_506' title='bbox 1396 1643 1437 1670; x_wconf 80' lang='grc' dir='ltr'>ὅτι</span> <span class='ocrx_word' id='word_1_507' title='bbox 1447 1644 1465 1679; x_wconf 85' lang='grc' dir='ltr'><strong>ή</strong></span> <span class='ocrx_word' id='word_1_508' title='bbox 1481 1643 1570 1679; x_wconf 84' lang='grc' dir='ltr'>πέτρα</span> <span class='ocrx_word' id='word_1_509' title='bbox 1584 1643 1706 1678; x_wconf 83' lang='grc' dir='ltr'>περιέχει</span> <span class='ocrx_word' id='word_1_510' title='bbox 1719 1643 1736 1678; x_wconf 77' lang='grc' dir='ltr'>ἢ</span> <span class='ocrx_word' id='word_1_511' title='bbox 1748 1642 1829 1678; x_wconf 79' lang='grc' dir='ltr'>Θεμε-</span> 
     </span>
    </p>
   </div>
   <div class='ocr_carea' id='block_1_47' title="bbox 202 1689 963 1727">
    <p class='ocr_par' dir='ltr' id='par_1_47' title="bbox 202 1690 963 1727">
     <span class='ocr_line' id='line_1_47' title="bbox 202 1690 963 1727; baseline -0.001 -8"><span class='ocrx_word' id='word_1_512' title='bbox 202 1693 283 1724; x_wconf 90' lang='lat' dir='ltr'><strong>cltur,</strong></span> <span class='ocrx_word' id='word_1_513' title='bbox 297 1691 367 1725; x_wconf 91' lang='lat' dir='ltr'><strong>quod</strong></span> <span class='ocrx_word' id='word_1_514' title='bbox 393 1691 428 1718; x_wconf 86' lang='lat' dir='ltr'><strong>sit</strong></span> <span class='ocrx_word' id='word_1_515' title='bbox 447 1699 528 1719; x_wconf 84' lang='lat' dir='ltr'><strong>causa</strong></span> <span class='ocrx_word' id='word_1_516' title='bbox 547 1690 676 1724; x_wconf 80' lang='lat' dir='ltr'><strong>cﬂlciens,</strong></span> <span class='ocrx_word' id='word_1_517' title='bbox 694 1699 727 1719; x_wconf 81' lang='lat' dir='ltr'><strong>ex</strong></span> <span class='ocrx_word' id='word_1_518' title='bbox 742 1700 807 1727; x_wconf 86' lang='lat' dir='ltr'><strong>qua,</strong></span> <span class='ocrx_word' id='word_1_519' title='bbox 829 1700 878 1720; x_wconf 87' lang='lat' dir='ltr'><strong>ceu</strong></span> <span class='ocrx_word' id='word_1_520' title='bbox 899 1693 963 1720; x_wconf 58' lang='lat' dir='ltr'><strong>radii</strong></span> 
     </span>
    </p>
   </div>
   <div class='ocr_carea' id='block_1_48' title="bbox 1068 1689 1829 1727">
    <p class='ocr_par' dir='ltr' id='par_1_48' title="bbox 1068 1689 1829 1725">
     <span class='ocr_line' id='line_1_48' title="bbox 1068 1689 1829 1725; baseline 0 -9"><span class='ocrx_word' id='word_1_521' title='bbox 1068 1691 1109 1716; x_wconf 81' lang='grc' dir='ltr'><strong>οῖ·</strong></span> <span class='ocrx_word' id='word_1_522' title='bbox 1127 1691 1173 1717; x_wconf 77' lang='grc' dir='ltr'><strong>ἐπὶ</strong></span> <span class='ocrx_word' id='word_1_523' title='bbox 1187 1690 1215 1716; x_wconf 80' lang='grc' dir='ltr'>δὲ</span> <span class='ocrx_word' id='word_1_524' title='bbox 1231 1689 1279 1716; x_wconf 86' lang='grc' dir='ltr'><strong>τοῦ</strong></span> <span class='ocrx_word' id='word_1_525' title='bbox 1295 1689 1362 1716; x_wconf 82' lang='grc' dir='ltr'><strong>Θεοῦ</strong></span> <span class='ocrx_word' id='word_1_526' title='bbox 1384 1689 1504 1723; x_wconf 80' lang='grc' dir='ltr'>λέγεται,</span> <span class='ocrx_word' id='word_1_527' title='bbox 1521 1689 1563 1716; x_wconf 80' lang='grc' dir='ltr'>ὅτι</span> <span class='ocrx_word' id='word_1_528' title='bbox 1578 1689 1719 1725; x_wconf 82' lang='grc' dir='ltr'>ποιητικὸς</span> <span class='ocrx_word' id='word_1_529' title='bbox 1742 1689 1829 1721; x_wconf 75' lang='grc' dir='ltr'>αἴτιός</span> 
     </span>
    </p>
   </div>
   <div class='ocr_carea' id='block_1_49' title="bbox 202 1734 963 1773">
    <p class='ocr_par' dir='ltr' id='par_1_49' title="bbox 202 1737 963 1773">
     <span class='ocr_line' id='line_1_49' title="bbox 202 1737 963 1773; baseline 0.001 -8"><span class='ocrx_word' id='word_1_530' title='bbox 202 1737 347 1770; x_wconf 66' lang='lat' dir='ltr'><strong>adiciente,</strong></span> <span class='ocrx_word' id='word_1_531' title='bbox 360 1738 452 1764; x_wconf 89' lang='lat' dir='ltr'><strong>omnia</strong></span> <span class='ocrx_word' id='word_1_532' title='bbox 476 1738 673 1773; x_wconf 90' lang='lat' dir='ltr'><strong>producuntur,</strong></span> <span class='ocrx_word' id='word_1_533' title='bbox 691 1743 719 1765; x_wconf 85' lang='lat' dir='ltr'><strong>et</strong></span> <span class='ocrx_word' id='word_1_534' title='bbox 736 1739 769 1766; x_wconf 87' lang='lat' dir='ltr'><strong>ad</strong></span> <span class='ocrx_word' id='word_1_535' title='bbox 782 1746 874 1773; x_wconf 89' lang='lat' dir='ltr'><strong>quem,</strong></span> <span class='ocrx_word' id='word_1_536' title='bbox 893 1746 941 1766; x_wconf 88' lang='lat' dir='ltr'><strong>ceu</strong></span> <span class='ocrx_word' id='word_1_537' title='bbox 956 1747 963 1766; x_wconf 79' lang='grc' dir='ltr'><strong>ι</strong></span> 
     </span>
    </p>
   </div>
   <div class='ocr_carea' id='block_1_50' title="bbox 1068 1734 1829 1773">
    <p class='ocr_par' dir='ltr' id='par_1_50' title="bbox 1068 1734 1829 1773">
     <span class='ocr_line' id='line_1_50' title="bbox 1068 1734 1829 1773; baseline 0.001 -9"><span class='ocrx_word' id='word_1_538' title='bbox 1068 1746 1125 1770; x_wconf 68' lang='grc' dir='ltr'>ττιν,</span> <span class='ocrx_word' id='word_1_539' title='bbox 1150 1737 1179 1770; x_wconf 70' lang='grc' dir='ltr'><strong>ἐξ</strong></span> <span class='ocrx_word' id='word_1_540' title='bbox 1194 1734 1224 1764; x_wconf 69' lang='grc' dir='ltr'><strong>οὗ</strong></span> <span class='ocrx_word' id='word_1_541' title='bbox 1247 1737 1294 1764; x_wconf 81' lang='grc' dir='ltr'>καὶ</span> <span class='ocrx_word' id='word_1_542' title='bbox 1317 1737 1355 1769; x_wconf 88' lang='grc' dir='ltr'>ὼς</span> <span class='ocrx_word' id='word_1_543' title='bbox 1374 1737 1408 1763; x_wconf 73' lang='grc' dir='ltr'>ὲκ</span> <span class='ocrx_word' id='word_1_544' title='bbox 1427 1737 1505 1773; x_wconf 74' lang='grc' dir='ltr'>ῥίζης</span> <span class='ocrx_word' id='word_1_545' title='bbox 1522 1737 1667 1772; x_wconf 80' lang='grc' dir='ltr'><strong>ποιητικῆς</strong></span> <span class='ocrx_word' id='word_1_546' title='bbox 1681 1737 1715 1763; x_wconf 88' lang='grc' dir='ltr'>τὰ</span> <span class='ocrx_word' id='word_1_547' title='bbox 1738 1738 1829 1765; x_wconf 80' lang='grc' dir='ltr'>πάντα</span> 
     </span>
    </p>
   </div>
   <div class='ocr_carea' id='block_1_51' title="bbox 203 1782 964 1820">
    <p class='ocr_par' dir='ltr' id='par_1_51' title="bbox 203 1783 964 1819">
     <span class='ocr_line' id='line_1_51' title="bbox 203 1783 964 1819; baseline -0.004 -7"><span class='ocrx_word' id='word_1_548' title='bbox 203 1784 315 1812; x_wconf 83' lang='lat' dir='ltr'><strong>fundum</strong></span> <span class='ocrx_word' id='word_1_549' title='bbox 329 1783 491 1811; x_wconf 74' lang='lat' dir='ltr'><strong>efﬁcientem</strong></span> <span class='ocrx_word' id='word_1_550' title='bbox 503 1792 534 1811; x_wconf 87' lang='lat' dir='ltr'><strong>ac</strong></span> <span class='ocrx_word' id='word_1_551' title='bbox 552 1784 694 1819; x_wconf 87' lang='lat' dir='ltr'><strong>providum</strong></span> <span class='ocrx_word' id='word_1_552' title='bbox 710 1789 916 1812; x_wconf 90' lang='lat' dir='ltr'><strong>convertuntur.</strong></span> <span class='ocrx_word' id='word_1_553' title='bbox 941 1784 964 1812; x_wconf 76' lang='lat' dir='ltr'><strong>Si</strong></span> 
     </span>
    </p>
   </div>
   <div class='ocr_carea' id='block_1_52' title="bbox 1069 1782 1830 1820">
    <p class='ocr_par' dir='ltr' id='par_1_52' title="bbox 1069 1782 1830 1819">
     <span class='ocr_line' id='line_1_52' title="bbox 1069 1782 1830 1819; baseline -0.001 -8"><span class='ocrx_word' id='word_1_554' title='bbox 1069 1783 1215 1819; x_wconf 62' lang='grc' dir='ltr'>ροάγονται,</span> <span class='ocrx_word' id='word_1_555' title='bbox 1228 1784 1276 1810; x_wconf 78' lang='grc' dir='ltr'>καὶ</span> <span class='ocrx_word' id='word_1_556' title='bbox 1288 1784 1328 1815; x_wconf 79' lang='grc' dir='ltr'>εἰς</span> <span class='ocrx_word' id='word_1_557' title='bbox 1339 1783 1378 1815; x_wconf 78' lang='grc' dir='ltr'>ὃν,</span> <span class='ocrx_word' id='word_1_558' title='bbox 1389 1783 1428 1815; x_wconf 82' lang='grc' dir='ltr'>ὡς</span> <span class='ocrx_word' id='word_1_559' title='bbox 1441 1784 1482 1815; x_wconf 75' lang='grc' dir='ltr'>εἰς</span> <span class='ocrx_word' id='word_1_560' title='bbox 1495 1782 1618 1819; x_wconf 78' lang='grc' dir='ltr'>πυθμένα</span> <span class='ocrx_word' id='word_1_561' title='bbox 1631 1783 1771 1818; x_wconf 79' lang='grc' dir='ltr'>ποιητικὸν</span> <span class='ocrx_word' id='word_1_562' title='bbox 1782 1784 1830 1811; x_wconf 77' lang='grc' dir='ltr'>καὶ</span> 
     </span>
    </p>
   </div>
   <div class='ocr_carea' id='block_1_53' title="bbox 202 1829 963 1869">
    <p class='ocr_par' dir='ltr' id='par_1_53' title="bbox 202 1829 963 1863">
     <span class='ocr_line' id='line_1_53' title="bbox 202 1829 963 1863; baseline 0 -6"><span class='ocrx_word' id='word_1_563' title='bbox 202 1829 321 1857; x_wconf 89' lang='lat' dir='ltr'><strong>cundum</strong></span> <span class='ocrx_word' id='word_1_564' title='bbox 333 1836 413 1855; x_wconf 90' lang='lat' dir='ltr'><strong>unam</strong></span> <span class='ocrx_word' id='word_1_565' title='bbox 427 1834 518 1856; x_wconf 80' lang='lat' dir='ltr'><strong>autem</strong></span> <span class='ocrx_word' id='word_1_566' title='bbox 533 1830 780 1863; x_wconf 86' lang='lat' dir='ltr'><strong>supereminentem</strong></span> <span class='ocrx_word' id='word_1_567' title='bbox 793 1830 963 1858; x_wconf 75' lang='lat' dir='ltr'><strong>continentia</strong></span> 
     </span>
    </p>
   </div>
   <div class='ocr_carea' id='block_1_54' title="bbox 1069 1829 1830 1869">
    <p class='ocr_par' dir='ltr' id='par_1_54' title="bbox 1069 1829 1830 1869">
     <span class='ocr_line' id='line_1_54' title="bbox 1069 1829 1830 1869; baseline 0 -13"><span class='ocrx_word' id='word_1_568' title='bbox 1069 1829 1230 1866; x_wconf 76' lang='grc' dir='ltr'>ρονοητικὸν,</span> <span class='ocrx_word' id='word_1_569' title='bbox 1240 1829 1458 1869; x_wconf 76' lang='grc' dir='ltr'>ἐπιστρέφονται.</span> <span class='ocrx_word' id='word_1_570' title='bbox 1472 1829 1550 1856; x_wconf 85' lang='grc' dir='ltr'>Κατὰ</span> <span class='ocrx_word' id='word_1_571' title='bbox 1565 1830 1629 1865; x_wconf 89' lang='grc' dir='ltr'>μίαν</span> <span class='ocrx_word' id='word_1_572' title='bbox 1643 1830 1671 1856; x_wconf 80' lang='grc' dir='ltr'>δὲ</span> <span class='ocrx_word' id='word_1_573' title='bbox 1682 1830 1830 1866; x_wconf 75' lang='grc' dir='ltr'>ὑπερέχω-</span> 
     </span>
    </p>
   </div>
   <div class='ocr_carea' id='block_1_55' title="bbox 201 1864 962 1912">
    <p class='ocr_par' dir='ltr' id='par_1_55' title="bbox 201 1876 962 1910">
     <span class='ocr_line' id='line_1_55' title="bbox 201 1876 962 1910; baseline -0.001 -7"><span class='ocrx_word' id='word_1_574' title='bbox 201 1877 293 1903; x_wconf 90' lang='lat' dir='ltr'><strong>omnia</strong></span> <span class='ocrx_word' id='word_1_575' title='bbox 313 1876 420 1909; x_wconf 83' lang='lat' dir='ltr'><strong>munil;</strong></span> <span class='ocrx_word' id='word_1_576' title='bbox 441 1876 571 1910; x_wconf 88' lang='lat' dir='ltr'><strong>quoniam</strong></span> <span class='ocrx_word' id='word_1_577' title='bbox 588 1876 677 1903; x_wconf 85' lang='lat' dir='ltr'><strong>omnis</strong></span> <span class='ocrx_word' id='word_1_578' title='bbox 696 1877 837 1910; x_wconf 87' lang='lat' dir='ltr'><strong>processio</strong></span> <span class='ocrx_word' id='word_1_579' title='bbox 854 1877 912 1910; x_wconf 88' lang='lat' dir='ltr'><strong>Dei,</strong></span> <span class='ocrx_word' id='word_1_580' title='bbox 929 1876 962 1904; x_wconf 71' lang='grc' dir='ltr'>εἰι</span> 
     </span>
    </p>
   </div>
   <div class='ocr_carea' id='block_1_56' title="bbox 1070 1864 1831 1912">
    <p class='ocr_par' dir='ltr' id='par_1_56' title="bbox 1070 1864 1831 1912">
     <span class='ocr_line' id='line_1_56' title="bbox 1070 1864 1831 1912; baseline -0.001 -8"><span class='ocrx_word' id='word_1_581' title='bbox 1070 1886 1088 1904; x_wconf 67' lang='grc' dir='ltr'><strong>ιν</strong></span> <span class='ocrx_word' id='word_1_582' title='bbox 1103 1864 1217 1912; x_wconf 82' lang='grc' dir='ltr'>συνοχὴν</span> <span class='ocrx_word' id='word_1_583' title='bbox 1229 1875 1262 1902; x_wconf 86' lang='grc' dir='ltr'><strong>τὰ</strong></span> <span class='ocrx_word' id='word_1_584' title='bbox 1283 1864 1372 1903; x_wconf 73' lang='grc' dir='ltr'>πάντα</span> <span class='ocrx_word' id='word_1_585' title='bbox 1385 1864 1605 1910; x_wconf 71' lang='grc' dir='ltr'>έξασφαλίζεται,</span> <span class='ocrx_word' id='word_1_586' title='bbox 1622 1876 1663 1902; x_wconf 82' lang='grc' dir='ltr'>ὅτι</span> <span class='ocrx_word' id='word_1_587' title='bbox 1675 1864 1751 1903; x_wconf 81' lang='grc' dir='ltr'>πᾶσα</span> 
     </span>
    </p>
   </div>
   <div class='ocr_carea' id='block_1_57' title="bbox 202 1919 963 1958">
    <p class='ocr_par' dir='ltr' id='par_1_57' title="bbox 202 1919 963 1954">
     <span class='ocr_line' id='line_1_57' title="bbox 202 1919 963 1954; baseline 0.003 -7"><span class='ocrx_word' id='word_1_588' title='bbox 202 1920 237 1947; x_wconf 90' lang='lat' dir='ltr'><strong>ad</strong></span> <span class='ocrx_word' id='word_1_589' title='bbox 257 1920 417 1952; x_wconf 86' lang='lat' dir='ltr'><strong>creandum,</strong></span> <span class='ocrx_word' id='word_1_590' title='bbox 441 1920 500 1947; x_wconf 84' lang='lat' dir='ltr'><strong>sive</strong></span> <span class='ocrx_word' id='word_1_591' title='bbox 521 1919 554 1946; x_wconf 92' lang='lat' dir='ltr'><strong>ad</strong></span> <span class='ocrx_word' id='word_1_592' title='bbox 575 1919 783 1954; x_wconf 88' lang='lat' dir='ltr'><strong>providendum,</strong></span> <span class='ocrx_word' id='word_1_593' title='bbox 804 1921 884 1948; x_wconf 85' lang='lat' dir='ltr'><strong>unica</strong></span> <span class='ocrx_word' id='word_1_594' title='bbox 902 1926 944 1949; x_wconf 85' lang='lat' dir='ltr'><strong>est</strong></span> <span class='ocrx_word' id='word_1_595' title='bbox 962 1936 963 1944; x_wconf 64' lang='grc' dir='ltr'><strong>ι</strong></span> 
     </span>
    </p>
   </div>
   <div class='ocr_carea' id='block_1_58' title="bbox 1068 1919 1829 1958">
    <p class='ocr_par' dir='ltr' id='par_1_58' title="bbox 1068 1922 1829 1958">
     <span class='ocr_line' id='line_1_58' title="bbox 1068 1922 1829 1958; baseline -0.001 -8"><span class='ocrx_word' id='word_1_596' title='bbox 1068 1932 1097 1956; x_wconf 87' lang='grc' dir='ltr'><strong>ος</strong></span> <span class='ocrx_word' id='word_1_597' title='bbox 1107 1923 1154 1950; x_wconf 77' lang='grc' dir='ltr'><strong>ἐπὶ</strong></span> <span class='ocrx_word' id='word_1_598' title='bbox 1164 1923 1242 1955; x_wconf 82' lang='grc' dir='ltr'>Θεοῦ,</span> <span class='ocrx_word' id='word_1_599' title='bbox 1251 1922 1303 1949; x_wconf 78' lang='grc' dir='ltr'>κᾶν</span> <span class='ocrx_word' id='word_1_600' title='bbox 1314 1923 1354 1954; x_wconf 78' lang='grc' dir='ltr'><strong>είς</strong></span> <span class='ocrx_word' id='word_1_601' title='bbox 1365 1922 1396 1948; x_wconf 80' lang='grc' dir='ltr'>τὸ</span> <span class='ocrx_word' id='word_1_602' title='bbox 1411 1922 1523 1954; x_wconf 82' lang='grc' dir='ltr'><strong>κτίζειν,</strong></span> <span class='ocrx_word' id='word_1_603' title='bbox 1536 1922 1588 1949; x_wconf 73' lang='grc' dir='ltr'>κᾶν</span> <span class='ocrx_word' id='word_1_604' title='bbox 1598 1924 1638 1954; x_wconf 82' lang='grc' dir='ltr'>εἰς</span> <span class='ocrx_word' id='word_1_605' title='bbox 1649 1922 1679 1949; x_wconf 80' lang='grc' dir='ltr'>τὸ</span> <span class='ocrx_word' id='word_1_606' title='bbox 1691 1924 1829 1958; x_wconf 79' lang='grc' dir='ltr'>προνοεῖν,</span> 
     </span>
    </p>
   </div>
   <div class='ocr_carea' id='block_1_59' title="bbox 201 1967 962 2005">
    <p class='ocr_par' dir='ltr' id='par_1_59' title="bbox 201 1967 962 2002">
     <span class='ocr_line' id='line_1_59' title="bbox 201 1967 962 2002; baseline 0.001 -7"><span class='ocrx_word' id='word_1_607' title='bbox 201 1967 331 2001; x_wconf 82' lang='lat' dir='ltr'><strong>simplex,</strong></span> <span class='ocrx_word' id='word_1_608' title='bbox 345 1967 452 1994; x_wconf 84' lang='lat' dir='ltr'><strong>tametsi</strong></span> <span class='ocrx_word' id='word_1_609' title='bbox 470 1974 513 1994; x_wconf 90' lang='lat' dir='ltr'><strong>res</strong></span> <span class='ocrx_word' id='word_1_610' title='bbox 524 1973 623 1994; x_wconf 68' lang='lat' dir='ltr'><strong>creatae</strong></span> <span class='ocrx_word' id='word_1_611' title='bbox 634 1975 666 1994; x_wconf 88' lang='lat' dir='ltr'><strong>ac</strong></span> <span class='ocrx_word' id='word_1_612' title='bbox 680 1968 795 2002; x_wconf 65' lang='lat' dir='ltr'><strong>provisa:</strong></span> <span class='ocrx_word' id='word_1_613' title='bbox 807 1968 962 1997; x_wconf 70' lang='lat' dir='ltr'><strong>diversimor</strong></span> 
     </span>
    </p>
   </div>
   <div class='ocr_carea' id='block_1_60' title="bbox 1068 1967 1829 2005">
    <p class='ocr_par' dir='ltr' id='par_1_60' title="bbox 1070 1969 1829 2005">
     <span class='ocr_line' id='line_1_60' title="bbox 1070 1969 1829 2005; baseline 0 -8"><span class='ocrx_word' id='word_1_614' title='bbox 1070 1970 1126 1997; x_wconf 83' lang='grc' dir='ltr'>ιαία</span> <span class='ocrx_word' id='word_1_615' title='bbox 1141 1969 1188 1997; x_wconf 84' lang='grc' dir='ltr'>καὶ</span> <span class='ocrx_word' id='word_1_616' title='bbox 1206 1969 1278 2004; x_wconf 85' lang='grc' dir='ltr'>ἁπλῆ</span> <span class='ocrx_word' id='word_1_617' title='bbox 1293 1970 1378 2001; x_wconf 72' lang='grc' dir='ltr'>ἐστιν,</span> <span class='ocrx_word' id='word_1_618' title='bbox 1400 1970 1424 1996; x_wconf 87' lang='grc' dir='ltr'><strong>εί</strong></span> <span class='ocrx_word' id='word_1_619' title='bbox 1446 1969 1492 1996; x_wconf 75' lang='grc' dir='ltr'>καὶ</span> <span class='ocrx_word' id='word_1_620' title='bbox 1508 1969 1544 1996; x_wconf 72' lang='grc' dir='ltr'><strong>τὰ</strong></span> <span class='ocrx_word' id='word_1_621' title='bbox 1564 1969 1711 2005; x_wconf 74' lang='grc' dir='ltr'>κτιζύμενα</span> <span class='ocrx_word' id='word_1_622' title='bbox 1728 1970 1777 1996; x_wconf 84' lang='grc' dir='ltr'>καὶ</span> <span class='ocrx_word' id='word_1_623' title='bbox 1793 1969 1829 1997; x_wconf 76' lang='grc' dir='ltr'>τὰ</span> 
     </span>
    </p>
   </div>
   <div class='ocr_carea' id='block_1_61' title="bbox 203 2013 964 2054">
    <p class='ocr_par' dir='ltr' id='par_1_61' title="bbox 203 2013 964 2048">
     <span class='ocr_line' id='line_1_61' title="bbox 203 2013 964 2048; baseline 0.003 -8"><span class='ocrx_word' id='word_1_624' title='bbox 203 2014 261 2040; x_wconf 68' lang='lat' dir='ltr'><strong>hinc</strong></span> <span class='ocrx_word' id='word_1_625' title='bbox 276 2021 392 2040; x_wconf 87' lang='lat' dir='ltr'><strong>munera</strong></span> <span class='ocrx_word' id='word_1_626' title='bbox 415 2013 591 2048; x_wconf 88' lang='lat' dir='ltr'><strong>participent.</strong></span> <span class='ocrx_word' id='word_1_627' title='bbox 610 2013 717 2041; x_wconf 85' lang='lat' dir='ltr'><strong>Dicitur</strong></span> <span class='ocrx_word' id='word_1_628' title='bbox 734 2014 817 2042; x_wconf 86' lang='lat' dir='ltr'><strong>etiam</strong></span> <span class='ocrx_word' id='word_1_629' title='bbox 837 2014 891 2042; x_wconf 88' lang='lat' dir='ltr'><strong>alio</strong></span> <span class='ocrx_word' id='word_1_630' title='bbox 908 2022 964 2042; x_wconf 73' lang='lat' dir='ltr'><strong>mor</strong></span> 
     </span>
    </p>
   </div>
   <div class='ocr_carea' id='block_1_62' title="bbox 1070 2013 1831 2054">
    <p class='ocr_par' dir='ltr' id='par_1_62' title="bbox 1070 2015 1831 2053">
     <span class='ocr_line' id='line_1_62' title="bbox 1070 2015 1831 2053; baseline -0.003 -9"><span class='ocrx_word' id='word_1_631' title='bbox 1070 2017 1224 2053; x_wconf 66' lang='grc' dir='ltr'>ιονοούμενα</span> <span class='ocrx_word' id='word_1_632' title='bbox 1237 2015 1370 2051; x_wconf 82' lang='grc' dir='ltr'>διαφόρως</span> <span class='ocrx_word' id='word_1_633' title='bbox 1382 2015 1438 2042; x_wconf 90' lang='grc' dir='ltr'><strong>τῶν</strong></span> <span class='ocrx_word' id='word_1_634' title='bbox 1452 2015 1560 2051; x_wconf 86' lang='grc' dir='ltr'><strong>δωρεῶν</strong></span> <span class='ocrx_word' id='word_1_635' title='bbox 1573 2015 1724 2051; x_wconf 84' lang='grc' dir='ltr'>μετέχουσι.</span> <span class='ocrx_word' id='word_1_636' title='bbox 1745 2015 1831 2050; x_wconf 81' lang='grc' dir='ltr'>Λέγε-</span> 
     </span>
    </p>
   </div>
   <div class='ocr_carea' id='block_1_63' title="bbox 201 2059 962 2098">
    <p class='ocr_par' dir='ltr' id='par_1_63' title="bbox 201 2059 960 2094">
     <span class='ocr_line' id='line_1_63' title="bbox 201 2059 960 2094; baseline 0.003 -8"><span class='ocrx_word' id='word_1_637' title='bbox 201 2060 386 2091; x_wconf 87' lang='lat' dir='ltr'><strong>omnitenens,</strong></span> <span class='ocrx_word' id='word_1_638' title='bbox 405 2060 468 2094; x_wconf 91' lang='lat' dir='ltr'><strong>quia</strong></span> <span class='ocrx_word' id='word_1_639' title='bbox 483 2059 611 2087; x_wconf 85' lang='lat' dir='ltr'><strong>omnibus</strong></span> <span class='ocrx_word' id='word_1_640' title='bbox 626 2059 754 2094; x_wconf 91' lang='lat' dir='ltr'><strong>imperat,</strong></span> <span class='ocrx_word' id='word_1_641' title='bbox 769 2065 798 2087; x_wconf 90' lang='lat' dir='ltr'><strong>et</strong></span> <span class='ocrx_word' id='word_1_642' title='bbox 816 2061 960 2088; x_wconf 88' lang='lat' dir='ltr'><strong>dominatu</strong></span> 
     </span>
    </p>
   </div>
   <div class='ocr_carea' id='block_1_64' title="bbox 1070 2059 1831 2098">
    <p class='ocr_par' dir='ltr' id='par_1_64' title="bbox 1070 2061 1831 2098">
     <span class='ocr_line' id='line_1_64' title="bbox 1070 2061 1831 2098; baseline -0.003 -8"><span class='ocrx_word' id='word_1_643' title='bbox 1070 2073 1084 2090; x_wconf 75' lang='grc' dir='ltr'><strong>ιι</strong></span> <span class='ocrx_word' id='word_1_644' title='bbox 1094 2062 1290 2098; x_wconf 80' lang='grc' dir='ltr'>παντοκράτωρ</span> <span class='ocrx_word' id='word_1_645' title='bbox 1303 2062 1351 2088; x_wconf 80' lang='grc' dir='ltr'>καὶ</span> <span class='ocrx_word' id='word_1_646' title='bbox 1364 2061 1425 2088; x_wconf 83' lang='grc' dir='ltr'>καθ’</span> <span class='ocrx_word' id='word_1_647' title='bbox 1437 2062 1530 2097; x_wconf 74' lang='grc' dir='ltr'>ἕτερον</span> <span class='ocrx_word' id='word_1_648' title='bbox 1540 2061 1649 2098; x_wconf 81' lang='grc' dir='ltr'>τρόπον,</span> <span class='ocrx_word' id='word_1_649' title='bbox 1665 2062 1706 2088; x_wconf 71' lang='grc' dir='ltr'>ὅτι</span> <span class='ocrx_word' id='word_1_650' title='bbox 1719 2062 1831 2089; x_wconf 85' lang='grc' dir='ltr'>πάντων</span> 
     </span>
    </p>
   </div>
   <div class='ocr_carea' id='block_1_65' title="bbox 202 2105 963 2144">
    <p class='ocr_par' dir='ltr' id='par_1_65' title="bbox 202 2105 962 2143">
     <span class='ocr_line' id='line_1_65' title="bbox 202 2105 962 2143; baseline 0.001 -9"><span class='ocrx_word' id='word_1_651' title='bbox 202 2111 231 2134; x_wconf 88' lang='lat' dir='ltr'><strong>et</strong></span> <span class='ocrx_word' id='word_1_652' title='bbox 244 2105 343 2134; x_wconf 77' lang='lat' dir='ltr'><strong>sullicit</strong></span> <span class='ocrx_word' id='word_1_653' title='bbox 358 2110 478 2141; x_wconf 76' lang='lat' dir='ltr'><strong>potestas</strong></span> <span class='ocrx_word' id='word_1_654' title='bbox 491 2105 550 2140; x_wconf 88' lang='lat' dir='ltr'><strong>ejus</strong></span> <span class='ocrx_word' id='word_1_655' title='bbox 563 2106 689 2134; x_wconf 88' lang='lat' dir='ltr'><strong>omnibus</strong></span> <span class='ocrx_word' id='word_1_656' title='bbox 700 2107 745 2141; x_wconf 88' lang='lat' dir='ltr'><strong>qui</strong></span> <span class='ocrx_word' id='word_1_657' title='bbox 765 2107 799 2134; x_wconf 87' lang='lat' dir='ltr'><strong>ab</strong></span> <span class='ocrx_word' id='word_1_658' title='bbox 814 2107 874 2143; x_wconf 90' lang='lat' dir='ltr'><strong>ipso</strong></span> <span class='ocrx_word' id='word_1_659' title='bbox 892 2109 962 2143; x_wconf 78' lang='lat' dir='ltr'><strong>gube</strong></span> 
     </span>
    </p>
   </div>
   <div class='ocr_carea' id='block_1_66' title="bbox 1070 2105 1831 2144">
    <p class='ocr_par' dir='ltr' id='par_1_66' title="bbox 1070 2106 1831 2143">
     <span class='ocr_line' id='line_1_66' title="bbox 1070 2106 1831 2143; baseline -0.003 -7"><span class='ocrx_word' id='word_1_660' title='bbox 1070 2110 1144 2141; x_wconf 62' lang='lat' dir='ltr'><strong>utsi,</strong></span> <span class='ocrx_word' id='word_1_661' title='bbox 1160 2109 1208 2135; x_wconf 73' lang='grc' dir='ltr'><strong>καὶ</strong></span> <span class='ocrx_word' id='word_1_662' title='bbox 1217 2107 1378 2140; x_wconf 78' lang='grc' dir='ltr'>ἐξουσιάζει,</span> <span class='ocrx_word' id='word_1_663' title='bbox 1392 2108 1439 2134; x_wconf 70' lang='grc' dir='ltr'><strong>καὶ</strong></span> <span class='ocrx_word' id='word_1_664' title='bbox 1451 2109 1568 2143; x_wconf 80' lang='grc' dir='ltr'>ἐπαρκεῖ</span> <span class='ocrx_word' id='word_1_665' title='bbox 1584 2108 1600 2143; x_wconf 85' lang='grc' dir='ltr'><strong>ἡ</strong></span> <span class='ocrx_word' id='word_1_666' title='bbox 1615 2106 1724 2140; x_wconf 76' lang='grc' dir='ltr'>ἐξουσία</span> <span class='ocrx_word' id='word_1_667' title='bbox 1744 2107 1831 2134; x_wconf 73' lang='grc' dir='ltr'>αὐτοῦ</span> 
     </span>
    </p>
   </div>
   <div class='ocr_carea' id='block_1_67' title="bbox 203 2151 964 2189">
    <p class='ocr_par' dir='ltr' id='par_1_67' title="bbox 203 2151 962 2186">
     <span class='ocr_line' id='line_1_67' title="bbox 203 2151 962 2186; baseline 0.001 -7"><span class='ocrx_word' id='word_1_668' title='bbox 203 2157 320 2185; x_wconf 85' lang='lat' dir='ltr'><strong>nantur;</strong></span> <span class='ocrx_word' id='word_1_669' title='bbox 334 2152 406 2186; x_wconf 89' lang='lat' dir='ltr'><strong>quod</strong></span> <span class='ocrx_word' id='word_1_670' title='bbox 423 2151 449 2178; x_wconf 94' lang='lat' dir='ltr'><strong>in</strong></span> <span class='ocrx_word' id='word_1_671' title='bbox 466 2151 575 2186; x_wconf 82' lang='lat' dir='ltr'><strong>regibus</strong></span> <span class='ocrx_word' id='word_1_672' title='bbox 589 2152 704 2180; x_wconf 89' lang='lat' dir='ltr'><strong>terrenis</strong></span> <span class='ocrx_word' id='word_1_673' title='bbox 718 2152 808 2180; x_wconf 93' lang='lat' dir='ltr'><strong>locum</strong></span> <span class='ocrx_word' id='word_1_674' title='bbox 826 2161 878 2180; x_wconf 90' lang='lat' dir='ltr'><strong>non</strong></span> <span class='ocrx_word' id='word_1_675' title='bbox 893 2154 962 2181; x_wconf 80' lang='lat' dir='ltr'><strong>habe</strong></span> 
     </span>
    </p>
   </div>
   <div class='ocr_carea' id='block_1_68' title="bbox 1070 2151 1831 2189">
    <p class='ocr_par' dir='ltr' id='par_1_68' title="bbox 1070 2153 1831 2189">
     <span class='ocr_line' id='line_1_68' title="bbox 1070 2153 1831 2189; baseline -0.004 -7"><span class='ocrx_word' id='word_1_676' title='bbox 1070 2157 1095 2187; x_wconf 85' lang='grc' dir='ltr'>ῖς</span> <span class='ocrx_word' id='word_1_677' title='bbox 1107 2154 1301 2189; x_wconf 83' lang='grc' dir='ltr'>διοικουμένοις</span> <span class='ocrx_word' id='word_1_678' title='bbox 1316 2154 1428 2185; x_wconf 73' lang='grc' dir='ltr'>ἅπασιν,</span> <span class='ocrx_word' id='word_1_679' title='bbox 1441 2154 1510 2189; x_wconf 77' lang='grc' dir='ltr'>ὅπερ</span> <span class='ocrx_word' id='word_1_680' title='bbox 1522 2154 1568 2180; x_wconf 78' lang='grc' dir='ltr'><strong>ἐπὶ</strong></span> <span class='ocrx_word' id='word_1_681' title='bbox 1581 2153 1635 2180; x_wconf 88' lang='grc' dir='ltr'><strong>τῶν</strong></span> <span class='ocrx_word' id='word_1_682' title='bbox 1648 2154 1694 2180; x_wconf 75' lang='grc' dir='ltr'><strong>ἐπὶ</strong></span> <span class='ocrx_word' id='word_1_683' title='bbox 1711 2154 1764 2189; x_wconf 81' lang='grc' dir='ltr'>γῆς</span> <span class='ocrx_word' id='word_1_684' title='bbox 1779 2153 1831 2189; x_wconf 85' lang='grc' dir='ltr'><strong>βα-</strong></span> 
     </span>
    </p>
   </div>
   <div class='ocr_carea' id='block_1_69' title="bbox 203 2197 964 2234">
    <p class='ocr_par' dir='ltr' id='par_1_69' title="bbox 203 2197 964 2234">
     <span class='ocr_line' id='line_1_69' title="bbox 203 2197 964 2234; baseline 0.004 -10"><span class='ocrx_word' id='word_1_685' title='bbox 203 2198 334 2231; x_wconf 90' lang='lat' dir='ltr'><strong>quoniam</strong></span> <span class='ocrx_word' id='word_1_686' title='bbox 350 2197 416 2224; x_wconf 87' lang='lat' dir='ltr'><strong>viris</strong></span> <span class='ocrx_word' id='word_1_687' title='bbox 440 2197 675 2231; x_wconf 68' lang='lat' dir='ltr'><strong>prrestautioribus</strong></span> <span class='ocrx_word' id='word_1_688' title='bbox 690 2205 758 2231; x_wconf 88' lang='lat' dir='ltr'><strong>opus</strong></span> <span class='ocrx_word' id='word_1_689' title='bbox 771 2198 870 2226; x_wconf 77' lang='lat' dir='ltr'><strong>habent</strong></span> <span class='ocrx_word' id='word_1_690' title='bbox 887 2201 920 2226; x_wconf 80' lang='lat' dir='ltr'><strong>ad</strong></span> <span class='ocrx_word' id='word_1_691' title='bbox 938 2208 964 2234; x_wconf 81' lang='lat' dir='ltr'><strong>gi</strong></span> 
     </span>
    </p>
   </div>
   <div class='ocr_carea' id='block_1_70' title="bbox 1071 2197 1832 2234">
    <p class='ocr_par' dir='ltr' id='par_1_70' title="bbox 1071 2198 1832 2234">
     <span class='ocr_line' id='line_1_70' title="bbox 1071 2198 1832 2234; baseline -0.003 -7"><span class='ocrx_word' id='word_1_692' title='bbox 1071 2200 1137 2227; x_wconf 84' lang='grc' dir='ltr'>λέων</span> <span class='ocrx_word' id='word_1_693' title='bbox 1150 2201 1201 2227; x_wconf 79' lang='grc' dir='ltr'>οὐκ</span> <span class='ocrx_word' id='word_1_694' title='bbox 1212 2200 1282 2232; x_wconf 74' lang='grc' dir='ltr'>ἐστι,</span> <span class='ocrx_word' id='word_1_695' title='bbox 1293 2199 1334 2226; x_wconf 77' lang='grc' dir='ltr'>διὸ</span> <span class='ocrx_word' id='word_1_696' title='bbox 1347 2199 1395 2226; x_wconf 72' lang='grc' dir='ltr'>καὶ</span> <span class='ocrx_word' id='word_1_697' title='bbox 1411 2199 1465 2226; x_wconf 88' lang='grc' dir='ltr'><strong>τῶν</strong></span> <span class='ocrx_word' id='word_1_698' title='bbox 1485 2198 1718 2234; x_wconf 80' lang='grc' dir='ltr'>συνδιαφερόντων</span> <span class='ocrx_word' id='word_1_699' title='bbox 1737 2199 1832 2230; x_wconf 77' lang='grc' dir='ltr'>αὐτοῖς</span> 
     </span>
    </p>
   </div>
   <div class='ocr_carea' id='block_1_71' title="bbox 203 2241 964 2282">
    <p class='ocr_par' dir='ltr' id='par_1_71' title="bbox 203 2241 964 2278">
     <span class='ocr_line' id='line_1_71' title="bbox 203 2241 964 2278; baseline 0.003 -10"><span class='ocrx_word' id='word_1_700' title='bbox 203 2242 387 2269; x_wconf 88' lang='lat' dir='ltr'><strong>bernandum.</strong></span> <span class='ocrx_word' id='word_1_701' title='bbox 400 2241 476 2276; x_wconf 86' lang='lat' dir='ltr'><strong>Quod</strong></span> <span class='ocrx_word' id='word_1_702' title='bbox 493 2242 513 2269; x_wconf 88' lang='lat' dir='ltr'><strong>si</strong></span> <span class='ocrx_word' id='word_1_703' title='bbox 531 2249 596 2269; x_wconf 89' lang='lat' dir='ltr'><strong>vero</strong></span> <span class='ocrx_word' id='word_1_704' title='bbox 608 2247 634 2268; x_wconf 92' lang='lat' dir='ltr'><strong>et</strong></span> <span class='ocrx_word' id='word_1_705' title='bbox 648 2243 699 2277; x_wconf 89' lang='lat' dir='ltr'><strong>ipsi</strong></span> <span class='ocrx_word' id='word_1_706' title='bbox 714 2242 821 2278; x_wconf 84' lang='lat' dir='ltr'><strong>aliquos</strong></span> <span class='ocrx_word' id='word_1_707' title='bbox 838 2251 887 2278; x_wconf 90' lang='lat' dir='ltr'><strong>per</strong></span> <span class='ocrx_word' id='word_1_708' title='bbox 901 2252 930 2272; x_wconf 85' lang='lat' dir='ltr'><strong>se</strong></span> <span class='ocrx_word' id='word_1_709' title='bbox 946 2252 964 2271; x_wconf 73' lang='grc' dir='ltr'><strong>τι</strong></span> 
     </span>
    </p>
   </div>
   <div class='ocr_carea' id='block_1_72' title="bbox 1072 2241 1833 2282">
    <p class='ocr_par' dir='ltr' id='par_1_72' title="bbox 1072 2242 1833 2282">
     <span class='ocr_line' id='line_1_72' title="bbox 1072 2242 1833 2282; baseline -0.005 -9"><span class='ocrx_word' id='word_1_710' title='bbox 1072 2254 1090 2281; x_wconf 29' lang='grc' dir='ltr'>ην</span> <span class='ocrx_word' id='word_1_711' title='bbox 1107 2246 1195 2282; x_wconf 83' lang='grc' dir='ltr'>ἀρχὴν</span> <span class='ocrx_word' id='word_1_712' title='bbox 1210 2245 1324 2272; x_wconf 81' lang='grc' dir='ltr'>δέονται.</span> <span class='ocrx_word' id='word_1_713' title='bbox 1340 2245 1371 2271; x_wconf 77' lang='grc' dir='ltr'><strong>Εἰ</strong></span> <span class='ocrx_word' id='word_1_714' title='bbox 1383 2244 1412 2271; x_wconf 84' lang='grc' dir='ltr'><strong>δέ</strong></span> <span class='ocrx_word' id='word_1_715' title='bbox 1431 2253 1512 2271; x_wconf 82' lang='grc' dir='ltr'>τινων</span> <span class='ocrx_word' id='word_1_716' title='bbox 1529 2244 1577 2271; x_wconf 73' lang='grc' dir='ltr'>καὶ</span> <span class='ocrx_word' id='word_1_717' title='bbox 1596 2243 1642 2278; x_wconf 81' lang='grc' dir='ltr'><strong>ἀφ’</strong></span> <span class='ocrx_word' id='word_1_718' title='bbox 1662 2243 1767 2270; x_wconf 80' lang='grc' dir='ltr'>ἑαυτῶν</span> <span class='ocrx_word' id='word_1_719' title='bbox 1780 2242 1833 2278; x_wconf 77' lang='grc' dir='ltr'><strong>ἂρ-</strong></span> 
     </span>
    </p>
   </div>
   <div class='ocr_carea' id='block_1_73' title="bbox 203 2287 964 2327">
    <p class='ocr_par' dir='ltr' id='par_1_73' title="bbox 203 2289 964 2326">
     <span class='ocr_line' id='line_1_73' title="bbox 203 2289 964 2326; baseline 0.005 -10"><span class='ocrx_word' id='word_1_720' title='bbox 203 2294 277 2325; x_wconf 79' lang='lat' dir='ltr'><strong>gant,</strong></span> <span class='ocrx_word' id='word_1_721' title='bbox 292 2289 408 2323; x_wconf 80' lang='lat' dir='ltr'><strong>negotiis</strong></span> <span class='ocrx_word' id='word_1_722' title='bbox 420 2289 621 2324; x_wconf 86' lang='lat' dir='ltr'><strong>quodammodo</strong></span> <span class='ocrx_word' id='word_1_723' title='bbox 634 2297 663 2317; x_wconf 90' lang='lat' dir='ltr'><strong>se</strong></span> <span class='ocrx_word' id='word_1_724' title='bbox 677 2290 830 2325; x_wconf 87' lang='lat' dir='ltr'><strong>implicare,</strong></span> <span class='ocrx_word' id='word_1_725' title='bbox 841 2296 869 2319; x_wconf 93' lang='lat' dir='ltr'><strong>et</strong></span> <span class='ocrx_word' id='word_1_726' title='bbox 883 2299 943 2326; x_wconf 66' lang='lat' dir='ltr'><strong>quae</strong></span> <span class='ocrx_word' id='word_1_727' title='bbox 956 2301 964 2319; x_wconf 77' lang='grc' dir='ltr'><strong>ι</strong></span> 
     </span>
    </p>
   </div>
   <div class='ocr_carea' id='block_1_74' title="bbox 1073 2287 1834 2327">
    <p class='ocr_par' dir='ltr' id='par_1_74' title="bbox 1073 2287 1834 2326">
     <span class='ocr_line' id='line_1_74' title="bbox 1073 2287 1834 2326; baseline -0.004 -8"><span class='ocrx_word' id='word_1_728' title='bbox 1073 2301 1141 2323; x_wconf 86' lang='grc' dir='ltr'>υσιν,</span> <span class='ocrx_word' id='word_1_729' title='bbox 1156 2291 1213 2318; x_wconf 81' lang='grc' dir='ltr'>ἀλλ’</span> <span class='ocrx_word' id='word_1_730' title='bbox 1227 2289 1273 2318; x_wconf 80' lang='grc' dir='ltr'>οὖν</span> <span class='ocrx_word' id='word_1_731' title='bbox 1290 2290 1449 2326; x_wconf 80' lang='grc' dir='ltr'>μιγνύμενοι</span> <span class='ocrx_word' id='word_1_732' title='bbox 1469 2287 1525 2317; x_wconf 78' lang='grc' dir='ltr'>οἷον</span> <span class='ocrx_word' id='word_1_733' title='bbox 1541 2290 1597 2321; x_wconf 85' lang='grc' dir='ltr'>τοῖς</span> <span class='ocrx_word' id='word_1_734' title='bbox 1612 2289 1767 2325; x_wconf 81' lang='grc' dir='ltr'>πράγμασι,</span> <span class='ocrx_word' id='word_1_735' title='bbox 1782 2289 1834 2315; x_wconf 77' lang='grc' dir='ltr'>καὶ</span> 
     </span>
    </p>
   </div>
   <div class='ocr_carea' id='block_1_75' title="bbox 202 2334 963 2375">
    <p class='ocr_par' dir='ltr' id='par_1_75' title="bbox 202 2334 963 2375">
     <span class='ocr_line' id='line_1_75' title="bbox 202 2334 963 2375; baseline 0.003 -13"><span class='ocrx_word' id='word_1_736' title='bbox 202 2342 249 2362; x_wconf 89' lang='lat' dir='ltr'><strong>eos</strong></span> <span class='ocrx_word' id='word_1_737' title='bbox 268 2339 393 2370; x_wconf 87' lang='lat' dir='ltr'><strong>spectant</strong></span> <span class='ocrx_word' id='word_1_738' title='bbox 416 2334 662 2375; x_wconf 44' lang='lat' dir='ltr'><strong>discere\debenl,</strong></span> <span class='ocrx_word' id='word_1_739' title='bbox 684 2341 714 2363; x_wconf 90' lang='lat' dir='ltr'><strong>ut</strong></span> <span class='ocrx_word' id='word_1_740' title='bbox 734 2344 831 2364; x_wconf 86' lang='lat' dir='ltr'><strong>secure</strong></span> <span class='ocrx_word' id='word_1_741' title='bbox 854 2338 963 2371; x_wconf 71' lang='lat' dir='ltr'><strong>prmsint</strong></span> 
     </span>
    </p>
   </div>
   <div class='ocr_carea' id='block_1_76' title="bbox 1073 2334 1834 2375">
    <p class='ocr_par' dir='ltr' id='par_1_76' title="bbox 1073 2334 1834 2372">
     <span class='ocr_line' id='line_1_76' title="bbox 1073 2334 1834 2372; baseline -0.005 -8"><span class='ocrx_word' id='word_1_742' title='bbox 1073 2337 1221 2368; x_wconf 79' lang='grc' dir='ltr'>ινθάνοντες</span> <span class='ocrx_word' id='word_1_743' title='bbox 1231 2336 1265 2363; x_wconf 85' lang='grc' dir='ltr'>τὰ</span> <span class='ocrx_word' id='word_1_744' title='bbox 1279 2336 1343 2372; x_wconf 64' lang='grc' dir='ltr'><strong>περὶ⁷</strong></span> <span class='ocrx_word' id='word_1_745' title='bbox 1356 2335 1470 2367; x_wconf 82' lang='grc' dir='ltr'>τούτων,</span> <span class='ocrx_word' id='word_1_746' title='bbox 1483 2335 1569 2367; x_wconf 80' lang='grc' dir='ltr'>οὕτως</span> <span class='ocrx_word' id='word_1_747' title='bbox 1586 2334 1715 2369; x_wconf 72' lang='grc' dir='ltr'>ἀσφαλῶς</span> <span class='ocrx_word' id='word_1_748' title='bbox 1730 2334 1834 2370; x_wconf 79' lang='grc' dir='ltr'>ἄρχου-</span> 
     </span>
    </p>
   </div>
   <div class='ocr_carea' id='block_1_77' title="bbox 202 2380 963 2419">
    <p class='ocr_par' dir='ltr' id='par_1_77' title="bbox 202 2380 962 2415">
     <span class='ocr_line' id='line_1_77' title="bbox 202 2380 962 2415; baseline 0.004 -7"><span class='ocrx_word' id='word_1_749' title='bbox 202 2389 297 2408; x_wconf 90' lang='lat' dir='ltr'><strong>verum</strong></span> <span class='ocrx_word' id='word_1_750' title='bbox 317 2380 390 2408; x_wconf 89' lang='lat' dir='ltr'><strong>Deus</strong></span> <span class='ocrx_word' id='word_1_751' title='bbox 407 2381 612 2415; x_wconf 87' lang='lat' dir='ltr'><strong>omnipotenter</strong></span> <span class='ocrx_word' id='word_1_752' title='bbox 631 2382 800 2414; x_wconf 82' lang='lat' dir='ltr'><strong>dominatur.</strong></span> <span class='ocrx_word' id='word_1_753' title='bbox 820 2387 847 2410; x_wconf 90' lang='lat' dir='ltr'><strong>et</strong></span> <span class='ocrx_word' id='word_1_754' title='bbox 873 2384 962 2411; x_wconf 88' lang='lat' dir='ltr'><strong>immis</strong></span> 
     </span>
    </p>
   </div>
   <div class='ocr_carea' id='block_1_78' title="bbox 1074 2380 1835 2419">
    <p class='ocr_par' dir='ltr' id='par_1_78' title="bbox 1074 2381 1835 2419">
     <span class='ocr_line' id='line_1_78' title="bbox 1074 2381 1835 2419; baseline -0.004 -9"><span class='ocrx_word' id='word_1_755' title='bbox 1074 2393 1092 2410; x_wconf 81' lang='grc' dir='ltr'>ν.</span> <span class='ocrx_word' id='word_1_756' title='bbox 1113 2384 1142 2410; x_wconf 86' lang='lat'><strong>&#39;0</strong></span> <span class='ocrx_word' id='word_1_757' title='bbox 1153 2383 1182 2410; x_wconf 78' lang='grc' dir='ltr'>δὲ</span> <span class='ocrx_word' id='word_1_758' title='bbox 1195 2383 1262 2415; x_wconf 82' lang='grc' dir='ltr'>Θεὸς</span> <span class='ocrx_word' id='word_1_759' title='bbox 1283 2383 1450 2419; x_wconf 84' lang='grc' dir='ltr'>παγκρατῶς</span> <span class='ocrx_word' id='word_1_760' title='bbox 1464 2381 1627 2415; x_wconf 81' lang='grc' dir='ltr'>ἐξουσιάζει,</span> <span class='ocrx_word' id='word_1_761' title='bbox 1643 2381 1691 2408; x_wconf 81' lang='grc' dir='ltr'>καὶ</span> <span class='ocrx_word' id='word_1_762' title='bbox 1711 2381 1835 2417; x_wconf 74' lang='grc' dir='ltr'>ἐπαρκεῖ</span> 
     </span>
    </p>
   </div>
   <div class='ocr_carea' id='block_1_79' title="bbox 203 2428 964 2466">
    <p class='ocr_par' dir='ltr' id='par_1_79' title="bbox 203 2428 964 2463">
     <span class='ocr_line' id='line_1_79' title="bbox 203 2428 964 2463; baseline 0.003 -9"><span class='ocrx_word' id='word_1_763' title='bbox 203 2433 311 2463; x_wconf 73' lang='lat' dir='ltr'><strong>praeest.</strong></span> <span class='ocrx_word' id='word_1_764' title='bbox 324 2428 429 2455; x_wconf 87' lang='lat' dir='ltr'><strong>Dicitur</strong></span> <span class='ocrx_word' id='word_1_765' title='bbox 443 2428 613 2456; x_wconf 87' lang='lat' dir='ltr'><strong>omnitcnens</strong></span> <span class='ocrx_word' id='word_1_766' title='bbox 628 2429 721 2462; x_wconf 89' lang='lat' dir='ltr'><strong>etiam,</strong></span> <span class='ocrx_word' id='word_1_767' title='bbox 732 2434 760 2457; x_wconf 88' lang='lat' dir='ltr'><strong>ut</strong></span> <span class='ocrx_word' id='word_1_768' title='bbox 776 2429 902 2457; x_wconf 89' lang='lat' dir='ltr'><strong>omnibus</strong></span> <span class='ocrx_word' id='word_1_769' title='bbox 914 2438 964 2457; x_wconf 90' lang='lat' dir='ltr'><strong>am:</strong></span> 
     </span>
    </p>
   </div>
   <div class='ocr_carea' id='block_1_80' title="bbox 1073 2428 1834 2466">
    <p class='ocr_par' dir='ltr' id='par_1_80' title="bbox 1073 2429 1834 2466">
     <span class='ocr_line' id='line_1_80' title="bbox 1073 2429 1834 2466; baseline -0.003 -9"><span class='ocrx_word' id='word_1_770' title='bbox 1073 2430 1157 2466; x_wconf 85' lang='grc' dir='ltr'>ιιγῶς.</span> <span class='ocrx_word' id='word_1_771' title='bbox 1171 2430 1287 2466; x_wconf 83' lang='grc' dir='ltr'>Λέγεται</span> <span class='ocrx_word' id='word_1_772' title='bbox 1299 2430 1496 2466; x_wconf 83' lang='grc' dir='ltr'>παντοκράτωρ</span> <span class='ocrx_word' id='word_1_773' title='bbox 1522 2429 1568 2456; x_wconf 73' lang='grc' dir='ltr'>καὶ</span> <span class='ocrx_word' id='word_1_774' title='bbox 1581 2429 1619 2461; x_wconf 79' lang='grc' dir='ltr'>ὡς</span> <span class='ocrx_word' id='word_1_775' title='bbox 1635 2429 1718 2456; x_wconf 81' lang='grc' dir='ltr'>πᾶσιν</span> <span class='ocrx_word' id='word_1_776' title='bbox 1732 2429 1834 2463; x_wconf 75' lang='grc' dir='ltr'>ὲφετὺς</span> 
     </span>
    </p>
   </div>
   <div class='ocr_carea' id='block_1_81' title="bbox 203 2474 964 2512">
    <p class='ocr_par' dir='ltr' id='par_1_81' title="bbox 203 2474 964 2510">
     <span class='ocr_line' id='line_1_81' title="bbox 203 2474 964 2510; baseline 0.004 -9"><span class='ocrx_word' id='word_1_777' title='bbox 203 2475 267 2502; x_wconf 90' lang='lat' dir='ltr'><strong>bilis</strong></span> <span class='ocrx_word' id='word_1_778' title='bbox 285 2478 312 2501; x_wconf 87' lang='lat' dir='ltr'><strong>et</strong></span> <span class='ocrx_word' id='word_1_779' title='bbox 332 2474 539 2508; x_wconf 87' lang='lat' dir='ltr'><strong>desiderabilis;</strong></span> <span class='ocrx_word' id='word_1_780' title='bbox 557 2475 686 2508; x_wconf 89' lang='lat' dir='ltr'><strong>quoniam</strong></span> <span class='ocrx_word' id='word_1_781' title='bbox 704 2475 738 2502; x_wconf 89' lang='lat' dir='ltr'><strong>ab</strong></span> <span class='ocrx_word' id='word_1_782' title='bbox 759 2476 817 2510; x_wconf 88' lang='lat' dir='ltr'><strong>ipso</strong></span> <span class='ocrx_word' id='word_1_783' title='bbox 831 2477 924 2504; x_wconf 84' lang='lat' dir='ltr'><strong>omnia</strong></span> <span class='ocrx_word' id='word_1_784' title='bbox 940 2485 964 2504; x_wconf 79' lang='lat' dir='ltr'><strong>Vl</strong></span> 
     </span>
    </p>
   </div>
   <div class='ocr_carea' id='block_1_82' title="bbox 1072 2474 1833 2512">
    <p class='ocr_par' dir='ltr' id='par_1_82' title="bbox 1072 2475 1833 2512">
     <span class='ocr_line' id='line_1_82' title="bbox 1072 2475 1833 2512; baseline 0 -9"><span class='ocrx_word' id='word_1_785' title='bbox 1072 2478 1088 2504; x_wconf 78' lang='grc' dir='ltr'>ιὶ</span> <span class='ocrx_word' id='word_1_786' title='bbox 1109 2477 1276 2512; x_wconf 74' lang='grc' dir='ltr'>ἐπέραστος·</span> <span class='ocrx_word' id='word_1_787' title='bbox 1295 2476 1336 2503; x_wconf 83' lang='grc' dir='ltr'>διὸ</span> <span class='ocrx_word' id='word_1_788' title='bbox 1351 2476 1407 2512; x_wconf 75' lang='grc' dir='ltr'><strong>γὰρ</strong></span> <span class='ocrx_word' id='word_1_789' title='bbox 1425 2475 1585 2508; x_wconf 76' lang='grc' dir='ltr'>ἐθελουσίως</span> <span class='ocrx_word' id='word_1_790' title='bbox 1603 2475 1639 2502; x_wconf 82' lang='grc' dir='ltr'>τὰ</span> <span class='ocrx_word' id='word_1_791' title='bbox 1653 2475 1744 2502; x_wconf 88' lang='grc' dir='ltr'>πάντα</span> <span class='ocrx_word' id='word_1_792' title='bbox 1764 2476 1833 2511; x_wconf 85' lang='grc' dir='ltr'>παρ’</span> 
     </span>
    </p>
   </div>
   <div class='ocr_carea' id='block_1_83' title="bbox 203 2520 964 2577">
    <p class='ocr_par' dir='ltr' id='par_1_83' title="bbox 203 2520 964 2577">
     <span class='ocr_line' id='line_1_83' title="bbox 203 2520 964 2556; baseline 0.001 -9"><span class='ocrx_word' id='word_1_793' title='bbox 203 2520 322 2548; x_wconf 87' lang='lat' dir='ltr'><strong>luntarie</strong></span> <span class='ocrx_word' id='word_1_794' title='bbox 339 2520 539 2555; x_wconf 79' lang='lat' dir='ltr'><strong>gubernantur,</strong></span> <span class='ocrx_word' id='word_1_795' title='bbox 558 2525 586 2548; x_wconf 89' lang='lat' dir='ltr'><strong>et</strong></span> <span class='ocrx_word' id='word_1_796' title='bbox 601 2528 664 2556; x_wconf 78' lang='lat' dir='ltr'><strong>erga</strong></span> <span class='ocrx_word' id='word_1_797' title='bbox 681 2521 769 2556; x_wconf 88' lang='lat' dir='ltr'><strong>ipsum</strong></span> <span class='ocrx_word' id='word_1_798' title='bbox 788 2522 882 2550; x_wconf 87' lang='lat' dir='ltr'><strong>divino</strong></span> <span class='ocrx_word' id='word_1_799' title='bbox 897 2531 964 2550; x_wconf 77' lang='lat' dir='ltr'><strong>anim</strong></span> 
     </span>
     <span class='ocr_line' id='line_1_84' title="bbox 204 2567 958 2577; baseline 0.001 -1"><span class='ocrx_word' id='word_1_800' title='bbox 204 2568 328 2577; x_wconf 41' lang='grc' dir='ltr'><strong>μνη..-</strong></span> <span class='ocrx_word' id='word_1_801' title='bbox 450 2567 520 2577; x_wconf 35' lang='lat'><strong>,___...</strong></span> <span class='ocrx_word' id='word_1_802' title='bbox 748 2568 767 2577; x_wconf 33' lang='grc' dir='ltr'><strong>κ-</strong></span> <span class='ocrx_word' id='word_1_803' title='bbox 852 2569 871 2577; x_wconf 76' lang='grc' dir='ltr'>ι.</span> <span class='ocrx_word' id='word_1_804' title='bbox 905 2569 912 2575; x_wconf 89' lang='grc'><strong>-</strong></span> <span class='ocrx_word' id='word_1_805' title='bbox 953 2571 958 2575; x_wconf 96' lang='grc'>.</span> 
     </span>
    </p>
   </div>
   <div class='ocr_carea' id='block_1_84' title="bbox 1071 2520 1832 2577">
    <p class='ocr_par' dir='ltr' id='par_1_84' title="bbox 1071 2521 1832 2560">
     <span class='ocr_line' id='line_1_85' title="bbox 1071 2521 1832 2560; baseline -0.001 -11"><span class='ocrx_word' id='word_1_806' title='bbox 1071 2523 1124 2550; x_wconf 69' lang='grc' dir='ltr'>»τοῦ</span> <span class='ocrx_word' id='word_1_807' title='bbox 1135 2524 1273 2560; x_wconf 78' lang='grc' dir='ltr'>ἄρχονται,</span> <span class='ocrx_word' id='word_1_808' title='bbox 1284 2523 1332 2550; x_wconf 74' lang='grc' dir='ltr'>καὶ</span> <span class='ocrx_word' id='word_1_809' title='bbox 1345 2523 1418 2549; x_wconf 80' lang='grc' dir='ltr'>θεῖον</span> <span class='ocrx_word' id='word_1_810' title='bbox 1437 2522 1526 2558; x_wconf 77' lang='grc' dir='ltr'>ἔρωτα</span> <span class='ocrx_word' id='word_1_811' title='bbox 1538 2522 1607 2558; x_wconf 79' lang='grc' dir='ltr'>πρὸς</span> <span class='ocrx_word' id='word_1_812' title='bbox 1617 2521 1698 2549; x_wconf 75' lang='grc' dir='ltr'>αὐτὸν</span> <span class='ocrx_word' id='word_1_813' title='bbox 1710 2521 1832 2557; x_wconf 73' lang='grc' dir='ltr'>ἔχουσιν,</span> 
     </span>
    </p>
   </div>
   <div class='ocr_carea' id='block_1_85' title="bbox 204 2567 965 2606">
    <p class='ocr_par' dir='ltr' id='par_1_85' title="bbox 204 2567 965 2602">
     <span class='ocr_line' id='line_1_86' title="bbox 204 2567 965 2602; baseline 0.001 -8"><span class='ocrx_word' id='word_1_814' title='bbox 204 2568 337 2599; x_wconf 79' lang='lat' dir='ltr'><strong>feruntur,</strong></span> <span class='ocrx_word' id='word_1_815' title='bbox 355 2567 391 2594; x_wconf 84' lang='lat' dir='ltr'><strong>ita</strong></span> <span class='ocrx_word' id='word_1_816' title='bbox 406 2571 436 2593; x_wconf 94' lang='lat' dir='ltr'><strong>ut</strong></span> <span class='ocrx_word' id='word_1_817' title='bbox 450 2567 523 2593; x_wconf 86' lang='lat' dir='ltr'><strong>nulla</strong></span> <span class='ocrx_word' id='word_1_818' title='bbox 537 2567 638 2594; x_wconf 81' lang='lat' dir='ltr'><strong>existat</strong></span> <span class='ocrx_word' id='word_1_819' title='bbox 652 2568 800 2602; x_wconf 84' lang='lat' dir='ltr'><strong>dissensio,</strong></span> <span class='ocrx_word' id='word_1_820' title='bbox 816 2569 889 2596; x_wconf 87' lang='lat' dir='ltr'><strong>nulla</strong></span> <span class='ocrx_word' id='word_1_821' title='bbox 904 2569 965 2597; x_wconf 70' lang='lat' dir='ltr'><strong>iﬂVll</strong></span> 
     </span>
    </p>
   </div>
   <div class='ocr_carea' id='block_1_86' title="bbox 1073 2567 1834 2606">
    <p class='ocr_par' dir='ltr' id='par_1_86' title="bbox 1073 2567 1834 2606">
     <span class='ocr_line' id='line_1_87' title="bbox 1073 2567 1834 2606; baseline -0.003 -10"><span class='ocrx_word' id='word_1_822' title='bbox 1073 2570 1167 2606; x_wconf 82' lang='grc' dir='ltr'>δεμιᾶς</span> <span class='ocrx_word' id='word_1_823' title='bbox 1186 2569 1346 2605; x_wconf 81' lang='grc' dir='ltr'>δυσμενείας</span> <span class='ocrx_word' id='word_1_824' title='bbox 1362 2569 1456 2604; x_wconf 80' lang='grc' dir='ltr'>οὖα-ης,</span> <span class='ocrx_word' id='word_1_825' title='bbox 1477 2568 1536 2595; x_wconf 77' lang='grc' dir='ltr'><strong>οὐδὲ</strong></span> <span class='ocrx_word' id='word_1_826' title='bbox 1555 2568 1682 2595; x_wconf 84' lang='grc' dir='ltr'>ἀκουσίου</span> <span class='ocrx_word' id='word_1_827' title='bbox 1699 2568 1772 2601; x_wconf 78' lang='grc' dir='ltr'>τινὸς</span> <span class='ocrx_word' id='word_1_828' title='bbox 1785 2567 1834 2595; x_wconf 81' lang='grc' dir='ltr'>καὶ</span> 
     </span>
    </p>
   </div>
   <div class='ocr_carea' id='block_1_87' title="bbox 202 2612 963 2651">
    <p class='ocr_par' dir='ltr' id='par_1_87' title="bbox 202 2612 960 2651">
     <span class='ocr_line' id='line_1_88' title="bbox 202 2612 960 2651; baseline 0.003 -10"><span class='ocrx_word' id='word_1_829' title='bbox 202 2619 231 2641; x_wconf 87' lang='lat' dir='ltr'><strong>et</strong></span> <span class='ocrx_word' id='word_1_830' title='bbox 245 2614 363 2641; x_wconf 78' lang='lat' dir='ltr'><strong>violenta</strong></span> <span class='ocrx_word' id='word_1_831' title='bbox 380 2612 488 2645; x_wconf 84' lang='lat' dir='ltr'><strong>tractio,</strong></span> <span class='ocrx_word' id='word_1_832' title='bbox 500 2618 666 2648; x_wconf 88' lang='lat' dir='ltr'><strong>quapropter</strong></span> <span class='ocrx_word' id='word_1_833' title='bbox 675 2614 887 2642; x_wconf 85' lang='lat' dir='ltr'><strong>omnitenentem</strong></span> <span class='ocrx_word' id='word_1_834' title='bbox 898 2616 960 2651; x_wconf 77' lang='lat' dir='ltr'><strong>dign</strong></span> 
     </span>
    </p>
   </div>
   <div class='ocr_carea' id='block_1_88' title="bbox 1073 2612 1834 2651">
    <p class='ocr_par' dir='ltr' id='par_1_88' title="bbox 1073 2613 1834 2650">
     <span class='ocr_line' id='line_1_89' title="bbox 1073 2613 1834 2650; baseline -0.003 -8"><span class='ocrx_word' id='word_1_835' title='bbox 1073 2615 1131 2642; x_wconf 88' lang='grc' dir='ltr'>αίου</span> <span class='ocrx_word' id='word_1_836' title='bbox 1144 2615 1238 2650; x_wconf 81' lang='grc' dir='ltr'>ὁλκῆς,</span> <span class='ocrx_word' id='word_1_837' title='bbox 1259 2614 1302 2641; x_wconf 75' lang='grc' dir='ltr'>διὰ</span> <span class='ocrx_word' id='word_1_838' title='bbox 1320 2614 1399 2641; x_wconf 82' lang='grc' dir='ltr'>τοῦτο</span> <span class='ocrx_word' id='word_1_839' title='bbox 1414 2614 1444 2640; x_wconf 82' lang='grc' dir='ltr'>τὸ</span> <span class='ocrx_word' id='word_1_840' title='bbox 1463 2613 1709 2649; x_wconf 77' lang='grc' dir='ltr'>παντοκρατορικὺν</span> <span class='ocrx_word' id='word_1_841' title='bbox 1721 2613 1834 2647; x_wconf 81' lang='grc' dir='ltr'>λέγεται</span> 
     </span>
    </p>
   </div>
   <div class='ocr_carea' id='block_1_89' title="bbox 204 2659 965 2698">
    <p class='ocr_par' dir='ltr' id='par_1_89' title="bbox 204 2659 965 2693">
     <span class='ocr_line' id='line_1_90' title="bbox 204 2659 965 2693; baseline 0 -5"><span class='ocrx_word' id='word_1_842' title='bbox 204 2665 287 2688; x_wconf 85' lang='lat' dir='ltr'><strong>tatem</strong></span> <span class='ocrx_word' id='word_1_843' title='bbox 302 2660 405 2687; x_wconf 84' lang='lat' dir='ltr'><strong>habere</strong></span> <span class='ocrx_word' id='word_1_844' title='bbox 428 2659 604 2693; x_wconf 78' lang='lat' dir='ltr'><strong>perhibetur;</strong></span> <span class='ocrx_word' id='word_1_845' title='bbox 631 2659 697 2686; x_wconf 88' lang='lat' dir='ltr'><strong>nihil</strong></span> <span class='ocrx_word' id='word_1_846' title='bbox 713 2661 786 2688; x_wconf 89' lang='lat' dir='ltr'><strong>enim</strong></span> <span class='ocrx_word' id='word_1_847' title='bbox 801 2661 923 2690; x_wconf 86' lang='lat' dir='ltr'><strong>habenas</strong></span> <span class='ocrx_word' id='word_1_848' title='bbox 942 2670 965 2690; x_wconf 71' lang='lat' dir='ltr'><strong>Ci</strong></span> 
     </span>
    </p>
   </div>
   <div class='ocr_carea' id='block_1_90' title="bbox 1072 2659 1833 2698">
    <p class='ocr_par' dir='ltr' id='par_1_90' title="bbox 1072 2659 1833 2698">
     <span class='ocr_line' id='line_1_91' title="bbox 1072 2659 1833 2698; baseline -0.003 -10"><span class='ocrx_word' id='word_1_849' title='bbox 1072 2671 1113 2698; x_wconf 77' lang='grc' dir='ltr'><strong>ειν</strong></span> <span class='ocrx_word' id='word_1_850' title='bbox 1123 2661 1230 2697; x_wconf 76' lang='grc' dir='ltr'>ἀξίωμα</span> <span class='ocrx_word' id='word_1_851' title='bbox 1241 2670 1247 2676; x_wconf 90' lang='grc'><strong>·</strong></span> <span class='ocrx_word' id='word_1_852' title='bbox 1260 2661 1335 2688; x_wconf 80' lang='grc' dir='ltr'>οὐδὲν</span> <span class='ocrx_word' id='word_1_853' title='bbox 1347 2660 1402 2696; x_wconf 83' lang='grc' dir='ltr'><strong>γὰρ</strong></span> <span class='ocrx_word' id='word_1_854' title='bbox 1412 2660 1568 2696; x_wconf 79' lang='grc' dir='ltr'>ἁφηνιάζει,</span> <span class='ocrx_word' id='word_1_855' title='bbox 1578 2659 1656 2687; x_wconf 72' lang='grc' dir='ltr'>οὐδὲν</span> <span class='ocrx_word' id='word_1_856' title='bbox 1667 2660 1833 2692; x_wconf 74' lang='grc' dir='ltr'>ἀντιδαίνει,</span> 
     </span>
    </p>
   </div>
   <div class='ocr_carea' id='block_1_91' title="bbox 203 2704 964 2743">
    <p class='ocr_par' dir='ltr' id='par_1_91' title="bbox 203 2704 964 2738">
     <span class='ocr_line' id='line_1_92' title="bbox 203 2704 964 2738; baseline 0 -4"><span class='ocrx_word' id='word_1_857' title='bbox 203 2707 283 2738; x_wconf 90' lang='lat' dir='ltr'><strong>culit,</strong></span> <span class='ocrx_word' id='word_1_858' title='bbox 302 2704 370 2732; x_wconf 91' lang='lat' dir='ltr'><strong>nihil</strong></span> <span class='ocrx_word' id='word_1_859' title='bbox 386 2705 567 2736; x_wconf 87' lang='lat' dir='ltr'><strong>contravenit,</strong></span> <span class='ocrx_word' id='word_1_860' title='bbox 583 2704 649 2732; x_wconf 90' lang='lat' dir='ltr'><strong>nihil</strong></span> <span class='ocrx_word' id='word_1_861' title='bbox 664 2706 766 2738; x_wconf 87' lang='lat' dir='ltr'><strong>obstat,</strong></span> <span class='ocrx_word' id='word_1_862' title='bbox 782 2707 849 2734; x_wconf 86' lang='lat' dir='ltr'><strong>nihil</strong></span> <span class='ocrx_word' id='word_1_863' title='bbox 863 2713 964 2734; x_wconf 55' lang='lat' dir='ltr'><strong>coactui</strong></span> 
     </span>
    </p>
   </div>
   <div class='ocr_carea' id='block_1_92' title="bbox 1072 2704 1833 2743">
    <p class='ocr_par' dir='ltr' id='par_1_92' title="bbox 1075 2706 1833 2743">
     <span class='ocr_line' id='line_1_93' title="bbox 1075 2706 1833 2743; baseline -0.001 -8"><span class='ocrx_word' id='word_1_864' title='bbox 1075 2709 1118 2736; x_wconf 80' lang='grc' dir='ltr'>δὲν</span> <span class='ocrx_word' id='word_1_865' title='bbox 1135 2708 1304 2739; x_wconf 84' lang='grc' dir='ltr'>ἀνθίσταται,</span> <span class='ocrx_word' id='word_1_866' title='bbox 1317 2707 1393 2734; x_wconf 77' lang='grc' dir='ltr'>οὐδὲν</span> <span class='ocrx_word' id='word_1_867' title='bbox 1406 2706 1564 2743; x_wconf 75' lang='grc' dir='ltr'>βιαζόμενον</span> <span class='ocrx_word' id='word_1_868' title='bbox 1584 2706 1747 2740; x_wconf 83' lang='grc' dir='ltr'>ὑποπίπτει,</span> <span class='ocrx_word' id='word_1_869' title='bbox 1762 2706 1833 2734; x_wconf 77' lang='grc' dir='ltr'>ἀλλὰ</span> 
     </span>
    </p>
   </div>
   <div class='ocr_carea' id='block_1_93' title="bbox 202 2751 963 2790">
    <p class='ocr_par' dir='ltr' id='par_1_93' title="bbox 202 2751 963 2789">
     <span class='ocr_line' id='line_1_94' title="bbox 202 2751 963 2789; baseline 0 -9"><span class='ocrx_word' id='word_1_870' title='bbox 202 2751 366 2784; x_wconf 86' lang='lat' dir='ltr'><strong>succumbit,</strong></span> <span class='ocrx_word' id='word_1_871' title='bbox 380 2751 427 2778; x_wconf 90' lang='lat' dir='ltr'><strong>sed</strong></span> <span class='ocrx_word' id='word_1_872' title='bbox 442 2751 533 2778; x_wconf 85' lang='lat' dir='ltr'><strong>omnia</strong></span> <span class='ocrx_word' id='word_1_873' title='bbox 548 2756 675 2787; x_wconf 86' lang='lat' dir='ltr'><strong>tanquam</strong></span> <span class='ocrx_word' id='word_1_874' title='bbox 686 2757 820 2781; x_wconf 70' lang='lat' dir='ltr'><strong>creatum</strong></span> <span class='ocrx_word' id='word_1_875' title='bbox 836 2761 895 2789; x_wconf 77' lang='lat' dir='ltr'><strong>qua:</strong></span> <span class='ocrx_word' id='word_1_876' title='bbox 906 2754 963 2782; x_wconf 66' lang='grc' dir='ltr'>ενοι</span> 
     </span>
    </p>
   </div>
   <div class='ocr_carea' id='block_1_94' title="bbox 1072 2751 1833 2790">
    <p class='ocr_par' dir='ltr' id='par_1_94' title="bbox 1072 2752 1833 2790">
     <span class='ocr_line' id='line_1_95' title="bbox 1072 2752 1833 2790; baseline -0.001 -9"><span class='ocrx_word' id='word_1_877' title='bbox 1072 2755 1141 2787; x_wconf 63' lang='lat' dir='ltr'><strong>ivra,</strong></span> <span class='ocrx_word' id='word_1_878' title='bbox 1153 2753 1191 2786; x_wconf 86' lang='grc' dir='ltr'><strong>ὡς</strong></span> <span class='ocrx_word' id='word_1_879' title='bbox 1204 2754 1344 2790; x_wconf 85' lang='grc' dir='ltr'>ποιήματα</span> <span class='ocrx_word' id='word_1_880' title='bbox 1353 2752 1400 2781; x_wconf 81' lang='grc' dir='ltr'>τὸν</span> <span class='ocrx_word' id='word_1_881' title='bbox 1411 2752 1577 2789; x_wconf 77' lang='grc' dir='ltr'>πιραγωγέα</span> <span class='ocrx_word' id='word_1_882' title='bbox 1587 2752 1688 2786; x_wconf 82' lang='grc' dir='ltr'>εἰδότα,</span> <span class='ocrx_word' id='word_1_883' title='bbox 1700 2752 1747 2781; x_wconf 73' lang='grc' dir='ltr'><strong>τὸν</strong></span> <span class='ocrx_word' id='word_1_884' title='bbox 1761 2752 1833 2788; x_wconf 75' lang='grc' dir='ltr'>πρὸς</span> 
     </span>
    </p>
   </div>
   <div class='ocr_carea' id='block_1_95' title="bbox 243 2821 474 2855">
    <p class='ocr_par' dir='ltr' id='par_1_95' title="bbox 243 2821 474 2855">
     <span class='ocr_line' id='line_1_96' title="bbox 243 2821 474 2855; baseline -0.004 -6"><span class='ocrx_word' id='word_1_885' title='bbox 243 2823 251 2840; x_wconf 73' lang='grc'>⁸</span> <span class='ocrx_word' id='word_1_886' title='bbox 270 2821 374 2849; x_wconf 83' lang='lat' dir='ltr'><strong>Colo‘ss.</strong></span> <span class='ocrx_word' id='word_1_887' title='bbox 393 2830 412 2855; x_wconf 87' lang='grc' dir='ltr'><strong>ι,</strong></span> <span class='ocrx_word' id='word_1_888' title='bbox 431 2821 474 2849; x_wconf 75' lang='grc'><strong>16.</strong></span> 
     </span>
    </p>
   </div>
   <div class='ocr_carea' id='block_1_96' title="bbox 240 2900 1186 2938">
    <p class='ocr_par' dir='ltr' id='par_1_96' title="bbox 240 2900 1186 2938">
     <span class='ocr_line' id='line_1_97' title="bbox 240 2900 1186 2938; baseline -0.004 -6"><span class='ocrx_word' id='word_1_889' title='bbox 240 2901 296 2937; x_wconf 72' lang='grc'><strong>(46)</strong></span> <span class='ocrx_word' id='word_1_890' title='bbox 318 2901 386 2930; x_wconf 78' lang='lat' dir='ltr'><strong>V‘idc</strong></span> <span class='ocrx_word' id='word_1_891' title='bbox 399 2901 465 2930; x_wconf 87' lang='lat' dir='ltr'><strong>Sch.</strong></span> <span class='ocrx_word' id='word_1_892' title='bbox 485 2900 513 2930; x_wconf 83' lang='lat' dir='ltr'><strong>S.</strong></span> <span class='ocrx_word' id='word_1_893' title='bbox 525 2900 646 2936; x_wconf 74' lang='lat' dir='ltr'><strong>Maximi,</strong></span> <span class='ocrx_word' id='word_1_894' title='bbox 663 2905 726 2929; x_wconf 91' lang='lat' dir='ltr'><strong>tom.</strong></span> <span class='ocrx_word' id='word_1_895' title='bbox 745 2900 777 2936; x_wconf 85' lang='lat' dir='ltr'><strong>II,</strong></span> <span class='ocrx_word' id='word_1_896' title='bbox 794 2901 901 2938; x_wconf 85' lang='lat' dir='ltr'><strong>cap.l0</strong></span> <span class='ocrx_word' id='word_1_897' title='bbox 932 2901 972 2930; x_wconf 78' lang='lat' dir='ltr'><strong>De</strong></span> <span class='ocrx_word' id='word_1_898' title='bbox 986 2901 1067 2930; x_wconf 82' lang='lat' dir='ltr'><strong>divin.</strong></span> <span class='ocrx_word' id='word_1_899' title='bbox 1085 2900 1186 2929; x_wconf 85' lang='lat' dir='ltr'><strong>nomin.</strong></span> 
     </span>
    </p>
   </div>
  </div>
