1929 3061
121 168 176 196 945

406 167 450 194 DE
467 166 592 196 DlYlNIS
609 167 806 199 NOMINIBUS,
824 166 903 194 CAP.
921 165 954 193 Χ.
972 181 1007 186 ~-
1024 165 1195 194 PARAPHR.
1214 165 1448 194 PACHYMER/E.

1685 167 1736 196 9L6

119 227 200 263 αὑτὸν
217 227 287 255 θεῖον
303 227 441 254 ὠδίνουσιν
461 227 558 263 ἔρωτα.
582 229 614 254 Ἡ
629 228 657 255 δὲ
674 227 756 262 λέξις,
775 227 828 254 ἀπὸ
849 226 895 253 τῶι

956 229 1041 252 torem
1055 229 1199 260 agnoscant
1218 225 1339 252 divinum
1354 233 1417 259 erga
1434 225 1520 259 ipsum
1536 232 1655 252 amorem
1672 234 1736 260 par-

119 273 304 308 κυῖσκομένων
316 273 457 308 ληφθεῖσα,
471 274 548 309 δηλοῖ
563 273 611 309 τὴν
631 271 685 301 οἷον
701 274 729 299 ὲν
743 274 809 308 ἡμῖν
824 281 902 306 φυσι-

120 320 171 355 κὴν
188 319 317 351 διάθεσιν,
330 319 376 346 καὶ
390 318 436 353 ἀφ’
447 319 526 354 ἡμῶν
538 319 654 354 φυσικὴν
669 319 756 355 ὁρμὴν
777 319 844 354 πρὸς
857 318 902 345 τὸν

117 364 282 401 δημιουργὸν
294 365 339 391 καὶ
349 364 466 401 κίνησιν.
488 365 533 397 Ὠς
545 365 599 400 γάρ
614 366 631 400 ἠ
641 365 686 400 γῆ,
703 364 901 400 θερμαινομένη

118 410 157 446 τῷ
173 410 250 446 ἡλίῳ,
265 410 334 446 πρὸς
349 410 446 442 ὠδῖνας
459 410 631 447 διεγείρεται,
650 410 719 437 οὕτω
742 410 788 436 καὶ
801 410 817 445 ὴ
833 417 901 444 καρ-

116 457 172 489 δία.
194 457 225 484 τὺ
243 457 357 493 ὲραστὸν
378 457 408 484 ὲν
428 457 512 492 ἑαυτῇ
530 457 725 493 περιφέρουσα,
748 455 835 483 ώδίνει
855 455 901 482 τὸν

116 501 220 538 ερωτα.

150 600 165 637 §
183 602 216 628 ll.
236 601 354 634 Παλαιὸς
366 602 395 628 δὲ
409 603 520 639 ἡμερῶν
534 603 659 639 ὑμνεῖται
686 603 701 630 ό
721 603 787 635 Θεὸς
807 602 852 630 διὰ
870 603 901 630 τὸ

115 644 183 674 εῖναι
194 647 242 674 τὸν
253 648 333 675 αὐτὸν
348 647 434 675 αιῶνα
443 649 499 676 τῶν
511 649 627 676 αἰωνίων
639 649 762 684 ἀγγέλων
770 658 776 664 ·
790 649 900 681 τούτους

115 694 170 729 γὰρ
187 691 247 720 εἷπε
266 694 397 730 πρότερον
408 695 544 728 αἰωνίους,
561 695 599 728 ὡς
615 695 712 728 αἰῶνος
727 695 898 732 μετέχοντας,

112 739 145 765 οὐ
166 738 219 774 μὴν
232 739 261 766 δὲ
273 739 311 771 ὡς
326 739 471 776 ἀνάρχους.
484 740 588 776 Χρόνον
602 741 631 768 δὲ
647 740 702 768 τῶν
723 741 776 768 ὑπὸ
795 741 898 777 χρόνον,

114 785 242 812 ἁπάντων
255 785 375 821 δηλονότι
387 786 441 813 τῶν
455 787 606 822 γεγονότων
622 787 690 822 μετὰ
706 787 756 823 τὴν
771 796 900 824 παραγω-

115 830 166 867 γὴν
183 830 230 858 τοῦ
245 831 368 866 οὐρανοῦ,
389 830 420 859 οὗ
441 834 475 868 τῇ
492 833 597 869 κινήσει
612 835 626 860 ὁ
640 833 734 869 χρόνος
749 833 897 868 εἰσάγεται.

114 877 230 911 Λέγεται
249 877 278 904 δὲ
295 877 342 904 καὶ
357 878 452 913 χρόνος
470 879 517 905 καὶ
535 878 601 906 αἰὼν
621 880 669 907 καὶ
687 880 780 916 ἡμέρα
796 881 810 908 ὁ
832 880 899 914 Θεὸς

113 923 282 958 θεοπρεπῶς,
295 923 333 955 ὡς
347 924 544 960 ἀμετάϐλητος,
556 925 597 951 ὅτι
609 925 643 952 τά
657 926 745 952 πάντα
755 927 785 953 έν
794 926 898 960 τούτοις

116 969 344 1004 μεταϐάλλονται·
362 969 432 997 αὺτά
454 970 483 996 δὲ
501 970 676 1007 ἀμετάϐλητα
697 973 805 1008 μένουσι
828 974 899 1001 κατὰ

113 1014 145 1040 τὸ
164 1012 232 1041 εἶναι
250 1015 362 1051 χρόνους
381 1016 428 1042 καὶ
446 1015 563 1052 ἡμέρας.
585 1017 616 1043 Εἰ
636 1017 690 1054 γὰρ
708 1019 899 1054 μετεϐάλλοντο

113 1061 175 1088 κατ’
187 1060 291 1093 οὐσίαν,
309 1061 383 1088 πᾶσα
399 1061 428 1088 δὲ
444 1062 577 1098 μεταϐολὴ
592 1064 622 1089 ὲν
635 1063 733 1099 χρόνῳ,
746 1064 840 1100 ἔμελλε
851 1066 898 1092 καὶ¹

114 1105 132 1142 ἡ
151 1105 285 1141 μεταΰολὴ
297 1106 344 1133 τοῦ
360 1107 456 1142 χρόνου
470 1109 499 1135 έν
515 1108 602 1145 χρόνῳ
619 1108 751 1144 γίνέσθαι,
766 1111 814 1138 καὶ
829 1112 899 1148 ποίῳ

113 1150 199 1186 τούτῳ
210 1152 260 1178 οὐκ
270 1149 344 1179 οῖδα·
360 1153 431 1180 κατὰ
450 1153 481 1180 τὸ
496 1152 566 1181 εἶναι
582 1155 610 1182 δὲ
626 1156 719 1191 χρόνον
734 1157 780 1183 καὶ
794 1157 898 1193 ἡμέρας

113 1195 174 1223 εἷπε
197 1197 228 1224 τὸ
247 1198 336 1226 αὐτῶν
361 1199 559 1236 ἀμετάΰλητον.
589 1200 665 1228 Ἐπεὶ
689 1202 866 1238 παρακατιὼν
882 1205 898 1231 ὁ

113 1242 190 1276 amo;
210 1243 240 1269 ὲν
254 1243 395 1271 ἀλλοιώσει
414 1245 486 1272 εἴποι
502 1246 549 1273 τὸν
563 1247 659 1283 χρόνον
670 1257 676 1264 ·
695 1248 710 1275 ὃ
729 1250 775 1276 καὶ
790 1249 895 1276 δοτέον*

111 1285 192 1322 θέρος
206 1287 261 1323 γὰρ
278 1289 325 1315 καὶ
344 1289 404 1325 ἔαρ,
419 1290 589 1327 φθινόπωρον
604 1293 650 1320 καὶ
670 1293 783 1329 χειμὼν,
804 1296 832 1322 αἰ
849 1295 896 1322 τοῦ

112 1334 210 1369 χρόνου
227 1334 391 1366 ἀλλοιώσεις.
404 1335 482 1364 Οὕτω
495 1337 560 1372 γοῦν
572 1338 730 1375 θεοπρεπῶς
748 1341 794 1367 καὶ
806 1342 820 1368 ὁ
831 1341 898 1374 Θεὸς

111 1379 157 1406 ἀεὶ
179 1379 334 1415 κινούμενος
357 1381 400 1416 ἐφ’
422 1382 519 1409 ἑαυτοῦ
537 1383 623 1418 μένει.
648 1385 704 1411 Καὶ
728 1385 830 1422 τρίτον,
854 1388 897 1415 ὅτι

113 1425 160 1472 καὶ
229 1426 314 1459 αἴτιος
328 1428 419 1456 αὐτῶν
429 1438 436 1444 ·
460 1429 590 1466 ἐλέγομεν
613 1432 668 1468 γὰρ
683 1434 729 1460 καί
753 1434 834 1469 πράτε
840 1444 896 1472 ρον,

112 1470 153 1498 ὅτι
169 1471 203 1498 τά
219 1473 309 1500 πάντα
331 1474 439 1509 λέγεται
454 1477 469 1503 ό
484 1476 551 1509 Θεὸς
566 1477 604 1509 ὼς
619 1478 705 1511 αἴτιος
730 1480 762 1506 ἐκ
783 1470 897 1508 τῶναί-

111 1516 221 1550 τιατῶν,
239 1519 263 1545 εί
279 1520 325 1546 καὶ
341 1520 410 1556 ὑπὲρ
424 1521 512 1548 πάντα
528 1523 596 1550 ἐστί.
614 1524 660 1551 Διὸ
676 1526 722 1552 καὶ
739 1525 829 1558 πολιὸς
847 1526 896 1561 μὲν

111 1561 190 1616 ego?
205 1563 244 1599 τῷ
259 1565 369 1616 amati-1‘1,
386 1566 484 1616 λευκὴν
506 1568 576 1604 ἔχων
592 1570 712 1606 κεφαλὴν
728 1571 794 1598 ὡσεί
809 1571 892 1607 ἔριον,
909 1587 929 1616 c

111 1607 251 1641 νεανίσκος
261 1609 289 1636 δέ
305 1611 385 1639 πάλιν
395 1612 434 1648 τῷ
456 1614 596 1650 Ἀὃραάμ-
614 1615 644 1642 τὸ
659 1617 718 1651 μὲν,
733 1617 771 1649 ὡς
787 1618 895 1645 πάντων

111 1653 226 1699 ὲκΔΙΘεοῦ
241 1664 271 1682 τε
287 1655 372 1684 ὅντων
387 1659 435 1686 καὶ
453 1660 512 1694 μετ’
528 1660 619 1694 αὐτὸν,
631 1662 678 1688 καὶ
693 1663 832 1699 νεωτέρων
847 1664 895 1690 αὺ-

110 1697 174 1744 τοῦ·
190 1700 222 1727 τὸ
236 1701 275 1734 δὲ,
292 1702 333 1729 ὅτι
349 1703 379 1730 ἐν
391 1703 497 1741 ἀκμαία
512 1706 560 1733 καὶ
575 1706 703 1734 εὐσταθεῖ
716 1697 895 1744 μακαριότητι

110 1743 282 1777 ἀπαλαίωτός
298 1747 370 1773 ἐστιν
380 1755 386 1762 ·
401 1747 417 1783 ἢ
429 1748 464 1775 δι¹
478 1749 651 1786 ἀμφοτέρων,
665 1750 712 1777 τοῦ
729 1759 760 1778 τε
776 1743 895 1787 τέρεσϐύ-

109 1797 157 1817 του
173 1790 220 1818 καὶ
235 1791 281 1818 τοῦ
297 1792 357 1819 νέου
367 1812 375 1826 ,
390 1793 515 1829 δηλοῦται
531 1795 562 1822 τὸ
577 1796 606 1829 ἐξ
621 1797 708 1832 ἀρχῆς
723 1797 787 1833 ἄχρι
801 1797 894 1831 τέλους

109 1835 155 1863 διά
169 1836 277 1864 πάντων
292 1837 345 1866 τῶν
361 1840 517 1875 κτισμάτων
541 1842 664 1877 προϊέναι
686 1842 765 1870 αὐτόν
777 1851 784 1858 ·
802 1843 818 1878 ἢ
835 1843 894 1880 τρι-

111 1889 167 1913 τον,
184 1882 276 1915 καθὼς
292 1884 339 1911 καὶ
360 1885 374 1911 ό
398 1886 583 1923 ἱεροτελεστὴς
599 1888 645 1914 καὶ
667 1888 824 1922 διδάσκαλος
847 1890 893 1917 τοῦ

112 1926 219 1963 Πατρὸς
239 1928 366 1965 Ίερόθεός
391 1940 482 1967 φησιν,
499 1933 541 1960 ὃτι
555 1934 589 1960 δι’
614 1934 807 1971 ἀμφοτέρωνή
834 1936 894 1963 θεία

111 1971 259 2017 ἀρχαιότης
282 1974 418 2010 δηλοῦται,
435 1977 478 2005 διὰ
497 1978 546 2014 μὲν
561 1979 609 2006 τοῦ
632 1981 829 2017 πρεσϐυτέρου,
853 1982 894 2009 ὄτι

110 2016 142 2044 τὸ
156 2017 270 2054 ἀρχαῖον
298 2020 346 2047 καὶ
368 2022 474 2058 πρῶτον
490 2024 566 2060 δηλοῖ
580 2024 610 2052 τὸ
633 2016 814 2062 πρεσϐύτερον
826 2037 833 2043 ·
850 2028 894 2056 διὰ

109 2062 139 2090 δὲ
154 2063 201 2090 τοῦ
216 2066 357 2102 νεωτέρου,
373 2069 488 2106 ὲπείτωρ
500 2070 538 2103 ὡς
553 2071 583 2098 ἐν
593 2072 719 2107 ἀριθμοῖς
734 2074 892 2109 ἀρχηγικώο

109 2117 188 2154 τερον
205 2111 254 2147 μὲν
276 2112 292 2148 ἡ
310 2113 404 2148 μονὰς,
421 2116 468 2142 καὶ
498 2117 558 2143 κατ’
581 2118 698 2154 ἀριθμὸν
720 2119 862 2154 νεώτερον,
879 2121 894 2148 ὁ

109 2153 139 2181 δὲ
155 2156 267 2192 ἀριθμός
283 2159 341 2186 ἐστι
355 2159 394 2195 τῷ
410 2161 504 2197 πλήθει
518 2163 687 2199 φαινόμενος,
705 2165 766 2192 ὅσον
782 2153 894 2199 αυξάνε-

110 2207 172 2247 rat,
198 2201 315 2237 ἔμφασιν
333 2204 540 2241 ὑστεροχρονίας
563 2207 630 2243 ἔχει.
649 2209 698 2235 Διά
718 2210 796 2237 τοῦτο
812 2212 826 2238 ό
843 2211 893 2247 μὲν

913 911 935 938 Β

954 269 1069 297 turiunt.
1099 269 1265 296 Vocabulum
1288 274 1379 296 autern
1404 270 1455 297 hoc
1481 277 1496 297 a
1521 271 1736 305 parturientibus

953 320 1107 350 acceptum,
1122 315 1244 343 declarat
1258 316 1458 350 quodamtnodo
1478 315 1504 342 in
1520 317 1598 344 nobis
1613 315 1736 345 all‘ectio-

952 370 1014 388 ncm
1030 361 1191 394 naturalem,
1211 367 1239 388 et
1253 369 1267 389 a
1281 367 1378 389 natura
1397 363 1475 390 nobis
1491 363 1600 390 insitam
1619 371 1735 398 propen-

952 407 1054 435 sionem
1081 415 1113 435 ae
1138 408 1284 435 motionem
1308 407 1342 435 ad
1368 408 1536 439 Creatorem.
1561 409 1638 437 Sicut
1661 411 1734 437 enim

952 457 1024 481 terra
1038 453 1094 481 sole
1106 453 1235 480 calefacta
1253 453 1287 480 ad
1309 453 1480 488 paritudines
1496 460 1674 489 provocatur;
1692 456 1734 483 sie

950 504 979 527 et
990 506 1049 532 cor,
1068 499 1094 526 id
1109 499 1181 533 quod
1193 498 1310 526 amabile
1326 504 1367 526 est
1382 499 1409 526 in
1426 499 1515 534 seipso
1528 500 1734 534 circumferens,

951 552 1072 573 amorem
1085 544 1217 580 parturit.

986 601 1091 638 507§
1105 601 1138 629 ll.
1148 601 1286 636 Antiquus
1296 598 1361 629 ve‘ro
1372 601 1476 629 dierum
1487 600 1642 629 celebratur
1651 602 1733 636 Deus,

950 649 1014 683 quia
1037 648 1096 683 ipse
1111 652 1154 675 est
1176 654 1263 674 aevum
1278 647 1435 682 angelorum
1452 647 1663 681 aeviternorum;
1685 648 1734 675 bos

949 695 1022 723 enim
1035 699 1117 722 antea
1132 698 1249 721 a:ternos
1264 693 1381 726 dixerat,
1393 694 1464 727 quod
1478 694 1641 729 participem
1656 699 1734 721 aeter-

950 742 1073 774 nitatem,
1102 749 1155 768 non
1179 748 1247 768 vero
1269 740 1340 776 quod
1367 739 1492 775 principii
1515 746 1640 775 expertes
1668 741 1733 768 sint.

950 787 1067 822 Tempus
1079 792 1170 814 autem
1189 794 1284 814 eorum
1301 793 1361 820 quae
1381 789 1445 813 sunt
1465 785 1589 820 subjecta
1607 786 1732 821 tempori,

949 833 976 860 id
990 837 1032 861 est
1047 840 1142 861 eorum
1160 832 1281 859 omnium
1298 839 1358 866 quae
1375 831 1447 858 facta
1465 836 1527 858 sunt
1541 836 1603 865 post
1623 832 1732 864 caelum,

949 887 981 908 ex
999 879 1075 914 cujus
1091 883 1165 906 motu
1189 878 1282 906 existit
1298 883 1414 913 tempus.
1431 877 1534 905 Dicitur
1552 882 1643 905 autem
1662 878 1733 905 Deus

948 930 976 953 et
991 931 1113 960 tempus,
1131 931 1158 953 et
1173 932 1273 957 aevum,
1298 929 1325 952 et
1348 924 1406 951 dies
1425 931 1458 951 eo
1474 923 1553 952 modo
1571 931 1625 958 quo
1648 924 1733 951 Deum

949 973 1036 1006 decet,
1052 977 1187 1007 quatenus
1207 970 1388 999 immutabilis
1409 974 1468 1003 est;
1491 970 1620 1005 quoniam
1640 970 1732 997 omnia

947 1027 1008 1055 quze
1026 1023 1089 1047 sunt
1112 1019 1139 1046 iu
1165 1019 1207 1046 his
1234 1017 1409 1045 mutationem
1428 1017 1550 1051 capiunt,
1573 1016 1631 1051 ipsa
1654 1023 1731 1049 vero,

948 1071 1081 1102 quatenus
1101 1069 1223 1100 tempora
1241 1068 1268 1092 et
1286 1063 1347 1091 dies
1369 1070 1443 1095 sunt,
1462 1063 1605 1090 immutata
1622 1069 1731 1097 perma-

948 1117 1023 1140 nent.
1035 1111 1102 1140 Nam
1118 1112 1140 1139 si
1156 1111 1305 1139 secundum
1321 1109 1464 1137 essentiam
1477 1113 1654 1142 mutarentur,
1670 1116 1730 1136 cum

947 1158 1035 1185 omnis
1051 1157 1164 1184 mutatio
1183 1157 1210 1183 in
1230 1160 1352 1191 tempore
1369 1151 1427 1187 ﬁat,
1445 1155 1557 1182 deberet
1571 1155 1654 1182 etiam
1669 1161 1730 1182 mu-

948 1202 1015 1230 tatio
1040 1201 1171 1237 temporis
1192 1201 1219 1228 in
1239 1206 1363 1235 tempore
1382 1199 1452 1233 lieri,
1470 1199 1544 1235 quali
1561 1203 1652 1226 autem
1674 1199 1730 1231 illo,

947 1256 1002 1276 non
1017 1249 1091 1282 scio;
1111 1252 1244 1283 quatenus
1265 1253 1357 1274 autem
1375 1246 1434 1273 dies
1454 1251 1559 1280 tempus
1575 1251 1647 1279 sunt,
1663 1245 1732 1273 dixit

948 1295 981 1322 iis
991 1302 1099 1330 quoque
1109 1298 1264 1329 competere
1273 1292 1531 1320 immutabilitatem.
1544 1291 1610 1319 Cum
1628 1291 1654 1318 in
1668 1299 1732 1326 pro-

948 1348 1041 1376 gressu
1065 1341 1108 1369 hic
1131 1336 1241 1369 sanctus
1264 1340 1373 1372 dixerit,
1399 1343 1503 1373 tempus
1527 1339 1553 1365 in
1579 1338 1730 1365 mutatione

948 1388 1118 1420 consistere;
1135 1387 1187 1415 hoc
1202 1387 1285 1414 etiam
1300 1385 1501 1414 concedendum
1517 1390 1561 1412 est
1575 1393 1582 1411 :
1598 1384 1730 1419 siquidem

948 1438 1029 1462 aestas
1049 1437 1078 1461 et
1101 1440 1159 1467 ver,
1186 1437 1333 1460 autumnus
1358 1437 1386 1459 et
1410 1432 1497 1459 biems
1513 1434 1577 1458 sunt
1603 1429 1731 1465 temporis

948 1480 1122 1508 mutationes.
1144 1479 1190 1507 Sic
1211 1479 1303 1513 itaque
1316 1479 1397 1506 etiam
1411 1478 1492 1510 Deus,
1505 1476 1585 1504 modo
1598 1476 1653 1503 Deo
1666 1483 1731 1503 con-

948 1524 1078 1555 Venienti,
1095 1530 1204 1558 semper
1225 1528 1313 1550 tnotus
1339 1523 1366 1549 in
1387 1523 1477 1557 seipse
1493 1526 1643 1557 permanet.
1664 1520 1730 1548 Ter-

947 1570 986 1597 tio
997 1569 1077 1597 etiam
1092 1575 1219 1604 tanquam
1239 1573 1334 1595 auctor
1349 1575 1461 1601 eorum;
1479 1567 1635 1595 dicebamus
1657 1566 1729 1593 enirn

946 1620 1038 1648 antea,
1057 1615 1141 1642 Deum
1158 1614 1250 1642 omnia
1265 1614 1317 1642 dici
1336 1619 1464 1648 tanquam
1486 1620 1595 1640 causam
1610 1620 1643 1639 ex
1664 1611 1730 1639 εσυ-

945 1661 1007 1694 ctis,
1026 1661 1135 1688 tametsi
1155 1668 1237 1695 supra
1253 1660 1343 1688 omnia
1364 1660 1411 1687 sit.
1428 1658 1519 1692 Quare
1540 1658 1644 1686 Danieli
1664 1665 1727 1692 qut-

946 1707 1007 1734 dem
1022 1714 1106 1734 canus
1121 1706 1260 1741 apparuit,
1278 1705 1425 1733 candidum
1443 1705 1547 1732 habens
1563 1704 1729 1739 caputvclut

946 1754 1049 1786 lanam,
1067 1761 1174 1780 rursum
1193 1761 1257 1781 vero
1268 1753 1378 1786 juvenis
1391 1752 1548 1779 Abrahamo
1564 1760 1570 1778 :
1588 1751 1653 1778 illud
1667 1750 1728 1786 qui-

945 1799 1018 1831 dem,
1030 1799 1101 1834 quod
1111 1799 1203 1826 omnia
1214 1806 1249 1826 ex
1264 1799 1317 1826 Deo
1327 1799 1393 1832 sint,
1409 1801 1438 1825 et
1451 1802 1512 1832 post
1526 1797 1625 1832 ipsum,
1640 1804 1727 1831 eoque

943 1845 1070 1881 juniora;
1088 1846 1140 1873 hoc
1159 1853 1233 1878 vero,
1252 1844 1323 1879 quod
1346 1844 1374 1871 in
1393 1843 1517 1879 vigorosa
1534 1843 1726 1877 constantique

945 1890 1113 1918 beatitudine
1134 1891 1171 1918 sit
1192 1891 1262 1918 senii
1282 1897 1397 1924 expers;
1425 1889 1467 1917 vel
1496 1896 1545 1925 per
1568 1894 1725 1922 utrumque,

944 1944 1004 1964 cum
1035 1943 1126 1964 senem
1153 1941 1208 1964 tum
1229 1936 1375 1969 juvenem,
1398 1935 1579 1970 signiﬁcatur,
1602 1934 1686 1968 ipsum
1710 1940 1726 1960 a

944 1980 1078 2016 principio
1091 1988 1176 2016 usque
1191 1980 1225 2007 ad
1239 1980 1320 2007 linem
1340 1987 1387 2014 per
1404 1983 1546 2006 creaturas
1556 1985 1650 2005 omnes
1665 1984 1727 2011 pcr-

945 2025 1057 2058 venire;
1069 2026 1112 2053 vel
1125 2026 1214 2057 tertio,
1232 2030 1261 2052 ut
1276 2025 1382 2052 divinus
1402 2024 1483 2058 hujus
1499 2023 1587 2050 Patris
1605 2023 1726 2050 initiator

944 2079 977 2100 ac
993 2077 1142 2108 praeceptor
1156 2071 1318 2099 Hicrothcus
1331 2071 1380 2103 ait,
1403 2071 1474 2105 quod
1494 2075 1611 2104 utroque
1633 2068 1724 2096 divina

942 2118 1003 2152 ejus
1018 2119 1166 2154 antiquitas
1178 2118 1324 2150 indicetur,
1342 2117 1380 2144 ita
1401 2123 1429 2144 ut
1445 2124 1494 2152 per
1508 2123 1600 2144 senem
1616 2116 1724 2150 quidem

943 2165 970 2192 id
985 2164 1057 2199 quod
1073 2164 1214 2198 antiquum
1236 2169 1264 2191 et
1283 2164 1400 2198 primum
1419 2167 1460 2190 est
1481 2162 1653 2194 declaretur;
1677 2169 1726 2196 per

940 2209 1069 2244 juvenem
1083 2217 1158 2244 vero,
1173 2210 1301 2244 quoniam
1326 2209 1397 2236 sicut
1413 2209 1439 2236 in
1454 2208 1574 2235 numeris
1586 2208 1726 2243 principa-

109 2245 186 2292 ρεδς,
202 2247 239 2279 ὼς
255 2249 338 2282 αἴτιος
353 2250 407 2277 τῶν
423 2253 590 2287 κτισμάτων,
609 2254 696 2290 ἀρχῆς
713 2257 760 2283 καὶ
778 2245 890 2292 μονάῆ

947 2257 994 2284 Ιίοι·
1010 2256 1119 2291 quidem
1137 2261 1179 2284 est
1193 2257 1296 2288 unitas,
1310 2263 1371 2283 cum
1389 2256 1426 2283 sit
1443 2255 1470 2282 in
1486 2254 1608 2282 numeris
1626 2261 1723 2282 recen-

109 2290 187 2325 λόγον
202 2293 324 2328 ἐπέχων·
346 2295 382 2322 τὰ
398 2296 427 2323 δὲ
442 2297 588 2333 κτίσματα,
613 2299 651 2331 ὡς
674 2300 722 2327 ἀπ’
746 2290 829 2329 αὐτοῦ
845 2290 894 2330 καί

109 2337 216 2364 αἰτιατά
232 2339 358 2375 πλήθους,
381 2342 492 2375 εἰκότως
507 2344 522 2370 ὁ
538 2339 632 2379 μέν’τὸ
647 2346 758 2381 ἀρχαῖον
774 2347 839 2381 ἔξει,
856 2349 891 2376 τὰ

108 2383 139 2410 δέ
176 2384 311 2421 κτίσματα
346 2388 378 2414 τὸ
417 2389 489 2424 μετά
528 2390 614 2417 ταῦτα
650 2392 700 2427 τῆς
728 2393 815 2429 ἀρχῆς
842 2396 889 2423 καὶ

110 2430 231 2466 ὕστερον.

111 2484 153 2510 ro,
189 2483 316 2513 tanquam
338 2480 372 2508 ab
393 2481 453 2515 ipso
474 2486 502 2510 et
518 2490 600 2511 causa
624 2485 824 2519 multitudinis;
856 2487 912 2522 ipse

109 2529 174 2549 vero
189 2523 214 2550 id
243 2525 315 2559 quod
333 2530 395 2560 post
407 2527 571 2562 principium
583 2534 612 2558 et
621 2531 761 2565 posterius
781 2532 887 2560 existit.

143 2577 157 2613 ς
181 2579 227 2605 lll.
245 2579 386 2608 Είσϐἀλλει
408 2583 473 2619 περὶ
496 2585 578 2612 αὐτοῦ
601 2585 647 2613 τοῦ
671 2587 767 2623 χρόνον
783 2587 892 2615 καὶτοῦ

107 2625 206 2658 αἰῶνος
232 2627 337 2660 εἰπεῖν,
373 2628 515 2664 σοφώτατα
548 2634 815 2670 κατασφαλιζόμενος
845 2635 892 2662 τὸν

107 2671 245 2707 ἀκροατὴν
268 2673 308 2705 εἰς
333 2674 484 2708 εὐσέϐειαν,
509 2677 556 2704 καὶ
577 2678 702 2711 φάσκων,
729 2680 767 2717 μὴ
792 2681 890 2717 χρῆναι

107 2717 231 2744 ὑπονοεῖν
245 2717 279 2745 τὰ
301 2718 432 2755 λεγόμενα
447 2722 542 2749 αἰώνια
565 2724 635 2751 κατά
650 2725 729 2752 τοῦτο
751 2727 798 2754 καὶ
822 2735 885 2754 συν-

108 2762 182 2809 alsia.
207 2761 277 2791 εἶναι
299 2764 359 2801 Θεῷ
373 2765 412 2802 τῷ
434 2767 486 2803 πρὸ
509 2768 622 2797 αἰώνων.
647 2771 688 2798 Τὰ
712 2771 777 2806 γοῦν
801 2773 888 2809 πάντη

108 2808 155 2854 καῖ
169 2808 308 2842 ἀπολύτως
318 2811 436 2848 ἀγένητα
453 2815 499 2841 καὶ
516 2815 588 2842 ἀΐδια
602 2816 636 2843 τά
647 2818 693 2843 ἐπὶ
707 2817 774 2845 Θεοῦ
787 2819 889 2854 κυρίως

108 2853 220 2881 αἰώνια·
244 2857 268 2883 οἱ
292 2857 321 2884 δὲ
346 2857 476 2893 ἄφθαρτοι
503 2861 611 2897 ἄγγελοι
637 2863 738 2892 αἰώνιοι
763 2853 886 2900 λέγονται

943 2303 1008 2335 tior,
1023 2311 1153 2331 numerus
1163 2308 1252 2331 autem
1267 2303 1293 2330 in
1307 2303 1479 2330 multitudine
1490 2309 1635 2337 apparens,
1645 2307 1725 2336 prout

945 2354 1072 2384 augetur,
1088 2350 1319 2384 posterioritatem
1338 2348 1467 2382 temporis
1484 2348 1600 2375 obtinet.
1620 2346 1724 2374 Idcirco

943 2394 1015 2423 Deus
1037 2395 1160 2430 quidem,
1181 2400 1310 2429 tanquam
1327 2401 1410 2422 causa
1428 2399 1628 2426 creaturarum,
1649 2394 1725 2428 prin-

942 2443 1006 2477 cipii
1020 2448 1102 2477 atque
1117 2443 1230 2470 unitatis
1246 2443 1379 2470 rationem
1395 2443 1514 2475 habens;
1530 2446 1662 2470 creaturae
1679 2448 1725 2468 ve-

943 2489 1052 2523 quidem
1078 2489 1190 2517 habebit
1211 2488 1239 2516 id
1262 2488 1335 2524 quod
1357 2487 1496 2523 antiquius
1514 2492 1568 2520 est,
1593 2492 1724 2514 creaturae

978 2587 1048 2624 §lll.
1064 2587 1162 2623 incipit
1175 2588 1209 2616 de
1223 2588 1282 2623 ipso
1297 2591 1418 2624 tempore
1432 2593 1460 2616 et
1474 2589 1628 2617 aeternitate
1640 2591 1722 2618 verba

942 2634 1044 2669 facere,
1056 2635 1259 2670 sapientissime
1270 2642 1398 2662 securum
1409 2636 1526 2663 reddens
1534 2636 1685 2664 auditorem
1695 2638 1722 2665 in

941 2680 1088 2715 religione.
1103 2680 1185 2716 508
1201 2689 1233 2709 ac
1245 2681 1339 2709 dicens
1353 2689 1405 2708 non
1414 2681 1513 2709 debere
1521 2682 1672 2712 existimari
1691 2691 1722 2710 ea

940 2733 1002 2761 qua:
1014 2730 1115 2754 alterna
1131 2727 1270 2760 dicuntur,
1289 2727 1350 2754 ideo
1362 2734 1422 2755 esse
1438 2727 1494 2755 Deo
1508 2732 1656 2761 comterna,
1674 2730 1721 2764 qui

939 2776 982 2799 est
993 2777 1057 2801 ante
1071 2772 1180 2800 saecula.
1198 2772 1236 2800 Ea
1249 2772 1352 2807 itaque,
1364 2780 1424 2807 qua:
1435 2773 1546 2801 omnino
1557 2778 1586 2801 et
1599 2774 1723 2802 absolute

940 2817 1059 2853 ingenita
1076 2822 1103 2846 et
1115 2819 1282 2854 sempiterna
1299 2823 1364 2845 sunt
1378 2819 1405 2846 in
1418 2819 1485 2851 Deo,
1498 2819 1606 2854 proprie
1617 2824 1719 2847 aeterna

940 2869 1021 2899 sunt;
1038 2864 1126 2900 angeli
1141 2872 1206 2893 vero
1226 2865 1458 2901 incorruptibiles,
1473 2865 1567 2893 attenti
1580 2865 1723 2899 dicuntur,
