1929 3061
114 159 173 187 9ί9
646 163 690 191 DE
707 163 833 194 DIVINIS
855 166 1059 200 NOMINIBUS,
1076 168 1153 196 CAP.
1173 169 1216 197 XI.
1691 172 1742 201 950

115 216 220 248 παντὸς
241 216 360 254 πόλεμον
376 218 490 255 ἐνούσης
509 221 549 252 εἰς
567 221 677 258 ὁμοειδῆ
701 224 847 251 συνοικίαν.
866 225 892 251 Τί

957 227 1031 261 digat
1052 227 1183 255 unitatem
1196 247 1204 259 ,
1225 231 1308 262 atque
1330 229 1490 257 intestinum
1505 229 1605 258 bellum
1620 230 1740 259 universi

116 263 220 310 μετοχῇ
242 263 292 300 τῆς
315 263 391 310 ῦείας
410 265 521 301 εἰρήνης
540 267 567 293 αἰ
586 266 651 301 γοῦν
679 269 862 306 πρεσόύτεραι
874 271 892 287 ¹⁶

961 272 994 299 ad
1018 273 1183 301 concordem
1209 273 1321 302 inducat
1346 276 1598 304 commorationem.
1621 277 1692 310 Quin
1713 282 1742 304 et

113 307 173 334 τῶν
187 309 351 344 συναγωγῶν
363 310 503 346 δυνάμεων
520 313 600 340 αὐταί
614 322 644 341 τε
654 314 665 330 ί
674 315 742 351 πρὸς
753 315 851 348 ἑαυτὰς
862 325 892 343 xa

959 318 1058 346 divina:
1081 319 1156 354 pacis
1177 319 1387 355 participatione
1411 321 1505 356 primae
1530 323 1646 351 virtutes
1669 330 1738 351 con-

113 355 187 402 ττρὸς
205 355 320 402 ἀλλήλας
331 356 452 402 ἑνοῦνται
462 379 469 391 ,
490 360 538 386 xui
550 360 618 396 πρὸς
630 361 678 396 τὴν
695 361 759 397 μίαν
771 362 826 390 τῶν
840 362 892 390 ὅλω

959 364 1120 398 ciliatrices,
1135 369 1163 392 et
1177 372 1269 393 secum
1291 366 1356 401 ipsa:
1373 371 1401 394 et
1414 367 1487 395 inter
1502 375 1541 402 se,
1563 372 1591 396 et
1610 377 1670 396 cum
1686 377 1739 397 una

113 399 302 435 εἰρηναρχίαν,
312 401 359 428 καὶ
373 401 407 429 τὰ
421 403 465 437 ὑφ’
482 404 580 437 ἑαυτὰς
597 405 701 433 ὲνοῦσιν
715 407 785 434 αὐτά
799 416 828 434 τε
841 408 892 444 πρὸ

959 411 1053 439 mundi
1078 417 1147 446 pace
1174 411 1261 446 prima
1297 399 1539 448 coniungunturp
1556 415 1740 450 inferioraque

114 446 213 478 ὲαυτά,
232 447 278 474 xui
294 449 361 484 πρὸς
379 449 492 485 ἄλληλα,
507 451 554 478 xui
565 452 633 488 πρὸς
643 452 692 488 τὴν
705 453 768 488 μίαν
779 455 825 481 xui
840 463 908 482 παν-

113 492 180 529 τελῆ
192 493 241 529 τῆς
253 494 361 522 πάντων
370 497 479 533 εἰρήνης
489 498 576 534 ἀρχὴν
591 499 639 525 καὶ
646 499 744 532 αἰτίαν,
756 500 827 535 ἥτις,
840 501 907 536 ἀμε-

113 538 173 573 ρῶς
193 540 372 576 ὲπιϐεϐηκυῖα
388 544 446 575 τοῖς
465 544 536 576 ὅλοις
548 564 555 577 ,
571 544 666 581 ὥσπερ
679 546 735 573 τισὶ
753 546 905 582 κλείθροις¹

111 585 171 613 τῶν
190 587 363 624 διῃρημένων
384 591 618 625 συμπτυκτικοῖς,
636 591 671 618 τὰ
692 592 781 619 πάντα
803 591 904 628 ἐρίζει,

111 632 164 659 xui
181 634 311 668 περατοϊ,
331 635 378 661 xui
396 635 573 669 ἀσφαλίζεται
585 657 592 669 ,
613 638 660 664 xui
679 638 728 664 οὐκ
747 638 779 673 ἐᾷ
800 638 904 674 διαιρε-

111 677 197 705 Θέντα
208 679 320 715 χυθῆναι
335 681 403 716 πρὸς
414 681 444 708 τὸ
460 682 571 718 ἄπειρον
581 683 628 710 καὶ
642 683 776 719 ἀόριστον,
788 683 902 717 ἄτακτα,

112 724 163 750 καὶ
180 725 325 760 ἀνίδρυτα,
351 727 399 753 xui
417 727 508 764 ἔρημα
525 729 591 756 Θεοῦ
611 730 771 765 γιγνόμενα,
790 730 837 757 xui
854 731 904 766 τῆς

110 770 219 797 ἑαυτῶν
237 771 360 805 ἑνώσεως
379 773 494 807 ἐξιόντα,
506 775 554 802 xui
571 776 601 802 ὲν
617 776 740 812 ἀλλήλοις
753 776 903 812 παμμιγῶς

111 817 321 853 συμφυρόμενα.
342 820 411 856 Περὶ
432 821 481 856 μὲν
501 819 547 848 οὖν
567 821 668 858 αὐτῆς,
690 822 704 849 ὃ
720 831 747 849 τι
763 822 828 849 ποτε
845 824 902 850 ἐστι

107 862 163 897 ’τῆς
180 862 254 895 θείας
273 865 385 900 εἰρήνης
403 866 450 892 xui
469 866 593 902 ἡσυχίας,
606 867 640 903 ἢν
658 867 672 893 ὸ
693 867 764 903 ἰερὺς
789 867 902 900 Ἰοῦστος

109 907 262 942 ἀφθεγξίαν
286 909 379 942 καλεῖ,
410 911 457 938 xui
484 912 530 938 ἐπὶ
557 912 648 940 πᾶσαν
676 914 900 949 γιγνωσκομένην

111 953 225 988 πρόοδον
252 955 413 992 ἀκινησίαν,
439 957 512 990 ὅπως
536 966 565 985 τε
586 959 695 994 ἠρεμεῖ,
715 959 763 986 καὶ
786 959 899 995 ἡσυχίαν

108 999 191 1034 ἄγει,
214 1000 260 1027 xui
275 1001 349 1034 ὄπως
372 1003 401 1029 ὲν
427 1003 508 1039 ἑαυτῇ
532 1004 579 1031 καὶ
605 1004 671 1032 εἴσω
696 1006 796 1040 ἑαυτῆς
821 1007 899 1037 ἐστι,

108 1046 158 1072 xui
191 1046 259 1081 πρὸς
282 1047 367 1084 αὐτὴν
390 1048 455 1084 ὅλην
479 1049 527 1085 ὅλη
549 1050 742 1086 ὑπερήνωται,
767 1052 814 1078 xui.
836 1050 897 1078 οὔτε

108 1092 151 1141 εἰς
172 1090 436 1141 ἑαυτὴνιεῐσιοῢσα,
463 1096 510 1121 xui
540 1095 810 1129 πολλαπλασιάζουσα
836 1097 899 1123 ὲαυ-
914 1112 936 1141 Β

107 1136 160 1172 τὴν
172 1137 314 1165 ἀπολείπει
326 1138 375 1174 τὴν
394 1140 494 1176 ἑαυτῆς
508 1141 615 1175 ἕνωσιν,
629 1143 696 1169 ἀλλὰ
711 1143 757 1169 xui
775 1143 897 1178 πρόεισιν

107 1183 157 1210 ἐπὶ
175 1184 263 1211 πάντα
277 1185 350 1213 ἔνδον
361 1186 409 1223 ὕλη
429 1187 545 1223 μένουσα
555 1189 590 1216 δι’
603 1189 755 1225 ὑπερὸολὴν
767 1189 816 1225 τῆς
830 1190 898 1217 πάν-

106 1238 143 1256 τα
158 1230 345 1269 ὑπερεχούσης
358 1234 491 1267 ἑνώσεως,
506 1234 569 1262 οὗτε
582 1236 679 1269 εἰπεῖν,
696 1235 759 1263 οὔτε
774 1237 897 1272 ἐννοῆσαί

103 1283 161 1302 ητινι
173 1276 228 1303 τῶν
240 1277 334 1311 ὄντων,
348 1278 409 1306 οὕτε
422 1279 531 1315 θεμιτὸν
548 1280 609 1307 οὔτε
625 1281 744 1315 ἐφικτόν.
771 1281 839 1308 Ἀλλ’
858 1281 896 1314 ὡς

106 1321 260 1356 ἄφθεγκτον
282 1325 329 1351 xui
341 1325 429 1356 τοῦτο,
450 1327 496 1353 xui
514 1326 652 1362 ἄγνωστον
670 1328 714 1354 ἐπ’
728 1328 811 1364 αὐτὴν
832 1329 897 1355 ἀνα-

106 1367 209 1400 θέντες,
221 1368 259 1401 ὼς
278 1370 385 1397 πάντων
401 1368 484 1399 οὖσαν
504 1372 631 1400 ἐπέκεινα
641 1393 648 1405 ,
667 1373 717 1406 τὰς
729 1374 827 1409 νοητὰς
841 1374 891 1400 αὺ-

105 1413 157 1448 τῆς
180 1415 227 1441 καὶ
252 1415 338 1451 ῥητὰς
368 1418 529 1452 μετουσίας,
552 1419 600 1446 xui
622 1419 700 1446 τοῦτο
720 1420 758 1452 ὡς
782 1420 892 1446 δυνατὸν

105 1459 239 1496 ἀνδράσι,
259 1461 306 1488 xui
324 1463 390 1498 ἡμῖν
409 1463 514 1491 πολλῶν
532 1464 637 1501 ἀνδρῶν
656 1466 766 1501 ἀγαθῶν
781 1466 891 1493 ἀπολει-

106 1506 234 1542 πομένοις
245 1527 253 1541 ,
273 1508 503 1547 ἐπισκοπήσωμεν
512 1511 533 1539 ³.

959 460 1015 484 tum
1041 456 1099 492 ipsa
1123 464 1215 485 secum
1248 461 1304 484 tum
1331 458 1404 485 inter
1426 465 1456 486 se
1482 459 1658 495 coniungunt,
1683 465 1738 488 tum

957 510 1018 531 cum
1034 511 1099 536 uno,
1114 510 1202 538 eoque
1221 503 1343 538 perfecto
1358 504 1479 531 omnium
1506 505 1581 539 pacis
1601 505 1739 541 principio

956 553 985 577 et
1002 553 1131 582 auctore,
1157 549 1206 584 qui
1229 550 1263 577 ad
1289 549 1380 577 omnia
1405 549 1544 578 individue
1570 559 1632 579 cum
1651 551 1736 584 venit,

956 594 1035 629 quasi
1060 594 1189 622 claustris
1211 601 1244 623 ac
1267 595 1352 630 septis
1376 596 1538 630 quibusdam
1563 604 1623 632 quae
1649 597 1737 625 divisa

955 644 1019 667 sunt
1031 639 1150 675 copulat,
1163 640 1255 668 omnia
1269 640 1376 674 delituit,
1392 641 1568 675 determinat,
1586 646 1614 669 et
1632 643 1735 676 munit;

955 694 1043 721 neque
1061 687 1196 722 permittit
1217 687 1304 716 divisa
1327 689 1353 716 in
1379 688 1515 716 inﬁnitum
1538 690 1598 717 sine
1621 690 1738 717 termino

954 732 1078 766 diti‘undi,
1095 740 1183 768 neque
1202 733 1365 767 inordinata,
1385 739 1413 762 et
1433 733 1498 762 sede
1518 735 1653 768 carentia,
1669 735 1737 762 Deo-

953 786 1006 814 que
1021 779 1161 811 destituta,
1174 786 1250 807 suam
1262 779 1394 807 unitatem
1409 787 1530 816 egressa,
1550 780 1603 808 sibi
1620 780 1735 808 invicem

954 826 1070 854 confuse
1095 827 1217 854 misceri.
1240 826 1279 855 De
1303 828 1361 862 ipsa
1389 828 1472 863 igitur
1494 828 1587 856 divina
1614 835 1681 863 pace
1703 836 1736 857 ac

953 873 1074 904 silentio,
1096 880 1178 908 quam
1201 879 1312 902 sanctus
1333 873 1426 902 Justus
1447 879 1528 902 vocat
1552 875 1734 903 insonantiam

951 922 979 946 et
1003 918 1219 946 immobilitatem
1245 919 1278 947 ad
1305 927 1414 948 omnem
1446 919 1647 948 emanationem
1674 928 1735 955 quas

950 963 1134 996 cognoscitur,
1146 963 1275 997 quidnam
1292 964 1401 992 tandem
1415 964 1462 997 sit,
1477 969 1505 992 et
1513 965 1649 999 quomodo
1662 964 1734 993 Deus

949 1008 1074 1042 quiescat
1092 1013 1122 1036 et
1134 1009 1224 1041 sileat,
1237 1013 1264 1037 et
1279 1011 1414 1044 quomodo
1430 1010 1456 1037 in
1470 1017 1501 1038 se
1515 1015 1543 1039 et
1560 1011 1630 1038 intra
1645 1019 1674 1039 se
1686 1012 1732 1044 sit,

950 1057 978 1080 et
992 1056 1064 1080 totus
1077 1060 1170 1081 secum
1190 1054 1226 1082 sit
1238 1061 1320 1090 supra
1337 1062 1418 1090 quam
1430 1056 1533 1090 unitos,
1549 1060 1577 1084 et
1593 1063 1642 1084 nec
1659 1056 1686 1084 in
1702 1064 1733 1084 se

950 1098 1104 1133 ingrediens
1116 1118 1124 1131 ,
1146 1103 1175 1127 et
1195 1106 1224 1127 se
1242 1099 1300 1134 ipse
1323 1100 1506 1135 multiplicans
1525 1101 1634 1129 deserat
1654 1103 1732 1130 unio-

951 1153 1030 1178 nem;
1047 1145 1112 1180 quin
1131 1146 1222 1180 potius
1241 1147 1274 1173 ad
1293 1147 1384 1174 omnia
1407 1147 1546 1182 egreditur
1569 1151 1642 1175 totus
1659 1148 1731 1175 intus

950 1198 1074 1224 manens,
1101 1197 1213 1226 propter
1229 1192 1420 1220 excellentiam
1443 1192 1551 1220 unionis
1570 1193 1662 1221 omnia
1686 1201 1732 1221 su~

948 1238 1081 1273 perantis,
1101 1245 1189 1273 neque
1211 1238 1302 1266 dicere
1321 1245 1409 1274 neque
1427 1239 1547 1273 cogitare
1569 1238 1614 1267 ulli
1635 1246 1729 1267 eorum

947 1283 995 1318 qui
1019 1288 1084 1312 sunt
1107 1284 1150 1311 fas
1171 1289 1222 1318 est,
1246 1292 1335 1320 neque
1361 1285 1498 1320 possibile.
1522 1285 1575 1313 Sed
1596 1293 1657 1314 cum
1679 1286 1732 1313 hoc

947 1329 1067 1363 alioquin
1106 1330 1197 1365 eloqui
1240 1338 1294 1359 non
1335 1331 1489 1366 possimus,
1534 1339 1585 1359 nec
1621 1332 1729 1367 assequi

945 1375 1027 1410 510
1040 1375 1213 1411 intelligendo
1230 1396 1238 1409 ,
1265 1377 1299 1404 ad
1319 1377 1404 1412 ipsam
1427 1381 1514 1404 tamen
1543 1376 1661 1404 divinam
1680 1383 1730 1411 pa-

944 1431 1021 1454 cem,
1047 1427 1078 1450 ut
1101 1423 1174 1450 ultra
1200 1423 1292 1451 omnia
1317 1424 1433 1458 positam
1454 1443 1463 1456 ,
1493 1431 1601 1451 sursum
1630 1425 1728 1457 evecti,

943 1469 1166 1504 participationes
1180 1470 1250 1503 ejus,
1266 1477 1326 1504 qua:
1340 1470 1526 1504 intelliguntur
1539 1474 1566 1498 et
1582 1471 1728 1498 nominan-

944 1521 1000 1551 tur,
1019 1517 1116 1552 idque,
1129 1523 1261 1552 quantum
1284 1518 1409 1546 homines
1430 1518 1469 1552 (et
1502 1525 1552 1546 nos
1577 1519 1727 1554 praesertim

946 1563 994 1598 qui
1017 1562 1111 1591 multis
1131 1563 1210 1591 bonis
1230 1563 1296 1590 viris
1325 1563 1443 1599 impares
1468 1564 1572 1598 sumus)
1598 1564 1727 1599 consequi

943 1616 1098 1645 possumus,
1115 1609 1300 1637 attendamus.

877 1679 890 1715 ᾗ
912 1678 952 1709 II.

139 1733 194 1759 Καὶ
205 1733 312 1768 πρῶτόν
329 1743 362 1770 γε
380 1735 459 1763 τοῦτο
474 1737 580 1773 ῥητέον,
592 1739 633 1766 ὅτι
646 1738 697 1774 τῆς
710 1740 888 1777 αὑτοειρὴνης

976 1741 1015 1768 Ac
1030 1741 1148 1775 primum
1170 1741 1278 1775 quidem
1298 1741 1350 1769 hoc
1370 1740 1513 1769 dicendum
1537 1746 1598 1774 est,
1616 1746 1646 1769 ut
1664 1750 1725 1770 cum

104 1778 151 1804 xui
165 1778 216 1814 τῆς
233 1780 298 1815 ὃλης
316 1781 363 1807 xui
380 1782 429 1817 τῆς
443 1782 505 1809 καθ’
520 1782 634 1811 ἕκαστόν
645 1785 719 1812 ἐστιν
732 1786 889 1820 ὑποστάτις,

104 1824 152 1850 xui
170 1825 211 1851 ὅτι
231 1826 318 1853 πάντα
339 1828 406 1863 πρὸς
421 1828 521 1865 ἄλληλα
540 1831 735 1866 συγκεράννυσι
753 1833 823 1859 κατὰ
841 1832 890 1868 τὴν

104 1869 255 1905 ἁσύγχυτον
273 1871 362 1898 αὐτῶν
382 1872 494 1907 ἕνωσιν,
514 1874 575 1901 καθ’
589 1875 623 1911 ἢν
640 1876 801 1912 ἀδιαιρέτως
818 1878 890 1913 ἡνω-

105 1913 183 1950 μένα,
197 1915 244 1942 xui
254 1916 421 1950 ἀδιαστάτως
430 1919 506 1955 ὅμως
518 1920 656 1957 ἀκραιφνῆ
670 1922 738 1949 κατά
751 1923 782 1950 τὸ
791 1924 890 1951 οίκεϊον

103 1959 205 1987 ἕκαστα
223 1961 294 1994 εἶδος
319 1962 432 1999 ἕστηκεν
445 1985 452 1997 ,
473 1965 522 1992 οὐκ
547 1967 742 2004 ὲπιθολούμενα
769 1969 813 1996 διὰ
838 1969 890 2005 τῆς

103 2006 170 2042 πρὸς
188 2006 222 2034 τὰ
241 2008 416 2045 ἀντικείμενα
434 2011 577 2046 κράσεως,
597 2013 657 2040 οὐδὲ
677 2014 889 2050 ἀπαμϐλύνοντά

101 2061 128 2096 τι
145 2053 195 2089 τῆς
213 2055 345 2090 ἐνωτικῆς
363 2056 506 2093 ἀκριϐείας
528 2059 575 2085 xui
593 2059 788 2096 καθαρότητος.
813 2061 887 2090 Μίαν

101 2095 147 2125 οὖν
160 2107 221 2126 τινα
243 2100 290 2126 xui
308 2100 398 2136 ἁπλῆν
416 2102 465 2137 τῆς
485 2104 625 2140 εἰρηνικῆς
644 2095 767 2138 ἑνώσεως
784 2107 888 2144 θεωρή-

104 2152 192 2180 σωμεν
212 2145 309 2180 φύσιν,
330 2147 442 2175 ἐνοῦσαν
467 2150 574 2178 ἅπαντα
599 2152 681 2187 ἑαυτῇ
710 2153 757 2179 καὶ
784 2153 888 2186 ἑαυτοῖς

103 2190 148 2236 xui
166 2190 289 2227 ἀλλήλοις
300 2212 308 2225 ,
327 2193 374 2220 xui
388 2194 571 2228 διασώζουσαν
590 2197 679 2225 πάντα
697 2200 726 2225 ὲν
743 2200 887 2236 ἀσυγχύτῳ

103 2235 209 2263 πάντων
245 2239 342 2274 συνοχῇ
379 2240 427 2266 xui
458 2241 546 2277 ἀμιγῆ
580 2243 628 2269 xui
663 2235 884 2281 ouyxexpuitévu.

103 2281 140 2308 Δι’
159 2282 191 2318 ἢν
209 2283 234 2309 οἰ
252 2283 319 2311 θεῖοι
336 2285 394 2318 νόες
411 2286 550 2323 ἑνούμενον.
567 2290 627 2321 ταῖς
639 2290 762 2325 νοήσεσιν
783 2291 886 2319 ἑαυτῶν

103 2324 221 2373 ενοῦνται
247 2328 295 2354 xui
321 2330 378 2361 τοῖς
399 2332 567 2367 νοουμένοις·
587 2335 634 2361 xui
661 2324 738 2368 αὖθις
766 2337 812 2364 ἐπὶ
836 2337 886 2373 τὴν

102 2370 237 2404 ἄγνωστον
251 2373 424 2402 ἀναϐαίνουσι
438 2376 492 2404 τῶν
505 2378 575 2414 ὑπὲρ
589 2379 650 2407 νοῦν
663 2381 812 2417 ἱδρυμένων
826 2370 884 2411 συν-

105 2417 182 2451 αφήν.
192 2417 231 2444 Δι’
250 2418 284 2454 ἣν
296 2419 323 2445 αἱ
330 2419 423 2455 ψυχαὶ,
436 2423 499 2454 τοὺς
515 2415 698 2458 παντοδαποὺς
714 2415 803 2456 αὐτῶν
814 2429 826 2445 ⁸
841 2430 885 2456 λό-
900 2415 922 2443 D

101 2468 163 2507 γους
187 2461 313 2507 ἐνοῦσαι,
337 2465 384 2491 xui
409 2466 476 2501 πρὸς
500 2468 565 2503 μίαν
594 2470 690 2505 νπρὰν
720 2473 883 2507 συνάγουσαι

102 2505 287 2554 καραρότητα,
313 2510 503 2545 προϐαίνουσιν
530 2514 637 2547 οἰκείως
660 2505 799 2550 summie,-
812 2519 863 2554 ὁδῷ
874 2541 881 2552 ,

101 2551 146 2578 xui
163 2552 238 2585 τάξει
257 2553 301 2580 διὰ
320 2554 372 2590 τῆς
390 2555 471 2583 ἀΰλου
491 2558 538 2585 xui
561 2560 682 2596 ἀμεροῦς
699 2563 816 2598 νοήσεως

100 2598 146 2634 τὴν
165 2598 234 2634 ὑπὲρ
253 2600 345 2636 νόησιν
363 2601 470 2629 ἕνωσιν.
491 2605 531 2630 Δι’
548 2605 582 2641 ἢν
599 2607 615 2642 ὴ
638 2607 687 2642 μία
706 2609 753 2636 καὶ
772 2610 881 2638 ἀδιάλυ-

100 2652 141 2693 τος
157 2645 263 2693 πάντων
283 2647 424 2684 συμπλοκὴ
444 2650 513 2677 κατά
531 2651 581 2687 τὴν
599 2652 673 2681 Θείαν
692 2656 777 2691 αὐτῆς
795 2657 882 2693 ἀρμοο

103 2690 154 2737 victv
171 2690 334 2727 ὑφίσταται,
353 2695 401 2721 xui
420 2695 598 2731 ὲναρμόζεται
619 2690 763 2737 συμφωνία
782 2690 881 2731 παντε-

101 2734 137 2762 λεί
154 2738 198 2765 καὶ
214 2739 326 2776 ὁμονοίᾳ
345 2740 393 2767 xui
410 2741 542 2778 συμφυῖᾳ,
558 2734 727 2782 συναγομένη
747 2734 776 2774 τε
795 2748 881 2783 ἀσυγ-

942 1793 991 1821 per
1011 1793 1041 1813 se
1060 1786 1153 1820 pacis,
1178 1790 1232 1814 tum
1262 1786 1423 1814 universalis
1446 1795 1476 1814 ac
1487 1787 1659 1822 particularis
1678 1795 1726 1822 pa-

942 1831 983 1859 cis
996 1851 1004 1864 ,
1026 1830 1138 1858 eil'ector
1160 1831 1195 1859 sit
1214 1831 1272 1866 ipse
1287 1832 1373 1864 Deus,
1396 1837 1425 1860 et
1447 1838 1475 1860 ut
1494 1834 1587 1860 omnia
1609 1833 1682 1861 inter
1695 1841 1725 1861 se

941 1881 1045 1909 mutuo,
1066 1877 1177 1904 minime
1199 1876 1313 1904 confusa
1341 1878 1461 1913 ipsorum
1483 1879 1556 1906 inter
1577 1887 1606 1907 se
1629 1884 1724 1906 mutuo

940 1922 1140 1956 conjunctione,
1156 1924 1347 1957 comnisceat;
1365 1931 1417 1958 qua
1432 1924 1620 1959 conjunctione
1635 1926 1724 1953 colim-

940 1969 1029 1995 rentia
1051 1968 1110 1996 sine
1132 1968 1269 1996 divisione
1290 1973 1317 1996 et
1339 1969 1480 2001 distantia,
1502 1969 1606 2005 singula
1631 1974 1722 1998 tamen

939 2014 1088 2041 secundum
1108 2014 1245 2050 propriam
1264 2015 1381 2049 speciem
1400 2022 1467 2049 pura
1487 2016 1658 2048 consistunt,
1673 2023 1723 2050 per

939 2060 1142 2088 concretionem
1175 2061 1371 2088 contrariorum
1401 2061 1513 2089 minime
1546 2062 1721 2096 perturbata,

938 2106 1070 2140 quoniam
1095 2112 1221 2135 exactam
1253 2108 1334 2135 istam
1367 2109 1493 2136 unionem
1520 2116 1552 2136 ac
1575 2108 1722 2144 puritatem

938 2152 1005 2180 nihil
1023 2154 1207 2189 interrumpit.
1224 2153 1311 2182 Unam
1332 2154 1414 2190 igitur
1433 2161 1548 2189 eamque
1567 2154 1721 2188 simplicem

938 2204 1067 2227 naturam
1084 2201 1205 2235 paciﬁca:
1223 2201 1332 2228 unionis
1353 2201 1578 2236 contemplemur,
1595 2200 1648 2228 sibi
1668 2200 1721 2235 ipsi

937 2251 964 2274 et
978 2246 1032 2274 illis
1047 2246 1113 2281 ipsis
1127 2252 1210 2283 atque
1226 2247 1343 2275 invicem
1359 2247 1449 2275 omnia
1473 2247 1654 2282 copulantem,
1671 2255 1722 2275 nec

937 2303 990 2323 non
1009 2297 1134 2324 universa
1148 2295 1289 2329 complexu
1308 2295 1424 2330 quodam
1439 2295 1559 2323 omnium
1576 2295 1720 2323 inconfuso

935 2346 1139 2377 contemperata
1167 2341 1269 2376 pariter
1299 2346 1380 2377 atque
1410 2341 1578 2376 impermista
1603 2349 1717 2370 conser-

938 2393 1056 2416 vantem.
1079 2388 1130 2416 Per
1150 2389 1220 2416 hanc
1242 2389 1340 2416 divinae
1363 2392 1468 2416 mentes
1491 2389 1641 2424 copulatio,
1662 2389 1719 2416 suis

937 2433 1002 2468 ipsae
1011 2441 1072 2461 cum
1085 2433 1272 2469 intelligentiis
1285 2439 1342 2461 tum
1355 2434 1436 2461 rebus
1449 2433 1594 2462 intellectis
1604 2432 1718 2467 conjun-

937 2483 1050 2513 guntur,
1070 2483 1152 2513 atque
1169 2479 1259 2507 denuo
1278 2479 1411 2507 scandunt
1430 2480 1464 2506 ad
1485 2479 1652 2514 incognitum
1672 2485 1720 2505 eo-

938 2530 997 2550 rum
1012 2531 1072 2558 quze
1089 2523 1172 2551 menti
1188 2525 1390 2559 supereminent
1403 2528 1569 2552 contactum.
1584 2523 1635 2551 Per
1647 2523 1718 2550 hanc

936 2569 1044 2602 animae,
1063 2569 1228 2605 multigenas
1249 2577 1314 2598 suas
1328 2570 1450 2598 rationes
1465 2569 1662 2600 connectendo.
1683 2569 1717 2595 ad

935 2615 1079 2649 quamdam
1112 2615 1260 2650 spiritalem
1288 2615 1435 2650 puritatem
1462 2615 1598 2647 redactae,
1621 2620 1718 2649 proce-

935 2660 1013 2693 dunt,
1026 2661 1076 2688 sibi
1096 2662 1204 2697 propria
1223 2662 1264 2688 via
1282 2666 1310 2689 et
1322 2662 1427 2693 ordine,
1444 2669 1492 2695 per
1508 2659 1715 2688 immaterialem

935 2710 1016 2741 atque
1033 2707 1176 2736 indivisam
1199 2707 1416 2743 intelligentiam,
1432 2708 1467 2736 ad
1482 2708 1607 2736 unionem
1620 2713 1717 2741 quam-

935 2751 996 2779 dam
1012 2752 1188 2788 intelligentia
1200 2755 1380 2790 superiorem.
1391 2754 1442 2784 Per
1451 2756 1520 2783 hanc
1530 2761 1581 2780 una
1593 2753 1716 2779 οιιιιιὶυιη

725 2824 842 2854 νΑιιιΑς
862 2828 1063 2858 LECTIONES.

132 2873 163 2888 Iuli
179 2875 201 2900 εἰ

179 2884 202 2900 ει
223 2884 287 2910 ηνης
305 2884 332 2902 αι
351 2884 541 2914 πρεσουτεραι,

99 2909 125 2938 5.
140 2908 181 2937 Sc.
193 2884 254 2939 spur.
291 2912 302 2927 ⁸
318 2912 430 2946 ἑαυτῶν,
450 2914 477 2942 l'.
490 2916 550 2943 δεῖ.

195 2875 541 2924 ξτήγηςλαξ-τρξσϐύξερριι,
560 2880 588 2908 S.
603 2881 633 2909 D.
646 2881 675 2910 P.
689 2883 733 2918 Sc.
747 2884 807 2913 Sar.
849 2887 854 2902 ¹
873 2883 950 2915 αὗταί
966 2897 1012 2922 τε,
1032 2889 1058 2917 5.
1071 2889 1100 2917 Ρ.
1114 2890 1143 2917 D.

1200 2892 1208 2907 ²
1226 2891 1335 2927 κλήροις
1347 2912 1354 2924 ,
1373 2892 1400 2920 S.
1445 2892 1455 2907 ³
1474 2890 1694 2927 ἐπισκοπήσομεν
1706 2911 1717 2924 ,
