1929 3061
113 178 167 206 969

640 178 684 207 DE
701 178 827 208 DIVINIS
849 180 1053 214 NOMINIBUS,
1070 181 1147 209 CAP.
1166 181 1209 209 XI.

1685 181 1736 210 950

114 235 214 268 παντὸς
235 235 354 272 πόλεμον
371 236 484 272 ἐνούσης
503 237 543 269 είς
562 238 672 274 ὁμοειδῆ
695 239 841 266 συνοικίαν.
861 240 896 274 Τῇ

951 241 1025 275 digat
1046 239 1178 268 unitatem
1190 259 1198 272 ,
1219 243 1302 274 atque
1325 240 1484 268 intestinum
1500 239 1600 267 bellum
1614 239 1735 268 universi

115 282 215 317 μετοχῇ
237 282 286 318 τῆς
310 281 385 314 θείας
405 283 516 318 εἰρήνης
534 284 562 310 αι
580 282 646 318 γοῦν
674 284 857 321 πρεσϐύτεραι
868 285 903 301 ¹⁰⁰

112 327 168 354 τῶν
182 327 345 362 συναγωγῶν
358 328 498 364 δυνάμεων
515 329 595 356 αὐταί
609 338 639 357 τε
649 330 659 346 θ
669 331 737 367 πρὸς
747 330 846 362 ἑαυτὰς
856 331 904 359 καὶ

112 374 182 409 πρὸς
201 374 315 411 ἀλλήλας
326 375 447 402 ἑνοῦνται
457 396 465 408 ,
485 377 533 403 καὶ
545 377 614 412 πρὸς
625 377 674 412 τὴν
690 377 754 412 μίαν
766 377 821 405 τῶν
835 377 903 404 ὅλων

113 419 298 454 εἰρηναρχίαν,
307 419 354 446 καὶ
368 419 402 446 τὰ
417 420 461 455 ὑφ’
477 421 575 453 ἑαυτὰς
592 421 696 449 ὲνοῦσιν
711 422 780 450 αὑτά
794 431 823 449 τε
836 423 903 458 πρὸς

113 466 209 497 ἑαυτὰ,
228 466 274 493 καὶ
289 467 357 502 πρὸς
375 467 487 503 ἄλληλα,
503 468 628 504 καὶπρὸς
639 468 688 504 τήν
700 469 764 504 μίαν
775 469 821 496 καὶ
836 478 904 496 παν-

113 511 176 548 τελῆ
188 513 237 548 τῆς
249 513 357 541 πάντων
367 514 475 550 εἰρήνης
485 514 572 550 ἀρχὴν
587 515 635 541 καὶ
642 514 740 547 αἰτίαν,
752 515 823 550 ἥτις,
836 515 903 551 ἀμε-

113 557 169 593 ρῶς
189 559 368 595 ὲπιϐεϐηκυϊα
384 561 442 593 τοῖς
461 561 532 593 ὅλοις
544 581 552 593 ,
567 560 662 597 ὥσπερ
675 561 731 588 τισὶ
749 561 901 597 κλείθροις¹

111 605 168 632 τῶν
187 605 359 643 διῃρημένων
380 608 614 642 συμπτυκτικοῖς,
633 607 667 634 τὰ
688 607 777 634 πάντα
800 606 900 643 ἐρίζει,

112 651 161 678 καὶ
178 652 308 686 περατοϊ,
328 652 375 679 καὶ
393 652 570 687 ἀσφαλίζεται
582 672 590 685 ,
610 654 657 680 καὶ
675 654 725 680 οὐκ
744 654 776 688 ἐᾷ
797 653 901 689 διαιρε-

112 697 194 724 θέντα
206 698 318 733 χυθῆναι
332 699 400 734 πρὸς
411 698 441 725 τὸ
457 699 568 735 ἄπειρον
579 700 626 726 καὶ
640 699 773 735 ἀόριστον,
785 698 900 732 ἄτακτα,

113 743 160 770 καὶ
178 743 322 779 ἀνίδρυτα,
349 745 396 771 καὶ
414 744 506 781 ἔρημα
522 746 589 772 Θεοῦ
608 746 768 781 γιγνόμενα,
788 745 834 771 καὶ¹
852 745 901 781 τῆς

111 789 216 816 ἑαυτῶν
234 790 357 823 ένώσεως
377 791 492 824 ἐξιόντα,
504 791 552 818 καὶ
569 793 598 818 ὲν
615 791 738 828 ἀλλήλοις
751 791 901 827 παμμιγῶς

112 835 320 872 συμφυρόμενα.
341 837 409 873 Περὶ
430 838 479 873 μὲν
499 836 546 865 οὖν
564 838 667 874 αὐτῆς,
688 838 702 864 ὅ
718 846 745 864 τι
761 837 826 864 ποτέ
843 839 900 864 ἐστι

108 881 161 916 τῆς
179 881 253 913 θείας
272 882 384 918 εἰρήνης
401 883 449 909 καὶ
468 883 591 918 ἡσυχίας,
604 883 638 919 ἢν
657 883 671 909 ὁ
691 883 762 918 ἱερὸς
787 882 900 914 Ἰοῦστος

111 926 260 961 ἀφθεγξίαν
285 927 378 960 καλεῖ,
408 928 456 955 καὶ
483 928 529 955 ἐπὶ
556 929 647 956 πᾶσαν
674 928 898 964 γιγνωσκομένην

112 972 224 1008 πρόοδον
252 973 413 1009 ἀκινησίαν,
438 974 511 1006 ὅπως
535 982 564 1000 τε
585 974 694 1010 ἠρεμεῖ,
715 974 762 1002 καὶ
785 973 898 1010 ἡσυχίαν

110 1019 190 1053 ἄγει,
213 1019 260 1045 καὶ
274 1020 348 1052 ὅπως
372 1020 400 1047 ὲν
426 1021 507 1056 ἑαυτῇ
532 1020 579 1047 καὶ
604 1020 670 1047 εἴσω
696 1021 795 1056 ἑαυτῆς
820 1021 898 1052 ἐστι,

110 1065 158 1091 καὶ
191 1064 259 1100 πρὸς
282 1065 367 1101 αὐτὴν
389 1066 455 1102 ὃλην
479 1066 526 1102 ὃλη
549 1067 742 1102 ὑπερήνωται,
767 1066 814 1093 καὶ
835 1065 897 1092 οῦτε

109 1111 151 1141 είς
172 1109 270 1145 ἑαυτὴν
284 1110 436 1143 ἐίσιοῦσα,
463 1112 511 1138 καὶ
541 1111 810 1144 πολλαπλασιάζουσα
836 1112 899 1138 ὲαυ-
914 1126 935 1155 Β

109 1156 160 1191 τὴν
173 1156 315 1183 ἀπολείπει
327 1156 376 1192 τὴν
395 1157 494 1193 ἑαυτῆς
508 1157 615 1191 ἕνωσιν,
630 1158 696 1185 ἀλλὰ
711 1158 758 1185 καὶ
776 1157 897 1193 πρόεισιν

109 1202 157 1229 ἐπὶ
176 1202 263 1229 πάντα
278 1203 350 1231 ἔνδον
362 1204 410 1240 ὅλη
429 1205 546 1240 μένουσα
556 1206 590 1232 δι’
604 1205 755 1241 ὑπερϐολὴν
768 1205 816 1240 τῆς
830 1204 898 1231 πάν-

108 1257 144 1275 τα
159 1249 346 1287 ὑπερεχούσης
360 1251 492 1284 ἑνώσεως,
507 1251 569 1278 οὔτε
582 1253 680 1284 εἰπεῖν,
697 1251 760 1278 οὗτε
775 1250 898 1286 ἐννοῆσαί

105 1302 162 1320 ητινι
175 1295 229 1322 τῶν
241 1295 335 1329 ὄντων,
349 1295 410 1323 οὗτε
423 1296 533 1332 θεμιτὸν
549 1296 610 1323 οὕτε
626 1296 745 1331 ἐφικτόν.
772 1295 840 1322 Ἀλλ’
860 1295 897 1328 ὡς

109 1341 262 1375 ἄφθεγκτον
284 1342 331 1369 καὶ
343 1343 430 1373 τοῦτο,
451 1344 497 1370 καὶ
516 1343 653 1378 ἄγνωστον
672 1343 716 1370 ἐπ’
729 1343 812 1379 αὐτὴν
834 1343 898 1369 ἀνα-

109 1386 210 1420 θέντες,
223 1387 261 1420 ὡς
280 1388 387 1415 πάντων
404 1386 485 1416 οὖσαν
506 1389 632 1416 ἐπέκεινα
642 1409 650 1421 ,
669 1388 719 1421 τὰς
731 1388 828 1423 νοητὰς
843 1388 893 1414 αὺ-

107 1432 159 1467 τῆς
182 1433 229 1460 καὶ
255 1433 340 1469 ῥητὰς
370 1435 532 1470 μετουσίας,
554 1435 602 1461 καὶ
623 1434 702 1461 τοῦτο
722 1435 760 1467 ὡς
784 1433 894 1461 δυνατὸν

108 1478 241 1514 ἀνδράσι,
261 1479 308 1506 καὶ
327 1481 392 1516 ἡμῖν
411 1480 516 1507 πολλῶν
535 1481 640 1517 ἀνδρῶν
658 1481 768 1516 ἀγαθῶν
783 1481 894 1508 ἀπολει-

109 1525 236 1561 πομένοις
248 1545 256 1559 ,
276 1525 505 1564 ἐπισκοπήσωμεν
515 1527 535 1556 ³.

955 286 989 313 ad
1012 286 1177 314 concordem
1203 286 1315 314 inducat
1340 286 1592 314 commorationem.
1616 286 1687 319 Quin
1707 290 1736 313 et

954 331 1052 359 divine
1075 332 1151 367 pacis
1172 331 1381 367 participatione
1406 332 1500 366 prima:
1525 333 1640 360 virtutes
1663 339 1733 360 con-

954 378 1115 410 ciliatrices,
1131 382 1158 405 et
1172 385 1263 405 secum
1286 377 1351 412 ipsa:
1368 382 1396 405 et
1409 378 1482 405 inter
1498 385 1537 412 se,
1558 382 1586 406 et
1604 386 1665 406 cum
1681 386 1734 405 una

954 424 1049 452 mundi
1074 431 1142 459 pace
1169 423 1256 459 prima
1292 423 1516 459 coniunguntur;
1550 424 1735 458 inl‘erioraque

955 473 1011 497 tum
1037 470 1095 505 ipsa
1119 476 1211 497 secum
1244 473 1300 496 tum
1326 469 1399 497 inter
1421 476 1452 497 se
1477 469 1653 505 conjungunt,
1678 474 1733 497 tum

953 524 1014 544 curn
1030 524 1095 549 uno,
1110 523 1197 550 eoque
1217 514 1338 551 perfecto
1354 515 1475 542 omnium
1502 515 1577 549 pacis
1598 515 1734 550 principio

952 567 981 591 et
998 566 1128 595 auctore,
1154 562 1202 597 qui
1226 561 1259 589 ad
1284 561 1376 589 omnia
1401 560 1540 588 individue
1566 569 1628 588 cuin
1647 560 1732 593 venit,

952 607 1032 642 quasi
1056 607 1186 635 claustris
1208 614 1241 635 ac
1264 607 1349 642 septis
1373 607 1534 641 quibusdam
1559 613 1619 642 qua:
1645 606 1733 634 divisa

952 658 1016 681 sunt
1027 652 1147 688 copulat,
1160 652 1251 680 omnia
1266 652 1373 685 deﬁnit,
1389 652 1565 684 determinat,
1583 656 1611 679 et
1629 652 1731 684 munit;

952 707 1040 735 neque
1059 700 1193 735 permittit
1214 699 1301 727 divisa
1324 700 1351 727 in
1376 699 1512 727 inﬁnitum
1535 700 1594 726 sine
1619 699 1734 726 termino

952 745 1076 779 diffundi,
1092 753 1181 781 neque
1199 745 1363 778 inordinata,
1382 750 1411 773 et
1430 744 1496 772 sede
1516 744 1650 778 carentia,
1666 744 1734 771 Deo-

951 799 1004 828 que
1018 792 1159 823 destituta.
1172 799 1248 819 suam
1260 791 1392 818 unitatem
1407 797 1528 826 egressa,
1548 790 1600 817 sibi
1618 789 1733 817 invicem

953 839 1068 868 confuse
1093 839 1215 867 misceri.
1239 838 1277 866 De
1301 840 1359 873 Ipsa
1387 839 1470 874 igitur
1491 839 1585 866 divina
1612 845 1680 873 pare
1702 845 1734 865 ac

952 886 1072 917 silentio.
1095 893 1177 921 quam
1199 890 1311 914 sanctus
1331 885 1425 913 Justus
1445 889 1526 913 vocat
1551 885 1732 912 insonantiam

950 936 978 959 et
1002 931 1218 959 immobilitatem
1243 931 1277 958 ad
1304 937 1413 959 omnem
1444 930 1646 958 emanationem
1673 937 1734 964 qua

949 976 1133 1010 cognoscitur,
1145 975 1275 1009 quidnam
1291 976 1400 1003 tandem
1414 975 1461 1008 sit,
1475 979 1504 1002 et
1513 974 1648 1009 quomodo
1661 974 1733 1002 Deus

949 1022 1074 1056 quiescat
1091 1026 1121 1049 et
1133 1021 1223 1053 sileat,
1237 1026 1264 1049 et
1279 1022 1413 1056 quomodo
1429 1021 1455 1048 in
1469 1028 1500 1049 se
1514 1025 1542 1049 et
1559 1020 1629 1048 intra
1644 1027 1673 1048 se
1685 1021 1732 1053 sit,

949 1071 978 1093 et
992 1070 1064 1093 totus
1077 1073 1170 1094 secum
1189 1066 1225 1094 sit
1238 1073 1320 1101 supra
1337 1073 1417 1101 quam
1429 1066 1533 1100 unitas,
1549 1069 1577 1093 et
1593 1072 1642 1093 nec
1658 1065 1685 1093 in
1702 1073 1733 1093 se

950 1112 1124 1146 ingrediens,
1146 1115 1174 1139 et
1195 1119 1224 1139 se
1242 1112 1300 1146 ipse
1322 1110 1505 1146 multiplicans
1525 1111 1634 1139 deserat
1654 1112 1732 1139 unio-

951 1167 1031 1191 nem;
1047 1158 1112 1194 quin
1132 1158 1222 1193 potius
1241 1159 1275 1185 ad
1293 1158 1384 1185 omnia
1406 1158 1546 1193 egreditur
1570 1161 1642 1184 totus
1659 1157 1731 1184 intus

951 1211 1074 1238 manens,
1101 1208 1213 1239 propter
1229 1203 1421 1231 excellentiam
1443 1203 1552 1231 unionis
1571 1203 1662 1231 omnia
1687 1210 1732 1230 su-

949 1251 1081 1287 perantis,
1102 1258 1190 1285 neque
1211 1250 1302 1278 dicere
1321 1256 1410 1285 neque
1428 1249 1548 1284 cogitare
1570 1248 1615 1276 ulli
1636 1255 1730 1276 eorum

949 1297 996 1332 qui
1019 1301 1085 1324 sunt
1109 1296 1151 1324 fas
1172 1300 1223 1330 est,
1248 1303 1336 1332 neque
1362 1295 1499 1331 possibile.
1523 1295 1576 1323 Sed
1597 1302 1658 1323 cum
1680 1295 1733 1322 hoc

948 1343 1068 1377 alioquin
1108 1343 1199 1378 eloqui
1242 1350 1295 1370 non
1337 1342 1491 1377 possimus,
1536 1349 1586 1369 nec
1623 1341 1731 1376 assequi

947 1388 1029 1424 510
1042 1387 1215 1423 intelligendo
1232 1408 1239 1421 .
1267 1388 1301 1416 ad
1321 1388 1406 1423 ipsam
1428 1391 1516 1414 tamen
1545 1386 1662 1414 divinam
1682 1393 1732 1420 pa-

946 1444 1023 1467 cem,
1049 1440 1080 1463 ut
1103 1436 1175 1463 ultra
1202 1435 1294 1463 omnia
1318 1434 1435 1470 positam
1456 1453 1465 1466 ,
1495 1441 1604 1461 sursum
1632 1433 1730 1466 evecti,

945 1482 1169 1518 participationes
1183 1482 1253 1516 eius,
1269 1488 1329 1516 quae
1342 1481 1528 1515 intelliguntur
1541 1484 1569 1508 et
1585 1479 1730 1507 nominan-

947 1535 1002 1565 tur,
1022 1530 1264 1566 idque,quantum
1286 1529 1412 1556 homines
1433 1528 1472 1563 (et
1505 1535 1554 1556 nos
1579 1527 1730 1563 praesertim

949 1577 996 1612 qui
1020 1576 1114 1604 multis
1134 1575 1213 1603 bonis
1232 1575 1299 1602 viris
1328 1574 1446 1610 impares
1471 1573 1575 1608 sumus)
1601 1572 1730 1608 consequi

946 1629 1101 1658 possumus,
1118 1621 1303 1649 attendamus.

880 1693 894 1730 §
916 1692 956 1723 Il.

142 1752 198 1779 Καὶ
209 1752 316 1787 πρῶτόν
334 1761 366 1787 γε
384 1753 463 1781 τοῦτο
478 1753 585 1790 ῥητέον,
596 1755 638 1781 ὅτι
650 1754 701 1790 τῆς
715 1755 892 1791 αὑτοειρήνης

981 1754 1019 1782 Ac
1035 1755 1152 1788 primum
1174 1753 1282 1788 quidem
1302 1753 1354 1780 hoc
1374 1751 1517 1780 dicendum
1541 1756 1582 1779 est
1595 1772 1602 1784 .
1621 1755 1650 1778 ut
1668 1758 1729 1779 eum

108 1797 156 1824 καὶ
170 1798 220 1832 τῆς
238 1798 302 1833 ὅλης
321 1799 368 1825 καὶ
385 1799 433 1834 τῆς
448 1799 510 1826 καθ’
524 1799 638 1827 ἕκαστόν
649 1801 723 1827 ἐστιν
736 1800 894 1834 ὺποστάτις,

108 1843 156 1870 καὶ
175 1844 216 1870 ὅτι
236 1844 323 1871 πάντα
343 1845 411 1880 πρὸς
425 1845 526 1882 ἄλληλα
545 1847 740 1881 συγκεράννυσι
758 1847 828 1874 κατά
846 1847 895 1883 τὴν

108 1888 259 1924 ἀσύγχυτον
278 1889 368 1916 αὐτῶν
387 1890 499 1923 ἕνωσιν,
520 1890 581 1918 καθ’
595 1891 628 1927 ἦν
645 1891 806 1928 ἀδιαιρέτως
823 1893 895 1927 ἠνω-

109 1932 188 1969 μένα,
202 1934 249 1961 καὶ
259 1934 426 1968 ἀδιαστάτως
436 1936 511 1972 ὅμως
523 1937 662 1973 ἀκραιφνῆ
676 1937 744 1964 κατὰ
757 1938 787 1964 τὸ
797 1939 896 1965 οἰκεῖον

107 1978 211 2006 ἕκαστα
229 1979 299 2012 εἶδος
324 1980 458 2016 ἕστηκεν,
478 1982 528 2009 οὐκ
553 1983 748 2019 ὲπιθολούμενα
775 1983 819 2011 διὰ
844 1983 896 2019 τῆς

108 2025 176 2061 πρὸς
194 2025 228 2052 τὰ
247 2026 422 2062 ἀντικείμενα
440 2028 583 2063 κράσεως,
603 2029 663 2056 οὐδὲ
683 2028 896 2065 ἀπαμϐλύνοντά

106 2080 133 2099 τι
151 2073 201 2108 τῆς
219 2073 351 2108 ὲνωτικῆς
369 2074 512 2110 ἀκριϐείας
534 2075 581 2102 καί
600 2075 794 2112 καθαρότητος.
819 2075 893 2104 Μίαν

106 2115 153 2144 οὖν
166 2126 227 2144 τινα
249 2118 296 2144 καὶ
314 2118 404 2153 ἁπλῆν
423 2120 472 2154 τῆς
491 2120 632 2156 εἰρηνικῆς
651 2120 773 2153 ἑνώσεως
791 2121 895 2158 θεωρή-

108 2172 199 2199 σωμεν
219 2164 316 2198 φύσιν,
337 2165 449 2192 ἐνοῦσαν
474 2167 581 2193 ᾶπαντα
606 2167 688 2203 ἑαυτῇ
717 2167 764 2194 καὶ
791 2168 895 2200 ἑαυτοῖς

107 2209 155 2236 καὶ
173 2209 296 2246 ἀλλήλοις
307 2230 315 2243 ,
335 2211 382 2238 καὶ
395 2211 579 2244 διασώζουσαι]
598 2213 687 2240 πάντα
704 2215 733 2240 ὲν
751 2214 895 2250 ἀσυγχύτῳ

108 2254 216 2282 πάντων
252 2257 350 2292 συνοχῇ
386 2257 435 2284 καὶ
465 2258 554 2293 ἀμιγῆ
588 2259 636 2286 καὶ
670 2259 891 2295 συγκεκραμένα.

108 2300 146 2327 Δι’
166 2301 199 2336 ήν
217 2302 242 2328 oi
260 2301 327 2328 θεῖοι
344 2302 402 2335 νόες
419 2303 558 2340 ἐνούμενοι
575 2307 635 2337 ταῖς
647 2305 771 2341 νοήσεσιν
791 2305 894 2333 ἑαυτῶν

108 2344 229 2371 ἑνοῦνται
255 2346 302 2372 καὶ
329 2348 386 2379 τοῖς
407 2349 576 2384 νοουμένοις·
595 2351 643 2377 καὶ
669 2348 746 2383 αὖθις
774 2352 820 2378 ἐπὶ
845 2351 894 2387 τὴν

107 2390 245 2424 ἄγνωστον
260 2391 432 2419 ἀναϐαίνουσι
446 2393 500 2421 τῶν
514 2395 584 2430 ὑπὲρ
597 2395 659 2422 νοῦν
671 2396 820 2432 ἱδρυμένων
834 2407 893 2425 συν-

109 2436 191 2470 αφήν.
201 2435 240 2462 Δι’
259 2436 293 2472 ἢν
305 2437 431 2473 αἱψυχαὶ,
445 2440 508 2472 τοὺς
524 2429 708 2474 παντοδαπῶς
723 2429 812 2470 αὐτῶν
823 2444 835 2460 ⁴
850 2444 894 2471 λό-
909 2429 930 2457 D

107 2487 172 2514 γους
196 2480 322 2513 ἐνοῦσαι,
346 2483 393 2509 καὶ
418 2483 485 2518 πρὸς
509 2484 574 2519 μίαν
603 2485 699 2521 νοεράν
730 2488 893 2522 συνάγουσαι

107 2525 296 2561 καθαρότητα,
323 2527 512 2563 προϐαίνουσιν
539 2531 646 2562 οἰκείως
669 2532 795 2565 ἑαυταῖς,
822 2533 890 2568 ὀδῷ,

106 2571 154 2598 καὶ
171 2571 248 2603 τάξει
266 2572 311 2599 διὰ
330 2572 381 2608 τῆς
399 2573 481 2600 ἀΰλου
501 2575 548 2601 καὶ
571 2576 691 2612 ἀμεροῦς
709 2578 826 2613 νοήσεως
845 2580 892 2606 ἐπὶ

105 2617 155 2653 τὴν
174 2617 244 2653 ὑπὲρ
262 2619 355 2654 νόησιν
373 2619 480 2647 ἕνωσιν.
501 2622 541 2648 Δι’
558 2621 592 2657 ήν
609 2623 626 2658 ή
649 2623 697 2658 μία
716 2624 763 2651 καὶ
782 2625 891 2652 ἀδιάλυ-

105 2672 149 2696 τος
166 2664 273 2692 πάντων
293 2665 435 2702 συμπλοκή
454 2667 524 2694 κατά
541 2668 591 2704 τὴν
609 2668 683 2696 Θείαν
702 2671 787 2706 αὐτῆς
806 2672 892 2708 ἀρμο-

109 2710 163 2736 νίαν
182 2709 345 2745 ὑφίσταται,
364 2713 412 2739 καὶ
430 2713 609 2748 ὲναρμόζεται
629 2716 773 2753 συμφωνίᾳ
792 2726 891 2745 παντε-

106 2755 146 2782 λεῖ
163 2757 209 2784 καί
225 2757 337 2794 ὁμονοίᾳ
356 2757 404 2785 καὶ
420 2758 553 2795 ωμφυῖᾳ,
569 2761 738 2797 συναγομένη
757 2771 788 2788 τε
806 2763 892 2798 ἀσυγ-

946 1807 996 1834 per
1015 1806 1045 1826 se
1065 1799 1158 1833 pacis,
1182 1803 1237 1826 tum
1267 1797 1427 1825 universalis
1450 1805 1480 1825 ac
1491 1797 1664 1833 particularis
1683 1803 1730 1831 pa-

947 1844 987 1872 cis
1001 1864 1008 1877 ,
1031 1844 1143 1872 eil‘ector
1164 1844 1200 1871 sit
1219 1844 1276 1878 ipse
1292 1844 1378 1875 Deus,
1401 1848 1429 1871 et
1451 1848 1480 1870 ut
1499 1843 1591 1870 omnia
1614 1843 1686 1870 inter
1699 1849 1730 1870 se

946 1895 1050 1922 mutuo,
1071 1890 1182 1917 minime
1204 1888 1318 1917 confusa
1347 1889 1465 1924 ipsorum
1488 1889 1560 1916 inter
1582 1896 1610 1916 se
1634 1893 1729 1915 mutuo

946 1935 1146 1969 conjunctione,
1161 1936 1353 1969 commisceat;
1370 1942 1422 1969 qua
1437 1934 1626 1969 conjunctione
1640 1935 1729 1962 coha-

946 1982 1035 2009 rentia
1057 1981 1116 2009 sine
1138 1980 1274 2008 divisione
1296 1985 1323 2007 et
1345 1980 1485 2011 distantia,
1507 1979 1612 2014 singula
1637 1983 1728 2006 tamen

945 2028 1094 2055 secundum
1115 2027 1251 2062 propriam
1270 2026 1387 2061 speciem
1406 2033 1472 2060 pura
1492 2025 1664 2058 consistunt,
1679 2032 1729 2059 per

945 2073 1149 2101 concretionem
1181 2072 1377 2100 contrariorum
1407 2072 1519 2099 minime
1552 2070 1727 2105 perturbata,

945 2119 1077 2154 quoniam
1101 2124 1228 2147 exactam
1260 2119 1340 2146 istam
1373 2119 1500 2146 unionem
1527 2126 1558 2146 ac
1582 2118 1728 2153 puritatem

945 2166 1013 2193 nihil
1030 2166 1214 2201 interrumpit.
1231 2165 1318 2193 Unam
1338 2165 1420 2201 igitur
1440 2171 1555 2199 eamque
1574 2163 1728 2198 simplicem

945 2217 1074 2240 naturam
1091 2212 1212 2247 paciﬁca:
1230 2212 1339 2240 unionis
1360 2212 1585 2246 contemplemur,
1603 2209 1655 2237 sibi
1675 2209 1728 2243 ipsi

945 2264 972 2288 et
986 2259 1040 2287 illis
1054 2259 1120 2294 ipsis
1135 2264 1217 2295 atque
1234 2259 1351 2286 invicem
1366 2258 1457 2287 omnia
1480 2257 1662 2292 copulantem,
1678 2263 1730 2284 nec

945 2317 998 2337 non
1017 2310 1142 2337 universa
1156 2306 1297 2341 complexu
1316 2306 1431 2341 quodam
1447 2305 1567 2333 omnium
1584 2304 1728 2332 inconl'tiso

943 2358 1147 2390 contemperata
1176 2353 1277 2388 pariter
1307 2357 1389 2388 atque
1418 2352 1586 2386 impermista
1611 2358 1726 2379 conser-

946 2405 1065 2429 vantem.
1088 2400 1138 2428 Per
1158 2401 1229 2428 hanc
1250 2399 1349 2428 divina:
1371 2402 1476 2427 mentes
1499 2398 1649 2434 copulata),
1671 2399 1728 2425 suis

946 2446 1011 2482 ipsa:
1020 2454 1081 2474 cum
1094 2445 1281 2481 intelligentiis
1294 2450 1351 2472 tmn
1363 2444 1445 2472 rebus
1458 2443 1603 2472 intellectis
1613 2441 1727 2476 conjun-

946 2496 1059 2527 guntur,
1079 2495 1161 2525 atque
1179 2491 1268 2519 denuo
1287 2490 1420 2518 scandunt
1439 2490 1473 2517 ad
1495 2488 1661 2524 incognitum
1681 2495 1729 2514 eo-

948 2544 1006 2563 rum
1021 2544 1081 2571 quae
1098 2536 1182 2564 menti
1197 2536 1399 2571 supereminent
1412 2537 1578 2562 contactum.
1593 2532 1644 2560 Per
1656 2532 1728 2559 hanc

946 2582 1054 2616 animae,
1073 2582 1238 2617 multigenas
1259 2589 1324 2609 suas
1338 2581 1459 2608 rationes
1475 2578 1671 2609 connectendo,
1693 2577 1727 2604 ad

945 2629 1090 2662 quamdam
1123 2628 1270 2663 spiritalem
1297 2627 1445 2662 puritatem
1471 2625 1608 2656 redactae,
1631 2630 1728 2658 proce-

946 2674 1024 2706 dunt,
1037 2674 1087 2701 sibi
1106 2674 1214 2709 propria
1233 2674 1274 2700 via
1292 2677 1321 2700 et
1333 2673 1438 2704 ordine,
1455 2679 1502 2705 per
1518 2668 1725 2698 immaterialem

945 2724 1026 2755 atque
1044 2720 1187 2748 indivisam
1209 2719 1427 2754 intelligentiam,
1443 2719 1478 2746 ad
1493 2718 1618 2745 unionem
1631 2722 1727 2750 quam-

946 2765 1007 2792 dam
1024 2765 1199 2801 intelligentia
1212 2767 1391 2802 superiorem.
1401 2765 1452 2795 Per
1462 2765 1531 2793 hanc
1541 2770 1593 2790 una
1604 2761 1726 2789 omnium

736 2839 854 2869 VARUE
873 2842 1075 2872 LECTIONES.

112 2928 121 2936 ‘
140 2893 173 2908 ‘°°
190 2894 299 2956 εὲιήνης
316 2895 344 2921 αἱ
362 2895 553 2938 πρεσϐύτεραι,
572 2896 600 2925 S.
615 2897 644 2925 ί).
658 2897 687 2926 Ρ.
701 2898 744 2933 Sq.
759 2899 819 2928 Sar.
860 2901 865 2916 '
885 2896 963 2929 αὗταῖ
978 2910 1024 2935 τε,
1044 2902 1070 2930 5.
1083 2901 1111 2931 Ρ.
1126 2903 1155 2930 D.

105 2932 132 2958 δ.
149 2927 193 2956 Sc.
226 2937 265 2957 ar.
304 2930 313 2946 ‘
330 2931 442 2958 ἑαυτων.
462 2931 490 2958 1⁵.
503 2934 562 2958 bar.

304 2930 313 2946 ‘
330 2930 442 2964 ἑαυτῶν,
462 2931 490 2960 1⁵.
498 2930 562 2960 Sat.

1212 2905 1220 2919 ²
1239 2903 1347 2938 κλήροις
1359 2923 1365 2935 ,
1384 2903 1412 2930 S.
1458 2902 1467 2918 ³
1486 2899 1728 2935 ἐπισχοπήσομεν,
