1929 3061
215 139 266 168 931

796 141 825 170 S.
844 139 993 171 DIONYSH
1008 143 1240 171 AREOPAGI'I'E

1782 143 1842 171 959

216 204 244 227 et
271 197 468 226 indissolubilis
494 198 644 233 connexio,
666 198 744 235 juxta
768 201 890 229 divinam
915 203 1000 238 ipsius

1054 203 1154 239 χύτως,
1175 201 1335 238 ἀδιαιρέτως
1353 211 1382 229 τε
1403 201 1566 238 συνεχομένη
1577 202 1597 228 ⁸.
1618 201 1710 238 Διήκει
1735 202 1794 237 γὰρ
1821 204 1841 238 ἡ

214 245 441 279 congruentiam,
466 245 577 279 existit,
603 250 633 274 et
660 246 782 282 perfecto
807 254 942 276 concentu
965 256 997 277 ac

216 291 360 319 concordia
390 291 624 327 consensioneque
659 297 817 328 coaptatur,
848 294 912 322 dum
941 295 999 322 sine

216 336 377 365 confusione
395 337 543 372 colligitur,
560 345 592 365 ac
606 338 665 366 sine
679 339 859 368 dissolutione
874 341 998 368 contine-

218 387 272 410 tur.
292 382 435 418 integritas
450 383 578 410 nimirum
594 384 721 419 perfectae
734 386 819 419 pacis,
834 394 882 421 per
896 386 1000 421 simpli-

217 429 356 457 cissimam
375 437 453 457 suam
467 438 624 465 meramque
637 432 745 459 virtutis
762 432 868 459 uniﬁca:
880 440 1000 467 praesen-

218 474 295 507 tiain,
307 475 340 502 ad
356 483 387 502 ea
406 483 466 508 quae
479 481 543 504 sunt
561 477 651 504 omnia
673 478 812 513 pertingit,
826 479 918 506 omnia
935 487 1000 506 con-

214 520 342 554 iungens,
355 525 382 548 et
394 522 525 550 extremis
537 527 658 550 extrema
672 530 721 558 per
735 523 822 551 media
837 529 1000 554 connectens

217 567 367 594 secundum
383 567 489 596 unicam
513 569 720 597 connaturalem
737 570 884 597 amicitiam
896 578 999 604 coagu-

217 611 291 645 lata;
309 613 374 647 quin
398 618 425 641 et
445 614 486 641 sui
501 621 609 648 quoque
624 614 665 641 vel
686 615 816 643 extremis
841 616 924 644 totius
940 616 1001 644 uni-

219 656 288 684 versi
311 657 433 685 terminis
447 658 553 686 fruendi
577 659 682 693 copiam
707 659 783 693 facit,
799 661 889 688 omnia
905 669 1002 690 conso-

218 701 294 730 ciens
315 703 481 737 unitatibus.
508 705 715 739 identitatibus,
741 707 906 740 unionibus,
935 715 1000 736 con-

217 749 437 783 negationibus,
456 751 520 778 dum
542 751 649 779 scilicet
674 752 764 780 divina
790 761 841 788 pax
867 754 1001 782 indivulsa

218 794 356 829 persistit,
373 799 400 822 et
412 795 501 823 inuno
513 801 611 824 cuncta
624 797 804 834 demonstrat,
816 804 843 827 et
863 801 897 827 ad
910 801 1001 828 omnia

219 841 364 875 pertingit,
389 847 416 870 et
440 849 455 868 a
475 843 584 878 propria
606 851 739 879 nusquam
763 845 906 873 identitate
928 854 1002 874 rece-

1049 248 1099 283 τῆς
1117 248 1264 279 παντελοῦς
1282 247 1393 283 εἰρήνης
1411 247 1505 282 ὁλότης
1529 248 1575 274 ἑπὶ
1593 247 1681 274 πάντα
1698 246 1732 273 τὰ
1751 246 1820 273 ὄντα
1831 265 1841 275 υ

1049 295 1120 322 κατὰ
1138 293 1187 330 τὴν
1205 294 1394 330 ἀπλουστάτην
1412 294 1497 330 αὐτῆς
1516 293 1564 320 καὶ
1589 293 1676 329 ἀμιγῆ
1701 292 1751 328 τῆς
1779 294 1843 319 ἑνο-

1049 340 1127 367 ποιοῦ
1145 340 1286 376 δυνάμεως
1303 339 1463 377 παρουσίαν,
1476 339 1572 366 ἐνοῦσα
1586 339 1672 366 πάντα
1684 359 1691 371 ,
1703 340 1751 366 καὶ
1773 347 1842 365 συν-

1049 387 1145 414 δέουσα
1168 386 1203 413 τὰ
1226 386 1298 421 ἄκρα
1317 386 1360 412 διὰ
1378 385 1434 412 τῶν
1454 385 1544 421 μέσων
1560 386 1616 417 τοῖς
1634 385 1745 420 ἄκροις,
1764 383 1842 411 κατὰ

1051 433 1114 468 μίαν
1126 433 1231 469 ὁμοφυῆ
1244 431 1445 468 συζευγνύμενα
1454 433 1464 448 ⁶
1472 430 1578 466 φιλίαν
1591 431 1676 458 καὶτὸ
1687 430 1841 458 ἀπολαύειν

1049 480 1133 515 αὐτῆς
1142 479 1298 515 δωρουμένη
1320 479 1367 505 καὶ
1373 480 1432 510 ταῖς
1441 478 1569 514 ἐσχάταις
1576 477 1623 505 τοῦ
1631 477 1728 509 παντὸς
1736 478 1843 503 ἀποπε-

1052 527 1183 563 ρατὼσεσι
1194 547 1202 560 ,
1221 527 1267 554 καὶ
1285 527 1373 555 πάντα
1390 526 1503 562 ὁμόγνια
1514 525 1626 552 ποιοῦσα
1642 526 1702 556 ταῖς
1717 525 1841 560 ἑνότησι,

1050 575 1109 606 ταῖς
1137 573 1300 609 ταύτότησι,
1325 574 1384 605 ταῖς
1409 572 1539 606 ἑνώσεσι,
1567 573 1628 604 ταῖς
1648 572 1840 606 συναγωγαῖς,

1050 619 1208 656 ἀδιαιρέτως
1226 619 1325 655 δηλαδή
1341 620 1390 655 τῆς
1410 618 1485 651 Θείας
1502 618 1613 654 εἰρήνης
1631 617 1770 653 ἑστώσης,
1791 617 1843 644 καὶ

1051 666 1081 693 ἑν
1099 665 1140 692 ἑνὶ
1158 665 1246 692 πάντα
1265 665 1455 701 δεικνυούσης,
1476 664 1523 691 καὶ
1548 663 1594 690 διὰ
1612 663 1720 690 πάντων
1739 661 1843 697 φοιτώ-

1053 720 1102 748 σης
1114 732 1122 745 ,
1142 712 1189 739 καὶ
1207 712 1257 747 τῆς
1275 711 1377 744 οἰκείας
1391 711 1552 746 ταύτότητος
1570 710 1620 737 οὐκ
1640 708 1841 744 ἑξισταμένης·

1052 757 1157 793 πρόεισι
1176 757 1230 794 γὰρ
1249 757 1295 784 ἐπὶ
1314 757 1421 789 πάντα,
1441 756 1491 783 καὶ
1516 755 1676 791 μεταδίδωσι
1699 755 1782 781 πᾶσιν
1801 754 1844 779 οἰ-

1052 802 1133 835 κείως
1147 802 1238 834 αὐτοῖς
1257 802 1372 838 ἑαυτῆς,
1392 802 1440 828 καὶ
1459 800 1622 837 ὑπερσλὺζει
1634 799 1777 835 περιουσίᾳ
1789 799 1844 834 τῆς

1052 849 1193 884 εἰρηνικῆς
1211 848 1388 883 γονιμότητος
1400 856 1406 862 ·
1421 848 1468 874 καὶ
1482 847 1556 883 μένει
1574 846 1610 873 δι’
1627 845 1762 882 ὑπεροχὴν
1774 845 1845 872 ἑνώ-

218 885 276 918 dit;
295 894 356 913 nam
378 888 411 914 ad
428 889 518 915 omnia
543 891 677 924 procedit,
698 892 794 926 suique
814 892 1000 928 participatioa

1144 882 1194 930 ὅλη
1289 893 1354 927 ὃλην
1375 893 1421 920 καὶ
1437 882 1498 920 καθ’
1512 893 1577 929 ὅλην
1595 892 1693 928 ἑαυτὴν
1703 892 1712 908 ⁷
1737 892 1844 926 ὑπερη-

219 937 279 956 nem
305 932 429 960 omnibus
453 933 573 970 indulget
602 935 751 964 secundum
779 936 911 972 cujusque
937 947 1001 974 pro-

1055 941 1175 977 νωμένη.

218 976 372 1010 prietatem,
386 986 435 1006 nec
456 987 509 1007 non
528 981 646 1016 pacifica
667 982 846 1010 redundantia
871 985 1002 1014 bonitatis
1015 976 1162 1021 exuberat,
1181 986 1260 1023 511
1290 991 1371 1023 atque
1390 990 1481 1015 manet
1502 994 1551 1023 per
1572 992 1716 1015 excessum
1733 984 1845 1013 unionis

219 1025 274 1050 tota
289 1023 322 1051 ad
344 1027 437 1059 totam,
451 1026 534 1054 etiam
549 1027 697 1056 secundum
714 1028 832 1064 seipsatn
848 1034 933 1059 totam
946 1031 1060 1068 desuper
1073 1033 1159 1061 unita.

990 1101 1004 1138 ᾗ
1025 1100 1080 1132 ΠΙ.

254 1163 308 1191 Sed
347 1165 493 1200 quomodo,
533 1166 606 1195 dicet
643 1167 752 1203 aliquis,
783 1170 874 1198 omnia
907 1178 1002 1206 pacem

218 1210 368 1243 appetunt?
389 1219 451 1238 cum
469 1219 513 1240 res
529 1212 652 1247 plurimae
669 1214 829 1244 diversitate
855 1224 888 1244 ac
905 1217 1003 1245 distin-

217 1255 308 1283 ctione
323 1257 470 1291 gaudeant,
494 1265 582 1293 neque
607 1267 725 1295 unquam
741 1267 837 1296 sponte
854 1270 902 1290 sua
918 1263 1003 1291 velint

219 1301 370 1334 quiescere.
395 1302 478 1337 Atqui
495 1303 518 1331 si
537 1304 725 1333 diversitatem
751 1311 833 1341 atque
850 1308 1002 1336 distinctio-

219 1352 281 1372 nem
292 1365 301 1379 ,
318 1347 363 1381 qui
381 1347 422 1375 sic
439 1347 573 1384 loquitur,
601 1351 734 1386 cujusque
751 1353 789 1380 rei
807 1354 1000 1388 proprietatem

219 1398 282 1419 esse
305 1398 426 1426 asserat,
451 1402 513 1421 utrm
538 1403 582 1423 res
608 1397 700 1430 nulla,
723 1399 786 1425 dum
812 1399 840 1426 in
852 1406 906 1427 suo
928 1404 1001 1427 statu

220 1443 376 1472 permanet,
392 1446 452 1467 eam
469 1441 560 1475 perire
577 1443 652 1476 velit,
669 1451 719 1471 nos
736 1444 773 1471 illi
791 1445 903 1474 minime
921 1454 1003 1482 repu-

220 1483 380 1517 gnabimus,
398 1486 445 1513 sed
468 1487 493 1513 id
517 1486 604 1520 ipsum
622 1497 729 1525 quoque
745 1492 821 1526 pacis
837 1493 1002 1521 desiderium

219 1535 281 1557 esse
300 1535 462 1559 statuemus.
490 1535 591 1561 Amant
615 1535 688 1562 enim
710 1537 801 1564 omnia
824 1545 888 1565 cum
902 1543 1003 1566 semet-

1089 1172 1152 1205 Πῶς
1166 1172 1206 1206 δὲ,
1221 1173 1287 1210 φαίη
1304 1183 1355 1207 τις,
1371 1173 1497 1209 ἑφίεται⁸
1507 1173 1594 1202 πάντα
1609 1173 1739 1209 εἰρήνης;
1756 1172 1844 1200 πολλὰ

1053 1218 1108 1255 γὰρ
1118 1219 1257 1255 ἑτερότητι
1275 1220 1323 1247 καὶ
1336 1219 1470 1255 διακρίσει
1480 1220 1569 1256 χαίρει
1582 1241 1590 1254 ,
1605 1220 1653 1246 καὶ
1667 1220 1717 1247 οὐκ
1727 1220 1761 1248 ἄν
1775 1228 1842 1246 ποτε

1052 1265 1149 1292 ἑκόντα
1166 1266 1279 1302 ἠρεμεῖν
1295 1266 1427 1302 ἑθελήσοι.
1440 1266 1496 1293 Καὶ
1511 1267 1535 1293 εἰ
1559 1267 1609 1302 μὲν
1630 1266 1776 1302 ἑτερότητα
1793 1267 1843 1293 καὶ

1051 1311 1188 1349 διάκρισιν
1201 1312 1215 1339 ό
1225 1312 1311 1339 ταῦτα
1321 1312 1407 1348 λέγων
1419 1313 1486 1348 φησὶ
1500 1312 1548 1349 τὴν
1563 1313 1678 1340 ἑκάστου
1691 1313 1745 1340 τῶν
1756 1313 1842 1340 ὄντων

1057 1357 1184 1393 ἰδιότητα,
1194 1358 1241 1385 καὶ
1251 1359 1292 1386 ὅτι
1303 1358 1404 1395 ταύτην
1419 1359 1479 1386 οὐδὲ
1493 1359 1524 1386 ἓν
1533 1359 1587 1391 τῶν
1599 1359 1684 1387 ὄντων
1695 1360 1725 1386 ὃν
1742 1380 1750 1392 ,
1772 1360 1842 1396 ὅπερ

1055 1402 1140 1437 ἑστὶν,
1157 1403 1244 1431 ἐθέλει
1254 1404 1318 1431 ποτὲ
1331 1404 1483 1439 ἀπολλύειν,
1494 1405 1543 1432 οὐκ
1555 1405 1589 1433 ἂν
1602 1405 1662 1432 οὐδὲ
1677 1406 1756 1441 ἡμεῖς
1772 1406 1842 1441 πρὸς

1054 1448 1133 1475 τοῦτο
1152 1449 1335 1485 ἀντιφήσομεν
1345 1451 1367 1484 ⁸,
1381 1450 1448 1478 ἀλλὰ
1467 1451 1514 1478 καὶ
1528 1451 1629 1487 ταύτην
1644 1452 1756 1488 εἰρήνης
1776 1452 1840 1486 ἑφε-

1052 1502 1097 1521 ’σιν
1120 1495 1341 1531 ἀποφανούμεθα,
1369 1497 1461 1523 Πάντα
1479 1497 1534 1533 γὰρ
1556 1498 1650 1534 ἀγαπᾷ
1666 1498 1735 1533 πρὸς
1756 1499 1840 1526 ἑαυτά

1055 1541 1206 1577 εἰρηνεύειν
1222 1550 1251 1569 τε
1267 1542 1314 1569 καὶ
1326 1543 1455 1579 ἡνῶσθαι,
1472 1544 1520 1570 καὶ
1533 1544 1635 1570 ἑαυτῶν
1649 1544 1763 1572 καὶτῶν
1777 1546 1839 1572 ἑαυ-

220 1576 285 1613 ipsis
301 1583 395 1610 pacem
413 1578 526 1612 habere,
540 1585 620 1615 atque
635 1588 695 1608 esse
711 1582 865 1618 conjuncta,
883 1592 932 1612 nec
949 1594 1000 1613 nun

1054 1587 1106 1614 τῶν
1127 1588 1241 1624 άκίνητα
1261 1590 1308 1616 καὶ
1329 1576 1441 1617 άπτωτα
1462 1588 1540 1617 εἰναι.
1565 1591 1620 1617 Καὶ
1640 1591 1698 1618 ἑστι
1727 1591 1839 1628 καὶτῆς

219 1627 250 1647 se
265 1627 369 1656 suaque
385 1623 476 1651 omnia
503 1624 616 1652 immota
632 1631 659 1653 et
676 1627 758 1654 illaesa
783 1629 940 1662 persistere.
970 1630 1002 1657 Et

220 1669 264 1692 est
283 1665 405 1700 perfecta
435 1667 481 1695 illa
508 1676 561 1703 pax
586 1671 799 1708 uniuscujusque
827 1674 1003 1708 proprietatis

219 1712 395 1747 impermistaz
423 1716 629 1749 conservatrix.
647 1725 696 1752 per
717 1720 905 1753 providentias
927 1730 1002 1757 suas,

219 1757 296 1791 pacis
312 1758 477 1793 largitrices,
501 1761 593 1788 omnia
619 1761 690 1789 inter
714 1764 804 1798 seipsa
821 1770 849 1792 et
865 1773 926 1793 cum
943 1767 1003 1796 aliis

220 1803 280 1831 sine
308 1805 444 1833 seditione
474 1811 502 1833 et
527 1807 688 1836 confusione
715 1811 872 1839 custodiens
887 1833 895 1846 ,
920 1818 1002 1848 atque

217 1849 310 1877 omnia
333 1851 422 1878 stabili
446 1857 473 1879 et
490 1860 622 1887 nusquam
645 1855 799 1884 declinante
823 1858 944 1891 potentia
967 1860 1001 1890 ad

219 1895 341 1932 ipsorum
357 1903 452 1932 pacem
468 1897 740 1936 itmuobilitatemque
756 1902 910 1932 stabiliens.

1052 1633 1112 1660 καθ’
1127 1634 1240 1662 ἑκαστον
1260 1635 1376 1670 ἀμιγοῦς
1399 1635 1528 1671 ἰδιότητος
1550 1638 1567 1673 ἡ
1586 1638 1719 1674 παντελὴς
1743 1639 1837 1674 εἰρήνη

1053 1681 1225 1717 φυλακτικὴ,
1246 1683 1308 1714 ταῖς
1332 1682 1520 1719 εἰρηνοδώροις
1538 1684 1622 1719 αὐτῆς
1647 1684 1787 1720 προνοίαις
1805 1685 1838 1712 τὰ

1052 1726 1140 1752 πάντα
1149 1726 1319 1753 ἀστασίαστα
1335 1728 1382 1754 καὶ
1396 1727 1560 1763 ἀσύμφυρτα
1572 1729 1639 1764 πρὸς
1647 1737 1677 1754 τε
1694 1729 1778 1755 ἑαυτά
1792 1729 1838 1755 καὶ

1051 1772 1119 1808 πρὸς
1134 1773 1235 1808 ἄλληλα
1249 1773 1418 1805 διασώζουσα
1429 1794 1436 1806 ,
1448 1774 1496 1800 καὶ
1514 1774 1601 1801 πάντα
1616 1776 1645 1802 ἑν
1659 1774 1778 1811 σταθερᾷ
1792 1775 1838 1802 καὶ

1053 1817 1154 1852 ἀκλίτῳ
1166 1817 1279 1853 δυνάμει
1296 1818 1364 1855 πρὸς
1375 1818 1425 1854 τὴν
1437 1819 1539 1847 ἑαυτῶν
1552 1820 1664 1856 εἰρήνην
1677 1821 1726 1847 καὶ
1743 1821 1834 1857 (bum,~

1054 1863 1114 1890 σίαν
1125 1863 1236 1890 ἱστῶσα.

992 1976 1006 2013 §
1030 1976 1085 2008 IV.

253 2037 284 2066 Si
323 2044 419 2068 cuncta
465 2049 548 2077 porro
593 2050 654 2078 qua
689 2051 850 2080 moventur,
886 2048 1001 2077 minime

217 2086 371 2119 quiescere,
387 2087 435 2115 sed
451 2088 517 2116 cieri
534 2096 643 2125 semper
657 2098 707 2119 suo
724 2098 798 2120 motu
816 2093 900 2121 velint
918 2095 959 2122 vel
976 2094 1000 2123 is

218 2130 277 2164 ipse
293 2134 417 2161 movendi
435 2142 464 2162 se
481 2136 617 2170 appetitus
633 2138 666 2165 ad
682 2138 800 2166 divinam
818 2140 890 2167 illam
905 2148 999 2176 pacem

218 2178 399 2206 universalem
427 2181 562 2215 pertinet,
589 2190 650 2217 qua:
676 2185 767 2211 omnia
794 2184 819 2212 in
843 2187 941 2221 seipsis
966 2195 1000 2214 ne

217 2222 360 2251 clabantur
387 2231 488 2259 servat,
506 2233 588 2262 atque
603 2229 723 2256 omnium
741 2238 835 2258 eorum
854 2240 915 2267 qua:
941 2241 1000 2261 mo-

217 2274 316 2296 ventur
328 2271 523 2305 proprietatem
548 2275 744 2310 motricemque
755 2277 851 2310 vitam,
875 2286 910 2306 ne
925 2287 940 2305 a
956 2286 1000 2308 se-

218 2314 332 2349 metipsa
350 2316 485 2344 desciscat
500 2319 653 2353 excidatve,
671 2321 800 2354 custodit,
823 2327 852 2349 ut
868 2328 940 2350 mota
957 2331 1000 2351 se-

217 2366 279 2386 cum
292 2368 386 2395 pacem
405 2362 532 2397 habeant,
549 2369 577 2393 et
592 2372 625 2393 eo
639 2367 719 2394 modo
734 2374 765 2395 se
780 2367 922 2403 habentia,
937 2377 998 2404 quae

216 2412 266 2435 sua
282 2413 357 2442 ευιιι,
373 2416 515 2445 peragant.

1090 2051 1146 2078 Καὶ
1160 2053 1184 2078 εἰ
1198 2051 1233 2078 τὰ
1250 2052 1397 2088 κινούμενα
1411 2052 1500 2079 πάντα
1520 2052 1558 2088 μὴ
1573 2052 1695 2088 ἠρεμεῖν,
1709 2052 1779 2080 ἀλλὰ
1797 2062 1838 2080 κι-

1053 2097 1157 2124 νεῖσθαι
1179 2097 1223 2124 ἀεὶ
1240 2097 1290 2134 τήν
1312 2098 1416 2124 ἑαυτῶν
1439 2098 1546 2134 κίνησιν
1566 2098 1667 2131 ἑθέλοι,
1691 2099 1739 2125 καί
1761 2099 1838 2126 τοῦτο

1054 2143 1145 2178 ἔφεσίς
1163 2145 1220 2171 ἑστι
1237 2143 1287 2180 τῆς
1301 2144 1376 2177 θείας
1388 2144 1443 2170 τῶν
1464 2144 1532 2171 ὅλων
1546 2145 1673 2180 εἰρήνης,
1685 2145 1734 2180 τῆς
1750 2145 1838 2172 πάντα

1054 2190 1096 2223 ἐφ’
1111 2190 1213 2216 ἑαυτῶν
1231 2190 1387 2217 ἀδιάπτωτα
1398 2190 1419 2206 ¹⁰
1430 2189 1613 2226 διασωζούσης
1623 2210 1630 2222 ,
1646 2191 1694 2217 καὶ
1707 2190 1759 2226 τήν
1771 2192 1837 2218 πάν-

1052 2245 1106 2263 των
1129 2236 1183 2263 τῶν
1207 2237 1371 2272 κινουμένων
1393 2236 1512 2272 ἰδιότητα
1532 2237 1579 2263 καὶ
1600 2237 1743 2272 κινητικὴν
1765 2237 1837 2274 ζωὴν

1053 2282 1179 2318 ἀκίνητον
1193 2283 1240 2309 καὶ
1253 2283 1376 2310 ἄπτωτον
1391 2282 1575 2318 φυλαττούσης
1584 2303 1590 2315 ,
1604 2284 1634 2309 ὲν
1647 2282 1686 2318 τῷ
1699 2283 1734 2310 τὰ
1750 2284 1836 2311 κινού-

1054 2339 1122 2365 μενα
1136 2330 1203 2366 πρὸς
1218 2330 1302 2357 ἑαυτά
1316 2331 1488 2367 εἰρηνεύοντα
1497 2351 1504 2364 ,
1519 2331 1569 2357 καὶ
1579 2330 1709 2362 ὡσαύτως
1724 2329 1836 2366 ἔχοντα,

1049 2376 1116 2413 δρᾷν
1125 2376 1159 2404 τὰ
1173 2376 1287 2403 ἑαυτῶν.

986 2489 1063 2526 εν.

265 2553 412 2588 Caeterum,
437 2555 461 2583 si
484 2556 548 2591 quis
573 2557 757 2587 diversitatem
786 2568 802 2588 a
830 2568 899 2597 pace
931 2569 998 2597 pro-

215 2598 366 2634 lapsionem
395 2609 538 2636 asserens,
563 2604 705 2633 conﬁrmet
736 2614 831 2641 pacem
864 2616 917 2636 non
936 2617 996 2638 esse

215 2645 342 2674 omnibus
371 2648 534 2683 amabilem;
566 2651 784 2685 respondendum
812 2654 995 2688 potissimum,

214 2689 283 2718 nihil
300 2691 327 2720 in
344 2697 442 2721 natura
460 2702 551 2723 rerum
567 2697 686 2725 existere
702 2699 773 2733 quod
789 2700 862 2728 omni
879 2708 994 2736 prorsus

1085 2563 1117 2590 Εἰ
1137 2564 1166 2591 δὲ
1177 2584 1184 2596 ,
1205 2563 1255 2599 τὴν
1275 2564 1336 2591 κατ’
1350 2563 1487 2591 ἔκπτωσιν
1502 2564 1612 2600 εἰρήνης
1625 2563 1773 2599 ἑτερότητα
1791 2563 1834 2589 λέ-

1050 2618 1116 2644 γων,
1132 2611 1295 2646 ἰσχυρίζεται
1317 2610 1354 2647 μὴ
1374 2612 1455 2637 πᾶσιν
1470 2608 1539 2637 εἶναι
1565 2609 1682 2646 ἐραστὴν
1696 2610 1746 2645 τὴν
1761 2611 1835 2646 εἰρή-

1049 2666 1116 2694 νην,
1140 2657 1255 2693 μάλιστα
1278 2658 1326 2693 μὲν
1347 2658 1422 2685 οὐδέν
1449 2659 1507 2685 ἑστι
1529 2658 1583 2685 τῶν
1607 2657 1701 2689 ὅντων,
1716 2657 1731 2684 ὃ
1746 2658 1834 2692 πάσης

1049 2702 1188 2734 παντελῶς
1202 2702 1324 2736 ἑνώσεως
1334 2703 1516 2730 dnouement:
1528 2711 1536 2719 ·
1550 2703 1580 2730 τὸ
1589 2702 1643 2739 γὰρ
1656 2703 1744 2739 πάντη
1756 2703 1833 2730 ἄστα-

843 2770 961 2798 VARIA‘]
975 2770 1123 2799 LECTION
1127 2771 1177 2799 ES.

250 2822 481 2866 ’,συγᾼεομένηιη
553 2824 597 2855 Sc.
643 2827 652 2843 ε
671 2827 887 2866 συνεζευγμένα,
912 2830 940 2859 S.
961 2829 991 2859 P.

217 2855 239 2875 ⁸⁸
255 2855 447 2894 ipsein-riora;
465 2859 494 2887 S.
505 2860 533 2888 ι’.

1050 2831 1060 2847 ⁷
1077 2831 1186 2867 ἑαυτῆς.
1235 2832 1245 2848 ⁸
1261 2831 1301 2858 ὅτι
1319 2830 1442 2867 ἐφίεται,
1460 2830 1490 2860 D.
1540 2832 1550 2848 ⁹
1567 2831 1764 2868 ἀντιφήσαιμεν
1775 2852 1781 2864 ,
1799 2831 1828 2858 D.
