1929 3061
97 123 164 151 955

641 121 683 148 DE
699 120 825 149 DlVlNlS
841 117 1039 149 NOMINIBUS.
1057 119 1132 148 CAP.
1150 119 1197 148 XI.

1679 117 1733 146 95A

99 188 169 211 τον,
186 179 233 207 καὶ
251 179 372 215 ἄπειρον,
388 178 436 206 καὶ
454 179 603 214 ἀνίδρυτον,
625 179 671 205 καὶ
690 177 822 214 ἀόριστον,
837 177 898 204 οὒτε

950 180 1046 205 careat
1072 177 1185 209 unione;
1204 175 1229 203 id
1246 175 1319 203 enim
1342 175 1414 211 quod
1432 175 1539 211 penitus
1564 175 1690 203 instabile
1707 180 1735 202 ct

99 225 135 251 δν
152 225 238 256 ἐστιν,
249 223 310 251 οὕτε
325 226 353 250 ὲν
367 226 422 256 τοίς
439 222 523 251 οὖσιν.
549 224 580 251 Εἰ
595 223 623 250 δὲ
637 223 747 255 τούτους
762 224 843 259 φησὶν
859 223 896 250 εἰ-

103 271 182 306 ρήνῃ
199 271 247 297 καὶ
267 271 376 306 εἰρήνης
388 270 499 304 ἀγαθοῖς
515 269 713 305 ἀπελϐάνεσθαι
724 289 731 302 ,
747 269 810 301 τοὺς
825 269 896 305 ἐρισι

101 318 158 344 καὶ
173 316 285 352 θυμοῖς,
305 317 353 343 καὶ
372 315 529 343 ἁλλοιώσεσι
547 316 593 343 καὶ
607 315 819 347 ἀκαταστασίαις
837 315 897 351 χαί-

103 371 224 400 ροντας⁴
246 364 292 390 καὶ
307 360 378 391 οὗτοι
393 363 526 398 ἀμαυροῖς
545 361 662 394 εἰδώλοις
677 362 818 398 εἰρηνικῆς
832 362 896 396 ὲφέ-

104 417 182 440 σεως
194 409 411 445 διακρατοῦνται,
425 409 493 444 πρὸς
506 407 599 436 παθῶν
616 407 801 444 ἐνοχλούμενοι
817 407 897 434 πολυ-

102 455 239 490 κινήτων,
258 456 305 482 καὶ
321 455 407 483 ταῦτα
421 456 496 491 ίστᾷν
513 455 734 490 ἀνεπιστημὸνως
749 454 895 489 ἐφιέμενοι,

103 501 157 529 καὶ
165 500 282 536 οἰόμενοι
291 503 323 537 τῇ
332 501 523 537 ἁποπληρώσει
532 501 585 528 τῶν
599 501 641 528 ἀεὶ
658 500 844 536 ἀπορρεόντων
859 501 897 527 εζ-

105 547 235 583 ρηνεύειν
243 548 354 579 ἑαυτοὺς
364 550 397 584 τῇ
406 548 516 584 ἀτευξίᾳ
523 548 541 564 ¹¹
550 548 603 574 τῶν
611 547 790 583 κρατησασῶν
797 547 897 583 ἡδονῶν

104 593 371 629 ὲκταρασσομένους.
381 593 413 620 Τί
424 594 456 620 ἄν
463 602 504 625 τις
511 593 583 620 εἴποι
595 593 658 628 περὶ
672 593 721 628 τῆς
736 593 806 619 κατα
827 593 896 628 Χρι-

105 639 173 667 στὸν
180 639 352 675 είρηνοχύτου
365 638 567 675 φιλανθρωπίας
577 647 584 671 ;
596 638 657 665 καθ’
671 639 704 674 ἢν
713 639 744 665 οὐ
758 637 795 674 μὴ
807 637 898 673 μάθω-

107 692 162 719 μεν
182 684 222 711 ἔτι
242 685 368 720 πολεμεῖν
378 704 385 717 ,
401 685 462 712 οὗτε
476 686 592 716 ἑαυτοῖς,
605 683 666 712 οὔτε
683 683 817 719 ἀλλήλοις,
835 683 896 711 οὗτε

106 730 236 765 ἀγγέλοις
245 739 252 746 ·
268 730 335 758 ἀλλὰ
346 731 392 757 καί¹
405 731 496 763 αὐτοῖς
504 731 537 757 τὰ
548 730 607 757 θεῖα
621 729 690 757 κατὰ
704 729 817 765 δύναμιν
835 738 897 756 συν-

107 777 272 812 εργήσωμεν
282 777 313 810 ¹¹,
326 776 396 804 κατὰ
409 777 534 813 πρόνοιαν
558 776 645 813 Ἰησοῦ
655 776 701 803 τοῦ
717 776 750 803 τὰ
768 776 856 804 πάντα
868 777 897 803 ἐν

108 824 195 850 πᾶσιν
203 822 386 859 ἐνεργοῦντος,
397 824 444 851 καὶ
455 824 592 856 ποιοῦντος
603 824 713 860 εἰρήνην
723 823 841 859 ἄρρητον
850 823 897 850 καὶ

107 867 140 900 ἐξ
149 867 246 900 αίῶνος
253 868 469 904 προωρισμὲνην,
477 867 523 894 καὶ
534 867 814 898 ἁποκαταλλάσσοντος
824 867 896 902 ἡμᾶς
914 864 934 892 Β

108 913 200 949 ἑαυτῷ
211 914 232 930 ³³
247 914 294 940 καὶ
308 915 336 940 ὲν
350 913 438 949 ἑαυτῴ
453 913 492 949 τῷ
503 913 590 949 Πατρ).
599 933 606 946 ,
619 913 683 948 περὶ
693 909 730 939 ὧν
749 911 895 948 ὑπερφυῶν

108 959 205 996 δώρων
224 961 255 987 ὲν
273 961 333 992 ταῖς
347 960 533 995 Θεολοτικαῖς
544 960 777 988 ύποτυπώσεσιν
797 958 897 991 ἱκανῶς

108 1005 217 1041 εἴρηται
227 1025 235 1038 ,
250 1006 578 1042 προσεπιμαρτυρούντων
588 1006 610 1022 ’δ
620 1007 686 1042 ἡμῖν
697 1006 744 1032 καὶ
758 1006 808 1042 τῆς
821 1007 896 1042 ἱερᾶς

107 1050 164 1077 τῶν
177 1051 274 1085 λογίων
286 1051 438 1084 ἐπιπνοίας.

948 223 1099 254 inﬁnitum;
1119 221 1246 257 nullaque
1262 223 1327 250 sede
1355 223 1448 249 nixum
1474 223 1734 257 interminatumque

947 268 1136 308 ﬂugiturhnaa
1155 268 1219 295 illud
1243 268 1330 303 ipsum
1355 275 1404 303 per
1425 276 1454 296 se
1478 268 1544 296 nihil
1562 273 1613 301 est,
1632 275 1681 295 nec
1707 269 1733 295 lu

947 313 1039 348 aliquo
1054 313 1159 340 existit.
1180 313 1227 340 Sin
1251 313 1374 345 objiciat,
1394 320 1441 340 eos
1458 313 1516 348 paci
1534 313 1664 347 pacisque
1686 312 1735 339 bo-

946 359 989 386 nis
1009 358 1168 392 adversari,
1185 358 1231 393 qui
1249 359 1342 385 litibus
1358 362 1385 386 et
1401 358 1551 390 furoribus,
1570 357 1735 385 mutationi-

946 405 1050 440 busque
1066 409 1094 432 et
1112 404 1333 432 inslabilitatibus
1345 404 1529 437 delectantur;
1542 412 1637 432 verum
1653 408 1679 431 et
1696 402 1732 430 illi

946 458 1056 486 quoque
1079 450 1205 478 obscuris
1230 451 1395 486 quibusdam
1419 450 1525 485 pacifici
1544 450 1670 478 desiderii
1697 449 1735 476 si-

947 497 1075 525 mulacris
1095 497 1271 529 detinentur,
1296 497 1358 524 dum
1381 497 1634 531 perturbationibus
1651 496 1735 523 variis

947 548 1076 579 aguntur,
1093 551 1161 579 quas
1183 543 1308 578 imperite
1330 543 1429 571 sedare
1452 544 1619 576 desiderant,
1647 548 1674 570 et
1693 551 1736 570 ar-

946 588 1086 616 bitrantur
1109 596 1139 616 se
1156 596 1252 623 pacem
1271 589 1383 622 habere,
1401 589 1423 616 si
1442 590 1570 616 continuo
1587 589 1736 617 fluentibus

947 634 1131 670 voluptatibus
1149 636 1305 662 bauriendis
1322 635 1468 668 insistant;
1486 641 1513 663 et
1531 636 1736 671 perturbantur,

947 681 971 708 si
988 681 1069 708 rebus
1087 681 1129 712 iis,
1143 688 1158 708 a
1171 681 1270 716 quibus
1286 681 1336 716 ipsi
1352 682 1451 709 devicti
1469 685 1543 715 sunt,
1557 681 1735 709 frustrentur.

947 729 1017 764 Quid
1036 737 1117 765 porro
1133 730 1208 757 dicet
1228 731 1290 765 quis
1306 732 1339 758 de
1355 730 1457 758 Christi
1482 731 1595 766 paciﬁca
1614 731 1738 766 benigni—

947 777 1027 805 tate?
1043 785 1095 812 qua
1114 777 1253 809 docemur,
1275 785 1328 805 non
1346 777 1417 805 ultra
1434 777 1533 806 bellum
1558 785 1664 813 gerere,
1680 779 1738 806 sive

948 833 1011 853 eum
1037 824 1116 852 nobis
1145 824 1231 859 ipsis,
1257 825 1315 852 sive
1337 832 1399 852 cum
1422 825 1572 860 proximis,
1600 825 1659 853 sive
1675 832 1736 852 cum

947 870 1066 905 angelis,
1107 870 1207 905 quibus
1238 871 1329 906 potius
1352 869 1433 906 512
1459 878 1509 906 pro
1541 871 1615 898 virili
1640 878 1738 905 coope-

949 916 1062 943 randum
1098 919 1141 943 est
1157 915 1184 943 in
1215 916 1249 944 iis
1277 924 1337 950 quae
1353 918 1386 944 ad
1404 917 1487 944 Deum
1505 921 1646 952 spectant,
1658 916 1736 950 juxta

951 962 1038 997 ipsius
1057 961 1121 989 Jesu
1146 962 1355 997 providentiam,
1381 970 1441 998 quae
1457 964 1549 991 omnia
1567 963 1594 991 in
1611 963 1738 991 omnibus

951 1014 1091 1043 operatur,
1111 1016 1261 1045 pacemque
1278 1009 1386 1037 confert
1403 1008 1567 1044 inell'abilem
1587 1008 1622 1035 ab
1635 1013 1738 1036 aeterno

952 1055 1162 1090 pradelinitam,
1180 1062 1284 1090 nosque
1308 1055 1358 1082 sibi
1383 1055 1410 1082 in
1430 1056 1526 1090 spiritu
1547 1059 1574 1082 et
1599 1063 1648 1089 per
1663 1061 1692 1082 se
1709 1053 1736 1081 iu

109 1104 140 1125 se
158 1097 208 1132 ipsi
222 1097 294 1125 Patri
321 1098 490 1126 reconciliat.
524 1098 561 1126 De
584 1097 683 1133 quibus
698 1097 778 1126 donis
801 1100 1054 1134 supernaturalibus
1080 1102 1148 1130 satis
1169 1108 1305 1137 superque
1333 1101 1439 1129 dictum
1464 1106 1507 1130 est
1529 1100 1556 1128 in
1575 1100 1737 1136 Tlteologicit

108 1143 334 1177 institutionibus,
358 1151 441 1173 sacra
457 1144 600 1180 Scriptura
619 1144 699 1173 nobis
716 1144 902 1173 testimonium
920 1147 1094 1182 perltibeute.

882 1218 896 1255 §
919 1218 971 1249 Vl.

153 1288 221 1316 Ἀλλ’
235 1289 328 1325 ἐπειδὴ
343 1289 389 1317 καὶ
402 1289 494 1317 ἄλλοτε
513 1289 563 1326 μοῦ
577 1290 611 1317 δι’
623 1290 767 1327 ἐπιστολῆς
785 1291 898 1324 ἐπύθου,

110 1335 137 1363 τι
153 1343 217 1361 ποτε
238 1335 293 1371 ἄρα
312 1336 383 1371 φημὶ
395 1335 426 1362 τὸ
440 1336 505 1362 αὐτὸ
518 1333 587 1363 εἶναι
597 1357 605 1369 ,
618 1337 667 1373 τὴν
684 1337 834 1373 αὺτοζωὴν,
849 1337 898 1374 τὴν

110 1380 282 1415 αὐτοσοφίαν,
297 1381 345 1408 καὶ
357 1376 424 1417 προς
436 1382 529 1408 ἑαυτὸν
540 1381 608 1418 ἔφης
618 1383 782 1419 διαπορῆσαι
795 1384 826 1416 ’⁵,
840 1384 898 1416 πῶς

110 1427 157 1454 τὸν
171 1427 236 1454 Θεὸν
251 1427 315 1454 ποτὲ
331 1428 379 1463 μὲν
392 1428 532 1464 αὑτοζωήν
552 1437 638 1464 φημι,
657 1429 720 1456 ποτὲ
734 1429 762 1456 δὲ
779 1430 829 1465 τῆς
843 1430 896 1457 αὐ-

110 1476 214 1512 τοζωῆς
231 1477 384 1513 ὑποστάτην
394 1485 400 1492 ·
418 1477 565 1511 ἀναγκαῖον
576 1477 679 1513 ᾠήθην,
693 1477 748 1513 ίερὲ
764 1477 810 1504 τοῦ
829 1477 896 1504 Θεοῦ

111 1522 246 1558 ἄνθρωπε,
269 1523 315 1550 καὶ
334 1522 436 1558 ταύτης
459 1531 488 1549 σε
498 1523 519 1538 ¹⁸
533 1523 584 1558 τῆς
605 1523 648 1557 ἐφ’
664 1524 729 1558 ἡμῖν
747 1523 864 1559 ἀπορίας
874 1523 894 1538 ¹⁷

109 1568 252 1596 ἀπολῦσαι.
274 1569 329 1595 Καὶ
346 1568 452 1604 πρῶτον
471 1569 529 1604 μὲν,
548 1568 593 1595 ἴνα
611 1569 645 1596 τὰ
669 1569 831 1605 μυριόλεκτα
850 1569 896 1596 καὶ

110 1614 158 1642 νῦν
176 1614 362 1650 ἀναλάϐωμεν,
386 1615 436 1641 οὐκ
455 1615 527 1641 ἐστιν
541 1615 672 1647 ἐναντίον,
687 1614 865 1650 αὑτοδύναμιν
879 1615 895 1650 ἢ

111 1660 248 1696 αὑτοζωὴν
260 1661 346 1687 εἰπεῖν
359 1660 404 1687 τὸν
416 1660 493 1692 Θεὸν,
504 1661 610 1696 καὶτῆς
624 1661 773 1696 αὑτοζωῆς,
790 1661 806 1697 ἢ
821 1661 896 1696 εἰρή-

110 1714 175 1742 νης,
188 1706 205 1741 ἢ
220 1706 360 1741 δυνάμεως
381 1705 534 1741 ὑποστάτην
549 1706 588 1723 ll"
604 1706 638 1733 τὰ
654 1706 702 1741 μὲν
719 1706 773 1742 γὰρ
793 1708 826 1733 ἐκ
841 1706 896 1733 τῶν

111 1751 194 1779 ὄντων
207 1752 253 1778 καὶ
267 1751 381 1786 μάλιστα
395 1752 428 1777 ὲκ
440 1751 494 1778 τῶν
509 1751 624 1786 πρώτως
636 1752 730 1784 ὄντων,
751 1752 788 1784 ὼς
809 1752 896 1785 αἴτιος

112 1797 218 1825 πάντων
230 1796 284 1823 τῶν
295 1797 389 1828 ὄντων,
404 1796 512 1830 λέγεται
525 1805 532 1811 ·
553 1796 587 1823 τὰ
604 1797 642 1829 δὲ,
660 1797 697 1829 ὡς
713 1797 783 1833 ὑπὲρ
806 1798 895 1825 πάντα

113 1843 159 1871 καὶ
177 1842 211 1870 τὰ
229 1842 344 1879 πρώτως
365 1843 430 1869 ὄντα
450 1842 559 1878 ὑπερὼν
582 1843 750 1879 ὑπερουσίως
765 1844 796 1871 ⁸³.
816 1845 848 1871 Τί
865 1845 894 1872 δὲ

111 1890 188 1923 ὅλως,
203 1889 266 1924 φῂς,
279 1889 310 1915 τὸ
324 1889 390 1915 αὐτὸ
407 1887 476 1916 εἶναι
495 1889 619 1924 λέγομεν,
639 1889 655 1925 ἢ
675 1889 723 1925 τὴν
737 1889 875 1926 αὺτοξωὴν
885 1911 893 1922 ,

112 1935 191 1971 ἢὸσα
205 1935 346 1967 ἀπολύτως
363 1935 410 1962 καὶ
430 1935 588 1971 ἀρχηγικῶς
610 1934 696 1969 εἶναι,
721 1937 769 1963 καὶ
793 1938 825 1963 ἐκ
846 1936 893 1969 τοῦ

111 1979 176 2008 Θεοῦ
189 1981 303 2017 πρώτως
313 1981 493 2017 ὑφεστηκέναι
505 1981 644 2018 τιθέμεθα.
656 1982 742 2009 Τοῦτο
751 1982 779 2010 δέ
793 1991 891 2018 φαμεν,

112 2029 160 2055 οὐκ
172 2028 244 2055 ἐστιν
255 2029 381 2062 ἀγκύλον,
396 2029 452 2056 ἀλλ’
464 2029 528 2056 εὐθὺ
543 2030 588 2057 καὶ
596 2030 685 2065 ἁπλῆν
698 2030 747 2066 τὴν
758 2030 893 2066 διασάφη-

113 2082 153 2101 σιν
166 2073 236 2109 ἕχον.
248 2074 284 2100 υὺ
295 2074 349 2110 γὰρ
360 2075 452 2102 οὐσίαν
466 2075 526 2102 τινὰ
537 2075 621 2109 θείαν,
634 2075 649 2111 ἢ
660 2076 807 2112 ἀγγελικὴν
824 2074 893 2103 εἷναί

113 2128 198 2156 φαμεν
211 2121 242 2147 τὸ
254 2121 319 2147 αὐτὸ
329 2119 397 2148 εἶναι
407 2122 429 2137 ¹⁰
440 2121 486 2148 τοῦ
498 2120 568 2149 εἶναι
580 2122 614 2149 τὰ
626 2123 691 2149 ὄντα
707 2123 794 2150 πάντα
805 2123 892 2149 αἰτίαν

114 2166 210 2201 (μόνον
231 2166 286 2202 γὰρ
308 2167 355 2194 τοῦ
377 2165 445 2194 εἶναι
463 2168 550 2194 πάντα
564 2169 597 2195 τὰ
618 2168 697 2200 ὅντα,
714 2169 760 2195 καὶ
781 2169 846 2196 αὐτὸ
862 2170 892 2196 τὸ

113 2210 177 2238 εἷναι
192 2212 360 2248 ὑπερουσιον,
377 2213 457 2249 ἀρχὴ,
472 2214 518 2239 καί
532 2213 620 2245 οὐσία,
636 2215 683 2240 καὶ
702 2214 821 2250 αἴτιον),
832 2215 893 2241 οὐδὲ

113 2257 239 2291 ζωογόνον
252 2257 273 2272 ²¹
288 2256 354 2289 ἄλλη
376 2257 489 2293 ϐεότητα
504 2257 579 2293 παρὰ
592 2258 642 2294 τὴν
657 2259 787 2294 ὑπέροεον
796 2260 818 2274 ¹¹
830 2260 896 2286 πὰν-

112 2312 162 2330 των
183 2304 232 2330 ὅσα
253 2303 286 2339 ζῇ
299 2323 306 2336 ,
321 2304 368 2331 καὶ
385 2304 435 2339 τῆς
452 2305 590 2341 αὐτοζωῆς
605 2306 693 2332 αἰτίαν
710 2306 791 2341 ζωὴν,
812 2306 872 2333 οὔτε
884 2327 891 2338 ,

114 2348 250 2375 συνελόντα
265 2349 360 2380 είπεῖν,
379 2349 494 2385 ἀρχικὰς
510 2349 564 2376 τῶν
578 2350 660 2376 ὄντων
676 2350 722 2376 καὶ¹
735 2350 893 2387 δημιουργι-

113 2394 160 2426 κὰς
172 2394 264 2426 οὐσίας
278 2395 325 2420 καὶ
338 2394 498 2426 ὑποστάσεις
507 2414 514 2427 ,
541 2395 649 2427 ἅστινας
661 2396 684 2411 ¹³
697 2397 743 2423 καὶ
753 2397 830 2429 Θεοὺς
837 2397 891 2424 τῶν

112 2440 191 2467 ὄντων
203 2439 250 2466 καὶ
266 2440 446 2476 δημιουργοὺς
464 2442 720 2477 αὑτοσχεδιάσαντες
735 2443 891 2479 ἀπεστομά-

111 2494 195 2520 τισαν,
210 2486 257 2517 οὓς
267 2505 274 2518 ,
289 2485 396 2521 ἀληθῶς
411 2487 459 2513 καὶ
472 2488 572 2523 κυρίως
589 2490 685 2520 εἰπεῖν,
703 2488 763 2515 οὔτε
814 2488 891 2514 αὐτοὶ

113 2533 216 2569 ᾔδεισαν
227 2535 250 2550 ¹⁵
258 2533 317 2569 (οὐκ
324 2533 347 2549 ’⁵
355 2533 443 2570 ὂντας)
454 2533 516 2560 οὔτε
533 2536 557 2560 ol
577 2535 693 2571 πατέρες
706 2535 795 2562 αὐτῶν
805 2543 811 2549 ·
833 2535 889 2562 ἀλλ’

113 2579 259 2611 αὑτοεῖναι,
279 2579 327 2605 καὶ
345 2579 498 2614 αὺτοξωὴν,
517 2580 564 2606 καὶ
582 2580 764 2616 αὐτοθεότητά
789 2589 889 2616 φαμεν,

909 1509 930 1537 C

911 2213 932 2239 Ι)

986 1292 1040 1321 Sed
1069 1294 1133 1329 quia
1166 1293 1236 1321 alias
1268 1300 1313 1321 me
1352 1299 1402 1329 per
1432 1291 1574 1327 epistolam
1615 1292 1735 1324 interro-

951 1339 1032 1374 gasti,
1064 1339 1129 1375 quid
1145 1339 1276 1375 appellem
1304 1346 1353 1374 per
1369 1347 1400 1368 se
1415 1346 1485 1373 esse,
1516 1347 1564 1375 per
1590 1346 1620 1367 se
1642 1340 1737 1374 vitam,

951 1393 1001 1420 per
1028 1392 1060 1413 se
1088 1386 1252 1421 sapientiam
1270 1405 1278 1419 ,
1325 1390 1353 1413 et
1384 1391 1474 1413 tecum
1503 1386 1545 1413 ais
1586 1385 1737 1418 dubitasse.

949 1431 1084 1466 quomodo
1103 1431 1188 1459 Deum
1205 1432 1351 1467 aliquando
1374 1432 1483 1467 quidem
1502 1438 1568 1459 voco
1584 1439 1633 1466 per
1649 1437 1680 1458 se
1698 1431 1738 1458 vi-

950 1482 1022 1511 tam,
1047 1478 1193 1513 aliquando
1217 1486 1282 1506 vero
1297 1478 1453 1506 eil‘ectorem
1471 1484 1520 1512 per
1536 1484 1566 1504 se
1581 1477 1665 1509 vitaz;
1691 1483 1738 1503 ne-

946 1523 1095 1551 cessarium
1113 1531 1173 1551 esse
1190 1524 1340 1552 arbitratus
1357 1530 1435 1555 sum,
1457 1523 1538 1549 homo
1559 1521 1608 1549 Dei
1628 1526 1736 1553 sancte,

947 1569 982 1596 ab
1007 1569 1059 1596 liae
1083 1569 1272 1602 dubitatione,
1298 1569 1388 1604 quoad
1411 1568 1527 1603 possim,
1555 1573 1582 1595 te
1607 1567 1736 1597 liberare.

946 1616 986 1641 Ac
997 1615 1115 1649 primum
1130 1616 1250 1650 quidem,
1264 1621 1294 1642 ut
1309 1623 1382 1642 nunc
1398 1619 1552 1650 repetamus
1566 1621 1627 1649 qua:
1640 1613 1738 1640 millies

947 1661 1018 1688 dicta
1035 1665 1101 1688 sunt
1113 1681 1121 1694 ,
1138 1669 1193 1689 non
1210 1666 1332 1697 pugnant
1355 1669 1448 1689 secum
1465 1661 1570 1692 dicere,
1586 1660 1670 1687 Deum
1687 1666 1733 1694 per

947 1712 976 1732 se
992 1711 1165 1740 potestatem,
1184 1710 1212 1733 et
1234 1714 1284 1741 per
1308 1713 1339 1734 se
1360 1707 1466 1739 vitam;
1483 1710 1512 1733 et
1526 1705 1634 1737 dicere.
1650 1705 1734 1732 Deum

946 1757 1098 1781 creatorem
1112 1760 1162 1788 per
1178 1760 1208 1781 se
1224 1754 1297 1785 vitae,
1309 1753 1353 1780 vel
1369 1759 1417 1787 per
1430 1759 1464 1780 se
1480 1752 1568 1788 pacis,
1581 1751 1623 1778 vel
1640 1758 1689 1786 per
1705 1758 1735 1778 se

947 1799 1102 1833 potestatis;
1122 1799 1179 1827 haec
1197 1799 1269 1827 enim
1283 1800 1382 1827 dicitur
1395 1799 1467 1827 Deus
1482 1806 1515 1826 ex
1532 1798 1566 1826 iis
1581 1805 1642 1833 qua:
1657 1803 1733 1830 sunt,

945 1850 974 1873 et
990 1847 1107 1873 maxime
1122 1853 1156 1873 ex
1173 1846 1207 1874 iis
1224 1853 1284 1881 quae
1302 1846 1389 1880 prima
1412 1851 1487 1878 sunt,
1507 1850 1636 1880 tanquam
1651 1852 1734 1872 causa

945 1892 1068 1919 omnium
1093 1899 1154 1926 quae
1177 1896 1258 1925 sunt;
1286 1891 1331 1918 illa
1357 1897 1449 1919 autem
1475 1892 1586 1923 dicitur,
1605 1895 1733 1925 tanquam

944 1938 1067 1965 existens
1083 1937 1384 1972 suprasubstantialiter
1394 1945 1474 1973 supra
1486 1937 1576 1964 omnia
1589 1944 1649 1972 quae
1659 1941 1734 1969 sunt,

943 1988 972 2010 et
987 1990 1047 2018 qua:
1062 1982 1149 2018 pritno
1165 1988 1238 2010 sunt.
1257 1982 1362 2016 Quaeris
1379 1988 1469 2010 autem
1486 1982 1550 2017 quid
1564 1989 1678 2017 prorsus
1691 1982 1734 2009 di-

944 2037 1038 2057 camus
1050 2036 1099 2064 per
1119 2036 1148 2056 SC
1167 2036 1239 2061 esse,
1261 2033 1308 2056 aut
1323 2036 1372 2062 per
1393 2036 1423 2056 se
1440 2029 1537 2059 vitam,
1550 2032 1595 2054 aut
1608 2034 1734 2062 quaecun-

943 2083 997 2110 que
1021 2075 1144 2103 absolute
1166 2080 1193 2102 et
1207 2074 1395 2110 principaliter
1423 2082 1495 2107 esse,
1521 2078 1550 2101 et
1569 2082 1602 2101 ex
1619 2074 1675 2101 Deo
1702 2080 1733 2100 ac

944 2121 1032 2155 primo
1047 2126 1136 2148 creata
1155 2128 1214 2148 esse
1234 2122 1368 2156 ponimus.
1382 2120 1586 2154 Respondemus
1605 2126 1658 2146 non
1672 2126 1734 2146 esse

944 2167 996 2194 hoc
1019 2171 1183 2199 contortum,
1201 2166 1250 2194 sed
1276 2171 1391 2197 rectum,
1410 2170 1438 2193 et
1454 2165 1603 2200 simplicem
1630 2164 1734 2191 habens

944 2213 1172 2248 esplanationem.
1189 2212 1248 2240 Non
1268 2212 1341 2239 enim
1368 2211 1434 2239 illud
1457 2219 1505 2246 per
1521 2218 1550 2238 se
1567 2218 1644 2243 esse,
1668 2211 1733 2237 sub-

945 2259 1074 2287 stantiam
1101 2258 1244 2292 quamdam
1273 2258 1392 2285 divinam
1422 2261 1469 2283 aut
1495 2256 1646 2291 angelicam
1671 2263 1732 2283 esse

944 2304 1074 2336 dicimus,
1093 2310 1154 2338 qua;
1176 2302 1212 2330 sit
1233 2309 1315 2329 causa
1338 2307 1367 2329 ut
1392 2301 1448 2328 sint
1473 2301 1564 2328 omnia
1589 2309 1649 2335 qua:
1669 2306 1733 2328 sunt

944 2350 1042 2386 (solum
1060 2349 1133 2377 enim
1146 2350 1192 2384 qui
1213 2353 1255 2377 est
1271 2356 1438 2384 supraquam
1462 2348 1630 2381 substantia,
1656 2348 1729 2383 prin-

942 2397 1061 2431 cipium,
1078 2400 1107 2423 et
1128 2396 1262 2426 essentia,
1286 2400 1315 2422 et
1340 2402 1422 2422 causa
1442 2400 1483 2422 est
1511 2399 1540 2421 ut
1564 2394 1619 2421 sint
1638 2393 1730 2421 omnia

942 2450 1003 2477 quae
1022 2446 1096 2476 sunt,
1111 2447 1138 2469 et
1155 2441 1244 2477 ipsum
1260 2449 1308 2476 per
1321 2449 1351 2468 se
1365 2442 1448 2474 esse),
1463 2448 1513 2468 nec
1533 2440 1616 2467 aliam
1631 2439 1730 2466 divini-

942 2493 1023 2516 tatem
1044 2497 1103 2524 qua:
1120 2489 1205 2516 vitam
1227 2489 1326 2523 pariat,
1342 2493 1521 2524 praeterquam
1546 2488 1628 2515 vitam
1645 2494 1733 2521 supra-

941 2543 1021 2570 quam
1035 2535 1154 2563 divinam
1171 2535 1292 2562 omniuut
1306 2542 1476 2571 quaecunque
1489 2534 1592 2566 vivunt,
1603 2537 1631 2561 et
1644 2533 1728 2569 ipsius

942 2588 990 2616 per
1005 2589 1035 2608 se
1048 2582 1111 2609 vitae
1127 2588 1249 2615 causam,
1272 2582 1416 2616 ponimus;
1440 2588 1491 2609 nec
1518 2585 1547 2608 ut
1570 2580 1726 2607 summatim

737 2681 855 2709 νΑιιιλΕ
870 2681 1071 2710 LECTKONES.

142 2761 160 2778 ¹¹
176 2760 275 2796 ἀταξία
287 2781 295 2792 ,
318 2760 351 2796 D.

114 2797 134 2813 "
148 2795 294 2833 ἀπορῆσαι,
312 2795 341 2822 S.
355 2796 383 2822 P.
398 2796 436 2833 Ι)ζ
470 2795 497 2833 ξοδ
512 2795 552 2823 τό.

113 2831 297 2866 «singulm
309 2833 407 2861 verbo.
425 2832 453 2859 Β.
470 2831 500 2859 Ι).
540 2833 560 2848 ²¹
579 2831 776 2869 μῐωεεάίιγάρ
793 2835 818 2860 in
831 2833 860 2860 l’.

388 2761 409 2777 η
426 2768 524 2796 συνεργ
546 2769 636 2796 σομεν,
656 2761 685 2787 D.
708 2760 754 2788 Sc.
768 2761 829 2789 Sar.
870 2763 891 2778 ”
907 2763 937 2790 ὲν
955 2762 1093 2797 Πνεύματι
1110 2762 1157 2789 καὶ
1167 2762 1200 2788 δι’
1217 2761 1323 2788 ἑαυτοῦ.
1364 2761 1386 2777 ιδ
1402 2767 1559 2796 προσεπιμα
1595 2759 1727 2797 υρούσης.

398 2796 428 2822 Ι).
476 2797 497 2812 ¹⁶
512 2761 552 2823 ei.
592 2797 612 2812 ¹⁷
629 2796 671 2823 ἐφ’
689 2798 764 2823 ἡμῖν.
782 2807 834 2823 nun
849 2803 889 2823 est
903 2798 928 2823 in
942 2799 961 2823 Ι)
1021 2800 1041 2814 ιε
1058 2798 1215 2823 ἐπιστάτην.
1234 2798 1262 2823 5.
1303 2798 1324 2814 ¹⁹
1341 2795 1545 2823 ὑπεοκείαενος.
1640 2796 1662 2811 ¹⁰
1678 2797 1726 2822 αὺ-

592 2797 612 2812 ¹⁷
629 2796 671 2831 ἐφ’
689 2798 764 2832 ἡμῖν.
782 2807 834 2825 non
845 2803 889 2829 cst
903 2798 928 2824 iu
942 2799 961 2824 Ι)
1021 2796 1041 2814 ιε
1058 2798 1215 2832 ἐπιστάτην.
1234 2798 1262 2825 5.
1303 2798 1324 2814 ¹⁹
1341 2797 1377 2823 ὑπ

592 2833 706 2860 insue-dit
724 2833 776 2866 γάρ
793 2835 818 2860 in
831 2833 860 2860 l’.
900 2834 921 2850 "
938 2833 1001 2860 τῶν.
1042 2834 1063 2850 ³³
1080 2833 1113 2865 ἂς
1129 2841 1209 2866 τινες,
1228 2832 1258 2860 l’.
1271 2833 1314 2861 Sc.
1355 2832 1377 2849 “

1021 2795 1041 2814 ‘l‘
1058 2798 1215 2832 ἐπιστάτην.
1234 2798 1262 2825 5.
1303 2798 1324 2814 ¹⁹
1341 2795 1545 2832 ὑπερῂείμενος.
1632 2796 1662 2832 _I_°
1678 2795 1726 2832 έὺ-

1412 2805 1545 2831 κειμενος.
1565 2805 1593 2822 1⁸⁷-
1640 2805 1662 2811 "'
1678 2805 1726 2822 αυ-

1393 2805 1500 2868 ξδεσαν.
1541 2831 1563 2848 ³⁸
1574 2831 1620 2858 au
1631 2829 1661 2866 δὴ
1668 2831 1728 2858 οὐκ.
