1929 3061
112 172 163 200 961

390 174 434 201 DE
451 174 574 202 DlVlNlS
590 162 788 209 NUMNIBUS,
804 175 879 205 CAP.
891 177 940 206 XI.
950 177 1161 221 -—-PAllAPllll.
1183 180 1414 210 PACHYMER/E.

1684 185 1738 214 962

110 230 262 266 ἁφθεγξίαν
278 231 369 264 καλεῖ,
389 232 427 264 ὡς
444 233 622 269 σιωπωμένην
644 234 691 261 καὶ
708 233 836 271 κρυφίαν·
852 241 883 261 κα

933 260 936 269 λ
952 235 978 263 id
989 237 1062 271 quod
1075 244 1090 263 a
1108 237 1162 264 Deo
1175 237 1333 266 destitutum
1355 246 1409 273 est,
1426 240 1541 269 informe
1556 241 1624 270 ﬁtet
1640 250 1738 278 expers

111 276 258 312 ἔαινησίαν
278 276 338 312 μὲν,
357 276 415 303 ἀλλ’
432 278 480 304 ἐπὶ
494 279 584 305 πᾶσαν
603 278 709 314 κίνησιν
731 279 899 315 γινωσκομέ-

112 330 172 358 νην·
189 321 258 358 αὕτη
281 323 335 359 γάρ
355 324 428 350 ἐστιν
448 324 465 359 ἡ
480 323 515 351 τὰ
537 324 625 352 πάντα
647 325 899 362 εἰδοποιήσασα-ιιαὶ

111 369 257 404 κινήσασα,
273 368 321 406 ὅλη
337 369 392 405 γὰρ
407 370 456 407 ὅλῃ
472 370 554 407 ἑαυτῇ
572 371 755 408 ὕπερήνωται,
772 370 819 400 οιαὶ
834 373 898 400 ἑαυ-

109 415 160 450 τὴν
177 415 446 449 πολλαπλασιάζουσα
458 419 518 450 ταῖς
540 418 601 450 κα.θῖ
616 418 732 447 ἕκαστον
746 419 898 456 είρηναίαις

108 460 244 496 προόδοις,
270 461 330 487 οὐδέ
352 469 417 488 ποτε
440 462 489 498 τὴν
513 463 612 499 εαυτῆς
631 463 734 491 ἑνιαίαν
756 464 897 492 ἀπολείπει

107 506 258 542 ἁπλότητα.
275 507 342 542 Περὶ
363 506 465 545 ταύτης
479 509 571 535 τοίνυν
591 508 653 536 οὔτε
679 504 765 537 ειπετν
781 509 837 537 οὔτ’
853 512 897 538 ιν-

107 552 204 587 νοῆσαι
220 552 236 587 ἢ
252 552 364 580 δυνατὸν
380 553 396 589 ἢ
418 554 538 590 θεμιτὸν,
553 554 621 582 ἀλλὰ
636 554 737 591 ταύτην
752 555 791 588 ὡς
807 555 896 590 ἀγνω-

107 606 172 624 στον
188 598 230 625 ἐπ’
246 598 330 634 αὐτὴν
343 599 485 632 ἀναθέντες
496 620 504 633 ,
524 600 574 633 τὰς
587 601 619 628 ιν
633 602 695 633 ταῖς
708 600 830 639 Γραφατς
846 600 895 638 ῥή-

106 643 201 676 οείσας
212 644 310 681 νοητὰς
327 646 470 680 μετουσίας
485 646 579 682 αὐτῆς,
596 645 634 678 ὡς
657 646 767 675 δυνατὸν
785 646 894 684 ἀνθρώ-

105 698 179 722 ποις,
196 689 213 726 ἢ
229 690 328 726 μᾶλλον
351 693 407 724 τοῖς
423 692 556 720 κάκείνων
570 692 794 730 ἀπολειπομέναις
814 694 891 730 ἡμῖν,

105 736 299 771 σκοπήσωμεν.

951 280 1174 315 pulchritudinis.
1204 282 1241 309 De
1273 283 1325 309 hac
1353 284 1434 319 igitur
1457 286 1550 314 divina
1582 295 1649 322 pace
1672 289 1737 323 quid

952 325 1065 353 tandem
1081 325 1127 359 sil,
1142 327 1235 355 dicere
1245 327 1363 363 refugit;
1377 330 1506 364 quoniam
1519 332 1590 360 hanc
1605 334 1690 360 etiam
1710 334 1737 361 in

951 370 1029 399 Actis
1043 370 1053 390 ¹
1069 370 1182 405 Jusws,
1201 379 1281 408 quem
1297 379 1324 401 et
1340 374 1421 402 Josen
1441 378 1620 406 nominabant
1633 379 1737 414 ἄφθεγ-

939 415 1009 451 .ξίαν
1024 421 1112 448 vocat,
1130 417 1230 453 quippe
1246 419 1371 448 silentem
1387 426 1414 449 et
1428 423 1582 458 occultam;
1596 429 1623 452 et
1639 425 1737 453 intrito-

941 459 1081 490 .bilitalem
1093 464 1213 499 quidem.
1224 465 1274 493 sed
1288 467 1322 493 ab
1331 468 1405 494 omni
1419 474 1493 496 motu
1504 471 1715 505 coguoscibilem
1726 481 1735 505 ;

947 507 1006 535 haec
1019 508 1092 536 enim
1107 514 1149 537 est
1167 517 1227 544 quae
1250 510 1380 540 informat
1402 518 1430 540 et
1447 521 1539 543 movet
1560 517 1663 550 omnia,
1680 522 1734 545 tota

946 554 1020 581 enim
1033 553 1084 582 sibi
1100 556 1149 582 toti
1163 557 1358 591 supernnitur;
1373 563 1401 585 et
1411 566 1474 586 cum
1489 562 1666 596 semetipsum
1678 562 1735 590 sin-

947 599 1019 634 gulis
1035 601 1157 635 paciﬁcis
1170 603 1393 635 proccssionibus
1405 605 1580 640 multiplicat,
1593 615 1733 643 nunquam

945 644 1025 681 517
1041 651 1132 674 tamen
1148 648 1256 675 unicam
1272 649 1345 676 illam
1360 658 1438 678 suam
1455 652 1660 688 simplicitatem
1687 655 1734 682 dc-

944 692 1023 719 setit.
1041 692 1077 720 De
1093 693 1144 720 hac
1162 694 1254 728 itaque
1278 703 1367 730 neque
1382 697 1490 731 dicere,
1507 707 1596 735 neque
1611 701 1734 736 cogitare

943 737 1090 772 quidquam
1103 738 1145 766 fas
1156 743 1197 766 est
1206 739 1246 766 vel
1256 741 1399 776 possibile;
1412 746 1458 771 sed
1471 744 1541 773 hanc
1556 750 1683 781 tanquam
1705 749 1733 776 in

105 789 138 810 se
163 784 282 817 ignotam
303 787 485 817 enat-rantes,
513 783 689 821 intellecliles‘
717 785 777 820 ejns
798 784 1021 819 participatioues
1047 784 1074 811 in
1103 784 1253 821 Scripturis
1276 789 1435 822 recensitas,
1464 792 1553 825 quoad
1574 792 1733 823 hominibus

104 827 149 855 vel
163 828 251 862 potius
274 828 351 855 nobis
375 828 435 856 aliis
451 829 628 859 inferioribus
641 851 649 864 ,
673 831 803 865 possibtle
818 836 879 870 est,
893 830 1112 860 consideremus.

141 872 155 908 ς
174 873 207 899 ll.
231 872 341 908 Πρῶτον
363 873 453 901 τοίνυν
476 874 608 912 λέγομεν,
625 877 666 904 ὅτι
681 878 698 913 ἡ
714 877 776 904 θεία
797 877 883 912 ἐκείνη

976 875 990 912 g
1019 876 1051 904 ll.
1080 876 1202 905 Primum
1233 879 1325 913 itaque
1359 879 1474 909 dicimus
1510 881 1629 912 divinam
1655 885 1731 914 illam

102 918 201 954 εἰρήνη
217 919 233 954 ἡ
249 919 401 954 ἄφθεγκτος
423 919 473 955 τῆς
498 920 676 959 αὑτοειρήνης
688 923 762 950 ἐστὶν
773 920 890 951 ὑποστά-

102 972 162 997 τις,
175 965 246 992 κατὰ
262 968 324 1000 τοὺς
339 968 434 1003 λόγους
450 969 512 997 καθ’
527 969 575 1002 οὒς
592 969 721 1005 ἐλέγομεν
737 969 893 1006 ἔμπροσθεν

102 1010 170 1045 περὶ
184 1011 234 1046 τῆς
250 1012 398 1048 αὺτοζωῆς.
418 1014 500 1050 Ὅλην
516 1014 544 1041 δὲ
560 1014 621 1042 καθ’
637 1014 752 1042 ἕκαστον
777 1015 890 1051 εἰρήνην

103 1054 178 1088 λέγει
204 1056 286 1091 ὅλην,
305 1057 365 1084 καθ’
381 1058 415 1094 ἢν
438 1059 472 1086 τὰ
496 1060 584 1087 πάντα
607 1059 769 1094 συνάγεται,
786 1060 833 1087 καὶ
848 1060 889 1092 εις

104 1100 170 1135 μίαν
194 1100 286 1135 ἔφεσιν
308 1103 476 1132 ἀνατείνεται
500 1105 688 1141 μεμερισμένα
702 1107 761 1137 ταῖς
777 1104 888 1140 φύσεσιν

102 1144 169 1173 ὄντα
180 1155 187 1161 ·
205 1147 265 1174 καθ’
282 1148 396 1177 ἕκαστον
412 1150 449 1182 δὲ,
459 1150 519 1177 καθ’
536 1151 568 1186 ἢν
584 1150 708 1184 ἕκαστον,
791 1151 887 1201 ἑαυτου

101 1191 216 1228 ἑνότητα
243 1194 393 1231 φυλάττον,
419 1196 449 1223 οὔ
471 1196 607 1232 διαχέεται
629 1191 824 1233 πρδςνφθᾶρὰν
839 1196 887 1224 καὶ

102 1240 287 1279 ἁνυπαρξίαν,
305 1245 323 1272 ὃ.
338 1243 370 1281 δὴ
387 1243 513 1279 ἀνωτέρω
529 1241 605 1270 εἶπεν
619 1243 731 1279 ἄπειρον
747 1243 794 1270 καὶ
809 1242 886 1279 ἀόρι-

103 1296 175 1315 στον.
193 1290 348 1325 Σημείωσαι
363 1291 402 1320 δὲ,
419 1289 460 1316 ὅτι
483 1289 517 1316 τὰ
535 1289 584 1324 μὲν
604 1289 653 1316 ὅλα
675 1289 770 1316 ἕνωσιν
794 1289 887 1323 λέγον-

100 1343 146 1363 ται
163 1336 234 1371 ἔχειν
251 1336 319 1373 πρὸς
335 1335 455 1372 ἄλληλα,
477 1334 508 1361 τὸ
527 1334 556 1362 δὲ
581 1334 610 1362 ἐν
632 1335 699 1372 πρὸς
725 1335 805 1362 ἑαυτὸ
825 1335 884 1362 ἑνό-

99 1387 171 1416 τητα
181 1388 188 1396 ’
206 1381 253 1408 καὶ
267 1381 298 1408 τὸ
315 1380 364 1417 μὲν
380 1380 419 1413 ἓν,
439 1378 684 1415 συγκρατούμενον,
702 1378 731 1406 οὐ
748 1379 884 1415 διακέεται

100 1426 170 1462 πρὸς
184 1426 215 1453 τὸ
229 1426 351 1463 ἄπειρον,
368 1426 402 1453 τὰ
417 1427 446 1454 δὲ
461 1425 520 1458 ὅλα,
533 1425 780 1461 συγκεραννύμενα,
796 1425 883 1460 ἀσύγ-

100 1480 170 1507 χυτα
187 1472 320 1508 μένουσιν.
344 1473 376 1499 Εἰ
391 1472 446 1509 γὰρ
462 1471 510 1498 καὶ
524 1471 558 1499 τὰ
575 1473 694 1508 στοιχεῖα
705 1491 713 1503 ,
731 1472 814 1508 φησὶ,
832 1472 883 1510 τὴν

99 1517 169 1553 πρὸς
191 1512 292 1553 ἄλληλα
315 1518 473 1554 συμπλοκὴν
489 1516 536 1543 καὶ
553 1516 624 1552 μίξιν
640 1516 790 1553 ἀδιαίρετον
806 1517 882 1553 ἔχου-

943 930 1038 959 pacem
1054 922 1218 951 ineliabilem
1241 925 1326 959 ipsius
1338 933 1387 960 per
1398 933 1429 954 se
1444 928 1518 962 pacis
1530 936 1590 957 esse
1605 930 1726 959 eii'ectri—

941 975 1013 1001 cem,
1035 967 1113 1002 juxta
1136 969 1255 997 rationes
1277 971 1403 1005 superius
1421 972 1520 1002 allatas
1538 975 1571 1003 de
1591 975 1648 1011 ipsa
1661 978 1728 1008 vita.

940 1013 1038 1042 Totam
1060 1020 1154 1042 autem
1180 1016 1313 1052 cujusque
1336 1026 1430 1053 pacem
1454 1025 1535 1048 vocat
1558 1022 1727 1058 universam,

939 1065 1075 1094 quatenus
1093 1061 1184 1088 omnia
1198 1082 1205 1095 ,
1225 1070 1287 1097 qua:
1310 1065 1419 1092 naturis
1441 1066 1527 1094 divisa
1554 1073 1629 1103 sunt,
1658 1077 1726 1098 eon-

938 1106 1076 1138 ciliantur,
1106 1112 1136 1134 et
1165 1108 1198 1135 ad
1232 1117 1315 1137 unum
1350 1111 1516 1139 desiderium
1550 1115 1725 1150 excitantur;

938 1151 1152 1187 uniuscujusque
1180 1161 1263 1188 vero,
1289 1161 1425 1190 quatenus
1448 1158 1563 1193 quisque
1590 1161 1724 1189 unitatem

937 1204 1015 1224 suam
1029 1205 1152 1232 servans,
1177 1199 1289 1227 minime
1304 1200 1399 1229 dimuit
1421 1203 1454 1229 ad
1471 1205 1674 1240 corruptionem
1696 1212 1726 1235 et

937 1242 1090 1278 interitum,
1102 1253 1162 1280 qua:
1175 1246 1302 1281 superius
1316 1249 1423 1276 vocavit
1439 1250 1574 1279 inﬁnitum
1592 1258 1620 1281 et
1635 1254 1722 1283 inter-

936 1289 1080 1318 rniualum.
1111 1291 1178 1319 Nota
1192 1300 1266 1326 vero,
1285 1298 1340 1321 tota
1354 1295 1463 1329 quidem
1480 1297 1532 1324 dici
1553 1299 1587 1326 ad
1603 1299 1722 1328 invicem

936 1334 1282 1370 babere,conjunctionetn
1299 1358 1308 1370 ,
1333 1346 1418 1367 unum
1430 1348 1515 1375 vero,
1541 1343 1574 1370 ad
1602 1345 1723 1380 seipsutn

935 1379 1089 1414 unitatem;
1108 1386 1191 1417 atque
1210 1390 1292 1411 ttnum
1303 1385 1411 1419 quidem
1423 1379 1657 1424 contemperatum
1669 1399 1722 1419 non

934 1424 1046 1454 diffundi
1062 1426 1088 1455 in
1101 1426 1247 1462 inﬁnitum,
1264 1435 1318 1457 tota
1329 1438 1393 1459 vero
1403 1433 1545 1462 commisla
1558 1442 1668 1464 manere
1680 1437 1721 1465 itt-

932 1470 1057 1499 confusa.
1075 1471 1103 1500 Si
1115 1473 1304 1509 enim,inquit,
1314 1475 1396 1502 etiam
1407 1477 1543 1506 elementa
1553 1479 1586 1506 ad
1602 1480 1719 1510 invicem

933 1517 1129 1547 connexionem
1146 1523 1175 1546 et
1187 1519 1340 1548 mistionem
1353 1522 1516 1551 indivulsam
1530 1524 1640 1559 habent,
1648 1531 1721 1555 atta-

100 1547 142 1590 σίν
153 1547 166 1595 ,ν
178 1563 233 1590 ἀλλ’
250 1547 324 1599 diu»;
349 1547 378 1590 ᾇι
401 1547 504 1590 τούτων
526 1547 667 1598 ποιότητες
746 1547 883 1599 ἀκρότητα

1326 1547 1338 1548 η
1402 1547 1408 1549 .
1418 1547 1421 1548 ,
1432 1547 1516 1551 ._.-_...
1530 1547 1720 1559 ..-..ν...,......-

934 1569 995 1589 men
1007 1561 1104 1591 horum
1116 1563 1263 1597 qualitates
1277 1573 1340 1593 suas
1353 1568 1551 1601 extremitates,
1563 1578 1590 1596 ν.
1604 1578 1631 1605 g.
1644 1573 1720 1599 calo-

98 1607 204 1635 ἑαυτῶν
224 1609 254 1635 οὒ
271 1609 522 1646 παραπολλύουσιν,
539 1606 594 1635 οἷον
616 1607 647 1634 τὸ
662 1607 771 1644 θερμὸν,
787 1608 818 1635 τδ
833 1608 882 1644 ξη-

101 1653 158 1690 ρὸν,
176 1655 223 1681 καὶ
238 1654 272 1681 τὰ
287 1654 368 1682 λοιπὰ
379 1674 387 1687 ,
404 1656 434 1682 ὲν
448 1655 482 1690 τῇ
498 1653 551 1680 τῶν
567 1653 721 1690 ὲτεροειδῶν
737 1653 832 1690 κράσει
847 1655 882 1690 τῇ

98 1702 128 1728 ιν
143 1702 182 1737 τῷ
197 1702 278 1729 παντὶ
294 1702 476 1738 θεωρουμένῃ.
493 1701 599 1735 Κρᾶσιν
614 1700 669 1736 γὰρ
689 1700 805 1728 ἐνταῦθα
821 1709 883 1737 νοη-

96 1748 157 1774 τέον
172 1748 204 1774 οὐ
219 1747 268 1783 τὴν
283 1747 320 1779 ὥς
336 1748 382 1774 ἐπὶ
397 1747 452 1774 τῶν
469 1746 559 1782 ὑγρῶν
576 1745 743 1783 φύρσιν,τὴν
754 1747 800 1774 καὶ
811 1747 881 1782 ἀφα-

97 1790 222 1822 νίζουσαν
246 1792 280 1818 τὰ
303 1791 488 1827 ὑποκείμενα,
511 1790 578 1817 ἀλλὰ
600 1790 651 1827 τὴν
667 1791 817 1826 σύμπνοιαν
833 1792 880 1819 καὶ

96 1835 274 1871 ἀλληλουχίαν
296 1835 346 1871 τὴν
368 1836 397 1862 ἐν
420 1835 539 1872 ἁρμονίᾳ
561 1834 746 1870 φυλάττουσαν
761 1836 795 1863 τὰ
815 1837 881 1872 ὑφε-

98 1880 197 1907 στῶτα.
221 1881 363 1917 Νοήσομεν
378 1881 443 1915 γοῦν
460 1880 524 1917 μίαν
546 1879 606 1907 τινὰ
629 1880 717 1916 ἁπλῆν
733 1882 814 1909 οίονεὶ
829 1882 881 1917 φύ-

97 1934 140 1953 σιν
156 1927 265 1962 εἰρήνης
280 1927 497 1963 ὲνθεωρουμένην
506 1927 563 1958 τοῖς
573 1927 665 1959 πᾶσιν,
677 1926 788 1954 ἐνοῦσαν
798 1927 881 1965 ἀπαν-

96 1979 145 2002 τας
166 1971 248 2006 ἑαυτῇ
261 1991 268 2003 ,
294 1971 341 1997 καὶ
358 1971 392 1998 τὰ
418 1971 506 1999 πάντα
521 1971 643 2007 ἀλλήλοις
653 1991 661 2004 ,
678 1971 725 1998 καὶ
740 1972 775 1999 τὰ
791 1975 881 2006 τιάνίαι¹

96 2016 221 2049 ἑαυτοῖς,
238 2018 285 2045 καὶ
310 2018 510 2052 φυλάττουσαν,
527 2019 574 2046 καὶ
597 2018 685 2055 ἀμιγῆ
707 2018 756 2046 καὶ
780 2028 879 2055 συγκε-

96 2062 236 2098 κραμένα·
253 2063 340 2099 ἀμιγῆ
352 2083 361 2096 ,
376 2064 410 2099 τῇ
428 2063 480 2099 ίδίᾳ
495 2063 609 2090 ἑκάστου
626 2064 763 2100 ποιότητι·
782 2073 879 2099 συγκε-

95 2108 218 2143 κραμένα
230 2128 238 2140 ,
254 2110 288 2145 τῇ
305 2108 372 2144 πρὸς
388 2108 488 2144 ἄλληλα
501 2108 582 2145 μίξει.
598 2109 763 2146 Διά-ταύτην
774 2109 878 2150 οῑιθεῖοι

95 2153 155 2185 νόες
180 2153 302 2181 ὲνοῦνται
327 2155 374 2181 καὶ
395 2156 455 2186 ταῖς
476 2155 600 2190 νοήσεσιν
624 2155 728 2182 ἑαυτῶν
751 2155 799 2182 καὶ
820 2157 878 2199 τοῖς

96 2199 248 2234 νοουμένοις
258 2208 265 2215 ·
286 2200 375 2227 νοοῦσι
389 2200 444 2236 γὰρ
461 2201 508 2227 καὶ
524 2201 652 2234 ἑαυτοὺς,
669 2201 716 2228 καὶ
730 2202 793 2235 τοὺς
808 2202 875 2230 ἐπα-

95 2244 291 2280 ναὸεὸηκάτας,
308 2246 355 2272 καὶ
370 2246 409 2273 ἐτι
424 2246 459 2273 τὰ
474 2246 662 2283 ὑποδεέστερα.
681 2248 764 2275 Ὅταν
779 2246 826 2276 οὖν
840 2248 875 2275 τὰ

95 2291 198 2318 ἑαυτῶν
214 2292 364 2328 ἐνεργῶσι,
381 2294 427 2321 καὶ
443 2294 555 2325 ἑαυτοὺς
575 2293 671 2326 νοῶσι,
687 2295 747 2327 ταῖς
761 2291 876 2330 eiulat;

96 2335 214 2363 ὲνοῦνται
229 2338 353 2373 νοήσεσιν
363 2346 370 2353 ·
387 2339 452 2365 ὅταν
476 2339 505 2366 δὲ
529 2337 563 2365 τὰ
588 2338 792 2375 ὑπερϐεϐηκότα
807 2338 824 2376 ἦ
839 2339 874 2367 τὰ

95 2381 282 2418 ὺποὸεδηκότα
306 2383 404 2416 νοῶσι,
419 2384 481 2411 τότε
502 2383 622 2411 ἐνοῦνται
637 2385 693 2416 τοῖς
709 2379 872 2420 νοουμένοις.

95 2427 130 2453 Τὸ
137 2426 191 2463 γὰρ
200 2428 276 2454 νοοῦν
287 2429 320 2464 τῇ
332 2428 431 2463 γνώσει
443 2428 548 2455 ἑνοῦται
561 2429 600 2464 τῷ
608 2429 764 2464 γνωσθέντι,
773 2430 811 2463 ὡς
826 2431 873 2459 καὶ

94 2472 107 2497 ὁ
122 2472 226 2506 ἀγνοῶν
251 2473 444 2506 σκεδάννυται,
461 2474 491 2500 οὺ
508 2473 671 2506 καταλαϐὼν¹
683 2474 698 2502 ὃ
715 2475 752 2511 μὴ
767 2475 872 2512 ἐνόησε.

81 2518 167 2545 ’Μετά
183 2519 211 2545 δὲ
225 2518 326 2551 ταύτας
340 2518 390 2552 τὰς
400 2519 509 2553 ἑνώσεις
526 2521 618 2556 (αἵπερ
633 2521 682 2547 οὐκ
690 2520 723 2548 ἂν
737 2522 870 2557 ἐγένοντο,

93 2563 116 2588 εὶ
127 2561 164 2597 μὴ
172 2563 292 2598 είρήνευε
304 2562 395 2595 καθὼς
405 2563 465 2591 καθ’
475 2564 571 2592 ἑαυτὸν
580 2565 594 2591 ὁ
603 2564 681 2597 νοῶν,
691 2566 708 2602 ἢ
720 2566 772 2602 μὴν
780 2567 795 2593 ό
804 2566 872 2594 νοῶν

93 2607 159 2643 πρὸς
175 2608 209 2635 τὰ
225 2608 389 2645 νοούμενα),
406 2611 452 2647 ἐπὶ
467 2610 518 2646 τὴν
533 2611 672 2646 ἄγνωστον
693 2612 800 2648 ἐκείνην
823 2613 872 2640 καὶ

94 2652 165 2681 θείαν
186 2654 315 2688 ἀνάγεται
337 2657 466 2692 συναφὴν.
491 2656 575 2684 Πάλιν
596 2657 642 2685 ἐπὶ
661 2657 716 2685 τῶν
731 2658 872 2695 ἡμετέρων

93 2699 182 2735 ψυχῶν
199 2700 333 2736 ἐνδέχεται
350 2701 492 2738 εὑρεθῆναι
504 2703 596 2739 ἀμερῆ
612 2704 660 2731 καὶ
674 2703 756 2732 ἄῦλον
767 2704 869 2740 νᾶησιν,

93 2745 153 2773 ὅταν
168 2747 231 2778 τοὺς
246 2748 431 2781 παντοδαποὺς
449 2749 594 2785 λογισμοὺς
609 2751 678 2787 πρὸς
694 2750 758 2787 μίαν
773 2751 870 2787 νοερὰν

93 2791 261 2828 «καθαρότητα
276 2794 457 2830 συναγάγωσι·
482 2795 539 2823 τότε
554 2796 609 2832 γὰρ
623 2796 669 2825 καὶ
681 2797 728 2825 ἐπὶ
735 2797 785 2834 τὴν
798 2797 868 2834 ὑπὲρ

126 2882 135 2904 ¹
152 2883 212 2911 Act.
230 2891 249 2915 ι,
269 2884 314 2912 23.

888 2222 913 2252 D

932 1613 1002 1640 rem,
1020 1607 1182 1641 siccitatem.
1206 1615 1234 1637 et
1255 1615 1365 1644 cartera,
1384 1612 1494 1641 minime
1514 1615 1667 1650 deperdunt
1687 1618 1715 1645 in

931 1651 1100 1680 diversarum
1109 1654 1260 1690 specierum
1273 1657 1479 1691 temperatione,
1486 1667 1547 1693 qua:
1555 1660 1582 1687 in
1593 1661 1719 1691 universo

931 1698 1111 1732 conspicitur.
1130 1698 1366 1734 Temperatiom-m
1386 1708 1476 1731 autem
1492 1705 1543 1733 hoc
1561 1705 1623 1734 loco
1637 1707 1718 1737 intel-

931 1741 1016 1778 ligere
1036 1749 1154 1778 Oportet,
1173 1752 1226 1772 non
1248 1753 1308 1773 eam
1325 1755 1385 1782 quae
1409 1749 1436 1776 in
1451 1749 1570 1779 humidis
1585 1751 1624 1785 lit.
1640 1761 1718 1782 com-

932 1787 1166 1825 mistionem,quat
1180 1795 1207 1819 et
1221 1792 1342 1826 subjecta
1359 1796 1526 1831 corrumpit;
1540 1798 1587 1825 sed
1601 1797 1712 1835 conspi-

931 1834 1064 1862 rationem
1082 1842 1131 1864 :et
1154 1838 1234 1865 ttuius
1255 1839 1290 1866 ab
1313 1839 1399 1867 altero
1417 1841 1639 1877 dependentiam,
1655 1834 1716 1878 qua

930 1878 958 1905 in
976 1886 1105 1915 compage
1119 1882 1238 1908 custodit
1253 1890 1284 1910 ea
1299 1890 1361 1918 qua!
1380 1886 1507 1915 subsunt.
1523 1886 1715 1923 [intelligemus

929 1924 1022 1960 itaque
1043 1934 1124 1953 unam
1146 1928 1291 1962 quamdam
1313 1929 1464 1964 simplicem
1481 1933 1559 1967 quasi
1587 1939 1714 1963 naturam

927 1971 1004 2005 pacis
1026 1972 1054 1999 in
1078 1974 1206 2002 omnibus
1233 1976 1449 2009 consideratam,
1465 1979 1558 2006 omnia
1576 1979 1628 2007 sibi
1650 1980 1714 2016 ipsi.

928 2022 956 2046 et
971 2018 1062 2046 omnia
1079 2019 1150 2048 inter
1163 2028 1202 2054 se,
1224 2025 1307 2057 atque
1329 2024 1422 2051 omnia
1446 2031 1539 2052 secum
1563 2025 1629 2060 ipsis
1645 2034 1713 2055 con-

924 2062 1099 2099 ]ungentem,
1133 2072 1184 2094 nec
1217 2074 1270 2094 non
1302 2067 1421 2095 immista
1451 2074 1481 2096 et
1510 2075 1712 2105 conlemperata

927 2115 1152 2144 oouservantem;
1165 2112 1297 2146 itnmista,
1306 2114 1414 2149 propria
1422 2115 1553 2151 cujusque
1560 2117 1711 2153 qualitate;

926 2160 1143 2191 contemperala,
1159 2157 1194 2185 ad
1210 2157 1329 2186 invicem
1349 2160 1487 2188 mistione.
1511 2161 1564 2189 Per
1579 2163 1650 2192 hanc
1669 2164 1712 2192 di-

927 2200 997 2229 vinae
1022 2207 1128 2230 mentes
1149 2203 1283 2232 uniuulur
1305 2212 1366 2232 cum
1388 2206 1446 2233 suis
1469 2207 1709 2243 intellectionibus,

928 2251 984 2274 tum
1001 2247 1082 2275 rebus
1098 2247 1247 2277 intellectis
1262 2257 1271 2277 :
1285 2250 1443 2286 intelligunt
1455 2253 1529 2279 enim
1546 2257 1574 2281 et
1593 2254 1709 2289 seipsas,

925 2297 954 2321 et
967 2293 1134 2328 superiores,
1150 2299 1232 2330 atque
1245 2296 1359 2331 insuper
1374 2297 1515 2326 inferiora.
1529 2299 1643 2333 Quando
1659 2301 1706 2329 ita-

926 2334 979 2374 que
995 2347 1056 2375 quae
1078 2347 1126 2367 sua
1143 2346 1219 2373 Sunt,
1240 2347 1349 2374 curant,
1370 2347 1399 2370 ct
1420 2344 1582 2379 semetipsos
1609 2345 1709 2374 intelli-

924 2389 1002 2421 gunt.
1025 2386 1144 2421 propriis
1169 2387 1401 2416 intellectiouibus
1425 2390 1574 2423 uniuntur;
1601 2394 1710 2427 quando

924 2438 990 2459 vero
1004 2433 1145 2466 superiora
1160 2433 1203 2460 vel
1220 2432 1352 2461 inferiora
1367 2435 1531 2470 intelligunt,
1548 2441 1612 2465 tunc
1627 2437 1708 2466 rebus

924 2476 1070 2506 intellectis
1086 2477 1301 2514 coniunguntur.
1322 2480 1398 2514 Quod
1414 2480 1486 2509 enitn
1501 2481 1641 2518 intelligit,
1658 2490 1708 2518 per

923 2523 1107 2558 cognitionem
1126 2525 1165 2551 rei
1181 2525 1298 2559 cognitae
1320 2526 1511 2561 conjungitur;
1534 2528 1606 2555 sicut
1622 2530 1705 2556 etiam

923 2567 1051 2604 ignorans
1060 2569 1197 2604 dividitur,
1209 2578 1261 2598 non
1269 2572 1503 2606 comprelteudens
1514 2573 1539 2600 id
1549 2573 1620 2608 quod
1630 2573 1707 2609 igno-

922 2614 1248 2650 ravit.Porroposthasce
1259 2618 1453 2653 uniones(quaa
1465 2619 1704 2653 nonexstitisseut,

924 2661 974 2688 nisi
998 2660 1150 2697 intelligens
1168 2668 1260 2690 secum
1275 2662 1334 2697 ipse
1345 2663 1557 2697 quodammodo,
1573 2663 1616 2692 vel
1630 2669 1705 2692 certe

923 2706 1006 2742 518
1030 2714 1092 2734 cum
1118 2708 1200 2735 rebus
1231 2708 1375 2736 intellectis
1398 2715 1493 2743 pacem
1517 2709 1648 2745 inivisset)
1669 2710 1704 2737 ad

922 2752 1043 2787 ignotum
1067 2753 1142 2780 illum
1166 2753 1341 2788 divinumque
1365 2757 1521 2781 contactum
1547 2754 1702 2783 adducitur.

921 2795 1038 2825 Rursum
1054 2797 1080 2825 io
1093 2797 1191 2827 animis
1204 2798 1307 2827 nostris
1320 2797 1440 2834 reperire
1455 2797 1518 2827 licet
1533 2798 1702 2826 individuam
