1929 3061
239 174 292 199 963

817 177 846 204 S.
866 176 1015 205 DlONYSlI
1029 176 1259 205 AREOPAGITE

1810 179 1869 207 96‘

238 237 266 258 et
280 233 490 261 immaterialem
517 233 714 268 cognitionem.
726 235 836 269 quando
862 235 1015 270 omnigenat

1071 234 1163 269 νόησιν
1185 234 1298 266 ἕνωσιν,
1314 235 1421 267 οἰκείως
1437 235 1546 267 ἑαυταῖς
1558 256 1565 267 ,
1581 234 1636 270 ὁδῷ
1649 244 1702 262 τινι
1719 236 1767 262 καὶ
1782 235 1867 268 τάξει

239 280 466 308 ratiocinationes
477 279 511 307 ad
523 288 602 307 unam
617 280 768 315 spiritalem
782 281 929 315 puritatem
943 281 1022 309 colli-

239 331 329 360 gunt;
355 330 421 354 tunc
440 327 513 354 enim
539 327 572 354 ad
597 327 726 354 unionem
749 334 856 362 quoque
885 327 1023 355 intellectu

239 372 425 406 superiorem,
443 380 494 407 pro
510 378 589 406 captu
605 380 666 404 suo,
690 372 733 399 via
746 373 866 407 quatiam
881 378 909 400 et
928 373 1024 401 ordine

238 418 404 453 pertingant,
421 426 469 453 per
484 419 554 446 hanc
578 418 667 452 ipsam
680 418 806 446 videlicet
828 422 951 446 naturam
964 422 1023 454 'pa-

238 463 279 491 cis
301 471 353 491 una
379 465 503 499 quasdam
536 469 564 492 et
595 463 790 491 indissolubilis
824 464 1021 492 elementornnt

238 511 358 537 omnium
382 511 516 539 connexio
539 511 652 542 existit,
667 511 782 538 collecta
798 511 907 545 quidem
929 511 1023 538 incon-

239 554 307 587 fnse,
323 556 386 590 quia
409 557 474 584 licet
495 556 546 584 sibi
565 560 658 583 nmtuo
680 556 921 588 commisceantur,
941 555 1022 583 simul

240 606 330 629 tamen
348 604 506 630 earumdem
520 602 667 637 qualitates
681 602 868 629 extremitates
893 609 956 629 suas
970 603 1021 629 nti-

239 647 312 674 nime
334 649 465 681 perdunt;
490 648 634 675 commista
658 655 724 674 vero
743 647 890 677 indivulse,
906 647 970 682 quia
988 655 1021 674 ex

241 694 291 721 hac
317 694 513 722 elementorum
534 694 663 721 mistione
692 701 744 720 una
771 694 894 728 quaedam
925 698 1022 721 natura

239 738 390 773 perﬁcitur.
411 739 472 766 Ηςεε
484 740 556 766 eniut
573 745 614 766 est
626 747 691 774 pax,
707 747 768 774 qua:
783 744 905 766 extrema
931 744 1023 767 extre-

238 785 290 812 mis
304 792 352 819 per
371 786 460 813 media
482 786 634 813 connectit.
659 785 789 812 Extrema
804 792 868 812 vero
883 785 959 817 dicit,
981 785 1023 812 in-

237 831 368 858 terntedia
399 831 555 864 elementa,
582 835 704 864 terram,
730 838 835 863 aerem,
860 838 970 866 aquam,
994 834 1022 858 et

235 877 352 908 aethera,
367 884 428 910 qua:
450 881 515 904 sunt
529 877 611 904 etiam
631 875 782 903 secundum
801 876 891 903 omnia
912 880 1022 903 contra-

1073 280 1266 313 προϐαίνουσι,
1288 280 1332 306 διὰ
1354 280 1456 316 ταύτην
1482 281 1530 316 τὴν
1551 281 1601 316 τῆς
1623 283 1734 317 εἰρήνης
1756 281 1867 317 δηλαδὴ

1073 324 1162 358 φύσιν,
1180 326 1197 360 η
1216 325 1263 360 μία
1279 326 1422 362 συμπλοκὴ
1438 326 1492 353 τῶν
1507 326 1633 353 ἁπάντων
1656 327 1798 362 στοιχείων
1817 326 1868 353 καὶ

1073 370 1213 403 ἀδιάλυτος
1232 371 1396 406 ὑφίσταται,
1414 372 1585 408 συναγομένη
1609 373 1657 408 μὲν
1679 373 1867 408 ὰσυγχύτως,

1072 417 1123 450 ὅτι,
1142 418 1166 444 εἰ
1191 418 1238 445 καὶ
1261 418 1434 454 συναλλήλοις
1457 418 1628 454 μιγνύονται,
1654 419 1711 445 ἀλλ’
1732 419 1814 454 ὅμως
1838 420 1868 446 αι

1071 462 1174 488 τούτων
1190 462 1330 497 ποιότητες
1351 463 1399 498 τὴν
1421 463 1559 499 ἀκρότητα
1580 463 1683 490 ἑαυτῶν
1698 464 1728 490 οὐ
1745 472 1868 498 παραπ-

1071 507 1209 534 ολλύουσι·
1238 508 1407 543 συγχεομένη
1440 509 1467 535 δὲ
1502 508 1680 544 ἀδιαιρέτως,
1696 511 1736 536 ὃτι
1753 511 1788 536 ἑκ
1812 511 1868 545 τῆς

1070 554 1125 580 τῶν
1148 554 1286 590 στοιχείων
1313 554 1412 590 μίξεως
1436 554 1484 590 μία
1506 563 1548 586 τις
1571 555 1741 582 ἀποτελεῖται
1768 556 1865 591 φύσις.

1071 596 1145 633 Αὓτη
1161 598 1216 634 γάρ
1231 599 1306 625 ἑστιν
1321 599 1338 634 ἡ
1355 599 1450 634 εἰρήνη
1466 600 1482 634 ή
1499 599 1533 625 τὰ
1549 600 1621 636 ἄκρα
1634 602 1690 632 τοῖς
1705 601 1804 637 ἄκροις
1821 601 1867 629 διὰ

1070 640 1124 666 τῶν
1142 641 1231 676 μέσων
1248 642 1403 670 συνδέουσα.
1422 644 1511 679 Ἀκρα
1525 644 1554 670 δὲ
1569 644 1643 679 λέγει
1667 645 1702 672 τά
1717 646 1774 673 τῶν
1791 655 1868 673 στοι-

1071 685 1152 721 χείων
1170 686 1295 722 ἑμμεσα,
1311 687 1360 723 τὴν
1371 688 1432 723 γῆν,
1446 688 1491 714 τὸν
1503 688 1587 724 ἀέρα,
1604 689 1635 715 τὸ
1650 689 1732 726 ὕδωρ,
1750 691 1800 717 καὶ
1817 691 1866 717 τὸν

1071 731 1184 766 αἰθέρα,
1202 732 1273 768 άπερ
1297 733 1351 758 εἰσὶ
1375 733 1422 759 καὶ
1446 732 1516 759 κατὰ
1538 733 1628 760 πάντα
1644 734 1762 761 ἑναντία.
1781 735 1865 762 Μέσα

1070 777 1098 804 δὲ
1110 798 1117 809 ,
1134 778 1186 813 γῆς
1204 778 1255 813 μὲν
1271 778 1318 805 καί⁵
1333 778 1414 814 ἀέρος
1429 778 1459 805 τὸ
1476 778 1558 815 ὕδωρ,
1580 781 1616 815 γῇ
1641 780 1690 815 μὲν
1713 781 1864 808 κοινωνοῦν

1070 823 1109 860 τῷ
1123 824 1236 860 ψυχρῷ,
1253 825 1314 860 ἀέρι
1329 825 1360 852 δὲ
1374 825 1413 860 τῷ
1429 825 1520 862 ὑγρῷ·
1539 826 1585 852 καὶ
1602 825 1681 853 πάλιν
1696 826 1744 853 τοῦ
1763 827 1863 859 ὓδατος

1071 870 1118 896 καὶ
1133 870 1179 896 τοῦ
1196 871 1303 907 αἰθέρος
1318 872 1385 907 άὴρ,
1401 871 1477 898 ὕδατι
1500 872 1548 907 μὲν
1564 872 1697 898 κοινωνῶν
1712 872 1751 907 τῷ
1768 873 1859 908 ὑγρῷ,

235 922 287 949 ria.
312 922 398 950 Media
422 928 525 956 autem,
544 923 616 950 inter
631 927 733 950 terram
758 922 862 950 scilicet
874 926 902 949 et
916 929 1015 955 aerem,

1069 916 1157 952 αἰθέρι
1173 916 1202 942 δὲ
1218 916 1256 952 τῷ
1272 917 1375 953 θερμῷ.
1400 917 1473 953 Αὕτη
1504 918 1552 945 καὶ
1576 919 1636 950 ταῖς
1657 918 1787 954 ἐσχάταις
1809 920 1858 946 τοῦ

235 975 316 1002 aqua,
329 975 389 1002 qua:
400 975 462 995 cnm
475 973 548 995 terra
567 969 676 1002 quidem
714 967 896 996 communicat
915 968 1016 1002 rigore,

234 1021 296 1041 cum
312 1020 375 1041 aere
388 1021 452 1041 vero
467 1014 630 1042 humiditale
643 1025 649 1042 :
660 1018 688 1042 et
704 1022 812 1042 rursum
837 1014 907 1041 inter
919 1011 1016 1048 aqt'tam

233 1063 262 1086 et
281 1061 384 1086 aethera
411 1060 518 1087 medius
532 1064 575 1087 est
591 1067 649 1092 aer,
666 1060 711 1095 qui
735 1068 797 1087 cum
819 1067 888 1095 aqua
909 1060 1017 1094 quidem

233 1105 417 1132 communicat
436 1105 609 1137 ltumiditate,
626 1113 688 1133 cum
713 1106 816 1133 aethere
831 1113 896 1133 vero
915 1106 1016 1133 calore.

233 1149 296 1178 Haec
309 1152 391 1178 etiam
405 1152 539 1179 extremis
553 1152 675 1179 universi
702 1152 811 1184 finibus,
827 1153 872 1187 qni
889 1157 953 1180 sunt
973 1152 1016 1178 in-

233 1196 339 1223 animes
354 1197 525 1230 substantiae,
561 1197 588 1224 in
605 1198 705 1232 quibus
719 1197 808 1224 ttullus
822 1203 911 1225 motus
924 1205 1017 1224 accre-

232 1242 316 1270 tionis
342 1248 388 1269 aut
411 1242 570 1270 nutritionis
596 1248 644 1270 aut
672 1243 788 1270 aliorttm
815 1243 1015 1274 consideratur,

231 1285 381 1314 amicitiam
407 1287 540 1322 impertit,
567 1288 715 1321 omniaque
739 1294 868 1323 germana
885 1287 971 1314 reddit
989 1292 1016 1315 et

231 1338 356 1366 cognata,
382 1333 408 1360 itt
436 1339 565 1368 quantum
582 1330 614 1361 ex
634 1335 689 1361 Deo
712 1334 803 1362 omnia
826 1339 854 1361 et
876 1335 908 1361 ad
930 1333 1015 1361 Deum

231 1383 447 1406 convertuntur:
472 1380 512 1407 sic
533 1380 606 1407 enim
629 1380 712 1407 etiam
735 1380 882 1414 Apostolus
902 1380 1015 1415 antiquo

231 1423 304 1452 dicto
322 1433 388 1452 usus
401 1430 453 1457 est,
470 1424 560 1460 Ipsius
580 1425 649 1452 enim
668 1430 693 1452 et
705 1434 786 1458 genus
803 1434 892 1452 sumus
904 1430 929 1452 ε.
944 1425 1015 1454 Dicit

231 1475 321 1497 autem
352 1478 463 1498 causam
489 1472 638 1498 secundum
664 1479 746 1506 quam
771 1472 861 1498 omnia
885 1477 949 1499 sunt
968 1479 1014 1499 co-

230 1521 324 1551 gnata,
342 1516 508 1544 intellectilia
528 1516 655 1543 videlicet
676 1516 839 1549 ttnitatibus,
865 1516 891 1543 id
909 1522 952 1543 est
972 1524 1014 1545 se-

230 1561 348 1588 cundum
364 1561 390 1589 id
402 1562 473 1597 quod
490 1562 516 1589 in
534 1562 599 1597 ipsis
613 1561 677 1596 quid
693 1569 776 1589 unum
792 1566 820 1589 et
831 1562 945 1598 simplex
960 1567 1013 1596 est,

229 1613 257 1635 et
278 1609 427 1635 secundum
455 1607 674 1635 immortalitatis
692 1607 877 1640 identitatem;
904 1608 1014 1636 sensilia

228 1660 261 1681 ex
277 1653 392 1681 diversis
410 1653 563 1686 elementis,
580 1653 761 1685 unitionibns,
780 1661 829 1681 seu
845 1654 1014 1682 commistio-

230 1699 320 1728 nibns.
334 1707 367 1727 ac
381 1699 475 1726 talium
499 1699 659 1726 mistionunt
675 1698 893 1726 collectionibus.
917 1698 1013 1726 Divina

228 1744 362 1779 siquidem
376 1751 428 1778 pax
443 1744 469 1770 in
483 1751 537 1771 uno
554 1749 583 1771 et
601 1743 698 1771 eodem
721 1743 812 1770 omnia
827 1743 1012 1777 demonstrat;

228 1790 360 1826 pertingit
372 1790 444 1817 enim
458 1789 491 1816 ad
509 1789 612 1821 omnia,
626 1796 710 1823 seque
723 1795 773 1823 pro
787 1789 917 1824 cujusque
932 1795 1012 1824 captu

1069 962 1167 994 παντὸς
1198 962 1446 998 ἀποπερατώσεσιν,
1479 963 1580 996 αἵτινές
1602 966 1670 991 εἰσιν
1694 965 1723 991 αἱ
1755 965 1859 1001 ἄψυχοι

1067 1007 1155 1034 οὐσίαι
1167 1028 1174 1040 ,
1192 1009 1221 1035 ὲν
1237 1006 1281 1041 αἶς
1294 1009 1406 1044 οὐδεμία
1417 1010 1523 1045 κίνησις
1535 1009 1667 1046 θρεπτικὴ
1680 1010 1697 1045 ἢ
1709 1010 1858 1046 αὐξητικὴ,

1067 1053 1084 1089 ἢ
1106 1054 1159 1081 τῶν
1185 1054 1272 1082 ἄλλων
1297 1064 1339 1087 τις
1363 1055 1521 1091 θεωρεῖται,
1538 1056 1587 1092 τὴν
1603 1056 1694 1090 φιλίαν
1709 1057 1859 1092 δωρεῖται.

1066 1100 1114 1126 καί⁵
1130 1099 1220 1127 πάντα
1235 1101 1335 1135 ἀδελφὰ
1352 1103 1424 1128 ποιεῖ
1440 1101 1487 1128 καὶ
1503 1102 1637 1137 συγγενῆ,
1652 1101 1745 1128 καθότι
1761 1102 1796 1128 ἑκ
1811 1101 1858 1128 τοῦ

1066 1144 1133 1172 Θεοῦ
1149 1146 1255 1178 πάντα,
1281 1147 1328 1173 καὶ
1351 1147 1419 1182 πρὸς
1443 1146 1510 1173 Θεὸν
1532 1147 1760 1182 ἐπιστρέφουσιν
1785 1146 1858 1173 οὕτω

1066 1191 1121 1227 γὰρ
1137 1192 1273 1227 ἐχρήσατο
1289 1191 1326 1227 τῷ
1338 1191 1446 1227 παλαιῷ
1462 1193 1564 1228 ῥήματι
1581 1192 1629 1218 καὶ
1645 1192 1661 1217 ὁ
1683 1191 1855 1223 ’Δπόπολος-

1069 1237 1124 1264 Τοῦ
1138 1240 1192 1272 γὰρ
1204 1238 1253 1264 καὶ
1267 1238 1352 1273 γένος
1364 1238 1466 1273 ἐσμέν.
1485 1238 1566 1272 Λέγει
1584 1238 1613 1264 δὲ
1626 1238 1675 1273 τὴν
1688 1238 1780 1264 αἰτίαν
1795 1238 1856 1265 καθ’

1065 1286 1099 1321 ἢν
1114 1285 1228 1320 ὸμόγνια
1243 1284 1277 1310 τὰ
1296 1284 1385 1311 πάντα
1395 1293 1401 1299 ·
1419 1285 1467 1312 καὶ
1481 1285 1551 1316 τέως
1569 1283 1603 1310 τά
1623 1283 1705 1319 νοητὰ
1720 1285 1781 1316 ταῖς
1797 1285 1855 1311 ἑνό-

1064 1338 1148 1367 τησι,
1173 1330 1233 1358 κατ’
1256 1330 1322 1357 αὐτὸ
1343 1330 1376 1366 δὴ
1398 1330 1429 1356 τὸ
1453 1331 1551 1357 ἑνιαῖον
1570 1330 1617 1356 καὶ
1632 1330 1734 1357 ἁπλοῦν
1750 1330 1854 1362 αὐτῶν,

1064 1379 1112 1406 καὶ
1128 1377 1199 1405 κατὰ
1216 1378 1246 1404 τὸ
1262 1377 1347 1404 ταύτὸ
1361 1377 1410 1412 τῆς
1422 1376 1570 1408 ἀθανασίας
1579 1384 1587 1392 ·
1599 1375 1633 1402 τὰ
1644 1375 1760 1412 αἰσθητὰ
1770 1396 1778 1408 ,
1796 1378 1856 1408 ταῖς

1064 1425 1097 1452 ἑκ
1118 1424 1171 1451 τῶν
1192 1423 1327 1459 διαφόρων
1349 1423 1487 1458 στοιχείων
1502 1421 1640 1454 ἑνώσεσιν,
1657 1422 1718 1457 ήτοι
1735 1422 1853 1458 συγκρί-

1065 1478 1143 1506 μασι,
1160 1469 1208 1496 καὶ
1223 1470 1284 1500 ταῖς
1300 1470 1469 1503 συναγωγαῖς
1484 1468 1539 1495 τῶν
1554 1467 1680 1494 τοιούτων
1697 1467 1853 1502 μιγμάτων.

1069 1516 1102 1542 Ἦ
1117 1515 1177 1542 θεία
1191 1515 1246 1551 γὰρ
1259 1516 1366 1552 εἰρήνη,
1384 1516 1413 1542 ἑν
1429 1515 1469 1541 ἑνὶ
1485 1515 1532 1541 καὶ
1548 1514 1587 1549 τῷ
1602 1513 1676 1549 αὺτῷ
1698 1513 1786 1540 πάντα
1803 1513 1855 1539 δει-

1064 1560 1199 1592 κνύουσα,
1217 1560 1324 1596 πρόεισι
1352 1559 1400 1594 μὲν
1422 1560 1469 1586 ἐπὶ
1491 1558 1595 1590 πάντα,
1612 1559 1659 1585 καὶ
1676 1557 1854 1593 μεταδίδωσιν

1066 1606 1165 1641 ἑαυτῆς
1178 1605 1284 1637 οἰκείως
1301 1606 1348 1632 καὶ
1364 1606 1423 1632 κατ’
1437 1604 1516 1638 ἀξίαν
1528 1606 1584 1637 τοῖς
1599 1605 1743 1640 πράγμασι
1754 1612 1761 1619 ·
1780 1604 1853 1639 μένει

1066 1653 1114 1685 δὲ,
1136 1652 1169 1679 δι’
1192 1652 1327 1688 ὑπεροχὴν
1343 1651 1465 1684 ἑνώσεως
1487 1652 1534 1679 καὶ
1556 1652 1684 1687 εἰρήνης,
1710 1650 1759 1685 ὅλη
1784 1650 1854 1686 πρὸς

1066 1699 1130 1734 ὃλην
1153 1698 1270 1734 ἑαυτὴν,
1295 1698 1357 1726 καθ’
1374 1698 1438 1733 ὃλην
1460 1697 1669 1734 ύπερηνωμένη.
1700 1697 1778 1724 Ἐπεὶ
1799 1696 1854 1731 γάρ

1066 1744 1264 1780 ὺπερηνωμένη
1290 1744 1381 1777 ἐστὶν,
1413 1743 1483 1779 αὑτὴ
1513 1743 1596 1779 ἑαυτῇ
1628 1742 1742 1770 καθόλου
1766 1743 1852 1778 ταὺτή

1067 1791 1151 1816 ἑστιν.

228 1844 260 1864 ac
277 1837 410 1872 dignitate
434 1835 515 1863 rebus
541 1835 669 1863 omnibus
688 1835 889 1868 communicat;
916 1840 1008 1863 manet
1027 1843 1101 1868 vero,
1115 1844 1163 1871 per
1177 1835 1366 1864 excellentiam
1382 1834 1489 1862 unionis
1513 1837 1541 1861 et
1568 1833 1652 1866 pacis.
1678 1837 1734 1860 tota
1760 1840 1851 1860 secum

228 1888 300 1916 tota,
321 1882 470 1910 secundum
494 1886 579 1908 totam
619 1888 786 1916 supraquam
821 1881 910 1909 unita.
944 1880 1083 1916 Siquidem
1111 1881 1184 1917 quod
1217 1888 1383 1917 supraquam
1414 1879 1508 1914 unita,
1532 1882 1568 1907 stt
1591 1879 1649 1914 ipsa
1668 1878 1719 1906 sibi
1752 1886 1851 1906 set-un-

227 1930 291 1957 dnut
306 1935 335 1956 se
348 1933 433 1955 totam
451 1927 547 1955 eadem
569 1928 673 1955 existit.

263 1975 278 2012 ς
299 1975 342 2003 Ill.
362 1975 414 2003 llic
424 1975 604 2010 quorumdam
620 1974 819 2009 quodammodo
835 1974 1012 2009 quaestionem

227 2021 324 2049 inserit
342 2021 492 2049 dicentium
508 2029 516 2048 :
533 2021 677 2055 Quomodo
695 2021 786 2048 omnia
812 2027 905 2056 pacem
927 2027 1012 2055 appe-

226 2071 296 2099 tant,
314 2075 376 2095 cum
402 2067 492 2102 aliqua
515 2067 571 2095 sint
585 2074 646 2102 quae
671 2067 807 2094 divisione
830 2071 857 2094 et
872 2066 1012 2094 inimicitia

225 2112 383 2147 gaudeant?
399 2112 433 2140 Et
457 2120 529 2140 nunc
551 2112 660 2147 quidem
683 2112 759 2140 clare
780 2112 858 2145 dicit,
875 2119 935 2146 quae
957 2111 1013 2138 sint

226 2166 286 2192 qua
312 2159 470 2186 diversitate
495 2158 677 2191 delectentur,
701 2158 728 2185 in
749 2157 926 2185 distinctione
948 2164 1013 2184 vero

226 2202 308 2239 519
335 2204 392 2231 lucc
418 2203 504 2231 t‘nsius
534 2204 655 2231 dirimet.
682 2203 827 2238 Triplicem
855 2203 948 2237 itaque
968 2210 1012 2230 ra-

1100 1972 1114 2009 §
1131 1973 1178 2000 Ill.
1205 1971 1345 1999 Ἐντεῦθεν
1358 1971 1396 2003 ὡς
1412 1970 1466 1997 ἀπό
1479 1977 1561 1996 τινων
1584 1968 1700 2004 ἀπορίαν
1723 1969 1851 2005 παρενεί-

1066 2026 1117 2055 pet,
1135 2017 1214 2050 Πῶς,
1227 2016 1371 2051 λεγόντων,
1386 2015 1491 2050 ὲῳίεται
1506 2014 1595 2041 πάντα
1607 2013 1717 2049 εἰρήνης
1729 2033 1737 2045 ,
1755 2013 1849 2049 ἐπειδὴ

1064 2063 1126 2091 τινά
1141 2064 1194 2090 εἰσι
1209 2064 1242 2098 τῇ
1259 2061 1393 2097 διακρίσει
1416 2061 1463 2087 καὶ
1478 2062 1511 2096 τῇ
1528 2059 1613 2095 ἔχθρᾳ
1629 2059 1778 2094 χαίροντας
1797 2060 1850 2086 Καὶ

1065 2109 1113 2136 νῦν
1136 2109 1184 2144 μὲν
1208 2107 1299 2142 σαφῶς
1323 2107 1413 2141 λέγει,
1436 2106 1497 2132 τίνα
1521 2105 1574 2132 εἰσὶ
1598 2104 1632 2131 τὰ
1654 2105 1687 2140 τῇ
1710 2104 1849 2140 ἑτερότητι

1065 2156 1204 2192 χαίροντα,
1222 2157 1250 2182 ἑν
1266 2155 1296 2182 δὲ
1310 2155 1343 2190 τῇ
1359 2154 1434 2181 λύσει
1450 2153 1631 2189 διευκρινήσει
1646 2151 1734 2179 ταῦτα
1750 2151 1850 2179 πλατύ-

1064 2211 1153 2238 τερον.
1170 2201 1277 2238 Τριχῶς
1301 2201 1366 2236 γοῦν
1390 2201 1505 2228 ποιεῖται
1523 2200 1572 2235 τὴν
1588 2199 1634 2226 τοῦ
1651 2198 1728 2233 λόγου
1745 2198 1848 2233 ἔφοδον,

224 2251 326 2277 tionem
350 2249 447 2282 aﬂ'ert,
467 2257 500 2276 ac
521 2250 637 2285 primam
660 2249 770 2284 quidem
802 2248 941 2282 admittit,
966 2255 1010 2275 se-

1067 2250 1109 2276 καὶ
1124 2249 1169 2275 τὸν
1187 2248 1237 2284 μὲν
1250 2247 1381 2283 πρότερον
1390 2246 1468 2281 λόγον
1479 2246 1595 2280 δέχεται,
1607 2245 1653 2271 τὸν
1668 2244 1697 2271 δὲ
1712 2244 1848 2280 δεύτερον,

224 2294 341 2321 cnndatn
363 2302 429 2322 vero
446 2299 576 2330 tanquam
604 2294 801 2329 itnpossibilem
832 2293 931 2327 rejieit,
955 2297 1010 2320 ter-

224 2340 289 2366 tiam
306 2340 423 2374 denique
450 2341 618 2369 moderatur.
643 2340 672 2367 Si
697 2340 789 2375 igitur,
804 2339 903 2374 inquit,
919 2338 1012 2372 cujus-

223 2393 279 2420 que
296 2386 335 2412 rei
352 2387 548 2421 proprietatem
575 2386 637 2421 quis
659 2387 742 2419 dicat,
759 2386 908 2413 secundum
926 2393 1008 2420 quant

223 2431 275 2458 hoc
289 2431 399 2466 quidem
426 2432 507 2465 ignis,
531 2431 597 2458 illud
614 2438 680 2459 vero
702 2439 784 2466 aqua,
799 2435 827 2458 et
847 2430 918 2458 aliud
935 2431 1007 2457 aliud

222 2478 287 2511 quid
298 2477 405 2510 existit,
423 2483 452 2505 ut
465 2478 547 2505 aliam
570 2482 697 2505 naturam
723 2477 839 2509 habens,
854 2476 1006 2504 istiusmodi

221 2524 408 2551 diversitatem
430 2531 481 2559 ego
495 2530 605 2558 quoque
627 2522 752 2553 admitto,
773 2528 854 2556 quam
878 2527 931 2547 non
946 2520 1006 2548 dico

221 2570 437 2603 distinctionem,
449 2569 496 2596 sed
510 2569 600 2604 potius
616 2569 745 2596 unionem
759 2572 786 2594 et
800 2567 1006 2595 consistentiam

220 2615 352 2650 cujusque
367 2616 394 2643 in
410 2620 483 2643 statu
497 2623 548 2642 suo
563 2623 570 2642 :
585 2615 652 2642 nihil
669 2614 741 2641 enim
762 2621 856 2640 eorum
869 2620 929 2648 qnze
943 2616 1008 2639 sunt

221 2663 294 2696 cupit
308 2663 422 2696 perdere
435 2662 461 2689 id
476 2663 548 2697 quod
564 2666 623 2694 est;
640 2661 734 2687 volunt
748 2659 820 2687 enim
833 2659 924 2686 omnia
943 2665 1006 2685 cutn

220 2705 373 2743 s‘emetipsis
394 2716 489 2743 pacem
511 2708 625 2738 habere,
642 2711 725 2741 atque
739 2706 895 2742 proprietas
910 2705 1005 2740 cujus-

220 2762 273 2790 que
291 2755 382 2789 potius
397 2759 492 2782 custos
507 2759 550 2782 est
568 2760 681 2782 naturae.

277 2878 290 2898 ⁵
305 2877 367 2904 Act.
386 2883 452 2908 xvn,
469 2875 517 2902 28.

1062 2296 1100 2328 ὡς
1118 2295 1154 2331 μὴ
1170 2294 1317 2330 δυνάμενον
1333 2291 1412 2325 εἶναι,
1430 2291 1620 2324 ἀποδάλλεται,
1636 2291 1682 2317 τὸν
1697 2291 1726 2318 δέ
1743 2300 1776 2326 γε
1792 2292 1849 2327 τρί-

1061 2350 1107 2368 τον
1124 2340 1279 2377 θεραπεύει.
1298 2339 1329 2365 Εί
1345 2337 1410 2373 γοῦν
1425 2337 1473 2373 τὴν
1489 2337 1604 2364 ἑκάστου
1622 2336 1750 2370 ἰδιότητα,
1769 2337 1848 2371 φησὶν

1061 2387 1076 2412 ὁ
1092 2386 1188 2421 λέγων,
1206 2385 1267 2412 καθ’
1283 2385 1316 2420 ἣν
1331 2383 1411 2410 τοῦτο
1423 2383 1472 2419 μὲν
1485 2383 1549 2418 πῦρ,
1562 2382 1642 2408 τοῦτο
1657 2382 1684 2408 Si:
1701 2381 1786 2417 ὕδωρ,
1804 2382 1847 2409 καὶ

1060 2432 1140 2460 τοῦτο
1150 2432 1193 2458 ἑτε
1198 2431 1243 2467 ρόν
1253 2439 1288 2463 τι,
1303 2430 1390 2462 άλλως
1401 2429 1451 2465 τῆς
1464 2428 1569 2463 φύσεως
1580 2427 1651 2462 ἕχον,
1662 2426 1711 2462 τὴν
1721 2427 1847 2460 τοιαύτην

1060 2477 1206 2514 ἑτερότητα
1223 2475 1300 2510 κάγὼ
1315 2475 1438 2510 δέχομαι,
1450 2475 1482 2510 ἢν
1494 2474 1523 2500 οὺ
1541 2473 1611 2507 λέγω
1626 2472 1773 2507 διάκρισιν,
1784 2472 1846 2498 ἀλλὰ

1061 2524 1160 2560 μᾶλλον
1178 2523 1274 2550 ἕνωσιν
1300 2522 1369 2557 πρὸς
1390 2520 1471 2547 ἑαυτὸ
1492 2520 1607 2547 ἑκάστου
1629 2519 1677 2546 καὶ
1700 2518 1844 2545 σύστασιν·

1059 2572 1135 2598 οὐδὲν
1150 2570 1205 2606 γὰρ
1220 2569 1275 2596 τῶν
1293 2568 1377 2595 ὄντων
1399 2567 1486 2594 ἑθέλει
1510 2565 1653 2593 ἀπολλύειν
1677 2565 1747 2601 ὅπερ
1771 2565 1844 2591 ἐστί’

1059 2617 1150 2645 πάντα
1165 2616 1220 2652 γὰρ
1236 2615 1321 2643 ἑθέλει
1334 2613 1485 2650 εἰρηνεύειν
1502 2612 1569 2648 πρὸς
1582 2611 1678 2645 ἑαυτὰ,
1690 2612 1739 2639 καὶ
1755 2612 1772 2647 ή
1791 2611 1846 2638 ἰδιό-

1055 2672 1106 2700 της
1122 2662 1229 2698 φυλακὴ
1248 2661 1348 2699 μᾶλλον
1363 2660 1414 2692 τῆς
1430 2659 1537 2693 φύσεως
1552 2659 1664 2700 γίνεται.
