1929 3061
93 147 155 176 965

384 148 429 176 DE
445 148 569 177 DlVlNlS
585 148 781 183 NOMlNlBUS,
797 150 874 178 CAP.

929 171 932 178 .
946 165 980 171 -ν
997 151 1169 181 PARAPllR.
1188 155 1421 189 PACIIYMERE.

1682 166 1735 196 906

135 205 151 239 §
172 204 213 232 ιν.
233 205 289 233 Καὶ
302 205 330 232 τί
345 205 417 240 λέγω
431 206 518 233 ταῦτα
532 207 579 233 ἐπὶ
592 208 648 239 τοῖς
662 207 699 243 μὴ
711 209 876 244 κινουμένοις

981 208 995 245 §
1016 209 1060 240 IV.
1083 211 1116 238 Et
1131 213 1196 246 quid
1216 213 1278 242 dico
1293 215 1351 243 haec
1365 217 1399 244 de
1414 217 1467 245 illis
1480 226 1542 254 qua:
1555 227 1608 248 non
1623 229 1734 252 moven-

93 250 159 278 ἀλλ’
177 252 367 283 ἀστασιάστοις
383 252 431 279 καὶ
447 252 637 289 ἡσυχάζουσιν,
654 254 722 280 ὅπου
738 263 770 288 γε
786 255 834 282 καὶ
850 256 895 281 ἐπ’

94 295 195 327 αὐτοῖς
202 296 258 327 τοῖς
267 296 435 331 κινουμένοις
444 297 504 324 καθ’
513 297 657 325 ὁποιανοῦν
675 298 791 334 κίνησιν,
801 299 895 336 ὥσπερ

95 340 149 366 ἐπὶ
167 339 240 375 ἡλίου
258 339 307 367 ίδοι
322 349 366 371 τις
382 340 425 372 ἂν,
443 341 459 376 ἢ
476 342 522 368 επὶ
534 341 589 369 τῶν
601 342 692 378 μερῶν
704 342 751 370 τοῦ
768 344 892 380 ούρανοῦ,

94 385 115 421 ἢ
135 385 182 411 ἐπ’
197 384 285 412 ἄλλων
307 385 514 421 εὐμεταϐόλων,
539 387 587 414 καὶ
610 388 650 419 εἰς
674 387 739 414 ἀλλο
762 388 809 415 καὶ
831 388 894 415 ἄλλο

95 431 239 466 ῥεπόντων
251 439 258 464 ;
268 431 306 463 ὡς
321 432 369 459 καὶ
380 431 410 458 τὸ
422 432 472 467 τῆς
485 433 629 469 ἀστραπῆς
645 433 712 470 ἔχει,
729 434 830 467 εὐθέως
845 435 893 471 τὴν

95 478 177 504 κάτω
192 478 298 514 κίνησιν
315 478 494 514 κινουμένης,
513 479 561 506 καὶ
576 479 658 507 πάλιν
673 479 724 516 τὴν
741 480 812 507 ἀνω·
830 481 847 516 ἢ
863 481 894 507 τὸ

92 525 149 560 τῆς
175 523 330 559 θαλάσσης,
356 525 404 551 νῦν
428 525 476 560 μὲν
501 525 703 562 κυμαινούσης,
721 527 768 554 νῦν
783 527 811 554 δὲ
828 528 893 563 ἡσυ-

94 570 237 606 χαζούσης
248 590 255 602 ,
272 571 340 597 ὅπου
355 579 387 606 γε
403 570 496 599 λοιπὸν
512 573 559 598 καὶ
575 572 644 608 αὐτὴ
660 574 677 609 ή
693 572 892 608 ὰλλεπάλληλος

94 616 209 652 κίνησις
225 616 255 643 οὔ
273 617 416 653 καθίστησι
439 617 489 653 τὴν
514 618 645 654 διαφορὰν
667 619 714 646 καὶ
737 618 787 655 τὴν
803 620 892 656 ἑτερό-

94 670 186 698 τητα,
203 662 270 689 ἀλλά
287 662 317 689 τὸ
332 663 432 690 ταύτὸν
448 663 497 699 τῆς
514 662 622 698 φύσεως
638 663 838 697 ἀποδείκνυσιν,
854 664 891 696 ὡς

93 708 228 744 τοιαύτην
249 709 296 735 τοῦ
319 708 480 745 πράγματος
503 708 610 744 ἔχοντος
626 709 707 744 φύσιν
730 710 890 746 κινουμένην

94 754 146 780 καὶ
163 753 383 789 μεταπίπτουσαν
403 754 452 790 τῆς
477 754 602 790 εἰρήνης,
618 755 666 781 καὶ
681 754 741 781 τότε
758 755 826 791 αὐτῇ
842 756 890 791 τὴν

94 799 241 836 κινητικὴν
264 799 336 836 ζωὴν
360 800 488 837 ἀκίνητον
513 800 710 837 φυλαττούσης,
728 802 818 835 καθὼς
834 802 890 838 ἔχει

94 845 219 881 φύσεως.

947 258 1004 288 tur,
1019 256 1067 284 sed
1088 257 1148 284 sine
1163 258 1311 298 deditione
1325 267 1409 297 atque
1426 263 1453 292 in
1468 267 1560 300 quiete
1578 273 1653 302 sunt,
1670 277 1732 298 cum

944 300 971 328 id
989 301 1072 329 etiam
1087 302 1176 330 locum
1195 305 1294 332 habent
1312 305 1338 333 in
1357 307 1390 334 iis
1405 316 1465 343 quae
1481 300 1731 347 qttocunquetnottt

944 346 1062 378 cientur,
1076 353 1103 373 ut
1120 347 1146 374 in
1163 348 1220 376 sole
1233 349 1326 377 videre
1342 352 1403 386 quis
1420 354 1521 388 possit,
1535 355 1576 382 vel
1600 346 1627 384 in
1644 359 1732 392 parti-

944 392 994 419 hus
1007 392 1081 425 cceli,
1095 393 1137 420 vel
1154 393 1181 420 in
1200 393 1262 422 aliis
1272 403 1333 430 quae
1347 396 1426 424 facile
1441 404 1591 434 umtantnr,
1607 407 1688 437 atque
1702 405 1729 431 in

943 437 996 464 alia
1018 443 1102 472 atque
1118 439 1170 466 alia
1192 446 1321 476 vergunt;
1339 442 1410 470 sicut
1433 444 1516 471 etiam
1543 445 1568 473 in
1583 447 1686 481 fulgure
1700 457 1730 476 se

944 491 988 511 res
1002 484 1098 518 habet,
1120 486 1191 520 quod
1208 491 1369 522 exlempore
1392 488 1520 518 deorsum
1544 498 1678 526 movetur,
1701 501 1730 523 et

942 529 1040 556 ilerutn
1060 537 1189 561 sursum:
1207 531 1248 558 vel
1266 533 1292 559 in
1308 533 1390 567 mari,
1411 534 1490 562 modo
1503 537 1613 570 quidem
1623 540 1728 573 procel-

942 575 1011 608 loso,
1029 575 1109 602 modo
1125 583 1192 604 vero
1217 579 1379 613 tranquillo,
1403 581 1440 607 ita
1461 586 1490 608 ut
1507 582 1589 610 etiam
1614 584 1729 620 ipsamet

942 621 1046 648 alterna
1069 624 1154 650 motio
1180 631 1233 651 non
1258 627 1409 654 constituat
1438 627 1621 658 dill‘erentiam
1643 635 1671 659 et
1688 633 1729 660 di-

942 667 1099 696 versitatem
1115 688 1122 700 ,
1156 671 1202 696 sed
1226 676 1330 698 natura:
1355 672 1524 701 identitatem
1549 675 1727 710 demonstret,

942 713 1043 748 quippe
1057 719 1155 742 natura
1168 716 1206 742 rei
1222 716 1374 745 istiusmodi
1399 724 1501 747 motmu
1518 726 1545 748 et
1559 722 1728 750 vicissitudi-

941 765 1002 785 nem
1019 767 1069 794 pro
1080 767 1147 794 pace
1165 768 1212 788 sua
1229 762 1367 796 exigente,
1381 769 1409 791 et
1424 771 1480 792 tum
1494 767 1577 794 etiam
1597 769 1726 797 mobilem

940 811 1017 832 suam
1031 805 1115 833 vitam
1136 806 1276 835 immotam
1296 815 1486 845 causervaute,
1503 818 1584 847 prout
1597 814 1656 850 ejus
1676 823 1727 843 ua-

941 855 1000 878 tura
1016 851 1079 879 fert.

132 891 147 928 §
169 891 198 919 V.
219 893 250 919 El
266 892 294 920 δὲ
310 892 357 919 τὸν
372 892 497 929 δεύτερον
519 892 597 927 λόγον
620 892 714 928 λέγει,
738 894 876 931 ἑτερότητι

974 895 988 930 §
1010 894 1042 923 V.
1062 895 1091 923 Si
1111 904 1178 925 vero
1194 898 1309 927 alteram
1334 901 1468 930 rationem
1492 903 1600 939 aﬂ‘erat,
1624 907 1739 935 conllr-‘

94 938 302 975 ἰσχυριζόμενος
323 936 393 965 εἶναι
416 938 487 966 κατὰ
512 938 617 967 τελείαν
640 939 691 975 τῆς
713 941 823 976 εἰρήνης
837 941 885 969 ἔκ-

87 990 205 1016 πτωσιν,
215 983 304 1016 καθὼς
311 983 336 1010 ol.
350 983 494 1018 Μανιχαῖοι
514 983 608 1018 ελεγον
635 983 683 1020 τὴν
701 984 766 1020 ὕλην
782 986 886 1013 αὺθύπ-

90 1036 194 1064 αρκτον
210 1028 341 1056 ἀσπασίαν
357 1029 404 1056 καὶ
431 1029 584 1066 περιφορὰν
604 1030 652 1057 καὶ
673 1031 802 1067 ἀπειρίαν
812 1052 820 1065 ,
837 1033 884 1060 καὶ

90 1075 236 1111 ἀοριστίαν
252 1075 375 1111 ἔχουσαν,
395 1075 461 1102 ἵστω
475 1075 513 1108 ὡς
529 1075 590 1103 οὕτε
605 1077 635 1103 ὃν
651 1078 710 1104 ὲστι
719 1077 798 1106 τοῦτο
808 1098 816 1111 ,
833 1079 883 1115 ὕλη

91 1121 211 1157 μένουσα
227 1122 275 1149 καὶ
293 1121 355 1149 καθ’
371 1121 456 1158 αὐτὴν
481 1122 667 1158 ὑφισταμένη·
693 1123 755 1150 οὔτε
779 1125 833 1161 μὴν
854 1127 883 1152 ὲν

88 1169 149 1199 τοῖς
164 1165 239 1195 οὖσιν
257 1167 411 1204 εὑρίσκεται
421 1188 429 1200 ,
446 1168 484 1200 ὡς
499 1166 570 1195 εἶναι
585 1169 631 1196 καὶ
649 1170 733 1206 αὐτὴν
751 1171 815 1206 μίαν
828 1172 883 1199 τῶν

88 1213 342 1250 εἰδοπεποιημένων
365 1215 532 1250 κτισμάτων.
556 1215 588 1241 Εἰ
613 1216 678 1250 γοῦν
694 1215 756 1244 οὔτε
779 1217 882 1245 εἰδοπε-

87 1260 238 1296 ποιημένον
254 1261 327 1287 ἐστὶν
343 1261 381 1293 ὡς
397 1260 431 1287 τὰ
447 1261 528 1294 ὄντα,
545 1261 608 1288 οὗτε
625 1262 678 1298 μὴν
695 1263 814 1290 ἀνείδεον
831 1264 881 1300 μέ-

87 1315 134 1333 νον
150 1307 180 1333 ὕν
195 1307 270 1339 ὲστι,
287 1307 334 1333 καὶ
357 1307 418 1334 καθ’
434 1308 516 1335 αὐτὸν
538 1308 736 1344 ὑφιστάμενον,
761 1309 819 1342 πῶς
841 1310 881 1337 εί-

87 1361 198 1388 ποιμεν,
216 1354 257 1380 ὃτι
281 1354 312 1380 τὸ
334 1354 453 1381 τοιοῦτον
469 1355 581 1391 εἰρήνην
596 1356 646 1382 οὐκ
662 1355 738 1392 ἐχει;
758 1357 789 1383 Εἰ
807 1357 836 1384 δὲ
849 1357 881 1384 τὸ

87 1399 179 1435 τρίτον
190 1400 282 1435 φησὶν,
299 1400 340 1426 ὅτι
360 1401 435 1433 τινές
454 1401 522 1428 εἰσιν
538 1401 802 1438 ἀπεχθανόμενοιτῴ
812 1404 880 1438 ἀγα-

88 1444 138 1480 θῷ,
158 1446 204 1472 καὶ
220 1447 280 1478 ταῖς
295 1446 366 1482 ἐρισι
383 1447 500 1480 καὶτοῖς
519 1448 615 1484 θυμοῖς
634 1449 791 1485 χαίροντες,
809 1451 880 1486 φημί

86 1491 129 1518 ὅτι
145 1492 193 1519 καὶ
208 1490 282 1519 οὗτοι
298 1494 435 1529 ἀμαυροῖς
456 1494 576 1527 εἰδώλοις
598 1495 648 1531 τῆς
670 1496 780 1532 ἀγάπης
797 1498 878 1524 κατέ-

87 1548 194 1575 χονται·
212 1540 265 1567 ὑπὸ
281 1540 336 1577 γὰρ
352 1541 446 1568 παθῶν
466 1542 651 1578 ἐνοχλούμενοι
661 1563 668 1575 ,
687 1544 734 1570 καὶ
749 1544 783 1570 τὰ
806 1544 878 1581 πάθη
892 1557 915 1587 c

86 1585 156 1613 κατὰ
168 1586 279 1621 ἄγνοιαν
290 1586 328 1618 ὠς
345 1587 415 1614 καλά
429 1587 551 1620 θέλοντες
567 1589 652 1624 ἰστᾷν,
668 1588 791 1617 δοκοῦσιν
804 1591 880 1626 εἰρή-

86 1641 136 1668 νης
142 1632 294 1668 ὀρέγεσθαι,
304 1633 441 1668 ἐφιέμενοι
452 1633 538 1666 ἀδεῶς
554 1633 760 1661 ἀπολαύειντῶν
774 1635 878 1669 παθῶν,

937 948 1024 971 mans.
1038 941 1226 972 diversitatem
1239 945 1360 974 existere
1373 955 1422 982 per
1435 949 1619 978 onmimodam
1632 959 1647 979 a
1661 961 1725 987 pace

936 987 1147 1023 prolapsionem,
1159 990 1230 1018 sicut
1248 991 1386 1021 Manichmi
1408 994 1535 1022 dicebant
1550 1016 1558 1029 ,
1581 999 1723 1027 materiam

935 1032 1037 1061 habere
1052 1041 1101 1069 per
1121 1042 1152 1063 se
1166 1036 1361 1066 subsistentem
1387 1039 1596 1070 instabilitatem
1621 1049 1649 1071 et
1669 1046 1723 1072 cir-

935 1077 1155 1114 cumferentiam,
1175 1086 1203 1108 et
1222 1081 1386 1111 infinitatem
1408 1090 1436 1112 et
1461 1086 1722 1122 interminationem,

934 1125 1003 1152 sciat
1019 1125 1123 1153 nullum
1145 1133 1195 1155 ens
1219 1135 1291 1162 esse,
1310 1129 1383 1164 quod
1405 1131 1447 1158 sic
1466 1137 1579 1161 materia
1602 1141 1722 1168 maneat,

933 1176 962 1198 ct
976 1179 1026 1206 per
1044 1179 1074 1200 se
1088 1173 1236 1207 subsistat;
1253 1183 1342 1210 neque
1361 1175 1386 1203 id
1406 1178 1488 1205 etiam
1509 1180 1534 1207 in
1548 1181 1629 1208 rebus
1645 1189 1722 1216 repe-

933 1217 993 1251 riri,
1007 1225 1067 1245 cum
1089 1219 1145 1253 ipsa
1162 1219 1245 1246 etiam
1260 1228 1311 1248 una
1330 1222 1365 1249 sit
1385 1231 1420 1250 ex
1436 1226 1575 1254 creaturis
1595 1227 1648 1255 illis
1661 1235 1722 1263 quae

933 1261 1129 1292 informantur.
1143 1264 1171 1291 Si
1189 1265 1279 1300 itaque
1293 1274 1346 1294 non
1361 1267 1398 1294 sit
1415 1269 1575 1305 informata,
1590 1272 1661 1300 sicut
1670 1261 1722 1302 ires

932 1312 1047 1341 caeteras,
1065 1317 1154 1344 neqtte
1176 1311 1259 1338 etiam
1282 1318 1369 1347 certe,
1382 1314 1445 1342 dum
1470 1316 1598 1346 informis
1619 1325 1721 1354 ntauot,

932 1361 976 1381 res
989 1354 1036 1386 sit,
1052 1362 1087 1382 ne
1101 1363 1150 1390 per
1169 1363 1199 1383 se
1217 1358 1367 1392 subsistat;
1387 1363 1526 1395 quomodo
1551 1364 1672 1394 dicemus
1694 1367 1720 1394 id

931 1400 1003 1434 quod
1019 1400 1072 1427 tale
1086 1406 1129 1428 est
1144 1409 1198 1429 non
1213 1403 1315 1432 habere
1331 1413 1424 1440 pacem
1438 1408 1449 1435 τ
1475 1408 1552 1442 Quod
1569 1410 1591 1438 si
1609 1412 1719 1439 tertium

930 1445 1016 1479 dicat,
1033 1445 1142 1481 aliquos
1157 1455 1218 1475 esse
1232 1451 1277 1484 qui
1295 1451 1368 1479 bono
1389 1452 1580 1489 adversantur,
1605 1462 1634 1484 et
1655 1465 1721 1485 con-

931 1491 1097 1520 tentionibus
1118 1499 1145 1521 et
1169 1494 1218 1522 iris
1238 1498 1386 1531 gaudeant,
1409 1499 1472 1527 dico
1487 1501 1569 1529 etiam
1586 1502 1648 1530 illos
1670 1505 1720 1532 ob-

930 1539 1018 1565 scuris
1030 1539 1195 1582 quibusdam
1215 1542 1370 1572 dilectionis
1385 1545 1540 1575 simulacris
1560 1549 1717 1582 contineri;

930 1590 945 1610 a
961 1584 1132 1618 passionibus
1145 1579 1217 1613 enim
1235 1588 1340 1623 agitati,
1359 1598 1461 1626 easque
1474 1599 1522 1627 per
1533 1593 1717 1628 ignorantiam

928 1630 1006 1663 quasi
1020 1630 1106 1658 bonas
1118 1632 1214 1659 sedare
1227 1633 1359 1667 volentes,
1371 1643 1466 1671 pacem
1479 1643 1609 1673 appetere
1623 1640 1717 1668 viden-

85 1681 133 1707 καὶ
140 1681 255 1716 οἰόμενοι
263 1680 412 1716 εἰρηνεύειν
419 1681 532 1713 ἑαυτοὺς
539 1680 587 1707 ὲάν
595 1681 703 1717 άποπλη
707 1681 812 1717 ρωθῶσι
824 1682 876 1709 τῶν

929 1677 984 1706 tur,
1008 1674 1074 1701 dutn
1099 1675 1271 1709 passionibus
1296 1678 1408 1714 impune
1431 1680 1486 1709 frui
1507 1683 1673 1718 desiderant,
1689 1691 1717 1714 et

85 1726 129 1753 ἀεὶ
146 1727 334 1763 ἀπορρεόντων
348 1727 452 1759 παθῶν,
468 1727 512 1754 ἀεὶ
531 1727 583 1754 ὑπὸ
598 1727 700 1754 τούτων
716 1727 876 1764 ἐκταραττό-

929 1719 1098 1748 arbitrantur
1115 1728 1145 1748 se
1159 1729 1253 1756 pacem
1277 1724 1391 1759 habere,
1406 1727 1429 1754 si
1451 1729 1582 1757 continuo
1606 1731 1716 1760 liuenti-

87 1779 171 1806 μενοι.
187 1755 268 1800 illi»;
281 1781 323 1804 τις
341 1773 412 1798 εἴποι
431 1755 496 1808 περὶ
515 1772 566 1808 τῆς
586 1772 657 1800 κατὰ
673 1755 790 1809 Χριστὸν
801 1774 876 1809 εἰρή-

929 1764 977 1792 bus
1005 1755 1178 1800 passiouibus
1210 1755 1390 1804 repleantur;
1413 1774 1449 1801 ab
1480 1755 1578 1803 iisdem

85 1817 212 1853 νης,καθ“
224 1819 257 1854 ὴν
270 1818 342 1850 ἇπας
355 1818 436 1854 ἐλύθη
452 1818 584 1854 πόλεμος,
602 1819 649 1845 καὶ
666 1819 702 1854 μὴ
720 1819 799 1855 μόνον
814 1818 875 1846 οὔτε

929 1810 1008 1846 520
1026 1812 1170 1847 exagitari.
1197 1814 1267 1848 Quid
1295 1825 1379 1852 porro
1403 1819 1478 1848 dicat
1504 1823 1565 1856 quis
1589 1824 1623 1851 de
1646 1810 1713 1859 paco

86 1863 205 1895 ἑαυτοῖς,
219 1863 280 1890 οὔτε
298 1864 440 1900 ἀλλήλοις,
461 1863 522 1890 οὔτε
541 1865 666 1899 ἀγγέλοις
684 1865 873 1901 μαχησόμεθα,

929 1857 1044 1891 Eltristi,
1079 1867 1132 1894 qua
1159 1860 1259 1888 bellum
1286 1871 1367 1891 onnte
1394 1865 1557 1894 dissolutum
1587 1857 1654 1901 est,
1683 1876 1714 1898 ut

85 1909 151 1936 ἀλλά
162 1910 208 1936 καὶ
217 1909 308 1941 αὐτοῖς
316 1909 371 1941 τοῖς
380 1909 505 1944 ἀγγέλοις
514 1918 575 1936 συνε
580 1910 629 1945 ργή
634 1918 726 1946 σομεν,
735 1909 784 1945 τὴν
790 1910 874 1946 αὐτὴν

929 1911 976 1930 non
995 1904 1083 1931 solum
1103 1913 1192 1941 neque
1212 1907 1366 1942 uobiscum,
1390 1918 1479 1946 neque
1495 1921 1556 1940 cum
1581 1914 1710 1948 invicem,

85 1954 174 1986 αὐτοῖς
185 1955 249 1990 περὶ
262 1955 292 1981 τὸ
306 1955 383 1982 Θεῖον
394 1954 475 1986 σέϐας
489 1955 616 1991 λατρείαν
628 1955 675 1982 καὶ
691 1955 873 1991 προσκύνησιν

929 1956 1011 1984 aeque
1031 1957 1092 1977 cum
1106 1951 1210 1986 angelis
1222 1952 1322 1980 bellum
1336 1955 1499 1991 habeamus,
1517 1966 1611 1986 verum
1626 1961 1709 1988 etiam

84 1999 238 2032 τελοῦντες,
255 2000 288 2027 δι’
305 1998 339 2036 ἦς
358 2001 469 2037 εἰρήνης
488 2000 655 2037 κατήλλαξεν
679 2001 752 2037 ἡμᾶς
771 2001 870 2037 ἑαυτῷ,

84 2045 122 2081 τῷ
138 2047 221 2082 Πατρί
238 2055 268 2073 τε
284 2048 331 2074 καὶ
345 2046 384 2082 τῷ
397 2046 553 2083 Πνεύματι,
574 2048 638 2083 περί
657 2044 695 2075 ὧν
719 2047 766 2075 καὶ
788 2048 870 2075 ἀλλα-

85 2092 146 2128 χόσε
163 2093 262 2125 ίκανῶς
280 2093 397 2130 εἴρηται.

120 2179 134 2216 §
145 2180 186 2210 Vl.
195 2181 332 2209 Ἐντεῦθεν
338 2182 472 2210 εἰσϐάλλει
480 2183 526 2210 καὶ
536 2183 689 2220 ἑρμηνεύει,
698 2183 816 2216 πῶςνοεῖ
822 2184 867 2211 τὸν

921 1994 990 2028 ipsis
1009 1995 1115 2030 angelis
1133 2003 1323 2032 eooperemur.
1339 2002 1464 2030 eumdem
1486 2011 1547 2031 cum
1570 2005 1637 2040 ipsis
1653 2006 1708 2034 Deo

920 2040 1023 2068 cultum
1039 2047 1066 2069 et
1077 2043 1266 2071 adorationem
1279 2046 1453 2081 exhibentes,
1469 2056 1521 2083 qua
1535 2050 1627 2085 utique
1639 2058 1707 2085 pace

920 2088 1078 2116 conciliavit
1094 2097 1144 2117 nos
1156 2090 1221 2123 sibi,
1237 2095 1265 2118 et
1278 2091 1365 2124 Patri,
1382 2098 1410 2120 et
1422 2092 1537 2129 Spiritui
1552 2102 1658 2130 sancto,
1673 2098 1708 2126 de

918 2134 1018 2169 quibus
1033 2135 1114 2162 etiam
1128 2135 1192 2163 alibi
1205 2136 1272 2164 satis
1288 2137 1390 2165 dictum
1403 2144 1454 2167 est.

954 2179 968 2215 ᾗ
983 2179 1027 2206 Vl.
1038 2179 1088 2208 Hic
1104 2180 1187 2208 etiam
1210 2181 1365 2216 introducit,
1379 2188 1406 2210 et
1425 2185 1555 2220 explicat,
1568 2188 1704 2222 quomodo

85 2226 147 2253 Θεὸν
160 2227 298 2264 αὐτοξωὴν
316 2226 384 2256 εἶναι
396 2249 403 2262 ,
423 2230 470 2257 καὶ
482 2229 533 2265 τῆς
546 2230 684 2266 αὺτοζωῆς
699 2231 864 2266 ὑποστάτην,

929 2225 1051 2261 ntelligat
1071 2226 1154 2254 Deum
1174 2234 1237 2254 esse
1259 2234 1308 2262 per
1320 2236 1350 2255 se
1363 2229 1459 2264 vitam,
1478 2236 1505 2258 et
1527 2239 1576 2266 per
1593 2240 1625 2261 se
1642 2235 1705 2262 vita:

85 2271 130 2298 καὶ
146 2271 179 2298 τὰ
193 2273 272 2308 ὅμοια
285 2293 292 2305 ,
307 2274 401 2310 ἐπειδὴ
416 2274 466 2301 καὶ
483 2275 512 2301 ὲν
531 2275 687 2308 ἐπιστολαῖς
705 2276 783 2303 τοῦτο
804 2285 866 2303 συν-

85 2317 171 2350 έθετο,
188 2318 235 2345 καὶ
255 2320 269 2345 ὁ
292 2319 368 2354 ἆγιος
388 2320 520 2355 Τιμόθεος
535 2320 658 2357 ἠπόρησε
674 2322 739 2358 περὶ
759 2322 864 2350 τούτου.

84 2364 148 2400 Φησὶ
161 2365 261 2396 τοίνυν,
277 2366 318 2392 ὅτι
333 2366 383 2392 οὺκ
400 2366 474 2393 ἐστιν
498 2367 619 2394 ἐναντίον
639 2369 725 2394 εἰπεῖν
740 2368 786 2395 τὸν
800 2368 865 2395 Θεὸν

84 2409 129 2437 καὶ
150 2409 305 2447 αὺτοζωὴν,
328 2412 375 2438 καὶ
394 2412 534 2448 αὐτοζωῆς
558 2413 730 2449 ὑποστάτην·
758 2414 865 2449 λέγεται

84 2455 135 2492 γὰρ
149 2458 162 2483 ό
180 2456 245 2489 Θεὸς
262 2457 309 2484 καὶ
328 2458 360 2484 ὲκ
378 2457 432 2484 τῶν
449 2458 533 2486 ὄντων
543 2478 551 2491 ,
570 2458 609 2490 ὡς
625 2460 753 2487 αἰτιατῶν
768 2460 863 2493 αἴτιος,

58 2520 66 2528 ,
84 2502 128 2529 καὶ
143 2501 257 2538 μάλιστα
269 2504 300 2530 ὲκ
311 2502 366 2530 τῶν
377 2503 494 2539 πρώτως
506 2504 600 2532 ὄντων.
620 2505 740 2540 Πρώτως
758 2506 786 2533 δὲ
800 2506 865 2534 ὄντα

84 2545 153 2583 οἶμαι
166 2548 246 2575 αὑτὸν
268 2549 406 2584 εἰρηκέναι
419 2549 469 2582 τὰς
485 2549 685 2586 ὑπερκοσμίους
701 2554 812 2586 φύσεις,
826 2551 864 2585 ὡς

85 2593 193 2629 πρώτως
207 2595 254 2621 καὶ
267 2594 425 2631 ἀκραιφνῶς
439 2596 493 2622 τῶν
507 2596 587 2623 θείων
607 2597 716 2633 δωρεῶν
737 2599 859 2634 μετεχού-

86 2647 147 2672 σας,
169 2638 257 2675 ζωῆς¹
281 2640 446 2673 ἀθανασίας,
469 2642 516 2668 καὶ
536 2641 590 2668 τῶν
609 2642 719 2670 λοιπῶν.
741 2644 790 2670 Ἐκ
804 2643 859 2669 τῶν

85 2686 162 2712 ὕντων
181 2687 270 2713 τοίνυν
290 2686 434 2723 λεγόμενος
455 2688 469 2714 ὸ
487 2688 570 2721 Θεὸς,
592 2688 630 2721 ὼς
651 2689 737 2722 αἴτιος
757 2691 789 2717 ὲκ
808 2690 863 2717 τῶν

85 2730 204 2757 αἰτιατῶν
227 2731 330 2765 λέγοιτο
349 2731 382 2758 ἂν
403 2731 474 2759 κατά
493 2732 587 2766 τοῦτο,
610 2734 657 2761 καὶ
677 2735 691 2761 ὸ
711 2734 761 2770 τῆς
782 2735 862 2762 αύτο-

86 2775 151 2811 ζωης
164 2777 317 2812 ὑποστάτης
333 2778 380 2805 καὶ
399 2778 502 2812 αἴτιος,
514 2780 636 2816 αὐτοζωὴ
656 2781 689 2807 ἐκ
708 2779 755 2808 τοῦ
776 2782 863 2808 αἰτια-

85 2821 135 2848 τοῦ.
148 2822 179 2849 Τί
192 2823 220 2849 δέ
235 2825 307 2851 ἐστιν
321 2825 338 2859 ἡ
353 2824 475 2861 αὑτοζωὴ
491 2825 571 2861 αὕτη,
587 2826 764 2861 παρακατιὼν
778 2827 859 2854 εἴποι.

87 2867 160 2894 Ὅταν
173 2867 200 2895 δὲ
215 2869 295 2901 αὐτὸς
309 2869 415 2904 λέγεται
429 2870 443 2896 ὁ
456 2869 522 2898 Θεὸς
536 2870 669 2907 αὑτοζωὴ,
685 2871 755 2908 ὑπὲρ
771 2873 860 2900 πᾶσαν

917 2271 1106 2305 conditorem,
1120 2276 1148 2299 et
1164 2271 1277 2307 similia,
1294 2274 1518 2310 quandoquidem
1537 2277 1563 2305 id
1579 2279 1661 2306 etiam
1676 2282 1704 2308 in

915 2315 1044 2352 Epistolis
1067 2318 1211 2352 posuerit,
1235 2323 1264 2346 et
1285 2325 1397 2348 sanctus
1418 2320 1579 2352 Timotheus
1600 2325 1634 2353 de
1651 2326 1703 2354 hoc

915 2363 1057 2391 dubitarit.
1080 2364 1129 2391 Ait
1153 2365 1246 2400 itaque
1266 2374 1319 2393 non
1342 2374 1464 2401 pugnare
1486 2377 1590 2403 secum,
1611 2371 1703 2400 dicere

914 2407 1000 2436 Deum
1022 2416 1084 2437 esse
1107 2416 1157 2444 per
1171 2417 1202 2438 se
1220 2410 1316 2443 vitam.
1331 2417 1360 2439 et
1383 2420 1431 2447 per
1447 2421 1477 2442 se
1495 2415 1558 2443 vita:
1575 2417 1702 2444 condito-

915 2462 991 2488 rem;
1010 2456 1112 2483 dicitur
1133 2456 1207 2483 enim
1219 2456 1304 2490 Deus,
1317 2458 1400 2486 etiam
1424 2467 1457 2487 ex
1475 2461 1555 2489 rebus
1571 2467 1700 2497 tanquam

913 2500 1058 2529 ell‘ectuum
1078 2509 1173 2536 causa,
1189 2507 1216 2530 et
1230 2504 1348 2532 maxime
1359 2513 1393 2532 ex
1413 2505 1448 2533 iis
1461 2514 1522 2541 qua:
1533 2508 1620 2543 primo
1639 2509 1701 2538 loco

913 2552 986 2575 sunt.
1000 2547 1133 2575 Existimo
1143 2553 1234 2576 autem
1255 2549 1345 2585 ipsum
1358 2558 1406 2586 per
1420 2559 1452 2580 ea
1467 2561 1529 2588 quae
1540 2555 1629 2589 primo
1640 2555 1700 2584 loco

912 2598 987 2626 sunt,
1009 2594 1178 2622 intellexisse
1198 2600 1312 2623 naturas
1334 2600 1700 2637 supramuudiales,‘quippe

912 2640 1002 2676 primo
1015 2640 1074 2668 loco
1088 2641 1246 2677 liquidoque
1258 2642 1349 2670 divina
1361 2653 1474 2673 munera
1490 2647 1697 2682 partieipautes,

912 2689 942 2713 ut
956 2686 1050 2718 vitam,
1071 2686 1317 2722 immortalitatem,
1331 2694 1358 2719 et
1371 2690 1489 2725 reliqua.
1505 2691 1600 2727 ltaqtte
1615 2693 1696 2728 Deus,

911 2731 957 2766 qui
970 2739 1005 2759 ex
1019 2732 1110 2765 rebus,
1124 2736 1253 2768 tanquam
1266 2741 1346 2763 causa
1359 2743 1392 2764 ex
1403 2736 1519 2771 eﬂectis,
1533 2739 1695 2774 appellatur,

911 2778 1060 2806 secundum
1080 2778 1133 2806 hoc
1146 2780 1229 2807 etiam
1249 2780 1303 2808 dici
1321 2783 1408 2816 possit
1430 2783 1516 2818 ipsius
1532 2791 1580 2819 per
1593 2792 1624 2812 se
1636 2786 1697 2815 vita:

911 2824 1037 2853 conditor
1058 2829 1087 2852 et
1110 2829 1218 2858 auctor,
1242 2833 1277 2853 ex
1293 2825 1390 2855 effectu
1411 2836 1460 2864 per
1483 2836 1513 2857 se
1530 2830 1601 2858 vitae.
1625 2831 1697 2866 Quid

912 2879 978 2901 vero
1005 2871 1042 2900 sit
1069 2871 1126 2900 haec
1148 2879 1197 2907 per
1219 2880 1249 2901 se
1275 2873 1354 2909 vita,
1382 2874 1420 2902 ita
1443 2883 1614 2912 prosequens
1637 2880 1693 2908 ait:
