1929 3061
235 176 286 203 967

235 234 349 268 Quando
374 238 465 262 autem
489 233 590 261 dicitur
606 232 678 260 Deus
704 240 753 268 per
780 237 810 260 se
839 233 916 266 vita,
936 239 1019 263 supra
1036 242 1057 270 Δ

235 288 344 308 omnem
359 285 482 308 naturam
495 280 606 312 dicitur,
624 279 650 306 id
664 283 706 306 est
721 279 803 306 etiam
818 286 899 313 supra
912 278 1023 314 angelos

239 334 404 362 omnemque
424 327 604 355 substantiam
625 325 787 361 spiritalem.
810 326 848 353 Ex
864 333 918 353 uno
933 333 1024 353 autem

233 372 358 407 exemplo
375 372 450 403 vitae,
470 379 520 399 nos
538 371 621 399 etiam
635 371 669 398 de
685 370 820 398 similibus
834 371 962 398 similiter
976 378 1024 398 co-

233 419 325 452 gitare
348 421 467 450 oportet.
483 416 718 450 Quemadmodum
737 416 820 449 igitur
839 416 865 442 iu
888 415 948 443 aliis
959 415 1026 444 ele-

232 462 286 488 ctis
303 461 466 496 reperimus,
485 460 570 487 Deum
583 460 665 487 etiam
685 467 717 487 ex
732 460 774 487 his
785 460 901 493 dictum,
921 466 949 488 et
965 469 1025 489 rur-

233 515 293 535 sum
319 514 401 540 supra
428 507 486 534 haec
511 507 640 539 existere,
668 506 757 540 ignem
782 513 809 534 et
829 507 1023 541 supraignem,

239 558 358 580 mentem
374 558 402 580 et
415 560 496 587 supra
517 557 647 583 mentem.
665 553 790 588 spiritum
807 557 835 580 et
849 561 931 587 supra
945 554 1024 588 spiri-

233 603 303 632 tum,
327 600 367 626 sic
393 599 476 626 etiam
503 607 551 634 per
574 607 604 626 se
626 598 680 626 vita
706 599 810 626 dicitur
836 604 964 634 tanquam
989 607 1023 628 ex

232 645 343 678 eﬂectu,
365 650 394 673 et
413 653 495 680 supra
525 645 622 680 ipsam.
648 645 718 678 Quid
738 654 815 678 vero,
842 647 958 681 inquies,
983 650 1024 673 est

234 693 292 720 inec
306 699 354 726 per
369 698 398 718 se
416 691 486 724 vita,
503 691 581 726 ciujns
596 691 714 720 cﬂ'ector
725 696 753 719 et
775 700 859 719 causa
875 692 946 720 Deus
960 692 1024 720 est?

233 746 298 765 Itum
312 741 354 764 est
369 745 412 764 res
425 744 473 771 per
487 743 516 764 se
539 737 704 770 subsistens,
721 737 802 764 etiam
827 737 975 764 secundum
995 745 1024 765 se

233 783 429 811 considerata?
444 782 500 809 Non
516 783 566 810 hoc
581 783 713 816 dicimus;
727 791 778 810 non
791 783 863 810 enim
879 788 920 810 est
933 783 1022 819 aliqua

233 829 402 860 substantia,
422 829 480 856 sive
498 829 592 855 divina
613 829 672 856 sive
693 829 828 863 angelica,
844 829 909 856 illud
930 837 978 865 per
993 837 1023 858 se

233 882 295 902 esse
310 882 393 902 causa
413 874 540 902 essentia:
557 875 690 906 omnium,
712 874 753 901 vel
770 882 818 909 per
835 882 864 902 se
879 875 945 908 vita,
967 883 1020 910 qua

809 174 839 203 S.
856 172 1007 203 DIONYSII
1023 171 1255 202 AREOPAGI'DE

1813 173 1873 202 968

1074 231 1154 266 φύσιν
1169 231 1294 266 λέγεται,
1310 230 1392 266 ἠγουν
1406 230 1453 258 καὶ
1468 231 1538 268 ὑπὲρ
1552 230 1683 266 ἀγγέλους
1702 230 1752 258 καὶ
1772 233 1873 260 πᾶσαν

1075 278 1171 314 νοερὰν
1185 278 1287 304 οὐσίαν.
1310 277 1354 310 Ἐξ
1369 275 1427 307 ἑνὸς
1440 277 1469 306 δὲ
1481 278 1531 313 τῆς
1546 278 1635 313 ζωῆς,
1656 278 1702 306 καὶ
1723 278 1791 314 api.
1812 277 1872 306 τῶν

1073 324 1174 360 ὁμοίων
1194 323 1294 360 ὁμοίως
1316 322 1391 359 ἡμᾶς
1409 323 1451 350 δεῖ
1469 325 1549 350 νοεῖν.
1570 324 1614 355 Ὠς
1633 323 1698 358 γοῦν
1716 325 1762 350 ἐπ’
1775 323 1872 352 ἄλλων

1075 370 1204 398 αίτιατῶν
1221 369 1384 405 εὑρίσκομεν
1398 369 1444 396 τὸν
1457 369 1522 396 Θεὸν
1537 369 1584 396 καὶ
1598 369 1652 396 ἀπὸ
1667 369 1770 396 τούτων
1785 369 1869 405 λεγό-

1077 424 1166 452 μενον,
1184 416 1231 442 καὶ
1245 415 1326 442 πάλιν
1340 414 1411 450 ὑπὲρ
1424 415 1510 442 ταῦτα
1523 415 1604 447 ὄντα,
1617 415 1672 450 πῦρ
1685 416 1732 443 καὶ
1747 415 1821 452 ὑπὲρ
1835 417 1870 444 τὸ

1075 461 1140 497 πῦρ,
1155 461 1218 488 νοῦν
1239 462 1285 488 καὶ
1306 460 1375 496 ὑπὲρ
1389 461 1434 487 τὸν
1448 461 1525 493 νοῦν,
1548 460 1655 497 πνεῦμα
1676 462 1722 488 καὶ
1742 462 1814 497 ὑπὲρ
1835 462 1869 489 τὸ

1075 507 1200 543 πνεῦμα·
1223 506 1310 538 οὕτως
1331 507 1378 534 καὶ
1399 505 1520 542 αὑτοζωὴ
1541 506 1578 538 ὡς
1601 506 1633 539 ἐξ
1652 507 1791 539 αἰτιατοῦ,
1817 507 1868 534 καὶ

1075 553 1145 590 ὑπὲρ
1161 554 1255 589 αὐτὴν.
1272 553 1304 580 'Fi
1324 553 1369 585 δὲ,
1391 553 1494 585 εἴποις,
1509 553 1581 580 εστιν
1602 552 1670 589 αῦτη
1686 555 1702 589 ἡ
1720 553 1865 589 αὐτοζωὴ,

1073 595 1108 636 ἧς
1121 601 1136 626 6
1152 599 1218 631 Θεὸς
1231 599 1386 634 ὑποστάτης
1396 599 1442 625 καὶ
1453 599 1538 631 αἴτιος
1550 607 1556 631 ;
1573 597 1628 635 ἆρα
1636 599 1829 635 αὐθύπαρκτὸν
1837 608 1866 626 τι

1075 648 1190 682 πρᾶγμα
1203 646 1250 673 καὶ
1263 646 1323 673 καθ’
1337 646 1403 672 αὐτὸ
1423 645 1624 681 θεωρούμενον;
1644 645 1680 672 Οὐ
1693 645 1772 672 τοῦτο
1786 645 1867 679 λέγο-

1076 700 1142 728 μεν·
1158 691 1218 718 οὐδὲ
1240 691 1295 727 γάρ
1315 691 1374 717 ἐστί
1389 699 1431 722 τις
1452 690 1546 722 οὐσία,
1561 689 1577 725 ἢ
1591 689 1652 716 θεία
1672 689 1688 725 ἦ
1709 689 1865 725 ἀγγελικὴ,

1073 738 1104 765 τὸ
1117 738 1253 765 αὐτοεῖναι
1268 737 1342 764 αίτία
1360 736 1407 762 τοῦ
1422 734 1492 763 εἶναι
1507 735 1541 762 τὰ
1555 736 1641 762 πάντα
1651 755 1659 768 ,
1674 735 1690 771 ἢ
1704 737 1720 771 ὴ
1737 736 1866 772 αὺτοζωὴ

1072 783 1120 811 τοῦ
1136 783 1185 819 ζῇν
1205 782 1239 809 τὰ
1261 781 1349 814 ζῶντα
1361 780 1457 817 (μόνον
1470 783 1526 817 γὰρ
1541 779 1588 807 τοῦ
1610 778 1679 807 εἶναι
1698 780 1732 807 τὰ
1753 782 1863 813 πάντα,

1073 831 1122 857 καὶ
1135 829 1182 856 τοῦ
1197 827 1266 856 εἶναι
1275 849 1283 861 ,
1303 828 1350 855 καὶ
1363 827 1429 854 αὐτὸ
1441 827 1472 854 τὸ
1485 829 1515 854 ὲν
1526 828 1583 859 τοῖς
1597 825 1672 854 οὖσιν
1687 825 1772 859 εἶναι,
1787 827 1864 863 ἀρχὴ

1073 877 1121 903 καὶ
1134 875 1208 902 αἰτία
1222 875 1296 902 ἐστὶν
1316 875 1333 910 ἡ
1354 873 1514 909 ὑπεροὺσιος
1528 873 1632 908 οὐσία).
1649 873 1706 899 Οὐκ
1718 873 1776 899 ἐστι
1795 873 1865 908 γοῦν

234 921 355 949 viventia
370 921 465 948 vivunt
483 922 582 957 (solum
599 922 672 949 enim
693 921 728 954 is,
746 922 792 956 qui
807 926 850 949 est
869 921 1020 949 substantia

1071 922 1158 949 είπεῐν
1173 921 1290 958 ἀρχικὰς
1305 921 1359 948 τῶν
1377 921 1461 948 θντων
1480 921 1527 947 καὶ
1544 920 1742 956 δημιουργικὰς
1755 920 1863 952 οὐσίας,

234 966 520 1000 suprasubstantialis,
550 967 713 1001 principium
724 972 751 994 et
767 974 848 994 causa
863 971 905 994 est
920 971 949 994 ut
966 967 1021 994 sint

233 1013 325 1039 omnia
341 1020 402 1046 qua:
414 1018 489 1045 sunt,
508 1017 536 1040 et
550 1013 637 1047 ipsqu
649 1013 734 1048 esse).
751 1012 810 1040 Non
829 1013 922 1047 itaque
931 1012 1022 1040 dicere

233 1057 308 1090 licet,
331 1057 496 1092 principales
520 1058 652 1093 quasdam
676 1065 738 1086 esse
760 1066 849 1085 rerum
874 1065 974 1086 causas
993 1062 1020 1086 et

232 1104 365 1132 essemias
384 1104 559 1136 conditrices,
573 1104 799 1140 quemadmodum
820 1105 934 1140 gentiles
953 1104 1022 1131 mul-

232 1154 278 1178 tos
292 1150 357 1178 deos
375 1150 564 1182 eﬂ'uliverunt.
581 1158 650 1185 quos
673 1158 724 1178 nec
748 1151 799 1185 ipsi
822 1158 910 1185 neque
928 1155 1020 1186 patres

232 1203 327 1224 eorum
346 1197 497 1224 sciverunt.
529 1197 663 1224 Cieteruzn
693 1197 750 1224 haec
771 1197 887 1224 dicimus
916 1197 1019 1232 princi-

231 1243 456 1279 pialiterquidem
477 1247 505 1269 et
522 1243 671 1270 causaliter
689 1243 777 1278 ipsum
795 1243 878 1270 Deum
899 1250 960 1270 esse
972 1250 1021 1277 per

233 1297 264 1316 se
279 1297 340 1321 ens,
362 1297 410 1324 per
433 1297 463 1318 se
484 1290 588 1323 vitam,
612 1297 660 1325 per
683 1298 713 1317 se
731 1290 860 1318 deitatem
881 1297 889 1317 :
913 1297 1020 1317 rursum

233 1335 313 1370 521
332 1343 397 1363 vero
425 1337 589 1371 participate
616 1336 744 1371 largiens.
776 1336 1021 1371 iuquam,virtutes

233 1381 456 1416 providentialcs.
476 1381 544 1410 Cum
564 1383 637 1409 enim
661 1382 977 1418 Deusimparticipabilis
993 1388 1021 1410 et

233 1429 427 1465 participabilis
436 1429 482 1462 sit,
496 1429 728 1464 impartiripabilis
746 1430 855 1465 quidem
872 1432 1019 1458 secundum

233 1475 382 1504 essentiam
393 1475 470 1510 (nihil
479 1475 550 1502 eiiim
560 1482 652 1502 eorum
661 1483 721 1509 quas
732 1479 793 1502 sunt
802 1477 928 1503 essentia
936 1477 1021 1512 ipsius

234 1518 372 1553 [articeps
396 1519 512 1551 existit,
536 1519 672 1554 siquidem
704 1520 853 1548 secundum
883 1522 1020 1556 propriam

233 1568 359 1590 naturam
381 1564 477 1592 existit
498 1571 581 1599 supra
595 1572 625 1591 ea
645 1572 706 1599 qua:
727 1565 802 1600 sunt)
823 1566 1022 1601 participabilis

233 1615 299 1637 vero
313 1610 462 1637 secundum
480 1611 582 1638 amicas
601 1609 660 1644 ejus
672 1610 897 1645 participationes
912 1619 946 1640 ac
962 1612 1021 1640 dis-
1033 1601 1055 1629 θ

233 1656 408 1689 tributiones,
420 1662 555 1692 quatenus
568 1665 612 1685 res
627 1665 725 1686 omnes
743 1658 830 1693 ipsum
843 1658 1018 1693 participant,

232 1705 261 1729 et
274 1709 322 1736 per
338 1701 425 1737 ipsum
448 1702 611 1732 consistunt.
642 1703 709 1731 Nam
726 1704 752 1732 id
767 1704 838 1739 quod
856 1712 908 1732 non
927 1706 1022 1733 existit

233 1746 292 1781 ejus
305 1748 456 1783 particeps,
473 1755 561 1783 neque
575 1754 628 1783 est,
650 1757 739 1785 neque
762 1751 824 1784 erit,
841 1758 930 1786 neque
942 1754 1018 1782 erat;

232 1794 360 1828 quocirca
387 1802 438 1822 ens
459 1796 607 1830 participat
634 1805 684 1832 per
709 1804 739 1825 se
761 1805 830 1829 ens,
853 1805 906 1825 non
932 1798 1020 1833 ipsam

232 1846 345 1866 causam
367 1839 493 1868 eutitatis
510 1840 595 1868 Deum
623 1842 709 1877 ipsam
733 1842 839 1870 scilicet
861 1843 1019 1876 essentiam,

233 1886 281 1913 sed
302 1885 525 1914 distributionem
553 1887 636 1922 ipsius
661 1895 709 1922 per
729 1895 758 1915 se
777 1888 858 1922 entis,
870 1889 1019 1916 secundum

233 1939 314 1966 quam
335 1932 420 1960 etiam
437 1932 508 1961 Dcus
523 1933 727 1969 participabilis
745 1934 851 1962 existit.
872 1933 1021 1969 Participat

234 1978 300 2005 item
318 1978 344 2005 id
356 1979 428 2013 quod
445 1979 523 2011 vivit,
544 1987 592 2014 per
610 1987 639 2007 se
658 1980 755 2013 vitam,
775 1988 828 2009 non
847 1981 933 2016 ipsam
951 1981 1020 2008 divi-

233 2030 297 2050 nam
316 2025 479 2058 essentiam,
497 2025 545 2053 sed
565 2025 652 2061 ipsam
672 2034 733 2061 qua:
754 2027 781 2054 in
798 2027 856 2062 ipso
869 2032 911 2055 est
925 2035 973 2062 per
991 2033 1020 2054 se

233 2069 331 2102 vitam,
345 2070 477 2101 divinam,
492 2071 613 2105 inquam,
629 2072 859 2106 distributionem,
876 2082 925 2109 per
939 2082 1019 2108 quam

233 2115 315 2142 etiam
337 2117 520 2151 participatur
540 2117 621 2145 Deus.
645 2117 707 2146 Haec
720 2119 793 2154 prius
815 2119 897 2147 etiam
919 2119 1020 2148 fortnas

234 2166 264 2189 et
280 2163 447 2197 exemplaria
468 2168 497 2191 et
515 2164 743 2198 prmdelinitiones
772 2166 943 2201 appellabat,
966 2174 1018 2193 non

233 2207 401 2235 conﬁrmans
413 2207 581 2237 Platonicam
600 2210 763 2242 doctrinam,
776 2212 864 2245 absit;
879 2213 926 2240 sed
937 2220 1019 2240 scnsu

234 2253 278 2288 pio
290 2255 425 2289 accipiens
446 2255 490 2282 illa
503 2264 563 2290 quae
575 2257 608 2284 ab
624 2257 682 2292 ipso
695 2258 784 2286 viliter
798 2263 826 2286 et
840 2259 948 2294 indigne
964 2260 1018 2288 Deo

234 2299 308 2326 dicta
324 2305 415 2328 erant.
439 2301 540 2328 llorum
562 2302 675 2330 eﬁ‘ector
688 2303 760 2332 Deus
783 2312 846 2332 esse
864 2305 975 2337 dicitur,
989 2312 1019 2333 ιιι

233 2345 279 2379 qui
299 2345 356 2372 haec
372 2346 398 2373 in
418 2354 448 2373 se
462 2347 568 2375 habeat.
591 2349 694 2376 Deinde
713 2351 796 2377 etiam
814 2351 942 2378 universa
960 2353 1018 2380 haec

233 2390 387 2418 condidisse
403 2392 563 2426 perhibetur
576 2403 624 2430 per
639 2396 784 2430 essentias,
796 2405 855 2432 qua:
871 2399 1018 2425 secundum

234 2437 436 2470 processionem
460 2439 495 2466 ab
524 2440 584 2474 ipso
606 2442 825 2471 substantialiter
848 2443 1016 2477 subsistunt;

235 2486 290 2510 tota
315 2490 363 2509 seu
385 2483 512 2512 universa
535 2486 647 2519 dicens,
670 2495 731 2521 quae
760 2489 871 2517 omnino
899 2490 1018 2524 perfecte

234 2526 403 2562 participant
422 2533 449 2556 et
461 2531 620 2563 essentiam,
637 2537 665 2559 et
676 2533 771 2566 vitam,
786 2537 814 2561 et
826 2535 1019 2562 sanctiﬁcatio-

234 2580 308 2605 nem,
322 2577 349 2600 et
363 2574 466 2606 omnia,
483 2580 512 2602 ut
530 2578 659 2611 angelicae
678 2578 804 2607 virtutes.
827 2579 920 2608 Tertio
934 2581 1017 2608 etiam

234 2626 265 2646 ea
283 2627 342 2654 qua.-
351 2627 382 2647 ex
391 2626 468 2655 parte
482 2627 545 2650 sunt
555 2632 562 2655 ;
573 2625 696 2658 quaedam
706 2626 779 2654 enim
793 2627 957 2663 participant
974 2635 1018 2656 so-

234 2663 287 2691 lam
298 2664 451 2697 eutitatem.
461 2667 584 2701 quaedam
594 2674 621 2696 et
634 2670 775 2698 entitatem
788 2676 815 2699 et
830 2673 923 2705 vitam,
940 2681 1017 2708 qum-

233 2710 295 2737 dant
305 2711 387 2738 etiam
395 2713 537 2740 entitalem
547 2719 574 2742 et
586 2716 668 2743 vitam
684 2722 712 2744 et
725 2718 902 2752 sapientiam;
921 2728 1018 2755 supre-

234 2764 284 2785 mze
302 2758 374 2784 enim
384 2759 499 2786 virtutes
509 2762 631 2790 omnium
644 2768 708 2791 sunt
720 2765 876 2800 participes.
888 2766 941 2794 Sed
952 2767 1016 2801 quid

235 2803 334 2831 attinet
346 2804 380 2832 de
401 2805 443 2834 bis
457 2807 558 2841 dicere,
579 2816 641 2836 cum
662 2815 813 2846 praeceptor
831 2817 926 2840 noster
938 2813 1017 2840 divus

235 2847 398 2878 Hicrotheus
417 2852 490 2880 dicat
511 2854 593 2882 Deum
619 2855 774 2884 elfectorem
797 2857 918 2891 deitatis,
935 2866 1015 2893 quem

233 2895 315 2922 etiam
331 2903 379 2931 per
394 2905 424 2926 se
439 2900 666 2934 pulchritudinem
681 2908 708 2931 et
724 2903 882 2932 universam
895 2904 1013 2940 pulchri-

1073 969 1219 1005 καθώσπερ
1231 969 1255 996 οί
1269 967 1397 1003 Ἕλληνες
1407 987 1416 999 ,
1433 966 1545 999 πολλοὺς
1562 966 1640 998 θεοὺς
1660 966 1862 1002 σχεδιάσαντες,

1072 1015 1119 1048 οὒς
1140 1015 1202 1042 οὐτε
1226 1014 1302 1041 αὐτοὶ
1326 1014 1453 1050 ᾔδεισαν,
1477 1013 1538 1041 οὔτε
1563 1014 1588 1040 oi
1615 1013 1732 1049 πατέρες
1759 1013 1860 1040 αὐτῶν.

1079 1063 1158 1090 Ἀλλὰ
1172 1062 1258 1090 ταῦτα
1272 1070 1373 1097 φαμεν,
1388 1060 1510 1096 ἁρχικῶς
1532 1058 1581 1096 μὲν
1601 1060 1649 1087 καὶ
1668 1059 1798 1091 αίτιατῶς
1813 1059 1863 1086 αὐ-

1070 1107 1117 1134 τὸν
1134 1107 1179 1134 τὸν
1195 1106 1277 1138 Θεὸν,
1293 1104 1398 1138 αὐτοὸν,
1413 1105 1562 1140 αὐτοζωὴν,
1578 1104 1777 1140 αὑτοθεὸτητα·
1794 1104 1863 1140 μεθ-

1071 1153 1160 1185 εκτῶς
1181 1152 1209 1179 δὲ
1231 1152 1312 1179 πάλιν
1325 1151 1429 1183 ταῦτα,
1449 1151 1520 1186 φημὶ
1538 1150 1588 1182 τὰς
1606 1149 1779 1185 ὲκδιδομένας
1792 1158 1861 1185 προ-

1071 1199 1199 1235 νοητικὰς
1218 1198 1356 1234 δυνάμεις.
1378 1197 1485 1234 Ἐπειδὴ
1509 1197 1564 1233 γὰρ
1583 1198 1599 1224 6
1615 1195 1681 1228 Θεὸς
1702 1196 1750 1223 καὶ
1771 1195 1860 1232 ἀμέθ-

1071 1246 1149 1278 εκτός
1171 1247 1230 1273 ἐστι
1252 1246 1300 1272 καὶ
1315 1243 1461 1281 μεθειτὸς,
1477 1244 1628 1279 ἀμέθεχτος
1650 1242 1699 1279 μὲν
1719 1243 1790 1270 κατὰ
1809 1243 1861 1279 τὴν

1071 1293 1165 1318 οὐσίαν
1180 1292 1243 1327 (τῆς
1258 1291 1313 1327 γὰρ
1324 1290 1418 1322 οὐσίας
1430 1290 1512 1317 αὐτοῦ
1527 1290 1602 1317 οὐδὲν
1614 1290 1667 1316 τῶν
1683 1290 1767 1316 ὅντων
1780 1289 1861 1325 μετέ-

1071 1348 1131 1375 χει,
1150 1339 1221 1374 ὑπὲρ
1234 1338 1268 1365 τὰ
1282 1338 1347 1365 ὅντα
1365 1337 1419 1373 γάρ
1434 1338 1492 1364 ἐστι
1507 1336 1576 1364 κατὰ
1590 1336 1639 1372 τὴν
1658 1336 1725 1363 ἰδίαν
1746 1336 1828 1370 φύσιν
1839 1337 1858 1372 θ)

1073 1383 1203 1421 μεθεκτὸς
1219 1385 1246 1411 δὲ
1263 1384 1333 1411 κατὰ
1347 1383 1397 1415 τὰς
1418 1383 1580 1419 φιλοδὼρους
1595 1383 1677 1410 αὑτοῦ
1699 1382 1858 1418 μεταδόσεις

1071 1431 1119 1459 καὶ
1142 1431 1263 1467 δωρεὰς,
1285 1429 1353 1458 καθὸ
1378 1431 1465 1458 πάντα
1483 1430 1517 1457 τὰ
1542 1430 1607 1456 Ιὂντα
1627 1429 1708 1456 αὐτοῦ
1731 1429 1856 1465 μετέχει,

1071 1478 1118 1505 καὶ
1131 1478 1165 1504 δι’
1183 1476 1264 1504 αὐτοῦ
1286 1476 1443 1513 συνέστηκε.
1461 1476 1497 1503 Τὸ
1517 1475 1571 1512 γὰρ
1587 1475 1625 1512 μὴ
1647 1475 1764 1514 μετέχον¹
1775 1473 1857 1503 αὐτοῦ

1070 1523 1133 1550 οὔτε
1157 1524 1248 1556 ἐστὶν,
1264 1523 1325 1550 οὐτε
1348 1523 1442 1556 ἔσται,
1465 1522 1528 1549 οὐτε
1551 1519 1602 1558 ἦν’
1616 1522 1660 1549 διὰ
1679 1522 1758 1549 τοῦτο
1778 1522 1810 1549 τὸ
1828 1522 1857 1549 ἒν

1073 1569 1181 1605 μετέχει
1206 1568 1253 1596 τοῦ
1276 1569 1436 1601 αὐτοὸντος,
1457 1568 1507 1595 οὐκ
1527 1568 1609 1595 αὐτοῦ
1627 1567 1674 1595 τοῦ
1698 1567 1787 1594 αἰτίου
1809 1566 1856 1595 τοῦ

1071 1615 1146 1648 ὄντος
1159 1615 1227 1642 Θεοῦ
1236 1635 1244 1648 ,
1259 1615 1344 1651 αὐτῆς
1359 1614 1459 1650 δηλαδὴ
1471 1615 1521 1650 τῆς
1536 1614 1630 1646 οὐσίας
1639 1635 1647 1647 ,
1666 1614 1733 1641 ἀλλὰ
1748 1613 1796 1641 τοῦ
1807 1614 1856 1640 αὐ-

1070 1662 1177 1694 τοὸντος
1188 1662 1237 1697 τῆς
1252 1662 1355 1698 δωρεᾶς
1375 1661 1456 1688 αὐτοῦ
1465 1682 1473 1694 ,
1492 1661 1554 1688 καθ’
1567 1662 1600 1696 ἢν
1614 1661 1662 1688 καὶ
1676 1660 1749 1688 ἔστιν
1762 1661 1777 1687 6
1791 1660 1856 1693 Θεὸς

1072 1707 1213 1744 μεθεκτός.
1229 1708 1344 1743 Μετέχει
1359 1707 1439 1734 πάλιν
1451 1706 1482 1733 τὸ
1495 1707 1549 1739 ζῶν
1566 1707 1615 1742 τῆς
1633 1706 1775 1741 αὺτοζωῆς
1785 1726 1793 1739 ,
1807 1707 1857 1734 οὐκ

1070 1753 1154 1788 αὐτῆς
1166 1753 1216 1788 τῆς
1229 1752 1304 1784 θείας
1315 1752 1417 1784 οὐσίας,
1429 1751 1495 1779 ἀλλὰ
1509 1751 1558 1787 τῆς
1574 1752 1602 1778 ὲν
1616 1749 1690 1785 αὐτῷ
1706 1749 1855 1785 αὐτοζωῆς,

1069 1801 1118 1836 τῆς
1128 1800 1202 1832 θείας
1211 1799 1282 1835 φημὶ
1296 1799 1410 1834 δωρεᾶς,
1425 1799 1527 1834 καθ’ἥν
1541 1796 1588 1825 καὶ
1602 1797 1742 1833 μετέχεται
1755 1798 1770 1824 6
1781 1797 1854 1829 Θεός.

1069 1845 1160 1872 Ταῦτα
1166 1845 1256 1879 ἔλεγεν
1263 1844 1415 1881 ἔμπροσθεν
1421 1844 1468 1872 καὶ
1474 1844 1530 1880 εῐδη
1536 1843 1583 1871 καὶ
1589 1843 1804 1879 παραδείγματα,
1811 1843 1856 1870 καὶ

1069 1891 1270 1928 προορισμοὺς,
1298 1892 1328 1918 οὐ
1350 1891 1550 1927 παριστάμενος
1568 1889 1607 1925 τῷ
1627 1889 1794 1924 Πλατωνικῷ
1812 1889 1855 1916 δό-

1069 1945 1165 1973 γματι,
1197 1937 1234 1973 μὴ
1261 1937 1376 1971 γένοιτο·
1402 1936 1459 1964 ἀλλ’
1475 1936 1594 1969 εὐσεϐῶς
1620 1935 1800 1971 ἐκλαμϐάνων
1822 1934 1854 1962 τὰ

1070 1984 1134 2019 παρ’
1150 1983 1254 2010 ἑκείνου
1278 1982 1413 2015 ταπεινῶς
1433 1983 1480 2010 καὶ
1495 1982 1612 2015 ἀναξίως
1624 1981 1692 2009 Θεοῦ
1709 1981 1852 2016 λεγόμενα.

1069 2029 1177 2057 Τούτων
1190 2029 1343 2065 ὑποστάτης
1359 2029 1468 2064 λέγεται
1486 2029 1500 2056 ὁ
1513 2027 1578 2061 Θεὸς
1586 2026 1664 2061 εἶναι,
1682 2027 1720 2060 ὠς
1733 2029 1763 2054 ὲν
1783 2026 1854 2062 αὐτῷ

1069 2076 1137 2111 ἔχων
1143 2074 1239 2102 ταῦτα.
1247 2073 1313 2102 Εἶτα
1320 2075 1366 2102 καὶ
1375 2074 1423 2101 ὅλα
1432 2074 1501 2101 αὐτὰ
1512 2073 1714 2109 ὑποστήσασθαι
1735 2073 1852 2107 λέγεται,

1068 2120 1112 2147 διὸ.
1122 2120 1176 2147 τῶν
1193 2120 1263 2147 κατὰ
1278 2120 1390 2156 πρόοδον
1397 2119 1557 2146 ὐποστασῶν
1567 2118 1666 2145 οὐσιῶν
1673 2117 1810 2144 ὑπἀὐτοῦ
1815 2117 1854 2144 οὐ·

1071 2166 1174 2198 σιωδῶς
1184 2175 1190 2181 ·
1199 2166 1247 2193 ὅλα
1259 2166 1346 2201 λέγων
1358 2165 1391 2192 τὰ
1407 2165 1535 2197 ὁλοτελῶς
1545 2164 1691 2200 μετέχοντα
1697 2163 1746 2190 καὶ
1763 2164 1853 2196 οὐσίας

1068 2212 1115 2238 καὶ
1126 2211 1257 2243 ζωώσεως
1264 2212 1311 2238 καὶ
1317 2211 1453 2247 ἁγιασμοῦ
1462 2231 1470 2243 ,
1477 2211 1523 2238 καὶ
1532 2210 1650 2243 πάντων,
1662 2210 1700 2242 ὼς
1708 2211 1736 2236 αἰ
1744 2209 1853 2245 ἀγγελι·

1069 2257 1116 2282 καὶ
1135 2256 1273 2292 δυνάμεις.
1289 2257 1394 2292 Τρίτως
1409 2256 1444 2283 τὰ
1461 2256 1560 2292 μερικά
1571 2264 1577 2271 ·
1595 2256 1655 2283 τινὰ
1675 2257 1730 2291 γὰρ
1747 2255 1853 2292 μετέχει

1071 2302 1154 2337 μόνης
1173 2302 1327 2335 ὀντώσεως,
1344 2303 1405 2329 τινὰ
1423 2303 1469 2329 καὶ
1488 2301 1627 2334 ὀντώσεως
1641 2302 1689 2329 καὶ
1701 2302 1851 2335 ζωώσεως,

1068 2352 1129 2378 τινὰ
1143 2352 1190 2379 καὶ
1202 2352 1341 2384 ὀντώσεως
1360 2352 1407 2379 καὶ
1423 2351 1554 2385 ζωώσεως
1568 2351 1615 2378 καὶ
1630 2351 1741 2386 σοφίας·
1756 2352 1785 2378 αἱ
1801 2351 1851 2387 γὰρ

1069 2398 1205 2425 ἁνώταται
1219 2399 1346 2434 δυνάμεις
1359 2398 1413 2425 τῶν
1429 2398 1556 2425 ἁπάντων
1578 2397 1735 2433 μετέχουσι.
1758 2398 1814 2424 Καὶ
1827 2398 1850 2424 τί

1068 2443 1109 2470 δεῖ
1131 2445 1237 2479 λέγειν,
1259 2445 1325 2472 ὃπου
1348 2445 1395 2472 καὶ
1424 2445 1439 2470 6
1464 2443 1622 2475 διδάσκαλος
1644 2442 1723 2479 ήμῶν
1743 2444 1758 2470 ὁ
1783 2443 1850 2479 ἱερὸς

1074 2483 1203 2527 Ἰερόθεος
1223 2491 1379 2526 ὑποστάτην
1395 2488 1454 2517 εἷπε
1470 2490 1516 2517 τὸν
1529 2489 1595 2517 Θεὸν
1610 2489 1660 2525 τῆς
1674 2489 1809 2525 θεότητος,
1823 2490 1849 2516 ιν

1068 2537 1115 2563 καὶ
1131 2537 1309 2569 αὐτόκαλλος,
1330 2537 1377 2563 καὶ
1395 2535 1454 2563 ὅλον
1472 2535 1568 2568 κάλλος
1579 2534 1667 2571 φημὶ,
1682 2534 1729 2562 καὶ
1743 2535 1848 2571 μερικὸν

1068 2582 1184 2615 κάλλος;
1203 2582 1252 2617 οὐχ
1268 2582 1309 2608 ὅτι
1325 2580 1356 2608 τὸ
1369 2581 1435 2608 αὐτὸ
1449 2582 1506 2608 ἐστι
1524 2580 1571 2608 καὶ
1589 2581 1650 2608 ὅλον
1665 2581 1712 2607 καὶ
1729 2579 1847 2616 μερικὸν.

1068 2628 1126 2654 ἀλλ’
1148 2628 1202 2654 ἀπὸ
1223 2627 1278 2654 τῶν
1300 2627 1466 2663 μετεχόντων
1483 2627 1582 2658 ἀνίσως
1598 2626 1653 2653 τῶν
1671 2626 1780 2662 δωρεῶν
1794 2627 1849 2653 ὀνο-

1072 2673 1187 2709 μάζεται
1208 2674 1222 2700 6
1242 2673 1297 2700 τῶν
1317 2673 1424 2708 δωρεῶν
1439 2673 1524 2705 αἴτιος
1535 2681 1542 2688 ⁸
1558 2672 1605 2700 καὶ
1619 2673 1633 2699 6
1646 2673 1716 2699 κατὰ
1729 2672 1778 2708 τὴν
1794 2672 1849 2699 θεό-

1067 2730 1136 2758 τητα
1154 2721 1304 2757 ἀμέθεκτος
1322 2722 1392 2748 κατὰ
1411 2721 1461 2754 τὰς
1480 2721 1612 2756 ἀφθόνους
1629 2721 1721 2757 χύσεις
1734 2721 1789 2748 τῶν
1800 2722 1840 2749 δω

1069 2767 1136 2803 ρεῶν
1163 2767 1321 2802 μετέχεται,
1347 2768 1380 2794 ἵν’
1406 2767 1525 2804 ἀκριῦῶς
1554 2766 1674 2804 ὑπερέξῃ
1700 2768 1715 2794 6
1743 2767 1847 2794 πάπων

1067 2814 1152 2845 αἴτιος
1165 2814 1292 2840 ἁπάντων
1308 2814 1362 2840 τῶν
1375 2814 1435 2840 καθ’
1447 2814 1588 2841 ὁποιανοῦν
1599 2815 1691 2841 οὐσίαν
1710 2814 1757 2841 καὶ
1771 2814 1846 2849 φύσιν

1068 2860 1268 2895 συνισταμένων
1287 2861 1316 2887 ὲν
1334 2859 1373 2895 τῷ
1387 2861 1458 2888 κατὰ
1477 2861 1526 2893 τὰς
1541 2860 1645 2896 δωρεὰς
1661 2861 1844 2897 μετεχόμενον,

1067 2905 1137 2933 κατὰ
1153 2905 1202 2941 τὴν
1215 2906 1308 2933 οὐσίαν
1325 2906 1445 2942 μηδὸλως
1461 2906 1630 2943 μετέχεσθαι.
