1929 3061
97 159 154 188 069
620 159 663 186 DE
680 159 806 187 DIVINIS
822 159 1022 192 NOMINIBUS,
1039 159 1116 188 CAP.
1134 159 1190 188 ΧΠ.
1676 161 1727 190 970

96 217 222 245 tudinem
244 217 317 247 dico.
340 223 366 244 et
387 217 614 252 pulchritudinem
641 225 673 243 ex
696 222 793 252 parte;
824 225 876 244 non
892 219 964 252 quod
986 218 1057 244 idem
1081 223 1167 244 totout
1189 218 1236 250 sit,
1251 223 1278 244 et
1298 226 1329 245 ex
1352 223 1439 253 parte,
1464 219 1511 246 sed
1542 219 1575 246 ab
1606 220 1639 247 iis
1653 241 1660 252 ,
1679 221 1724 255 qtti

99 264 273 299 inaequaliter
303 265 362 298 ejus
388 271 502 290 munera
524 263 698 299 participant,
725 271 868 290 munerum
892 269 988 290 auctor
1023 263 1230 296 denominatur;
1257 269 1284 290 et
1307 264 1352 298 qui
1376 265 1523 291 secundum
1552 265 1722 293 divinitatem

98 311 339 346 imparticipabilis
363 316 415 343 est.
440 311 590 338 secundum
616 311 715 338 uberes
741 319 883 337 munerum
900 310 1047 338 cll‘usioncs
1065 311 1256 345 participalur,
1274 315 1302 337 ιιι
1323 311 1467 346 perspicue
1489 319 1578 339 rerum
1600 313 1725 340 omnium

99 364 200 386 auctor
231 358 362 390 emineat,
393 359 521 385 omnibus
546 360 693 385 secundum
716 366 908 393 quamcunque
928 358 1107 385 substantiam
1135 363 1162 384 et
1186 362 1311 384 naturam
1336 358 1566 392 subsistentibus,
1590 359 1653 386 dum
1681 366 1724 385 se-

99 405 223 432 cundum
239 412 352 431 munera
372 405 562 439 participatur,
579 405 624 439 qui
640 405 790 433 secundum
804 405 952 432 essentiam
966 411 1135 439 nequaquam
1149 403 1306 438 participari
1323 408 1422 436 potest.

290 571 613 618 ΚΕΦΑΑΑΙΟΝ
636 572 708 616 ΙΒ’.
907 569 930 596 Α

99 653 173 688 Περί
189 653 287 688 Ἀγίου
305 654 410 688 ἁγίων,
430 655 582 688 Βασιλέως
597 654 760 686 βασιλέων,
778 653 889 688 Κυρίου

332 690 452 723 κυρίων,
473 689 547 717 Θεοῦ
566 690 650 717 θεῶν.

1097 583 1176 618 522
1212 574 1402 620 CAPUT
1450 575 1568 619 XII.

943 653 981 681 De
999 653 1098 681 Sancto
1117 657 1278 683 sanctorum.
1300 652 1366 685 [lege
1380 660 1469 685 regum
1482 671 1490 683 ν
1508 651 1620 679 Domino
1638 652 1725 679 domi-

1172 689 1302 719 nantium,
1319 687 1370 714 Deo
1387 687 1506 715 deorum.

740 767 907 795 SYNOPSIS
931 766 1074 795 CAPlTlS.

101 835 111 862 1
153 835 230 864 Ponit
259 837 353 871 capitis
376 837 454 871 hujus
470 837 691 864 distributionem.
708 835 739 863 ll.
757 835 882 870 Explicat
898 836 961 871 quid
987 837 1126 867 sanctitas,
1152 835 1215 870 quid
1245 843 1363 871 regnum,
1389 836 1452 870 quid
1476 835 1634 867 dominatio,
1663 837 1727 870 quid

140 873 225 899 deittu
240 870 456 906 signiﬁcentflll.
473 874 593 905 Quonam
616 879 694 898 sensu
711 872 766 898 [nec
779 872 887 899 nomina
901 870 933 899 de
959 871 1012 898 Deo
1039 873 1227 906 pra’dicenlur.
1254 870 1299 898 ιν.
1327 871 1385 903 Quo
1407 879 1485 898 sensu
1510 873 1589 898 etiam
1620 872 1726 898 dicatur

138 909 208 934 Deus
223 915 278 934 esse
292 906 405 934 Sanctus
421 912 583 935 sanctorum.

885 965 946 1002 §L

149 1035 212 1064 Ἀλλ’
228 1037 321 1074 ἐπειδὴ
341 1038 387 1064 καὶ
406 1038 470 1073 περί
489 1037 591 1065 τούτων
607 1038 657 1064 ὅσα
674 1038 760 1064 εἰπεῖν
779 1036 841 1069 ἔδει,
858 1037 888 1063 τὸ

103 1083 244 1119 προσῆκον
268 1083 434 1119 ἀπείληφεν,
457 1083 494 1115 ὡς
519 1081 612 1119 οἶμαι,
639 1083 730 1114 τέλος·
756 1083 889 1119 ὐμνητέον

101 1131 168 1165 ἡμῖν
185 1130 230 1156 τὸν
256 1130 463 1166 ἀπειρώνυμον,
487 1131 534 1157 καὶ
557 1131 595 1162 ὡς
617 1130 711 1165 Ἀγιον
728 1130 822 1165 ἁγίων,
843 1130 889 1157 καὶ

102 1175 218 1202 Βασιλέα
245 1175 299 1203 τῶν
326 1176 535 1211 βασιλευόντων,
565 1177 611 1203 καὶ
643 1176 818 1212 βασιλεύοντα
843 1176 889 1202 τὸν

101 1221 188 1248 αἰῶνα
212 1222 260 1248 καὶ
284 1222 327 1248 ἐπ’
347 1222 433 1249 αἰῶνα
451 1222 498 1249 καὶ
517 1222 575 1254 ἔτι,
599 1222 647 1249 καὶ
664 1222 701 1254 ὡς
718 1222 819 1258 Κύριον
834 1222 888 1249 τῶν

975 1038 1108 1072 Quoniam
1123 1045 1186 1064 vero
1203 1045 1233 1064 ea
1253 1045 1312 1071 quae
1329 1037 1361 1064 de
1381 1037 1423 1064 bis
1443 1037 1556 1065 dicenda
1576 1043 1678 1072 erant,
1696 1040 1727 1066 ﬂ-

941 1092 1000 1111 nem
1014 1105 1021 1117 ,
1035 1084 1071 1111 uti
1086 1088 1160 1118 puto,
1189 1091 1340 1117 congruum
1358 1088 1522 1118 acceperunt
1533 1104 1540 1116 ,
1556 1084 1579 1111 is
1596 1084 1643 1119 qui
1666 1084 1728 1112 inll-

940 1130 995 1156 nita
1014 1130 1097 1157 habet
1111 1129 1222 1156 nomina
1237 1131 1317 1157 modo
1334 1129 1413 1156 nobis
1425 1130 1506 1156 etiam
1517 1129 1669 1157 laudandus
1685 1134 1727 1157 est

941 1182 971 1203 ut
987 1176 1104 1203 Sanctus
1116 1181 1273 1204 sanctorum
1285 1196 1291 1208 ,
1308 1181 1335 1202 ut
1353 1175 1409 1202 Rex
1429 1183 1538 1211 regum,
1560 1179 1590 1202 ut
1606 1177 1631 1203 in
1648 1180 1728 1203 teter-

940 1231 1004 1250 nttut
1026 1230 1141 1257 regnans
1154 1227 1182 1249 et
1203 1221 1273 1249 ultra
1284 1242 1291 1254 ,
1308 1227 1334 1249 et
1350 1227 1380 1249 ιιι
1395 1222 1525 1250 Dominus
1538 1222 1726 1252 dominorum.

103 1268 215 1304 κυρίων,
233 1269 279 1294 καὶ
294 1268 360 1295 Θεὸν
376 1268 430 1295 τῶν
449 1268 525 1295 θεῶν.
537 1269 591 1295 Καὶ
610 1268 715 1305 πρῶτόν
736 1277 768 1303 γε
784 1269 884 1305 ρητέθνι

942 1275 969 1297 et
990 1270 1060 1296 Deus
1075 1269 1197 1296 deorum.
1221 1268 1341 1295 Primum
1362 1269 1453 1303 itaque
1476 1268 1620 1296 dicendum
1633 1287 1641 1301 ,
1661 1268 1727 1303 quid

100 1313 127 1340 τι
149 1313 198 1349 μὲν
216 1313 414 1349 αὑτοαγιότητα
433 1311 502 1340 εἶναι
522 1314 642 1349 οἰόμεθα,
653 1314 679 1340 τί
697 1314 726 1340 δὲ
741 1314 888 1349 βασιλείαν,

100 1359 128 1386 τί
155 1359 183 1385 δὲ
210 1359 358 1395 κυριότητα
370 1380 377 1392 ,
406 1359 432 1385 τί
450 1360 478 1386 δὲ
498 1359 610 1395 θεότητα
622 1380 629 1393 ,
649 1360 696 1386 καὶ
721 1359 747 1386 τί
766 1360 889 1395 βούλεται

100 1404 197 1440 δηλοῦν
215 1405 248 1431 τὰ
268 1405 347 1439 λόγια
366 1405 404 1441 τῷ
422 1404 612 1441 διπλασιασμῷ
629 1401 682 1432 τῶν
699 1406 847 1441 ὀνομάτων.

943 1315 1118 1343 sanctitatem
1142 1315 1228 1349 ipsam
1246 1322 1306 1342 esse
1329 1321 1487 1342 censeamus
1499 1335 1505 1347 ,
1522 1315 1586 1349 quid
1603 1322 1726 1349 regnum,

943 1358 1008 1393 quid
1031 1358 1245 1386 dominationem
1258 1378 1265 1390 ,
1283 1358 1346 1393 quid
1364 1359 1493 1386 deitatem
1504 1379 1512 1390 ,
1531 1365 1558 1386 et
1573 1359 1637 1393 quid
1653 1359 1728 1386 Scri-

943 1410 1028 1439 ptura:
1044 1404 1154 1439 signare
1168 1404 1254 1432 velint
1277 1412 1326 1440 per
1339 1404 1447 1433 illorum
1461 1406 1583 1433 omnium
1604 1405 1726 1440 gemina-

943 1457 1055 1479 tionem.

876 1533 890 1568 ε
913 1532 952 1562 ιι.

148 1603 264 1639 Αγιότης
284 1603 332 1638 μὲν
350 1600 397 1630 οὖν
415 1605 488 1631 ἐστιν
506 1605 554 1640 (ὡς
572 1605 632 1632 καθ’
649 1606 723 1640 ἡμᾶς
739 1605 849 1640 εἰπεῖν,)
870 1605 886 1639 ή

101 1649 199 1680 παντὸς
223 1649 306 1684 ἄγους
331 1649 476 1685 ἐλευθέρα,
503 1651 549 1677 καὶ
572 1651 706 1687 παντελὴς
733 1652 780 1678 καὶ
799 1652 885 1686 πάντη

99 1693 231 1733 ἄχραντος
257 1695 419 1731 καθαρότης.
441 1696 568 1723 Βασιλεία
591 1697 619 1723 δὲ
645 1698 662 1733 ἡ
689 1698 789 1729 παντὸς
811 1698 885 1733 ὅρου,

99 1740 146 1766 καὶ
163 1740 284 1776 κόσμου,
305 1741 352 1768 καὶ
372 1740 474 1776 θεσμοῦ
498 1743 546 1769 καὶ
564 1743 667 1774 τάξεως
685 1743 885 1779 διανέμησιςκ.

100 1785 235 1821 Κυριότης
257 1786 285 1812 δὲ
303 1787 353 1821 οὺχ
370 1787 417 1822 ὴ³¹
436 1787 490 1814 τῶν
509 1788 636 1824 χειρόνων
655 1789 776 1824 ὑπεροχὴ
796 1789 885 1824 μόνον,

100 1830 166 1857 ἀλλά
185 1831 231 1857 κα)⁴
259 1833 332 1858 πᾶσα
349 1832 403 1859 τῶν
421 1833 510 1860 καλῶν
528 1842 558 1860 τε
584 1834 630 1860 καὶ
654 1834 762 1868 ἀγαθῶν
784 1836 800 1870 ἡ
821 1844 887 1862 παν-

99 1873 178 1910 τελὴς
196 1877 362 1911 παγκτησία,
382 1877 430 1904 καὶ
446 1877 547 1913 ἀληθὴς
565 1879 612 1905 καὶ
631 1879 824 1914 ἀμετάπτωτος
843 1880 886 1916 βε-

978 1603 1116 1631 Sanctitas
1131 1604 1215 1639 igitur
1227 1603 1237 1638 (
1250 1609 1278 1630 ut
1293 1610 1368 1630 more
1383 1607 1477 1630 nostro
1488 1603 1603 1638 loquar)
1618 1608 1671 1635 est.
1692 1605 1726 1632 ab

939 1649 1013 1675 omni
1027 1649 1130 1676 scelere
1143 1649 1241 1681 libera,
1261 1653 1288 1674 et
1302 1649 1414 1675 omnino
1426 1647 1547 1682 perfecta
1560 1653 1587 1674 et
1601 1648 1676 1675 omni
1691 1656 1726 1675 ex

942 1699 1020 1729 parte
1053 1695 1227 1722 immaculata
1255 1695 1373 1729 puritas.
1400 1695 1521 1730 Regnum
1550 1699 1640 1722 autem
1670 1700 1725 1728 est,

939 1741 1028 1768 omnis
1041 1740 1149 1768 termitti
1162 1760 1169 1770 .
1182 1748 1213 1767 ac
1228 1741 1334 1772 mundi,
1348 1745 1376 1767 et
1392 1739 1458 1775 legis
1474 1745 1501 1768 et
1514 1741 1618 1768 ordinis
1627 1740 1724 1768 distri-

939 1786 1025 1813 butio.
1052 1786 1208 1813 Dominatio
1226 1793 1291 1813 vero
1313 1794 1366 1814 non
1395 1787 1531 1813 miuortttu
1553 1791 1658 1813 tantum
1678 1795 1726 1814 ex-

939 1832 1065 1859 cellentia
1077 1851 1085 1864 ,
1102 1840 1196 1859 verum
1212 1833 1294 1859 etiam
1307 1832 1428 1859 omnium
1443 1833 1571 1860 decorum
1587 1841 1619 1860 ac
1638 1834 1724 1860 bono-

940 1886 1000 1905 rum
1015 1878 1148 1913 completa
1169 1879 1306 1913 possessio
1321 1883 1372 1911 est,
1385 1883 1413 1905 et
1424 1886 1488 1906 vera
1508 1885 1536 1906 et
1561 1880 1724 1907 inconcussa

100 1920 227 1955 6αιότης’
245 1921 285 1948 διὸ
311 1922 358 1948 καὶ
380 1923 509 1959 κυριότης
535 1924 610 1959 παρὰ
637 1924 668 1951 τὸ
694 1925 777 1960 κῦρος
786 1926 818 1957 ³¹,
838 1927 884 1953 καὶ

942 1925 1069 1956 ﬁrmitas;
1087 1930 1254 1960 quapropter
1266 1925 1415 1952 dominatio
1431 1925 1525 1953 Graece
1540 1933 1554 1952 a
1575 1925 1659 1962 κῦρος
1674 1927 1724 1953 de-

99 1965 129 1992 τὸ
154 1966 264 2002 κύριον,
291 1967 337 1993 καὶ
361 1967 392 1994 τδ
416 1968 550 2004 κυριεῦον.
580 1970 680 2007 Θεότης
708 1971 736 1998 δὲ
761 1973 777 2007 ἡ
799 1972 885 1999 πάντα

100 2011 221 2047 θεωμένη
234 2012 355 2047 πρόνοια,
368 2014 413 2040 καὶ
431 2014 577 2051 ἀγαθότητι
594 2016 719 2043 παντελεῖ
737 2018 782 2044 καί
800 2018 887 2046 πάντα

100 2057 260 2092 περιθέουσα
271 2059 317 2085 καὶ
334 2060 492 2095 συνέχουσα,
510 2062 555 2088 καὶ
565 2062 663 2098 ἑαυτῆς
679 2064 885 2101 ἀποπληροῦσα,

100 2101 147 2128 καὶ
181 2102 351 2139 ὑπερέχουσα
388 2106 476 2132 πάντα
503 2106 538 2133 τὰ
564 2107 613 2142 τῆς
640 2109 767 2143 προνοίας
803 2111 886 2147 αὐτῆς

100 2148 278 2177 ἀπολαύοντα.

940 1971 1028 1999 riVato
1049 1973 1169 2004 nomine,
1186 1973 1256 2000 idem
1270 1977 1312 1999 est
1328 1972 1400 2006 quod
1422 1972 1550 2004 tirmatio,
1569 1972 1725 1999 firmamen-

939 2023 996 2046 tum
1015 2023 1042 2045 et
1058 2019 1183 2051 ﬁrmum,
1204 2027 1235 2046 ac
1252 2019 1366 2046 ﬁrmans
1385 2026 1434 2046 seu
1457 2018 1607 2046 ratiﬁcans.
1631 2019 1724 2046 Deitas

939 2069 1030 2091 autem
1053 2065 1122 2091 idem
1141 2070 1182 2092 est
1205 2069 1285 2099 atque
1311 2065 1433 2092 ontnitun
1461 2065 1606 2099 conspicax
1631 2065 1722 2099 provi-

937 2110 1030 2137 dentia
1044 2129 1051 2142 ,
1074 2110 1219 2145 omnigena
1244 2110 1364 2137 bonitate
1378 2116 1476 2137 cttncta
1500 2111 1723 2144 circumspiciens

936 2154 1142 2188 contiuensque,
1159 2159 1186 2181 et
1207 2155 1295 2190 seipsa
1308 2155 1449 2190 complens
1466 2160 1547 2190 atqtte
1564 2155 1721 2183 transiliens

936 2200 1062 2226 universa
1079 2208 1138 2234 qua:
1154 2200 1240 2234 ipsius
1255 2201 1425 2236 providentia
1441 2201 1577 2229 fruuntur.

860 2277 874 2313 ἓ
896 2277 951 2308 lll.

137 2341 225 2368 Ταῦτα
243 2343 292 2378 μὲν
309 2341 355 2371 οὖν
373 2345 419 2372 ἐπὶ
435 2346 484 2382 τῆς
504 2346 592 2373 πάντα
602 2347 824 2384 ὑπερϐαλλούσης
842 2351 882 2376 αἰ-

99 2386 156 2419 τίας
180 2388 320 2421 ἅπολύτως
348 2390 494 2426 ὺμνητέον,
523 2393 569 2418 καὶ
597 2394 779 2429 προσρητέον,
797 2395 881 2430 αὐτὴν

100 2433 282 2469 ὑπερέχουσαν
300 2435 439 2471 ἁγιότητα,
450 2437 497 2464 καὶ
515 2438 671 2474 κυριότητα,
682 2439 728 2465 καὶ
746 2439 882 2474 βασιλείαν

101 2479 298 2517 ὑπερκειμένην
311 2501 318 2512 ,
338 2482 384 2508 καὶ
401 2483 589 2519 ἀπλουστάτην
614 2484 742 2520 θεότητα*
763 2486 810 2513 καὶ
828 2486 883 2522 γὰρ

101 2524 129 2558 ἐξ
144 2525 229 2560 αὐτῆς
247 2527 276 2552 ἐν
295 2527 335 2552 ὲνὶ
353 2527 400 2553 καὶ
417 2528 523 2564 ἀθρόως
541 2530 681 2564 ἐκπέφυκε
700 2532 747 2557 καὶ
764 2531 883 2558 διανενέ-

102 2580 182 2607 μηται
199 2572 274 2599 πᾶσα
292 2573 394 2608 ἀμιγὴς
404 2574 531 2610 ἀκρίϐεια
549 2576 638 2611 πάσης
657 2576 817 2613 εἰλικρινοῦς
837 2587 883 2604 κα-

100 2616 254 2653 θαρότητος,
276 2619 350 2645 πᾶσα
368 2620 384 2654 ἡ
401 2620 454 2646 τῶν
472 2620 556 2647 ὄντων
574 2621 693 2655 διάταξις
711 2631 741 2649 τε
760 2624 806 2650 καὶ
824 2623 882 2650 δια-
899 2614 921 2641 Ῑ)

101 2662 246 2698 κόσμησις,
267 2664 460 2699 ἀναρμοστίαν,
481 2667 529 2693 καὶ
546 2668 689 2703 ἀνισότητα
701 2689 708 2701 ,
727 2669 774 2695 καὶ
792 2670 882 2705 ἀσυμ-

102 2709 212 2744 μετρίαν
238 2709 395 2745 ὲξορίζουσα
407 2731 414 2743 ,
442 2713 489 2738 καὶ
507 2714 546 2744 εἰς
564 2714 613 2749 τὴν
639 2714 769 2741 εὔτακτον
786 2717 883 2742 ταύτό-

971 2350 1033 2377 Hazc
1048 2351 1139 2385 itaque
1153 2352 1244 2378 omnia
1263 2351 1298 2379 de
1317 2358 1398 2379 causa
1421 2352 1466 2379 illa
1489 2354 1718 2384 transcendentali

935 2396 1058 2424 absolute
1079 2397 1252 2432 prredicauda
1277 2403 1360 2430 sunt,
1386 2398 1612 2434 addendumque,
1632 2401 1717 2435 ipsam

935 2450 995 2469 esse
1008 2451 1090 2477 supra
1106 2443 1271 2471 eminentem
1288 2446 1460 2472 sanctitatem
1472 2466 1479 2478 ,
1500 2451 1582 2480 atque
1596 2447 1719 2475 domina-

937 2490 1049 2522 tionem,
1061 2494 1089 2516 et
1104 2497 1218 2524 regnum
1231 2491 1350 2518 omnium
1363 2499 1530 2526 supremum,
1548 2493 1720 2527 simplicissi-

937 2541 1062 2568 tuamque
1075 2535 1220 2567 deitatem;
1236 2535 1372 2570 siquidem
1393 2545 1426 2564 ex
1460 2538 1517 2570 ipsa
1542 2538 1720 2573 singulariter

936 2582 963 2606 et
978 2579 1094 2607 ubertim
1113 2581 1251 2608 emanavit
1269 2587 1351 2616 atque
1367 2582 1464 2610 diffusa
1478 2588 1520 2610 est
1538 2584 1627 2611 omnis
1643 2592 1718 2611 mera

934 2625 1067 2659 perfectio
1091 2627 1173 2654 totius
1191 2628 1306 2655 sincerze
1323 2629 1460 2663 puritatis,
1477 2634 1505 2656 et
1520 2630 1609 2657 cumis
1626 2638 1717 2657 rerqu

935 2671 1077 2706 dispositio
1109 2677 1191 2708 atque
1216 2675 1368 2708 distinctio,
1389 2683 1449 2709 qua!
1475 2675 1716 2703 inconcinnitatem

937 2722 964 2744 et
996 2718 1209 2753 inmqualitatem
1246 2727 1278 2747 ac
1309 2720 1556 2756 disproportionent
1588 2722 1717 2749 extermi-

732 2794 848 2821 VARIE
874 2794 1076 2824 LECTIONES.

151 2868 173 2883 '“
187 2868 364 2905 διανεμητικὴ
380 2869 538 2905 διανέμησις
549 2891 555 2901 ,
579 2871 609 2899 Ρ.

258 2915 393 2946 ΡΑτιιοι..
412 2917 470 2947 Gtt.
494 2917 547 2948 Ill.

665 2873 685 2888 “
703 2874 771 2908 οὐχί,
791 2874 820 2901 D.
855 2875 877 2890 ³¹
895 2876 968 2909 παρὰ
985 2877 1015 2902 τὸ
1032 2876 1117 2911 κυρῶ,
1136 2877 1164 2904 S.
1183 2877 1258 2911 παρὰ
1274 2877 1303 2904 τὸ
1320 2878 1403 2912 κῦρος
1415 2877 1460 2904 καὶ
1477 2878 1506 2904 τι
1524 2878 1608 2913 κυρῶ,
1627 2878 1661 2906 ι).

1423 2924 1458 2952 31
