1929 3061
202 150 252 184 »τι

787 155 815 183 S.
832 154 980 184 DlONYSll
999 156 1232 186 AREOPAGITIE

1779 163 1837 191 975

203 217 268 245 nat,
290 216 317 241 et
341 212 374 240 ad
391 214 462 242 bene
473 214 626 242 ordinatam
648 215 821 243 identitatem
837 224 870 244 ac
885 217 989 244 rectitu'

1049 226 1117 253 τητα
1137 218 1183 244 καὶ
1196 216 1329 253 ὀρθότητα
1347 218 1511 255 γαννυμένη,
1523 220 1571 246 καὶ
1589 220 1760 256 περιάγουσα
1768 223 1791 238 ³³
1801 222 1837 250 τὰ

203 260 292 286 dinem
320 259 470 292 informat,
497 269 529 288 ac
552 262 673 289 continet
699 261 743 288 illa
767 269 828 296 qua:
841 261 897 296 jam
914 263 992 297 digna

202 304 313 333 fuerunt
337 307 397 341 ejus
428 307 659 342 participatione;
697 308 778 344 523
809 309 875 343 quin
910 309 993 336 etiattt

203 355 244 377 est
261 349 397 385 perfecta,
410 356 437 378 et
455 352 544 379 omnis
561 353 682 380 omnium
708 361 768 388 qua:
794 353 908 388 pulchra
930 358 994 381 sunt

202 397 355 431 possessio,
371 401 400 424 et
419 398 509 426 omnis
526 399 615 426 divina
639 400 825 433 providentia,
842 407 903 435 qua
928 407 994 428 con-

202 443 348 478 templatur
371 449 399 471 et
419 450 568 472 conservat
587 452 619 472 ea
642 446 742 480 quibus
760 447 888 479 consulit,
910 453 994 481 seque

201 487 317 523 benigne
330 487 420 522 effert,
443 489 475 516 ad
506 489 675 518 formandam
691 492 717 519 in
735 492 775 519 eis
793 493 839 527 qui
852 492 885 520 ad
904 492 991 527 ipsum

201 539 402 562 convertuntur
413 535 601 564 divinitatem.

1047 264 1170 300 μετέχειν
1193 264 1278 299 αὐτῆς
1306 263 1460 300 ὴξιωμένα”
1481 266 1555 292 πᾶσα
1580 267 1596 301 ή
1624 267 1758 303 παντελὴς
1788 269 1838 296 καὶ

1046 311 1153 338 πάντων
1179 311 1234 338 τῶν
1260 310 1350 337 καλῶν
1377 312 1551 347 παγκτησία,
1571 314 1645 339 πᾶσα
1662 314 1752 350 ἀγαθὴ
1769 315 1837 350 πρό-

1046 358 1148 389 veta“,
1174 357 1274 393 Θεωρὸς
1302 358 1348 384 καὶ
1383 359 1509 394 συνοχιχὴ
1535 359 1589 386 τῶν
1617 360 1835 396 προνοουμένων,

1046 401 1143 437 ἑαυτὴν
1162 401 1361 438 ἀγαθοπρεπῶς
1379 402 1534 430 ὲπιδιδοῦσα
1552 405 1620 440 πρὸς
1633 404 1763 432 ἐκθέωσιν
1779 404 1835 433 τῶν

1046 447 1280 483 ὑπεστραμμένων
1288 448 1320 474 ³⁵.

975 609 989 645 §
1011 606 1064 636 1v.

237 676 371 710 Quoniam
395 683 485 707 autem
503 679 692 708 universorum
708 685 804 708 auctor
827 688 918 708 rerum
931 688 989 707 om-

200 723 275 751 nium
293 724 469 759 plenissimus
487 731 540 760 est,
574 727 725 754 secundum
743 735 840 762 unam,
854 735 915 762 quae
930 735 990 755 om-

200 769 280 797 nibus
297 770 436 798 antecellit
452 792 460 804 ,
481 771 673 800 excellentiam
691 772 811 800 Sanctus
828 777 988 800 sanctorum

200 815 380 851 nominatur,
404 818 443 845 uti
463 824 491 846 et
514 824 613 847 caetera
631 819 781 846 secundum
809 827 890 854 supra
905 827 987 854 quam

1084 677 1191 713 Ἐπειδὴ
1218 676 1256 711 δὲ,
1272 675 1452 712 ὺπερπλήρης
1471 676 1579 704 πάντων
1597 677 1672 704 ἐστὶν
1689 678 1704 704 6
1724 677 1834 705 πάντων

1040 724 1127 756 αἴτιος
1135 723 1168 756 ⁸⁸,
1180 722 1251 750 κατὰ
1273 723 1336 758 μίαν
1354 722 1404 757 τὴν
1422 721 1531 749 πάντων
1549 723 1739 758 ὑπερέχουσαν
1749 723 1836 758 ὑπερ-

1040 768 1129 805 ϐολὴν,
1142 769 1237 803 ’Ἄγιος
1256 768 1341 802 ἁγίων
1361 768 1495 804 ὑμνεῖται,
1516 768 1563 794 καὶ
1581 768 1615 794 τὰ
1624 768 1646 783 ³⁷
1665 768 1757 800 λοιπὰ,
1769 767 1834 795 καθ’

1041 815 1263 852 ὑπερϐλὺζουσαν
1282 815 1371 841 αἰτίαν
1382 834 1390 847 ,
1412 815 1459 841 καὶ
1476 814 1649 851 ὲξῃρημένην
1675 814 1813 850 ὑπεροχὴν
1824 833 1833 846 ,

200 861 398 889 exuberantem
415 870 525 891 causam
537 884 544 896 ,
567 868 595 892 et
626 864 755 892 eximiam
770 864 989 900 praecellentiam,

1043 862 1079 894 ὡς
1097 862 1129 889 ἄν
1146 870 1188 894 τις
1206 862 1283 897 φαίη.
1302 861 1370 888 Καθ’
1388 861 1450 887 ὅσον
1469 861 1632 897 ὑπερέχουσι
1650 860 1705 888 τῶν
1721 862 1772 887 οὐκ
1790 861 1835 887 ὅν-

199 911 230 934 υι
245 908 269 935 si
282 908 346 943 quis
360 908 479 936 dixerit:
493 909 601 944 Quanto
614 914 744 946 praestant
759 915 853 939 sancta
864 931 872 944 ,
887 911 930 938 vel
946 912 988 940 di-

197 953 280 986 vina,
300 953 342 981 vel
363 954 550 989 dominantia,
570 957 613 985 vel
630 958 704 993 regia
721 958 755 985 iis
773 965 834 992 quae
848 965 902 986 non
921 963 986 986 sunt

198 999 273 1032 talia,
289 1004 316 1027 et
333 1008 428 1028 rursus
440 1001 506 1036 ipsae
523 1010 571 1037 per
584 1010 614 1030 se
629 1003 854 1038 participationes
875 1004 988 1039 partici-

197 1045 345 1080 pantibus;
363 1051 440 1074 tanto
453 1052 496 1075 est
512 1048 639 1076 omnibus
655 1048 811 1083 sublimior,
824 1050 869 1085 qui
883 1054 926 1078 est
942 1058 990 1078 su-

196 1099 246 1127 pra
260 1092 364 1126 omnia,
375 1098 404 1121 et
415 1095 538 1121 omnium
563 1095 785 1130 participantium
803 1103 831 1123 et
845 1096 990 1132 participa-

198 1138 307 1165 tionum
327 1143 424 1166 auctor
449 1140 697 1176 imparticipabilis.
718 1141 837 1170 Sanctos
858 1149 941 1174 vero,
961 1146 990 1169 et

197 1191 296 1219 reges,
329 1184 520 1220 dominosque,
543 1193 574 1213 ac
598 1186 662 1214 deos
684 1186 831 1222 Scriptum
852 1187 990 1222 appellant

196 1230 406 1265 principaliores
440 1231 468 1258 in
502 1239 666 1268 unoquoque
713 1233 846 1265 ordines,
872 1241 988 1268 quorum

196 1284 279 1311 opera
294 1277 358 1304 dum
372 1276 518 1305 inferiores
535 1278 583 1305 Dei
598 1286 709 1306 munera
742 1279 919 1314 participant,
940 1286 988 1306 e0-

197 1323 321 1350 rumdem
343 1323 567 1352 distributionum
590 1325 792 1360 simplicitatem
816 1326 844 1353 in
863 1325 921 1352 suis
935 1325 989 1353 dis-

1042 916 1096 934 των
1115 907 1148 934 τὰ
1166 907 1247 940 ὄντα,
1268 907 1350 941 ἅγια,
1369 907 1386 943 ἦ
1405 901 1518 943 θεῖα,”ἢ
1536 907 1632 943 κύρια,
1652 907 1669 943 ἢ
1691 907 1833 944 βασιλικὰ,

1040 954 1087 981 καὶ
1113 953 1202 980 αὐτῶν
1230 953 1395 989 μετεχόντων
1413 954 1440 980 αἱ
1467 953 1662 989 αὑτομετοχαί·
1681 953 1753 980 κατὰ
1770 962 1834 980 τοσ-

1038 999 1115 1026 οὖτον
1134 999 1310 1034 ὑπερίδρυται
1330 999 1437 1026 πάντων
1452 999 1506 1026 τῶν
1520 999 1604 1026 ὄντων
1622 1000 1636 1026 6
1651 1000 1722 1035 ὑπὲρ
1742 999 1833 1026 πάντα

1039 1046 1074 1072 τὰ
1091 1046 1171 1078 ὖντα,
1191 1046 1237 1072 καὶ
1255 1045 1363 1072 πάντων
1382 1045 1436 1072 τῶν
1452 1045 1618 1081 μετεχόντων
1635 1046 1682 1072 καὶ
1692 1045 1746 1072 τῶν
1766 1054 1831 1081 μετ-

1040 1092 1111 1128 οχῶν
1131 1093 1145 1119 6
1163 1091 1312 1127 ἀμέθεκτος
1331 1091 1425 1123 αἴτιος.
1446 1090 1552 1126 Ἀγιους
1570 1091 1608 1124 δὲ,
1633 1091 1679 1118 καὶ
1700 1091 1831 1126 βασιλεῖς,

1042 1138 1089 1164 καὶ
1109 1137 1232 1173 κυρίους,
1250 1137 1297 1163 καὶ
1313 1136 1392 1168 θεοὺς
1410 1137 1487 1163 καλεῖ
1504 1137 1538 1163 τὰ
1555 1137 1632 1171 λόγια
1650 1137 1699 1169 τὰς
1717 1139 1747 1164 ἐν
1765 1138 1831 1165 ἑκά-

1042 1192 1114 1216 στοις
1130 1183 1317 1218 ἀρχικωτέρας
1335 1183 1538 1219 διακοσμήσεις,
1548 1183 1582 1210 δι’
1592 1180 1629 1210 ὧν
1648 1184 1675 1210 αἱ
1692 1183 1830 1220 δεύτεραι,

1040 1228 1094 1255 τῶν
1121 1229 1153 1254 ὲκ
1180 1227 1247 1254 Θεοῦ
1275 1227 1384 1264 δωρεῶν
1408 1228 1680 1264 μεταλαμϐάνουσαι,
1707 1229 1756 1264 τὴν
1780 1229 1832 1264 τῆς

1040 1275 1153 1302 ἐκείνων
1172 1275 1315 1306 διαδόσεως
1333 1274 1474 1310 ἁπλότητα
1500 1275 1564 1311 περὶ
1581 1274 1630 1307 τὰς
1650 1275 1752 1302 ἑαυτῶν
1771 1276 1830 1302 δια-

1041 1320 1127 1356 φορὰς
1147 1319 1326 1355 πληθύουσιν·
1346 1316 1384 1346 ὧν
1401 1321 1429 1346 αἱ
1454 1319 1606 1356 πρώτισται
1624 1320 1673 1356 τὴν
1693 1321 1830 1347 ποικιλίαν

1041 1365 1226 1402 προνοητικῶς
1255 1365 1302 1392 καὶ
1328 1365 1453 1398 θεοειδῶς
1480 1366 1548 1402 πρὸς
1572 1365 1622 1401 τὴν
1649 1365 1764 1401 ἑνότητα
1781 1366 1831 1401 τὴν

1039 1413 1142 1440 ἑαυτῶν
1160 1413 1313 1447 συνάγουσι.

197 1367 375 1396 tiuctionibus
397 1368 592 1404 multiplicant;
622 1371 719 1397 horum
749 1375 841 1397 autem
866 1370 987 1397 varieta-

197 1418 252 1441 tem
275 1414 356 1449 primi
377 1414 490 1443 ordines
505 1415 618 1450 provide
635 1423 667 1444 ac
684 1416 776 1443 divine
793 1416 826 1444 ad
846 1416 979 1444 unitatem

197 1467 273 1488 suam
290 1460 464 1489 contrahunt.

998 1544 1034 1552 ,-

778 1597 1047 1627 ADNOTATIONES
1069 1596 1243 1625 CORDERII.

232 1665 247 1701 §
259 1666 280 1692 l.
302 1665 436 1698 Quoniam
454 1673 513 1693 vero
527 1674 557 1693 ea
571 1674 630 1701 qua:
645 1666 677 1694 de
689 1667 729 1694 his
741 1666 856 1693 dicenda
869 1671 954 1699 erant,
971 1670 1024 1694 etc.
1041 1666 1071 1693 S.
1083 1665 1202 1692 Thomas
1216 1665 1250 1693 ad
1263 1665 1336 1692 hunc
1347 1667 1456 1701 locum:
1472 1664 1632 1700 Postquam,
1645 1665 1746 1700 inquit,
1763 1666 1830 1694 Dio-

196 1699 291 1737 nysius
306 1701 434 1737 exposuit
448 1701 539 1728 divina
554 1699 668 1728 nomina
684 1709 733 1736 per
746 1709 808 1736 qua:
832 1701 1007 1737 significatur
1026 1701 1163 1729 emanalio
1179 1700 1379 1737 perfectionum
1393 1707 1408 1726 a
1422 1699 1477 1737 Deo
1502 1701 1529 1727 in
1546 1699 1700 1733 creaturas,
1716 1701 1761 1729 hic
1780 1710 1830 1729 ex-

194 1735 274 1771 ponit
287 1735 395 1771 nomina
415 1735 461 1763 Dei
474 1744 535 1771 quae
546 1735 691 1770 designant
712 1735 803 1764 rerum
820 1735 1057 1771 gubernationem.
1074 1737 1103 1763 In
1116 1743 1168 1770 qua
1185 1735 1295 1769 quidem
1310 1735 1508 1769 gubernatione
1522 1740 1586 1763 sunt
1600 1741 1719 1770 quatuor
1733 1742 1828 1764 atten-

195 1770 284 1799 denda
302 1780 310 1796 :
329 1770 420 1798 Primo
444 1770 554 1806 quidem
576 1772 675 1799 divina:
703 1770 869 1806 cognitionis
897 1770 1082 1807 providentia,
1107 1771 1141 1798 ad
1165 1778 1246 1807 quam
1269 1771 1387 1804 pertinet
1406 1777 1505 1807 nomen
1534 1771 1662 1807 deitatis;
1689 1773 1827 1804 secundo,

192 1810 317 1841 potestas
332 1804 499 1841 exsequendi
519 1807 661 1841 sapientia:
674 1804 772 1834 divitiae
792 1804 1005 1840 ordinationem,
1020 1808 1054 1833 ad
1072 1813 1152 1841 quam
1166 1804 1283 1839 pertinet
1303 1812 1400 1832 nomen
1417 1804 1627 1839 dominationis;
1652 1807 1743 1839 tertio,
1766 1808 1826 1841 ipsa

195 1840 335 1868 exsecutio
351 1840 569 1876 gubernationis,
587 1843 620 1869 ad
636 1850 717 1876 quam
730 1842 848 1877 pertinet
873 1850 970 1869 nomen
987 1842 1059 1877 regis
1070 1840 1207 1877 {quati-to,
1215 1840 1421 1877 gubernationis
1435 1841 1559 1877 eﬂ‘ectus,
1574 1843 1618 1877 qui
1631 1847 1674 1869 est
1689 1840 1826 1870 munditia

196 1877 231 1904 ab
243 1877 317 1903 omni
330 1875 545 1909 inordinatione,
560 1882 586 1904 et
604 1875 706 1905 adhoc
720 1875 840 1911 pertinet
851 1885 949 1904 nomen
970 1875 1134 1904 sanctitatis.
1150 1876 1188 1903 De
1201 1876 1244 1911 his
1255 1880 1335 1903 acute
1343 1875 1545 1911 Cyparissiotus
1557 1876 1614 1910 με)
1628 1887 1635 1905 :
1651 1886 1660 1902 ι
1676 1878 1826 1910 Sanctitas,

196 1912 294 1947 inquit,
306 1916 334 1938 et
346 1912 515 1944 dominatus,
530 1917 558 1939 et
573 1920 697 1947 regnum,
712 1910 739 1940 et
751 1912 891 1945 divinitas,
907 1912 1032 1940 absolute
1045 1912 1154 1946 quidem
1171 1912 1198 1938 in
1214 1910 1274 1947 Deo
1287 1910 1380 1942 dictat,
1400 1910 1537 1938 silentium
1553 1912 1612 1945 ejus
1628 1918 1690 1940 sunt
1704 1913 1825 1944 beatum,

194 1952 223 1974 et
236 1946 318 1983 Supra
332 1947 528 1979 substantiam,
546 1946 626 1983 extra
643 1947 727 1975 Deum
745 1955 810 1974 vcro
827 1948 1011 1983 proprietates
1029 1946 1168 1983 accipiunt
1186 1946 1397 1983 ad_creaturam_
1406 1951 1570 1983 spectantes.
1591 1948 1680 1982 Atque
1699 1948 1745 1974 illa
1761 1949 1823 1982 qui-

196 1983 258 2009 dem
274 1982 312 2016 (id
331 1987 373 2009 est
393 1983 536 2017 sanctitas)
550 1982 677 2010 liberatio
692 1986 733 2010 est
750 1984 784 2010 ab
799 1981 885 2010 omni'
907 1983 1010 2010 scelere
1022 1988 1050 2010 et
1074 1981 1197 2013 macula;
1212 1981 1369 2008 dominatus
1384 1981 1540 2009 ﬁrmitatem
1558 1981 1648 2010 veram
1664 1988 1692 2010 et
1705 1990 1720 2009 a
1735 1981 1828 2017 prola-

195 2017 293 2051 psione
307 2016 420 2044 liberam
436 2016 565 2050 exhibet;
580 2025 694 2052 regnum
709 2023 750 2045 est
761 2018 919 2046 distributio
932 2018 1025 2046 omnis
1038 2017 1150 2053 regulae,
1165 2023 1193 2044 et
1209 2017 1375 2050 ornamenti,
1388 2021 1416 2044 et
1428 2016 1508 2051 juris,
1523 2021 1550 2044 et
1561 2018 1683 2051 ordinis;
1697 2016 1827 2046 divinitas

195 2052 447 2088 veroiprovidentia
459 2053 552 2080 omnia
567 2053 771 2088 contemplans.
789 2063 798 2079 ι

232 2087 288 2123 §ll.
311 2087 562 2128 δμιιιειὶιαδιῇςιὶιιιι·Ἰ
573 2093 628 2128 etc.
646 2087 718 2115 Deus
734 2088 774 2128 (ut
791 2088 871 2128 docte
882 2093 966 2128 .notat
982 2087 1091 2128 [fessius
1108 2087 1156 2115 lib.
1170 2095 1219 2127 vttt
1239 2087 1277 2113 De
1293 2087 1499 2128 perfectionibus
1518 2087 1629 2128 diuinis)
1644 2094 1760 2128 sanctus
1780 2089 1825 2128 di_-

196 2122 271 2158 citur
284 2122 378 2158 multis
393 2123 491 2154 modis.
508 2123 682 2157 potissitnum
698 2122 828 2158 quinque.
845 2123 937 2151 Primo
951 2123 1121 2156 radicaliter,
1137 2123 1201 2157 quia
1219 2123 1338 2150 essentia
1357 2123 1447 2150 divina
1462 2128 1504 2150 est
1523 2122 1714 2158 prima‘radix
1729 2130 1758 2152 et
1770 2125 1828 2152 ori-

201 2157 298 2193 ginalis
312 2157 373 2185 fons
386 2159 475 2185 otnttls
485 2158 640 2186 sanctitatis
660 2163 687 2185 et
704 2159 842 2193 puritatis.

233 2193 359 2220 Secundo
380 2193 526 2227 oltjective,
542 2195 605 2228 quia
621 2198 662 2220 est
675 2194 811 2227 objectum
836 2194 926 2221 omnis
944 2194 1117 2226 sanctitatis;
1137 2193 1227 2220 omnis
1241 2193 1313 2220 enim
1335 2193 1465 2221 sanctitas
1491 2193 1543 2221 sita
1564 2198 1607 2221 est
1632 2194 1659 2221 in
1682 2202 1778 2222 amore
1798 2199 1828 2222 et

195 2228 390 2262 coujunctione
413 2236 474 2255 cum
490 2228 557 2256 Deo.
574 2229 664 2262 Quare
677 2230 760 2256 etiam
778 2234 819 2256 est
841 2237 968 2256 mensura
993 2230 1077 2256 totius
1093 2235 1121 2256 et
1141 2229 1225 2263 ipsius
1255 2228 1425 2260 sanctitatis,
1443 2230 1514 2255 unde
1535 2229 1663 2256 nimirum
1687 2230 1827 2257 sanctitas

196 2270 276 2299 suam
293 2263 410 2297 speciem
423 2269 451 2291 et
464 2264 573 2299 modum
591 2265 708 2298 accipit;
722 2265 855 2292 sanctitas
868 2266 942 2291 enim
957 2269 1000 2292 est
1012 2265 1130 2299 paritas.
1150 2264 1227 2291 Sicut
1241 2268 1332 2290 autem
1350 2263 1494 2298 impuritas
1505 2266 1630 2291 nascitur
1641 2271 1676 2291 ex
1691 2270 1825 2292 contactu

198 2298 371 2334 inferiorum,
385 2303 414 2325 ut
427 2306 491 2326 cum
505 2298 591 2326 facies
608 2305 656 2326 attt
671 2300 754 2326 vestis
768 2299 831 2334 luto
841 2301 1006 2334 aspergitur,
1016 2298 1058 2326 vel
1073 2307 1135 2326 cum
1150 2299 1242 2325 anima
1259 2306 1308 2333 per
1322 2299 1452 2334 allectum
1469 2299 1648 2326 inferioribus
1663 2300 1825 2327 inordinate

196 2333 331 2370 inhaeret;
346 2333 383 2359 ita
396 2334 502 2370 puritas
516 2335 605 2361 oritur
621 2342 655 2361 ex
678 2339 804 2362 contactu
823 2332 1004 2370 superiorum,
1016 2342 1078 2362 cuin
1096 2334 1210 2361 affectus
1222 2332 1429 2370 ad’sublimiora
1446 2339 1473 2361 et
1488 2335 1624 2370 nobiliora
1640 2335 1774 2370 assurgit,
1796 2340 1825 2362 et

196 2368 231 2395 iis
243 2369 370 2395 inhrerct.
389 2369 552 2403 Supremum
565 2374 657 2396 autetn
672 2371 793 2396 ontnium
808 2374 836 2396 et
855 2368 1088 2404 simplicissimum
1105 2375 1132 2396 et
1146 2369 1322 2403 purissimum
1341 2373 1384 2395 est
1398 2369 1485 2401 Deus;
1499 2369 1572 2396 unde
1586 2377 1692 2396 sutntna
1714 2368 1824 2404 puritas

196 2403 327 2430 consistit
343 2404 369 2443 in
385 2404 544 2443 adhaesione
556 2412 618 2431 eum
633 2405 698 2432 Deo.
711 2405 806 2439 itaque
817 2412 880 2432 cum
895 2403 999 2432 summa
1012 2406 1117 2440 puritas
1132 2405 1168 2431 sit
1177 2405 1319 2436 sanctitas,
1334 2404 1407 2431 Deus
1420 2409 1462 2431 est
1474 2405 1543 2431 ratio
1555 2404 1691 2439 objectiva
1702 2403 1730 2432 et
1743 2412 1822 2433 meu-

196 2446 259 2465 sura
274 2439 439 2466 sanctitatis.

232 2473 314 2509 524,
329 2473 422 2511 Tertio
438 2474 667 2511 diciturisanctus
684 2475 892 2511 exemplariter,
913 2475 955 2502 vel
971 2475 998 2502 in
1014 2475 1125 2502 modum
1146 2475 1255 2510 regulae,
1277 2475 1340 2510 quia
1356 2481 1404 2511 per
1422 2475 1507 2510 legem
1521 2481 1652 2504 aeternam
1665 2480 1708 2503 est
1727 2475 1823 2511 regula

197 2516 288 2535 omnis
303 2510 475 2542 sanctitatis;
491 2510 673 2537 conformatio
689 2511 762 2536 enim
779 2510 894 2537 allectus
906 2518 969 2537 cum
986 2511 1044 2544 lege
1057 2516 1160 2537 aeterna
1174 2515 1216 2537 est
1231 2518 1293 2538 vera
1312 2510 1457 2538 sanctitas.

233 2544 337 2577 Quarto
358 2545 526 2578 lorntaliter;
543 2545 763 2578 sanctitasenim
782 2545 933 2572 lormaliter
946 2551 988 2573 est
1004 2546 1110 2580 put-itas
1124 2546 1255 2579 ati'octus;
1271 2546 1376 2580 puritas
1389 2551 1480 2573 autem
1499 2545 1612 2574 alfectus
1626 2552 1667 2574 est
1683 2554 1761 2574 amor
1774 2545 1825 2573 Dei

196 2579 260 2616 quia
277 2580 455 2616 cst_adhzesio
469 2588 531 2608 cmn
550 2586 585 2606 eo
600 2581 673 2615 quod
690 2586 732 2607 cst
745 2581 922 2614 purissimum
937 2585 966 2608 et
980 2579 1189 2608 nubilissimum.
1205 2579 1295 2614 Quare
1310 2589 1371 2608 cum
1394 2581 1465 2609 Deus
1483 2583 1519 2609 sit
1533 2590 1611 2609 atttor
1625 2583 1678 2615 sui,
1694 2583 1752 2616 ipse
1770 2583 1823 2609 hac

196 2614 305 2642 ratione
319 2614 472 2643 l‘ormaliter
485 2621 529 2643 est
542 2623 591 2642 sua
605 2614 752 2649 sanctitas;
769 2621 798 2643 et
811 2616 875 2650 quia
890 2623 919 2643 se
936 2621 1011 2643 amat
1026 2616 1144 2649 inﬁnite,
1167 2621 1300 2651 quantum
1321 2616 1450 2644 nimirum
1466 2623 1509 2645 est
1520 2617 1660 2651 amabilis,
1674 2614 1736 2645 idco
1750 2624 1824 2652 quo-

231 2706 288 2741 (ιε)
309 2706 409 2734 Decad.
421 2713 447 2739 v,
462 2714 522 2741 cap.
537 2706 564 2735 9.

831 2809 946 2836 VARI/ﬁ
967 2809 1172 2838 LECTIONES.

233 2886 255 2901 ³³
272 2887 444 2921 περιέχουσα,
462 2887 492 2915 Ρ.
530 2888 551 2903 ³³
569 2887 646 2924 θεῑκὴ
663 2888 784 2924 πρόνοια,
802 2887 831 2916 Ρ.
871 2889 892 2905 ³⁵
910 2890 1152 2926 ἐπεστραμμένων,
1171 2890 1199 2917 l‘.
1223 2892 1283 2918 Sar.
1322 2892 1344 2907 ³⁵
1369 2891 1383 2916 ὁ
1401 2891 1556 2922 παναίτιος,
1575 2890 1604 2916 S.
1641 2890 1662 2907 ³⁷
1685 2890 1766 2918 κατά.
