1929 3061
131 176 181 204 ΒΤὸ
392 173 437 201 DE
452 172 578 201 DIVINIS
594 171 794 204 NOMl'NlBUS,
811 171 888 200 CAP.
907 171 1181 200 Xll.-PARAPHR.
1203 172 1441 204 PACHYMERA‘J.
1696 174 1749 203 9η

131 242 186 269 que
200 232 310 261 infinite
327 238 441 260 sanctus
457 237 510 260 est.
531 230 664 260 Similiter
679 231 742 267 quia
760 230 830 259 nihil
851 231 963 259 omnino
979 236 1053 259 amat
1070 231 1124 260 nisi
1140 236 1253 267 propter
1277 233 1397 267 seipsum
1408 253 1416 265 .
1432 233 1493 261 ideo
1508 232 1590 260 etiam
1607 231 1633 259 in
1655 239 1750 260 amore

135 270 258 297 omnium
270 273 459 296 creaturarum
474 272 586 295 sanctus
599 272 650 296 est.

167 305 269 337 Quinto
284 303 382 331 dicitur
396 308 507 330 sanctus
520 303 674 330 eminenter
685 306 713 329 et
727 302 885 333 causaliter,
903 306 1034 337 tanquam
1051 301 1112 330 fons
1139 308 1168 330 et
1180 302 1342 337 principium
1357 303 1446 330 omnis
1478 302 1632 331 sanctitatis
1650 308 1678 330 et
1699 311 1751 337 pu-

133 340 225 367 ritatis
239 340 264 366 in
279 338 433 370 creaturis;
446 338 610 372 principium
621 357 629 370 ,
644 338 756 372 inquam
767 360 773 369 ,
786 337 915 370 efﬁciens,
943 337 1069 369 formale,
1084 338 1242 372 exemplare
1253 342 1280 364 et
1297 338 1386 365 finale.
1402 338 1469 365 Vide
1490 339 1547 366 lta-c
1570 338 1656 365 fusius
1677 338 1749 372 apud

134 346 225 367 l‘llallS
239 347 264 366 ιη
279 346 433 370 creaturis;
446 346 610 372 prtnclptum
621 357 629 370 ,
644 346 756 399 inquam
767 360 773 369 ,
786 346 915 370 GlllClenS,
943 346 1069 369 lormate,
1084 346 1242 372 exemplare
1253 346 1280 364 Cl.
1297 346 1386 365 llllale.
1406 346 1469 365 Vlae
1491 346 1547 366 na-c
1570 346 1656 365 IUSIIIS
1677 346 1749 372 apuu

134 374 257 402 [.essium
271 374 331 401 loco
345 375 439 405 citato,
449 377 477 401 et
492 373 592 400 ibidem
604 380 666 407 cap.
699 393 706 403 ,
718 373 854 407 quodnam
868 373 903 400 sit
918 373 1065 400 discrimen
1077 373 1232 400 sanctitatis
1245 373 1344 400 divinae
1358 376 1386 400 et
1397 378 1597 401 creaturarum.
1612 373 1650 400 De
1663 373 1750 400 domi-

133 411 181 438 nio
199 410 262 436 item
277 408 324 436 Dei
340 408 403 436 vide
414 409 525 440 ibidem,
538 409 637 436 librum
654 408 799 441 decimum,
815 408 860 442 qui
874 412 916 435 est
930 408 964 435 de
979 408 1031 435 hoc
1046 413 1216 442 argumento.

169 445 273 472 Dicitur
286 448 385 480 autem
392 443 461 471 Dem
476 444 585 480 deorum
598 465 605 477 ,
619 451 716 480 eorum
728 443 789 471 (lico
803 444 837 480 die
845 443 947 480 quibus
961 443 1090 480 scriptum
1106 448 1147 480 est
1157 452 1175 480 7:
1199 443 1255 478 Ego
1269 443 1325 470 dixi
1338 451 1347 470 :
1360 443 1406 480 Dii
1418 443 1479 480 eatis
1488 444 1514 471 ιι.
1529 444 1600 480 Deus
1615 444 1688 480 enim
1705 447 1749 471 est

133 481 181 516 qui
198 480 258 507 illos
281 478 455 516 sanctificat,
472 484 501 516 et
525 479 676 516 facitideos
691 478 1003 516 per‘participationem.
1020 478 1097 506 Unde
1110 479 1209 516 divina;
1222 486 1347 516 persiinag
1363 487 1377 505 a
1393 479 1523 516 Dionysio
1536 478 1603 516 eta
1616 479 1749 506 Patribus

133 513 268 543 vocantur
282 514 441 550 θεαρχικαί,
459 515 485 542 id
497 520 538 542 est
553 515 673 550 deificae;
691 519 718 541 et
727 513 851 550 rSpiritus
870 521 915 550 san

970 521 983 550 s
998 517 1111 550 vocatur
1126 513 1256 549 ὐπέρθεον
1277 513 1401 550 Πνεῦμα,
1415 513 1518 541 hocest
1533 515 1653 548 Spiritus
1665 522 1749 549 supra

133 551 210 584 deos,
227 558 295 585 quos
306 548 412 577 scilicet
426 551 623 578 sanctiticaudo
637 549 702 576 facit
717 548 792 582 deos,
809 550 866 576 sive
883 549 910 576 in
933 548 1002 577 cmlo
1024 548 1081 576 sive
1097 549 1123 576 in
1138 548 1211 576 terra
1223 569 1233 582 ,
1248 554 1277 576 ut
1292 548 1358 576 alibi
1372 550 1456 577 etiam
1473 550 1622 577 indicatum
1648 548 1705 582 est,
1722 555 1750 577 et

132 594 165 614 ex
179 586 351 620 generalibus
365 585 603 613 observationibus
618 585 763 619 colligitur.

168 619 238 657 ἕως
261 620 327 657 Han:
339 621 426 657 itaque
441 621 530 648 omnia
546 621 579 657 de
592 629 672 657 causq
686 620 734 657 illa
750 619 973 657 transcendentali
997 619 1122 657 absolute
1136 619 1322 657 prwdicanda._
1334 619 1374 646 Ex
1399 620 1444 648 his
1459 620 1558 657 (inquit
1576 619 1750 657 Qyparissiof

134 655 189 692 tus)
199 656 315 692 efﬁcitur
327 656 511 687 manifestum,
527 656 611 683 aliam
627 656 736 692 quidem
751 655 976 692 signiﬁcationem
994 662 1049 688 prae
1067 662 1096 682 se
1111 655 1184 692 ferre
1200 662 1231 692 ea
1248 655 1359 692 nomina
1372 663 1432 689 quae
1451 656 1485 683 de
1501 656 1555 682 Deo
1568 655 1703 692 dicuntur»
1715 655 1750 682 ad

133 690 255 726 aliquid;
270 691 352 718 aliam
367 698 443 723 vero,
459 698 519 726 qua;
534 691 683 719 secundum
696 691 932 726 exsuperationem
945 698 993 717 seu
1011 690 1447 726 transeendenliztmreﬂ'eruntttr;
1472 695 1553 725 atque
1574 690 1619 717 illa
1639 690 1751 726 quidem

133 725 279 762 aliquando
289 734 458 761 supervacua
469 725 533 755 esse
547 731 575 754 et
590 727 678 762 otiosa
689 725 811 762 perfecto
823 733 904 762 opere
913 734 921 758 ;
930 726 990 762 haec
1003 733 1078 757 vero,
1090 725 1318 762 ‘quazrsecundutn
1330 726 1564 762 exsuperationcm
1580 727 1751 762 enuntiatur,

133 760 243 796 semper
257 760 352 789 eodem
366 763 446 797 modo
459 762 648 790 excellentiam
665 760 818 788 declarare.
833 761 865 788 Et
880 761 978 794 probat
991 760 1114 795 exemplo
1131 760 1318 797 fabricationis
1332 761 1464 797 universi.
1477 760 1593 795 Septimo
1612 761 1682 797 enim
1696 761 1751 794 die,

136 797 236 832 inquit,
260 797 385 832 requievit
406 796 441 824 'ab
463 798 583 824 omnibus
604 797 725 831 operibus
741 797 797 823 suis
809 797 839 829 i;
858 803 944 831 quare
956 797 1074 832 cessavit
1097 803 1111 823 a
1133 796 1275 832 creatione
1289 796 1362 828 coeli,
1379 796 1456 832 solis,
1469 797 1604 831 stirpium,
1623 796 1752 832 animan-

140 830 221 864 tium,
239 837 278 864 et,
291 830 321 859 ut
346 832 474 859 universe
485 833 585 864 dicam,
601 830 634 859 ab
647 833 776 859 universo
790 830 873 866 opere
890 830 963 865 quod
978 836 1111 865 patrarat.
1132 831 1248 865 Propter
1259 838 1327 865 opus
1339 832 1410 858 enim
1424 830 1580 858 dictus’est
1595 836 1660 858 tunc
1679 831 1751 858 Dens

133 866 284 894 fabricator
300 867 403 894 mundi.
419 868 466 895 Est
483 868 566 903 igitur
578 875 686 902 semper
697 867 849 894 fabricator
864 866 956 903 mundi
971 866 1053 900 Deus,
1070 867 1117 894 sed
1137 871 1265 900 tauquam
1279 866 1335 901 jam
1349 866 1492 903 fabricatio
1505 866 1599 903 mundi
1618 866 1750 900 desierit;

132 903 203 929 sicut
221 907 248 929 et
262 907 378 936 creator,
395 903 441 937 qui
458 901 512 933 non
528 910 634 937 semper
647 907 737 935 creat;
755 907 782 929 et
803 902 836 930 aii
861 902 1004 929 ridendum
1025 906 1114 936 aptus,
1130 902 1174 935 qui
1200 908 1254 928 non
1272 909 1381 937 semper
1396 902 1464 929 ridet
1479 901 1563 937 :rhaec
1587 906 1679 929 autem
1695 905 1750 933 est,

134 938 198 971 quia
212 937 300 965 solum
314 941 367 970 est,
383 935 463 965 causa
480 942 508 965 et
521 935 634 965 eﬂ'ec'tor
650 938 720 965 Deus
734 937 859 971 (infinitis
873 937 945 963 enim
958 941 986 964 et
999 935 1141 964 immensis
1158 936 1311 964 intervallis
1325 935 1439 964 ell‘ector
1463 936 1567 964 effectis
1589 937 1750 970 antecellit).

132 972 200 999 Cum
219 973 303 1007 igitur
314 973 459 1008 Dionysius
471 973 660 1001 excellentiam
670 974 702 1000 in
717 973 759 1000 bis
770 972 903 1004 ostendit,
917 972 943 998 in
970 972 1037 1008 duas
1048 977 1140 1007 partes
1155 972 1259 1004 divisit,
1272 972 1301 1008 in
1312 976 1418 1005 sancta,
1434 976 1461 999 et
1476 979 1529 999 non
1546 977 1641 999 sancta
1653 980 1661 1005 ;
1671 976 1705 1008 pet
1722 972 1751 998 itt

134 1015 183 1042 per
195 1006 474 1042 se’participationes,
490 1013 517 1036 et
536 1009 561 1035 in
577 1009 783 1044 participantia;
798 1008 831 1034 Et
844 1006 1072 1044 quanto,di_nquit,
1086 1015 1117 1034 ea
1131 1014 1192 1041 qua:
1205 1011 1270 1034 sunt
1285 1007 1319 1034 iis
1329 1014 1401 1044 quae
1425 1015 1479 1034 non
1494 1012 1558 1034 sunt
1572 1006 1750 1044 antecellunt,

133 1047 161 1070 et
172 1043 399 1077 participationes
413 1042 658 1078 participantibus;
676 1042 751 1071 tanto
775 1044 846 1070 Deus
860 1042 999 1069 antecellit
1013 1043 1116 1070 sanctis
1131 1046 1158 1069 et
1177 1049 1230 1069 non
1246 1043 1362 1074 sanctis,
1378 1047 1406 1068 et
1422 1050 1469 1076 per
1483 1050 1513 1069 se
1527 1042 1750 1078 participationi—

133 1078 187 1114 bus,
197 1083 225 1105 et
236 1077 473 1113 participantibus.
491 1079 658 1106 Excellentia
674 1079 758 1114 igitur
772 1079 818 1106 Dei
831 1085 908 1112 aeque
922 1078 1047 1111 pervadit
1070 1078 1097 1104 in
1112 1077 1306 1112 participantia
1321 1097 1329 1110 ,
1349 1082 1381 1114 et
1403 1084 1495 1114 perse
1511 1077 1751 1114 participationes;

132 1117 162 1139 et
182 1113 208 1140 iii
230 1118 325 1140 sancta
339 1112 394 1140 aut
414 1114 516 1148 divina,
534 1119 581 1141 aut
598 1112 778 1146 dominantia,
798 1118 845 1140 aut
861 1114 948 1148 regia,
967 1118 994 1140 et
1011 1114 1038 1139 in
1055 1120 1087 1140 ea
1103 1120 1163 1147 qua:
1184 1120 1236 1140 non
1253 1117 1317 1139 sunt
1337 1113 1411 1138 talia.
1438 1112 1466 1139 Si
1480 1118 1569 1139 autem
1586 1113 1658 1139 Deus
1672 1119 1752 1148 teque

133 1151 248 1184 utraque
260 1149 471 1184 excellit,quam
490 1150 624 1176 rationein
642 1149 827 1184 productionis
841 1147 978 1175 habebunt
988 1155 1049 1183 qua:
1062 1155 1114 1175 non
1131 1152 1196 1176 sunt
1210 1153 1315 1184 sancta,
1330 1153 1358 1174 et
1370 1154 1430 1182 quae
1441 1148 1616 1182 participant,
1626 1147 1752 1174 eamdem

134 1183 274 1219 habebunt
293 1183 437 1217 sancta,’et
452 1192 499 1219 per
509 1192 539 1212 se
552 1183 784 1219 participationes.
797 1183 875 1217 Quod
895 1184 919 1210 si
943 1184 988 1209 illa
1013 1189 1078 1210 sunt
1097 1188 1230 1210 creaturae
1246 1183 1304 1216 Dei,
1319 1188 1347 1210 et
1370 1183 1428 1210 haec
1445 1184 1528 1217 igitur
1543 1187 1753 1219 sunl‘crealut‘m

133 1217 341 1254 Dei.Apparent
357 1217 510 1254 tamen'hic
523 1217 605 1247 etiam
619 1217 817 1254 proprietates;
838 1219 883 1245 illa
908 1219 981 1245 enim
997 1219 1113 1252 (scilicet
1129 1219 1323 1254 participantia
1341 1224 1368 1244 et
1383 1217 1622 1254 participationes)
1640 1222 1753 1253 propter

133 1252 234 1288 finem,—
242 1252 320 1289 cujus
334 1261 417 1281 causa
432 1252 550 1289 perfecta
566 1252 640 1287 sunt,
654 1252 682 1281 et
694 1262 788 1281 eorum
800 1254 954 1289 proprietas
966 1258 1008 1280 est
1022 1254 1076 1281 dici
1096 1252 1256 1288 adaliquid,
1273 1253 1366 1287 aliqtto
1379 1252 1459 1289 inon
1471 1252 1499 1280 se
1512 1253 1633 1285 habere;
1652 1255 1750 1289 horutn

132 1294 222 1316 autem
238 1288 333 1324 (idest
347 1297 408 1324 quae
422 1288 571 1318 secundum
586 1290 775 1318 excellentiam
791 1289 935 1324 dicuntur)
952 1289 1106 1324 proprietas
1120 1294 1162 1316 est
1175 1309 1183 1319 ,
1203 1297 1236 1316 ex
1253 1295 1330 1322 aequo
1343 1296 1404 1316 esse
1418 1288 1489 1315 infra
1510 1289 1595 1316 Deutn
1616 1296 1678 1316 cum
1699 1288 1752 1315 illis

132 1330 192 1358 quae
203 1325 378 1360 participant,
391 1331 419 1352 et
435 1331 498 1352 sunt
513 1333 563 1360 per
576 1334 605 1353 se
619 1325 857 1360 participationes,
871 1326 928 1351 haec
940 1325 1012 1351 enim
1026 1330 1054 1351 et
1068 1324 1113 1351 illa
1130 1325 1201 1351 facta
1223 1329 1294 1351 sunt.

646 1437 735 1466 PARA
741 1438 783 1466 PH
788 1438 888 1466 RASIS
928 1436 1152 1466 PACHYMER/E
1167 1438 1234 1473 (49).

167 1506 217 1542 ςι.
236 1505 305 1532 Ἀλλ’
331 1507 425 1542 ἐπειδὴ
452 1509 499 1534 καὶ
527 1508 590 1543 περῖ⁸
615 1507 716 1534 τούτων
736 1508 853 1540 ἱκανῶς,
878 1509 915 1540 ὡς

1003 1508 1046 1544 §l.
1065 1509 1117 1537 Sed
1132 1509 1261 1544 quoniam
1276 1509 1357 1536 etiam
1370 1510 1402 1537 de
1416 1509 1459 1537 liis
1474 1511 1550 1544 satis,
1564 1510 1602 1538 uti
1621 1512 1752 1547 arbitrOr,

131 1552 223 1589 οἶμαι,
242 1554 384 1588 λέλεκται,
405 1555 537 1590 ὑμνητέον
557 1556 602 1582 τὸν
621 1556 852 1592 ἀπειροδύναμον,
872 1557 918 1582 καὶ

131 1600 175 1628 διὰ
190 1600 269 1627 τοῦτο
286 1602 333 1628 καὶ
357 1601 559 1637 ἀπειρώνυμον,
580 1603 626 1628 καὶ
650 1602 688 1634 ὡς
708 1602 802 1636 Ἂγιον
820 1602 916 1636 ἁγίων,

131 1649 178 1676 καὶ
189 1649 304 1676 Βασιλέα
314 1648 368 1676 τῶν
379 1649 571 1684 βασιλευόντων
581 1670 587 1681 ,
599 1650 668 1676 κατὰ
686 1650 717 1676 τὸ
735 1651 763 1676 ὲν
778 1651 811 1685 τῇ
823 1650 918 1686 πρώτῃ

131 1693 186 1728 ᾠδῇ
205 1693 251 1720 τοῦ
279 1694 417 1725 Μωῡσέως
434 1695 579 1730 ᾀδόμενον,
609 1696 655 1721 καὶ
681 1695 718 1726 ὡς
745 1695 845 1729 Κύριον
863 1695 917 1721 τῶν

130 1740 243 1775 κυρίων,
265 1741 311 1766 καὶ
336 1740 401 1767 Θεὸν
419 1740 472 1766 τῶν
500 1741 578 1767 θεῶν.
608 1741 663 1768 Καὶ
690 1740 797 1776 πρῶτον
822 1741 917 1776 ῥητέον

132 1786 216 1821 χωρὶς
233 1786 280 1812 τοῦ
298 1785 514 1822 διπλασιασμοῦ,
534 1787 560 1813 τί
579 1788 651 1813 ἐστιν
669 1786 758 1813 αὐτῶν
785 1786 914 1813 ἕκαστον

130 1831 179 1858 καὶ
205 1830 255 1858 εἷθ’
282 1832 368 1864 οὕτως
380 1853 387 1865 ,
407 1833 433 1859 τί
452 1832 588 1868 βούλονται
611 1833 638 1858 αἰ
657 1832 726 1858 θεῖαι
745 1833 851 1868 Γραφαὶ
875 1833 915 1860 δι-

131 1878 328 1910 πλασιάζουσαι
346 1878 380 1905 τὰ
397 1878 527 1913 ὀνόματα,
546 1879 628 1914 ἡγουν
648 1878 740 1912 ’Ἄγιος
760 1879 854 1913 ἁγίων,
870 1880 916 1906 καὶ

129 1924 233 1960 Κύριος
250 1925 363 1960 κυρίων,
384 1925 431 1950 καὶ
449 1924 482 1952 τὰ
499 1925 592 1960 ὃμοια.

165 1969 180 2005 §
198 1971 231 1996 ΙΙ.
258 1970 381 2005 Ἀγιότης
402 1970 450 2005 μὲν
477 1967 522 1996 οὖν
545 1971 626 2003 ἐστιν,
649 1971 687 2003 ὡς
705 1971 775 1998 κατὰ
793 1971 841 2007 τὴν
862 1972 916 1999 τῶν

129 2018 181 2051 ἔξω
194 2017 369 2053 ὲτυμολογίαν
382 2018 478 2050 εἰπεῖν,
494 2018 526 2044 ὲκ
540 2017 587 2044 τοῦ
601 2027 621 2045 a
634 2018 793 2054 στερητικοῦ
808 2020 853 2046 καὶ
868 2019 915 2046 τοῦ

124 2066 197 2101 dra;
216 2063 246 2090 τὺ
267 2063 384 2099 μίασμα,
409 2063 491 2089 οἱονεὶ
511 2062 660 2097 ἀαγιότης·
675 2063 721 2090 καὶ
744 2064 841 2100 κράσει
861 2065 916 2090 τῶν

127 2111 175 2138 δύο
185 2120 203 2138 α
215 2119 234 2138 α
247 2111 287 2142 εἰς
302 2119 319 2137 α
336 2110 439 2146 μακρὸν
452 2110 639 2145 δασυνόμενον,
655 2109 783 2144 ἁγιότης,
796 2111 915 2147 δηλονότι

127 2156 296 2192 ἐστερημένη
310 2156 410 2187 παντὸς
423 2155 514 2189 ἄγους.
530 2155 655 2182 Βασιλεία
666 2155 695 2183 δέ
708 2156 782 2183 ἐστιν
799 2157 815 2192 ἡ
829 2156 916 2183 διανέ-

130 2211 211 2238 μησις
226 2202 315 2237 πάσης
328 2201 440 2234 τάξεως,
461 2201 507 2227 καὶ
526 2202 625 2234 παντὸς
642 2202 738 2234 τύπου,
759 2202 804 2229 καὶ
826 2203 916 2238 πάσης

128 2248 319 2280 καταστάσεως
338 2248 384 2274 καὶ
401 2246 533 2279 εύθεσίας.
554 2248 690 2283 Κυριότης
702 2247 741 2279 δὲ,
760 2248 820 2275 ἐπεὶ
836 2248 917 2284 διχῶς

127 2295 249 2331 κυριεύει
267 2303 319 2325 τις,
341 2293 358 2329 ἣ
375 2295 403 2320 ἐν
420 2290 442 2327 ᾦ
460 2294 509 2329 οὺχ
529 2295 642 2329 ἡττᾶται
664 2294 718 2320 τῶν
738 2295 876 2330 χειρόνων,
900 2295 916 2331 ἢ

127 2344 156 2370 ὲν
172 2339 194 2376 ᾦ
209 2343 255 2368 καὶ
269 2342 322 2368 τῶν
334 2342 494 2378 κρειττόνων
506 2340 729 2376 ἐπιλαμϐάνεται,
746 2341 776 2367 τὺ
793 2341 917 2377 δεύτερον

126 2388 233 2424 τίθησιν
247 2389 261 2414 ὁ
278 2389 364 2422 ἅγιος,
385 2388 423 2419 ὡς
446 2387 492 2414 τοῦ
513 2387 643 2422 προτέρου
666 2387 792 2413 ταπεινοῦ
814 2388 917 2414 παντά-

127 2444 209 2462 πασιν
224 2435 298 2467 ὄντος
312 2436 357 2462 ἐπὶ
371 2435 438 2462 Θεοῦ
450 2444 456 2450 '
471 2435 512 2462 διὸ
526 2434 572 2461 καὶ
585 2434 711 2470 κυριότης
725 2433 801 2469 παρὰ
821 2434 850 2460 τὸ
866 2433 915 2460 κῦ-

128 2491 174 2518 ρος
187 2484 204 2518 ή
219 2482 325 2515 ἐξουσία
339 2482 457 2515 λέγεται.
469 2482 568 2517 Θεότης
583 2481 611 2507 δὲ
629 2481 645 2516 ἢ
665 2481 718 2507 ἀπὸ
730 2480 777 2507 τοῦ
791 2480 913 2513 θεᾶσθαι,

126 2530 174 2556 καὶ
196 2529 345 2564 ἐπιτηρεῖν,
365 2529 411 2554 καὶ
431 2529 554 2563 προνοεῖν
567 2537 574 2542 ·
600 2527 616 2563 ἢ
633 2527 686 2553 ἀπὸ
710 2527 756 2553 τοῦ
779 2526 914 2562 περιϐέειν

126 2577 173 2603 καὶ
188 2575 307 2610 συνέχειν
321 2573 505 2609 ἁπανταχόθεν
519 2574 553 2600 τὰ
569 2574 665 2605 πάντα,
681 2574 727 2600 καὶ
740 2573 815 2605 ἐντὸς
830 2573 913 2609 αὐτῆς

126 2624 233 2650 ἅπαντα
249 2621 283 2648 τὰ
298 2620 347 2655 τῆς
361 2620 485 2655 προνοίας
503 2619 671 2646 ἀπολαύοντα
697 2619 891 2655 ἀποπληροῦσα
905 2628 911 2634 ·

125 2668 155 2692 ἐν
174 2667 207 2702 τῇ
221 2665 292 2701 χειρὶ¹
306 2664 360 2700 γὰρ
373 2663 455 2690 αὑτοῦ
470 2663 505 2690 τὰ
519 2664 618 2696 πάντα,
634 2664 704 2690 κατὰ
716 2664 765 2696 τὰς
780 2664 853 2700 ἱερὰς
868 2665 914 2691 καὶ

127 2712 203 2744 θείας
221 2712 341 2748 Γραφάς.

969 1555 1069 1583 dictum
1086 1560 1138 1587 est,
1154 1555 1176 1583 is
1186 1556 1230 1590 qui
1249 1555 1353 1583 inﬁnita
1371 1561 1469 1590 potest,
1482 1562 1566 1592 atque
1580 1559 1648 1587 adeo
1667 1560 1750 1587 etiam

969 1602 1073 1629 ittlinita
1095 1602 1206 1629 nomina
1223 1601 1323 1635 habet,
1348 1602 1427 1630 nobis
1443 1610 1551 1638 quoque
1574 1605 1753 1634 celebrandas

968 1651 1097 1681 tanquam
1112 1646 1228 1674 Sanctus
1244 1652 1416 1680 sanctorum,
1432 1653 1459 1675 et
1475 1647 1532 1675 Rex
1550 1657 1657 1684 regum,
1673 1656 1754 1687 prout

968 1694 995 1720 in
1012 1693 1100 1728 primo
1114 1694 1216 1729 Moysis
1231 1695 1339 1722 cantico
1354 1695 1475 1726 canitur,
1497 1700 1524 1723 et
1537 1696 1607 1724 sicut
1624 1697 1754 1726 Dominus

967 1740 1159 1773 dominorum,
1182 1745 1210 1768 et
1226 1740 1298 1768 Deus
1311 1741 1435 1769 deorum.
1458 1742 1499 1769 Ae
1520 1742 1638 1777 primum
1660 1744 1753 1771 dicen~

968 1786 1032 1814 dum
1057 1787 1117 1814 sine
1130 1787 1316 1822 geminatione
1328 1807 1335 1820 ,
1357 1787 1422 1822 quid
1442 1788 1478 1815 sit
1493 1788 1627 1823 quidlibet
1644 1797 1753 1822 eorum;

967 1839 999 1859 ac
1015 1832 1112 1860 deinde
1125 1853 1132 1865 ,
1148 1833 1213 1868 quid
1229 1832 1279 1860 sibi
1301 1833 1386 1860 velint
1409 1833 1509 1861 divinae
1533 1833 1680 1870 Scripturce
1700 1836 1750 1863 ista

967 1878 1076 1905 nomina
1093 1879 1264 1913 duplicantes
1276 1899 1283 1911 ,
1315 1879 1372 1907 sive
1391 1880 1508 1908 Sanctus
1530 1887 1704 1915 sanctorum,
1725 1888 1752 1910 et

967 1925 1098 1952 Dominus
1113 1925 1296 1956 dominorum.
1312 1931 1339 1953 et
1353 1926 1464 1953 similia.

1002 1970 1082 2006 525
1097 1970 1110 2006 §
1129 1970 1161 1998 ll.
1175 1971 1298 2007 Ἀγιότης
1311 1970 1412 2006 itaque,
1426 1979 1473 1998 seu
1488 1971 1627 2004 sanctitas,
1642 1973 1753 2007 loquen-

967 2017 1002 2044 do
1015 2017 1162 2045 secundum
1175 2022 1315 2044 externam
1331 2017 1447 2044 nominis
1468 2018 1675 2053 etymologiam,
1693 2027 1725 2046 ex
1737 2029 1753 2047 α

967 2064 1099 2098 privativa
1109 2069 1136 2092 et
1147 2071 1213 2091 voce
1227 2064 1304 2098 ἄγος,
1318 2065 1342 2091 id
1356 2070 1398 2091 est
1410 2065 1564 2099 impuritas,
1573 2066 1650 2100 qttasi
1661 2067 1753 2100 ἀαγιύ-

965 2118 1026 2145 της,
1039 2115 1065 2137 et
1076 2111 1184 2145 gemino
1197 2119 1215 2138 α
1227 2111 1252 2138 in
1262 2119 1279 2138 α
1289 2110 1398 2145 longum
1411 2111 1559 2145 aspiratutn
1572 2111 1754 2144 coalescente,

967 2158 1089 2192 ὰγιότης,
1112 2165 1141 2193 q.
1163 2157 1189 2185 d.
1216 2158 1242 2185 id
1264 2157 1336 2192 quod
1360 2158 1433 2185 omni
1456 2157 1515 2185 labe
1539 2165 1586 2185 seu
1601 2158 1754 2193 impuritate

968 2204 1102 2238 privatum
1130 2209 1186 2232 est.
1214 2204 1336 2239 Regnum
1361 2211 1426 2231 vero
1451 2208 1493 2231 est
1515 2204 1604 2231 omnis
1631 2205 1754 2236 ordinis,

969 2250 1058 2278 omnis
1072 2250 1165 2277 forma:
1191 2254 1219 2277 et
1235 2250 1325 2277 omnis
1339 2249 1543 2277 constitutionis
1563 2256 1595 2276 ac
1613 2249 1754 2276 rectitudi-

969 2295 1011 2322 nis
1037 2295 1202 2322 distributio.
1230 2296 1382 2323 Dominatio
1409 2300 1498 2322 autem
1523 2303 1584 2323 cum
1611 2295 1755 2330 dupliciter

968 2341 1030 2376 quis
1042 2341 1205 2374 dominetur,
1222 2342 1293 2376 quod
1307 2342 1348 2369 vel
1363 2341 1442 2369 malis
1458 2350 1513 2369 non
1528 2343 1696 2372 succumbat,
1711 2342 1754 2369 vel

969 2388 1040 2422 quod
1060 2388 1172 2415 meliora
1198 2388 1324 2423 recipiat,
1343 2395 1390 2416 seu
1410 2389 1557 2424 possideat,
1577 2394 1688 2416 sanctus
1708 2389 1754 2415 hic

969 2434 1115 2461 secundum
1131 2434 1216 2468 ponit,
1230 2435 1302 2470 qttod
1318 2434 1382 2462 illud
1399 2436 1474 2470 prius
1496 2435 1576 2461 nimis
1599 2434 1699 2461 humile
1717 2434 1754 2461 sit

968 2487 1018 2514 pro
1037 2481 1109 2513 Deo;
1130 2481 1306 2515 quamobrem
1326 2480 1408 2508 etiam
1427 2480 1573 2516 κυριότης,
1597 2481 1653 2507 sive
1667 2479 1753 2506 dumi-

967 2526 1055 2558 natio,
1071 2526 1146 2562 παρὰ
1165 2527 1195 2553 τὸ
1213 2526 1309 2563 κῦρος,
1326 2532 1460 2562 quatenus
1477 2532 1635 2561 potestatem
1650 2524 1754 2560 signifi—

967 2576 1026 2602 cat,
1042 2572 1246 2606 denominatur;
1263 2573 1357 2609 Θεότης
1380 2581 1461 2606 vero,
1475 2581 1523 2600 seu
1541 2573 1681 2604 diuinitas,
1699 2571 1753 2598 ἀπὸ

965 2618 1012 2644 τοῦ
1025 2618 1147 2651 Θεᾶσθαι,
1162 2619 1188 2647 id
1199 2625 1240 2648 est
1252 2628 1265 2647 a
1278 2620 1404 2652 videndo,
1418 2624 1445 2647 et
1455 2619 1636 2651 observando,
1648 2625 1680 2645 ac
1693 2625 1753 2651 pro-

967 2663 1099 2698 videndo;
1121 2665 1163 2692 vel
1183 2666 1236 2692 ἀπὺ
1255 2665 1300 2692 τοῦ
1322 2665 1466 2701 περιθέειν,
1489 2664 1515 2692 id
1537 2668 1579 2691 est
1598 2671 1612 2690 a
1632 2663 1751 2690 circuut-

969 2713 1070 2745 eundo,
1101 2718 1128 2741 et
1149 2714 1267 2748 undique
1286 2714 1448 2741 continendo
1471 2713 1606 2744 universa,
1625 2718 1653 2738 ut
1674 2711 1700 2737 in
1722 2717 1752 2736 se

125 2760 216 2787 omnia
238 2758 414 2793 providentia:
431 2756 590 2784 muneribus
608 2756 723 2784 fruentia
740 2756 900 2792 adimplens.
918 2757 1051 2790 Quoniam
1069 2759 1173 2793 omnia,
1184 2759 1261 2793 juxta
1279 2767 1373 2788 sacras
1388 2764 1414 2787 el
1429 2759 1535 2787 divinas
1552 2758 1708 2791 Scripturas
1722 2757 1749 2783 in

127 2813 208 2832 manu
229 2805 288 2840 ejus
302 2804 353 2832 sita
369 2809 432 2831 sunt

162 2864 175 2884 Ιι
194 2863 264 2890 Psal.
282 2871 374 2895 Lxxxt,
391 2863 419 2890 6.
461 2864 469 2883 ί
489 2863 556 2891 Gen.
575 2870 606 2895 tt,
627 2861 654 2888 2.

161 2909 217 2943 (is)
240 2909 305 2938 Vide
328 2910 437 2938 Scholia
465 2909 494 2937 S.
516 2909 625 2937 Maximi
651 2914 716 2938 tom.
736 2908 776 2944 ll,
800 2916 859 2945 cap.
873 2909 914 2945 :12
925 2908 964 2937 De
977 2909 1072 2936 divinis
1089 2909 1200 2944 ηοηιὶηη
