1929 3061
150 188 155 194 .
200 170 252 198 975

789 169 817 198 S.
837 169 984 199 DIONYSII
1002 171 1233 201 AREOPAGITJ-Z

1783 178 1835 207 976

235 227 313 263 §lH.
334 227 397 256 llaec
427 227 536 263 quidem
566 227 591 254 in
621 227 675 255 Deo
703 228 826 256 absolute
851 229 980 257 laudanda

1073 231 1086 267 ς
1106 231 1150 257 ΠΙ.
1173 231 1264 258 Ταῦτα
1285 231 1335 267 μὲν
1355 228 1402 258 οὖν
1424 233 1470 258 ἐπὶ
1489 232 1557 260 Θεοῦ
1580 233 1722 267 ἀπολύτως
1744 236 1834 272 ὑμνη-

199 278 274 306 sunt,
287 274 313 301 id
331 278 374 301 est
396 282 451 301 non
473 274 582 309 quidem
599 275 746 302 secundum
761 275 876 310 aliquid,
893 283 989 304 secun-

199 321 262 347 dum
275 320 376 355 aliquid
388 327 453 347 vero
464 327 529 353 non,
545 321 588 348 vel
604 325 732 355 tauqnarn
752 321 784 348 ad
800 321 901 356 aliquid
915 322 988 350 aliud

198 367 325 400 relatum,
352 367 399 394 sed
423 369 574 395 secundum
596 368 747 403 simplicem
763 376 884 402 sensum,
902 370 928 397 id
947 374 989 397 est

199 416 320 451 proprie.
344 414 421 443 Sicut
441 415 514 443 enim
531 423 644 451 magnus
662 416 762 443 dicitur
777 416 810 444 de
831 417 885 445 Deo
900 417 989 445 illimi-

198 468 265 495 tate,
279 467 307 490 et
323 463 381 490 sine
400 463 616 498 comparatione,
631 471 662 490 ac
678 463 821 497 relatione,
838 465 878 492 sic
894 465 988 500 utique

196 509 279 536 etiam
293 510 350 537 hate
364 510 485 537 nomina.
501 508 594 543 Neque
606 516 671 537 vero
688 510 775 537 solum
791 511 913 538 absolute
926 518 988 546 pro-

197 555 307 583 lercnda
333 561 406 588 sunt,
433 557 480 584 sed
504 558 588 584 elintn
612 559 762 584 secundum
786 557 985 590 excellentiam,

196 601 323 635 dicendo,
347 609 426 637 supra
448 610 530 637 quam
552 603 695 636 sanctitas,
711 609 738 630 et
763 603 822 637 plus
843 611 926 639 quam
945 612 985 632 re-

197 654 293 682 gnum.
306 652 333 674 ct
348 648 408 683 plus
422 656 503 683 quam
523 648 664 680 Dominus.
681 654 706 676 ct
722 649 781 684 plus
799 657 879 685 quam
894 650 983 682 Dens;

195 695 330 729 siquidem
346 702 378 722 ex
396 695 514 730 ipsumet
532 694 734 729 simplicissima
751 696 906 729 divinitate,
922 704 986 724 om-

195 741 238 768 nis
254 748 322 776 pura
337 745 365 768 et
379 741 562 775 independens
582 742 652 769 ratio
670 750 734 769 cum
756 743 909 770 sanctitatis
927 748 983 770 tum

194 787 270 822 regni
295 786 437 814 eil‘ectibus
459 787 596 822 tribuitur,
624 789 696 816 hanc
715 789 787 816 enim
800 794 878 816 vocat
891 797 982 818 rerum

194 833 410 867 dispositionem,
424 833 528 860 scilicet
548 835 683 866 omnium,
699 839 727 861 et
751 835 981 870 distributionem,

193 886 254 913 quze
273 886 382 906 omnem
401 879 633 906 inordinationcm
648 880 821 912 exterminat,
839 885 866 907 et
881 881 914 907 ad
931 881 982 909 rite

192 924 347 951 ordinalam
366 923 535 951 identitatem
554 924 664 951 adducit
686 924 729 951 illa
746 931 806 959 qua:
819 924 899 960 digna
918 930 980 952 sunt

193 971 252 1006 ejus
263 970 484 1006 participatione;
500 970 570 997 unde
586 971 683 998 merito
697 978 747 997 una
766 970 876 1002 dicitur,
898 970 983 1004 siqui-

193 1017 253 1045 dem
267 1017 325 1044 hazc
337 1022 379 1045 est
397 1017 499 1049 unitas,
516 1017 680 1047 identitatis.
696 1017 818 1053 inquam,
831 1023 857 1044 et
872 1017 984 1052 a'quali-

192 1063 267 1090 tatis.
285 1063 348 1090 Haec
368 1068 411 1090 est
425 1070 505 1090 causa
519 1063 742 1098 conspirationis.
752 1068 779 1090 et
791 1064 981 1090 consensionis

192 1113 220 1136 et
243 1109 337 1136 salutis
360 1109 561 1143 universorum,
575 1109 691 1136 unitatis
711 1111 791 1141 ratio,
804 1116 865 1143 qua
883 1116 983 1136 secun-

191 1156 256 1183 dum
279 1155 375 1183 eadem
398 1159 425 1182 et
450 1155 545 1183 eodem
565 1156 645 1183 modo
667 1163 697 1183 se
719 1156 812 1183 habet.
831 1155 981 1183 Lactantem

190 1209 256 1230 vero
270 1202 351 1234 dixit,
373 1202 430 1230 sive
444 1202 605 1237 gaudentem
628 1202 654 1229 in
677 1202 806 1237 operibus
824 1202 892 1234 suis,
904 1202 982 1237 juxta

191 1248 257 1275 illud
270 1248 368 1276 Psalmi
383 1249 501 1276 dictum:
516 1247 662 1275 Lwtabitur
678 1248 805 1275 Dominus
820 1249 848 1276 in
861 1249 982 1283 operibus

191 1295 246 1322 suis
275 1295 300 1322 ιι.
322 1294 440 1321 Rursum
469 1302 502 1322 ex
527 1295 579 1321 hac
610 1294 812 1329 simplicissima
840 1294 982 1322 divinitate

191 1340 273 1368 etiam
293 1339 375 1375 526
388 1339 540 1367 dominatio
555 1340 662 1372 existit;
677 1339 748 1367 hanc
759 1341 831 1368 enim
846 1340 914 1367 dixit
927 1340 983 1367 uni-

191 1392 298 1412 versam
316 1392 377 1412 esse
397 1384 519 1411 onmium
538 1385 671 1412 bonorum
688 1384 902 1418 possessionem.
920 1383 982 1411 Haec

189 1436 233 1458 est
260 1431 377 1466 benigna
399 1430 582 1466 providentia,
599 1437 658 1464 qua:
674 1429 846 1463 semetipsam
865 1429 981 1460 benigne

191 1477 322 1512 impertit,
341 1477 374 1504 ad
391 1484 486 1505 eorum
500 1476 545 1511 qui
563 1476 596 1503 ad
614 1477 700 1510 ipsam
714 1479 912 1503 convertuntur
921 1475 980 1503 dei-

190 1523 355 1551 ticationem.

226 1569 240 1605 §
261 1568 394 1597 lY.'Cum
411 1573 502 1596 autem
519 1568 555 1596 sit
571 1576 661 1595 rerum
679 1568 799 1595 omnitnn
817 1567 978 1603 superplena

190 1616 339 1643 secundum
363 1623 446 1642 unant
469 1615 634 1642 eminentem
661 1614 852 1642 excellentiam
875 1615 977 1649 (neque

190 1663 263 1689 enim
286 1662 378 1689 multae
399 1666 463 1688 sunt
491 1662 517 1688 in
545 1661 598 1688 Deo
617 1661 799 1693 excellentia,
827 1661 874 1688 sed
908 1668 976 1692 una,

189 1710 290 1744 illaque
303 1710 449 1741 eminens),
459 1709 558 1736 dicitur
567 1708 683 1736 Sanctus
698 1713 865 1740 sanctorum,
879 1713 906 1736 et
919 1708 976 1735 Rex

191 1764 295 1790 regum.
313 1756 360 1783 Ait
375 1755 460 1788 enim,
478 1760 611 1790 quantum
633 1753 724 1782 ditTert
742 1760 840 1782 natura
864 1762 930 1789 pura
951 1758 979 1781 et

189 1810 272 1829 causa
294 1809 309 1828 a
331 1802 465 1837 qualitate
490 1806 519 1828 et
541 1801 636 1829 etl‘ectu
662 1802 726 1836 (hoc
749 1802 822 1829 enim
847 1806 889 1828 est
913 1801 977 1828 illud

188 1848 261 1884 quod
282 1853 334 1879 est.
352 1852 474 1883 respectu
496 1848 568 1876 illius
583 1848 656 1880 quod
678 1848 787 1883 proprie
809 1855 862 1875 non
881 1850 933 1879 est)
951 1853 978 1874 et

189 1898 319 1929 quantum
342 1893 407 1921 illud
419 1894 489 1928 quod
509 1893 688 1929 participatur
706 1895 740 1922 ab
756 1901 788 1921 eo
802 1894 873 1929 quod
893 1894 979 1929 parti-

189 1942 272 1976 cipat,
287 1945 391 1968 tantum
408 1940 498 1968 dill'ert
517 1941 599 1972 Deus,
614 1941 676 1967 dum
695 1941 752 1968 haec
768 1940 875 1970 dicitur,
894 1940 928 1967 ab
945 1940 978 1967 iis

189 1993 251 2020 qua:
272 1985 319 2012 illa
342 1985 551 2020 participatione
581 1985 704 2018 habent;
731 1986 822 2012 omnia
847 1986 920 2012 enim
943 1993 977 2012 ex

191 2032 248 2060 Deo
269 2036 344 2064 sunt,
363 2032 436 2058 solus
452 2036 542 2058 autem
559 2031 629 2058 Dens
643 2039 677 2058 ex
691 2032 773 2058 nullo.
787 2031 921 2066 Religiose
932 2040 978 2058 au—

190 2085 244 2106 tem
265 2086 298 2106 ac
318 2078 361 2112 pie
379 2078 492 2113 exponit
512 2078 567 2110 illa,
579 2086 640 2113 qua:
655 2087 669 2105 a
687 2078 848 2112 quibusdam
866 2080 899 2106 de
915 2079 978 2106 deo-

189 2132 249 2152 rum
264 2124 439 2151 tnnltitudine
457 2125 529 2151 dicta
547 2125 723 2158 putabantur,
739 2132 770 2151 ex
789 2132 821 2152 eo
839 2125 911 2159 quod
927 2133 976 2151 au-

189 2170 279 2197 dirent
292 2170 344 2197 dici
361 2170 459 2197 utullus
472 2170 553 2202 deos,
569 2169 646 2204 juxta
663 2170 727 2198 illud
746 2179 754 2197 ι
775 2170 845 2197 Deus
868 2172 975 2197 deorum

189 2216 318 2244 Dominus
333 2217 436 2244 locutus
450 2222 486 2243 est
501 2216 712 2251 l.l’r;cceptorcs
727 2217 799 2243 enim
815 2217 860 2251 qui
877 2217 976 2243 virtute

1040 277 1116 310 τέον,
1137 277 1257 313 δηλονότι
1288 277 1317 304 οὐ
1349 278 1418 305 κατά
1436 287 1461 305 τι
1484 280 1544 314 μὲν,
1566 280 1635 307 κατά
1655 289 1681 307 τι
1700 281 1729 307 δὲ
1751 281 1794 312 οῦ,
1815 282 1833 317 ἢ

1039 323 1076 355 ὡς
1097 323 1165 359 πρός
1182 333 1208 351 τι
1222 324 1325 360 ἕτερον,
1345 325 1413 351 ἀλλὰ
1429 325 1499 352 κατὰ
1520 325 1608 361 ἁπλῆν
1623 326 1738 358 ἔννοιαν,
1753 336 1819 354 τουτ

1039 366 1097 393 ἐστι
1126 368 1238 403 κυρίως.
1264 368 1307 400 Ὦς
1325 367 1379 405 γὰρ
1397 369 1427 395 τὸ
1457 370 1543 405 μέγας
1564 371 1611 397 ἐπὶ
1632 371 1700 398 Θεοῦ
1720 372 1831 406 λέγεται

1038 414 1170 449 ἀσχέτως,
1184 415 1231 441 καὶ
1255 415 1438 453 ἁσυγκρίτως,
1464 417 1510 444 καὶ
1534 417 1564 443 οὺ
1589 418 1657 454 πρός
1679 427 1705 445 τι
1726 418 1831 454 ἕτερον,

1037 459 1109 487 οὕτω
1123 460 1171 488 καὶ
1183 461 1268 488 ταῦτα
1286 462 1317 498 δὴ
1332 462 1367 489 τὰ
1380 463 1508 499 ὀνόματα.
1528 464 1574 500 Μὴ
1589 464 1667 499 μόνον
1684 464 1712 492 δὲ
1732 464 1833 492 ἀπολῦ-

1037 514 1091 538 τως
1109 507 1214 542 ῥητέον,
1231 507 1300 535 ἀλλὰ
1319 509 1367 535 καὶ
1389 509 1448 544 μεθ’
1469 509 1617 545 ὑπεροχῆς,
1637 510 1829 547 ὕπεραγιότης,

1037 551 1084 576 καὶ
1097 550 1302 587 ὑπερϐασιλεία,
1316 554 1362 580 καὶ
1374 554 1444 590 ὑπὲρ
1458 554 1489 580 τὺ
1501 554 1604 590 κύριος,
1617 556 1665 582 καὶ
1677 555 1809 592 ὑπέρθεος
1820 565 1828 572 ⁸

1037 597 1083 623 καὶ
1097 596 1151 633 γὰρ
1162 596 1191 631 ἐξ
1203 597 1287 634 αὐτῆς
1303 598 1334 634 δὴ
1348 599 1397 634 τῆς
1410 599 1601 636 ἁπλουστάτης
1616 600 1741 636 θεότητος
1753 603 1829 628 πᾶσα

1035 642 1225 679 διανενέμηται
1237 646 1293 677 τοῖς
1304 646 1432 678 αίτιατοῖς
1443 646 1545 682 ἀμιγὴς
1560 647 1607 673 καὶ
1621 647 1733 683 ἄσχετος
1749 649 1829 684 ἀκρί-

1035 688 1095 716 ϐεια
1116 691 1162 717 καὶ
1182 691 1232 726 τῆς
1255 692 1398 728 ἁγιότητος
1420 693 1466 719 καὶ
1484 693 1534 728 τῆς
1553 693 1688 729 βασιλείας
1700 703 1707 711 ι
1727 696 1830 732 ταύτην

1034 734 1089 771 γὰρ
1111 735 1185 770 λέγει
1205 736 1324 770 διάταξιν
1344 738 1399 765 τῶν
1417 739 1512 771 ὄντων,
1531 740 1652 776 δηλονότι
1672 741 1726 768 τῶν
1741 741 1829 768 ἀπάν-

1033 789 1096 813 των,
1115 782 1161 809 καὶ
1179 782 1368 819 διακόσμησιν,
1386 786 1447 821 ἥτις
1472 788 1519 813 καὶ
1543 788 1631 814 πᾶσαν
1646 788 1758 821 ἀταξίαν
1772 787 1830 821 εξο-

1034 826 1102 860 ρίζει
1115 846 1121 858 ,
1140 827 1186 854 καὶ
1208 828 1247 860 εἰς
1269 828 1318 863 τὴν
1335 828 1466 857 εῠτακτον
1485 831 1638 866 ταύτότητα
1659 831 1828 867 περιάγουσα

1032 872 1066 898 τὰ
1086 873 1187 908 ταύτης
1213 874 1362 910 ἠξιωμένα,
1385 876 1497 909 εἰκότως
1520 877 1552 904 ἂν
1574 877 1622 912 μία
1643 878 1828 914 προσαγορεύ-

1034 925 1092 945 εται
1105 927 1111 933 ·
1127 919 1206 946 τοῦτο
1221 919 1250 946 δέ
1263 921 1359 957 ἐστινὴ
1379 922 1482 958 ἑνότης,
1497 922 1528 949 τὸ
1539 923 1587 959 τῆς
1603 924 1766 960 ταύτότητος
1782 925 1828 952 καὶ

1036 963 1156 1000 ἰσότητος
1179 965 1259 999 λέγω.
1280 966 1366 994 Τοῦτο
1386 967 1416 994 τὸ
1437 968 1523 995 αῐτιον
1543 969 1593 1004 τῆς
1614 970 1766 1004 συμπνοίας
1781 975 1828 998 καὶ

1033 1011 1084 1046 τῆς
1104 1012 1274 1046 συμπαθείας
1294 1013 1341 1040 καὶ
1361 1014 1409 1049 τῆς
1432 1014 1568 1050 σωτηρίας
1585 1015 1639 1042 τῶν
1655 1016 1734 1048 ὅλων,
1749 1018 1764 1044 ὁ
1777 1017 1826 1053 τῆς

1033 1057 1157 1093 Evam-co;
1179 1058 1268 1092 λόγος,
1288 1059 1303 1084 ό
1319 1059 1390 1086 κατὰ
1405 1059 1440 1086 τὰ
1452 1061 1523 1088 αὐτὰ
1539 1062 1585 1088 καὶ
1600 1061 1731 1094 ὡσαύτως
1745 1063 1825 1098 ἔχων.

1033 1103 1188 1140 Γαννυμένη
1212 1104 1241 1131 δὲ
1256 1102 1342 1137 εἶπεν,
1359 1106 1418 1141 ἦτοι
1434 1107 1566 1142 χαίρουσα
1582 1108 1629 1134 ἐπὶ
1643 1110 1701 1140 τοῖς
1714 1110 1826 1142 οἰκείοις

1033 1150 1176 1185 ποιήμασι,
1194 1151 1264 1178 κατὰ
1279 1151 1309 1178 τὸ
1325 1152 1353 1178 ἐν
1370 1152 1494 1188 Ψαλμοῖς
1509 1154 1664 1190 εἰρημένον·
1686 1155 1825 1189 Εὐφραν-

1033 1195 1155 1229 θήσεται
1176 1198 1284 1231 Κύριος
1306 1198 1355 1224 ἐπὶ
1380 1199 1443 1232 τοῖς
1458 1199 1556 1234 ἔργοις
1571 1201 1674 1228 αὑτοῦ.
1693 1201 1777 1228 Πάλιν
1794 1203 1826 1229 ὲκ

1032 1243 1133 1279 ταύτης
1152 1244 1202 1279 τῆς
1227 1244 1415 1281 ἁπλουστάτης
1438 1245 1561 1282 θεότητος
1584 1247 1631 1274 καὶ
1652 1249 1668 1283 ὴ
1695 1248 1825 1284 κυριότης

1033 1290 1091 1316 ὲστί
1102 1299 1109 1305 ·
1127 1290 1229 1327 ταύτην
1245 1291 1299 1327 γὰρ
1315 1289 1375 1318 εἷπε
1392 1293 1502 1320 πάντων
1518 1293 1572 1320 τῶν
1588 1294 1678 1321 καλῶν
1700 1303 1825 1330 παγκτη-

1034 1336 1102 1363 σίαν.
1126 1336 1198 1373 Αὕτη
1223 1337 1240 1372 ἡ
1264 1337 1352 1374 ἀγαθὴ
1376 1339 1488 1375 πρόνοια
1506 1340 1606 1376 ἑαυτὴν
1622 1340 1825 1377 ἀγαθοπρεπῶς

1031 1382 1168 1410 ἐπιδίδωσι
1184 1383 1251 1419 πρὸς
1265 1383 1395 1411 ὲκθέωσιν
1418 1385 1472 1412 τῶν
1487 1386 1554 1422 πρὸς
1570 1387 1654 1423 αὐτὴν
1668 1388 1826 1424 ἐπεστραμ-

1033 1429 1120 1464 μένων
1125 1449 1132 1456 .

1067 1565 1080 1600 §
1101 1564 1144 1592 IV.
1173 1565 1280 1601 Ἐπειδὴ
1295 1566 1323 1592 δὲ
1347 1566 1524 1603 ὑπερ-πλήρης
1545 1568 1653 1595 πάντων
1674 1569 1734 1596 ἐστὶ
1752 1570 1825 1598 κατὰ

1033 1612 1096 1647 μίαν
1112 1612 1263 1648 ὑπερϐολὴν
1280 1613 1475 1648 ὑπερέχουσαν,
1491 1613 1562 1650 (οὐδὲ
1575 1614 1630 1651 γὰρ
1645 1615 1740 1642 πολλαί
1756 1617 1824 1643 εἰσιν

1031 1659 1059 1684 αἱ
1074 1658 1150 1694 παρὰ
1163 1657 1202 1694 τῷ
1215 1658 1274 1694 Θεῷ
1290 1659 1448 1694 ὑπερϐολαὶ,
1464 1659 1531 1687 ἀλλὰ
1547 1661 1595 1696 μία
1610 1662 1657 1688 καὶ
1671 1662 1823 1698 ὑπερέχου-

1032 1705 1087 1739 σαι)
1111 1705 1218 1739 λέγεται
1234 1705 1327 1740 ’Ἄγιος
1344 1706 1440 1740 ἁγίων,
1463 1707 1509 1733 καὶ
1531 1707 1660 1739 Βασιλεὺς
1679 1708 1822 1743 βασιλέων.

1030 1752 1099 1787 Φησὶ
1122 1751 1194 1787 γὰρ,
1220 1752 1334 1779 καθόσον
1354 1752 1474 1789 διαφέρει
1496 1753 1575 1788 φύσις
1593 1754 1747 1792 ἀκραιφνὴς
1776 1756 1822 1782 καὶ

1030 1798 1104 1824 αἰτία
1134 1798 1273 1834 ποιότητος
1287 1799 1334 1825 καὶ
1348 1798 1480 1831 αἰτιατοῦ,
1497 1799 1585 1835 (τοῦτο
1599 1800 1653 1836 γάρ
1666 1801 1725 1828 ἐστι
1738 1801 1770 1828 τὸ
1792 1801 1822 1828 ὃν

1031 1846 1098 1881 πρὸς
1115 1845 1144 1871 τὸ
1161 1846 1198 1881 μὴ
1215 1845 1316 1880 κυρίως
1330 1845 1382 1880 ὂψ)
1397 1846 1444 1872 καὶ
1459 1845 1574 1873 καθόσον
1592 1846 1638 1873 τοῦ
1664 1847 1823 1884 μετέχοντος

1030 1891 1096 1917 αὐτὸ
1117 1891 1148 1918 τὸ
1171 1891 1367 1927 μετεχόμενον,
1391 1892 1462 1919 κατά
1483 1893 1609 1920 τοσοῦτον
1633 1893 1784 1920 διαλλάττει
1806 1896 1820 1921 ό

1030 1938 1095 1970 Θεὸς
1110 1938 1196 1965 ταῦτα
1211 1938 1353 1974 λεγόμενος
1369 1938 1422 1965 τῶν
1439 1939 1510 1966 κατὰ
1524 1939 1630 1975 μέθεξιν
1646 1940 1724 1967 τοῦτο
1740 1941 1821 1976 ἐσχη-

1030 1985 1125 2011 κότων·
1142 1984 1176 2011 τὰ
1189 1984 1243 2020 γὰρ
1259 1985 1348 2011 πάντα
1364 1985 1396 2012 ἐκ
1410 1985 1478 2012 Θεοῦ
1494 1987 1561 2019 ἐστι,
1581 1987 1660 2022 μόνος
1675 1987 1704 2013 δὲ
1719 1987 1733 2013 ό
1755 1987 1822 2019 Θεὸς

1030 2031 1060 2063 ἐξ
1083 2031 1198 2062 οὐδενός.
1221 2031 1354 2063 Φιλοθέως
1376 2031 1403 2057 δὲ
1430 2034 1604 2067 μυσταγωγεῖ
1625 2034 1671 2059 καὶ
1690 2033 1725 2060 τὰ
1745 2034 1821 2069 παρά

1029 2086 1099 2104 τισιν
1126 2078 1165 2109 είς
1188 2077 1331 2104 πολυθεῖαν
1352 2079 1552 2114 ὑπονοούμενα,
1576 2080 1608 2106 ἐκ
1639 2079 1685 2106 τοῦ
1711 2081 1822 2108 ἀκούειν

1030 2124 1142 2154 πολλοὺς
1159 2123 1246 2155 θεοὺς,
1263 2124 1333 2151 κατὰ
1349 2125 1388 2150 τό·
1407 2126 1478 2158 Θεὸς
1494 2125 1569 2152 θεῶν
1584 2126 1691 2160 Κύριος
1707 2125 1821 2160 ἐλάλη-

1029 2178 1094 2197 σεν.
1120 2171 1151 2197 Οἱ
1176 2171 1230 2207 γὰρ
1254 2172 1282 2197 ἐν
1306 2172 1389 2207 ἀρετῇ
1413 2171 1577 2207 προῦχοντες
1598 2171 1754 2199 διδάσκαλοι
1770 2175 1822 2207 τὴν

1029 2217 1129 2253 ἀρετὴν
1145 2218 1174 2244 ἐν
1190 2219 1223 2253 τῇ
1240 2218 1312 2253 ψυχῇ
1329 2218 1437 2250 ἐνιαίως
1454 2217 1686 2253 συνηθροισμένην
1708 2218 1800 2253 ἔχουσι
1813 2228 1820 2233 ·

189 2267 331 2296 praestant,
343 2263 470 2289 virtutem
483 2263 509 2289 iu
520 2263 609 2289 anima
623 2263 696 2290 unite
707 2263 848 2289 collectam
864 2263 974 2295 habent,

1032 2264 1073 2291 διὰ
1088 2264 1116 2290 δὲ
1135 2264 1186 2299 τῆς
1206 2264 1388 2296 διδασκαλίας,
1406 2264 1508 2299 ἑτέροις
1528 2263 1578 2295 τὰς
1595 2264 1693 2299 ἀρετὰς
1711 2266 1822 2299 μεταδι-

190 2309 312 2337 docendo
335 2314 424 2336 autem
445 2309 560 2336 virtutes
583 2309 643 2336 aliis
664 2309 909 2341 communicantes,
934 2317 976 2336 se-

189 2354 307 2382 cundum
330 2355 515 2382 diversitatem
540 2354 722 2381 multitudinis
745 2362 841 2382 eorum
861 2354 907 2389 qui
928 2354 976 2380 do-

190 2408 299 2436 centur,
316 2403 397 2429 etiam
414 2401 541 2428 virtutem
560 2401 662 2429 habent
682 2401 900 2436 multiplicatam.
920 2400 976 2428 llac

187 2450 271 2478 etiam
284 2449 510 2477 considerandum
527 2449 552 2474 in
564 2447 711 2482 {ordinibus
725 2447 904 2482 incorporeis;
919 2449 976 2474 hac

190 2495 283 2529 utique
296 2494 343 2522 Dei
360 2494 468 2529 propria
484 2499 561 2526 sunt;
577 2498 604 2520 et
620 2493 691 2521 sicut
704 2502 737 2521 ex
754 2498 860 2521 cratere
875 2494 976 2520 exube-

191 2545 270 2568 rante
289 2540 376 2567 vicina
393 2540 503 2575 quidem
523 2547 585 2567 vasa
607 2540 693 2574 prima
713 2539 861 2574 replentur,
878 2539 976 2568 deinde

191 2588 249 2621 ipsa
262 2587 344 2613 etiam
359 2585 537 2612 exuberantia
554 2586 580 2611 in
593 2585 644 2611 alia
660 2592 723 2612 vasa
737 2584 933 2617 diﬂ'unduntur,
947 2590 975 2612 et

190 2641 240 2669 pro
258 2632 431 2660 multitudine
449 2639 480 2659 ac
500 2632 658 2659 diversitate
671 2632 875 2666 suscipientium
889 2632 975 2660 ell‘usa

190 2679 390 2706 distribuuntur
404 2685 436 2705 ac
452 2678 684 2713 multiplicantur;
704 2678 744 2705 sic
762 2679 890 2706 crassiori
905 2687 974 2714 qua-

190 2726 253 2753 dam
275 2725 381 2752 ratione
404 2724 596 2752 abundantiam
621 2725 821 2753 distributionis
840 2726 974 2753 donorum

191 2773 355 2805 divinorum,
372 2779 421 2806 per
439 2771 742 2806 primas,dispositiones
755 2772 781 2799 in
804 2779 898 2800 omnes
918 2773 974 2802 dis-

193 2819 320 2846 tributatn
341 2825 401 2846 esse
422 2818 595 2853 cogitandum
611 2823 664 2845 est.
687 2818 830 2854 Siquidem
854 2820 972 2855 Aposto-

246 2909 258 2928 ιι
276 2907 346 2937 l'sal.
363 2917 420 2944 cui,
438 2909 481 2937 5i.
529 2909 538 2929 ι
557 2910 627 2949 Psal.
647 2917 725 2943 xuii,
748 2910 771 2937 l.

1027 2311 1126 2344 δόντες,
1144 2311 1212 2347 πρὸς
1228 2311 1277 2347 τὴν
1290 2310 1420 2346 διαφορὰν
1436 2310 1482 2336 τοῦ
1498 2310 1615 2347 πλήθους
1628 2310 1681 2337 τῶν
1697 2311 1823 2338 διδασκο-

1029 2358 1127 2392 μένων,
1140 2357 1344 2393 πληθυνομένην
1359 2356 1450 2392 ἔχουσι
1465 2357 1514 2392 τὴν
1530 2358 1640 2393 ἀρετήν.
1653 2358 1739 2385 Τοῦτο
1754 2358 1822 2385 θεω-

1027 2403 1123 2439 ρητέον
1146 2403 1193 2430 καὶ
1213 2403 1258 2429 ἐπὶ
1280 2403 1334 2429 τῶν
1356 2402 1508 2438 ἀσωμάτων
1532 2403 1635 2435 τάξεων
1655 2412 1662 2418 ·
1691 2404 1765 2440 ἅπερ
1789 2405 1821 2441 δὴ

1026 2448 1111 2475 ταῦτα
1133 2449 1187 2476 ἴδιά
1207 2450 1259 2476 εἰσι
1281 2448 1328 2475 τοῦ
1350 2448 1417 2475 Θεοῦ
1434 2457 1441 2465 ·
1464 2449 1510 2475 καὶ
1523 2449 1617 2485 ὥσπερ
1633 2450 1665 2476 ἐκ
1681 2451 1822 2486 κρατῆρος

1028 2495 1251 2532 ὑπερϐλύζοντος,
1275 2495 1309 2522 τὰ
1333 2495 1383 2531 μὲν
1405 2495 1587 2531 πλησιάζοντα
1612 2496 1696 2532 σκεύη
1722 2497 1821 2533 πρῶτα

1027 2541 1204 2577 πληροῦνται,
1225 2538 1286 2568 εἶτα
1304 2542 1351 2568 καὶ
1375 2542 1445 2568 αὐτὰ
1467 2542 1669 2578 ὑπερϐλύζοντα
1685 2543 1820 2578 διαχεῖται

1027 2588 1067 2620 είς
1082 2588 1163 2623 ἕτερα
1178 2587 1272 2623 σκεύη,
1289 2588 1336 2614 καὶ
1352 2588 1419 2624 πρὸς
1432 2588 1463 2614 τὺ
1479 2588 1580 2623 πλῆθος
1595 2588 1649 2615 τῶν
1664 2588 1820 2624 δεχομένων

1026 2634 1074 2661 καὶ
1102 2633 1150 2670 τὴν
1176 2633 1306 2669 διαφορὰν
1335 2635 1490 2670 μερίζονται
1520 2635 1567 2661 καὶ
1595 2634 1760 2670 πληθύονται
1784 2635 1820 2662 τὰ

1028 2680 1192 2715 ὲκχεόμενα·
1210 2679 1279 2706 οὕτω
1295 2681 1439 2716 παχυτέρῳ
1460 2680 1530 2716 λόγῳ
1551 2680 1600 2716 τὴν
1617 2680 1746 2714 ἀφθονίαν
1770 2681 1820 2716 τῆς

1031 2726 1197 2762 μεταδόσεως
1218 2726 1272 2752 τῶν
1294 2726 1372 2753 θείων
1395 2726 1503 2763 δωρεῶν
1527 2727 1708 2763 μεριζομένην
1731 2729 1771 2759 εἰς
1787 2728 1818 2754 ἇ-

1028 2781 1132 2804 παντας
1148 2773 1192 2799 διὰ
1206 2773 1261 2799 τῶν
1277 2772 1393 2808 πρώτων
1408 2772 1562 2809 διακόσμων
1584 2774 1702 2809 νοητέον.
1726 2774 1782 2800 Καὶ
1804 2774 1818 2799 ὁ

1035 2820 1193 2852 Ἀπόστολος
1207 2819 1264 2856 γὰρ
1278 2819 1374 2851 σκεῦος
1390 2820 1504 2857 ἐκλογῆς
1519 2820 1674 2856 ὠνομάσθη.
1692 2820 1815 2857 Σημειω-
