1929 3061
115 169 163 197 δτι

113 271 147 299 ὲκ
161 271 229 299 Θεοῦ
242 272 351 308 δωρεῶν
364 281 370 288 ο
386 272 504 299 διάδοσιν
516 273 545 300 δὲ
561 273 607 300 ἐπὶ
621 273 676 300 τῶν
697 273 812 310 πρώτων
833 273 901 309 πρὸς

119 318 148 346 τὰ
167 318 288 354 δεύτερα.
312 318 369 353 Τῆς
391 318 456 352 γοῦν
471 318 525 345 τῶν
539 319 679 354 προτέρων
693 319 837 351 διαδόσεως
852 319 902 355 τὴν

115 365 253 401 ἁπλότητα
267 364 303 392 τὰ
317 365 430 401 δεύτερα
446 365 610 401 πληθύουσιν
621 374 627 381 ·
645 367 700 402 ὅσῳ
714 366 768 402 γὰρ
788 366 902 403 διάφορα

115 411 149 438 τὰ
176 412 333 447 μετέχοντα,
360 411 485 439 τοσοῦτον
513 413 559 439 καὶ
586 413 614 440 ai
638 412 736 449 δωρεαὶ
757 412 903 445 πολυειδεῖς

114 457 308 492 διαφαίνονται.
333 458 424 494 Αὐτὴν
442 458 471 485 δὲ
489 458 538 494 τὴν
556 458 609 485 τῶν
623 458 754 495 δευτέρων
768 459 904 486 ποικιλίαν

115 504 300 540 προνοητικῶς
320 505 350 532 al
377 504 527 541 πρώτω-ται
551 505 619 541 πρὸς
651 506 700 541 τὴν
722 506 825 532 ἑαυτῶν
845 506 903 532 ὲνό-

114 558 184 585 τητα
207 551 362 585 συνάγουσι,
386 551 433 578 καὶ
454 552 515 578 ὅσον
537 553 554 587 ὴ
569 551 698 588 ἀναγωγὴ
721 552 842 587 γίνεται,
864 553 904 584 είς

114 596 146 622 τὺ
169 597 268 624 ἑνιαῖον
292 597 372 624 πάλιν
396 598 558 633 καταντήσει
579 598 628 634 τῆς
648 597 681 625 ὲκ
703 597 770 625 Θεοῦ
795 598 905 634 μεταδό-

115 649 194 674 σεως.

303 830 626 876 ΚΕΦΑΛΑΙΟΝ
661 830 736 876 ΙΓ’.

329 901 397 936 Περὶ
410 902 526 930 τελείου
542 902 592 930 καὶ.
606 903 682 936 ἑνός.

632 169 675 197 DE
693 168 818 197 DIVINIS
833 168 1028 201 NOMINIBUS,
1044 168 1121 196 CAP.
1141 168 1205 196 XIII.

117 234 172 253 ceov
188 226 228 257 δὲ,
244 226 285 253 ὅτι
307 227 448 262 μετάδοσιν
466 227 514 262 μὲν
530 227 577 254 ἐπὶ
596 226 663 255 Θεοῦ
687 227 760 262 λέγει
779 228 826 254 καὶ
847 227 901 254 τῶν

964 234 995 254 us
1007 234 1054 254 vas
1065 226 1207 254 electionis
1222 226 1371 260 appellatus
1391 229 1432 253 est
1448 231 1477 252 In.
1491 224 1644 252 Notandum
1662 232 1739 257 vero,
1789 254 1791 256 _

1688 166 1741 196 978

953 273 1025 308 quod
1038 273 1310 300 communicationem
1326 273 1351 299 in
1370 272 1425 300 Deo
1441 272 1513 300 dicat
1523 279 1584 299 esse
1596 279 1739 298 munerum

954 327 1014 353 quae
1034 325 1067 346 ex
1092 318 1146 346 Deo
1166 323 1245 350 sunt,
1260 319 1478 345 distributionem
1505 325 1571 345 vero
1589 318 1740 352 primorum

956 365 982 392 in
998 372 1029 392 ea
1046 371 1105 399 quae
1118 369 1278 399 sequuntur.
1294 363 1417 390 Priorum
1434 364 1524 398 itaque
1537 362 1739 390 distributionis

954 411 1153 447 simplicitatem
1186 411 1337 445 posteriora
1372 410 1576 444 multiplicant;
1607 414 1738 444 quantum

956 458 1027 485 enim
1045 457 1171 485 diﬁ‘erunt
1185 464 1216 484 ea
1230 465 1291 492 quae
1305 456 1477 491 participant,
1495 457 1522 483 in
1535 461 1640 483 tantum
1657 455 1740 483 etiam

958 511 1072 532 munera
1090 504 1140 531 ista
1157 503 1334 530 multiIormia
1353 506 1495 538 apparent.
1511 503 1599 538 Ipsam
1615 509 1680 529 vero
1693 509 1742 536 po-

957 550 1106 578 steriorum
1125 550 1283 577 varietatem
1309 550 1404 585 prima:
1423 549 1482 577 ista;
1502 549 1535 576 ad
1552 556 1627 576 suam
1649 548 1741 575 unita-

958 600 1012 622 tem
1027 596 1138 631 provide
1155 597 1339 629 contrahunt;
1355 601 1383 623 et
1402 596 1429 623 in
1449 599 1582 630 quantum
1603 594 1633 621 Iit
1654 593 1740 620 addu-

958 642 1024 673 ctio.
1041 647 1143 669 tantum
1162 643 1245 670 etiam
1267 650 1360 670 rursus
1381 643 1502 670 occurrit
1525 641 1621 669 unitati
1644 640 1742 668 divinat

958 688 1221 716 communicationis.

1159 835 1348 881 CAPUT
1381 835 1526 879 XIII.

1205 906 1243 934 De
1254 905 1367 941 perfecto
1382 909 1405 933 et
1421 913 1485 932 uno.
1504 900 1507 902 ’

763 972 929 1001 SYNOPSIS
955 973 1100 1001 CAPITIS.

116 1037 137 1067 ἰ.
156 1038 247 1075 Docet,
261 1047 312 1074 quo
327 1047 405 1066 sensu
421 1038 607 1075 Deusgicatur
628 1039 766 1075 perfectus.
785 1040 817 1069 ll.
837 1040 895 1073 Quo
912 1050 990 1069 sensu
1005 1042 1110 1069 dicatur
1129 1051 1211 1075 unus;
1226 1048 1250 1070 et
1265 1043 1346 1070 simul
1357 1042 1470 1070 ostendit
1483 1043 1610 1070 unitatem
1628 1043 1656 1070 in
1668 1042 1745 1071 rebus

152 1073 273 1113 omnibus
293 1074 414 1113 reperiri.
433 1074 476 1102 Ill.
495 1073 601 1113 Unity}:
619 1073 735 1113 ᾑιίζίιιια,
752 1075 860 1113 interire
871 1077 970 1109 omnia,
984 1082 1009 1104 et
1024 1085 1057 1104 ex
1069 1087 1121 1105 uno
1154 1073 1206 1105 Deo
1226 1079 1314 1105 omnia
1328 1079 1456 1110 existere;
1475 1082 1501 1105 et
1520 1078 1649 1113 quomodo
1674 1078 1744 1106 Deus

151 1110 186 1136 sit
201 1109 351 1137 laudandus
363 1114 391 1136 ut
405 1117 485 1142 unus,
506 1114 531 1137 et
549 1109 601 1138 SS.
620 1111 737 1138 Trinitas
751 1112 786 1138 sit
800 1112 1007 1139 eminentissima
1018 1114 1118 1141 unitas.
1143 1113 1187 1141 IV.
1208 1113 1287 1141 Ponit
1308 1114 1394 1148 operis
1411 1109 1614 1141 conclusionem.

845 1191 925 1228 527
951 1194 964 1231 ἕ
985 1194 1009 1224 Ι.

152 1260 277 1288 Τοσαῦτα
294 1261 340 1289 καὶ
354 1261 419 1298 περὶ
434 1261 545 1288 τούτων.
569 1262 626 1288 Ἐπ’
640 1261 706 1288 αὐτὸ
715 1262 737 1278 ³⁸
756 1262 784 1289 δὲ
804 1262 905 1294 λοιπὸν,

993 1263 1081 1296 Atque
1103 1264 1153 1289 ista
1172 1263 1260 1290 dehis
1274 1263 1346 1290 dicta
1365 1263 1430 1290 sint.
1445 1263 1592 1296 Caeterum,
1604 1263 1627 1290 si
1645 1262 1744 1297 placet,

117 1308 141 1334 εἰ
155 1307 228 1334 δοκεῖ
241 1307 279 1343 τῷ
292 1307 363 1343 λόγῳ
372 1327 379 1340 ,
394 1307 424 1334 τδ
439 1307 644 1344 καρτερώτατον
661 1308 683 1325 ³³
697 1308 831 1344 χωρῶμεν
843 1317 849 1323 ⁸
861 1309 908 1335 καὶ

117 1353 172 1390 γὰρ
193 1354 210 1390 ἡ
234 1353 356 1388 θεολογία
376 1353 422 1380 τοῦ
447 1354 555 1381 πάντων
576 1354 662 1381 αἰτίου
684 1355 731 1381 καὶ
752 1354 840 1381 πάντα
861 1354 908 1381 καὶ

117 1401 176 1436 ἅμα
198 1400 287 1427 πάντα
309 1402 466 1436 κατηγορεῖ,
489 1402 537 1428 καὶ
559 1402 597 1434 ὠς
615 1401 644 1429 ἓν
663 1402 784 1437 ἀνυμνεί.
802 1401 908 1428 Τέλειον

120 1447 170 1483 μὲν
183 1445 229 1474 οὖν
243 1448 315 1474 ἐστιν
331 1448 361 1474 οὐ
379 1447 457 1483 μόνον
471 1448 508 1480 ὠς
522 1448 673 1480 αὐτοτελὲς,
690 1449 738 1475 καὶ
752 1447 812 1475 καθ’
829 1448 909 1474 ἑαυτὸ

119 1493 165 1527 ὑφ’
179 1493 275 1520 ἑαυτοῦ
293 1493 433 1529 μονοειδῶς
450 1494 654 1530 ἀφοριζόμενον,
669 1495 716 1521 καὶ
729 1495 788 1525 ὅλον
801 1495 834 1521 δι’
848 1494 908 1521 ὅλου

119 1540 297 1573 τελειότατον,
314 1541 380 1568 ἀλλὰ
395 1542 442 1568 καὶ
455 1541 493 1573 ὡς
508 1542 655 1576 ὑπερτελὲς
668 1542 738 1569 κατά
753 1542 784 1568 τὸ
801 1542 910 1568 πάντων

120 1588 271 1623 ὑπερέχον·
296 1589 343 1616 καὶ
368 1589 458 1615 πᾶσαν
481 1589 529 1624 μὲν
552 1589 678 1624 ἀπειρίαν
693 1588 794 1624 ὀρίζον,
810 1587 910 1619 παντὸς

119 1634 148 1662 δὲ
163 1635 279 1670 πέρατος
292 1635 533 1671 ὑπερηπλωμένον,
550 1636 596 1661 καί
611 1635 663 1661 ὑπὸ
680 1634 792 1670 μηδενὸς
806 1634 909 1670 χωρού-

122 1689 201 1716 μενον
212 1681 246 1715 ⁸⁰,
261 1681 277 1717 ἦ
295 1681 580 1717 καταλαμϐανόμενον,
596 1681 662 1708 ἀλλὰ
679 1682 726 1708 καὶ
735 1681 757 1697 ⁸¹
781 1682 910 1708 διατεῖνον

121 1726 168 1753 ἐπὶ
191 1726 280 1753 πάντα.
302 1727 360 1762 ἅμα
381 1728 428 1754 καὶ
450 1728 520 1763 ὑπὲρ
541 1727 630 1754 πάντα
649 1729 709 1760 ταῖς
726 1728 911 1760 ἀνεκλείπτοις

121 1772 259 1799 ὲπιδόσεσι
276 1774 322 1800 καὶ
336 1773 524 1809 ἀτελευτήτοις
540 1775 701 1810 ἐνεργείαις.
717 1775 824 1802 Τέλειον
840 1776 862 1802 δ’
877 1774 910 1803 αὖ

121 1819 229 1853 λέγεται
258 1820 305 1846 καὶ
331 1820 369 1851 ὼς
397 1819 511 1852 ἀναυξὲς
538 1820 586 1847 καὶ
609 1821 653 1847 ἀεὶ
674 1821 785 1855 τέλειον,
807 1822 853 1848 καὶ
874 1822 912 1854 ὼς

120 1865 266 1901 ἀμείωτον,
281 1866 319 1898 ὡς
332 1866 421 1893 πάντα
434 1867 463 1893 ὲν
478 1867 565 1902 ἐαυτῷ
579 1866 703 1902 προέχον,
720 1869 766 1894 καὶ
782 1868 913 1904 ὑπερϐλύ-

122 1911 168 1944 ζον
184 1911 254 1939 κατὰ
270 1911 334 1947 μίαν
348 1913 398 1948 τὴν
414 1912 551 1940 ἄπαυστον
567 1913 614 1940 καὶ
636 1913 737 1949 ταύτην
755 1913 803 1940 καὶ
826 1914 911 1950 ὑπερ-

122 1957 214 1993 πλήρη
231 1958 277 1984 καὶ
296 1957 478 1985 ἀνελάττωτον
492 1959 638 1995 χορηγίαν,
653 1959 713 1986 καθ’
728 1960 761 1995 ἢν
774 1960 808 1987 τά
823 1961 913 1988 τέλεια

121 2003 212 2030 πάντα
233 2004 416 2040 τελεσιουργεῖ
437 2005 485 2031 καὶ
505 2005 554 2040 τῆς
578 2005 679 2037 οἰκείας
700 2006 855 2042 ἀποπληροῖ
867 2016 911 2034 τε-

121 2050 150 2077 λε
155 2050 265 2086 ιότητος.

958 1308 992 1335 a‘d
1008 1308 1033 1335 id
1045 1308 1117 1342 quod
1130 1309 1300 1343 potissimum
1313 1313 1354 1336 est
1365 1315 1519 1336 sermonem
1530 1308 1744 1336 transferamus:

958 1355 1059 1381 etenim
1078 1354 1209 1390 theologia
1224 1362 1313 1382 rerum
1326 1355 1447 1383 onmium
1462 1355 1566 1382 auctori
1580 1363 1641 1382 cum
1655 1355 1747 1382 omnia

960 1406 1015 1428 tum
1038 1401 1117 1428 simul
1131 1402 1220 1428 omnia
1242 1402 1346 1434 tribuit,
1366 1407 1393 1429 et
1407 1402 1493 1437 ipsum
1511 1406 1539 1428 ut
1557 1401 1707 1437 perfectum
1720 1406 1747 1429 ct

960 1453 989 1474 ιιι
1005 1455 1088 1474 unum
1111 1448 1211 1475 laudat.
1225 1446 1367 1475 Perfectus
1383 1448 1476 1482 itaque
1501 1451 1554 1478 est.
1570 1455 1623 1475 non
1640 1450 1746 1474 tantum

960 1493 1048 1528 seipso
1066 1493 1214 1529 perfectus,
1227 1499 1255 1521 et
1268 1501 1316 1529 per
1331 1502 1360 1522 se
1374 1503 1388 1521 a
1407 1494 1495 1529 seipso
1511 1493 1683 1521 uniformiler
1698 1493 1746 1521 de-

962 1540 1065 1574 ﬁnitus,
1092 1545 1218 1576 totusque
1242 1542 1390 1569 secundum
1414 1549 1445 1569 se
1471 1547 1557 1569 totum
1578 1540 1767 1576 perfectissi-_

962 1594 1039 1618 mus;
1059 1593 1152 1613 verum
1170 1588 1252 1614 etiam
1265 1592 1294 1614 ut
1309 1595 1474 1622 supraquam
1488 1586 1634 1621 perfectus.
1649 1593 1747 1614 secun-

961 1633 1025 1659 dum
1045 1633 1165 1660 omnium
1181 1640 1338 1666 excessum;
1355 1639 1438 1667 atque
1453 1639 1560 1660 omnem
1575 1631 1686 1666 quidem
1703 1631 1747 1657 in-

961 1681 1094 1709 ﬁnitatem
1111 1683 1258 1715 deﬁniens,
1281 1690 1362 1716 supra
1383 1689 1490 1709 omnem
1508 1688 1573 1708 vero
1593 1680 1673 1708 Iinem
1698 1687 1745 1706 ex-

962 1737 1073 1761 pansus,
1085 1733 1110 1757 et
1126 1737 1140 1756 a
1156 1729 1230 1756 nullo
1245 1729 1456 1763 comprehensus
1474 1732 1521 1754 aut
1531 1730 1686 1757 contentus.
1699 1725 1747 1753 sed

963 1775 995 1802 ad
1012 1775 1102 1802 omnia
1125 1775 1228 1809 pariter
1249 1780 1277 1802 et
1302 1783 1383 1809 supra
1409 1774 1498 1801 omnia
1525 1772 1746 1800 indelicientibus

962 1820 1150 1855 largitionibus
1173 1826 1201 1848 et
1229 1828 1366 1855 nunquam
1395 1819 1520 1847 ﬁniendis
1542 1817 1748 1854 operationibus

962 1867 1128 1902 pertingens.
1153 1867 1292 1895 Perfectus
1312 1867 1375 1894 item
1396 1867 1506 1898 dicitur,
1526 1869 1557 1893 ut
1574 1865 1620 1900 qui
1642 1864 1746 1892 nullum

964 1912 1080 1946 accipiat
1093 1913 1301 1945 incrementum,
1315 1919 1477 1947 semperque
1490 1910 1625 1946 perfectus
1635 1910 1683 1942 sit,
1698 1916 1748 1937 nec

965 1959 1050 1986 minui
1064 1959 1159 1993 possit,
1173 1959 1263 1987 omnia
1277 1960 1303 1986 in
1319 1959 1409 1993 seipso
1421 1958 1591 1992 prmltabens,
1604 1960 1632 1983 et
1645 1957 1748 1984 exube-

965 2012 1027 2031 rans
1039 2012 1089 2032 una
1104 2004 1395 2033 eteademincessabili
1410 2008 1437 2031 ct
1448 2011 1610 2038 supraqunm
1624 2002 1704 2037 plena
1719 2006 1748 2029 et

961 2051 1134 2079 imminuibili
1141 2051 1293 2086 largitione,
1302 2059 1350 2086 per
1357 2058 1437 2086 quam
1444 2050 1533 2078 omnia
1541 2049 1659 2085 perlecta
1667 2048 1749 2083 perli-

957 2098 1036 2131 cit,et
1041 2097 1249 2133 unumquodque
1257 2105 1374 2132 congrua
1381 2097 1431 2126 sibi
1439 2095 1603 2131 perfectione
1609 2093 1746 2130 adimplet.

894 2170 908 2206 §
931 2169 972 2200 ll.

160 2238 207 2265 Ἕν
223 2238 261 2272 δὲ,
276 2237 317 2264 ὅτι
331 2238 420 2264 πάντα
436 2238 545 2270 ἑνιαίως
559 2239 617 2265 ἐστὶ
635 2238 705 2266 κατά
729 2240 793 2275 μιᾶς
816 2239 909 2276 ἑνότη-

121 2293 168 2316 τος
177 2284 199 2300 δ’
214 2284 360 2320 ὑπεροχὴν,
377 2284 425 2311 καὶ
439 2284 547 2311 πάντων
561 2285 619 2311 ἐστὶ
633 2284 681 2311 τοῦ
703 2285 761 2318 ἐνὸς
781 2286 909 2321 ἀνεκφοι-

121 2331 210 2366 τήτως
229 2330 314 2357 αἴτιον
326 2339 333 2344 ·
354 2330 429 2357 οὐδὲν
452 2331 507 2366 γάρ
529 2332 588 2358 ἐστι
608 2332 662 2358 τῶν
681 2331 763 2359 ὅντων
778 2333 909 2369 ἀμέτοχον

121 2376 169 2403 τοῦ
183 2376 252 2409 ἑνὸς,
268 2376 325 2403 ἀλλ’
339 2376 432 2412 ὥσπερ
446 2377 519 2409 ἄπας
531 2376 647 2413 ἀριθμὸς
662 2377 775 2412 μονάδος
790 2379 907 2414 μετέχει,

123 2423 171 2450 καὶ
187 2422 236 2458 μία
249 2422 324 2456 δυὰς,
340 2423 387 2449 καὶ
399 2423 480 2455 δεκὰς
496 2423 615 2457 λέγεται,
635 2423 681 2450 καὶ
700 2424 785 2459 ἣμισυ
803 2425 843 2456 ἓν,
863 2426 910 2452 καὶ

122 2469 214 2506 τρίτον
228 2470 274 2496 καὶ
287 2469 398 2496 δέκατον
412 2469 451 2501 ἓν,
461 2469 532 2496 οὕτω
546 2469 634 2496 πάντα
646 2470 693 2496 καὶ
706 2470 814 2497 πάντων
825 2471 848 2487 ⁸⁸
860 2472 907 2506 μό-

125 2525 182 2552 ριον
201 2516 248 2543 τοῦ
267 2516 326 2547 ἑνὸς
349 2516 467 2550 μετέχει,
482 2516 529 2542 καὶ¹
549 2515 588 2551 τῷ
601 2514 703 2542 εἷναιδι
718 2517 748 2543 τὸ
762 2517 806 2549 ἓν,
824 2518 912 2544 πάντα

123 2563 184 2590 ἐστὶ
208 2563 243 2589 τὰ
263 2563 345 2589 ὖντα·
371 2563 418 2588 καὶ
439 2563 489 2588 οὐκ
515 2562 572 2588 ἐστι
592 2563 623 2589 τὺ
642 2563 751 2590 πάντων
773 2564 859 2590 αἴτιον
882 2565 910 2592 ἒν

123 2610 178 2636 τῶν
199 2609 305 2636 πολλῶν
323 2609 362 2642 ἓν,
382 2609 451 2636 ἀλλὰ
467 2609 535 2644 πρὸς
554 2609 653 2642 παντὸς
676 2610 734 2642 ἑνὸς
745 2610 767 2626 ⁸⁵
782 2611 828 2637 καὶ
843 2611 910 2646 πλή-

999 2241 1074 2269 Unus
1088 2248 1190 2274 autem,
1205 2242 1267 2276 quia
1282 2245 1323 2268 est
1337 2241 1428 2267 omnia
1442 2240 1522 2267 unice
1537 2240 1684 2267 secundum
1698 2245 1746 2266 ex-

963 2285 1117 2313 cellentiam
1140 2287 1220 2314 unius
1244 2286 1356 2314 unitatis
1379 2290 1407 2312 et
1425 2285 1546 2312 omnium
1568 2292 1667 2316 causa,
1690 2291 1745 2311 non

962 2331 1111 2360 amittendo
1125 2340 1201 2360 suam
1219 2333 1365 2364 unitatem;
1385 2330 1453 2357 nihil
1477 2331 1549 2357 enim
1572 2330 1645 2357 illius
1667 2330 1747 2357 unius

961 2386 1059 2414 expers
1071 2384 1123 2412 est,
1135 2380 1181 2407 sed
1193 2378 1418 2415 quemadmodum
1434 2378 1523 2405 omnis
1541 2384 1670 2404 numerus
1684 2384 1748 2412 par-

964 2427 1057 2460 ticipat
1070 2427 1216 2459 unitatem,
1234 2431 1315 2460 atque
1331 2433 1400 2452 unus
1418 2424 1539 2452 binarius
1561 2424 1749 2458 denariusque

962 2473 1071 2506 dicitur,
1093 2478 1120 2500 et
1141 2473 1281 2500 dimidium
1301 2480 1384 2499 unum
1404 2479 1512 2507 unaque
1529 2470 1608 2498 tertia
1628 2469 1746 2497 decima-

962 2526 1029 2552 que;
1055 2518 1180 2546 similiter
1199 2518 1281 2545 etiam
1303 2517 1393 2544 omnia
1417 2521 1445 2543 et
1464 2516 1591 2552 quaelibet
1612 2515 1748 2550 particula

962 2566 1099 2600 particeps
1117 2571 1157 2592 est
1181 2566 1278 2597 unius,
1298 2569 1325 2591 et
1349 2563 1400 2590 hoc
1425 2562 1484 2597 ipso
1501 2569 1555 2596 quo
1576 2560 1641 2595 quid
1662 2568 1746 2587 unum

962 2616 1042 2643 Sunt,
1064 2612 1146 2638 etiam
1172 2611 1262 2638 omnia
1285 2614 1348 2638 sunt
1371 2615 1540 2643 quaecunque
1562 2611 1634 2634 sunt.
1654 2604 1747 2640 Neque

123 2655 197 2689 θους,
220 2656 267 2682 καὶ
287 2655 387 2687 παντὸς
407 2655 466 2686 ἑνὸς
487 2655 533 2681 καί
554 2655 671 2691 πλήθους
691 2657 835 2691 όριστικόν·
852 2657 908 2684 οὐδὲ

965 2665 1029 2683 Vero
1054 2665 1136 2684 unum
1160 2657 1235 2688 illud,
1257 2655 1329 2691 quod
1349 2660 1389 2682 est
1406 2653 1528 2681 omnium
1550 2660 1643 2685 causa,
1663 2658 1746 2678 unum

181 2732 201 2747 In
216 2727 275 2753 Act.
293 2734 335 2758 rx,
355 2725 396 2752 15.

766 2783 884 2811 VARI/3
905 2782 1107 2811 LECTIONES.

163 2857 186 2872 "‘
211 2854 250 2882 sic
262 2856 414 2882 correctum
425 2850 451 2877 in
463 2848 494 2878 Ι)-
507 2849 566 2877 Sar.
580 2849 616 2874 ἐπ
624 2849 705 2883 αὐτῷ-
723 2853 744 2867 ³⁹
762 2852 1007 2888 καρτερικώτατον,
1026 2851 1053 2877 Ρ.
1093 2850 1114 2866 ’³ο
1150 2849 1315 2885 ειροὺμενον,
1334 2847 1362 2874 S.
1381 2846 1423 2887 -ιι
1441 2846 1486 2873 καί
1503 2853 1557 2873 non
1572 2848 1613 2871 est
1627 2843 1654 2871 in
1671 2843 1699 2871 S.
1714 2842 1746 2871 D.

167 2891 296 2912 éurhd‘mL
316 2891 363 2912 I‘.It,
401 2890 422 2905 ⁸³
440 2890 484 2912 καὶ
502 2891 554 2912 πᾶν
570 2890 623 2912 τῶν
641 2888 756 2912 πάντων.
772 2888 822 2912 (λιι.
836 2889 865 2912 Ι).
905 2888 927 2904 ³³
944 2888 988 2912 καὶ
1005 2887 1034 2912 δὴ
1052 2885 1108 2912 καί.
1193 2885 1214 2901 ³⁵
1232 2884 1330 2912 παντὸς
1347 2884 1453 2912 αἰωνος.
1472 2882 1503 2909 Ι).

127 2891 151 2909 ⁸¹
167 2891 297 2922 ἐνώσεως,
316 2891 363 2918 CII.
401 2890 422 2905 ⁸³
440 2890 484 2917 καὶ
502 2891 554 2917 πᾶν
570 2890 623 2916 τῶν
641 2888 756 2921 πάντων,
772 2888 822 2916 (λιι.
835 2889 865 2916 υ.

905 2888 927 2904 ³³
944 2888 988 2914 καὶ
1005 2887 1035 2921 δὴ
1052 2885 1108 2918 καί,

1193 2885 1214 2901 ³⁵
1227 2882 1330 2915 ’παντὸς
1347 2882 1453 2915 αἰῶνος,
1472 2882 1503 2909 Ι).
