1929 3061
199 166 251 193 979

783 166 811 194 S.
830 165 975 194 DIONYSII
993 165 1223 194 ΑΒΕΟΡΑΟΙΤᾸΞ

1777 162 1830 192 980

199 225 263 258 quid
284 229 325 251 est
343 233 375 252 ex
396 225 534 259 pluribus,
553 226 600 254 sed
618 226 689 261 quod
709 229 772 253 ante
789 233 869 253 omne
897 234 978 253 unum

1037 226 1086 262 γάρ
1101 227 1159 252 ἐστι
1174 224 1274 260 πλῆθος
1290 223 1422 260 ἀμέτοχὸν
1437 232 1476 259 πη
1489 223 1536 250 τοῦ
1552 224 1611 255 ἑνὸς
1621 245 1628 257 ,
1643 223 1712 250 ἀλλὰ
1730 223 1761 250 τὸ
1780 223 1830 259 μὲν

199 277 362 305 omnemque
387 271 597 304 multitudinem,
625 280 706 300 omne
733 279 816 299 unum
836 272 986 300 multitudi-

199 323 316 351 nemque
339 317 433 345 dellnit
457 327 466 347 :
493 327 581 354 neque
603 319 676 346 enim
700 327 817 354 unquam
842 319 986 346 multitudo

198 369 299 396 expers
313 369 356 390 est
371 365 462 396 unius.
480 365 527 392 sed
541 373 572 392 ea
589 373 649 400 qua:
666 370 730 393 sunt
748 365 830 392 multa
851 366 985 400 partibus,

198 413 262 435 sunt
279 409 343 443 quid
363 418 446 438 unum
465 416 539 444 toto;
558 416 585 439 et
602 419 662 446 quas
679 416 742 438 sunt
760 411 843 439 multa
861 412 986 438 acciden-

199 454 281 487 tibus,
294 455 376 491 528
392 461 454 484 sunt.
471 457 536 492 quid
554 465 636 484 unum
655 457 788 492 subjecto;
805 462 831 484 et
845 464 904 492 qua:
923 461 986 484 sunt

198 500 281 527 multa
303 509 415 529 numero
435 502 476 529 vel
493 502 648 534 virtutibus,
664 507 727 529 sunt
743 501 806 536 quid
825 508 907 527 unum
926 507 986 534 spe-

198 545 258 579 cic;
273 551 301 574 et
315 555 377 582 qua:
392 552 456 575 sunt
470 548 554 575 multa
570 549 720 584 speciebus,
738 551 805 574 sunt
820 547 886 581 quid
901 554 984 573 unum

198 600 316 626 genere;
338 598 365 620 et
391 602 451 629 quae
474 599 537 622 sunt
562 595 645 622 multa
667 594 898 628 processionibus,
921 597 985 621 sunt

196 639 264 672 quid
282 647 364 667 unum
385 641 534 676 principio;
555 649 642 676 neque
661 641 806 676 quidquam
826 644 870 668 est
890 641 916 667 in
938 648 984 668 re-

199 692 258 712 rum
286 691 393 720 natura,
422 688 492 722 quod
512 696 564 715 non
584 689 730 715 secundum
750 687 851 722 aliquid
870 687 982 722 partici-

197 736 243 765 pet
262 740 344 759 unum
365 733 392 760 in
413 734 470 767 illo,
490 735 561 770 quod
581 743 629 770 per
646 735 737 762 omnia
754 735 862 762 unicum
882 738 935 766 est,
954 739 982 761 et.

197 778 307 810 omnia,
326 779 428 812 etiam,
450 785 504 808 tota
533 781 658 808 universa
686 785 713 808 et
740 781 880 815 opposita,
901 781 980 808 unice

1041 272 1125 299 πολλὰ
1145 274 1202 303 τοῖς
1225 271 1336 307 μέρεσιν
1355 271 1384 297 ἓν
1404 271 1442 307 τῷ
1463 271 1534 306 ὅλῳ·
1558 271 1604 298 καὶ
1624 271 1656 297 τὸ
1671 270 1759 297 πολλὰ
1773 271 1830 301 τοῖς

1041 318 1242 354 συμϐεϐηκόσιν
1265 317 1294 344 ἓν
1314 317 1353 352 τῷ
1373 317 1543 353 ὑποκειμένῳ
1555 326 1561 332 ·
1578 318 1625 344 καὶ
1639 317 1670 344 τὸ
1688 316 1775 343 πολλὰ
1791 316 1830 351 τῷ

1040 364 1148 400 ἀριθμῷ
1167 364 1183 400 ἢ
1205 365 1265 396 ταῖς
1281 363 1425 399 δυνάμεσιν
1440 363 1468 390 ἓν
1482 364 1520 399 τῷ
1535 363 1600 390 εἴδει
1610 372 1617 378 ·
1632 363 1678 390 καὶ
1693 363 1723 390 τδ
1742 363 1829 389 πολλὰ

1039 411 1095 442 τοῖς
1115 410 1213 436 εἴδεσιν
1236 410 1264 436 ἓν
1282 409 1320 445 τῷ
1341 409 1430 443 γένει·
1457 410 1504 436 καὶ
1523 409 1554 436 τὺ
1574 409 1659 435 πολλὰ
1672 410 1732 440 ταῖς
1747 408 1826 444 πρού-

1039 456 1096 488 δοις
1112 456 1141 483 ἓν
1218 457 1307 492 ἀρχῇ·
1332 457 1378 482 καὶ
1397 456 1471 482 οὐδέν
1495 456 1551 482 ἐστι
1571 455 1624 482 τῶν
1643 455 1736 487 ὄντων,
1751 454 1766 480 ὃ
1790 454 1828 489 μὴ

1039 503 1146 538 μετέχει
1162 512 1199 538 πη
1214 502 1260 529 τοῦ
1276 503 1334 534 ὲνδς
1348 502 1396 529 τοῦ
1410 503 1438 528 ὲν
1453 502 1492 538 τῷ
1508 502 1578 529 κατὰ
1592 502 1680 529 πάντα
1701 500 1784 536 ἑνικῷ
1794 501 1828 531 ⁸⁸,

1039 549 1127 576 πάντα
1137 550 1184 575 καὶ
1194 549 1242 576 ὅλα
1255 549 1354 582 πάντα,
1365 549 1412 576 καὶ
1425 548 1458 575 τὰ
1471 548 1644 584 ἀντικείμενα
1659 548 1706 574 καὶ
1719 547 1828 578 ἐνιαίως

1038 595 1231 631 προειληφότος
1240 596 1272 622 ⁸⁷.
1295 596 1350 622 Καὶ
1368 595 1431 622 ἄνευ
1458 595 1506 630 μὲν
1520 596 1542 612 ⁸⁸
1552 597 1599 624 τοῦ
1610 595 1669 628 ἑνὸς
1686 594 1736 621 οὐκ
1749 593 1828 620 ἔσται

1037 641 1148 677 πλῆθος,
1165 641 1228 668 ἄνευ
1243 641 1270 668 δὲ
1284 641 1331 668 τοῦ
1346 641 1463 677 πλήθους
1476 641 1551 667 ἔσται
1564 641 1595 667 τὸ
1609 641 1648 672 ἓν,
1662 640 1700 672 ὡς
1715 640 1762 666 καὶ
1779 647 1828 675 μο-

1038 687 1086 719 νὰς
1100 687 1153 723 πρὸ
1167 687 1267 719 παντὸς
1281 687 1398 723 ἀριθμοῦ
1412 687 1637 722 πεπληθυσμένου
1648 695 1655 701 ·
1672 687 1720 713 καὶ
1733 687 1758 712 εἰ
1774 686 1829 712 πᾶ.-

1039 743 1065 761 σι
1079 734 1113 761 τὰ
1127 734 1215 761 πάντα
1227 734 1352 770 ἡνωμένα
1366 743 1408 766 τις
1418 733 1543 761 ὑπόθοιτο
1553 734 1585 767 δν,
1599 733 1633 760 τὰ
1647 733 1736 760 πάντα
1751 732 1829 760 ἔστα.

1039 781 1077 807 τῶ
1091 781 1144 807 ato
1158 781 1196 807 ἓν.

198 825 365 860 anticipavit.
385 827 424 853 Ac
457 827 516 855 sine
542 834 596 854 uno
623 826 732 862 quidem
752 834 804 854 non
829 827 883 854 erit
919 827 1074 858 multitudo.
1093 828 1142 854 sed
1161 827 1220 854 sine
1238 826 1411 855 multitudine
1429 826 1482 854 erit
1501 834 1600 859 unum,
1621 826 1690 853 sicut
1709 830 1737 852 et
1754 824 1829 860 luni-

198 876 240 898 tas
266 877 329 900 ante
356 881 463 902 omnem
491 883 633 902 numerum
663 875 889 910 multiplicatum;
916 880 944 902 et
971 875 993 902 si
1016 876 1077 910 quis
1101 875 1227 902 omnibus
1251 875 1344 901 omnia
1366 881 1427 910 quae
1455 874 1529 902 unita
1559 879 1621 901 sunt
1641 873 1829 908 supposuerit,

196 918 288 946 omnia
306 925 386 948 erunt
405 921 432 948 in
450 925 507 950 toto
525 921 591 957 quid
611 930 706 949 unum.

232 1061 300 1090 Illud
319 1068 449 1098 praeterea
468 1063 621 1095 sciendum,
642 1067 671 1090 ut
689 1061 838 1090 secundum
859 1061 987 1088 uniuscu-
1005 1066 1026 1092 Β

194 1109 293 1144 jusque
321 1109 438 1143 speciem
467 1113 680 1143 prreconceptaun
706 1108 778 1136 uniri
807 1108 932 1136 dicantur
954 1113 987 1134 ea

195 1163 257 1190 quae
283 1155 357 1182 unita
387 1159 463 1188 sunt,
482 1156 571 1190 sitque
593 1163 674 1182 unum
695 1156 815 1183 omnium
833 1154 911 1190 quasi
931 1153 987 1180 cle-

196 1207 336 1234 mentum;
354 1205 382 1229 et
401 1201 423 1229 si
444 1202 586 1229 sustuleris
606 1202 750 1234 unitatem,
780 1209 866 1236 neque
896 1201 988 1228 totali-

197 1250 250 1280 tas,
270 1254 358 1281 neque
375 1243 520 1282 particula,
542 1254 628 1282 neque
646 1247 719 1274 aliud
737 1247 875 1282 quidpiam
897 1247 923 1274 in
944 1255 987 1274 re-

195 1293 247 1320 bus
265 1293 336 1325 erit;
353 1293 444 1320 omnia
462 1294 534 1320 enim
554 1295 580 1320 in
599 1301 628 1322 se
648 1301 731 1320 unum
752 1292 924 1320 uniformiter
941 1301 986 1320 an-

199 1340 312 1373 ticipant
340 1345 367 1367 et
398 1340 626 1375 complectuntur.
664 1340 720 1368 Hac
754 1341 845 1375 itaque
881 1340 986 1367 ratione

197 1385 338 1420 Scriptura
367 1390 451 1413 totum
483 1386 586 1420 Deum,
616 1392 744 1422 tanquam
773 1387 893 1414 omnium
920 1394 986 1413 cau-

196 1440 266 1464 sam,
292 1432 342 1461 sub
371 1433 450 1460 unius
477 1433 657 1468 appellatione
684 1433 795 1465 laudat;
824 1439 906 1468 atque
934 1433 985 1460 hoc

197 1478 277 1506 riuulo
306 1486 375 1506 unus
403 1484 444 1507 est
471 1481 540 1508 Deus
559 1485 586 1508 et
608 1481 698 1512 Pater,
718 1487 746 1508 et
765 1487 834 1507 unus
856 1480 985 1507 Dominus

197 1524 276 1552 Jesus
293 1525 435 1559 Christus,
455 1530 535 1561 atque
554 1534 623 1554 unus
643 1527 769 1562 idemque
788 1525 917 1560 Spiritus,
936 1532 985 1559 per

197 1580 363 1607 Supraquam
384 1574 566 1601 abundantem
589 1575 672 1602 totius
691 1574 789 1601 divinae
810 1573 922 1600 unitatis
942 1573 984 1599 in-

197 1621 422 1653 divisibilitatem,
443 1621 469 1648 in
489 1629 542 1656 qua
561 1621 652 1648 omnia
679 1621 759 1648 unice
786 1626 849 1648 sunt
872 1620 984 1655 conjun-

197 1670 239 1693 cta
252 1686 260 1697 ,
279 1671 307 1694 et
334 1675 499 1702 supraquam
523 1668 610 1700 unita,
634 1672 660 1694 et
679 1667 883 1702 prmexistentia
902 1674 983 1701 supra

197 1712 394 1740 substantiam.
415 1713 586 1748 Quapropter
611 1714 693 1741 etiam
721 1714 755 1740 ad
784 1713 869 1747 ipsam
891 1712 983 1740 omnia

194 1760 257 1793 3am
277 1760 375 1788 merito
395 1760 560 1793 referuntur,
579 1761 660 1795 eique
678 1760 874 1791 attribuuntur,
887 1767 901 1786 a
920 1766 983 1793 qua,

196 1811 225 1833 ei
244 1813 275 1833 ex
294 1814 363 1841 qua.
381 1812 410 1834 et
428 1814 475 1840 per
493 1813 591 1841 quam,
611 1810 639 1833 et
658 1806 685 1833 in
705 1814 756 1841 qua
769 1826 776 1838 ,
795 1812 822 1833 et
840 1806 874 1833 ad
901 1813 983 1840 quam

197 1851 289 1879 omnia
310 1857 383 1884 sunt,
403 1857 430 1880 et
447 1857 657 1887 componuntur,
677 1857 704 1880 et
724 1857 846 1882 manent,
865 1856 894 1878 et
919 1859 985 1878 cou—

197 1899 330 1932 tineutur,
351 1904 379 1926 et
405 1899 585 1934 complentur,
605 1903 632 1926 ct
651 1903 850 1926 convertuntur
870 1907 876 1924 :
898 1905 985 1932 neque

197 1946 346 1981 quidquam
365 1946 485 1980 reperies
503 1953 596 1972 eorum
617 1953 677 1980 quae
696 1950 769 1977 sunt,
789 1945 860 1980 quod
879 1953 930 1972 non
951 1952 984 1972 ex

198 2000 251 2019 uno
271 1991 326 2022 illo.
347 1991 494 2019 secundum
515 1991 586 2025 quod
605 1992 694 2018 omnis
713 1991 841 2018 divinitas
859 1997 986 2025 supraes—

196 2040 351 2067 sentialiter
369 2039 536 2072 nominatur,
555 2044 583 2066 et
602 2039 638 2066 sit.
658 2039 684 2066 id
703 2040 775 2073 quod
793 2043 846 2071 est,
868 2043 895 2065 et
922 2046 983 2073 per-

197 2086 304 2112 ﬁciatur
332 2093 364 2112 ac
392 2090 578 2113 conservetur.
597 2084 711 2118 Oportet
730 2085 821 2119 itaque
841 2090 867 2112 et
887 2092 947 2117 nos,
968 2091 982 2109 a

198 2133 290 2159 multis
309 2132 342 2158 ad
364 2139 446 2158 unum
466 2131 565 2158 virtute
584 2131 682 2158 divina:
698 2131 808 2157 unitatis
824 2137 982 2161 conversos,

197 2177 372 2210 singulariter
399 2176 511 2203 laudare
540 2180 623 2202 totam
652 2181 679 2202 et
701 2183 780 2202 uuam
800 2175 981 2208 divinitatem,

198 2230 292 2253 unum.
312 2222 384 2258 quod
404 2227 445 2250 est
464 2230 584 2250 omnlum
605 2229 698 2254 causa,
720 2227 784 2250 ante
800 2229 880 2248 oume
899 2229 982 2247 unum

197 2273 226 2294 ct
251 2260 463 2301 multitudinem,
492 2273 519 2296 et
546 2273 650 2303 partem
670 2273 696 2295 et
715 2272 812 2300 totum,
833 2267 982 2295 ﬁnitionem

197 2319 225 2340 et
244 2313 436 2347 iniinitionem,
457 2315 538 2342 linem
558 2319 586 2342 et
605 2315 765 2342 infinitatem
778 2335 786 2347 ,
806 2315 895 2342 omnia
923 2322 983 2349 qua:

197 2365 261 2388 sant
281 2366 307 2387 et
327 2361 414 2395 ipsum
432 2368 492 2388 esse
510 2361 691 2394 determinat;
712 2366 738 2388 et
756 2362 877 2388 omnium
896 2366 923 2388 et
941 2365 981 2388 to-

1077 1059 1180 1090 ’Δλλως
1196 1067 1224 1086 τε
1239 1059 1285 1086 καὶ
1301 1058 1379 1085 τοῦτο
1394 1059 1490 1092 ἰστέον,
1504 1059 1546 1085 ὅτι
1561 1063 1631 1085 κατα
1645 1059 1675 1086 τὸ
1688 1060 1748 1092 ἐνὸς
1763 1061 1828 1088 ἐκά-

1038 1114 1100 1132 στου
1116 1105 1357 1141 προεπινοούμενον
1371 1103 1441 1138 εἶδος
1460 1105 1578 1141 ἡνῶσθαι
1591 1105 1698 1140 λέγεται
1712 1106 1747 1133 τὰ
1757 1108 1827 1142 ἡνω-

1039 1152 1116 1187 μένα,
1142 1152 1188 1178 καὶ
1209 1151 1316 1178 πάντων
1336 1152 1394 1178 ἐστὶ
1412 1152 1442 1178 τὸ
1465 1151 1494 1178 ἓν
1509 1152 1708 1187 στοιχειωτικόν
1719 1161 1726 1168 ο
1743 1154 1791 1180 καὶ
1805 1154 1829 1179 ei

1037 1199 1134 1235 ἀνέλῃς
1144 1199 1166 1214 ³ο
1185 1198 1215 1225 τὸ
1229 1198 1268 1230 ἓν,
1283 1198 1344 1225 οὗτε
1359 1199 1468 1234 ὁλότης,
1489 1198 1550 1225 οὒτε
1569 1198 1672 1234 μόριον,
1685 1198 1748 1226 οὔτε
1766 1199 1831 1227 ἄλλο

1036 1245 1110 1272 οὐδὲν
1127 1245 1181 1272 τῶν
1202 1245 1285 1272 δντων
1303 1245 1378 1272 ἔσται
1390 1253 1397 1260 ο
1416 1245 1503 1272 πάντα
1519 1245 1572 1281 γὰρ
1588 1246 1616 1271 ἐν
1631 1245 1720 1280 ἑαυτῷ
1745 1246 1778 1272 τὸ
1799 1245 1828 1272 ἓν

1036 1291 1157 1324 ὲνοειδῶς
1176 1292 1323 1327 προείληφέ
1335 1300 1365 1318 τε
1380 1292 1425 1318 καὶ
1441 1292 1608 1328 περιείληφε.
1625 1291 1716 1328 Ταύτῃ
1730 1292 1796 1326 γοῦν
1811 1293 1828 1328 ἡ

1036 1339 1158 1373 θεολογία
1172 1338 1220 1374 τὴν
1234 1339 1297 1374 ὃλην
1311 1338 1448 1375 θεαρχίαν,
1461 1339 1499 1370 ὡς
1514 1339 1621 1366 πάντων
1635 1339 1736 1372 αἰτίαν,
1749 1340 1834 1374 ὑμνεῖ

1035 1386 1068 1420 τῇ
1091 1384 1137 1411 τοῦ
1160 1385 1219 1416 ἑνὸς
1240 1385 1393 1420 ἐπωνυμίᾳ,
1416 1385 1463 1412 καὶ
1487 1383 1526 1417 εἷς
1547 1385 1612 1417 Θεὸς
1625 1387 1639 1412 ὁ
1654 1386 1759 1422 Πατὴρ,
1781 1388 1827 1414 καὶ

1035 1428 1076 1462 εἷς
1097 1431 1197 1466 Κύριος
1207 1432 1228 1447 ⁸³
1260 1431 1361 1467 Ἰησοῦς
1381 1431 1508 1467 Χριστὸς,
1529 1433 1575 1458 καὶ
1593 1431 1622 1458 ἓν
1643 1433 1690 1459 καὶ
1710 1433 1740 1459 τὸ
1761 1433 1828 1461 αὐτὸ

1036 1477 1158 1513 Πνεῦμα,
1181 1477 1226 1504 διὰ
1247 1477 1296 1513 τὴν
1316 1477 1536 1513 ὑπερϐάλλουσαν
1552 1479 1602 1514 τῆς
1617 1478 1682 1514 ὅλης
1693 1479 1716 1494 ⁵⁸
1733 1479 1827 1515 Θεῖκῆς

1035 1523 1158 1559 ἐνότητος
1174 1524 1315 1560 ἀμέρειαν,
1330 1524 1359 1550 ὲν
1412 1524 1500 1550 πάντα
1515 1525 1610 1556 ἑνικῶς
1624 1525 1766 1561 συνῆκται,
1780 1527 1827 1552 καὶ

1036 1570 1217 1606 ὑπερήνωται,
1250 1571 1296 1597 καὶ
1327 1571 1471 1606 πρόσεστιν
1498 1570 1677 1606 ὑπερουςίως.
1711 1571 1757 1597 Διὸ
1780 1572 1828 1598 καὶ

1036 1617 1124 1642 πάντα
1138 1617 1180 1642 ἐπ’
1196 1616 1280 1652 αὐτὴν
1295 1616 1406 1648 ἐνδίκως
1416 1618 1438 1633 ⁸³
1455 1617 1646 1653 ἀναπέμπεται
1664 1618 1712 1644 καλ⁴
1732 1618 1827 1645 ἀνατί-

1036 1661 1120 1693 θεται,
1137 1663 1180 1696 ὑφ’
1196 1660 1240 1698 ἧς,
1256 1663 1301 1689 καὶ
1317 1663 1346 1689 ὲν
1363 1660 1390 1699 ᾖ,
1406 1663 1454 1690 καὶ
1476 1664 1515 1694 εἰς
1533 1663 1566 1699 ἣν
1586 1664 1674 1690 πάντα
1693 1665 1762 1697 ἐστὶ,
1779 1665 1828 1691 καὶ

1037 1708 1223 1740 συντέτακται,
1239 1710 1286 1735 καὶ
1302 1709 1385 1744 μένει,
1403 1710 1450 1736 καὶ
1465 1710 1624 1745 συνέχεται,
1640 1712 1687 1736 καὶ
1702 1711 1826 1746 ἀποπλη-

1037 1754 1130 1789 ροῦται
1147 1756 1193 1781 καὶ
1209 1755 1401 1790 ἐπιστρέφεται
1413 1764 1420 1771 ⁸
1438 1757 1484 1782 καὶ
1498 1757 1547 1782 οὐκ
1563 1756 1595 1783 ἂν
1616 1756 1707 1792 εὕροις
1726 1765 1752 1783 τι
1772 1757 1827 1783 τῶν

1036 1799 1129 1831 ὄντων,
1146 1800 1160 1826 ὂ
1177 1801 1214 1836 μὴ
1230 1801 1268 1836 τῷ
1287 1802 1327 1828 ἐνὶ
1349 1801 1409 1828 καθ’
1430 1801 1444 1827 ὃ
1465 1803 1538 1828 πᾶσα
1557 1803 1574 1837 ὴ
1596 1802 1690 1838 θεότης
1709 1803 1827 1838 ὑπερθυ-

1037 1846 1101 1878 σίως
1121 1847 1292 1882 ὀνομάζεται,
1316 1849 1361 1874 καὶ
1383 1848 1439 1874 ἐστι
1461 1848 1534 1874 τοῦθ’
1547 1849 1616 1884 ὅπερ
1631 1850 1699 1879 ἐστὶ,
1717 1850 1763 1876 καὶ
1779 1858 1826 1876 τε-

1035 1892 1162 1924 λειοῦται,
1175 1893 1221 1920 καὶ
1234 1893 1403 1926 διασώζεται.
1415 1895 1469 1921 Καὶ
1483 1895 1535 1930 χρὴ
1550 1895 1597 1921 καὶ
1610 1896 1694 1930 ἡμᾶς,
1708 1895 1761 1922 ἀπὸ
1771 1895 1827 1922 τῶν

1035 1938 1139 1965 πολλῶν
1163 1939 1209 1965 ἐπὶ
1229 1939 1259 1965 τὸ
1282 1939 1310 1966 ἒν
1333 1941 1365 1975 τῇ
1384 1940 1498 1975 δυνάμει
1516 1940 1566 1976 τῆς
1585 1941 1679 1976 θεῐκῆς
1699 1941 1827 1977 ἑνότητος

1035 1985 1291 2020 ἐπιστρεφομένους,
1309 1986 1416 2018 ἑνιαίως
1431 1987 1522 2022 ὑμνεῖν
1539 1987 1587 2022 τὴν
1601 1987 1665 2022 ὅλην
1691 1988 1738 2014 καὶ
1760 1988 1828 2023 μίαν

1035 2030 1163 2066 Θεότητα,
1177 2033 1207 2058 τὸ
1226 2032 1333 2058 πάντων
1354 2032 1439 2059 αἴτιον
1459 2032 1497 2065 ἓν,
1519 2033 1550 2059 τὸ
1574 2033 1626 2068 πρὸ
1645 2033 1746 2065 παντὸς
1766 2034 1828 2066 ἑνὸς

1035 2083 1081 2109 καὶ
1101 2083 1217 2118 πλήθους
1227 2083 1260 2116 ⁸⁵,
1287 2083 1332 2110 καὶ
1354 2084 1452 2119 μέρους
1472 2084 1518 2110 καὶ
1537 2084 1609 2116 ὅλου,
1631 2085 1678 2111 καὶ
1693 2085 1758 2120 ὅρου
1778 2085 1828 2111 καὶ

1035 2129 1182 2164 ἀοριστίας,
1203 2130 1250 2156 καὶ
1269 2130 1385 2165 πέρατος
1404 2131 1450 2157 καὶ
1472 2131 1608 2166 ἀπειρίας,
1631 2131 1660 2157 τὸ
1683 2131 1773 2158 πάντα
1792 2131 1827 2158 τὰ

1034 2175 1098 2201 ὄντα
1113 2175 1159 2201 καὶ
1175 2175 1240 2201 αὐτὸ
1256 2175 1284 2201 τὸ
1301 2174 1369 2201 εἶναι
1390 2174 1491 2211 ὀρίζον,
1506 2176 1553 2202 καὶ
1570 2176 1678 2203 πάντων
1694 2177 1741 2203 καὶ
1755 2177 1826 2203 ὅλων

1035 2221 1143 2248 πάντων
1153 2222 1186 2252 ⁵⁸,
1204 2221 1250 2247 καὶ
1266 2221 1323 2256 ἅμα
1340 2221 1386 2247 καὶ
1403 2221 1456 2256 πρὸ
1473 2221 1590 2253 πάντων,
1606 2222 1653 2249 καὶ
1669 2222 1740 2258 ὑπὲρ
1757 2223 1827 2249 πάν-

1033 2275 1077 2300 τα,
1094 2268 1140 2294 καὶ
1163 2267 1259 2299 ἑνικῶς
1275 2267 1371 2300 αἴτιον,
1389 2268 1435 2294 καὶ
1451 2267 1521 2303 ὑπὲρ
1536 2268 1601 2294 αὐτὸ
1616 2268 1646 2294 τὸ
1662 2268 1690 2294 ἓν
1713 2268 1752 2300 ὂν,
1778 2270 1828 2296 καὶ

1033 2314 1098 2340 αὐτὸ
1120 2314 1150 2340 τὸ
1172 2314 1200 2340 ἓν
1219 2314 1248 2340 ὂν
1268 2314 1367 2349 ὁρίζον,
1390 2314 1505 2350 ἐπείπερ
1525 2315 1555 2342 τὸ
1578 2315 1607 2342 ὃν
1622 2316 1661 2348 ἒν,
1677 2316 1707 2342 τὺ
1723 2317 1752 2342 ὲν
1769 2319 1827 2348 tot;

1033 2358 1118 2391 οὖσιν,
1135 2359 1279 2396 ὲνάριθμόν
1302 2361 1383 2386 ἐστιν·
1408 2360 1522 2396 ἀριθμὸς
1544 2361 1572 2387 δὲ
1596 2361 1688 2393 οὒσίας
1703 2363 1824 2398 μετέχει.

198 2412 287 2434 torum
313 2407 450 2438 omnium,
479 2412 506 2435 et.
533 2408 612 2435 simul
639 2414 703 2435 ante
727 2409 818 2435 munia
845 2413 871 2435 et
897 2415 978 2443 supra

1037 2407 1068 2433 Γὸ
1083 2407 1111 2432 δὲ
1128 2407 1287 2442 ὑπερούσιον
1307 2406 1346 2439 ἒν,
1362 2407 1408 2433 καὶ
1428 2407 1458 2434 τὸ
1478 2407 1506 2434 ὃν
1523 2407 1562 2440 ἒν,
1580 2408 1626 2434 καὶ
1643 2408 1730 2435 πάντα
1747 2409 1826 2444 ἀριθ-

197 2454 286 2482 omnia
307 2454 389 2480 etiam
409 2455 488 2480 unice
505 2461 632 2487 causam,
651 2459 678 2481 et
696 2455 767 2489 quod
785 2462 866 2489 supra
895 2455 980 2489 ipsum

198 2509 297 2532 unum,
316 2505 359 2528 est
377 2500 403 2527 id
422 2500 493 2536 quod
515 2505 556 2527 est.
580 2505 607 2527 et
627 2501 713 2535 ipsum
743 2508 824 2527 unum
853 2501 982 2528 determi-

197 2553 257 2580 nat,
275 2548 407 2583 siquidem
427 2547 498 2583 quod
516 2553 559 2575 est
577 2556 670 2580 untuu,
692 2547 773 2583 529
792 2548 824 2575 iis
841 2555 901 2584 qum
918 2553 982 2576 sunt

197 2599 410 2627 annumeratur;
440 2601 570 2622 numerus
595 2594 666 2622 enim
695 2595 832 2629 particeps
855 2595 980 2622 essentia:

195 2645 248 2668 est.
268 2639 345 2672 Quod
365 2644 456 2666 autem
475 2644 518 2667 est
537 2647 618 2667 unum
638 2647 717 2675 supra
736 2641 933 2673 substantiam,
953 2645 981 2668 et

1034 2453 1084 2489 μὸν
1106 2453 1202 2488 ὁρίζει,
1223 2454 1269 2479 καὶ
1291 2453 1355 2479 αὐτό
1376 2454 1443 2485 ἐστι,
1465 2454 1511 2480 καὶ
1534 2454 1602 2486 ἐνὸς,
1626 2455 1672 2480 καὶ
1692 2455 1823 2490 ἀριθμοῦ,

1033 2502 1080 2528 καὶ
1098 2502 1197 2534 παντὺς
1215 2502 1289 2534 ὄντος
1310 2502 1381 2541 ἀρχὴ
1401 2503 1448 2529 καὶ
1469 2504 1552 2536 αἰτία,
1578 2505 1624 2530 καὶ
1643 2504 1759 2540 ἀριθμὸς
1776 2507 1824 2533 καὶ

1031 2547 1116 2580 τάξις.
1132 2549 1177 2575 Διὸ
1194 2550 1241 2576 καὶ
1262 2549 1344 2585 μονὰς
1365 2550 1532 2586 ὑμνουμένη,
1555 2551 1602 2577 καὶ
1617 2551 1696 2586 τριὰς
1711 2553 1728 2587 ἡ
1752 2553 1823 2587 ὑπὲρ

1032 2594 1119 2621 πάντα
1133 2594 1243 2631 Θεότης,
1260 2595 1309 2622 οὐκ
1325 2595 1398 2622 ἐστιν
1411 2596 1471 2622 οὐδὲ
1481 2597 1503 2612 ⁸⁸
1524 2596 1617 2631 μονὰς,
1637 2597 1697 2623 οὐδὲ
1712 2597 1791 2632 τριὰς
1805 2599 1821 2633 ἡ

1032 2641 1099 2676 πρὸς
1111 2641 1200 2676 ἡμῶν,
1215 2642 1230 2667 ἢ
1246 2642 1325 2669 ἄλλου
1340 2642 1411 2674 τινὸς
1426 2642 1481 2668 τῶν
1495 2642 1578 2669 ὄντων
1588 2643 1609 2658 ⁵⁷
1622 2642 1820 2679 διεγνωσμὲνη,

845 2741 888 2768 VA
894 2741 962 2768 RI/E
987 2741 1187 2768 LECTIONES.

232 2834 254 2849 ⁸⁵
271 2834 340 2861 κατὰ
357 2835 410 2861 πᾶν
426 2835 526 2867 ἑνικοῦ,
543 2835 571 2862 Ρ.

196 2869 226 2913 ¹¹Ὶ
291 2871 305 2895 ὀ
321 2870 386 2913 6.53).;
403 2870 558 2913 Πατὴρ-καί
573 2868 613 2902 εἷς
629 2868 760 2913 ὁιΚύριος
771 2891 778 2900 .
852 2871 879 2898 1³.
893 2872 939 2913 νυ.

196 2904 322 2937 πλήθους,
343 2905 372 2932 D.
425 2907 446 2922 ⁵⁵
465 2904 508 2933 καὶ
526 2907 593 2933 ὅλων
610 2907 656 2934 καὶ
673 2904 789 2940 πάντων,
809 2906 837 2934 ΙΣ

610 2835 631 2850 ⁸⁷
650 2834 902 2877 προσυνειῖηᾳότος,
921 2834 950 2860 D.
989 2834 1011 2849 ⁸⁸
1028 2833 1073 2860 καὶ
1089 2833 1151 2860 ἄνευ
1170 2834 1271 2869 μέντοι,
1283 2834 1313 2860 1).
1352 2834 1374 2850 ⁸⁸
1389 2834 1526 2875 ρποθοῖτο,
1543 2833 1575 2861 1).
1612 2834 1636 2850 ⁸ο
1648 2834 1768 2875 ἀνέλοις,
1786 2833 1818 2862 D.

610 2879 613 2896 :
629 2872 643 2896 ὁ
659 2871 778 2896 Κύριος.
797 2872 824 2896 S.
852 2871 879 2896 l‘.
911 2872 939 2896 υ.
994 2870 1015 2885 ⁵³
1032 2870 1088 2896 τοῖς
1103 2869 1183 2896 ὄλοιε.
1203 2869 1232 2896 1).
1287 2870 1309 2885 ⁵³
1325 2870 1432 2896 ἑνικως.
1451 2871 1500 2896 Ch.
1530 2869 1561 2896 D.
1614 2869 1637 2885 "
1654 2871 1754 2896 alwvo:
1771 2870 1818 2896 καὶ

1032 2877 1088 2897 τοις
1103 2877 1183 2897 οΛοις.
1203 2877 1232 2896 υ.

911 2877 939 2897 υ.
994 2877 1015 2885 υι
1032 2877 1088 2900 τοις
1103 2877 1183 2900 οΛοις,
1203 2877 1222 2896 υ

893 2907 914 2922 ⁵⁵
931 2905 979 2932 οὐκ
997 2905 1052 2930 ἔστι
1069 2905 1097 2931 δὲ
1113 2904 1182 2938 οὐδὲ,
1195 2904 1224 2931 Ρ.

1287 2870 1309 2885 ⁵³
1325 2869 1432 2901 ἑνικῶς,
1451 2871 1500 2896 Ch.
1530 2869 1561 2896 D.
1614 2869 1637 2885 "
1654 2869 1754 2902 αἰῶνος
1771 2870 1819 2897 καὶ

1279 2906 1300 2922 ⁸⁷
1313 2905 1367 2932 τῶν
1382 2904 1466 2933 ὄντων
1482 2913 1535 2934 non
1552 2905 1631 2934 habet
1645 2905 1676 2932 D.
