1929 3061
111 137 162 166 981

627 147 672 174 DE
689 147 814 176 DlVlNlS
830 149 1028 186 NOMINIBUS,
1045 152 1121 181 CAP.
1138 153 1204 181 Xlll.

1693 158 1749 186 989

112 196 181 224 ἀλλὰ
197 197 240 248 ἵνα
255 199 302 226 καὶ
317 200 347 226 τὸ
361 200 571 237 ὑπερηνωμένον
588 204 672 239 αὐτῆς
687 206 732 232 καὶ
756 205 786 232 τὸ
810 206 902 241 θεογό-

954 209 1026 244 quod
1048 214 1089 237 est
1109 218 1214 243 unum,
1235 215 1263 238 et
1281 218 1390 238 omnem
1413 220 1553 240 tuttnet-um
1573 213 1686 246 delinit,
1706 215 1747 248 ip-

113 251 159 288 νον
177 242 284 278 ἀληθῶς
306 245 469 281 ὑμνήσωμεν
480 247 519 280 ⁵⁸,
539 249 573 284 τῇ
596 249 722 286 τριαδικῇ
744 251 791 277 καὶ
817 251 905 288 ὲνιαίᾳ

113 287 269 324 θεωνυμίᾳ,
285 290 335 326 τὴν
357 291 534 328 ὐπερώνυμον
554 293 738 331 ὀνομάζομεν,
762 298 818 329 τοῖς
846 296 905 324 οὖσι

111 333 162 369 τὴν
186 335 355 370 ὺπερούσιον.
374 337 493 373 Οὐδεμία
515 339 543 365 δὲ
567 340 660 375 μονὰς,
677 341 692 376 ἢ
707 341 795 377 τριὰς,
813 342 872 368 οὐδὲ
882 343 904 360 ⁵³

111 379 238 415 ἀριθμὸς,
255 381 316 408 οὔτε
330 383 434 419 ένότης,
450 384 466 419 ἢ
484 385 639 422 γονιμότης⁷
655 387 715 413 οὐδὲ
732 387 795 414 ἄλλο
808 397 834 414 τι
851 388 904 415 τῶν

111 425 196 453 ὄντων
217 427 234 462 ἦ
249 436 301 454 τινι
325 429 379 455 τῶν
401 429 486 457 ὄντων
513 433 788 468 συνεγνωσμένωνεο,
813 433 904 469 ἐξάγει

110 471 161 508 τὴν
184 473 254 509 ὑπὲρ
280 473 368 501 πάντα
393 477 440 503 καὶ
473 476 551 511 λόγον
578 479 624 505 καὶ
651 479 712 505 νοῦν
737 481 904 517 κρυφιότητα

110 519 161 554 ’τῆς
180 519 250 555 ὑπὲρ
273 521 361 547 πάντα
381 522 549 558 ὑπερουσίως
573 524 726 561 ὑπερούσης
741 526 905 562 ὑπερθεότη-

109 573 157 596 τος
167 565 205 581 εί·
222 566 283 593 οὐδὲ
297 566 383 603 ὄνομα
404 569 489 605 αὐτῆς
510 571 592 603 ἐστιν,
614 570 674 597 οὐδὲ
696 571 784 606 λόγος,
804 572 860 599 ἀλλ’
875 574 904 599 ὲν

109 611 223 643 ἀϐάτοις
237 611 376 648 ἐξῄρηται.
393 615 448 641 Καὶ¹
463 616 523 642 οὐδὲ
537 617 603 643 αὐτὸ
618 617 649 643 τὸ
664 618 713 653 τῆς
727 619 902 654 ἀγαθότητος,

109 656 150 688 ὡς
165 656 365 692 ἐφαρμόζοντες
380 660 460 696 αὐτῇ,
476 662 676 698 προσφέρομεν,
691 663 759 691 ἀλλὰ
766 664 840 700 πόθῳ
856 665 903 692 τοῦ

110 703 211 730 ἐννοεῖν
221 704 243 720 ⁶¹
270 713 296 731 τι
317 706 364 732 καὶ
386 705 474 740 λέγειν
497 709 561 744 περὶ
586 709 636 745 τῆς
655 710 774 746 ἀρρήτου
797 711 905 746 φύσεως

109 748 235 785 ἐκείνης,
251 750 281 777 τὺ
295 751 348 778 τῶν
364 752 503 788 ὀνομάτων
515 754 537 770 ⁸⁸
557 756 720 783 σεπτότατον
740 757 808 793 αὐτῇ
830 758 904 794 πρώ-

109 804 164 827 τως
179 796 355 832 ἀφιεροῦμεν·
375 799 421 825 καὶ
438 802 664 837 συμφωνήσοιμεν
679 803 741 830 av“
756 804 808 830 κάν
818 804 904 841 τούτῳ

109 842 167 873 τοῖς
182 841 324 876 θεολόγοις,
340 845 390 880 τῆς
404 845 432 872 δὲ
448 846 501 873 τῶν
516 848 686 883 πραγμάτων
699 849 828 885 ἀληθείας
839 851 905 878 ἀπο-

956 262 1015 282 sum
1035 259 1077 282 est
1096 260 1123 283 et
1141 256 1234 288 unius,
1256 260 1282 284 et
1305 257 1423 289 numeri,
1443 262 1470 284 et
1496 258 1585 286 omnis
1607 259 1647 286 rei
1673 259 1740 294 prin-

956 299 1055 335 cipium
1083 305 1110 328 et
1139 308 1221 328 causa
1238 322 1245 334 ,
1275 306 1303 329 et
1330 310 1459 329 numerus
1487 309 1514 330 et
1542 304 1619 332 ordo.
1646 304 1745 338 Quam-

956 346 1048 374 obrem
1074 350 1101 374 et
1127 347 1219 374 unitas
1243 355 1302 383 quae
1326 348 1465 380 laudatur,
1483 353 1510 375 et
1538 349 1659 377 Trinitas
1686 358 1751 385 qua}

955 396 997 419 est
1015 392 1142 420 divinitas
1162 400 1243 428 supra
1266 394 1374 426 omnia,
1396 401 1447 421 non
1464 399 1505 421 est
1526 396 1633 428 unitas,
1657 403 1746 431 neque

956 437 1075 465 Trinitas
1086 445 1100 465 a
1112 438 1190 466 nobis
1200 443 1246 466 aut
1256 439 1309 466 alio
1319 440 1446 475 quopiam
1457 448 1550 468 eorum
1561 449 1620 476 qua:
1630 448 1690 469 sunt
1701 450 1747 470 co-

956 484 1044 519 gnita;
1055 485 1101 512 sed
1112 489 1141 512 ιιι
1152 486 1226 520 quod
1238 486 1264 513 in
1275 485 1330 521 ipsa
1341 492 1382 513 est
1392 494 1553 522 supraquam
1574 488 1600 514 in
1610 496 1693 515 unum
1704 495 1752 515 co-

956 530 1076 565 pulatum
1087 535 1115 558 et
1124 531 1317 559 fecunditatem
1334 531 1380 559 Dei
1390 539 1456 559 vere
1474 532 1630 565 laudemus,
1643 533 1746 565 trinum

955 578 983 601 ct
993 581 1074 600 unum
1084 574 1167 602 Deum
1180 575 1350 603 nominamus
1362 576 1448 609 illum,
1461 577 1506 611 qui
1517 584 1598 611 supra
1610 585 1690 605 omne
1701 586 1748 606 no-

955 627 1016 647 men
1026 625 1079 648 est.
1088 620 1163 648 Nulla
1175 627 1265 649 autem
1275 623 1364 650 unitas
1374 623 1415 650 vel
1428 623 1547 656 trinitas,
1556 631 1642 659 neque
1654 632 1748 651 nume-

955 674 1012 701 rus,
1024 674 1073 694 nec
1085 668 1173 695 unitas
1184 668 1226 696 vel
1235 668 1399 702 fecunditas,
1411 678 1460 697 nec
1470 670 1543 697 aliud
1555 670 1692 705 quidpiam
1701 677 1745 698 eo-

956 719 1016 739 rum
1024 720 1084 748 quae
1099 717 1173 746 sunt,
1182 718 1228 740 aut
1238 721 1331 741 eorum
1346 722 1405 749 quas
1415 715 1494 743 alicui
1504 715 1678 743 existentium
1687 720 1750 743 sunt

954 759 1073 793 cognita,
1086 758 1339 793 explicatarcanum
1357 760 1421 788 illud
1441 769 1549 789 omnem
1569 762 1701 789 rationem
1720 766 1749 789 et

955 809 1073 831 mentem
1098 812 1231 840 superans
1257 806 1460 840 superdeilatis,
1482 806 1748 840 superessentialiter

955 857 1036 884 supra
1056 850 1147 877 omnia
1172 852 1414 885 superexistentis;
1434 853 1514 887 hujus
1538 860 1628 887 neque
1647 860 1747 880 nomen

109 886 320 923 λειφθησόμεθα.
339 890 385 916 Διὸ
398 891 445 918 καὶ
459 892 536 919 αὐτοὶ
550 894 599 929 τὴν
613 894 657 921 διὰ
671 895 725 922 τῶν
741 897 902 931 ἀποφάσεων

956 903 1044 930 neque
1062 895 1194 924 rationem
1214 902 1254 926 est
1271 897 1423 932 assignare,
1439 898 1485 925 sed
1506 898 1674 925 inaccessum
1690 906 1749 925 om-

109 932 201 959 ἄνοδον
216 937 457 972 προτετιμήκασιν,
473 938 511 970 ὡς
524 938 673 971 ὲξιστῶσαν
687 942 736 978 τὴν
750 942 838 979 ψυχὴν
849 944 903 971 τῶν

109 979 193 1025 ἑαυτῇ
211 980 368 1025 συμςρύλων,
384 983 431 1010 καὶ
449 983 493 1010 διὰ
509 985 604 1013 πασῶν
619 987 672 1013 τῶν
688 987 767 1015 θείων
783 990 903 1025 νοήσεων

108 1024 260 1057 ὢεύουσαν,
273 1023 310 1053 ὦν
323 1027 453 1064 ἐξῄρηται
466 1030 496 1056 τὺ
512 1031 582 1067 ὑπὲρ
599 1033 652 1059 πᾶν
669 1033 764 1069 ὄνομα,
780 1023 829 1061 καί
840 1035 905 1062 πάν-

108 1077 143 1096 τα
159 1070 246 1104 λόγον,
262 1073 308 1099 καὶ
323 1074 432 1107 γνῶσιν,
444 1075 486 1101 ἐπ’
502 1076 624 1111 ἐσχάτων
635 1077 663 1104 δὲ
679 1079 732 1105 τῶν
746 1079 814 1106 ὅλων
830 1080 905 1116 αὐτῷ

110 1116 309 1151 συνάπτουσαν,
327 1119 387 1146 καθ’
403 1121 465 1148 ὅσον
480 1122 527 1149 καὶ
543 1123 608 1158 ἡμῖν
622 1124 719 1160 ὲκιίνῳ
728 1126 750 1142 ⁵⁵
768 1126 902 1154 συνάπτε-

110 1161 172 1189 σθαι
186 1163 306 1191 δυνατόν.

954 942 1032 969 nibus
1052 942 1163 970 eminet.
1182 943 1252 976 Quin
1272 951 1323 971 nec
1343 944 1430 978 ipsum
1447 944 1558 978 quidem
1579 951 1676 971 nomen
1699 944 1749 971 bo-

955 988 1050 1016 nitatis
1068 988 1092 1015 ei
1113 993 1241 1024 tanquam
1258 994 1348 1025 aptum
1360 991 1608 1022 accommodamus,
1620 989 1667 1017 sed
1677 990 1748 1017 desi-

956 1032 1030 1060 derio
1048 1033 1150 1068 aliquid
1171 1034 1335 1070 intelligendi
1353 1041 1381 1062 et
1401 1035 1508 1063 dicendi
1528 1036 1562 1062 de
1582 1040 1678 1062 natura
1703 1035 1747 1062 illa

957 1086 1056 1106 arcana
1082 1085 1110 1107 ct
1136 1080 1283 1114 ineffabili,
1302 1082 1374 1116 quod
1393 1086 1434 1109 est
1458 1082 1581 1109 omnium
1607 1081 1747 1109 nominum

956 1124 1076 1152 maxime
1094 1127 1250 1154 venerabile
1267 1127 1318 1162 ipsi
1340 1127 1456 1162 primum
1475 1134 1666 1155 cousecramus
1687 1136 1694 1154 :
1719 1126 1746 1154 in

957 1178 1012 1206 quo
1039 1171 1148 1206 quidem
1176 1180 1238 1200 cum
1268 1172 1399 1207 theologis
1424 1173 1610 1206 convenimus,
1637 1173 1684 1200 sed
1713 1171 1747 1199 ab

957 1217 1015 1252 ipsa
1047 1226 1136 1245 rerum
1170 1219 1287 1247 veritate
1318 1220 1433 1247 multum
1461 1219 1613 1247 deﬁcimus.
1641 1219 1744 1253 Quam-

109 1251 203 1280 obrem
224 1255 273 1289 ipsi
307 1263 415 1292 quoque
433 1264 576 1286 ascensum
612 1259 685 1287 illum
704 1268 754 1296 per
771 1263 929 1298 negationes
948 1265 1136 1299 prtelulerunl.
1155 1271 1184 1293 ut
1204 1267 1250 1301 qui
1269 1267 1388 1294 animam
1408 1274 1422 1294 a
1443 1267 1566 1302 cognatis
1586 1267 1666 1294 rebus
1686 1273 1751 1293 avo—

109 1306 193 1334 cans,
213 1302 246 1329 ad
272 1310 367 1332 omnes
391 1304 498 1332 divinas
524 1305 716 1341 intelligendas
739 1309 812 1336 viam
833 1315 954 1344 sternat,
975 1312 1073 1346 quibus
1101 1314 1238 1348 excipitur
1264 1314 1291 1341 id
1319 1314 1391 1348 quod
1420 1314 1494 1341 omni
1522 1314 1632 1341 nomine
1658 1312 1748 1340 omni—

109 1353 162 1379 que
188 1348 292 1376 ratione
317 1358 349 1377 ac
375 1351 530 1385 cognitione
566 1352 710 1382 sublimius
728 1355 836 1389 existit,
856 1364 960 1392 nosque
976 1359 1041 1392 ‘Deo
1065 1361 1171 1388 tandem
1203 1361 1358 1397 conjunxit,
1386 1366 1515 1397 quantum
1536 1361 1664 1387 nimirum
1683 1367 1744 1386 cum

108 1399 142 1418 ex
163 1398 270 1427 nostra,
291 1400 346 1423 tum
365 1404 397 1424 ex
420 1397 504 1432 ipsius
523 1404 599 1434 parte
616 1399 675 1428 ﬁeri
695 1406 794 1435 potest.

890 1483 905 1519 §
928 1482 982 1512 IV.

146 1544 254 1578 Ταύτας
268 1546 348 1582 ἡμεῖς
364 1548 414 1580 τὰς
424 1550 522 1584 νοητὰς
536 1550 689 1588 θεωνυμίας
706 1554 899 1590 συνῃρηκότες,

989 1553 1051 1581 llaec
1071 1561 1122 1581 nos
1142 1554 1233 1583 divina
1249 1555 1370 1589 nomina,
1396 1563 1456 1590 qua:
1469 1555 1744 1590 rationeintelligun-

109 1589 147 1621 ὼς
161 1591 271 1625 ἐφικτὸν
285 1593 485 1630 άνεπτύξαμεν,
503 1597 534 1623 οὐ
551 1598 630 1632 μόνον
647 1599 736 1626 αὐτῶν
752 1589 803 1634 τῆς
823 1601 901 1635 ἀκρι-

954 1603 1011 1631 tur,
1026 1605 1154 1634 congesta
1178 1607 1227 1635 pro
1251 1601 1356 1628 viribus
1375 1601 1565 1636 explicuimus,
1583 1609 1636 1629 non
1655 1602 1744 1629 solum

108 1637 186 1669 ὕείας
201 1638 421 1675 ἀπολειπόμενοι,
433 1642 522 1676 (τοῦτο
536 1643 590 1679 γὰρ
606 1644 713 1680 ἀληθῶς
727 1646 775 1672 καὶ
790 1646 901 1680 ἄγγελοι

954 1653 1005 1673 nou
1015 1645 1080 1672 satis
1089 1652 1138 1680 pro
1148 1653 1243 1673 corum
1257 1647 1353 1673 merito
1365 1653 1483 1682 congrue
1494 1647 1558 1682 (hoc
1572 1647 1644 1673 enim
1659 1647 1742 1674 etiam

108 1684 215 1719 φαῖεν)
241 1685 300 1712 οὐδὲ
325 1686 375 1722 τῆς
392 1688 462 1714 κατὰ
486 1689 619 1724 ἀγγέλους
642 1691 731 1718 αὐτῶν
748 1692 899 1727 ὑμνῳδίας’

109 1730 157 1756 καὶ
173 1730 226 1757 τῶν
243 1732 365 1766 ἐσχάτων
386 1733 440 1769 γὰρ
463 1735 621 1762 ἀποδέουσιν
643 1737 667 1763 οἱ
693 1738 832 1772 κράτιστοι
848 1738 901 1765 τῶν

110 1778 175 1809 παρ’
191 1778 258 1813 ἡμῖν
274 1778 415 1813 θεολόγων·
434 1779 496 1806 οὔτε
514 1781 566 1817 μὴν
583 1781 672 1809 αὐτῶν
688 1783 742 1810 τῶν
758 1783 900 1817 θεολόγων,

109 1819 169 1849 οὐδὲ
199 1823 253 1850 τῶν
273 1824 362 1852 αὐτῶν
387 1825 525 1861 ἀσκητῶν,
549 1827 565 1862 ἢ
589 1828 754 1860 συνοπαδῶν,
772 1829 839 1856 ἀλλὰ
855 1830 902 1856 καὶ

109 1868 164 1895 τῶν
180 1870 245 1904 ἡμῖν
261 1870 416 1905 ὁμοταγῶν,
433 1872 555 1907 ἐσχάτως
569 1873 617 1900 καὶ¹
631 1874 793 1910 ὑφειμένως.
810 1876 901 1907 Ὥστε,

110 1916 134 1941 εὶ
153 1915 202 1950 μὲν
222 1915 310 1951 ὀρθῶς
333 1916 390 1952 ἔχοι
415 1918 449 1944 τὰ
466 1919 609 1954 εἰρημένα,
627 1920 674 1946 καὶ
692 1920 730 1952 ὡς
752 1920 814 1947 καθ’
830 1921 903 1956 ἡμᾶς

109 1961 194 1994 ὅντως
210 1962 374 1998 ἐφηψάμεθα
395 1966 428 2000 τῇ
451 1964 556 2001 διανοίᾳ
577 1965 627 2001 τῆς
650 1965 822 2002 θεωνυμικῆς
838 1967 903 1994 ἀνα-

111 2007 243 2041 πτύεεως,
260 2009 307 2035 ἐπὶ
322 2009 367 2035 τὸν
382 2009 491 2037 πάντων
507 2011 618 2045 ἀγαθῶν
634 2011 720 2038 αἴτιον
739 2012 770 2038 τὸ
786 2013 902 2048 πρᾶγμα

109 2053 253 2080 ἀναθετέον
265 2062 274 2071 σ
290 2055 336 2081 τὸν
360 2055 529 2091 δωρούμενον
547 2057 656 2093 πρῶτον
673 2059 739 2086 αὐτὸ
754 2059 785 2086 τὸ
804 2061 901 2092 είπεῖν,

111 2099 205 2126 ἔπειτα
222 2100 252 2126 τὸ
268 2099 297 2127 εὖ
316 2102 412 2128 εἰπεῖν.
431 2102 486 2129 Καὶ
502 2103 530 2129 at
543 2112 569 2130 τι
585 2104 639 2131 τῶν
655 2105 834 2141 ὁμοόυνάμων
851 2115 903 2133 πα-

111 2145 292 2180 ραλέλειπται,
311 2148 421 2174 κάκεῖνο
436 2149 511 2184 ἡμᾶς
528 2150 598 2177 κατὰ
608 2150 657 2182 τὰς
671 2151 756 2184 αὐτὰς
775 2151 902 2187 μεθόδους

111 2191 134 2207 ⁵⁸
149 2194 368 2228 προσυπακούειν
384 2195 483 2230 δεήσει.
510 2196 541 2222 El
557 2196 585 2222 δὲ
601 2197 686 2223 ταῦτα
703 2198 719 2233 ἢ
736 2198 785 2225 οὐκ
814 2198 902 2234 ὀρθῶς

111 2239 127 2273 ἦ
145 2239 247 2271 ἀτελῶς
263 2239 329 2275 ἔχει,
340 2241 387 2267 καὶ
403 2242 452 2277 τῆς
467 2241 595 2277 ἀληθείας
610 2242 626 2278 ἣ
641 2243 738 2275 ὁλικῶς
754 2244 770 2279 ἢ
783 2244 902 2279 μερικῶς

111 2285 372 2322 ἀποπεπλανήμεθα,
383 2288 432 2323 τῆς
448 2288 499 2322 σῆς
508 2289 540 2315 ἂν
553 2289 595 2324 εἴη
606 2289 700 2324 φιλανθ
706 2291 810 2326 ρωπίας
821 2292 901 2318 ἐπαν-

111 2330 282 2365 ορθώσασθαι
305 2333 350 2360 τὸν
367 2335 502 2366 ἀκουσίως
522 2336 681 2370 ἀγνοοῦντα,
699 2337 746 2363 καὶ
770 2337 900 2372 μεταδοῦ-

111 2385 155 2402 ναι
171 2376 249 2411 λόγου
265 2378 304 2413 τῷ
322 2380 415 2414 μαθεῖν
438 2381 568 2417 δεομένῳ,
586 2383 634 2409 καὶ
650 2382 788 2418 ἐπαμῦναι
804 2383 842 2419 τῷ
860 2385 897 2420 μὴ

102 2419 236 2460 αὐτάρκη
260 2425 374 2461 δύναμιν
394 2427 493 2462 ἔχοντι,
517 2429 564 2455 καὶ
590 2428 717 2455 ἰάσασθαι
740 2428 786 2455 τὸν
811 2430 862 2456 οὐκ
879 2419 900 2445 si

112 2470 236 2498 ἐθέλοντα
252 2471 401 2507 ἀρρωστεῖν
413 2481 419 2488 '
436 2474 481 2499 xui.
497 2473 531 2500 τὰ
548 2475 598 2509 μὲν
614 2475 679 2510 παρ’
697 2475 804 2507 ἑαυτοῦ,
823 2475 857 2502 τὰ
873 2476 901 2502 δὲ

113 2517 178 2552 παρ’
194 2517 294 2552 ἑτέρων
311 2518 333 2533 ⁸⁸
349 2518 550 2555 ἐξευρίσκοντα,
576 2521 664 2548 πάντα
686 2521 713 2548 δὲ
734 2522 766 2547 ἐκ
781 2521 901 2555 τάγαθοῦ

112 2563 295 2600 λαμϐάνοντα,
313 2566 359 2591 καὶ
375 2566 415 2597 εἰς
431 2566 506 2601 ἡμᾶς
521 2567 688 2594 διαῧιϐάσαι.
707 2567 781 2603 Μηδὲ
796 2568 901 2594 ἀποκά-

953 1691 1041 1725 angeli
1059 1698 1123 1718 vere
1142 1691 1282 1724 dixerint).
1303 1692 1349 1719 sed
1373 1689 1461 1726 neque
1473 1692 1585 1726 paribus
1605 1692 1742 1723 laudibus.

953 1737 1052 1772 quibus
1063 1737 1096 1763 ab
1111 1737 1213 1771 angelis
1226 1738 1417 1769 celebrantur;
1430 1737 1563 1772 siquidem
1576 1739 1744 1772 praestantis-

953 1786 1014 1814 simi
1026 1794 1134 1821 quoque
1149 1784 1266 1819 theologi
1280 1784 1365 1811 nostri
1379 1783 1419 1810 vel
1428 1783 1584 1811 novissimis
1600 1783 1682 1811 etiam
1695 1791 1743 1811 an-

953 1834 1020 1869 gelis
1032 1834 1147 1865 cedunt;
1164 1840 1257 1860 verum
1271 1831 1352 1858 etiam
1371 1830 1504 1864 theologis
1525 1837 1676 1865 eorumque
1696 1838 1742 1858 as-

953 1879 1035 1907 seclis
1046 1886 1219 1914 nequaquam
1233 1884 1376 1912 suppares,
1390 1884 1404 1904 a
1415 1876 1515 1903 nostris
1529 1883 1635 1911 quoque
1652 1883 1743 1911 aequa-

954 1924 1025 1952 libus
1053 1925 1079 1951 in
1102 1924 1155 1952 hoc
1177 1923 1285 1950 laudum
1312 1930 1413 1958 genere
1438 1929 1609 1956 superamur.
1639 1922 1742 1956 Itaque,

953 1970 1086 2006 siquidem
1107 1974 1182 1997 recte
1199 1969 1250 1997 ista
1264 1970 1335 1996 dicta
1350 1969 1414 2002 sint,
1433 1974 1461 1996 et
1475 1969 1501 1996 in
1516 1968 1671 1995 divinorum
1693 1975 1742 1994 no-

955 2015 1058 2042 minum
1071 2015 1264 2050 explanatione
1277 2022 1326 2050 pro
1335 2014 1444 2042 modulo
1459 2018 1553 2041 nostro
1567 2020 1660 2040 verum
1679 2020 1742 2040 sen—

953 2069 1013 2089 sum
1028 2060 1207 2096 attigerimus,
1220 2061 1246 2088 in
1259 2060 1393 2088 bonorum
1405 2060 1524 2087 omnium
1537 2067 1648 2086 causam
1664 2059 1690 2086 id
1705 2064 1743 2085 ιο-

955 2111 1010 2133 tum
1026 2106 1199 2134 referendum
1213 2111 1265 2139 est,
1283 2111 1311 2133 ut
1324 2113 1385 2141 quae
1401 2106 1518 2141 primum
1533 2104 1614 2140 530
1630 2110 1684 2132 tam
1699 2104 1742 2131 di-

954 2152 1033 2180 cendi
1052 2159 1132 2187 quam
1147 2152 1216 2179 bene
1227 2151 1333 2179 dicendi
1356 2151 1512 2178 facultatem
1527 2151 1643 2179 dederit.
1666 2151 1706 2177 Ac
1720 2150 1742 2177 si

954 2197 1019 2231 quid
1032 2204 1127 2224 eorum
1140 2205 1200 2231 qua:
1220 2197 1263 2224 his
1276 2196 1452 2232 acquivaleut,
1466 2196 1502 2224 sit
1516 2195 1742 2231 praetermissum,

955 2242 982 2270 id
998 2242 1094 2270 iisdem
1117 2251 1223 2278 quoque
1248 2243 1400 2271 rationibus
1417 2251 1431 2269 a
1451 2243 1529 2270 nobis
1551 2242 1584 2269 ad
1600 2242 1671 2269 hunc
1685 2250 1744 2270 me-

956 2290 1018 2317 dum
1034 2290 1212 2324 supplendum
1225 2291 1286 2317 erit.
1299 2289 1346 2317 Sin
1359 2298 1424 2317 vero
1440 2289 1498 2317 haec
1510 2289 1550 2316 vel
1561 2289 1652 2316 minus
1668 2293 1743 2316 recta

955 2336 996 2364 vel
1012 2335 1173 2371 imperfecta
1187 2341 1260 2370 sunt,
1277 2340 1304 2364 et
1315 2344 1330 2363 a
1344 2337 1458 2364 veritate
1472 2336 1514 2363 vel
1529 2337 1639 2364 omnino
1654 2336 1696 2363 vel
1709 2343 1743 2364 ex

955 2387 1033 2417 parte
1045 2383 1243 2416 aberravimus,
1268 2383 1321 2410 erit
1342 2383 1521 2410 humanitatis
1536 2388 1588 2411 tute
1602 2383 1744 2418 corrigere

956 2437 1008 2456 non
1031 2435 1127 2464 sponte
1149 2431 1331 2466 ignorantem,
1349 2430 1524 2464 rationesque
1538 2436 1685 2465 suggerere
1699 2429 1742 2456 di-

956 2483 1034 2504 scere
1048 2477 1180 2510 cupieuti,
1195 2481 1223 2504 et
1233 2484 1266 2504 ex
1277 2485 1306 2504 se
1320 2477 1492 2505 insuilicienti
1507 2483 1585 2510 opem
1599 2476 1682 2508 ferre,
1695 2483 1742 2503 cu—

955 2529 1071 2557 rareque
1083 2523 1220 2550 nolentem
1238 2516 1380 2558 aegrotare,
1396 2528 1478 2558 atque
1492 2523 1544 2550 alia
1552 2522 1662 2557 quidem
1682 2529 1697 2548 a
1717 2526 1743 2548 te

955 2569 1119 2603 excogitata,
1135 2569 1186 2595 alia
1211 2576 1275 2596 Vero
1290 2569 1324 2596 ab
1339 2569 1401 2596 aliis
1422 2573 1555 2601 mutuata,
1574 2567 1747 2602 caateroquin.

761 2658 880 2687 VARI‘E
900 2658 1104 2687 LECTIONES.

148 2738 171 2754 ⁵³
186 2738 384 2774 ἀνυμνήσωμεν
396 2758 403 2770 ,
421 2737 452 2765 Ι).

502 2739 525 2754 δ’
541 2738 614 2771 οὒτε,
632 2739 662 2766 Ρ,
676 2739 707 2766 ι).
725 2739 818 2766 Variat
832 2740 889 2767 haec
901 2739 1065 2773 coniunctio,
1081 2747 1142 2766 nam
1160 2740 1229 2767 alias
1243 2739 1316 2771 οὔτε,
1334 2739 1401 2766 alias
1415 2738 1476 2765 οὐδέ
1493 2737 1632 2769 scribitur,
1646 2739 1741 2765 eodem

113 2781 207 2806 sensu,
232 2772 315 2810 semel
337 2772 478 2810 monuisse
501 2775 567 2810 satis
587 2776 705 2802 videtur.
743 2775 764 2790 ⁶⁰
782 2772 1020 2810 συνεγνωσμένωνγ,
1039 2774 1070 2800 D.
1090 2774 1145 2810 Sc:
1154 2774 1215 2801 Sar.
1231 2776 1328 2810 itaque
1343 2772 1589 2810 scribendumiuit:
1626 2774 1647 2789 ⁶¹
1672 2774 1741 2809 ὑπὲρ

114 2809 202 2845 πάντα
218 2809 264 2835 καὶ
279 2809 358 2843 λόγον
374 2810 421 2836 καὶ
437 2809 508 2842 νοῦν,
527 2809 554 2836 Ρ.
579 2810 610 2836 Ι).
630 2810 674 2837 Sc.
692 2810 828 2845 θεότητος,
847 2810 876 2836 1).

930 2811 952 2826 θ’
969 2808 1016 2836 τοῦ
1033 2811 1112 2841 νοεῖν,
1133 2809 1163 2836 Ρ.
1181 2810 1209 2837 S.
1230 2809 1259 2836 D.
1283 2808 1332 2837 Sc.
1363 2809 1422 2836 Sar.
1462 2809 1484 2824 “
1499 2808 1553 2834 τῶν
1576 2808 1671 2841 ὅντων,
1689 2808 1740 2836 (lli.

115 2844 137 2880 ἢ·
155 2845 377 2880 συμφωνήσωμεν
393 2845 434 2876 άν,
447 2845 475 2872 S.
516 2845 538 2861 ⁸⁵
555 2847 652 2877 έκεῖνο,
671 2846 698 2872 S.
724 2845 753 2872 P.
766 2843 813 2872 Sc.
851 2846 874 2861 ⁸⁸
890 2846 960 2872 κατὰ
976 2846 1039 2877 τοὺς
1055 2846 1152 2877 αὐτοὺς
1168 2846 1262 2880 λόγους
1279 2846 1324 2872 καὶ
1340 2844 1389 2876 τὰς
1407 2843 1491 2875 αὑτὰς
1510 2843 1646 2879 μεθόδους,
1665 2845 1694 2872 Ρ.
1710 2845 1742 2873 υ.

115 2878 175 2907 Sur.
192 2878 334 2914 posterius
348 2888 399 2908 non
418 2881 506 2909 habet.
547 2882 567 2897 “7
588 2883 635 2918 μή.

677 2882 697 2897 ⁸⁸
714 2881 746 2908 δι’
764 2880 856 2914 αὑτοῦ,
874 2881 906 2908 δι’
925 2882 1034 2918 ἐτέρων,
1054 2882 1082 2909 S.
1098 2881 1157 2909 δαν.
