1929 3061
198 156 251 183 985

779 156 807 183 S.
820 156 968 184 DIO‘NYSII
986 157 1214 186 ΑΒΕΟΡΛΟΙΤΕ

1779 163 1834 190 98‘

198 214 287 240 omnia
300 222 331 240 ex
346 214 404 248 ipso
415 213 486 240 liono
499 218 621 249 accepta,
635 215 660 241 in
672 223 720 242 nos
731 223 838 250 quoque
849 215 982 242 derivare.

1039 225 1090 252 μῃς
1107 218 1128 233 ³9
1145 218 1222 252 φίλον
1245 217 1328 252 ἄνδρα
1350 217 1518 253 εὐεργετῶν·
1540 219 1605 254 ὁρᾷς
1627 218 1693 254 γὰρ,
1717 219 1758 246 ’o.t
1785 221 1835 247 καὶ

198 259 291 294 Neque
319 265 346 287 te
368 260 458 295 pigeat
479 260 594 287 anticum
614 260 698 289 hocce
717 262 848 289 beneficio
859 262 984 293 allicere;

197 307 289 333 cernis
304 307 389 339 enim,
407 307 445 333 uti
463 314 550 342 neque
562 315 611 335 nos
627 308 676 342 ipsi
689 308 835 342 quidquam
849 309 985 336 rationum

199 353 434 380 liierarchirarutn
451 354 530 380 nobis
544 354 760 381 concreditarum
781 354 851 382 intra
868 360 986 382 nosmet-

200 399 272 433 ipsos
294 400 488 432 continuimus,
508 408 603 427 verum
619 401 678 428 illas
694 401 807 428 omnino
824 408 907 436 puras
921 408 982 427 cuin

198 447 275 474 vobis
288 451 343 474 tiiiii
360 448 467 475 cieteris
482 449 549 475 viris
565 449 679 480 sanctis,
696 449 795 483 partim
813 448 984 479 tradidimus,

197 494 297 528 partim
311 494 566 527 ailliuc,tradenius,
581 502 630 529 pro
642 494 748 522 dicendi
770 499 860 522 nostra
876 499 905 521 et
919 494 986 521 alio—

1039 265 1118 299 ήμεῖς
1132 264 1226 291 οὐδένα
1239 263 1292 290 τῶν
1307 264 1510 299 παραδοθέντων
1528 266 1593 300 ἡμῖν
1612 265 1778 301 ἱεραρχικῶν
1788 267 1835 293 λό-

1039 319 1095 345 γων
1109 312 1148 342 εἰς
1164 311 1276 343 ἑαυτοὺς
1290 311 1508 346 συνεπειλαμεν,
1523 311 1590 338 ἀλλὰ
1604 311 1767 343 ἀνοθεύτους
1781 314 1835 340 αὑ-

1039 359 1101 389 τοὺς
1115 358 1162 384 καὶ
1172 358 1235 393 ὑμῖν
1250 357 1297 384 καὶ
1313 358 1415 394 ἑτέροις
1427 358 1507 393 ἱεροῖς
1520 358 1631 394 ἀνδράσι
1643 359 1834 394 μεταδεδώκα-

1041 402 1090 437 μέν
1110 411 1138 428 τε
1155 403 1202 429 καὶ
1220 402 1418 438 μεταδώσομεν,
1433 403 1471 434 ὡς
1485 401 1518 429 ἂν
1531 404 1611 438 ἡμεῖς
1624 412 1653 430 τε
1668 405 1755 430 εἰπεῖν
1770 405 1834 430 ἱκα-

1038 448 1079 475 νοὶ
1106 449 1153 475 καὶ
1170 446 1211 480 οἷς
1225 448 1332 483 λέγεται
1346 449 1465 480 ἀκούειν,
1480 449 1540 476 κατ’
1554 449 1630 476 οὐδὲν
1643 450 1692 486 τὴν
1708 451 1832 486 παράδο-

1041 503 1083 521 σιν
1098 495 1262 527 ἀδικοῦντες,
1277 496 1300 522 εἰ
1316 496 1353 531 μὴ
1367 495 1420 531 ἄρα
1436 495 1503 532 πρὸς
1516 495 1564 531 τὴν
1578 496 1670 531 νόησιν
1684 497 1701 532 ἦ
1715 497 1766 532 τὴν
1786 497 1819 524 ἐκ

199 548 258 567 rum
285 541 451 577 intelligendi
476 541 617 574 facultate,
634 543 660 570 in
678 550 708 569 re
724 542 795 569 nulla
813 542 985 569 traditionem

198 586 343 620 violantes,
358 588 407 614 nisi
424 588 493 616 forte
507 589 547 616 vel
560 589 593 616 ad
612 588 792 622 eloquendum
806 588 846 616 vel
860 588 893 616 ad
908 587 987 615 intel-

199 631 206 658 l
220 633 334 667 gendum
348 634 538 662 imbecilliores
551 635 715 662 exstitinius.
734 634 786 661 Sed
797 635 853 661 hac
865 634 986 669 quidem,

199 683 227 704 Ill
242 678 295 705 Deo
310 678 409 712 placet,
441 679 480 706 sic
505 679 633 712 habeant,
658 684 686 706 et
702 680 773 707 dicta
794 679 870 710 sint;
897 679 987 713 sitque

198 725 270 759 quod
291 725 324 752 ad
341 733 390 752 nos
408 717 534 760 pertinet,
554 726 598 753 liic
613 726 674 753 linis
691 726 847 753 nominibus
860 726 907 753 Dei
926 734 986 760 qua:

200 778 277 798 mens
295 772 474 806 excogitavit;
496 772 529 799 ad
544 772 721 802 svnibolicani
741 779 806 798 vero
823 772 984 807 theologiam

200 817 257 844 Deo
268 818 336 845 dure
348 818 478 846 transibo.

1041 549 1140 577 φρασιν
1152 542 1240 569 αὐτῶν
1250 542 1443 578 ἀσθενήσομεν.
1462 542 1541 569 Ἀλλὰ
1553 542 1639 569 ταῦτα
1651 543 1711 578 μὲν,
1721 544 1776 578 ὅπη
1792 543 1833 579 τῷ

1039 587 1099 624 Θεῷ
1115 587 1200 623 φίλον,
1230 588 1316 625 ταύτῃ
1342 588 1427 624 ἐχέτω
1452 597 1492 621 τε,
1512 589 1558 616 καὶ
1577 589 1697 624 λεγέσθω
1711 591 1753 606 ⁷ο·
1783 591 1833 617 καὶ

1040 634 1110 660 ἔστω
1122 633 1154 670 δὴ
1170 634 1249 660 τοῦτο
1263 636 1321 666 ταῖς
1337 636 1444 670 νοηταῖς
1460 634 1623 670 θεωνυμιαις
1635 635 1666 662 τὸ
1679 635 1741 663 καθ’
1755 637 1833 671 ἡμᾶς

1038 681 1139 717 πέραςο
1163 681 1208 707 ἐπὶ
1231 680 1259 707 δὲ
1272 681 1320 717 τὴν
1336 681 1501 718 συμϐολιχὴν
1511 681 1660 716 Θεολογίαν,
1675 683 1833 719 ἡγουμένου

1037 726 1116 759 Θεοῦ,
1128 727 1326 763 μεταϐήσομαι.

809 951 1076 980 ADNOTATIONES
1092 951 1266 980 CORDERII.

238 1021 253 1057 ᾗ
272 1021 293 1048 Ι.
319 1021 456 1057 Perfectus
479 1020 568 1054 itaque
585 1026 634 1053 est,
649 1026 703 1048 etc.
721 1020 846 1052 Pulchre,
866 1020 903 1048 uti
918 1020 996 1052 solet,
1012 1028 1044 1048 ac
1059 1022 1200 1056 perspicue
1220 1021 1265 1048 Dei
1281 1021 1473 1057 perfectionem
1489 1029 1522 1048 cx
1543 1024 1593 1049 hoc
1609 1023 1697 1057 capite
1715 1022 1832 1051 Lessius

202 1056 300 1118 probat
316 1056 427 1118 lih.fvit,
441 1056 478 1082 De
489 1057 695 1090 perfectionibus
706 1056 812 1088 divitiis,
827 1064 888 1091 cap.
903 1057 930 1089 2,
944 1057 1049 1088 dicens,
1064 1057 1220 1092 Dionysium
1245 1057 1288 1084 hic
1301 1056 1399 1084 afferre
1412 1062 1529 1092 quatuor
1540 1056 1659 1085 rationes
1670 1078 1677 1089 .
1688 1066 1740 1086 cur
1760 1059 1834 1087 Deus

222 1099 310 1118 n-atur
322 1099 369 1118 oer
381 1098 466 1118 ectus.

203 1093 310 1120 dicatur
322 1093 466 1120 perfectus.

241 1100 310 1118 -atur
339 1100 354 1118 e
371 1100 394 1118 ie
415 1100 440 1117 ιιι
459 1112 466 1119 .

239 1100 340 1159 Prinui),
352 1100 415 1161 qui:
431 1100 473 1154 ait
484 1127 639 1164 αὐτοτελής,
655 1127 680 1154 id
693 1132 734 1164 est
749 1135 796 1161 per
811 1135 838 1154 ae
851 1127 992 1164 perfectus,
1008 1134 1072 1164 quo
1092 1127 1260 1164 significatur
1276 1127 1348 1164 illum
1362 1135 1414 1154 non
1425 1128 1575 1164 accepisse
1586 1128 1783 1163 perfectionem
1799 1130 1834 1157 ab

204 1163 270 1196 alio,
281 1163 338 1190 sive
355 1168 385 1188 ut
400 1170 414 1189 a
429 1170 510 1190 causa
527 1162 662 1190 clliciente
677 1163 734 1189 sive
749 1167 778 1189 ut
793 1169 807 1188 a
822 1170 903 1190 causa
919 1162 1035 1194 fortnali,
1051 1162 1123 1189 sicut
1135 1164 1164 1189 iit
1178 1163 1204 1189 in
1219 1163 1364 1195 creaturis,
1384 1163 1431 1190 sed
1444 1164 1544 1190 habere
1556 1162 1662 1190 omnem
1682 1163 1833 1197 perfectio-

205 1207 266 1226 nem
279 1206 294 1225 a
309 1198 365 1225 sola
382 1197 582 1231 simplicissima
599 1198 715 1225 essentia
732 1205 779 1224 sua
789 1206 796 1229 ς
807 1199 878 1224 unde
893 1199 977 1232 ipsius
995 1197 1126 1231 perfectio
1140 1205 1191 1224 non
1203 1199 1342 1232 consurgit
1357 1205 1389 1225 ex
1403 1198 1617 1226 accuniulatione
1631 1199 1776 1226 multarunt
1790 1208 1834 1227 re-

206 1242 277 1265 rum,
290 1234 361 1260 sicut
381 1233 407 1260 in
425 1234 571 1265 creaturis.
581 1241 697 1268 quarunt
713 1232 785 1259 nulla
799 1233 851 1260 dici
866 1237 955 1267 potest
969 1232 1123 1268 αὐτοτελής,
1140 1234 1188 1260 sed
1201 1241 1232 1260 ex
1247 1241 1297 1260 una
1310 1241 1340 1260 re
1355 1233 1634 1268 siniplicissinia,quie
1647 1234 1764 1267 ipsemet
1778 1241 1832 1268 εει,

205 1274 231 1296 et
247 1271 284 1297 ita
298 1277 346 1303 per
356 1276 396 1301 se,
410 1269 557 1295 secundum
570 1267 651 1295 omne
665 1275 749 1302 genus
766 1267 950 1302 perfectionis,
960 1273 1002 1295 est
1015 1267 1240 1302 perfectissimus.

241 1304 377 1335 Secunda,
392 1304 455 1338 quia
471 1308 512 1330 est
525 1303 690 1339 ὑπερτελής,
706 1303 732 1329 id
745 1308 784 1330 cst
801 1303 1021 1337 superperfectus,
1040 1303 1091 1330 hoc
1104 1309 1146 1330 est
1161 1304 1232 1330 omni
1244 1303 1409 1338 perfectione
1420 1304 1593 1337 conceptibili
1607 1305 1732 1339 superior
1742 1309 1770 1332 et
1784 1313 1834 1333 ex-

206 1339 368 1375 cellentior;
386 1338 452 1365 nihil
467 1339 541 1375 enim
557 1347 571 1365 a
584 1338 676 1366 inente
689 1343 783 1375 creata
796 1343 849 1364 tam
867 1346 1010 1375 magnum,
1022 1344 1076 1365 tam
1092 1339 1261 1375 exiniiuinet
1278 1339 1425 1372 excellens,
1438 1344 1526 1374 potest
1540 1338 1665 1375 cogitari,
1679 1341 1744 1374 quin
1760 1341 1832 1368 Deus

207 1374 337 1402 inlinities
347 1375 383 1401 sit
396 1374 574 1401 eitcelleiitior
589 1379 615 1401 et
633 1374 727 1409 major.
747 1373 804 1410 lloe
822 1375 969 1400 denotatur
984 1374 1027 1400 illa
1041 1381 1106 1410 voce
1119 1373 1282 1410 ὑπερτελής.

242 1409 346 1450 Tertia.
363 1411 426 1444 quia
443 1418 496 1436 non
508 1415 600 1444 potest
613 1411 706 1439 augeri
721 1409 762 1435 vcl
778 1410 874 1439 minui,
890 1414 1016 1443 tanquam
1029 1409 1121 1437 omnia
1138 1409 1284 1443 anticipata
1301 1414 1328 1438 et
1343 1414 1474 1444 praecepta
1488 1417 1537 1444 per
1552 1417 1629 1438 suam
1643 1411 1792 1438 essentiam
1806 1411 1832 1438 in

206 1453 236 1473 se
250 1449 402 1473 continens.

244 1481 360 1514 Quarta,
373 1480 435 1515 quia
449 1480 485 1507 ita
497 1479 592 1514 plenus
603 1485 630 1507 et
647 1479 825 1514 superplenus
834 1484 876 1507 est
885 1481 1012 1508 omnibus
1026 1480 1116 1513 bonis,
1132 1485 1162 1508 ut
1175 1481 1260 1508 veluti
1275 1480 1337 1509 fons
1353 1480 1530 1508 inexhaustus
1544 1480 1678 1508 exuberet
1693 1485 1721 1508 et
1734 1482 1834 1509 redun-

209 1516 254 1543 det
268 1522 397 1550 perpeiua
413 1520 442 1542 et
455 1515 608 1542 incessabili
621 1515 765 1550 largitione
779 1515 909 1542 donorum
924 1516 950 1542 in
968 1523 1063 1544 omnes
1079 1525 1123 1544 res
1134 1523 1250 1543 creatas.

247 1551 322 1579 Unde
337 1557 420 1585 patet,
434 1551 516 1577 Deum
530 1551 582 1578 dici
597 1550 895 1587 perfectuintquiarest
915 1557 1011 1579 auctor
1021 1553 1112 1579 omnis
1126 1551 1303 1587 perfectionis
1322 1551 1454 1587 naturalis
1467 1555 1495 1579 et
1509 1552 1729 1586 supernaturalis
1751 1553 1777 1579 iii
1791 1560 1834 1580 re«

209 1587 261 1614 bus
271 1587 408 1618 omnibus,
425 1593 440 1612 a
457 1587 573 1622 summis
583 1591 611 1612 et
623 1586 674 1620 ipsi
690 1585 868 1622 vicinissimis
880 1594 967 1621 usque
983 1587 1016 1614 ad
1030 1585 1180 1619 extremas,
1193 1594 1207 1613 ιι
1223 1587 1308 1622 prima
1324 1586 1475 1614 substantia
1486 1585 1612 1621 separata
1627 1595 1712 1621 usque
1725 1588 1758 1614 ad
1774 1588 1834 1615 inli-

210 1631 282 1650 mam
294 1623 450 1654 materiam,
463 1626 489 1648 et
499 1621 585 1654 ipsius
601 1622 706 1648 radium
719 1621 874 1656 pertingere
888 1623 921 1648 ad
932 1622 1034 1654 omnia,
1048 1623 1129 1657 idque
1152 1630 1204 1649 non
1216 1622 1300 1650 semel
1315 1627 1432 1654 tantum,
1449 1623 1494 1649 sed
1511 1622 1620 1649 assidue
1637 1627 1664 1649 et
1678 1623 1834 1650 indesinen-

211 1664 261 1686 ter.
274 1657 333 1684 Noti
347 1657 418 1684 enim
440 1657 506 1693 satis
518 1661 560 1693 cst
576 1657 725 1693 Deuni‘sua
739 1658 808 1683 dona
825 1657 920 1689 semel,
937 1657 994 1684 sive
1012 1659 1142 1689 materiai,
1161 1658 1218 1685 sive
1237 1659 1342 1693 gratiae,
1358 1657 1416 1684 sive
1427 1657 1531 1692 κίοι-ιω,
1543 1657 1684 1688 infudisse.
1699 1658 1748 1684 sed
1764 1658 1834 1686 hanc

211 1693 375 1720 tufusionein
399 1697 426 1718 et
440 1691 612 1726 largitionem
631 1691 732 1718 debere
746 1700 805 1718 esse
820 1692 978 1719 continuam
995 1697 1022 1719 et
1039 1691 1250 1723 indesinentetn}
1275 1693 1392 1727 alioquin
1417 1691 1508 1719 omnia
1529 1698 1668 1720 momento
1687 1700 1835 1720 evanesce-

211 1733 280 1756 rent.
297 1727 390 1762 Neque
404 1727 490 1754 solum
508 1728 572 1761 quia
589 1732 629 1754 est
643 1732 740 1754 auctor
753 1732 780 1754 ut
794 1735 874 1754 causa
893 1727 1020 1759 efﬁciens,
1035 1729 1081 1754 sed
1091 1728 1171 1755 etiam
1185 1727 1263 1762 531
1279 1729 1342 1761 quia
1357 1732 1398 1754 est
1411 1727 1550 1761 exemplar
1560 1732 1588 1755 et
1602 1735 1728 1754 mensura
1745 1729 1834 1755 omnis

210 1764 394 1799 perfectionis.
410 1763 437 1789 lii
457 1763 538 1790 rebus
551 1762 737 1799 cnimrcreatis
745 1762 848 1799 dicitur
861 1763 962 1797 aliquid
976 1762 1169 1799 perfectumiin
1182 1772 1292 1799 natura,
1306 1764 1369 1797 quia
1383 1768 1424 1789 est
1434 1770 1620 1789 couiiiieusuui
1637 1770 1685 1789 suo
1697 1764 1835 1797 exempla-

210 1797 245 1832 ri,
261 1800 410 1826 secundum
425 1798 496 1832 quod
512 1803 553 1824 est
564 1798 702 1824 conditum
719 1798 744 1823 iti
762 1797 806 1824 tali
823 1799 929 1833 specie;
943 1799 1013 1825 sicut
1026 1798 1053 1824 in
1065 1798 1204 1825 artefactis
1216 1798 1240 1824 id
1257 1804 1298 1825 cst
1315 1800 1475 1832 perlectum,
1489 1798 1560 1832 quod
1576 1803 1672 1824 exacte
1684 1800 1834 1832 respondet

210 1834 354 1869 conceptui
371 1839 395 1860 et
416 1833 518 1867 regulis
533 1834 624 1869 artis,
635 1833 705 1859 unde
721 1833 808 1866 ipsum
823 1833 963 1867 exemplar
977 1839 1018 1860 est
1033 1842 1080 1868 per
1097 1841 1126 1860 se
1144 1839 1171 1860 et
1184 1834 1352 1868 originaliicr
1367 1833 1530 1868 perfectum,
1547 1835 1648 1869 alisque
1664 1840 1787 1867 respectu
1800 1834 1834 1860 ad

211 1867 442 1904 alium-tanquam
458 1869 544 1902 prima
565 1867 737 1902 perfectionis
759 1869 863 1903 regula.
883 1870 976 1902 Itaque
996 1870 1053 1903 ipse
1068 1870 1202 1903 perfectus
1225 1867 1337 1900 dicitur,
1362 1874 1390 1896 et
1412 1874 1538 1903 tanquam
1556 1868 1616 1904 fons
1629 1876 1662 1894 ex
1676 1877 1730 1902 quo
1745 1869 1835 1896 omnis

211 1906 346 1943 perfectio
362 1903 466 1943 natura!
483 1904 630 1943 iii_oiniiia,
650 1911 710 1937 qum
723 1904 816 1939 aliquo
832 1906 912 1931 modo
930 1909 1005 1933 sunt,
1023 1909 1126 1936 manat,
1140 1909 1168 1931 et
1188 1910 1316 1938 tauquam
1332 1911 1469 1936 mensura,
1483 1911 1516 1930 ex
1532 1903 1609 1937 cujus
1628 1904 1836 1931 commcnsionc

212 1938 269 1979 ipsa
284 1942 457 1979 perfectionis
470 1938 538 1979 ratio
548 1939 657 1973 pendet.

249 1973 316 2006 lliiic
328 1985 361 2006 ex
374 1977 468 2004 eodem
484 1974 576 2001 Lessio
592 1982 651 2007 cap.
666 1973 690 2004 l,
706 1975 801 2010 collige
816 1975 986 2010 quadruplex
1005 1975 1150 2002 discrimen
1167 1975 1238 2003 inter
1252 1974 1447 2009 perfectionem
1465 1973 1511 2000 Dei
1536 1978 1564 2002 et
1589 1979 1724 2001 creatura:
1749 1974 1834 2001 etiam

212 2012 459 2043 excellentissiiim.
475 2010 608 2041 l’riinutii,
623 2010 696 2043 quod
712 2009 781 2037 Deus
793 2009 844 2037 noti
858 2011 957 2037 habeat
971 2011 1164 2044 perfectionem
1179 2016 1206 2036 et
1224 2011 1413 2038 excellentiam
1428 2017 1504 2036 suam
1520 2010 1553 2036 ab
1566 2009 1630 2042 alio,
1643 2010 1690 2037 sed
1702 2018 1717 2035 a
1733 2017 1764 2036 se
1777 2015 1836 2036 Lill-

213 2057 282 2083 lutn,
300 2050 357 2083 ipse
369 2048 442 2074 enim
455 2045 970 2083 estprimusactus,pt'iinaperlcctio,
986 2052 1013 2073 et
1025 2048 1140 2080 primum
1154 2047 1255 2073 bonum
1272 2046 1454 2083 itidepeiidens
1466 2044 1500 2071 ab
1511 2047 1584 2071 oiiitti
1601 2046 1665 2083 alio,
1683 2044 1745 2083 forts
1757 2046 1835 2083 inex-

212 2079 325 2113 haustus
341 2083 430 2112 omnis
444 2079 544 2109 boniet
557 2080 646 2108 omnis
665 2079 855 2114 perfectionis;
869 2086 998 2108 creatura
1013 2079 1076 2108 vero
1087 2089 1195 2108 onmem
1211 2089 1287 2108 suam
1300 2079 1495 2116 perfectionem
1512 2085 1540 2106 et
1556 2081 1705 2107 bonitatem
1718 2080 1802 2107 habet
1821 2089 1836 2106 ιι

213 2122 278 2148 Deo.
297 2121 374 2148 Sicut
387 2119 414 2145 iii
436 2118 517 2144 rebus
532 2116 670 2150 corporeis
682 2115 722 2144 sol
735 2117 816 2145 habet
827 2117 917 2143 lumen
932 2124 948 2143 ει
971 2117 1072 2152 seipso,
1088 2117 1115 2143 id
1129 2122 1170 2144 est
1187 2124 1242 2144 non
1254 2117 1289 2143 ab
1301 2115 1356 2143 alio
1369 2115 1459 2149 aliquo
1469 2123 1594 2150 corpore,
1608 2116 1695 2143 stella:
1707 2122 1772 2142 vero
1786 2117 1836 2142 ba-

214 2158 279 2183 bent
294 2157 382 2182 lumen
400 2161 414 2179 a
429 2153 495 2180 sole.

251 2191 318 2218 llinc
327 2190 450 2225 sequitur
458 2188 573 2216 alterum
586 2187 744 2225 discrimen,
755 2187 827 2222 quod
840 2187 971 2225 perfectio
983 2187 1030 2216 Dei
1040 2187 1083 2225 psit
1097 2195 1209 2222 prorsus
1221 2187 1356 2225 illiniitata
1368 2192 1395 2225 _e_t
1405 2185 1519 2225 inﬁnita,
1535 2191 1667 2225 creatura:
1683 2185 1836 2225 verolimi-

216 2232 269 2253 tata
285 2231 312 2253 et
329 2222 441 2253 astricta
455 2225 489 2251 ad
500 2229 603 2251 certam
615 2223 746 2258 speciem.
761 2225 828 2251 Cum
842 2223 914 2250 enim
932 2224 1063 2257 perfectio
1077 2224 1167 2250 divina
1183 2231 1235 2250 non
1248 2223 1284 2250 sit
1299 2223 1333 2249 ab
1349 2222 1413 2254 alio,
1429 2230 1482 2249 non
1503 2223 1584 2250 habet
1602 2230 1617 2248 a
1633 2229 1688 2256 quo
1705 2222 1837 2248 limitetur

215 2267 263 2288 aut
276 2268 431 2288 mensuram
445 2259 569 2293 acuipiat;
582 2267 613 2285 ac
624 2259 735 2292 proinde
746 2266 857 2285 necesse
872 2263 913 2285 est
929 2266 1040 2285 tiianere
1058 2259 1220 2286 illitiiitataiii
1237 2259 1263 2285 in
1279 2258 1456 2292 amplitudine
1465 2258 1506 2284 sui
1520 2263 1682 2291 conceptus;
1701 2262 1837 2284 creaturae

215 2305 280 2324 vero
299 2296 430 2331 perfectio
448 2303 508 2322 cuni
522 2295 558 2321 sit
572 2302 586 2320 a
597 2294 661 2325 Deo,
678 2294 810 2321 lituitatur
823 2295 970 2331 secundum
985 2295 1094 2331 modum
1102 2301 1188 2331 quem
1211 2294 1236 2321 ei
1245 2293 1365 2331 imponit
1388 2294 1479 2320 divma
1496 2294 1639 2328 sapientia,
1656 2293 1730 2320 sicut
1745 2293 1837 2319 omnia

215 2330 304 2366 opera
315 2333 381 2358 artis
397 2338 551 2366 mensuram
569 2335 596 2356 et
609 2330 717 2355 modum
733 2335 761 2366 et
774 2330 919 2356 terminum
935 2330 1116 2362 accipiuntab
1132 2334 1191 2356 arte
1206 2330 1323 2363 QpiliCis.

253 2367 385 2398 'l'ertiuni,
399 2368 472 2400 quod
490 2365 562 2392 Deus
575 2372 683 2390 omnem
700 2364 894 2399 perfectionem
907 2371 984 2390 suam
997 2365 1094 2391 habeat
1109 2372 1158 2398 per
1170 2362 1319 2398 simplicem
1334 2372 1410 2392 suain
1424 2365 1580 2396 essentiam,
1594 2363 1666 2390 nulla
1679 2363 1732 2390 alia
1748 2362 1836 2390 forma

217 2403 260 2430 vel
275 2404 355 2429 modo
371 2403 435 2428 rculi
450 2401 610 2430 accedente;
626 2408 705 2426 secus
718 2400 746 2426 iii
765 2401 909 2428 creaturis.
926 2401 1001 2426 i‘iulla
1017 2401 1089 2426 cnim
1108 2405 1232 2427 creatura
1254 2401 1335 2427 habet
1353 2408 1460 2427 onmem
1479 2401 1740 2436 perl'ectiottenirper
1758 2407 1836 2425 suam

217 2438 376 2469 essentiam,
396 2438 443 2464 sed
461 2444 529 2470 opus
542 2441 583 2461 est
597 2435 709 2463 inlinitis
724 2436 918 2470 propemodum
934 2435 1028 2461 ful'lttls
1043 2441 1070 2462 et
1081 2435 1294 2469 perfectionibus
1305 2435 1521 2469 accessoriis,'ut
1532 2436 1649 2469 perfecta
1661 2435 1708 2468 sit,
1722 2439 1750 2460 ut
1762 2440 1836 2469 patet

219 2475 245 2500 in
262 2473 377 2507 angelis,
394 2479 508 2506 quorum
525 2476 614 2497 tamen
634 2477 731 2498 natura
745 2471 814 2507 inter
828 2470 993 2498 substantias
1009 2476 1115 2498 creatas
1131 2476 1172 2497 est
1188 2471 1389 2504 simplicissima
1413 2477 1440 2498 et
1463 2471 1660 2506 perfectissmia
1687 2478 1693 2495 :
1718 2476 1748 2496 ut
1764 2471 1836 2496 euiin

218 2506 342 2536 omittam
354 2513 490 2542 potentias
501 2510 528 2533 et
540 2507 645 2539 species
662 2506 854 2540 intelligibilcs,
871 2513 939 2541 opus
958 2511 1000 2533 est
1018 2506 1070 2532 illis
1091 2507 1215 2540 plurimis
1227 2506 1363 2534 habilibus
1383 2512 1410 2533 et
1432 2506 1672 2539 illustrationibus,
1688 2509 1717 2532 et
1729 2506 1836 2532 actibus

219 2549 276 2571 tum
290 2541 443 2570 intellectus
460 2548 515 2569 tum
529 2544 687 2573 voluntatis,
705 2547 732 2568 ut
745 2541 857 2575 perfecti
869 2546 933 2569 suit.

255 2579 324 2606 llitic
335 2579 459 2612 sequitur
473 2582 598 2611 quartum
613 2579 771 2609 discrimen,
783 2578 856 2612 quod
868 2579 956 2604 divma
969 2575 1101 2612 perfectio
1119 2585 1172 2604 non
1185 2576 1270 2610 possit
1284 2585 1401 2612 unquam
1411 2578 1502 2613 augeri
1514 2577 1556 2605 vel
1571 2577 1655 2604 minui
1670 2584 1752 2604 :cum
1764 2577 1836 2603 enim

219 2620 280 2642 actu
295 2614 393 2641 habeat
407 2621 515 2641 omnem
529 2613 720 2647 perfectionem
739 2614 904 2647 pOssibileiu,
921 2615 994 2640 iiulta
1011 2621 1034 2639 et
1050 2616 1107 2638 ttcri
1123 2618 1214 2647 pUlUJI
1237 2621 1376 2646 accessio;
1392 2619 1420 2641 et.
1435 2622 1497 2641 cum
1517 2614 1616 2640 haheat
1637 2613 1710 2638 illam
1729 2620 1779 2646 per
1795 2621 1836 2639 es-

218 2650 335 2685 sentiam
349 2654 376 2677 et
393 2658 408 2676 a
422 2658 462 2682 se,
487 2657 540 2675 non
555 2654 642 2682 potest
661 2649 687 2677 ci
705 2650 758 2675 tilla
778 2650 835 2676 lteri
851 2650 995 2676 detractio.
1014 2649 1127 2681 Oportet
1148 2649 1220 2675 enim
1233 2649 1320 2682 ipsum
1335 2650 1480 2676 essentiam
1496 2657 1571 2676 suam
1589 2648 1728 2678 amittere.
1753 2653 1783 2673 ut
1797 2648 1836 2674 vel

220 2684 360 2712 minimum
371 2685 436 2719 quid
449 2693 505 2712 sua:
519 2686 695 2718 perlecttouis
709 2687 833 2718 deserat;
845 2690 977 2712 creatura:
991 2692 1056 2710 vero
1070 2684 1201 2717 perfectio
1213 2688 1300 2717 potest
1314 2689 1341 2710 ct
1353 2686 1411 2712 sine
1424 2687 1479 2712 line
1495 2685 1598 2719 augeri,
1612 2689 1638 2711 et
1655 2690 1740 2717 usque
1757 2684 1783 2710 in
1799 2684 1835 2710 iii~

220 2721 305 2748 hilum
320 2721 455 2748 imminui.
472 2721 586 2747 l’ossent
600 2722 682 2747 etiam
694 2721 783 2753 angeli
796 2727 823 2747 ct
835 2721 960 2748 homines
975 2720 1058 2750 beati,
1072 2723 1126 2745 Deo
1141 2720 1178 2745 ita
1194 2722 1364 2754 disponente,
1376 2728 1501 2749 crescere
1512 2727 1572 2748 sme
1588 2720 1704 2747 termino
1717 2720 1744 2746 iu
1759 2722 1833 2746 clari-

221 2761 275 2783 tate
290 2756 404 2784 visionis
418 2756 517 2784 divina:
527 2761 554 2783 et
565 2764 657 2784 amore
671 2758 805 2789 beattlico,
820 2763 848 2785 et
861 2758 946 2784 etiam
961 2763 1040 2782 omne
1055 2757 1157 2784 bonum
1169 2763 1248 2782 suum
1263 2757 1398 2783 amittere.

878 2839 994 2867 VARUS
1016 2838 1212 2868 LECTIONES.

287 2896 314 2929 7"
330 2897 492 2932 ἀποκάμοις,
510 2899 540 2926 υ.
587 2900 607 2915 το
626 2899 671 2925 καὶ
688 2898 803 2933 ἀγέσθω,
821 2899 870 2927 Cli.
