1929 3061
100 139 153 168 995
387 139 428 167 DE
445 138 572 167 DIVINIS
585 137 786 168 NOMINIBUS,
803 137 880 165 CAP.
899 137 968 165 XIII.
982 153 1016 157 ——
1034 137 1210 166 PAIHPHR.
1228 138 1451 167 PACIIYMERE
1674 140 1726 168 956

139 197 153 232 §
175 196 206 224 ll.
225 196 269 224 Un
282 206 300 224 λε
315 203 414 227 autem,
431 198 492 230 quia
503 197 640 232 estomnin
652 197 738 227 unice,
748 201 801 223 etc.
814 195 883 222 llinc
895 195 1107 232 Cyparissiotus,
1124 196 1224 224 decade
1240 205 1268 229 ι,
1285 197 1439 232 Theologim
1458 198 1611 224 tttttteriztla:
1633 198 1726 229 decem

100 230 236 266 capitibus
249 240 263 260 c
276 233 394 259 Includit.
408 233 498 259 Primo
521 241 527 258 :
549 231 606 258 Non
620 236 747 265 oportere
760 231 924 266 quwrerejiit
938 230 1083 262 Triitilale,
1096 238 1155 265 qua:
1168 239 1249 265 supra
1260 230 1500 264 substaiitEintest,
1513 233 1621 261 habitus
1633 239 1660 260 et
1672 235 1729 263 dis-

101 264 270 301 positiones;
293 275 379 302 neque
394 275 454 295 esse
473 267 562 302 aliqua
579 264 652 293 circa
667 267 752 299 ipsam
768 264 830 300 qtae
851 264 1113 302 stibstatttiaiuuejus
1136 264 1299 299 compleant.
1323 268 1468 294 Secundo:
1487 268 1544 295 Non
1563 276 1622 295 esse
1642 270 1726 298 etiam

99 300 251 339 accidentia
265 300 474 339 quaepiantqua:
491 300 524 329 iit
535 302 687 339 substantia
699 301 757 339 ejus
771 302 903 328 exsistant
915 309 923 333 ;
942 308 991 327 nec
1003 300 1169 328 dili‘ereittias
1179 302 1370 339 substantiales
1384 303 1410 329 in
1430 304 1485 337 ipsa
1501 304 1623 339 intelligi,
1639 305 1726 339 siqui-

99 338 161 364 dctn
172 343 199 365 et
217 338 242 364 in
258 336 435 372 incorporeis,
454 345 515 372 quae
533 338 567 364 ab
581 337 637 369 ipsa
653 337 783 370 producta
802 341 875 367 sunt,
892 343 944 362 non
962 340 1074 372 oportet,
1087 344 1210 370 quati-ere
1228 336 1407 364 dill‘erentiam
1422 336 1633 371 substaiitiaeIet
1644 336 1726 368 ener-

99 372 161 407 gize,
172 381 268 407 nequc,
288 371 415 407 tanquam
430 373 502 400 aliud
518 373 554 409 ab
564 372 626 403 alio,
637 372 691 409 ista
706 377 734 398 ut
749 372 883 409 exsistant
898 372 1037 398 accidere.
1055 371 1157 409 Tertio,
1170 374 1242 409 quod
1258 373 1285 409 in
1300 374 1414 405 unitate,
1434 381 1493 407 qua:
1505 382 1583 409 supra
1599 376 1725 403 substan-

99 408 164 434 tiam
179 406 230 441 est,
243 417 294 435 non
305 406 496 442 sit’qitzerenda
513 408 611 442 ubique
627 406 777 434 iliﬂ'erentia
790 412 932 443 causa-,et
943 414 1051 432 causam
1067 407 1201 438 habentis,
1219 408 1262 435 ubi
1275 415 1308 434 ex
1323 409 1412 442 seipsa
1424 406 1522 435 dicitur
1535 406 1681 443 exsistere;
1699 417 1725 438 et

98 443 145 469 tibi
157 449 189 469 ex
203 443 290 477 seipsa
303 441 393 478 prodit
410 452 457 470 sua
471 441 577 478 energia
590 443 647 470 sive
658 443 797 475 operatio;
810 445 838 469 et
852 441 897 469 ubi
912 449 944 478 ex
956 442 1056 478 seipsa,
1073 448 1100 468 et
1115 450 1164 477 per
1180 444 1311 476 seipsani,
1329 441 1495 478 ad'seipsani
1510 451 1622 472 remeat.
1637 441 1725 478 Quar-

99 481 138 510 to,
155 479 225 512 quod
241 476 266 506 in
279 476 384 506 unitate
401 476 607 506 Trinitatisnon
620 482 744 511 oporteat
763 485 888 514 qumrere
905 477 978 514 aliud
995 476 1190 514 substantiam,
1211 483 1239 506 et
1259 478 1332 505 aliud
1352 476 1491 513 enerjgiani
1514 480 1572 507 sive
1586 476 1725 514 operatio-

97 520 176 551 ueni;
191 520 278 549 neque
294 515 346 550 tegi
357 514 530 551 homonyniia
545 514 618 541 verbi
633 513 763 551 elle_l‘gI:B,
778 521 830 551 nec
841 513 997 540 existimare
1010 520 1061 538 non
1076 513 1146 540 idem
1161 521 1221 540 esse
1238 513 1264 540 in
1277 522 1309 540 ea
1334 515 1516 551 substantiam
1533 520 1560 541 et
1573 513 1723 551 eiiergiam.

97 547 212 581 Quinto,
226 547 297 583 quod
315 547 340 576 iii
354 547 469 581 unitate,
486 557 546 584 quae
557 556 637 583 supra
649 548 830 575 substantiam
844 553 896 584 est.
917 555 969 584 non
986 553 1113 584 oporteat
1125 556 1249 583 quaerere
1264 549 1403 584 energiam
1421 557 1468 584 per
1484 551 1580 578 sesine
1598 547 1725 579 substan-

98 584 146 612 tia.
164 587 191 611 et
204 581 256 611 ιιοίι
269 593 317 618 per
325 581 560 622 seiexsisteniein;
578 581 665 622 neque
678 584 798 622 cogitare
811 583 891 622 simul
906 583 979 610 aliud
994 583 1060 617 quid
1072 581 1206 618 cuni-ipsa
1224 581 1344 622 unitate;
1358 581 1446 619 neque
1460 587 1496 612 ab
1512 586 1725 622 eardistittguere

97 625 176 645 suam
190 622 338 654 energiam.
351 621 447 652 Sexto,
460 621 531 654 quod
545 620 572 646 in
587 620 690 646 unitate
705 619 848 646 'l‘rinitatis
859 626 913 645 non
925 623 1051 652 oporteat
1065 626 1189 653 quaerere
1204 619 1278 646 aliud
1291 619 1470 647 substantiam
1488 626 1516 648 et
1529 621 1601 648 aliud
1615 619 1725 649 ho'nita-

97 628 176 645 sitain
190 628 256 647 ener
276 629 338 648 iam.
351 628 447 652 aeno,
460 628 531 654 quoa
545 628 572 646 in
587 628 690 646 unitate
710 628 848 646 irinitatis
859 628 913 645 non
925 628 1051 652 oporteat
1065 628 1189 653 quaerere
1204 628 1278 646 anuu
1291 628 1470 647 substantiam
1488 628 1516 648 et
1529 628 1601 648 attuu
1615 628 1722 649 ttonita-

97 658 165 686 tein,
179 662 229 682 nec
239 628 312 683 afiud
329 655 444 683 formam
456 660 482 682 et
496 655 568 682 aliud
579 654 772 687 substantiam,
789 661 838 681 nec
854 653 928 680 aliud
942 654 1023 681 vitam
1040 655 1080 680 vel
1093 655 1258 688 sapientiam
1276 655 1317 681 vel
1334 655 1472 687 virtutem,
1494 655 1567 683 aliud
1581 663 1646 683 vero
1658 657 1722 684 sub-

95 690 367 728 statttiaittejtisdetiu
383 691 518 728 Septimo,
537 698 589 718 non
607 690 672 728 item
688 689 862 728 quaerendum
878 689 961 728 _aliu_d
981 690 1246 728 essencognitionem
1263 690 1340 728 ejus,_
1357 692 1398 717 vel
1420 691 1583 728 cltaritatem
1595 691 1664 728 cjits,
1682 692 1723 718 vel

95 724 328 758 pulchritudinem
344 724 470 759 ejus,7vel
487 724 719 753 immortalitatent
735 724 802 757 ejus,
815 730 843 751 et
859 724 910 751 alia
925 724 1068 757 ejusntodi,
1086 725 1159 751 aliud
1172 732 1236 752 vero
1252 725 1418 759 singularem
1433 726 1492 760 ejus
1504 724 1684 753 substantiam
1697 733 1725 754 et

94 760 285 797 exsislentiam
300 768 464 797 supraquani
491 761 621 788 divinant.
632 760 745 792 Octavo,
758 760 830 797 quod
847 760 874 786 in
893 761 998 797 unitate
1011 767 1093 794 supra
1110 760 1356 797 substantiamnon
1368 766 1493 794 oporteat
1511 769 1644 795 quati-ere,
1660 763 1723 796 quia

94 795 155 832 litae
177 801 228 832 est,
241 797 343 828 omnia,
359 795 460 823 ideirco
476 796 557 822 ntulta
570 796 628 830 ejus
643 803 721 832 esse;
737 800 764 822 ct
785 795 892 832 diversa
903 796 1018 832 omnia;
1034 801 1076 832 est
1091 795 1163 832 enini
1177 804 1208 822 ea
1226 796 1316 832 omnia
1338 796 1394 829 ipsa
1410 796 1503 823 divina
1522 801 1550 823 et
1569 797 1649 824 beata
1665 795 1724 832 ejus

93 830 261 863 substantia,
275 839 334 866 quae
348 832 428 859 habet
441 832 544 864 omnia,
560 839 612 857 non
626 836 654 857 ut
665 830 718 857 alia
738 831 764 857 in
781 830 844 861 alio,
861 831 907 857 sed
922 830 981 867 sine
998 830 1158 857 habitudine
1176 836 1202 858 et
1215 831 1339 862 collecte,
1361 831 1428 858 nihil
1446 832 1548 858 habens
1570 830 1686 867 duplex;
1697 837 1724 859 et

93 872 177 900 supra
190 874 271 893 omne
285 875 379 894 unum.
392 867 480 899 Nouo,
497 867 568 901 quod
582 867 607 893 in
625 867 741 897 unitate,
756 874 817 900 quae
833 873 913 901 supra
923 866 1101 892 substantiam
1117 871 1170 897 est,
1186 874 1274 900 neque
1289 867 1452 901 principium
1474 867 1534 900 ejus
1558 866 1677 901 reperire
1692 869 1723 894 Il-

92 907 166 933 ceat,
183 909 271 936 neque
287 903 417 935 medium,
430 900 516 936 neque
532 902 611 928 liuent
625 910 632 934 ;
665 909 752 935 neque
765 902 800 928 sit
810 900 911 935 aliquid
928 905 1023 932 totum,
1041 901 1104 935 quia
1118 901 1145 927 in
1159 909 1323 936 unoquoque
1336 909 1430 928 eorum
1459 910 1519 936 quac
1533 900 1723 936 intelliguntur

91 940 138 963 est
150 941 203 963 tota
221 943 248 964 et.
261 938 337 971 sola;
362 945 450 972 neque
465 938 500 963 sit
515 937 617 972 aliquid
636 944 731 964 eorum
743 944 804 971 quae.
818 941 892 968 sunt,
911 936 1049 972 quiakipsa
1065 941 1105 962 est
1121 937 1232 968 omnia;
1254 945 1341 970 neque
1363 937 1446 964 liceat
1464 946 1518 964 utio
1534 939 1644 965 notitiae
1659 947 1721 965 eaiit

91 972 248 1005 cornplecti.
266 970 388 1004 Decimo,
401 970 472 1006 quod
489 970 578 999 unitas
595 971 739 999 Trinitatis
753 970 839 1007 supra
851 978 959 998 omnent
972 970 1052 1006 532
1067 972 1250 999 substantiam
1264 973 1310 1004 sit,
1325 977 1352 998 et
1365 980 1446 1007 supra
1465 980 1572 999 onmem
1591 975 1721 1000 unitatem

90 1011 117 1043 cl
137 1008 287 1035 trinitatem
303 1009 380 1035 nobis
396 1008 548 1043 cognitam;
560 1012 587 1034 et
599 1008 669 1042 quod
685 1015 773 1041 ireque
788 1006 940 1043 substantia
957 1012 1002 1038 sit,
1015 1015 1067 1034 nec
1082 1007 1182 1038 unitas,
1200 1015 1288 1041 nequc
1300 1006 1408 1034 trinitas
1422 1009 1456 1035 ab
1473 1008 1527 1034 ullo
1538 1009 1658 1042 cognita,
1673 1017 1723 1035 nec

91 1042 212 1075 inlinita,
230 1049 278 1070 aut
302 1044 328 1070 in
349 1041 442 1071 multis
471 1041 624 1070 numerata.
643 1042 708 1069 Vide
731 1046 788 1069 iniec
812 1042 884 1076 apud
912 1041 1126 1076 Cyparissiotum
1158 1049 1208 1076 per
1240 1045 1333 1070 decem
1361 1043 1450 1076 capita
1483 1041 1721 1076 l'usius’deducta,

88 1082 119 1139 ﬁt
136 1086 172 1118 ex
197 1078 322 1106 Pati-ibus
341 1087 374 1106 ac
392 1079 540 1114 Scripturis
557 1078 744 1113 comprobata.
756 1077 876 1105 Consule
888 1076 972 1104 etiam
988 1078 1021 1105 D.
1033 1077 1177 1110 Thomam,
1198 1084 1275 1111 parte
1290 1085 1311 1110 i,
1333 1084 1429 1112 quiest.
1452 1078 1480 1111 3,
1500 1079 1539 1105 De
1552 1079 1722 1113 simplicitate

118 1121 152 1139 ei.

118 1121 152 1140 ﬂ.

128 1148 141 1184 ᾗ
163 1148 205 1176 Ill.
228 1148 311 1176 Nulla
329 1154 415 1176 autem
438 1150 525 1177 unitas
543 1149 582 1176 uel
596 1150 712 1181 trinitas,
728 1152 793 1180 etc.,
811 1147 922 1181 explicat
936 1155 1062 1174 arcanum
1078 1147 1154 1175 illud.
1170 1148 1236 1175 Nota
1254 1156 1315 1176 cum
1334 1149 1458 1176 aianuele
1474 1148 1589 1176 Calecha
1607 1149 1632 1176 in
1649 1149 1721 1176 libro

89 1182 286 1216 De'Trinitute,
304 1186 446 1220 imagines,
466 1192 533 1220 quas
551 1184 646 1220 Patres
659 1185 851 1219 excogitarititt
866 1184 898 1209 ad
914 1184 1119 1210 assiitiilandunt
1134 1192 1180 1211 eas
1195 1191 1332 1219 utcunque
1346 1184 1485 1220 'l‘riititati.
1501 1184 1649 1219 Gregorius
1666 1184 1720 1210 Na-

88 1226 237 1247 zranzt-nns
255 1228 317 1247 cum
329 1219 408 1248 oculo
420 1219 514 1252 fontis,
530 1226 557 1247 et
569 1219 653 1251 fonte,
663 1225 690 1247 et
705 1220 786 1246 lluvio
801 1224 957 1253 comparat;
977 1219 1041 1245 item
1056 1227 1118 1246 cum
1132 1220 1199 1250 Sole,
1213 1220 1301 1252 radio,
1318 1219 1438 1253 lumine;
1461 1219 1524 1246 item
1537 1227 1599 1247 cunt
1616 1224 1720 1250 metite,

88 1254 248 1291 ἐνθυμήσει,
262 1256 288 1283 id
300 1261 341 1284 est
358 1255 588 1287 consideratione,
599 1255 701 1288 animo,
717 1256 743 1282 in
761 1255 860 1291 quibus
876 1258 984 1291 nonest
994 1254 1092 1291 divisio
1111 1254 1151 1281 vel
1166 1255 1268 1288 sectio;
1283 1256 1347 1281 item
1364 1263 1426 1282 cunt
1442 1255 1541 1289 triplici
1557 1255 1614 1282 sole
1627 1260 1654 1282 et
1666 1262 1719 1291 tina

88 1288 199 1318 luminis
214 1291 414 1318 commistione.
427 1291 576 1325 Gregorius
590 1291 728 1325 i‘tyssenus
742 1291 768 1317 in
781 1290 827 1316 lib.
841 1290 876 1316 De
893 1288 1024 1315 'l'ri'nitate
1041 1290 1099 1317 IICBC
1113 1291 1166 1316 tria
1183 1291 1248 1317 dicit
1263 1298 1325 1317 esse
1342 1291 1366 1317 in
1381 1288 1551 1324 ιιυιιίείιιιιω
1565 1295 1630 1317 sunt
1643 1289 1718 1322 νοῦς,

87 1325 177 1360 λόγος,
195 1325 313 1362 πνεῦμα.
333 1335 343 1352 ι
360 1326 445 1360 Mens,
459 1327 556 1360 inquit,
569 1331 639 1360 parit
653 1328 797 1357 rationem,
810 1325 880 1351 ratio
895 1329 985 1362 itiovet
1000 1330 1130 1362 utentem,
1147 1329 1174 1352 et
1187 1333 1276 1360 neque
1286 1334 1361 1352 utens
1373 1326 1554 1362 siueratioite
1568 1330 1620 1356 est,
1633 1332 1720 1360 neque

87 1362 160 1388 ratio
185 1363 244 1389 sine
266 1360 376 1394 ‘ntente;
405 1363 530 1389 similiter
553 1368 613 1388 stne
633 1361 742 1395 spiritu,
772 1361 816 1394 qui
846 1364 888 1387 est.
926 1360 954 1386 in
981 1361 1071 1393 nobis,
1097 1369 1150 1387 non
1180 1362 1233 1388 erit
1251 1369 1284 1387 ex
1313 1366 1413 1387 tuente.
1435 1361 1507 1393 lianc,
1529 1361 1626 1395 inquit,
1656 1367 1720 1387 sunt

86 1398 214 1431 aequalia,
227 1402 254 1424 et
266 1398 387 1432 separari
399 1405 414 1424 a
427 1405 455 1424 se
468 1398 586 1424 invicem
602 1404 655 1423 non
665 1395 861 1432 possunt.b‘ic,
871 1395 968 1427 inquit,
984 1396 1189 1432 intelligendum
1202 1397 1282 1424 estin
1301 1395 1444 1423 Trinitate.
1462 1405 1471 1421 ι
1492 1396 1545 1423 Alii
1557 1404 1619 1422 cum
1634 1395 1718 1427 fonte,

86 1432 170 1458 ﬂuvio
189 1438 217 1460 et
233 1431 307 1467 lacu;
320 1441 381 1460 cum
395 1433 466 1468 igne,
482 1433 588 1458 ﬂamma
613 1437 641 1458 et
654 1432 766 1458 lumine.
779 1431 898 1468 Cyrillus
911 1439 972 1468 eum
990 1431 1092 1464 radice,
1108 1439 1184 1458 ramo
1200 1438 1226 1458 ct
1254 1433 1363 1463 l'ructu;
1381 1432 1452 1458 idem
1466 1440 1528 1458 cuni
1545 1432 1643 1468 digito,
1659 1438 1720 1457 ma-

87 1475 123 1494 nu
143 1472 170 1494 et
195 1469 324 1501 brachio;
340 1473 367 1496 et
391 1466 460 1495 alias
484 1476 544 1495 cum
562 1475 634 1500 rosa,
648 1468 714 1494 [lore
727 1473 755 1494 et
765 1468 859 1494 odore.
875 1466 955 1493 litltis
968 1468 1096 1493 omnibus
1111 1468 1286 1500 reperiuntur
1301 1468 1423 1501 quaedam
1442 1466 1632 1501 inseparabilia
1655 1474 1670 1492 a
1688 1473 1719 1493 se

86 1508 193 1536 mutuo,
208 1511 268 1537 qua:
281 1509 464 1535 assumuntur,
481 1505 515 1530 ad
539 1503 733 1530 declarandum
749 1507 886 1536 utcunque
904 1509 964 1528 csse
984 1507 1039 1537 tres
1054 1509 1185 1536 personas
1204 1503 1412 1537 inseparabilcs,
1436 1503 1647 1537 proprietatibus
1661 1501 1719 1528 dis-

87 1538 200 1571 tinctas,
218 1536 245 1566 et
266 1541 346 1566 unius
360 1539 530 1573 substantiae,
547 1539 584 1566 ita
604 1543 632 1565 ut
650 1539 685 1565 ab
700 1539 754 1565 alio
774 1542 897 1565 sumatur
910 1537 941 1563 τὸ
955 1536 1117 1572 ἀχώριστον,
1147 1538 1174 1564 id
1191 1543 1234 1565 est
1247 1536 1459 1572 inseparabiliter
1473 1536 1665 1573 personarum,
1683 1537 1718 1564 ab

85 1574 140 1601 alio
157 1575 188 1601 τὸ
203 1574 355 1610 ὁμοούσιον,
371 1575 398 1602 itl
413 1579 454 1602 est
464 1573 735 1602 coiiaubsluutialitui.

612 1721 854 1752 PARAPHRASIS
869 1720 1094 1750 ΡΑΟΙΙΥΜΕΚᾹΞ
1114 1721 1180 1757 (50).

122 1792 136 1827 §
151 1793 171 1818 ι.
197 1791 255 1818 Ἐπ’
269 1791 335 1817 αὐτὸ
349 1792 433 1826 χωρεῖ
448 1791 478 1817 τὸ
488 1791 662 1827 ἰσχυρότατον
672 1791 827 1825 κεφάλαιον,
843 1791 871 1817 τδ

961 1791 974 1827 §
990 1791 1009 1818 l.
1031 1790 1142 1818 Transit
1163 1792 1196 1818 ad
1210 1795 1291 1825 caput
1306 1790 1382 1823 illud,
1398 1792 1469 1824 quod
1488 1792 1658 1826 potissimum
1673 1797 1716 1821 est

84 1839 148 1874 περὶ
162 1837 264 1864 τελείου
287 1837 333 1863 καὶ
356 1838 423 1868 ἑνός.
445 1836 508 1868 Πῶς
527 1837 555 1863 δὲ
578 1837 768 1872 ίσχυρότατον;
789 1838 830 1864 ὃτι
844 1838 873 1864 αἱ

86 1886 134 1921 μὲν
148 1884 225 1912 ἄλλαι
240 1884 387 1918 Οεωνυμίαι
403 1883 452 1918 μία
471 1884 518 1910 καὶ
533 1882 594 1909 καθ’
609 1882 693 1919 αὐτὴν
707 1883 827 1917 ἐλέγετο,
842 1883 873 1910 τὸ

83 1932 112 1958 δὲ
125 1931 225 1957 τέλειον
240 1930 384 1964 συνάγεται
395 1938 401 1944 ·
418 1930 458 1956 ὅτι
474 1930 563 1956 πάντα
572 1929 679 1964 λέγεται
694 1931 708 1956 ὁ
722 1930 819 1963 αἴτιος,
831 1931 872 1958 οὑ-

82 1977 154 2008 δενὺς
164 1976 378 2011 ἀπολειπομένου
393 1975 446 2002 τῶν
460 1975 589 2002 αἱτιατῶν
599 1977 638 2007 είς
652 1976 682 2002 τὸ
698 1975 736 2012 μὴ
746 1976 872 2010 λέγεσθαι

83 2024 115 2049 ἐκ
128 2022 231 2049 τούτου.
249 2023 334 2049 Ὅπου
351 2022 378 2048 δὲ
392 2022 466 2049 οὐδὲν
489 2022 617 2053 ἐλλείπει,
640 2022 740 2048 τέλειον
763 2022 873 2055 πάντως

83 2069 150 2105 ἐστί.
167 2069 221 2096 Καὶ
240 2068 320 2095 πάλιν
335 2068 391 2104 ἅμα
409 2068 497 2095 πάντα
517 2069 635 2102 λέγεται,
661 2069 707 2095 καὶ
725 2070 756 2095 οὺ
772 2069 803 2096 τὸ
823 2070 872 2105 μὲν

83 2116 224 2151 πρότερον,
239 2115 270 2142 τὸ
286 2115 314 2142 δὲ
329 2115 456 2151 ὕστερον·
479 2116 495 2151 ἢ
520 2115 550 2141 τὸ
567 2115 615 2151 μὲν
629 2116 676 2141 ἐπὶ
691 2115 783 2147 πλέον,
799 2115 829 2142 τὸ
844 2116 872 2143 δὲ

83 2163 124 2188 ἐπ’
139 2162 261 2189 ἔλαττον·
273 2162 289 2198 ἢ
304 2162 334 2188 τὸ
352 2163 400 2198 μὲν
413 2162 599 2198 χρονιωτέρως
608 2163 655 2188 καὶ
666 2163 870 2199 μονιμωτέρως,

81 2209 112 2235 τὸ
134 2209 161 2235 δὲ
180 2209 212 2235 δι’
228 2208 317 2242 ὀλίγου
332 2209 379 2235 καὶ
391 2209 557 2239 ἐπιπολαίως
568 2217 575 2224 ι
602 2208 691 2235 πάντα
705 2210 759 2245 γὰρ
774 2210 872 2246 ἐπίσης

83 2255 284 2287 ἀπολείπονται,
315 2255 366 2282 κᾶν
384 2255 498 2289 ἄγγελον
527 2255 624 2287 εἴποις,
649 2255 701 2282 κᾶν
727 2256 870 2292 μύρμηκα,

83 2301 175 2337 ὥσπερ
196 2301 228 2337 δὴ
246 2302 343 2338 ἐπίσης
364 2302 556 2328 ἀπολείπονται
571 2302 639 2337 πρὸς
653 2301 683 2328 τὸ
696 2301 809 2338 ἄπειρον
824 2303 871 2330 καὶ

82 2347 115 2373 τὰ
128 2348 201 2382 χίλια
219 2349 266 2374 καὶ
281 2348 315 2374 τὰ
328 2348 402 2374 δέκα.
421 2349 523 2382 Ἤγουν
543 2348 593 2374 οὑκ
607 2345 641 2383 ἦν
663 2348 717 2374 ἀπό
735 2356 808 2379 τινος
818 2348 871 2375 τῶν

82 2394 209 2421 αἰτιατῶν
229 2395 244 2420 ὁ
257 2395 342 2426 αἴτιος
358 2394 500 2428 λέγεσθαι·
516 2394 532 2429 ἢ
549 2395 573 2420 εἰ
587 2394 641 2420 ἀπό
657 2402 739 2425 τινος,
755 2395 803 2420 καὶ
818 2394 872 2421 ἀπὸ

83 2441 198 2467 πάντων.
215 2441 306 2472 Ὅθεν,
321 2442 345 2467 εί
360 2441 418 2477 ἅμα
428 2441 516 2468 πάντα
531 2441 654 2475 λέγονται
669 2441 716 2467 ἐπὶ⁵
725 2440 804 2473 Θεοῦ,
819 2441 870 2477 ἤδη

925 1837 958 1863 de
986 1836 1106 1871 perfecto
1131 1841 1158 1863 et
1184 1845 1247 1864 uno.
1274 1837 1414 1869 Quomodo
1438 1845 1502 1864 vero
1526 1838 1717 1872 potissimum?

924 1882 1052 1916 quoniam
1064 1882 1123 1908 alia:
1135 1882 1245 1916 quidem
1260 1881 1308 1908 Dei
1323 1881 1559 1909 dettoininationes
1572 1883 1605 1910 de
1620 1891 1672 1910 una
1686 1891 1717 1911 re

924 1928 1051 1967 quapiam
1067 1934 1192 1955 seorsum
1207 1928 1379 1960 dicebantur,
1394 1927 1527 1962 pcrl’ectio
1547 1936 1614 1956 vero
1631 1936 1716 1964 copu—

924 1973 1014 2007 latur;
1031 1974 1268 2009 quonianicausa
1294 1975 1415 2002 omnium
1439 1975 1613 2007 praedicatur,
1641 1975 1716 2002 nullo

923 2020 1020 2048 ell'ectu
1037 2021 1189 2054 deﬁciente,
1203 2021 1249 2056 qui
1263 2029 1316 2048 non
1330 2021 1364 2048 ab
1380 2021 1430 2048 hac
1445 2021 1634 2048 denominatur
1647 2030 1654 2047 :
1669 2022 1715 2048 ubi

924 2073 1013 2093 autent
1026 2067 1204 2100 niliildeﬁcit,
1218 2067 1411 2101 perlectiojani
1420 2067 1530 2093 omnino
1540 2067 1659 2094 exsistit.
1678 2067 1712 2094 Et

926 2119 1032 2139 rursum
1058 2112 1138 2139 simul
1165 2113 1255 2139 omnia
1281 2112 1392 2146 dicitur,
1420 2117 1447 2139 et
1470 2120 1523 2139 non
1540 2112 1591 2140 hoc
1605 2113 1714 2148 quidem

924 2159 1010 2194 prius,
1036 2158 1151 2186 alterunt
1178 2167 1242 2186 vero
1276 2160 1429 2194 posterius;
1461 2159 1502 2186 vel
1523 2159 1574 2187 hoc
1601 2161 1713 2194 quidem

925 2206 1021 2240 magis,
1039 2205 1152 2232 alterum
1169 2213 1234 2233 vero
1259 2206 1366 2238 minus;
1394 2205 1435 2232 vel
1451 2205 1501 2232 hoc
1515 2206 1625 2241 quidem
1644 2213 1714 2234 tent-

924 2260 991 2286 pore
1004 2252 1131 2287 longiori,
1148 2256 1173 2278 et
1189 2253 1419 2287 perseverantius,
1437 2253 1501 2279 illud
1515 2261 1579 2280 vero
1594 2253 1714 2281 breviori

923 2303 950 2324 et
974 2298 1079 2331 obiter;
1095 2298 1187 2325 omnia
1212 2300 1284 2326 enim
1309 2299 1451 2334 mqualitcr
1467 2301 1502 2328 ab
1521 2302 1580 2336 ipso
1600 2301 1713 2335 distant,

923 2345 980 2371 sive
993 2345 1118 2380 angelum
1131 2345 1245 2376 dixeris,
1255 2345 1313 2372 sive
1326 2346 1478 2380 formicam,
1490 2347 1563 2375 sicut
1574 2348 1714 2383 qualitcr

923 2393 956 2417 ab
966 2391 1071 2418 inﬁnito
1086 2391 1271 2419 distantmille
1283 2397 1311 2419 et
1325 2393 1428 2419 decem.
1445 2392 1539 2429 Itaque
1553 2402 1607 2421 non
1622 2399 1714 2429 potest

924 2438 957 2464 ab
969 2438 1059 2472 aliquo
1074 2438 1170 2465 elTectu
1186 2446 1269 2465 causa
1290 2439 1355 2470 dici,
1368 2439 1409 2466 vel
1423 2440 1447 2467 si
1469 2441 1503 2467 ab
1522 2441 1614 2474 aliquo
1627 2441 1712 2467 etiam

82 2488 242 2522 ἐμφαίνεται
253 2488 300 2514 καὶ
313 2487 343 2512 τὺ
353 2487 381 2513 ἓν
391 2495 397 2502 ε
415 2488 438 2513 εἰ
452 2486 506 2522 γὰρ
523 2487 560 2523 μὴ
574 2485 608 2522 ἦν
625 2487 796 2522 ὑπερέχουσα
814 2487 871 2514 ἐνό-

924 2486 956 2512 ab
972 2486 1109 2512 omnibus.
1128 2485 1205 2513 Unde
1216 2486 1238 2512 si
1255 2486 1335 2513 simul
1347 2487 1438 2513 omnia
1452 2487 1580 2514 dicantur
1595 2488 1628 2514 de
1647 2487 1712 2520 Deo,

82 2542 129 2568 της
143 2533 172 2559 ὲν
186 2533 282 2568 τούτῳ,
297 2533 347 2559 οὐκ
362 2533 394 2560 ἂν
413 2533 567 2569 ὲφήρμοζεν
582 2533 709 2559 ἁπάντων
725 2533 809 2559 ὅντων
825 2534 872 2560 καὶ

83 2581 149 2615 ἃμα.
173 2580 247 2606 Ἐπεὶ
257 2579 320 2613 γοῦν
331 2579 401 2606 οὕτω
409 2580 494 2606 ταῦτα
503 2579 604 2606 τέλειον
618 2580 725 2614 λέγεται
739 2580 769 2606 τὸ
784 2579 870 2611 Θεῖον,

83 2628 113 2654 οὐ
127 2627 204 2662 μόνον
227 2627 265 2658 ὡς
289 2626 429 2661 μονοειδῶς
446 2627 628 2662 διοριςὸμενον
644 2627 687 2662 ἐφ’
710 2626 807 2653 ἑαυτοῦ
824 2627 872 2653 καὶ

83 2673 142 2701 καθ’
157 2673 246 2704 ἑαυτὸ,
273 2672 362 2709 (τοίτο
376 2673 431 2709 γάρ
448 2673 522 2700 ἐστιν
545 2674 608 2709 ὅρος
629 2673 749 2700 τελείου·
772 2673 803 2700 τὸ
823 2674 871 2708 ἀφ’

84 2720 177 2748 ἑαυτοῦ
197 2721 244 2748 καὶ
261 2722 310 2747 οὐκ
333 2719 442 2753 ἔξωθεν,
467 2721 514 2747 καὶ
528 2721 588 2747 καθ’
603 2721 680 2753 αὐτὸ,
693 2721 739 2747 καὶ
754 2722 784 2748 οὐ
801 2721 872 2748 κατὰ

84 2768 262 2803 συμϐεϐηκὸς,
275 2767 426 2804 μονοειδῶς,
444 2768 526 2803 ἡγουν
541 2767 602 2794 καθ’
619 2767 648 2794 ὃν
658 2768 690 2795 ἄν
704 2776 745 2799 τις
761 2767 872 2794 ἐπιϐάλ-

83 2812 122 2841 λοι
130 2814 239 2850 τρόπον,
253 2815 354 2850 ὁμοίως
363 2815 409 2841 καὶ
419 2814 525 2846 ταὺτῶς
539 2814 737 2850 ἀφορίζεσθαι),
749 2814 815 2841 ἀλλὰ
825 2815 873 2841 καὶ

921 2531 977 2566 jam
993 2536 1105 2566 apparet
1119 2532 1203 2559 etiam
1226 2532 1290 2560 illud
1315 2541 1397 2559 unum
1419 2542 1425 2559 ι
1446 2534 1497 2560 nisi
1521 2535 1594 2560 enim
1610 2542 1664 2568 quo
1680 2535 1714 2561 ad

926 2579 976 2605 hoc
990 2581 1080 2607 unitas
1094 2579 1138 2606 illa
1150 2580 1294 2612 emineret,
1313 2581 1407 2615 utique
1427 2581 1507 2607 simul
1529 2581 1611 2607 etiam
1631 2581 1713 2614 rebus

923 2626 1048 2652 oiiiitibus
1060 2634 1113 2653 non
1127 2627 1297 2654 conveniret.
1308 2627 1375 2654 Cum
1389 2627 1480 2660 itaque
1495 2627 1568 2654 Deus
1577 2627 1713 2661 perfectus

924 2673 1041 2706 dicatur,
1055 2681 1106 2700 non
1120 2674 1207 2700 solum
1223 2677 1351 2708 tanquam
1368 2673 1540 2701 tIitiforiiiiter
1554 2681 1569 2700 a
1583 2680 1612 2700 se
1623 2678 1651 2700 et
1665 2681 1713 2707 pci-

924 2727 954 2746 se
977 2720 1106 2747 deﬁnitus
1122 2721 1191 2755 (hace
1203 2721 1275 2747 enini
1291 2726 1332 2747 est
1347 2720 1459 2755 perfecti
1475 2721 1596 2747 delittitio
1612 2727 1620 2746 :
1635 2720 1713 2753 Quod

926 2773 940 2791 a
957 2772 986 2792 se
1001 2765 1067 2799 ipso,
1081 2770 1108 2792 et
1121 2773 1173 2792 non
1190 2765 1360 2793 extrinsecus
1377 2786 1385 2799 ,
1401 2771 1428 2793 et
1441 2773 1489 2801 per
1499 2774 1538 2798 se,
1553 2770 1580 2792 et
1595 2773 1649 2793 non
1664 2773 1713 2801 per

926 2812 1066 2840 accidens.
1086 2812 1268 2840 uniformitnr.
1292 2813 1363 2842 sive.
1377 2818 1406 2840 ut
1424 2814 1474 2841 hoc
1490 2813 1570 2841 modo
1585 2813 1646 2846 quis
1666 2820 1711 2841 ac-

118 2879 172 2911 (50)
189 2879 253 2909 Vidi:
267 2880 374 2910 Scholia
385 2881 414 2910 S.
432 2881 542 2910 Maximi
559 2887 624 2910 toni.
640 2881 671 2915 II,
690 2890 748 2917 cap.
769 2883 811 2916 15,
832 2881 868 2909 Dc
881 2882 976 2910 divinis
992 2882 1092 2910 nomiii.
