1929 3061
208 156 260 185 987

794 160 822 188 S.
841 161 991 190 DIONYSII
1004 161 1235 191 AREOPAGszE

1789 166 1846 194 988

208 215 304 250 cipiat,
315 215 444 244 strniliter
456 222 483 245 et
500 219 616 248 identice
631 216 758 247 deﬁnitur
773 240 780 254 ,
790 223 923 256 quinimo,
935 227 996 249 tan—

1054 223 1088 254 5);
1104 223 1260 258 ὑπερτελὲς,
1283 223 1353 250 κατά
1367 223 1415 250 τὸν
1432 223 1595 250 ἀποδοθέντα
1613 225 1675 260 περὶ
1689 223 1745 252 τῶν
1761 224 1842 252 θείως

209 269 290 297 quam
324 263 384 298 plus
414 271 496 298 quam
531 265 700 300 perfectum,
734 269 882 295 secundum
916 268 997 304 533

208 308 352 342 rationem,
375 309 401 336 in
426 310 525 338 divinis
547 311 702 340 nominibus
724 313 909 348 assignatam,
928 323 999 349 quo-

208 354 281 381 niam
296 363 328 382 ex
342 355 446 384 effectis
457 362 553 384 auctor
567 357 768 391 denominatur,
783 360 907 394 quamvis
914 361 996 389 etiam

207 407 289 434 supra
324 401 385 429 illos
405 403 451 436 sit,
469 408 497 430 et
519 411 568 438 per
588 410 731 431 excessum
757 406 913 434 nominetur
937 407 997 440 plus

207 454 289 481 quam
307 448 405 481 bonus,
424 449 484 483 plus
501 457 582 484 quam
599 451 726 478 essentia.
744 451 878 480 Czeterum
907 453 941 480 ab
954 453 996 480 ef-

208 493 328 521 fectuum
346 502 493 530 rerumque
509 496 674 531 perfectione
689 497 758 524 Deus
777 506 886 534 quoque
903 507 998 534 supra-

208 546 290 573 quam
302 539 436 574 perfectus
448 542 613 576 praedicatur
632 550 640 569 :
658 543 714 578 ipse
726 544 799 571 enim
813 545 854 572 sui
867 545 953 580 ipsius
971 550 998 574 et

209 585 271 611 ﬁnis
286 590 312 611 et
331 585 407 614 locus
423 592 475 620 est,
494 588 614 622 nihilque
626 597 708 623 supra
727 589 810 617 Deum
827 592 996 626 extenditur,

209 630 274 663 quin
295 630 380 657 etiam
400 631 516 666 ipsemet
543 633 647 661 inﬁnita
673 636 775 663 deﬁnit.
809 635 876 663 Nam
899 638 996 665 saecula

207 682 269 708 quae
282 681 345 703 sunt
362 677 467 704 inlinita
487 678 585 713 (neque
608 680 680 707 enim
696 681 775 708 ﬁnem
795 682 905 712 habent)
925 684 998 718 ipse-

209 726 266 748 met
275 721 381 749 inﬁnita
398 724 586 758 magnitudine
598 727 735 753 excedens
742 727 884 762 multiplici
894 735 944 755 sua
956 729 999 755 in-

209 766 316 794 ﬁnitate
327 768 567 803 complectiturmt
575 778 683 798 omnem
692 772 773 798 vitam
784 773 892 800 termini
905 780 1001 809 exper-

211 815 276 842 Iem,
284 812 346 839 utin
355 813 556 841 intellectilibus
565 823 572 841 :
583 823 634 842 non
643 817 715 843 enim
723 817 766 843 his
775 817 828 844 vita
838 819 999 846 terminatur

1048 269 1188 304 ὀνομάτων
1205 269 1315 304 τρόπον,
1331 270 1372 296 ὅτι
1388 270 1420 296 ὲκ
1441 269 1496 296 τῶν
1517 270 1645 297 αἰτιατῶν
1661 271 1710 306 μὲν
1726 271 1740 297 ὁ
1755 271 1843 303 αῐτιος

1048 315 1220 349 ὀνομάζεται,
1231 315 1299 351 πλὴν
1307 316 1354 342 καὶ
1370 316 1440 352 ὑπὲρ
1449 315 1536 342 ταῦτά
1545 317 1603 343 ἐστι
1611 318 1658 343 καὶ
1667 317 1845 352 ὑπεροχικῶς

1048 360 1154 394 λέγεται
1170 361 1351 397 ὑπεράγαθος,
1370 362 1539 397 ὑπερούσιος.
1557 362 1657 388 Λοιπὸν
1671 362 1725 389 ἀπὸ
1734 362 1782 389 τοῦ
1796 371 1843 388 τε-

1047 406 1119 433 λείου
1142 406 1197 433 τῶν
1217 407 1346 434 αἰτιατῶν
1368 407 1538 443 πραγμάτων
1556 407 1702 443 ὑπερτελὲς
1724 408 1755 434 τὸ
1769 408 1841 435 θεῖον

1048 451 1172 486 λέγεταιο
1188 453 1253 479 αὐτὸ
1276 453 1331 489 γὰρ
1349 452 1446 479 ἑαυτοῦ
1469 453 1516 480 καὶ
1539 454 1600 489 ὅρος
1617 454 1665 480 καὶ
1673 453 1755 485 τόπος
1768 455 1840 485 ἐστὶ,

1048 498 1096 524 καὶ
1123 498 1198 524 οὐδὲν
1222 499 1443 534 ὑπερεκτείνεται
1471 498 1519 525 τοῦ
1548 499 1627 531 Θεοῦ,
1655 499 1721 526 ἀλλὰ
1744 500 1841 526 καὶτὰ

1048 544 1148 580 ἄπειρα
1164 545 1244 576 αὐτὸς
1258 547 1371 580 περατοί
1381 553 1388 561 ·
1405 545 1467 577 τοὺς
1476 546 1530 580 γὰρ
1540 546 1641 577 αἰῶνας
1654 546 1782 581 ἀπείρους
1797 546 1841 573 ὕν-

1048 598 1098 621 τας
1115 590 1156 626 (οὺ
1173 590 1227 626 γὰρ
1243 590 1333 626 έχουσι
1356 591 1459 626 πέρας)
1475 591 1556 623 αὐτὸς
1575 591 1615 627 τῷ
1631 592 1737 628 ἀπείρῳ
1756 594 1840 628 μεγέ-

1049 636 1090 663 θει
1106 637 1247 672 ὑπερέχων
1269 637 1308 673 τῷ
1323 637 1419 664 ἑαυτοῦ
1435 638 1641 674 ἀπειροπλασίῳ
1656 639 1777 674 περιέχει
1792 639 1841 665 καὶ

1049 684 1139 711 πᾶσαν
1154 684 1294 720 ἀοριστίαν
1314 684 1397 720 ζωῆς,
1413 685 1451 716 ὡς
1467 685 1513 710 ἐπὶ
1526 685 1580 711 τῶν
1599 685 1715 720 νοητῶν·
1739 686 1770 711 οὺ
1785 685 1840 721 γὰρ

1049 729 1163 765 ὥρισται
1180 731 1282 762 τούτοις
1308 731 1322 757 ὁ
1333 731 1389 766 βίος
1409 731 1446 763 ὡς
1468 731 1514 757 ἐπὶ
1529 731 1583 757 τῶν
1606 730 1766 766 ἀνθρώπων,
1782 731 1842 758 ἀλλ’

1049 775 1178 803 ἀθάνατοι
1201 776 1365 812 ἐκτίσθησαν
1377 786 1383 792 ·
1402 779 1416 803 ὁ
1431 777 1497 809 Θεὸς
1519 777 1558 813 τῷ
1579 778 1750 814 ὑπεραιωνὶῳ
1766 777 1846 808 ἐντὸς

1049 821 1100 856 τῆς
1117 822 1184 854 ἰδίας
1193 822 1342 858 ὰῖδιότητος
1355 823 1485 859 ὁρίζεται.

208 861 238 884 ut
257 858 283 884 in
300 858 465 892 hominibus,
481 860 527 887 sed
545 861 710 891 immortales
740 865 824 892 creati
857 870 931 898 sunt,
946 866 1018 895 Deus
1029 875 1094 896 vero
1110 870 1135 896 in
1154 874 1334 904 supermterna
1355 858 1463 905 propria
1486 871 1642 898 mternitate
1661 872 1838 898 terminatur.

245 904 306 940 δη.
335 905 422 933 Aliter
451 907 532 934 etiam
561 909 698 943 perfectus
723 910 841 944 dicitur,
870 916 997 947 tanquam

1086 915 1099 951 §
1115 916 1149 943 li.
1164 916 1220 942 Kal.
1235 915 1321 948 ἄλλως
1342 904 1444 943 τέλειον
1471 916 1580 951 λέγεται
1604 917 1651 944 καὶ
1671 917 1709 948 ὡς
1724 916 1842 949 ἀναυξὲς

209 959 298 985 neque
323 957 420 981 auctus
440 962 528 989 neque
546 955 725 990 imminutus;
742 965 830 993 neque
853 959 925 986 enim
951 967 999 987 au-

209 1003 347 1032 gmentum
360 1007 409 1027 nec
417 1000 624 1029 diminutionem
635 1003 755 1031 admittit
763 1005 834 1039 quod
842 1005 926 1033 etiam
939 1013 1000 1042 per-

210 1043 339 1072 fectionis
354 1050 396 1072 est
407 1047 432 1073 in
449 1054 482 1074 eo
495 1047 567 1082 qUnd
591 1049 788 1082 perfectionem
805 1051 899 1078 habet.
921 1052 998 1085 Item,

210 1091 275 1124 quia
298 1092 391 1119 omnia
415 1101 476 1127 quae
505 1094 624 1129 perfecta
647 1100 710 1122 sunt
724 1096 831 1130 perﬁcit
851 1098 999 1125 secundum

210 1143 291 1163 unam
306 1137 490 1166 inccssantem
509 1145 536 1166 et
554 1141 678 1168 eamdem
699 1142 901 1178 elargitionem.
924 1143 1000 1178 Quod

209 1181 303 1217 itaque
321 1183 399 1211 unice
410 1189 438 1211 et
454 1192 507 1211 non
519 1185 606 1213 divise
621 1187 726 1221 perﬁcit
741 1192 770 1215 et
786 1196 839 1216 non
855 1189 999 1224 minuitur,

210 1228 320 1263 plenum
334 1230 387 1257 erit
402 1235 430 1257 et
451 1238 616 1265 supraquam
633 1233 753 1268 plenum.
771 1234 859 1262 Unum
873 1243 940 1263 vero
961 1237 1001 1264 di-

211 1274 296 1306 citur,
311 1276 443 1309 quoniam
469 1278 619 1304 secundum
636 1287 719 1306 unum
735 1281 800 1315 quid
816 1282 907 1309 omnia
925 1283 1001 1310 unita

211 1324 274 1346 sunt
285 1328 382 1353 causa},
396 1327 423 1348 et
432 1322 490 1350 haec
502 1331 610 1350 rursum
622 1325 746 1353 omnibus
759 1328 907 1354 secundum
918 1336 1002 1356 unum

211 1366 335 1399 eminet;
353 1368 421 1394 nihil
439 1369 513 1396 cnim
528 1375 570 1397 est
583 1370 609 1397 in
627 1372 708 1399 rebus
720 1373 791 1406 quod
806 1375 886 1401 unius
898 1382 950 1402 non
966 1377 1003 1403 sit

212 1413 360 1448 particeps,
379 1414 427 1441 sed
442 1416 516 1443 sicut
529 1418 619 1444 omnis
632 1425 761 1445 numerus
782 1420 928 1454 participat
943 1421 1003 1448 uni-

213 1462 308 1492 tatem,
325 1463 352 1486 et
377 1468 447 1487 unus
465 1461 588 1489 binarins
603 1462 784 1497 denariusqne
808 1465 922 1499 dicitur;
939 1471 966 1493 et
980 1466 1003 1494 si

213 1504 299 1538 partis
315 1506 491 1539 memineris,
513 1508 588 1535 dices
605 1516 686 1535 unam
707 1509 848 1537 dimidiam
861 1531 868 1544 ,
881 1516 908 1539 et
922 1519 1003 1539 unam

213 1551 334 1583 tertiam,
354 1558 381 1579 et
407 1561 491 1580 unam
509 1555 657 1588 decimam,
673 1562 699 1583 et
727 1557 767 1584 sic
790 1558 939 1593 deinceps,
966 1560 1003 1587 ita

213 1598 296 1624 etiam
312 1599 416 1632 omnia,
433 1605 461 1627 et
483 1601 573 1629 omnis
595 1610 659 1636 pars
679 1604 819 1637 omnium,
840 1606 1005 1642 participant

223 1655 316 1681 mum;
332 1653 358 1675 et
373 1649 424 1676 hoc
435 1649 493 1684 ipso
506 1657 560 1684 quo
574 1656 615 1677 est
631 1659 713 1679 unum
726 1653 803 1686 illud,
817 1654 908 1681 omnia
921 1660 1002 1689 sunt;

214 1694 286 1721 sicut
303 1695 354 1722 hoc
376 1695 438 1730 ipso
452 1704 507 1731 quo
521 1703 564 1725 est
580 1696 682 1732 unitas,
703 1707 799 1727 omnes
812 1701 917 1727 numeri
932 1702 1005 1729 exei-

215 1746 305 1774 stunt,
322 1747 349 1769 et
361 1743 413 1770 hoc
429 1751 511 1770 unum
528 1753 580 1772 non
597 1750 640 1772 est
653 1754 736 1773 unum
753 1747 911 1775 multorum.
934 1748 1005 1776 Dens

214 1788 287 1814 enim
313 1795 383 1815 unus
406 1793 459 1823 est,
477 1790 560 1817 sicuti
579 1796 607 1817 et
627 1791 761 1825 simplex,
776 1797 804 1819 et
819 1792 960 1826 indivisus,
978 1799 1005 1821 et

214 1841 312 1868 expers
327 1834 488 1863 diﬂ'erentiae
504 1837 637 1871 speciﬁcre
651 1843 678 1865 et
697 1838 732 1865 ab
743 1839 869 1866 omnibus
882 1838 1004 1867 aﬁ‘ectio-

215 1879 295 1907 nibus
323 1886 349 1908 et
369 1882 556 1909 accidentibus
585 1882 700 1910 alienus.
728 1884 785 1911 Hoc
809 1884 897 1918 ipsum
923 1893 1004 1920 porro

216 1933 300 1952 unum
325 1926 397 1954 aliud
415 1928 473 1955 sive
499 1929 588 1964 majus
610 1929 668 1957 sive
693 1930 784 1958 minus
807 1930 910 1966 effugit,
938 1932 1005 1960 illud

216 1971 290 1999 enim
307 1980 390 2008 supra
406 1974 465 2001 haec
481 1974 600 2008 exsistit,
619 1980 699 2015 atque
713 1976 824 2012 insuper
849 1982 878 2004 ut
903 1979 1006 2013 princi-

216 2018 301 2053 pium,
315 2023 369 2046 tam
382 2019 469 2055 ipsam
482 2021 613 2048 unitatem
626 2029 707 2056 quam
721 2022 923 2051 multitudinem
939 2024 1006 2052 deﬁ—

217 2065 280 2091 nit:
299 2065 326 2092 in
344 2066 398 2092 Deo
412 2066 484 2093 enim
510 2071 573 2094 sunt
597 2074 692 2094 omnes
711 2075 783 2096 unus
805 2073 858 2096 tam
875 2069 920 2103 qui
943 2074 1006 2098 ante

217 2111 328 2138 fuerunt
347 2119 428 2146 qnam
449 2112 496 2147 qui
519 2112 603 2140 futuri
619 2118 701 2146 sunt;
717 2122 770 2141 non
785 2115 858 2142 enim
874 2115 910 2143 ibi
933 2115 1005 2143 aliud

217 2158 326 2192 quidem
345 2161 523 2193 praeteritum,
540 2161 612 2188 aliud
628 2167 692 2188 vero
706 2160 840 2195 futurum,
854 2161 931 2196 cujus
943 2169 1006 2196 par-

219 2206 377 2240 ticipatione
392 2211 446 2234 tam
461 2215 544 2234 unum
561 2208 611 2235 hoc
630 2207 716 2235 multa
738 2207 863 2241 deﬁniat,
882 2208 947 2236 licet
961 2209 1004 2236 di-

217 2253 381 2286 versimode,
400 2259 427 2282 et
439 2262 489 2282 nec
503 2259 544 2282 est
558 2254 628 2282 ullus
643 2255 750 2287 modus,
763 2255 912 2282 secundum
925 2263 1004 2290 quem

218 2300 302 2326 multa
314 2307 367 2326 non
381 2301 406 2327 in
418 2309 471 2328 uno
482 2296 759 2336 comprehendantur.
775 2301 840 2334 Quae
851 2302 923 2329 enim
936 2301 1006 2328 mul-

218 2350 246 2372 ta
261 2345 342 2381 53A.
358 2351 421 2374 sunt
434 2347 571 2382 partibus,
586 2352 650 2375 sunt
664 2355 747 2374 unum
762 2352 828 2380 toto,
844 2352 873 2375 ut
886 2355 1005 2382 corpus;

218 2398 278 2426 quae
298 2392 383 2418 multa
399 2397 463 2419 sunt
478 2393 665 2420 accidentibus
689 2398 752 2420 sunt
772 2401 854 2420 unum
872 2393 1005 2427 subjecto,

218 2441 249 2465 ut
265 2439 362 2471 homo;
378 2443 404 2465 ct
419 2445 478 2472 qua:
492 2439 575 2465 multa
593 2444 657 2466 sunt
679 2446 803 2471 nurnero,
819 2440 889 2466 sicut
910 2438 1006 2467 Petrus

219 2489 247 2511 et
264 2484 374 2518 Paulus,
391 2490 453 2512 sunt
469 2493 552 2512 unum
574 2485 680 2519 specie,
697 2491 810 2519 uterque
831 2486 902 2513 enim
926 2486 1006 2514 homo

219 2535 271 2558 est.
287 2530 352 2564 Quae
364 2538 447 2565 porro
461 2532 542 2558 etiam
559 2533 642 2558 multa
666 2537 729 2558 sunt
749 2533 910 2564 virtutibus,
928 2532 1005 2559 verbi

219 2577 317 2613 gratia,
328 2578 423 2609 carbo,
437 2578 494 2611 lux,
507 2576 626 2610 ﬂarnma,
641 2582 706 2604 sunt
719 2585 801 2604 unum
816 2577 922 2612 forma;
935 2579 1005 2613 ignis

218 2626 291 2654 enim
311 2627 403 2654 omnia
420 2635 428 2654 :
445 2633 473 2654 et
492 2634 553 2661 quae
571 2627 655 2655 multa
681 2633 746 2655 sunt
770 2628 1003 2663 processionibus,

219 2678 248 2699 et
260 2672 385 2700 consiliis
405 2673 449 2701 vel
472 2673 602 2709 operibus
613 2694 620 2706 ,
635 2678 698 2701 sunt
713 2682 796 2701 unum
818 2681 901 2701 causa
913 2694 921 2706 ,
935 2681 1005 2702 unus

218 2720 294 2746 enim
316 2728 349 2749 ex
365 2728 419 2756 quo
439 2722 553 2750 consilia
572 2722 613 2749 vel
630 2729 724 2756 opera,
740 2726 767 2749 et
783 2721 850 2748 nihil
863 2725 905 2748 est
917 2722 942 2748 in
961 2728 1005 2748 re-

219 2769 273 2797 bus
297 2770 369 2804 quod
392 2779 447 2799 non
475 2772 566 2806 aliquo
590 2771 671 2799 modo
697 2770 834 2806 particeps
854 2770 891 2798 sit
916 2770 1007 2797 unius.

221 2817 311 2846 Unum
329 2818 390 2846 dico
404 2818 481 2852 illud,
496 2819 567 2854 quod
581 2818 673 2846 omnia
689 2817 865 2852 participant,
878 2817 949 2851 quod
966 2823 1009 2844 se-

221 2865 340 2893 cundum
356 2866 446 2893 omnia
460 2871 487 2893 ct
503 2866 607 2900 integre
623 2865 728 2892 unitate
743 2872 790 2892 sna
812 2863 903 2890 omnia
926 2863 1007 2890 etiam

226 2919 292 2946 tota,
302 2914 394 2942 omnia
409 2915 491 2943 etiam
505 2913 644 2942 contraria
657 2912 854 2948 complectitur.
868 2910 1011 2943 Quomodo

1050 962 1098 988 καὶ
1111 962 1255 998 ἀμείωτον·
1270 962 1332 989 οὔτε
1347 962 1401 998 γὰρ
1411 963 1557 998 πρόσθεσιν
1570 962 1632 989 οὔτε
1651 963 1765 998 μείωσιν
1781 964 1843 989 ὲπι-

1049 1008 1166 1044 δέχεται,
1182 1009 1250 1045 ὅπερ
1265 1010 1311 1036 καὶ
1326 1009 1357 1036 τὸ
1377 1010 1478 1036 τέλειον
1493 1009 1548 1036 ἐστ·
1567 1009 1601 1037 ἂν
1647 1009 1750 1036 τέλειον
1773 1009 1841 1045 ἔχει,

1050 1055 1107 1081 Καὶ
1119 1055 1222 1086 ἄλλως,
1247 1056 1287 1082 ὅτι
1312 1055 1360 1082 καὶ
1383 1055 1417 1082 τὰ
1440 1055 1532 1082 τέλεια
1551 1055 1642 1082 πάντα
1658 1055 1844 1091 τελεσιουργεῖ

1050 1100 1122 1127 κατὰ
1145 1101 1209 1136 μίαν
1231 1101 1280 1137 τὴν
1294 1102 1432 1128 ἄπαυστον
1453 1102 1501 1128 καὶ
1522 1101 1629 1138 ταὺτὴν
1643 1102 1786 1137 χορηγίαν.
1805 1101 1842 1128 Τὸ

1050 1146 1116 1180 γοῦν
1130 1147 1238 1178 ἑνιαίως
1252 1148 1299 1174 καὶ
1309 1148 1339 1173 οὐ
1351 1147 1558 1183 μεμερισμένως
1572 1147 1779 1182 τελεσιουργοῦν
1793 1147 1841 1174 καὶ

1053 1192 1090 1228 μὴ
1106 1193 1300 1229 ἐλαττούμενον
1323 1195 1423 1221 τέλειον
1438 1194 1471 1221 ἂν
1484 1195 1526 1229 εῐη
1538 1194 1584 1220 καὶ
1599 1193 1781 1230 ὑπερτέλειον.
1793 1193 1843 1220 Ἓν

1051 1239 1079 1265 δὲ
1094 1239 1211 1273 λέγεται,
1227 1240 1268 1266 ὅτι
1281 1240 1342 1267 καθ’
1352 1240 1381 1266 ἓν
1397 1241 1485 1267 πάντα
1500 1241 1608 1272 ἑνιαίως
1622 1241 1681 1267 ἐστὶ
1695 1240 1735 1275 τῷ
1750 1240 1840 1276 αἰτίῳ,

1052 1286 1099 1312 καὶ
1115 1285 1195 1312 πάλιν
1210 1286 1335 1313 ἁπάντων
1350 1286 1411 1313 καθ’
1429 1287 1458 1313 ἒν
1472 1287 1610 1323 ὑπερέχει·
1625 1287 1700 1313 οὐδὲν
1714 1287 1768 1323 γάρ
1782 1287 1842 1313 ἐστι

1052 1332 1106 1358 τῶν
1120 1332 1203 1359 ὄντων
1219 1333 1352 1368 ἀμέτοχον
1366 1333 1412 1360 τοῦ
1427 1334 1496 1365 ἑνὸς,
1513 1333 1568 1360 ἀλλ’
1585 1333 1680 1369 ὥσπερ
1696 1334 1749 1365 πᾶς
1764 1332 1843 1369 ἀριθ-

1055 1378 1105 1414 μὸς
1130 1379 1243 1414 μονάδος
1264 1380 1383 1415 μετέχει,
1402 1380 1449 1406 καὶ
1470 1380 1519 1415 μία
1532 1379 1597 1412 δυὰς
1610 1380 1657 1406 καὶ
1671 1379 1752 1412 δεκὰς
1766 1380 1843 1414 λέγε-

1053 1433 1107 1451 ται·
1125 1425 1171 1451 καὶ
1185 1427 1209 1452 εί
1225 1426 1318 1461 μορίου
1334 1425 1522 1461 ἐπιμνησθῇς,
1545 1426 1630 1461 ἥμισυ
1646 1425 1674 1452 ἓν
1689 1425 1762 1461 ἐρεῖς
1773 1444 1780 1457 ,
1795 1425 1843 1452 καὶ

1053 1471 1144 1506 τρίτον
1154 1471 1193 1503 ἓν,
1205 1472 1252 1498 καὶ
1260 1471 1371 1498 δέκατον
1381 1472 1420 1503 ἒν,
1431 1472 1478 1498 καὶ
1488 1471 1596 1506 ἐφεξῆς
1608 1470 1679 1497 οὕτω
1687 1471 1734 1497 καὶ
1742 1471 1841 1499 πάντα.

1055 1517 1102 1543 καὶ
1117 1518 1172 1544 πᾶν
1188 1518 1282 1554 μόριον
1296 1518 1414 1550 πάντων,
1429 1517 1476 1544 τοῦ
1490 1517 1550 1549 ἐνὸς
1565 1517 1682 1552 μετέχει·
1698 1517 1746 1543 καὶ
1760 1517 1789 1543 ὲν
1804 1516 1843 1552 τῷ

1056 1561 1124 1590 εἶναι
1145 1564 1224 1590 τοῦτο
1244 1563 1275 1590 τὸ
1297 1563 1326 1590 ἒν
1349 1564 1438 1590 πάντα
1464 1564 1547 1595 ἐστὶν,
1563 1563 1657 1599 ὥσπερ
1671 1564 1700 1590 ὲν
1714 1563 1753 1598 τῷ
1774 1561 1844 1590 εἶναι

1055 1610 1104 1646 τὴν
1120 1611 1220 1646 μονάδα
1245 1611 1344 1642 πάντες
1365 1611 1389 1636 οἱ
1412 1610 1539 1646 ἀριθμοὶ,
1562 1610 1609 1636 καὶ
1623 1610 1673 1636 οὐκ
1693 1609 1750 1636 ἔστι
1765 1609 1796 1636 τὺ
1815 1609 1845 1636 ἓν

1054 1655 1134 1682 τοῦτο
1147 1656 1199 1683 τῶν
1215 1656 1320 1683 πολλῶν
1334 1656 1373 1683 ἓν.
1396 1657 1423 1683 '0
1440 1657 1488 1692 μὲν
1505 1656 1559 1692 γὰρ
1568 1655 1634 1688 Θεὸς
1647 1656 1676 1682 ἐν
1691 1656 1760 1687 ἐστι,
1776 1655 1845 1682 καθὸ

1056 1702 1159 1734 ἁπλοῦς
1172 1711 1212 1734 τε,
1229 1704 1276 1729 καὶ
1291 1703 1406 1739 ἀμερὴς,
1422 1703 1469 1729 καὶ
1482 1702 1532 1737 τῆς
1548 1703 1608 1729 κατ’
1625 1699 1695 1733 εἶδος
1712 1702 1845 1737 διαφορᾶς

1055 1747 1179 1784 ἄμοιρος,
1195 1749 1242 1775 καὶ
1256 1749 1364 1776 πάντων
1381 1748 1548 1784 παθημάτων
1565 1748 1611 1774 καὶ
1635 1747 1846 1783 συμϐεϐηκότων

1055 1793 1202 1829 ἀλλότριος.
1219 1794 1256 1820 Τὸ
1270 1795 1298 1821 δὲ
1309 1794 1405 1822 ταύτὸν
1421 1794 1450 1821 ἓν
1459 1793 1551 1831 ἕτερον
1565 1793 1582 1829 ἢ
1599 1793 1690 1829 μεῖζον
1703 1793 1719 1828 ἢ
1735 1792 1846 1819 ἔλαττον

1055 1840 1265 1874 περιπέφευγεν·
1281 1840 1351 1876 ὑπὲρ
1365 1840 1419 1876 γὰρ
1428 1839 1514 1866 ταῦτα.
1524 1840 1622 1871 ἐκεῖνο,
1637 1840 1684 1866 καὶ
1697 1839 1736 1865 ἐτι
1750 1839 1789 1871 ὠς
1796 1839 1845 1876 αρ-

1055 1885 1090 1922 χὴ
1105 1887 1150 1913 καὶ
1165 1886 1246 1913 αὐτοῦ
1262 1886 1309 1913 τοῦ
1330 1886 1388 1918 ἐνὸς
1403 1887 1450 1912 καὶ
1465 1886 1583 1922 πλήθους
1597 1886 1744 1922 όριστικόν·
1760 1886 1791 1912 ὲν
1806 1886 1845 1922 τῷ

1056 1932 1115 1968 Θεῷ
1135 1932 1190 1968 γὰρ
1210 1933 1234 1958 ot
1251 1933 1351 1964 πάντες
1365 1929 1415 1964 εἷς,
1431 1933 1478 1959 καὶ
1495 1933 1520 1958 οἱ
1543 1931 1672 1967 προόντες
1687 1932 1734 1957 καὶ
1748 1932 1774 1958 οἱ
1788 1931 1846 1958 eos.

1058 1987 1143 2013 μενοι·
1160 1979 1190 2004 οὐ
1205 1978 1259 2014 γάρ
1274 1979 1347 2005 ἐστιν
1370 1979 1428 2005 ἐκεῖ
1441 1978 1471 2004 τὸ
1493 1978 1540 2013 μὲν
1556 1977 1756 2013 παρεληλυθὸς,
1774 1977 1805 2003 τὸ
1818 1976 1846 2003 δὲ

1057 2025 1162 2061 μέλλον,
1178 2021 1209 2051 οὗ
1223 2026 1256 2060 τῇ
1280 2025 1379 2060 μετοχῇ
1395 2024 1441 2050 καὶ
1455 2023 1486 2050 τὸ
1499 2023 1528 2050 ἓν
1544 2023 1623 2049 τοῦτο
1636 2022 1671 2049 τὰ
1689 2023 1776 2050 πολλὰ
1796 2031 1847 2049 πε-

1057 2071 1180 2107 ριορίζει,
1197 2070 1265 2106 πλὴν
1285 2070 1435 2106 διαφόρως,
1459 2069 1506 2096 καὶ
1526 2069 1576 2096 οὑκ
1590 2068 1647 2095 ἐστι
1675 2068 1735 2095 καθ’
1755 2069 1848 2096 ὅντινα

1056 2117 1155 2153 τρόπον
1169 2118 1199 2143 οὐ
1214 2116 1462 2152 περιληφθήσονται
1483 2115 1517 2142 τὰ
1531 2114 1615 2141 πολλὰ
1629 2114 1668 2150 τῷ
1683 2115 1732 2141 ἑνί.
1749 2114 1787 2141 Τὸ
1794 2115 1849 2151 γὰρ

1057 2163 1142 2190 πολλὰ
1163 2165 1220 2195 τοῖς
1244 2163 1366 2199 μέρεσιν,
1391 2161 1513 2197 ὑπάρχον
1527 2161 1664 2197 δηλονότι,
1680 2161 1708 2187 ἓν
1722 2160 1762 2196 τῷ
1784 2161 1848 2197 ὅλῳ,

1057 2208 1112 2238 οἷον
1126 2211 1157 2237 τὸ
1172 2211 1260 2246 σῶμα·
1276 2210 1323 2237 καὶ
1337 2210 1369 2237 τὸ
1381 2209 1465 2236 πολλὰ
1478 2210 1534 2240 τοῖς
1549 2208 1750 2244 συμϐεϐηκόσιν
1765 2208 1796 2235 ἒν
1811 2209 1849 2244 τῷ

1023 2257 1242 2299 Βὺποκειμένῳ,
1266 2254 1322 2284 οἷον
1347 2257 1362 2283 ό
1386 2256 1542 2291 ἄνθρωπος·
1570 2255 1617 2281 καὶ
1647 2255 1679 2281 τὸ
1701 2254 1787 2281 πολλὰ
1810 2254 1849 2289 τῷ

1059 2303 1178 2339 ἀριθμῷ,
1203 2300 1259 2329 οἷον
1285 2302 1388 2338 Πέτρος
1403 2301 1450 2328 καὶ
1463 2300 1578 2332 Παῦλος,
1594 2299 1623 2326 ἓν
1642 2299 1682 2335 τῷ
1700 2299 1778 2331 εἴδει,
1805 2300 1850 2327 ἇν-

1060 2349 1073 2376 θ
1078 2358 1167 2385 ρωπος
1181 2349 1236 2385 γὰρ
1250 2349 1296 2375 καὶ
1309 2348 1467 2384 ἀμφότεροι.
1490 2347 1569 2373 Ἀλλὰ
1582 2346 1630 2372 καὶ
1643 2346 1673 2372 τὸ
1687 2345 1774 2372 πολλὰ
1791 2347 1850 2377 ταῖς

1057 2396 1215 2432 δυνάμεσιν,
1229 2393 1284 2422 οἷον
1298 2394 1410 2431 ᾶνθραξ,
1426 2394 1494 2429 φῶς,
1510 2393 1585 2428 φλὸξ,
1601 2393 1630 2420 ἒν
1643 2392 1682 2428 τῷ
1699 2392 1776 2426 εἴδει,
1795 2392 1849 2428 πῦρ

1058 2446 1114 2481 γὰρ
1128 2443 1227 2469 πάντα
1245 2442 1292 2469 καὶ
1305 2441 1335 2468 τὸ
1351 2441 1435 2468 πολλὰ
1448 2442 1508 2472 ταῖς
1523 2439 1646 2476 προόδοις
1661 2439 1707 2465 καὶ
1720 2440 1778 2470 τοῖς
1789 2438 1849 2474 βου-

1059 2489 1192 2524 λεύμασιν
1224 2488 1241 2524 ἢ
1263 2489 1318 2519 τοῖς
1336 2488 1426 2523 ἔργοις
1446 2486 1475 2513 ἓν
1488 2486 1528 2521 τῷ
1547 2485 1635 2520 αἰτίῳ·
1652 2482 1692 2517 εἷς
1708 2484 1764 2519 γὰρ
1779 2485 1809 2518 ἐξ
1821 2481 1850 2511 οὗ

1059 2535 1087 2562 αἱ
1104 2534 1221 2570 βουλαὶῆ
1235 2534 1269 2560 τὰ
1284 2533 1363 2570 ἔργα,
1380 2533 1427 2560 καὶ
1441 2531 1516 2559 οὐδέν
1530 2532 1588 2558 ἐστι
1608 2531 1662 2557 τῶν
1684 2530 1770 2556 ὄντων
1784 2529 1799 2556 ὃ
1814 2529 1850 2565 μὴ

1061 2581 1168 2617 μετέχει
1177 2589 1214 2616 πη
1224 2580 1272 2608 τοῦ
1282 2580 1350 2612 ἑνός.
1363 2580 1410 2606 Ἓν
1417 2579 1488 2613 λέγω
1496 2578 1526 2604 τὸ
1539 2578 1639 2604 ὲνιαῖον
1653 2576 1730 2607 αὐτὸ,
1747 2573 1850 2607 οὗτινος

1059 2628 1149 2655 πάντα
1166 2627 1317 2663 μετέχουσι,
1332 2626 1362 2652 τὸ
1375 2626 1404 2651 ὲν
1419 2624 1458 2660 τῷ
1473 2623 1543 2651 κατὰ
1563 2623 1651 2650 πάντα
1661 2623 1709 2649 καὶ
1721 2622 1850 2654 ὁλοτελῶς

1060 2673 1141 2709 ἐνικῷ
1151 2682 1238 2709 προσυ
1243 2671 1365 2708 νειληφδς
1377 2671 1467 2698 πάντα
1477 2671 1524 2698 καὶ
1536 2671 1594 2702 ὅλα,
1606 2669 1695 2695 πάντα
1706 2668 1755 2695 καὶ
1762 2668 1798 2695 τὰ
1805 2669 1851 2695 ἀν-

1059 2719 1275 2756 τικείμενα.Πῶς
1282 2719 1346 2753 γοῦν
1353 2717 1550 2754 προσυνείληφε
1558 2716 1591 2742 τὰ
1599 2716 1687 2742 πάντα
1694 2715 1725 2741 τὸ
1730 2715 1770 2747 ἓν,
1782 2715 1851 2750 μετὰ

1059 2767 1146 2794 ταῦτα
1157 2766 1329 2801 λεχθήσεται,
1345 2765 1389 2791 ὅτε
1410 2762 1655 2800 προεπινοούμενον
1669 2761 1806 2793 ἀποδείξει
1822 2761 1851 2787 τὸ

1060 2814 1100 2842 ἓν.
1123 2813 1202 2840 Ἀλλὰ
1217 2813 1305 2839 πάντα
1319 2811 1454 2846 λέγονται,
1470 2811 1534 2836 ὅταν
1548 2810 1585 2840 ὡς
1599 2809 1656 2844 εἴδη
1666 2809 1713 2834 καὶ
1725 2808 1795 2843 μέρη
1806 2808 1851 2834 καὶ

1063 2861 1189 2895 διαφοραὶ
1203 2859 1249 2885 τοῦ
1259 2859 1318 2890 ἑνὸς
1327 2857 1527 2893 λαμϐάνωνται·
1540 2856 1599 2882 ὅλον
1612 2855 1650 2886 δὲ,
1663 2857 1725 2882 ὅταν
1736 2854 1772 2880 τὰ
1782 2855 1850 2889 μέρη

1065 2907 1249 2942 συλλεγόμενα
1257 2905 1284 2932 ἓν
1296 2904 1390 2940 όλόκλη
1394 2912 1439 2940 ρον
1451 2901 1625 2933 (itm-.5165“,
1635 2899 1690 2928 οἷον
1701 2901 1748 2928 καὶ
1756 2901 1800 2927 τῦν
1809 2900 1840 2926 ἷιν
1875 2933 1880 2941 _
