1929 3061
68 165 122 194 989

351 165 395 192 DE
410 164 536 192 DlVlNIS
552 163 752 197 NOMINIBUS,
765 164 842 192 CAP.
862 164 969 193 XIII.—
989 164 1165 194 PARAPHB.
1179 165 1411 194 PACHYMER/E.

1653 166 1706 194 990

69 223 83 250 0
87 231 188 259 ρωπον.
195 222 242 249 καὶ
248 221 281 248 τὰ
287 221 333 248 τοῦ
342 220 484 256 ἀνθρώπου
501 220 643 256 σωματικὰ
652 221 732 256 μέρη,
744 220 761 255 ἢ
769 220 803 246 τὰ
813 219 858 255 τῆς

915 225 1005 248 autem
1020 229 1104 247 unum
1119 221 1169 248 hoc
1188 222 1279 248 omnia
1295 222 1466 256 complexum
1490 222 1536 255 sit,
1554 226 1646 257 postea
1666 223 1707 250 di-

68 269 164 300 οὐσίας
177 267 260 295 αὐτοῦ
277 268 357 303 μέρη.
372 265 428 294 οἷον
442 267 472 294 τὸ
486 267 603 302 λογικὸν,
614 267 644 293 τδ
654 267 759 302 θνητόν.
776 267 860 293 Πάλιν

68 316 159 342 πάντα
173 315 219 341 καὶ
234 314 268 340 τὰ
282 314 464 348 ἀντικείμενα,
477 314 559 349 ἤγουν
568 313 595 339 ἓν
605 313 719 340 ἕκαστον
731 315 860 348 στοιχεῖον

70 361 135 396 ἰδίᾳ..
150 361 205 387 Καὶ
219 360 299 386 πάλιν
313 361 342 386 ὲν
351 359 443 395 ταὺτῷ
457 359 491 386 τὰ
500 359 686 395 ἀντικείμενα,
694 359 758 385 ὅταν
769 358 797 385 ἐν
806 367 859 385 τινι

68 406 241 441 ὑποκειμένῳ
254 405 418 440 θεωρὼνται.
435 405 526 432 Πάντα
542 405 596 441 γὰρ
611 406 643 431 ὲκ
662 405 716 432 τῶν
731 405 864 432 ἐναντίων

69 451 209 487 στοιχείων
223 451 394 478 συνίστανται
403 451 451 478 καὶ
467 451 609 482 ἐνίζονται.
626 451 662 477 Τὸ
675 451 704 477 δὲ
718 451 858 478 ὑποθοῖτο

68 498 98 524 ὲν
112 498 202 529 ἄλλοις
218 497 267 533 μὲν
287 497 318 523 τὺ
338 497 399 524 καθ’
414 497 540 524 ὑπόθεσιν
555 496 732 532 λαμϐάνεται,
749 497 796 524 καὶ
812 497 858 523 ἐπὶ

67 544 124 571 τῶν
139 544 339 580 πραγματικῶς
352 545 402 570 οὐκ
421 544 521 576 ὄντων,
538 543 606 570 ἀλλὰ
628 544 699 579 λόγῳ
721 544 858 579 τυπουμέ-

67 599 132 617 νων”
148 590 263 617 ἐνταῦθα
282 591 371 626 μέντοι
386 591 435 626 οὐχ
447 590 518 616 οὓτω
531 590 657 625 ληπτέον,
673 590 741 617 ἀλλὰ
753 590 784 617 τὸ
798 590 858 617 κατ’

67 637 192 664 ἐπίνοιαν
205 637 276 672 λόγῳ
292 636 371 663 τοῦτο
385 636 475 663 θετέον
489 635 534 662 διὰ
547 636 595 671 τὴν
610 635 657 662 τοῦ
679 635 708 669 ἐξ
723 636 782 668 ἐνὸς
791 635 858 662 Θεοῦ

67 683 192 710 ἐκτίσθαι
203 683 355 717 ταύτότητα
364 704 371 716 ,
387 683 433 709 καὶ
447 683 478 709 τὸ
492 683 551 708 ὄλον
565 683 595 709 ἐν
608 683 664 714 τοῖς
681 682 776 718 μέρεσι
791 682 858 709 θεω-

69 728 186 764 ρεῖσθαι,
202 730 249 756 καὶ
263 729 291 756 ὲν
304 728 343 764 τῷ
356 729 409 764 ὅλῳ
423 728 457 754 τὰ
473 729 553 765 μέρη.

915 272 992 294 cetur
1002 268 1111 301 quando
1125 273 1339 303 prmconceptum
1356 268 1420 295 illud
1434 276 1517 296 unum
1530 268 1704 296 demonstra-

913 313 962 340 bit.
988 313 1124 340 Cancrum
1163 314 1254 340 omnia
1282 314 1430 347 dicuntur,
1458 316 1568 349 quando
1598 317 1706 350 species

912 364 939 385 et
961 363 1053 393 partes
1073 364 1100 386 et
1122 360 1283 386 diil'erentize
1298 360 1379 387 unius
1403 361 1591 396 accipiuntur;
1613 367 1702 390 totum

914 412 989 437 vero,
1003 405 1113 440 quando
1134 411 1226 440 partes
1248 406 1362 434 collecte
1385 415 1467 434 unum
1490 408 1624 442 integrum
1643 407 1702 436 eili-

912 451 996 483 ciunt,
1013 452 1088 478 verbi
1113 453 1212 487 gratia.
1229 453 1378 485 hominem,
1396 457 1488 486 partes
1504 453 1624 480 hominis
1637 461 1703 480 cor-

912 505 1012 532 poreae,
1023 497 1066 525 vcl
1080 503 1172 532 partes
1184 498 1244 534 ejus
1258 498 1394 530 essential,
1408 503 1437 525 ut
1447 499 1580 526 rationale
1591 504 1618 526 et
1629 506 1703 526 mor-

913 543 976 571 tale.
995 544 1124 576 Rursum,
1139 545 1231 572 omnia
1244 546 1325 572 etiam
1341 545 1491 577 contraria,
1510 546 1586 573 verbi
1601 546 1702 581 gratia,

911 592 1050 626 quodlibet
1065 592 1228 619 elementum
1247 599 1381 619 seorsum.
1394 592 1428 619 Et
1442 599 1550 619 rursum
1566 592 1592 619 in
1606 593 1701 619 eodem

911 638 1061 671 contraria,
1074 641 1183 672 quando
1197 638 1224 665 in
1239 638 1332 672 aliquo
1349 639 1473 672 subjecto
1481 639 1700 672 conspiciuntur;

913 683 1005 711 smnia
1023 684 1096 711 enim
1113 692 1147 711 ex
1164 684 1311 712 contrariis
1326 685 1468 712 elementis
1483 685 1699 712 constituuntur.

914 727 981 755 Illud
998 734 1099 763 autem,
1115 729 1242 756 ὑποθοῖτό
1252 738 1304 761 τις,
1322 729 1418 765 aliqui:
1436 735 1577 765 supponat,
1595 730 1622 758 in
1639 730 1702 758 aliis

70 776 180 810 quidem
198 775 348 803 secundum
367 775 531 810 hypothesin
550 775 608 802 sive
631 775 844 810 suppositionem
861 773 1013 809 accipitur;
1045 778 1128 803 etiam
1160 775 1188 803 in
1211 775 1244 802 iis
1266 783 1327 811 quae
1353 784 1382 804 re
1415 776 1472 810 ipsa
1493 784 1547 804 non
1567 777 1701 812 existunt,

66 823 116 848 sed
142 821 246 849 ratione
280 820 433 856 ﬁnguntur;
462 820 507 848 hic
535 827 599 848 vero
629 828 683 848 non
719 822 758 849 sic
795 819 984 854 accipiendum
1016 826 1075 854 est,
1100 822 1148 849 sed
1180 822 1233 849 hoc
1263 822 1346 849 verbo
1378 822 1476 850 mentis
1508 823 1701 858 applicandum

67 872 179 902 propter
205 867 351 895 creationis
378 874 412 894 ex
444 874 500 894 uno
529 865 584 894 Deo
611 867 798 901 identitatem,
830 873 858 896 et
884 866 948 900 quia
973 871 1058 895 totum
1087 868 1113 895 in
1139 868 1262 902 partibus
1289 868 1497 901 consideratur,
1522 874 1550 896 et
1570 873 1660 902 partes
1674 869 1702 896 in

67 920 135 941 talo.

104 961 117 996 ᾗ
133 961 178 987 Ill.
197 960 269 986 'Avw
285 960 334 995 μὲν
356 960 460 995 ἔλεγεν,
475 961 516 988 ὃτι
534 960 565 987 τὸ
580 960 608 986 ἓν
623 960 858 996 προσυλλαμσάνει

948 960 962 997 ς
987 960 1029 989 ΙΙΙ.
1052 960 1184 995 Superius
1205 960 1314 995 quidem
1336 960 1414 993 dixit,
1443 967 1528 987 unum
1550 960 1703 995 anticipare

65 1009 101 1034 τὰ
111 1006 208 1039 πάντα,
217 1006 264 1032 νῦν
277 1006 316 1038 δὲ,
326 1006 537 1038 κατασκευάζων
551 1007 639 1039 τοῦτο,
650 1007 741 1042 φησιν·
758 1007 805 1033 Ἂν
821 1007 858 1044 μὴ

65 1054 122 1089 γὰρ
137 1052 319 1088 προεπινοηθῇ
334 1053 364 1079 τὸ
379 1054 488 1084 ἐνιαῖον,
503 1053 623 1089 δηλονότι
642 1054 672 1080 τὸ
687 1053 740 1080 τῶν
754 1053 859 1089 ἀνθρώ-

67 1109 128 1127 πων
142 1098 221 1131 εἶδος,
237 1099 321 1135 ἤγουν
335 1100 351 1134 ἡ
368 1099 448 1134 φύσις
458 1119 465 1131 ,
481 1100 531 1126 οὐκ
545 1099 578 1126 ἄν
592 1108 634 1132 τις
648 1099 729 1132 εῐποι,
739 1101 802 1132 τοὺς
816 1100 860 1126 ἁν-

67 1145 194 1183 Ορώπους
207 1145 327 1182 ἡνῶσθαι
341 1145 465 1181 ἀλλήλοις
480 1147 540 1172 κατ’
549 1147 629 1173 αὑτὸν
639 1146 684 1173 τὸν
692 1147 742 1181 τῆς
753 1146 860 1182 φύσεως

66 1192 156 1227 λόγον.
186 1192 320 1219 Ἡνῶσϐαι
343 1193 432 1219 τοίνυν
454 1193 489 1219 τὰ
515 1193 643 1228 ἡνωμένα
663 1192 778 1228 λέγομεν
798 1194 858 1219 κατ’

66 1238 138 1269 εἶδος
159 1237 402 1274 προεπινοοὺμενον
423 1238 483 1270 ἑνὸς
502 1238 626 1265 ἑκάστου.
648 1240 703 1266 Καὶ
722 1239 802 1266 πάλιν
824 1239 858 1266 τὰ

66 1284 125 1319 εἴδη
143 1285 190 1310 καὶ
203 1284 236 1310 τὰ
251 1283 346 1315 πολλὰ,
364 1284 493 1319 στοιχεῖόν
507 1293 533 1311 τι
554 1285 601 1311 καὶ
613 1285 700 1320 ἀρχὴν
716 1286 746 1311 τὸ
760 1285 788 1311 ἓν
803 1286 860 1312 ἐπι-

67 1330 219 1366 γράφονται
234 1331 274 1361 είς
284 1331 362 1364 γένος
377 1331 543 1366 ἀναγόμενα,
556 1328 586 1357 οῦ
601 1332 695 1365 γένους
706 1331 763 1366 εἴδη
778 1332 856 1358 εἰσίν·

67 1375 124 1405 οἷον
140 1378 228 1409 ἵπποι,
245 1378 316 1413 βόες,
331 1377 479 1413 ἄνθρωποι,
496 1377 591 1413 ὥσπερ
609 1379 649 1410 εἰς
669 1377 697 1404 ἓν
713 1378 858 1412 ἀνάγονται

67 1425 98 1451 τὸ
111 1425 189 1457 ζῶον.
202 1424 287 1451 Τοῦτο
299 1424 327 1451 δὲ
336 1424 419 1459 λέγει,
433 1425 483 1460 οὐχ
499 1425 538 1451 ὅτι
552 1425 582 1451 τὸ
591 1424 645 1451 τῶν
658 1425 711 1460 πρὸ
726 1425 779 1451 τῶν
795 1424 860 1451 πολ-

68 1470 123 1497 λῶν
133 1471 304 1505 ἀποδέχεται,
319 1471 386 1506 ὅπερ
403 1472 417 1497 ὁ
434 1471 546 1497 Πλάτων
558 1471 716 1506 ἐπρέσϐευε,
725 1470 774 1506 τὴν
787 1470 859 1497 ἰδέαν

68 1516 150 1546 λέγω
168 1516 234 1543 ἀλλὰ
247 1516 276 1543 τὸ
293 1518 322 1543 ὲν
338 1518 394 1548 τοῖς
405 1516 521 1550 πολλοῖς,
537 1517 584 1543 καὶ
597 1517 627 1543 τὸ
641 1517 709 1552 μετὰ
724 1516 759 1543 τὰ
773 1517 858 1544 πολλὰ

69 1563 170 1598 μᾶλλον
185 1563 336 1599 δεχόμενος,
353 1563 385 1590 ὲκ
399 1563 500 1590 τούτων
516 1564 563 1590 καὶ¹
579 1563 608 1589 τὸ
622 1563 651 1589 ἓν
666 1565 795 1598 στοιχεῖον
805 1564 859 1590 τῶν

67 1609 173 1636 πολλῶν
184 1611 372 1645 συνίστησιν-ἠ
389 1610 443 1646 γὰρ
454 1610 577 1646 ἡμετέρα
592 1610 708 1641 ἐπίνοια,
721 1611 784 1642 τοὺς
794 1610 859 1636 πολ-

67 1656 131 1688 λοὺς
145 1657 184 1688 είς
198 1656 261 1692 μίαν
278 1656 430 1690 συνάγουσα
446 1657 536 1691 φύσιν,
549 1657 618 1691 ὅπερ
632 1656 740 1688 πάντως
755 1656 859 1690 γίνεται
874 1666 894 1694 c

68 1702 139 1738 μετὰ
161 1703 196 1730 τὰ
223 1703 309 1730 πολλὰ
331 1703 391 1729 τότε
414 1703 462 1738 τὴν
490 1703 617 1738 τοιαύτην
639 1703 703 1738 μίαν
728 1702 807 1736 φύσιν
823 1702 861 1734 ὡς

67 1749 167 1775 ἐνιαῖόν
193 1758 219 1775 τι
241 1749 369 1784 κατέχει,
394 1749 440 1775 καὶ
463 1748 564 1783 ταύτην
588 1748 773 1783 συναγομένην
789 1747 860 1774 οὕτω

68 1794 137 1830 μετὰ
151 1794 184 1821 τὰ
201 1794 285 1821 πολλὰ
296 1794 350 1821 τῶν
367 1795 470 1821 πολλῶν
487 1796 652 1830 προεπινοεῖ,
675 1795 712 1826 ὼς
727 1794 782 1820 τῶν
796 1794 860 1820 πολ-

67 1840 122 1867 λῶν
138 1840 300 1875 συστατικὴν
311 1841 358 1867 καὶ
374 1841 528 1876 συνοχικήν.
543 1841 574 1866 El
594 1841 683 1867 τοίνυν
705 1841 859 1877 ἀναιρεθείη

66 1887 98 1913 τὸ
111 1887 151 1919 ἐν,
167 1886 229 1913 οὔτε
244 1886 315 1918 ὅλον,
328 1886 390 1913 οὕτε
406 1887 498 1922 μόριον
510 1886 597 1918 ἔσται,
611 1887 629 1914 ἃ
645 1887 676 1922 δὴ
692 1888 739 1913 καὶ
751 1887 860 1919 ὲνιαίως

67 1932 308 1968 κατονομάζονται·
323 1934 425 1959 τούτων
440 1933 468 1959 δὲ
484 1932 692 1968 ἀναιρεθέντων,
714 1933 789 1959 οὐδὲν
804 1933 858 1960 τῶν

65 1979 151 2005 ὅντων
167 1978 253 2005 ἔσται.
276 1978 313 2004 Τὸ
333 1978 362 2005 ἓν
387 1978 442 2014 ἄρα
467 1979 556 2006 πάντα
581 1979 721 2011 ἑνοειδῶς,
737 1979 858 2015 δηλονότι

67 2025 128 2052 καθ’
144 2025 193 2051 ἕνα
207 2025 310 2052 καὶτὸν
326 2025 406 2052 αὑτὸν
429 2025 516 2060 λόγον·
537 2025 597 2052 οὐδὲ
613 2026 667 2062 γὰρ
682 2026 768 2058 ἄλλως
784 2025 860 2060 λέγε-

67 2079 112 2097 ται
122 2071 152 2097 τὸ
169 2072 230 2098 ὅλον
251 2071 280 2098 ἓν
303 2072 350 2098 καὶ
365 2071 452 2104 ἄλλως
466 2072 496 2098 τὸ
513 2073 604 2108 μέρος,
618 2072 664 2099 καὶ
678 2072 765 2104 ἄλλως
780 2072 860 2099 τοῦτο

67 2117 115 2144 καὶ
129 2117 215 2149 ἄλλως
234 2119 322 2144 ἐκεῖνο
338 2117 511 2154 προείληφεν,
527 2117 583 2144 ἀλλ’
607 2119 651 2144 ἵνα
673 2119 710 2154 μή
733 2127 774 2150 τις
794 2119 860 2145 ὑπο-

68 2163 171 2200 πτεύσῃ
179 2164 303 2191 ἐντεῦθεν
311 2164 360 2200 τὴν
372 2164 425 2200 πρὸ
433 2164 487 2190 τῶν
504 2165 609 2191 πολλῶν
620 2165 701 2197 ἰδέαν,
716 2166 793 2201 φησὶ,
809 2166 858 2193 καὶ

67 2210 259 2244 προείληφεν,
278 2210 378 2237 ὡσανεὶ
393 2211 433 2237 ὅτι
450 2211 541 2241 αὐτοῖς
559 2213 614 2242 τοῖς
628 2211 746 2243 πολλοῖς,
767 2213 814 2238 καὶ
827 2212 859 2239 οὺ

68 2255 128 2282 καθ’
156 2256 220 2283 αὐτὸ
243 2256 382 2292 Θεωρεῖται
404 2256 435 2282 τὸ
455 2257 494 2283 ἓν.
520 2257 596 2284 Ἐπεὶ
614 2258 702 2284 τοίνυν
725 2258 756 2285 τὸ
777 2258 806 2285 ἓν
824 2258 860 2285 τὰ

69 2302 157 2328 πάντα
171 2302 378 2337 περιλαμϐάνει,
391 2303 498 2330 πάντων
512 2303 540 2329 δὲ
556 2303 670 2339 ποιητὴς
682 2305 697 2330 ὁ
712 2304 777 2336 Θεός
787 2305 857 2336 ἐστι,

68 2349 114 2375 καὶ
129 2348 161 2374 ἐκ
177 2348 285 2375 πάντων
298 2349 458 2383 ὀνομάζεται
473 2349 510 2380 ὡς
521 2349 607 2380 αἴτιος
617 2349 710 2376 ἐκτῶν
719 2351 857 2384 αἰτιατῶν,

68 2394 179 2425 εἰκότως
194 2394 241 2421 καί
256 2396 288 2430 τῇ
304 2394 350 2421 τοῦ
368 2395 426 2427 ἑνὸς
438 2395 582 2431 ἐπωνυμίᾳ
595 2396 730 2431 ὑμνεῖται,
743 2396 757 2422 ὃ
768 2396 800 2432 δὴ
811 2398 858 2424 καὶ

68 2442 100 2467 ἐκ
121 2440 168 2466 τοῦ
192 2441 371 2467 ἀποστολικοῦ
392 2441 473 2476 ῥητοῦ
491 2442 638 2477 παρίστησι
651 2462 658 2473 ,
680 2442 789 2474 πάντως
815 2442 859 2469 διὰ

68 2486 118 2521 τὴν
133 2486 264 2521 ἁμέρειαν
277 2486 326 2521 τῆς
338 2486 472 2521 ἐνότητος,
485 2488 525 2514 ὅτι
540 2488 587 2514 καὶ
601 2488 631 2514 τὸ
642 2488 671 2514 ἓν
687 2489 799 2525 ἀμερὲς,
812 2489 860 2515 καὶ

68 2533 156 2561 πάντα
172 2533 201 2559 ὲν
212 2532 252 2567 τῷ
264 2532 324 2568 Θεῷ
345 2533 517 2568 περιέχονται
538 2534 608 2560 κατὰ
621 2534 670 2570 τὴν
684 2535 732 2561 τοῦ
748 2535 806 2566 ἐνὸς
822 2536 860 2561 εί-

69 2579 149 2606 κόνα·
167 2580 209 2605 ὅτι
225 2579 315 2606 πάντα
330 2580 377 2606 καὶ
396 2580 424 2606 ἐν
434 2580 508 2615 αὐτῴ
525 2581 707 2616 περιέχονται,
724 2581 793 2617 πλὴν
815 2582 859 2607 ἐν-

68 2625 153 2651 ταῦθα
166 2625 215 2660 μὲν
228 2625 265 2657 ὡς
280 2626 309 2652 ὲν
323 2626 447 2661 στοιχείῳ
458 2627 505 2652 καὶ
519 2627 598 2661 φύσει
609 2647 615 2659 ,
631 2628 677 2654 ἐπὶ
697 2627 725 2654 δὲ
739 2627 806 2654 Θεοῦ
820 2628 859 2659 ὡς

69 2671 98 2697 ὲν
119 2671 197 2706 αἰτίῳ
218 2671 351 2707 ποιητικῴ
367 2672 415 2698 καὶ
434 2673 614 2708 ὑπεροχικῶς.
636 2673 681 2708 Τῷ
698 2673 727 2700 δὲ
751 2674 802 2708 ὑφ’
819 2673 856 2707 ἧς

69 2717 115 2743 καὶ
127 2717 161 2750 ἐξ
184 2717 222 2751 ἧς
235 2718 265 2744 τὸ
279 2718 344 2745 ἔστι
365 2718 412 2744 καὶ
434 2718 464 2744 τὸ
485 2719 682 2746 συντέτακται
698 2720 857 2756 ἁρμοστέον·

68 2764 114 2790 καὶ
128 2763 167 2798 τῷ
185 2764 222 2790 δι’
242 2763 280 2799 ἧς
297 2765 344 2791 καὶ
366 2765 401 2791 ἐν
422 2764 441 2798 ᾖ
460 2765 491 2791 τὸ
507 2765 591 2800 μένει
621 2767 667 2793 καὶ
689 2765 857 2800 συνέχεται·

70 2810 114 2835 καὶ
128 2810 167 2845 τῷ
179 2811 222 2843 εὶς
240 2810 280 2845 ἢν
301 2811 331 2837 τὸ
345 2811 570 2845 ἀπυπληροῦται
585 2812 632 2838 καὶ
650 2812 858 2846 ἐπιστρέφεται

69 2855 219 2888 ἀποδοτέον,
233 2859 256 2884 εἰ
276 2858 322 2884 καὶ
342 2859 356 2884 ὁ
375 2857 467 2894 πατὴρ
488 2859 532 2893 ὑφ’
546 2858 575 2885 ἓν
587 2859 620 2885 τὰ
637 2860 747 2894 ῥήματα
767 2859 855 2891 ἔταξε.

71 2901 122 2927 Καὶ
134 2902 182 2928 οὐκ
197 2902 228 2931 ἂν
243 2903 331 2938 εὕροις
346 2913 371 2930 τι
388 2904 440 2931 τῶν
460 2904 554 2939 ὄντων,
568 2905 581 2931 ὃ
596 2905 632 2940 μὴ
649 2906 677 2932 ὲν
692 2906 730 2940 τῷ
744 2907 793 2939 ἐνὶ,
811 2906 856 2932 καὶ

912 1007 1053 1039 universa;
1071 1008 1152 1034 modo
1172 1011 1263 1034 autem
1288 1005 1354 1033 illud
1377 1006 1544 1034 conﬁrmans
1566 1005 1628 1033 ait:
1645 1005 1701 1033 Nisi

911 1053 982 1080 enim
997 1053 1072 1087 prius
1088 1052 1257 1087 intelligatur
1271 1053 1375 1085 unitas,
1391 1053 1466 1080 verbi
1479 1053 1579 1088 gratia,
1595 1052 1702 1087 species

913 1099 1055 1126 hominum
1069 1118 1077 1131 ,
1094 1099 1152 1126 sive
1170 1103 1280 1131 natura,
1294 1106 1374 1125 nemo
1392 1098 1504 1130 dixerit,
1520 1098 1644 1125 homines
1658 1098 1702 1125 in-

911 1150 953 1173 ter
969 1153 998 1173 se
1011 1145 1176 1180 eonjunctos
1199 1152 1261 1173 esse
1284 1145 1433 1172 secundum
1455 1144 1578 1172 eamdem
1598 1149 1703 1172 natura

913 1192 1059 1220 rationem.
1077 1191 1198 1219 Dicimus
1215 1192 1317 1226 itaque,
1337 1191 1382 1218 illa
1395 1198 1456 1225 quae
1468 1191 1613 1224 coniuncta
1626 1195 1702 1225 sunt,

913 1238 985 1265 uniri
1007 1237 1155 1265 secundum
1179 1236 1310 1271 cujusque
1333 1238 1451 1271 speciem
1473 1240 1702 1271 praeconceptam.

911 1284 945 1312 Et
961 1291 1080 1316 rursum,
1095 1283 1201 1318 species
1216 1287 1244 1310 et
1259 1282 1344 1310 multa
1364 1283 1399 1310 ad
1415 1290 1498 1310 unum
1514 1288 1600 1317 genus
1618 1281 1702 1308 redu-

910 1335 966 1362 cta,
978 1329 1137 1357 describunt
1156 1336 1240 1355 unum
1254 1328 1421 1356 elementum
1437 1328 1557 1362 aliquod,
1581 1333 1610 1354 et
1626 1327 1703 1362 prin-

911 1376 1014 1410 cipium
1032 1375 1104 1403 illius
1120 1375 1230 1410 generis
1242 1373 1318 1408 cujus
1334 1374 1439 1408 species
1457 1375 1609 1407 exsistunt;
1627 1374 1702 1400 verbi

911 1423 998 1458 gratia
1010 1423 1084 1458 equi,
1095 1423 1188 1455 boves,
1202 1423 1336 1455 homines,
1351 1421 1385 1449 ad
1401 1429 1483 1448 unum
1498 1421 1702 1456 quodammodo

911 1469 1013 1496 animal
1029 1469 1208 1496 reducuntur.
1225 1468 1283 1496 Hoc
1299 1473 1390 1495 autem
1407 1468 1485 1500 dicit,
1502 1476 1555 1494 non
1568 1467 1639 1502 quod
1655 1466 1701 1493 illa

912 1520 976 1543 ante
992 1515 1076 1543 multa
1089 1515 1282 1548 constituatur,
1295 1518 1325 1542 ut
1339 1515 1414 1542 Plato
1427 1514 1579 1545 asserebat,
1599 1513 1702 1546 ideam,

912 1562 1041 1596 inquam;
1055 1562 1102 1589 sed
1123 1562 1194 1596 quod
1209 1561 1235 1588 in
1253 1561 1358 1592 multis,
1373 1562 1454 1588 etiam
1471 1564 1532 1594 post
1547 1559 1640 1591 multa,
1653 1566 1703 1594 po-

913 1608 966 1636 tius
974 1607 1035 1642 quis
1042 1606 1209 1641 concipiens,
1221 1613 1255 1633 ex
1270 1605 1349 1641 535
1361 1606 1404 1633 his
1415 1614 1496 1633 unum
1504 1603 1620 1640 'aliquod
1634 1605 1704 1631 mul-

912 1657 1001 1681 torum
1017 1652 1214 1680 elementorum
1227 1658 1390 1687 componat;
1408 1657 1502 1678 noster
1512 1651 1583 1678 enim
1600 1658 1700 1677 conce-

912 1703 973 1733 ptus
987 1699 1052 1725 dum
1075 1698 1159 1724 multa
1180 1698 1206 1724 in
1225 1705 1306 1724 unam
1329 1697 1434 1731 colligit
1461 1701 1600 1728 naturam,
1626 1695 1700 1730 quod

912 1744 1006 1778 utique
1025 1743 1055 1770 (it
1075 1748 1136 1778 post
1152 1743 1257 1776 multa,
1274 1749 1329 1770 tum
1351 1742 1504 1770 istiusmodi
1527 1749 1608 1769 unam
1622 1747 1704 1768 notua-

912 1796 971 1816 ram
998 1789 1076 1824 quasi
1101 1789 1206 1815 unitam
1230 1788 1465 1823 appreliendit,ct
1492 1788 1564 1815 hanc
1578 1788 1615 1814 ita
1639 1792 1703 1822 post

912 1835 997 1862 multa
1027 1839 1198 1863 contractam
1227 1835 1348 1870 concipit
1375 1842 1424 1870 pro
1441 1834 1543 1866 multis,
1571 1839 1700 1868 tanquam

912 1882 1059 1909 multorum
1074 1881 1281 1908 constitutivam
1298 1886 1327 1908 et
1340 1880 1548 1915 complexivam.
1563 1880 1592 1908 Si
1608 1881 1701 1915 itaque

911 1935 995 1954 unum
1017 1927 1139 1960 tollatur.
1155 1935 1244 1962 neque
1259 1932 1357 1960 totum,
1373 1934 1462 1961 neque
1486 1934 1551 1960 pars
1575 1927 1701 1959 exsistet,

911 1980 970 2008 qua:
994 1973 1088 2008 utique
1107 1973 1190 2000 etiam
1214 1974 1290 2000 unite
1309 1973 1520 2002 denominatur;
1542 1972 1586 1999 his
1608 1977 1700 2000 autem

911 2018 1035 2052 sublatis,
1053 2019 1125 2046 nulla
1147 2027 1192 2047 res
1204 2019 1328 2047 exsistet.
1354 2018 1442 2047 Unum
1457 2026 1523 2054 ergo
1543 2019 1699 2046 eum

911 2064 1095 2097 uniformiter,
1109 2065 1135 2092 id
1150 2071 1193 2092 est
1207 2066 1359 2093 secundum
1375 2074 1457 2092 unam
1473 2071 1501 2093 et
1514 2066 1637 2093 eamdem
1655 2073 1700 2093 ra-

910 2111 1031 2144 tionem;
1056 2119 1144 2146 neque
1163 2112 1235 2138 enim
1259 2111 1341 2139 aliter
1366 2116 1453 2138 totum
1482 2117 1510 2139 et
1533 2112 1613 2139 aliter
1636 2119 1701 2146 pars

910 2157 975 2193 quid
991 2165 1074 2184 unum
1091 2157 1203 2190 dicitur,
1216 2165 1305 2193 neque
1322 2157 1404 2185 aliter
1416 2158 1468 2184 hoc
1491 2162 1518 2185 et
1539 2158 1619 2185 aliter
1633 2158 1701 2186 illud

911 2203 1084 2236 anticipavit,
1115 2205 1161 2230 sed
1188 2210 1223 2230 ne
1249 2204 1312 2238 quis
1335 2205 1398 2232 hinc
1421 2205 1586 2240 opinaretur
1612 2205 1701 2232 ideam

910 2251 1056 2284 quamdam
1076 2255 1139 2278 ante
1165 2251 1261 2284 multa,
1289 2251 1364 2286 addit
1389 2251 1601 2286 comprehendit,
1627 2253 1701 2287 quod

910 2298 1112 2333 quodammodo
1127 2298 1192 2325 illud
1208 2306 1292 2326 unuut
1308 2306 1364 2326 non
1384 2299 1532 2326 secundant
1549 2307 1588 2333 se,
1610 2300 1658 2327 sed
1673 2300 1700 2327 in

874 2354 898 2384 υ
912 2344 1006 2372 multis
1022 2344 1076 2372 illis
1102 2345 1285 2380 concipiatur.
1303 2344 1370 2372 Cum
1389 2346 1481 2380 itaque
1498 2354 1582 2373 unum
1609 2346 1701 2374 omnia

909 2390 1117 2426 complectatur,
1135 2392 1258 2419 omnium
1274 2398 1342 2419 vero
1350 2398 1458 2419 creator
1470 2393 1506 2419 sit
1524 2392 1606 2426 Deus,
1623 2398 1651 2420 et
1664 2400 1700 2420 ex

909 2438 1037 2466 omnibus
1052 2437 1158 2465 effectis
1176 2443 1206 2465 ut
1220 2445 1305 2466 causa
1317 2439 1488 2471 nominetur,
1506 2439 1606 2466 merito
1615 2440 1699 2466 etiam

910 2486 990 2511 unius
1016 2485 1127 2511 nomine
1153 2484 1318 2519 celebratur,
1336 2485 1408 2520 quod
1424 2487 1507 2513 etiam
1529 2494 1563 2513 ex
1590 2490 1701 2520 aposto-

911 2531 963 2559 lico
980 2531 1053 2559 dicto
1069 2532 1178 2567 probat,
1195 2533 1326 2566 omnino,
1344 2537 1455 2567 propter
1471 2534 1583 2561 unitatis
1601 2532 1702 2560 indivi-

910 2578 1080 2611 sibilitatem,
1099 2586 1181 2606 unum
1198 2578 1280 2606 etiam
1295 2578 1440 2606 indivisum
1453 2583 1480 2606 et
1497 2579 1588 2606 omnia
1607 2579 1632 2606 in
1645 2578 1701 2606 Deo

911 2624 1047 2652 contineri
1077 2625 1228 2652 secundum
1258 2624 1405 2659 imaginem
1439 2625 1539 2658 unius;
1569 2625 1700 2659 quoniam

911 2671 1002 2698 omnia
1033 2671 1116 2698 etiam
1141 2671 1168 2698 in
1202 2671 1261 2706 ipso
1290 2671 1479 2704 continentur,
1512 2676 1700 2698 verumtamen

913 2723 1042 2753 tanquam
1065 2719 1092 2746 in
1109 2719 1243 2747 elemento
1267 2725 1295 2748 et
1311 2725 1424 2752 natura,
1441 2719 1469 2746 in
1488 2719 1543 2746 Deo
1560 2726 1625 2745 vero
1639 2723 1700 2744 tan-

911 2772 993 2800 quam
1006 2771 1087 2792 causa
1104 2765 1250 2800 elliciente,
1265 2772 1293 2794 et
1308 2767 1470 2793 euiinenter.
1486 2765 1592 2793 Vocula:
1608 2770 1700 2791 autem

910 2821 926 2839 ιι
944 2819 997 2846 qua
1015 2816 1042 2839 et
1059 2820 1091 2839 ea:
1110 2820 1162 2847 qua
1184 2812 1281 2840 referri
1299 2812 1399 2839 debent
1415 2813 1450 2840 ad
1467 2817 1527 2839 sunt
1546 2817 1574 2839 et
1591 2820 1699 2846 compo-

909 2862 1022 2893 nuntur,-
1033 2867 1080 2893 per
1096 2867 1176 2894 quam
1188 2868 1253 2888 vero
1270 2865 1298 2888 et
1313 2860 1341 2886 in
1351 2869 1413 2895 qua,
1427 2860 1460 2887 ad
1478 2864 1583 2886 manent
1595 2864 1622 2886 et
1634 2867 1698 2886 con-

907 2906 1043 2939 tinemur;
1058 2910 1084 2934 ct
1099 2907 1133 2934 ad
1145 2915 1224 2942 quant
1237 2908 1270 2936 ad
1286 2908 1448 2942 conn/remur
1461 2911 1488 2935 et
1501 2912 1698 2941 convertamur,
