1929 3061
230 159 279 187 θοι

799 156 826 184 S.
846 154 996 184 DIONYSII
1014 154 1244 184 AREOPAGITE

1835 151 1888 179 992

230 218 279 246 etsi
299 217 381 244 Pater
399 216 559 251 singillatim
576 220 604 244 et
615 216 696 244 simul
705 216 786 244 verba
799 216 952 244 collocarit.
968 216 1016 243 Ne-

1077 215 1126 240 Ξστι
1147 213 1226 240 τοῦτο
1245 213 1313 248 ὅπερ
1329 213 1410 243 ἐστὶν,
1428 211 1437 246 (
1448 211 1518 238 οὕτω
1536 211 1592 247 γὰρ
1614 209 1798 237 συντακτέον
1824 211 1887 235 καθ’

230 270 283 297 que
299 262 449 297 quidquam
467 261 599 296 reperies.
615 262 687 296 quod
703 269 757 288 non
771 261 798 288 in
815 268 870 288 uno
881 261 963 288 etiam
982 261 1019 288 sit

230 299 256 336 id
272 309 345 342 quod
368 313 410 336 est
424 309 477 343 (sic
490 308 562 335 enim
582 315 630 343 per
644 308 812 342 hyperbaton
829 307 950 335 construi
967 308 1017 335 de-

231 355 286 387 bet)
304 359 332 381 et
354 354 531 389 perﬁciatur,
555 359 582 381 et
607 358 803 385 conservetur,
833 353 859 380 in
885 358 1017 387 quantum

231 408 314 427 unum
326 403 354 427 et
370 399 499 426 divinitas
514 399 791 434 superessentialiter,
805 399 876 426 sicut.
892 399 974 426 etiam
991 399 1018 426 in

231 446 293 473 aliis
317 446 483 473 nominatur.
500 445 559 472 Non
580 446 704 473 absolute
720 452 785 472 vero
801 445 874 472 omni
893 453 958 476 uno,
975 453 1019 472 se-

230 491 347 518 cundum
358 494 430 526 quod
447 491 519 518 Deus
537 499 607 519 ttnns
623 496 649 518 et
666 499 749 518 unum
768 496 955 525 nuncupatur;
968 492 1019 518 hoc

230 537 303 562 enim
319 543 373 563 uno
390 536 448 563 solo
466 543 510 563 res
523 536 669 568 exsistunt,
687 541 714 562 et
729 540 837 571 oportet
862 535 946 563 etiam
971 543 1020 563 nos

231 583 334 610 idcirco
356 590 372 609 a
399 583 513 614 multis,
540 583 623 610 etiam
640 581 735 609 divisis
750 581 963 617 cognitionibus,
986 583 1019 609 ad

231 637 336 662 unttm,
357 629 430 664 quod
459 629 581 656 ontninm
609 636 690 655 causa
715 632 769 659 est,
797 629 922 656 converti
947 628 1019 663 quod

231 676 311 702 etiam
336 680 400 702 ante
418 682 499 702 omne
516 682 597 702 unum
620 679 673 708 est,
698 674 802 702 scilicet
825 680 890 702 ante
911 682 1019 701 omnem

231 727 369 753 naturam,
396 726 423 748 et
445 726 510 748 ante
537 727 647 747 omnem
674 720 889 753 multitudinem,
914 720 1022 748 scilicet

231 773 339 792 omnem
347 765 505 800 singillatim
519 773 526 797 ;
544 765 594 792 hoc
608 766 682 793 enim
697 773 780 792 unum
793 773 881 800 neque
892 774 1019 800 parvum,

231 819 319 846 neque
337 811 473 839 mediocre
490 816 613 839 vocatur.
632 812 701 845 Quin
714 812 809 845 etiam,
825 813 848 839 si
866 813 1020 840 audendum

231 857 277 889 sit,
294 864 382 891 neque
393 857 546 892 pulchrum,
560 866 647 892 neque
662 858 762 885 bonum
775 867 781 884 :
795 859 852 885 haec
865 859 937 886 enim
953 867 1022 894 quo-

1069 259 1243 296 ὺπερὸατόν·)
1258 259 1305 286 καὶ
1321 258 1470 286 τελειοῦται
1481 279 1488 291 ,
1511 258 1558 285 καὶ
1573 257 1745 289 διασώζεται
1758 275 1768 287 ,
1790 255 1862 281 καθ’
1876 256 1889 280 ὀ

1069 307 1098 333 ἓν
1113 307 1160 333 καὶ
1177 308 1194 342 ἡ
1218 306 1314 340 θεότης
1334 305 1512 341 ὑπερουσίως,
1534 305 1572 336 ὼς
1595 305 1643 330 καὶ
1657 304 1689 329 ὲν
1704 303 1769 333 1:07.;
1789 301 1887 333 ἄλλοις

1068 351 1240 387 ὀνομάζεται.
1257 352 1314 378 Οὐκ
1327 351 1469 382 ἀπολύτως
1482 350 1511 377 δὲ
1525 350 1607 377 παντὶ
1621 350 1674 381 ἑνὶ,
1692 348 1762 376 καθ’
1780 348 1800 374 ὃ
1818 347 1887 379 Θεὸς

1069 395 1110 430 εἷς
1123 399 1171 425 καὶ
1192 398 1221 423 ἓν
1242 397 1413 433 ὀνομάζεται·
1439 395 1525 432 τούτῳ
1547 395 1602 431 γὰρ
1620 395 1697 431 μόνῳ
1716 394 1762 430 τῷ
1786 394 1835 421 ἑνὶ
1855 394 1888 421 τά

1070 444 1133 470 ὅντα
1149 444 1218 475 ἐστὶ,
1233 444 1279 470 καὶ
1292 444 1345 479 χρὴ
1362 443 1408 470 καὶ
1422 443 1496 478 ἡμᾶς
1513 442 1556 469 διὰ
1566 441 1646 468 τοῦτο
1661 440 1721 467 ἀπὸ
1736 440 1801 467 τῶν
1821 440 1887 466 πολ·

1069 490 1122 516 λῶν
1139 490 1187 517 καὶ
1198 489 1406 524 ἐσκεδασμένων
1415 488 1542 523 γνὼσεων
1556 488 1603 514 ἐπὶ
1612 487 1643 514 τὸ
1654 487 1775 513 πάντων
1793 487 1886 513 αἴτιον

1070 536 1099 562 ἓν
1114 535 1324 571 ἐπιστρέφεσθαι
1336 556 1344 567 ,
1369 535 1438 570 ὅπερ
1463 535 1520 560 ἐστὶ
1543 534 1590 561 καὶ
1609 533 1664 569 πρὸ
1680 532 1794 564 παντὸς
1812 533 1886 565 ἑνὸς,

1069 582 1189 617 δηλονότι
1200 581 1253 617 πρὸ
1263 581 1353 617 πάσης
1369 581 1485 616 φύσεως,
1497 581 1543 607 καὶ
1553 580 1606 616 πρὸ
1621 580 1727 611 παντὸς
1738 579 1885 615 πλήθους,

1069 628 1190 664 δηλονότι
1206 629 1306 660 παντὸς
1326 628 1372 654 τοῦ
1397 627 1456 654 καθ’
1476 627 1598 654 ἕκαστον·
1623 626 1706 653 τοῦτο
1717 626 1781 661 γὰρ
1805 625 1842 652 τὸ
1858 625 1886 651 ἐν

1070 675 1132 701 οὔτε
1147 675 1243 711 μικρὸν
1257 674 1319 702 οὔτε
1337 675 1444 710 μέτριον
1457 674 1586 701 καλεῖται.
1598 674 1629 700 Εἰ
1645 674 1675 700 δὲ
1690 673 1734 700 δεῖ
1752 673 1807 700 καὶ
1823 672 1887 699 τολ-

1073 721 1169 756 μῆσαι,
1183 721 1245 747 οὔτε
1256 721 1338 747 καλὸν
1351 721 1413 747 οὕτε
1424 720 1532 755 ἀγαθόν·
1544 721 1630 748 ταῦτα
1645 721 1702 756 γὰρ
1718 721 1803 756 πάθη
1823 729 1887 752 πως

1071 764 1126 793 οἶόν
1139 768 1190 793 είσι
1206 767 1253 794 καὶ
1269 767 1386 802 σχέσεις,
1398 767 1446 793 καὶ
1457 766 1658 802 συμϐεϐηκότα,
1675 767 1789 794 αὑτὸδὲ
1805 767 1841 794 τὸ
1856 768 1888 793 ἓν

1072 813 1119 840 καὶ¹
1134 813 1205 849 ὑπὲρ
1221 813 1307 840 ταῦτα
1329 815 1440 840 νοεῖται*
1462 814 1495 840 τὰ
1516 814 1544 840 δὲ
1563 813 1648 848 πάθη,
1665 813 1705 845 ὡς
1718 814 1752 840 τὸ
1775 814 1888 849 μικρὸν

1072 860 1119 886 καὶ
1142 859 1173 886 τὸ
1201 859 1322 895 μέτριον,
1348 860 1395 886 καὶ
1419 860 1466 886 σὺν
1495 859 1584 890 ἄλλοις
1605 859 1742 886 νοοῦνται.
1763 860 1806 885 Τὸ
1833 858 1885 886 οὖν

231 903 380 930 dammodo
395 903 555 930 all‘ectiones
571 908 647 936 sunt,
664 908 692 930 et
709 903 892 937 habitudines,
908 909 935 931 et
948 904 1021 931 acci-

1077 906 1172 932 irtito-Jv
1189 906 1235 932 καὶ
1246 905 1350 937 ἀπαθὲς
1365 906 1394 932 ἓν
1409 905 1469 932 οὔτε
1483 906 1520 937 ὡς
1534 905 1611 940 γένος
1635 905 1729 932 θετέον
1758 906 1820 932 τῶν
1838 907 1884 932 δν-

231 949 334 982 dentia,
351 949 438 982 ipsum
459 956 523 975 vero
542 949 594 977 hoc
606 957 688 977 unum
705 950 788 977 etiam
804 957 886 983 supra
904 950 961 977 haec
977 951 1018 977 in-

232 994 377 1029 telligitur;
395 994 554 1022 allectiones
565 1002 640 1028 vero,
654 1000 682 1023 ut
695 1003 808 1030 parvum
828 995 910 1032 536
924 1001 950 1023 et
965 1003 1022 1024 me-

231 1041 335 1072 diocre,
353 1041 436 1067 etiam
451 1049 513 1067 cum
528 1041 607 1073 aliis,
626 1049 674 1068 seu
695 1041 879 1074 dependenter
895 1042 929 1069 ab
947 1041 1020 1074 aliis,

232 1086 431 1122 intelliguntur.
450 1086 522 1122 Ergo
547 1096 630 1115 unum
654 1088 719 1114 illud
744 1088 858 1122 simplex
875 1093 902 1115 et
923 1095 1022 1123 expers

230 1133 417 1165 all'ectionum,
429 1143 518 1169 neque
527 1139 655 1169 tanquam
666 1142 752 1169 genus
762 1143 851 1162 rerum
864 1135 1021 1169 ponendutn

232 1178 346 1213 (genera
363 1181 435 1207 enim
447 1180 558 1207 omnino
585 1180 742 1208 dividuntur
763 1181 791 1208 in
804 1180 921 1214 species)
934 1187 1022 1215 neque

231 1230 384 1258 punctum,
412 1234 500 1261 neque
527 1228 638 1261 proprie
665 1235 776 1258 ntonas,
803 1227 847 1254 illa
866 1218 1022 1254 enimcon-

232 1272 377 1299 nexionetn
391 1273 494 1300 habent
512 1281 575 1300 cum
591 1274 784 1308 sequentibus;
802 1274 853 1301 hoc
874 1280 966 1302 autem
979 1279 1023 1302 est

232 1317 475 1352 simplicissimum.
495 1319 548 1346 Sed
567 1327 655 1354 neque
672 1320 736 1346 illud
753 1327 836 1347 unum
852 1328 901 1348 ens
913 1320 1023 1355 aliquod

232 1365 406 1392 statuendum
420 1370 479 1397 est,
504 1365 551 1392 sed
571 1366 675 1392 entium
701 1365 877 1400 principium,
892 1368 1021 1401 quoniam

233 1411 260 1438 id
271 1411 342 1445 quod
357 1415 411 1442 est,
427 1412 545 1438 essentia
566 1416 619 1443 est,
631 1418 646 1437 a
661 1411 743 1438 verbo
756 1419 827 1444 esse,
843 1412 915 1440 Deus
931 1417 1022 1440 autem

233 1457 476 1491 supraessentialis
491 1462 544 1490 est,
558 1462 586 1484 et
602 1465 684 1489 supra
703 1458 728 1484 id
737 1459 810 1492 quod
820 1462 878 1491 est;
894 1459 1022 1493 quocirca

233 1503 316 1530 etiam
342 1510 424 1537 supra
442 1510 550 1530 onmem
576 1504 723 1531 terminum
735 1524 743 1536 ,
761 1509 789 1531 et
812 1512 894 1539 supra
913 1512 1023 1532 omnem

235 1550 397 1577 inﬁnitatem
413 1551 541 1584 exsistit,
561 1555 590 1578 et
616 1551 681 1578 illud
697 1551 784 1586 ipsum
804 1559 865 1580 esse
878 1553 984 1585 delinit,
996 1557 1024 1579 et

235 1598 314 1625 unice
333 1605 415 1625 causa
429 1603 481 1630 est,
496 1598 522 1624 id
537 1603 580 1625 est
594 1599 750 1626 eminenter
763 1603 790 1626 et
808 1600 1021 1633 inimitabiliter,
1037 1585 1058 1614 ο

235 1648 290 1671 tam
307 1644 429 1671 omnium
454 1652 544 1672 rerum
560 1653 641 1680 quam
659 1649 777 1673 totorum
793 1645 929 1679 omnium,
950 1647 1024 1673 scili-

234 1694 279 1717 cet
293 1690 482 1725 integrorum;
503 1695 531 1718 et
554 1691 635 1718 simul
648 1691 730 1718 etiam
746 1697 810 1718 ante
828 1693 920 1718 omnia
935 1698 963 1720 et
977 1701 1023 1719 su-

234 1743 282 1771 pra
303 1736 394 1764 omnia
421 1741 549 1772 tanquam
573 1745 667 1765 causa.
691 1737 729 1764 Nc
745 1739 838 1773 itaque
862 1739 928 1766 illud
945 1739 1024 1766 simul

234 1784 396 1817 quibusdam
421 1783 591 1811 contrarium
616 1785 742 1812 videatur
760 1785 793 1812 iis
810 1793 871 1819 quae
894 1793 909 1812 a
932 1786 1023 1813 divina

237 1829 381 1863 Scriptura
394 1829 467 1856 dicta
480 1833 555 1862 sunt,
568 1829 640 1866 quod
653 1830 775 1864 qualibet
790 1831 834 1858 die
849 1831 900 1858 hoc
916 1835 943 1858 et
958 1831 1024 1858 illud

236 1877 373 1903 creaverit
387 1882 414 1904 et
424 1877 593 1912 produxerit.
609 1876 696 1904 Simul
714 1877 796 1910 dixit,
813 1879 962 1905 secundum
974 1878 1026 1905 vir-

237 1928 321 1950 tutem
345 1924 496 1956 creatoris;
518 1929 627 1959 poterat
648 1925 730 1952 etiant
757 1925 783 1951 in
805 1930 941 1952 momento
957 1931 1024 1952 tem-

236 1971 411 2005 porisomnia
423 1971 584 2005 producere,
600 1972 830 2001 quemadmodum
847 1979 955 2006 quoque
967 1980 1025 1998 ina-

238 2024 309 2050 gnus
325 2016 540 2052 Cbrysostomus
556 2017 589 2044 de
605 2018 655 2044 bac
671 2025 700 2044 re
722 2019 814 2045 sentit.
831 2017 865 2044 Et
881 2025 963 2052 supra
987 2019 1026 2053 ip-

237 2070 296 2090 sum
312 2071 395 2090 unum
414 2064 484 2092 Deus
497 2069 550 2097 est,
567 2070 596 2091 ιιι
610 2064 657 2098 qui
670 2071 752 2099 supra
765 2065 858 2092 omnia
872 2066 984 2097 eminet,
998 2069 1027 2092 et

237 2117 318 2137 omne
341 2117 390 2137 ens
410 2111 474 2144 quid
497 2118 579 2137 unum
608 2111 723 2143 delinit;
752 2118 813 2137 nam
839 2111 864 2138 id
887 2111 958 2145 quod
984 2113 1026 2137 est

237 2163 335 2187 unum.
348 2157 453 2184 nunteri
471 2156 717 2184 manil'estationetn
740 2157 843 2189 habet,
861 2163 923 2184 cum
943 2155 1025 2183 alicui

239 2203 277 2228 rei
293 2203 449 2237 apponitur.
466 2203 536 2237 Ergo
551 2211 635 2230 unum
654 2205 681 2230 in
697 2203 786 2234 rebtts,
801 2203 826 2230 id
847 2208 892 2230 est
913 2207 1025 2230 creatu-

1072 960 1136 985 των,
1151 951 1328 987 (τὰγὰργένη
1336 952 1500 987 διαιροῦνται
1515 953 1552 983 εἰς
1565 952 1598 978 τὰ
1613 951 1696 987 εἴδη·)
1708 951 1776 979 οὗτε
1795 961 1882 986 στιγο

1073 998 1136 1034 μὴν,
1163 997 1224 1024 οὔτε
1250 998 1351 1033 μονάδα
1374 999 1484 1034 κυρίως,
1510 999 1599 1033 σχέσιν
1620 998 1675 1034 γὰρ
1705 998 1767 1033 ἔχει
1788 999 1885 1026 ταῦτα

1073 1044 1143 1080 πρὸς
1156 1043 1190 1070 τὰ
1205 1044 1314 1079 ἐφεξῆς
1331 1045 1361 1070 τὸ
1376 1044 1404 1071 δέ
1419 1046 1491 1071 ἐστιν
1503 1045 1698 1071 ἁπλούστατον.
1719 1044 1796 1071 Ἀλλ’
1813 1045 1883 1071 οὔτε

1071 1089 1101 1116 ὃν
1115 1089 1205 1117 θετέον
1215 1091 1280 1117 αὐτὸ
1294 1091 1324 1117 τὸ
1338 1090 1377 1123 ἓν,
1391 1091 1447 1117 ἀλλ’
1459 1091 1544 1127 ἀρχὴν
1555 1091 1648 1118 ὄντων’
1663 1092 1710 1118 καὶ
1723 1091 1755 1117 τὸ
1772 1091 1807 1118 ὃν
1821 1092 1883 1127 γὰρ

1072 1136 1151 1162 οὐσία
1166 1137 1250 1170 ἐστὶν,
1261 1137 1316 1163 ἀπὺ
1326 1136 1373 1163 τοῦ
1384 1137 1468 1164 εἶναι’
1483 1138 1498 1164 ὁ
1507 1137 1534 1163 δὲ
1548 1137 1614 1169 Θεὸς
1628 1137 1810 1172 ὺπερούσιος,
1829 1138 1883 1164 καὶ

1073 1183 1143 1218 ὑπὲρ
1157 1183 1188 1209 τὸ
1201 1183 1240 1215 ὃν,
1255 1182 1298 1209 διὰ
1314 1183 1392 1209 τοῦτο
1401 1184 1448 1209 καὶ
1464 1183 1534 1218 ὑπὲρ
1547 1183 1634 1209 πάντα
1647 1183 1723 1218 ὅρον,
1737 1183 1791 1210 καὶ
1802 1184 1882 1219 ὑπὲρ

1074 1230 1164 1256 πᾶσαν
1187 1230 1327 1265 ἀοριστίαν
1345 1229 1414 1261 ἐστὶ,
1436 1230 1483 1256 καὶ
1498 1229 1562 1256 αὐτὸ
1575 1229 1605 1256 τὺ
1620 1227 1810 1264 εἷναι-ὁρίζει,
1831 1230 1881 1256 καὶ

1075 1276 1161 1303 αἴτιόν
1182 1276 1256 1302 ἐστιν
1273 1275 1380 1308 ἑνικῶς,
1401 1275 1520 1312 δηλονότι
1534 1276 1680 1311 ἐξαιρέτως
1696 1275 1744 1302 καὶ
1759 1276 1878 1311 ἀμιμή-

1074 1323 1192 1354 τως,καὶ
1199 1323 1306 1350 πάντων
1320 1322 1374 1348 τῶν
1386 1323 1479 1355 ὄντων,
1494 1323 1539 1349 καὶ
1547 1322 1614 1348 ὅλων
1630 1322 1755 1354 πάντων,
1777 1322 1879 1357 δηλον-

1073 1370 1115 1396 ότι
1132 1369 1298 1405 όλοκλήρωψ
1319 1370 1364 1396 καὶ
1383 1369 1440 1404 ἅμα
1457 1370 1503 1396 καὶ
1523 1369 1576 1404 πρὸ
1595 1369 1716 1401 πάντων,
1736 1369 1788 1396 καί
1803 1370 1880 1406 ὑπὲρ

1075 1416 1163 1442 πάντα
1177 1416 1216 1447 ὡς
1229 1415 1323 1442 αἴτιον.
1342 1415 1388 1451 Μὴ
1398 1415 1463 1450 γοῦν
1477 1415 1538 1450 δόξῃ
1550 1415 1619 1441 τισὶν
1628 1415 1754 1441 ἐναντίον
1770 1416 1804 1442 τὸ
1815 1415 1879 1450 ᾶμε

1074 1462 1143 1496 πρὸς
1150 1462 1183 1488 τὰ
1195 1461 1270 1497 παρὰ
1286 1462 1335 1497 τῆς
1349 1461 1423 1493 θείας
1434 1461 1544 1496 Γραᾳῆς
1558 1461 1701 1496 εἰρημένα,
1713 1461 1757 1487 ὅτι
1772 1462 1804 1487 ἐν
1827 1463 1879 1497 μιᾷ

1075 1508 1178 1543 ἑκάστῃ
1193 1508 1285 1543 ἡμέρᾳ
1302 1507 1361 1534 τόδε
1378 1516 1403 1534 τι
1423 1507 1620 1542 ἐδημιούργησε
1640 1507 1686 1533 καὶ
1699 1507 1876 1542 ὑπέστησεν.

1077 1554 1154 1588 ’Ἅμα
1171 1551 1245 1585 εἷπε,
1264 1554 1334 1581 κατὰ
1348 1553 1396 1589 τὴν
1413 1553 1460 1580 τοῦ
1477 1552 1586 1588 ποιητοῦ
1602 1552 1729 1587 δύναμιν·
1753 1552 1877 1588 ἠδύνατο

1076 1600 1132 1635 γὰρ
1149 1601 1196 1626 καὶ
1208 1601 1237 1627 ὲν
1251 1601 1383 1636 ἀκαριαίᾳ
1396 1599 1491 1635 καιροῦ
1501 1601 1568 1635 ῥοπῇ
1582 1599 1615 1625 τὰ
1625 1599 1713 1625 πάντα
1731 1600 1876 1634 συστήσα-

1077 1646 1149 1677 σθαι,
1171 1646 1262 1677 καθὼς
1284 1646 1330 1672 καὶ
1349 1646 1363 1672 ὁ
1386 1646 1472 1681 μέγας
1495 1645 1669 1680 διαλαμῦἀνει
1688 1646 1755 1680 περὶ
1775 1647 1875 1673 τούτου

1077 1692 1276 1727 Χρυσόστομος.
1303 1693 1359 1718 Καὶ
1382 1692 1451 1727 ὑπὲρ
1474 1691 1538 1718 αὐτὸ
1555 1691 1586 1717 τὸ
1601 1691 1630 1717 ἒν
1644 1692 1659 1717 ὀ
1673 1691 1752 1723 Θεὸς,
1769 1691 1811 1723 ὡς
1827 1693 1875 1718 καὶ

1076 1738 1163 1764 πάντα
1174 1738 1324 1774 ὑπερέχων,
1341 1739 1388 1765 καὶ
1406 1739 1458 1764 πᾶν
1473 1738 1503 1764 τὸ
1516 1737 1544 1764 ὃν
1562 1738 1590 1764 ἓν
1608 1737 1704 1771 ὁρίζει·
1721 1738 1753 1764 τὸ
1769 1738 1829 1773 γὰρ
1845 1739 1875 1764 ὃν

1076 1784 1105 1810 ἓν
1119 1784 1236 1820 ἀριθμοῦ
1250 1785 1365 1820 δήλωσιν
1379 1785 1434 1820 ἔχει
1450 1784 1494 1810 ὲπί
1510 1793 1580 1815 τινος
1596 1783 1672 1815 ὄντος
1691 1784 1873 1819 ταττόμενον.

1083 1831 1144 1858 Ἐπὶ
1157 1831 1211 1857 τῶν
1223 1831 1307 1858 ὅντων
1322 1832 1426 1864 τοίνυν,
1444 1831 1565 1857 τουτέστι
1580 1830 1634 1856 τῶν
1651 1831 1827 1865 κτισμάτων,
1843 1831 1874 1858 τὺ

1076 1877 1106 1903 ἒν
1120 1877 1271 1912 τιθέμενον,
1288 1877 1359 1904 κατὰ
1374 1877 1491 1913 ἀριθμοῦ
1507 1877 1609 1903 ἔννοιαν
1625 1876 1742 1903 τίθεται’
1760 1877 1811 1903 καὶ
1828 1877 1872 1904 διὰ

1075 1923 1154 1950 τοῦτο
1164 1923 1195 1950 τὸ
1213 1923 1242 1950 ὃν
1261 1923 1289 1950 ἓν
1304 1923 1449 1959 ἐνάριθμον
1463 1923 1544 1957 λέγει,
1566 1922 1687 1957 δηλονότι
1706 1923 1738 1949 τὺ
1769 1923 1799 1949 ἓν
1826 1924 1873 1950 καὶ

1077 1971 1229 1997 ὐπθπῖπτον
1251 1970 1290 2005 τῷ
1313 1970 1421 2006 ἀριθμῷ
1443 1970 1471 1996 ἐν
1490 1970 1562 1995 ἐστιν
1583 1969 1871 2004 ἀντιδιαστελλὸμενον

1076 2016 1145 2052 πρὸς
1159 2016 1194 2043 τὰ
1217 2016 1262 2043 δύο
1277 2016 1338 2052 ἢτά
1354 2016 1427 2052 τρία.
1449 2016 1476 2042 Ὁ
1489 2015 1518 2042 δὲ
1532 2015 1650 2046 τοιοῦτος
1665 2014 1787 2050 ἀριθμὸς
1802 2016 1869 2042 πάν-

1076 2071 1130 2094 τως
1142 2063 1235 2094 οὐσίας
1253 2063 1361 2098 μετέχει
1382 2062 1462 2094 τινός·
1478 2063 1508 2088 τὸ
1526 2061 1554 2088 δὲ
1577 2061 1742 2097 ὑπερούσιον
1762 2061 1793 2088 ἓν
1810 2063 1869 2089 καθ’

1077 2110 1143 2136 αὐτὸ
1155 2110 1202 2136 καὶ
1223 2110 1407 2136 ἀπλούστατόν
1421 2110 1487 2135 ἐστι.
1510 2108 1674 2144 Θαυμασίως
1693 2106 1742 2135 οὖν
1756 2108 1792 2135 τὰ
1808 2110 1870 2145 περὶ

1077 2156 1200 2192 ἀριθμῶν
1212 2156 1421 2192 φυσιολογήσας,
1441 2156 1552 2190 ἐπάγει,
1569 2156 1620 2187 ὅτι,
1645 2154 1697 2181 κᾶν
1718 2155 1767 2181 καὶ
1787 2155 1870 2190 μονὰς

1077 2203 1128 2230 κᾶν
1144 2203 1221 2239 τριὰς
1236 2204 1344 2239 ὑμνοῖτο
1360 2205 1376 2238 ἡ
1387 2203 1456 2238 ὑπὲρ
1469 2202 1557 2229 πάντα
1573 2201 1679 2236 θεότης,
1703 2201 1766 2228 οὔτε
1788 2202 1870 2237 μονὰς

238 2248 285 2279 ris.
300 2249 426 2282 positum,
444 2250 592 2276 secundum
615 2250 721 2277 numeri
740 2249 871 2276 rationem
896 2249 1023 2283 ponitur;

1080 2249 1127 2275 ἆτε
1144 2249 1239 2284 μονὰς,
1254 2248 1316 2275 οὔτε
1331 2248 1410 2284 τριὰς
1420 2248 1467 2275 an
1480 2247 1559 2284 τριάς
1574 2249 1658 2279 ἐστιν,
1671 2247 1688 2283 ἦ
1706 2248 1773 2284 παρ’
1790 2249 1868 2284 ἡμῶν

237 2301 266 2320 et.
282 2294 384 2322 idcirco
404 2296 476 2329 quod
499 2304 583 2322 unum
602 2302 654 2328 est,
675 2297 708 2323 ad
731 2303 875 2323 numerum
897 2300 1023 2329 spectare

239 2341 315 2373 dicit,
328 2341 385 2369 sive
399 2342 425 2368 id
436 2343 507 2376 quod
516 2343 567 2370 sub
577 2351 719 2370 numerum
728 2343 812 2375 cadit,
831 2349 912 2369 unum
928 2348 970 2369 est
978 2349 1027 2376 per

239 2388 436 2422 oppositionem
449 2389 562 2416 duorum
579 2389 620 2416 vel
637 2390 730 2416 trium.
739 2389 813 2416 Talis
827 2394 917 2416 antem
930 2396 1027 2416 nume-

239 2441 287 2461 rus
301 2435 412 2462 omnino
427 2435 545 2470 aliquam
566 2436 746 2463 substantiam
765 2436 928 2470 participat;
943 2443 1026 2462 unutn

239 2486 331 2508 autem
352 2482 615 2513 supersubstantiale
629 2483 779 2510 secundum
790 2490 820 2510 se
832 2489 942 2517 quoque
958 2483 1026 2509 sim~

240 2527 417 2562 plicissimum
429 2528 547 2555 exsistit.
564 2528 725 2555 Mirabiiiter
743 2529 833 2562 itaque
849 2536 1025 2556 ttumerorum

241 2579 366 2602 naturam
379 2575 547 2608 investigatis
563 2575 666 2607 subdit,
683 2575 865 2608 divinitatem,
882 2582 944 2609 qua:
967 2583 1028 2602 om-

241 2621 285 2648 nia
316 2625 441 2655 superat,
464 2620 522 2647 sive
544 2628 639 2648 monas
664 2621 722 2648 sive
746 2621 814 2648 trias
847 2621 1025 2654 pratdicelur,

240 2674 330 2702 neque
359 2668 501 2695 monadent
534 2675 586 2702 qua
610 2668 766 2700 monadem,
796 2676 885 2703 neque
913 2669 1027 2696 lriadent

241 2723 294 2749 qtta
320 2715 461 2747 triadem,
501 2723 588 2749 neque
624 2724 639 2742 a
670 2715 766 2748 nobis,
795 2723 882 2749 neque
913 2716 946 2743 ab
967 2715 1029 2742 aliis

241 2770 291 2796 per
316 2769 445 2789 numeros
458 2763 597 2797 cognosci,
616 2762 662 2790 sed
687 2770 768 2797 supra
785 2770 894 2790 onmem
909 2767 1027 2789 mentem

241 2812 269 2835 et
281 2815 342 2835 esse
354 2813 382 2835 et
397 2809 531 2836 nominari
548 2809 650 2837 Deum:
665 2809 780 2836 dicendo
795 2810 866 2836 enim
880 2810 952 2843 quod
974 2816 1028 2835 non

242 2860 295 2889 est,
309 2857 488 2892 intelligimus
509 2857 573 2892 quid
589 2857 625 2884 sit
638 2857 720 2885 Deus.
739 2856 778 2884 Nc
799 2857 881 2892 igitur
896 2856 1027 2890 simplici-

244 2909 285 2931 ter
300 2905 394 2933 audias
407 2905 481 2938 illud,
506 2913 593 2940 neque
612 2912 708 2933 monas
729 2912 817 2940 neque
832 2905 914 2937 trias,
931 2904 977 2931 scd
993 2902 1027 2930 il-

1077 2295 1110 2321 6'.‘
1134 2295 1257 2331 ἀριθμῶν
1276 2294 1492 2330 γνωριζομένηῆ
1512 2295 1577 2328 παρ’
1600 2294 1710 2329 ἑτέρου,
1722 2294 1782 2320 ἀλλ’
1801 2295 1871 2331 ὑπὲρ

1077 2342 1166 2369 πάντα
1181 2341 1243 2368 νοῦν
1257 2342 1303 2368 καὶ
1314 2341 1370 2367 ἐστι
1382 2341 1427 2367 καὶ
1445 2339 1605 2375 ὀνομάζεται
1624 2341 1638 2367 ό
1660 2340 1738 2372 Θεός·
1755 2341 1801 2368 διὰ
1817 2342 1869 2377 γὰρ

1076 2388 1123 2415 τοῦ
1138 2390 1224 2415 εἰπεῖν
1238 2389 1306 2424 ὅπερ
1325 2389 1374 2415 οὐκ
1388 2388 1460 2419 ἐστι,
1474 2387 1586 2420 νοοῦμεν
1599 2387 1614 2412 ὅ
1627 2395 1654 2413 τι
1672 2387 1748 2413 ἐστὶν
1764 2388 1778 2413 ὁ
1793 2388 1868 2420 Θεός.

1076 2434 1123 2470 Μὴ
1139 2435 1227 2461 τοίνυν
1248 2434 1339 2466 ἁπλῶς
1354 2435 1394 2465 τὸ,
1409 2434 1465 2460 Οὐχ
1487 2433 1544 2460 ἐστι
1562 2432 1645 2468 μονὰς
1666 2433 1683 2468 ἢ
1700 2433 1792 2468 τριὰς,
1807 2434 1868 2466 ἐξα-

1078 2483 1188 2519 κοὺσῃς,
1205 2482 1272 2509 ἀλλὰ
1286 2482 1354 2518 πρὸς
1366 2480 1402 2515 τῇ
1414 2479 1615 2515 διεγνωσμένῃ
1634 2479 1766 2511 σύνταξον
1776 2480 1807 2506 τὸ
1816 2482 1868 2507 οὐκ

1077 2528 1170 2555 ἐστιν·
1187 2529 1217 2554 οὺ
1238 2528 1292 2564 γὰρ
1315 2528 1419 2554 ἀνελεῖν
1435 2526 1469 2552 τὰ
1491 2526 1540 2561 τῆς
1564 2525 1692 2560 τοιαύτης
1712 2526 1865 2560 ὁμολογίας,

1078 2574 1146 2601 ἀλλὰ
1159 2574 1189 2601 τὸ
1206 2574 1405 2609 ἀνεξιχνίαστον
1424 2573 1438 2598 ὁ
1458 2572 1535 2606 λόγος
1555 2570 1679 2605 βούλεται
1701 2571 1818 2604 διδάξαι.
1832 2573 1866 2599 Τὸ

1078 2621 1143 2654 γοῦν
1157 2621 1386 2655 ὺπερηνωμένον
1405 2619 1471 2655 φησὶ
1494 2617 1639 2653 δηλοῦσθαι
1653 2618 1686 2644 ἐκ
1699 2618 1752 2653 τῆς
1771 2619 1866 2654 ὀνομα-

1080 2668 1140 2699 σίας
1155 2667 1206 2702 τῆς
1221 2666 1343 2702 μονάδος,
1365 2666 1396 2692 τὺ
1409 2665 1438 2692 δὲ
1453 2665 1575 2699 θεόγονον
1599 2664 1632 2690 ὲκ
1654 2664 1705 2698 τῆς
1723 2664 1864 2699 ὀνομασίας

1078 2715 1129 2750 τῆς
1142 2714 1258 2750 τριάδος·
1275 2713 1319 2740 ἵνα
1328 2713 1382 2748 γὰρ
1396 2712 1521 2748 παραστῇ
1532 2709 1586 2736 τῶν
1596 2709 1791 2744 ἀνεχλαλήτων
1805 2711 1866 2736 ὑπο-

1081 2763 1200 2789 στὰσεων
1211 2763 1228 2796 ἡ
1243 2759 1416 2796 προσκυνητὴ
1431 2757 1589 2792 ἐκφανσις,ὁ
1598 2756 1715 2792 ἀριθμὸς
1725 2756 1863 2793 ἐπενοήθη,

1080 2809 1150 2836 καθὰ
1163 2810 1208 2835 καὶ
1231 2808 1368 2838 Bac-ﬂeto;
1392 2806 1439 2833 καὶ
1453 2803 1599 2840 Γρηγόριος
1613 2803 1638 2829 οἱ
1657 2802 1725 2829 θεῖοι
1750 2802 1863 2837 λέγουσι.

1081 2856 1192 2890 Γόνιμον
1207 2854 1234 2880 δὲ
1251 2854 1295 2879 τὸν
1317 2852 1426 2887 Πατέρα
1439 2850 1589 2885 ὠνόμασεν,
1609 2848 1657 2875 ἅτε
1677 2849 1862 2884 προσκυνητοί

1085 2900 1146 2929 1⁵ίοῦ
1163 2901 1281 2936 Πατέρα,
1305 2900 1351 2926 καὶ
1366 2898 1411 2925 τοῦ
1433 2894 1674 2933 συμπροσκυνητοῦ
1691 2895 1768 2932 αὐτῷ
1785 2895 1863 2923 Πνεῦ-
