1929 3061
32 146 35 160 Α

77 159 129 188 995

337 161 381 188 DE
396 161 523 189 DIVINIS
538 161 736 196 NOMINIBUS,
754 162 833 190 CAP.
852 161 960 191 Xlll.——
983 163 1156 191 PARAPIIR.
1173 164 1410 194 PACHYMERXE.

1662 169 1714 197 994

31 216 33 219 ’
75 227 162 254 ματος
176 219 266 256 πηγὴν
300 221 346 247 καὶ
362 220 450 256 ἀρχὴν
465 222 512 248 καὶ
527 221 625 248 αἰτίαν.
647 221 797 258 Γονιμότης
812 222 840 249 δὲ
853 232 858 249 1

925 222 969 250 lud
987 231 995 249 :
1014 223 1076 250 Non
1097 229 1134 250 est
1155 227 1283 250 construe
1303 231 1365 251 eum
1383 224 1569 262 διεγνωσμένῃ
1587 233 1633 254 seu
1647 234 1713 255 voce

74 265 178 302 ἑνότης,
187 266 203 302 ἢ
211 266 304 302 ἕτερόν
313 276 340 293 τι
348 267 433 302 ὄνομα
441 267 495 294 τῶν
504 267 755 303 συνεγνωσμὲνωνῆ
767 268 871 303 ἀνθρώ-

72 312 172 348 ποις,ἢ
187 313 234 339 καὶ
244 313 339 345 αὑταῖς
347 314 407 345 ταῖς
415 315 524 349 νοηταῖς
537 313 692 349 δυνάμεσιν,
708 314 758 341 οὐκ
772 313 805 341 ἂν
820 323 871 341 πα-

73 359 218 394 ραστήσειε
231 358 337 394 τρανῶς
346 359 380 386 τὰ
394 359 430 392 ῶς,
446 361 515 387 είσιν
530 361 562 387 ὲκ
575 360 683 388 πάντων
693 361 870 398 ἀποκεκρυμ-

72 404 144 439 μένα
159 403 205 431 τοῦ
221 404 299 431 Θεοῦ.
317 405 379 437 Πῶς
395 406 449 442 γὰρ
460 406 572 433 δυνατὸν
586 407 718 442 ὀνομάσαι
733 408 786 435 ἀπό
799 417 871 441 τινος

69 449 127 476 τῶν
150 450 233 477 ὅντων
254 451 300 477 τὸν
320 451 403 485 Θεὸν,
431 452 514 488 μηδὲν
533 452 587 479 τῶν
610 453 719 480 πάντων
731 454 806 487 ὂντα,
825 456 870 482 καὶ

70 497 143 532 ὑπὲρ
162 496 196 523 τὰ
213 496 302 524 πάντα
318 497 402 530 owe;
427 499 483 525 Καὶ
501 498 527 524 τί
540 498 612 533 λέγω
627 499 690 535 περὶ
710 499 765 526 τῶν
784 499 869 527 ἄλλων

68 542 228 577 ὀνομάτων,
260 543 328 570 ὅπου
361 544 407 570 καὶ
435 544 501 571 αὐτὸ
531 545 561 572 τὸ
588 546 751 573 σεπτότατον
784 547 869 582 ὄνομα

66 588 86 623 ἡ
112 588 249 624 ἀγαθότης
263 589 314 616 οὐκ
339 591 437 617 οἰκεῖον
464 589 567 626 κυρίως
583 591 702 627 Θεῷ;οί
728 592 783 628 γὰρ
812 593 870 620 θεο-

67 633 143 668 λόγοι
163 635 206 661 διὰ
229 635 260 662 τὺ
273 635 342 671 ὅλως
369 637 440 662 νοεῖν
458 645 484 662 τι
513 637 560 664 καὶ
582 637 671 672 λέγειν
696 639 760 674 περὶ
789 639 868 672 Θεοῦ,

66 680 109 716 τῷ
124 681 189 718 περὶ
204 682 286 708 αὐτὸν
303 682 376 718 πόθῳ
391 683 581 718 κατεχόμενοι,
598 684 628 711 τὺ
640 684 691 720 τῆς
702 685 869 722 ἀγαθότητος

67 727 156 763 ὕνομα
164 727 296 754 ἐπέϐαλον
306 727 344 763 τῷ
353 728 422 764 Θεῷ,
439 729 507 756 ἀλλά
521 729 624 765 κυρίως
633 730 680 757 καὶ
695 730 868 767 ὑπεράγαθός

67 773 128 800 ἐστι
145 775 192 800 καὶ
212 774 372 810 ὑπερούσιος
393 776 407 801 ὁ
426 775 501 807 Θεός.
525 776 558 802 At
574 775 602 802 δὲ
623 776 785 811 ἀποφάσεις,
808 779 868 814 ἦτοι

65 819 198 855 ἀρνήσεις
210 821 258 847 καὶ
274 821 426 857 στερήσεις,
442 821 488 847 ἐπὶ
498 821 565 847 Θεοῦ
576 822 625 858 οὐχ
638 823 731 855 ἁπλῶς
745 823 867 860 εἴρηνται

64 868 126 898 τοῖς
142 866 286 901 θεολόγοις·
314 867 344 893 οὐ
367 867 422 903 γὰρ
439 867 477 899 ὡς
497 867 619 902 λέγονται
640 868 778 902 νοοῦνται,
809 870 866 897 ἀλλ’

66 912 350 948 ὕπεραναόεὸηκότως
365 913 537 950 θεωροῦνται.
553 914 590 941 To
597 914 652 950 γὰρ
662 914 806 948 ἀθάνατος,
815 917 863 943 καὶ

64 959 184 994 ἀόρατος
196 979 203 990 ,
226 959 273 986 καὶ
288 959 425 995 ἀνενδεὴς,
450 960 497 986 καὶ
511 959 544 986 τὰ
560 960 681 993 τοιαῦτα,
696 960 746 987 οὐκ
762 961 794 988 ἄν
808 969 858 996 τις,

65 1005 165 1040 σοφίας
182 1005 313 1040 μετέχων,
330 1005 535 1042 δημωδέστερον
556 1005 688 1033 ἀπολάϐοι
701 1026 707 1038 ,
723 1006 791 1033 ἀλλὰ
806 1007 861 1034 τῶν

63 1051 238 1087 δηλουμένων
262 1051 448 1087 ἐξιστάμενος,
473 1052 519 1078 ἐπὶ
538 1051 588 1084 τὰς
604 1052 787 1087 σεσιγημένας
815 1053 862 1080 καὶ

64 1097 207 1132 θειοτέρας
222 1096 325 1128 ἐννοίας
342 1096 508 1123 ἀνανεύσειε·
523 1097 563 1124 διὸ
584 1098 630 1124 καὶ
647 1097 744 1133 νοητὰς
760 1098 861 1126 θεωνυ-

66 1143 134 1178 μίας
148 1142 248 1178 ὲφεξῆς
256 1143 345 1175 καλῶς
352 1143 438 1174 αὐτὰς
453 1143 661 1179 προσαγορεύει.
685 1142 860 1180 Ἐξισταμένη

64 1187 122 1224 γὰρ
136 1189 152 1224 ἡ
169 1188 242 1224 ψυχὴ
257 1189 311 1215 τῶν
326 1189 489 1225 σωματικῶν
512 1190 624 1216 ἁπασῶν
645 1190 797 1226 αἰσθήσεων
813 1191 861 1217 καὶ

65 1236 217 1271 κοσμικῶν,
234 1236 344 1271 (ταύτας
353 1236 408 1272 γὰρ
422 1235 578 1271 συμφύλους
593 1236 696 1272 φησιν’)
708 1236 780 1263 οὕτω
797 1245 861 1263 συν-

64 1283 182 1310 ἅπτεται
204 1282 243 1318 τῷ
266 1283 412 1318 ἀκραιφνεῖ
426 1283 476 1318 τῆς
499 1282 626 1317 γνώσεως
640 1282 686 1309 τοῦ
701 1283 784 1315 Θεοῦ,
800 1283 860 1310 καθ’

63 1328 129 1355 ὅσον
143 1328 253 1356 δυνατόν
270 1330 344 1355 ἐστιν
359 1329 516 1365 ἀνθρωπίνῃ
531 1328 621 1364 φύσει,
638 1328 676 1360 ὼς
692 1329 738 1355 καὶ
750 1330 765 1355 ὁ
786 1329 861 1356 Ἀπό-

65 1375 160 1408 στολος
174 1376 331 1407 αἰνίττεται,
347 1375 444 1410 λέγων·
468 1375 523 1403 Καὶ
551 1375 626 1402 οὕτω
648 1375 776 1402 πάντοτε
800 1375 861 1403 σὺν

64 1422 166 1456 Κυρίῳ
179 1422 321 1457 ἐσόμεθα·
338 1422 385 1449 καὶ
405 1421 487 1448 πάλιν
522 1421 588 1448 Νῦν
601 1422 641 1454 ὡς
662 1422 696 1448 ἐν
709 1423 859 1457 αίνίγματι

64 1467 117 1494 καὶ
128 1467 163 1494 ἐν
176 1467 311 1502 ἐσόπτρῳ
327 1467 451 1503 ὁρῶμεν,
474 1470 540 1494 τότε
557 1467 591 1494 δὲ
605 1468 766 1502 πρόσωπον
782 1468 857 1502 πρὸς

64 1513 228 1547 πρόσωπον
237 1513 380 1548 ὀψόμεθα.

922 269 1038 303 cognita,
1059 275 1150 295 sermo
1168 268 1239 295 enim
1258 276 1310 295 non
1327 269 1384 296 vult
1401 271 1584 298 condemnare
1598 279 1659 306 qum
1675 272 1712 299 ita

921 320 970 348 pro
985 313 1112 341 confesso
1132 313 1276 347 habemur,
1292 314 1339 342 sed
1355 315 1437 342 Deum
1459 323 1520 344 esse
1535 316 1713 351 iuinvestiga-

921 358 1001 386 bilem
1019 360 1108 387 docet.
1123 359 1191 387 lllud
1209 360 1299 395 itaque
1315 369 1321 386 :
1343 361 1432 396 Supra
1452 370 1530 397 quam
1553 363 1657 390 unitum
1673 365 1712 391 ait

921 404 1068 440 significari
1084 413 1117 432 ex
1139 406 1248 433 nomine
1269 405 1348 442 537
1366 407 1489 440 unitatis,
1511 409 1630 436 divinam
1647 417 1712 437 vero

922 451 1115 479 fecunditatem
1140 460 1172 480 ex
1199 453 1309 480 nomine
1337 454 1482 487 trinitatis;
1511 461 1539 482 ut
1563 456 1636 483 enim
1664 457 1712 483 ad-

921 497 1023 523 oranda
1048 496 1228 524 iuetl‘abilium
1253 505 1431 532 personarum
1459 499 1641 528 manifestatio
1670 509 1711 529 re-

921 547 1148 576 praesentaretur,
1165 549 1296 569 numerus
1308 544 1479 578 excogitatas
1494 548 1546 576 est,
1562 546 1633 573 sicut
1655 546 1710 574 divi

920 587 1038 615 Basilius
1056 593 1084 615 et
1102 588 1252 623 Gregorius
1269 588 1356 616 aiunt.
1371 589 1478 617 Patrem
1501 596 1592 618 autem
1617 592 1712 620 fecuno

920 633 983 660 dum
996 634 1152 668 appellavit,
1171 639 1300 669 tanquam
1316 636 1447 663 adorandi
1470 636 1528 663 Filii
1547 638 1710 673 genitorem,

919 685 946 706 et
962 679 1042 706 simul
1060 688 1120 707 cum
1139 681 1197 715 ipso
1212 681 1341 709 adorandi
1360 681 1478 716 Spiritus
1492 684 1579 710 sancti
1597 683 1709 717 fontem,

920 732 951 752 ac
969 726 1133 760 principium
1148 732 1176 753 et
1199 735 1321 754 causam.
1344 727 1510 756 Fecunditas
1532 735 1623 757 autem
1651 731 1712 758 uni-

920 775 1005 804 tasve,
1032 776 1079 799 aut
1104 772 1177 800 aliud
1198 773 1305 807 aliquod
1337 781 1454 806 nomen,
1478 774 1634 803 hominibus
1664 782 1712 804 aut

919 817 1000 844 etiam
1031 817 1155 852 ipsismet
1181 818 1388 846 iutellectilibns
1415 819 1563 848 virtutibus
1592 827 1685 849 notum
1701 842 1708 854 ,

919 871 974 891 non
996 869 1088 899 posset
1119 864 1194 891 clare
1217 865 1346 893 exhibere
1374 865 1421 893 Dci
1446 867 1605 895 abscondita
1630 874 1711 904 prout

918 914 991 938 sunt.
1008 910 1150 944 Quomodo
1174 912 1244 939 enim
1272 912 1354 943 Deus,
1383 913 1428 948 qui
1457 914 1524 940 nihil
1547 922 1638 942 rerum
1656 923 1707 948 est,

915 956 962 983 sed
979 964 1061 990 supra
1079 964 1124 984 res
1145 965 1251 990 omnes,
1265 965 1299 984 ex
1317 966 1346 986 re
1363 959 1453 993 aliqua
1470 967 1567 987 nomen
1583 962 1709 995 accipere

914 1002 1023 1036 possit?
1035 1002 1068 1029 Et
1084 1003 1150 1037 quid
1164 1003 1226 1031 dico
1242 1003 1275 1031 de
1290 1003 1350 1031 aliis
1364 1005 1532 1038 nominibus,
1549 1014 1611 1034 cum
1626 1009 1707 1035 etiam

915 1047 1062 1082 ipsummet
1076 1049 1298 1084 augustissimum
1317 1058 1415 1078 nomen
1440 1052 1572 1079 bonitatis
1595 1061 1647 1080 non
1672 1053 1708 1080 sit

915 1095 1024 1128 proprie
1042 1095 1097 1122 Deo
1124 1095 1285 1130 proprium?
1309 1095 1439 1132 Theologi
1461 1098 1547 1131 enim,
1562 1098 1707 1134 utaliquid

914 1140 1026 1168 omnino
1048 1140 1231 1176 intelligerent
1244 1147 1271 1168 et
1292 1141 1326 1168 de
1340 1141 1396 1169 Deo
1410 1143 1542 1174 dicereut.
1561 1144 1645 1179 ipsius
1660 1145 1708 1172 dc—

914 1187 1015 1215 siderio
1026 1189 1156 1223 correpti,
1177 1197 1276 1216 nomen
1290 1190 1422 1218 bonitatis
1437 1190 1492 1218 Deo
1508 1191 1705 1225 imposuerunt,

913 1233 1038 1268 quamvis
1056 1234 1166 1268 proprie
1184 1233 1255 1262 Deus
1273 1235 1308 1262 sit
1325 1242 1406 1270 supra
1431 1236 1594 1269 bonitatem.
1609 1242 1636 1264 et
1659 1246 1707 1265 su-

913 1286 961 1313 pra
989 1279 1146 1305 essentiam.
1179 1279 1342 1314 Ἀποφὰσεις
1366 1288 1440 1314 vero,
1463 1281 1522 1308 sive
1548 1283 1707 1317 negationes

913 1330 939 1352 et
954 1325 1132 1359 privutioues,
1157 1325 1184 1352 in
1213 1326 1267 1353 Deo
1288 1333 1341 1353 non
1356 1326 1516 1361 simpliciter
1535 1335 1550 1355 a
1572 1329 1706 1365 theologis

914 1370 1061 1405 dicuntur;
1087 1379 1140 1399 non
1156 1372 1228 1398 enim
1250 1372 1321 1398 sicut
1346 1372 1474 1400 dicuntur
1489 1374 1526 1400 ita
1550 1374 1706 1410 intelligun-

913 1423 969 1450 tur,
983 1419 1029 1445 sed
1046 1419 1126 1446 modo
1147 1419 1380 1446 transcendeutali
1398 1420 1621 1448 considerantur.
1636 1421 1704 1449 Nam

912 1463 1086 1496 immortalis,
1114 1469 1142 1491 et
1162 1463 1319 1497 invisibilis,
1333 1470 1362 1491 et
1379 1465 1479 1492 nul-lius
1498 1466 1614 1501 indigus,
1628 1472 1655 1495 ct
1668 1469 1705 1494 si-

910 1511 997 1543 milia,
1012 1518 1104 1542 nento,
1117 1511 1163 1545 qui
1179 1518 1291 1545 compos
1306 1511 1341 1538 sit
1362 1511 1516 1546 sapientiae,
1542 1514 1622 1540 modo
1647 1514 1705 1540 vul-

64 1561 124 1596 gari
140 1562 266 1596 accipiet,
289 1562 337 1589 sed
358 1569 373 1589 a
392 1560 474 1589 rebus
495 1568 556 1595 qua:
585 1561 776 1596 signiﬁcantur
808 1561 958 1593 recedens,
986 1560 1020 1586 ad
1051 1560 1152 1587 tacitas
1178 1564 1205 1586 et
1229 1560 1378 1586 diviniores
1402 1561 1592 1595 cogitationes,
1617 1563 1705 1589 susci-

65 1609 142 1642 piet;
157 1614 270 1644 propter
284 1609 356 1644 quod
377 1610 459 1637 etiam
475 1610 646 1638 intellectiles
672 1610 718 1637 Dei
753 1611 989 1638 denominaliones
1008 1609 1136 1644 deinceps
1158 1615 1232 1637 recte
1253 1611 1327 1644 ipsas
1356 1609 1486 1644 appellat.
1514 1609 1581 1636 Nam
1612 1611 1704 1638 anima

65 1655 113 1682 ubi
128 1655 268 1690 corporeis
285 1655 411 1682 omnibus
440 1656 566 1684 sensibus
581 1661 608 1684 et
631 1656 713 1683 rebus
733 1657 878 1683 mundanis
909 1663 939 1683 se
965 1655 1098 1682 abdicarit
1123 1655 1184 1689 (has
1210 1655 1281 1682 enim
1306 1655 1455 1685 familiares
1470 1660 1573 1692 vocat),
1599 1662 1703 1686 tantum

64 1700 221 1736 purissimre
237 1700 284 1727 Dei
295 1701 453 1735 cognitioni,
467 1705 597 1736 quantum
613 1706 718 1729 natura:
748 1702 873 1730 humana:
904 1701 978 1732 licet,
1004 1701 1199 1736 conjungitur,
1229 1702 1300 1728 sicut
1330 1704 1477 1737 Apostolus
1501 1704 1634 1737 insinuat,
1662 1705 1704 1732 di-

63 1753 132 1772 cens
147 1754 155 1772 :
171 1744 204 1771 EI
216 1746 255 1771 sic
276 1753 377 1780 semper
393 1754 451 1772 cum
472 1746 588 1773 Domino
606 1747 705 1774 erimus
722 1752 754 1779 u;
782 1752 808 1774 et
830 1748 928 1774 iterum
950 1755 958 1774 :

64 1799 129 1821 tunc
141 1798 228 1820 autem
240 1793 308 1827 facie
323 1794 358 1820 ad
372 1794 467 1828 faciem
485 1794 628 1822 videbimus
644 1799 667 1822 ο.

984 1746 1108 1774 Videmus
1124 1755 1194 1774 nunc
1223 1755 1270 1782 per
1304 1748 1437 1782 speculum
1449 1755 1473 1776 et
1493 1750 1521 1777 in
1551 1750 1701 1784 wnigmale,

102 1839 177 1875 §lV.
202 1839 309 1871 Ταύτας
328 1841 410 1875 ἡμεῖς
432 1839 481 1872 τὰς
507 1843 604 1876 νοητὰς
626 1841 795 1878 θεωνυμίας,
822 1842 858 1874 ὡς

947 1840 961 1876 §
978 1839 1022 1867 IV.
1038 1839 1100 1867 llmc
1112 1847 1162 1867 nos
1174 1839 1264 1867 divina
1282 1839 1405 1871 nomina,
1419 1839 1509 1874 quoad
1533 1839 1630 1873 licuit,
1650 1847 1700 1867 ex-

63 1886 185 1920 ὲφικτὸν,
198 1886 398 1922 ἀνεπτύξαμεν,
407 1886 585 1923 δηλονότιοὺχ
595 1887 778 1924 ὑψηλοτέρως,
790 1888 857 1915 ἀλλά

63 1931 137 1958 κατὰ
152 1932 183 1958 τὸ
202 1932 320 1968 γράμμα
343 1932 555 1969 ἀποδεδώκαμεν
576 1934 791 1970 ταπεινοτέρως,
819 1935 856 1971 μὴ

65 1977 145 2012 μόνον
161 1977 215 2004 τῶν
232 1977 366 2012 ἀγγέλων,
384 1978 397 2004 ὁ
408 1977 463 2014 γὰρ
474 1978 577 2005 τούτων
585 1978 741 2010 κατώτατος
756 1979 857 2013 μείζων

63 2023 173 2050 πάντων
188 2023 242 2050 τῶν
253 2025 283 2050 ὲν
299 2025 331 2060 τῇ
356 2024 505 2061 Ἐκκλησία
521 2024 653 2059 θεολόγων
666 2025 724 2051 ἐστί
734 2034 740 2040 ·
762 2025 799 2062 μὴ
813 2029 858 2061 μό-

63 2078 109 2096 νον
132 2069 186 2096 τῶν
209 2069 359 2104 θεολόγων,
383 2067 464 2098 ὧντε
491 2071 647 2099 συνοπαδῶν
659 2072 752 2105 λέγει,
775 2072 856 2099 οἱονεὶ

65 2116 206 2152 μαθητῶν,
222 2117 268 2143 καὶ
285 2114 322 2143 ὦν
338 2117 476 2153 ἀσκητῶν,
493 2117 614 2154 δηλονότι
629 2119 684 2145 τῶν
696 2118 746 2149 τὰς
758 2118 857 2151 ἐλλάμ-

64 2162 127 2197 ψεις
142 2162 192 2193 τὰς
209 2162 284 2195 θείας
301 2163 481 2198 κτησαμένων
497 2163 530 2190 δι’
542 2164 696 2199 ἀσκήσεως,
712 2164 759 2190 καὶ
775 2164 805 2190 οὐ
822 2164 855 2191 δι’

63 2209 196 2245 ὁράσεως,
214 2209 284 2236 κατὰ
295 2210 358 2242 τοὺς
364 2210 530 2242 ἀποστόλους
539 2219 546 2226 ·
566 2211 602 2247 μὴ
614 2211 692 2246 μόνον
702 2211 766 2245 γοῦν
774 2211 856 2246 ὲσχά-

64 2263 120 2286 τως
136 2254 183 2280 καὶ
198 2254 397 2290 ταπεινοτέρως
413 2255 515 2281 τούτων
531 2255 654 2291 εἴπομεν,
672 2256 738 2283 ἀλλὰ
756 2257 802 2283 καὶ
811 2258 857 2283 αὺ-

62 2299 119 2326 τῶν
135 2299 189 2326 τῶν
202 2299 343 2335 ὁμοταγῶν
368 2301 443 2336 ἡμῖν.
462 2301 556 2328 Ταῦτα
571 2302 599 2328 δὲ
615 2302 662 2328 καὶ
677 2302 711 2328 τὰ
728 2303 791 2338 ἑξῆς
808 2311 856 2338 με-

63 2344 184 2379 τριάζων
206 2344 382 2380 ἁγιοπρεπῶς
402 2346 416 2371 ὁ
436 2346 528 2381 πατήρ
546 2353 640 2380 φησιν.
654 2346 745 2377 Ὥστε,
763 2346 788 2371 εί
806 2345 854 2380 μέν

63 2398 137 2421 τινος
149 2389 419 2426 κατεστοχασάμεθα,
431 2391 511 2425 χάρις
524 2390 563 2426 τῷ
580 2390 658 2426 αἰτίῳ
672 2391 727 2416 τῶν
745 2393 854 2417 πάντων

65 2434 176 2470 ἀγαθῶν
192 2435 262 2471 Θεῷ,
279 2435 318 2470 τῷ
334 2435 497 2471 δωρουμένῳ
524 2436 570 2463 καὶ
586 2436 617 2462 τὸ
640 2436 728 2470 λέγειν
753 2437 801 2462 καὶ
824 2436 854 2462 τὺ

64 2479 94 2508 εὖ
105 2481 204 2515 λέγειν.
219 2482 250 2508 Εἰ
266 2482 332 2516 γοῦν
342 2482 563 2517 κατωρθώσαμέν
571 2491 608 2514 τι,
619 2482 665 2509 καὶ
676 2482 716 2508 ἔτι
733 2482 854 2509 διδάσκο-

67 2537 127 2564 μεν,
135 2528 185 2561 ὅτι,
197 2528 250 2554 κᾶν
257 2527 300 2553 Ξτε
303 2536 350 2562 ραι
357 2527 520 2564 ὁμοδύναμοι
528 2529 612 2555 θεωνυ
616 2529 675 2564 μίαι
683 2529 711 2556 ἐν
719 2530 751 2564 τῇ
758 2529 853 2565 Γραφῇ

64 2573 210 2610 εὑρεθῶσι,
228 2572 281 2608 χρὴ
293 2572 340 2599 καὶ
353 2573 455 2604 ταύτας
467 2573 536 2600 κατά
552 2573 602 2605 τὰς
619 2573 703 2605 αὑτὰς
720 2575 854 2608 ὲκφαντο-

65 2620 146 2656 ρικὰς
163 2619 290 2655 μεθόδους
305 2619 534 2655 προσυπακούειν.
546 2620 577 2646 Εἰ
587 2621 615 2647 δὲ
630 2621 679 2647 οὐκ
689 2620 776 2656 ὀρθῶς
784 2620 851 2656 ἕχει,

64 2666 112 2693 καὶ
126 2665 170 2692 διὰ
189 2664 268 2691 τοῦτο
288 2664 338 2700 τῆς
354 2664 482 2700 ἀληθείας
501 2665 598 2698 ὑλικῶς
622 2666 862 2702 ἀπεπλανηοημεν,

63 2714 81 2749 ἢ
95 2712 207 2745 ἀτελῶς,
226 2713 272 2739 καὶ
288 2712 331 2740 διὰ
347 2712 427 2740 τοῦτο
445 2713 564 2748 μερικῶς
580 2714 749 2750 ἡμάρτομεν,
767 2715 809 2751 εἴη
817 2715 851 2742 ἂν

63 2759 113 2794 τῆς
131 2758 180 2794 σῆς
197 2758 419 2794 φιλανθρωπίας,
437 2758 492 2785 θεῖε
510 2758 624 2794 Τιμόθεε
636 2779 644 2791 ,
662 2759 852 2796 ἐπανορθώσα-

65 2803 126 2831 σθαι
133 2804 178 2831 τὸν
186 2803 321 2836 ἀκουσίως
336 2803 484 2838 ἀγνοοῦντα
497 2804 544 2830 καὶ
555 2803 650 2838 μαθεῖν
659 2804 794 2840 δεόμενον.
804 2805 851 2832 καὶ

144 2899 157 2913 υ
174 2894 185 2921 ι
202 2895 296 2924 Thess.
317 2903 351 2926 iv,
378 2894 422 2921 16.
471 2898 483 2912 ο
501 2893 508 2921 l
526 2894 588 2921 Cor.
609 2902 675 2926 xm,
695 2895 739 2921 12.

908 1886 1065 1921 plicuimus,
1084 1885 1210 1914 videlicet
1225 1893 1278 1912 non
1293 1885 1451 1918 sublimius,
1475 1885 1522 1912 sed
1547 1886 1700 1914 secundum

908 1932 1028 1959 litteram
1054 1930 1186 1958 humilius
1203 1931 1365 1957 tradidimus
1385 1938 1440 1957 non
1466 1929 1553 1962 solum
1579 1930 1698 1964 angelis,

908 1985 972 2005 nam
990 1977 1099 2005 iniimus
1111 1977 1194 2003 etiam
1209 1976 1306 2003 horunt
1331 1976 1419 2009 major
1443 1980 1485 2003 est
1501 1976 1627 2003 omnibus
1646 1976 1699 2004 Ec-

907 2025 997 2051 clesice
1015 2023 1169 2057 theologis;
1183 2030 1235 2050 non
1250 2022 1337 2049 solum
1355 2021 1498 2056 theologis,
1515 2022 1614 2056 inquit,
1631 2030 1698 2049 cou-

907 2070 1048 2097 sodalibus
1062 2073 1090 2097 et
1100 2069 1178 2104 quasi
1191 2068 1345 2103 discipulis,
1360 2073 1387 2094 et
1401 2069 1514 2100 ascetis,
1529 2067 1574 2102 qui
1591 2068 1698 2096 scilicet

907 2116 1016 2143 divinas
1030 2115 1230 2142 illustrationes
1239 2114 1385 2146 exercitio,
1397 2118 1426 2141 et
1441 2121 1493 2140 non
1507 2121 1555 2149 per
1565 2114 1697 2146 visiones,

907 2166 1083 2197 acceperunt,
1099 2166 1128 2188 ut
1143 2161 1269 2196 apostoli.
1285 2161 1344 2188 Non
1358 2161 1444 2188 solum
1460 2161 1551 2195 itaque
1569 2161 1612 2188 his
1631 2161 1698 2188 sini-

907 2208 1005 2244 plicius
1024 2213 1052 2236 et
1069 2207 1199 2234 humilius
1215 2207 1347 2239 diximus,
1365 2214 1459 2234 verum
1479 2206 1697 2241 etiamipsismet

905 2253 1055 2288 aequalibus
1070 2253 1184 2280 nostris.
1199 2252 1264 2280 Haec
1277 2260 1352 2285 vero,
1371 2256 1399 2280 et
1414 2259 1475 2287 quae
1489 2256 1654 2286 sequuntur,
1667 2258 1697 2280 ut

906 2305 1031 2328 sanctum
1049 2301 1139 2332 decet,
1157 2299 1364 2327 hicPaterdixit
1376 2299 1465 2326 studio
1477 2300 1627 2326 modestiae.
1644 2300 1697 2326 lla-

905 2355 970 2383 que,
981 2346 1063 2382 538
1075 2347 1096 2373 si
1106 2346 1214 2381 quidem
1233 2350 1308 2373 recte
1335 2346 1399 2380 quid
1414 2344 1595 2379 coniecimus,
1608 2346 1697 2380 gratia

905 2394 942 2422 sit
957 2393 1012 2421 Deo
1024 2394 1158 2421 bonorum
1173 2392 1294 2419 omnium
1312 2392 1429 2424 auctori,
1442 2392 1487 2425 qui
1507 2391 1583 2418 dedit
1610 2396 1640 2418 ut
1654 2391 1696 2418 di-

905 2447 1042 2472 ceremus,
1058 2444 1086 2466 et
1101 2439 1170 2466 bene
1182 2439 1347 2465 diceremus.
1374 2437 1402 2465 Si
1418 2438 1483 2472 quid
1508 2438 1600 2472 itaque
1617 2442 1695 2465 recte

906 2483 1035 2516 diximus,
1047 2482 1090 2510 vel
1102 2483 1193 2510 adhuc
1205 2483 1345 2514 docemus,
1361 2486 1388 2509 et
1400 2482 1422 2509 si
1437 2483 1502 2517 quid
1512 2490 1618 2515 eorum,
1632 2489 1695 2517 quae

868 2523 893 2553 Ι)
907 2529 950 2556 his
966 2529 1139 2564 aequivaleut,
1151 2529 1293 2557 nominum
1309 2529 1463 2556 divinorum
1488 2529 1514 2555 iu
1543 2528 1693 2562 Scripturis

906 2575 1069 2609 reperiatur,
1093 2579 1201 2610 oportet
1228 2575 1311 2602 etiam
1335 2574 1392 2602 hace
1419 2574 1570 2601 secundum
1581 2574 1693 2601 easdcnt

905 2621 1060 2656 explicandi
1088 2622 1209 2648 rationes
1235 2620 1452 2655 subintelligere.
1478 2619 1525 2646 Sin
1540 2626 1605 2646 vero
1631 2619 1693 2646 hinc

904 2667 997 2694 minus
1009 2671 1083 2694 recte
1101 2675 1130 2694 se
1145 2667 1276 2700 habeant,
1290 2671 1373 2702 atque
1385 2667 1454 2693 adeo
1474 2673 1489 2692 a
1506 2666 1621 2693 veritate
1648 2665 1691 2692 vel

903 2714 1015 2741 omnino
1026 2714 1067 2741 vel
1082 2721 1116 2741 ex
1133 2719 1210 2748 parte
1227 2713 1431 2745 aberravimus,
1444 2712 1497 2740 erit
1509 2711 1691 2739 humanitatis

905 2765 968 2794 tuae,
982 2761 1073 2788 divine
1088 2761 1231 2788 Timolhee
1241 2780 1248 2794 ,
1263 2760 1402 2794 corrigere
1413 2767 1466 2786 nou
1493 2763 1589 2793 sponte
1613 2757 1691 2792 igno-

906 2811 1022 2840 rantem,
1032 2807 1173 2836 etdiscere
1186 2807 1351 2841 cupientem.
1364 2811 1392 2834 et
1401 2805 1589 2833 inﬁrmitatem
1600 2809 1689 2830 meam
