1929 3061
135 192 204 221 1015
403 193 446 220 DE
466 192 619 221 MYSTICA
637 193 845 226 THEOLOGIA,
864 194 915 222 ΟΛ]

971 217 979 224 .
994 199 1038 215 -’
1052 195 1224 225 PARAPHR.
1240 196 1464 226 PACIIYMEILE
1652 230 1653 233 η
1678 199 1746 226 1012

134 251 188 282 bis.
204 253 250 278 sed
273 254 376 280 ratione
389 253 506 279 diversa.
523 251 619 279 Paucis
638 252 815 288 verorverbis
836 252 946 288 agirubi
970 253 1002 280 de
1019 252 1073 280 Deo
1095 253 1224 287 loquitur.
1248 254 1297 280 sub
1319 261 1349 280 ea
1375 254 1478 280 ratione
1495 261 1547 288 qua
1574 254 1691 282 refertur
1710 257 1743 282 ad

134 292 285 324 creaturas.
301 294 327 315 et
344 293 475 314 creatum
488 287 520 324 ad
534 288 635 321 ipsum.
645 287 684 313 ttti
702 287 729 324 iit
743 288 768 313 in
784 287 854 313 libro
866 287 903 314 De
914 289 1009 324 divinis
1023 289 1180 324 nominibus.
1194 289 1280 316 Nullis
1293 290 1408 323 denique
1423 289 1513 316 verbis
1528 289 1623 320 utitur,
1636 291 1744 324 quando

134 321 249 358 ulterius
265 331 308 349 res
329 328 434 349 creatas
452 324 485 349 ad
502 323 585 358 Deum
602 330 654 349 non
678 322 771 353 refert,
789 330 875 357 neque
894 323 1016 351 vicissim
1039 323 1122 350 Deum
1139 324 1171 349 ad
1191 324 1274 358 ipsas.
1289 325 1335 351 sed
1355 321 1480 358 tanquam
1498 324 1568 350 Deus
1582 321 1670 351 creaia
1686 333 1746 351 mtt-

135 357 191 393 n‘ia,
207 363 234 384 rt
250 358 396 385 relationes
407 365 501 384 omnes
515 357 547 384 ad
566 363 670 393 creati,
688 358 714 384 in
728 359 818 392 seipso
831 358 1014 389 transcendat,
1025 359 1071 385 nih
1086 358 1136 385 Ide
1150 357 1332 386 Decalﬁrmat
1356 357 1438 393 atque
1450 364 1539 392 negat,
1555 359 1601 385 sed
1617 360 1744 393 religioso

134 391 242 429 eiientlo
260 393 352 424 Deum,
367 397 392 419 ιιι
415 399 465 425 par
478 398 528 424 est,
544 392 622 429 colit.
636 391 712 429 Tunc
724 391 830 429 deuntm
847 394 885 419 ait
907 398 1018 420 sanctus
1039 393 1182 429 Dionysius
1203 398 1322 429 mentem
1340 391 1440 420 omnem
1461 391 1576 420 omnium
1591 391 1742 421 sanctorum

134 425 304 462 fastigiorum
321 435 457 455 ausurum
475 427 683 454 transcendendo
704 428 731 454 in
751 428 1054 463 caliginemnbsorberi,
1074 425 1117 455 ubi
1136 428 1271 456 Marsilius
1289 428 1397 455 Ficinus
1415 436 1462 462 per
1479 429 1585 462 fastigia
1600 436 1647 456 seu
1666 438 1744 456 cacu-

134 462 218 491 mina.
237 463 363 497 intelligit
384 467 494 490 naturas
510 463 542 490 ad
557 463 688 490 unitatem
709 462 846 496 reductas,
868 463 915 489 sed
935 463 1046 490 easdem
1064 464 1211 491 universim
1234 464 1429 494 consideratas.
1445 471 1518 497 quas
1536 469 1592 490 tres
1606 471 1667 492 esse
1686 465 1742 495 ait;

134 497 238 524 scilicet
254 498 435 532 corporalem,
452 498 608 529 animalem,
625 497 844 528 intellectualem.
864 506 978 532 qttartttn
994 499 1184 533 cogitationem
1202 503 1230 525 et
1243 498 1368 526 allectum
1384 499 1479 525 debeat
1491 499 1581 525 anima
1599 499 1746 533 plurimum

134 539 276 568 superare,
292 540 318 559 ut
337 534 423 567 ipsum
446 533 472 559 in
494 533 584 566 seipso
600 534 698 560 ltonum
716 533 882 559 adiuveniat.
904 533 1062 561 llersentius
1084 541 1147 560 vero
1170 534 1254 567 magis
1278 533 1400 567 mystice,
1422 541 1473 568 per
1493 539 1586 560 sancta
1606 535 1744 561 cacumina

135 567 202 593 dicit
219 569 330 603 intelligi
346 569 543 595 eminentiores
554 568 652 594 divina:
664 568 902 602 contemplationis
916 575 947 595 ac
960 568 1022 595 vitaz
1035 568 1165 603 spiritalis
1176 570 1288 602 gradus.
1305 569 1403 602 quibus
1422 567 1559 602 competat
1573 575 1669 595 nomen
1684 577 1748 595 sau-

134 602 247 633 clitatis.
259 610 292 631 eo
306 602 377 637 Quod
393 603 462 630 hanc
474 603 592 630 eﬁiciant
610 607 656 629 aut
673 608 747 630 certe
762 603 923 637 adaugeant.
936 603 970 630 Et
982 604 1084 630 idcirco
1101 605 1139 630 ait
1152 603 1445 638 sanctum-Dionysium
1458 608 1609 630 sanctorum
1623 603 1745 638 fastigio-

135 645 195 663 rum
207 646 344 665 ascensum
361 638 525 669 nominasse,
541 638 605 672 quia
624 638 752 664 nimirum
769 638 794 664 in
810 639 891 665 rebus
904 639 998 672 gratia:
1009 646 1040 665 ac
1055 639 1153 665 divinae
1167 638 1402 672 contemplationis
1414 639 1491 672 quasi
1509 638 1637 672 gradibus
1650 646 1745 666 ascen-

135 673 264 708 dendum,
276 678 303 700 et
319 673 426 708 quidem
442 680 548 708 semper
559 673 758 699 ascendendttm
772 677 826 701 est’.
835 673 910 706 juxta
928 673 991 700 illud
1007 682 1014 700 :
1030 673 1128 700 Beatus
1140 674 1177 699 vir
1189 673 1265 707 cujus
1277 678 1315 699 est
1329 673 1458 699 duilium
1471 674 1516 699 ab:
1532 678 1567 704 te,
1579 674 1743 700 ascensione:

133 707 163 733 in
175 708 252 734 rorde
267 708 395 742 disposuit
410 707 431 734 1.
447 707 490 740 Et,
505 707 644 735 Jastorum
656 708 748 734 semita
763 708 838 741 quasi
850 708 896 734 tua:
907 708 1043 742 splendens
1055 709 1181 742 procedit,
1194 714 1217 734 et
1234 709 1324 734 crescit
1336 715 1417 741 usque
1428 707 1468 742 ad
1475 708 1615 742 perfectam
1630 708 1699 735 diem
1712 712 1741 735 '.

133 742 267 769 Caeterum
280 741 329 769 hos
345 743 444 770 divime
461 742 700 776 contemplationis
715 744 826 777 gradus.
841 741 990 777 omnesque
1006 741 1068 770 vitae
1084 743 1222 770 interioris
1233 748 1310 769 actus
1324 750 1357 770 ac
1374 741 1555 776 perfectiones
1572 743 1660 769 anima
1676 751 1744 770 con-

135 777 291 812 templatrix
312 778 504 805 transcendere
519 778 608 810 debet,
623 782 652 803 ut
673 778 705 804 ad
730 778 870 812 mysticam
889 784 917 804 et
932 778 1078 812 perfectam
1093 786 1153 804 cum
1179 778 1232 805 Deo
1252 777 1523 804 communicationem
1540 778 1687 811 perveniat.
1710 778 1745 805 Ut

135 820 232 839 sensus
247 813 282 839 sit
305 821 312 839 :
328 812 548 847 Qualentcunque
560 813 657 848 anima
673 812 825 848 divinat-um
843 819 933 848 rerum
952 814 1132 847 cognitionem
1155 818 1299 839 consecuta
1321 812 1414 848 fuerit,
1426 813 1643 848 qualemcunque
1655 812 1745 848 perfe-

133 848 232 876 ctionis
247 848 388 875 interioris
403 852 502 875 statum
519 847 649 882 attigerit,
666 847 746 875 debet
762 852 852 874 tamen
868 847 946 882 longe
957 848 1123 882 multumqtte
1139 855 1218 882 supra
1234 848 1290 874 hate
1300 847 1389 880 evehi,
1403 852 1432 873 ut
1446 847 1501 874 Deo
1513 847 1607 876 intime
1617 851 1645 876 et
1656 847 1744 882 supra

134 887 253 910 mentem
269 883 457 910 coniuuaatur.
1288 902 1291 906 .
1549 900 1551 903 τ
1635 886 1638 889 λ

170 891 530 951 ἷῖξέιὲξιιειιιε
542 918 684 953 Dionysius
692 917 827 952 subjungit
836 918 869 945 de
878 917 968 952 Moyse
978 918 1004 944 in
1014 918 1110 945 nubem
1123 918 1245 953 ingresso
1256 921 1328 953 recte
1340 922 1415 944 notat
1425 916 1742 953 llersettliusJI’storiam

134 955 208 983 illam
220 962 272 993 non
286 959 413 993 tanquam
424 952 786 993 exetnplumprsemissorum
798 953 890 993 afferri
899 953 963 993 {non
974 954 1046 980 enim
1057 952 1198 993 Scriptura
1210 952 1341 993 narrat_in
1350 953 1491 986 caliginem
1502 952 1742 993 illatn_tttysti_cattt,

135 991 168 1017 de
182 996 234 1023 qua
248 990 299 1016 hoc
313 989 382 1015 libro
393 995 482 1017 sermo
497 993 550 1019 est,
566 987 684 1023 Moysem
710 988 860 1023 ingressum
876 987 970 1020 fuisse,
982 992 1029 1014 aut
1049 989 1120 1022 quod
1142 989 1212 1015 idem
1227 993 1281 1019 est,
1297 987 1352 1023 Deo
1372 987 1636 1022 snperesseutialiler
1659 987 1744 1023 fuisse

134 1022 322 1059 conjimctum;
337 1024 384 1050 sed
403 1027 507 1050 tantum
525 1022 632 1055 nubem,
652 1030 711 1057 qua
728 1022 851 1059 montem
863 1029 1019 1059 operuerat,
1035 1023 1159 1056 subiisse,
1178 1024 1205 1051 in
1230 1031 1283 1057 qua
1308 1022 1378 1059 Deus
1401 1023 1541 1059 habitasse
1561 1022 1671 1059 dicitur)
1695 1022 1743 1048 sed

136 1058 262 1093 tanquam
275 1059 429 1093 allegoriam
443 1058 689 1093 pulcherrimamet
701 1058 927 1092 appositissimatn
939 1058 972 1084 iis
986 1065 1045 1091 qua
1059 1062 1213 1086 tractantur
1227 1058 1394 1086 illustraudis
1409 1058 1554 1085 recenseri.
1572 1058 1611 1084 Ac
1623 1058 1742 1091 pritntnu

155 1092 243 1122 nidem
262 1101 309 1128 per
324 1092 511 1128 purgationem
529 1093 601 1120 illam
623 1092 704 1128 550
723 1093 832 1129 Moysis,
853 1093 977 1127 designat
1004 1093 1132 1125 animam,
1147 1102 1207 1128 quas
1227 1095 1260 1121 ad
1277 1094 1339 1119 vita
1361 1092 1498 1129 interioris
1518 1093 1622 1129 apicem
1644 1093 1742 1122 tendit.

155 1103 243 1122 nluetn
262 1103 309 1128 per
324 1103 511 1128 purgationem
529 1103 601 1120 tttattt
623 1103 704 1128 aa"
723 1103 832 1129 moysts,
853 1103 977 1127 ucSIguat
1004 1103 1132 1125 annnam,
1147 1103 1207 1128 quas
1227 1103 1260 1121 au
1277 1103 1339 1119 vna:
1362 1103 1498 1119 tttterturts
1518 1103 1622 1126 apicem
1644 1103 1742 1122 tenuit.

134 1103 234 1157 debere
248 1129 365 1164 primum
378 1133 490 1161 peccato
504 1129 583 1164 mori,
596 1135 687 1164 carius
699 1135 805 1164 pravos
820 1134 910 1155 motus
924 1128 1042 1160 vincere,
1061 1128 1157 1163 hisque
1175 1129 1301 1156 oumibus
1312 1127 1434 1164 purgari
1454 1132 1583 1164 quantum
1601 1128 1627 1164 in
1645 1134 1674 1154 se
1690 1132 1742 1164 est.

134 1162 256 1192 Gradum
269 1170 358 1190 autem
372 1163 444 1190 hunc
460 1163 505 1197 qui
518 1163 582 1190 vitae
600 1162 729 1196 spiritalis
744 1163 848 1197 primus
862 1168 912 1196 est,
927 1168 955 1190 et
973 1164 999 1189 itt
1013 1170 1068 1196 quo
1085 1162 1204 1191 maxime
1224 1162 1427 1190 mortiﬁcationi
1452 1162 1674 1193 incutnbettduut,
1693 1162 1742 1187 viri

134 1200 271 1232 spiritales
282 1199 365 1225 vitam
382 1205 428 1225 seu
442 1199 511 1225 viant
529 1199 699 1233 purgativam
717 1203 830 1230 vocant;
846 1205 927 1232 quam
941 1197 1113 1233 Pythagorici
1129 1200 1244 1233 primam
1260 1203 1288 1225 et
1299 1197 1376 1232 quasi
1392 1198 1554 1233 praecipuam
1569 1197 1746 1231 philosophia:

134 1231 190 1261 sua:
204 1240 306 1269 partem
320 1237 483 1260 statuerunt.
498 1233 549 1260 Per
566 1231 667 1260 lamina
682 1238 772 1269 autem
792 1239 818 1261 et
830 1241 917 1265 sonos,
934 1231 975 1260 via
990 1231 1168 1260 illuiniuativa
1184 1231 1355 1267 intelligitur,
1373 1231 1398 1259 iu
1415 1240 1467 1269 qua
1479 1231 1530 1269 Dei
1545 1237 1573 1269 et
1587 1233 1741 1264 divinarum

135 1267 226 1296 rerum
243 1269 516 1302 contetnplationibus
534 1274 697 1295 exercentur
712 1268 809 1296 aniutte
824 1268 971 1302 spiritales,
987 1269 1131 1301 multisque
1150 1269 1297 1296 luutiuihus
1315 1275 1346 1295 ac
1363 1268 1436 1294 sonis
1450 1267 1644 1294 revelationum
1658 1271 1744 1301 atque

134 1304 346 1331 illustrationutn
366 1311 380 1330 a
397 1304 452 1330 Deo
465 1304 587 1338 exceptis
605 1304 784 1338 adaugentur,
805 1303 896 1330 multis
915 1304 1005 1330 verbis
1024 1303 1250 1331 intellectualibus
1270 1303 1303 1330 ad
1329 1303 1412 1330 Detnn
1431 1303 1550 1334 emissis,
1575 1308 1602 1329 et
1623 1303 1743 1329 vicissim

135 1339 226 1366 multis
242 1348 257 1366 a
273 1339 329 1365 Deo
344 1339 472 1366 immissis
489 1340 516 1365 in
537 1340 579 1365 via
591 1338 639 1365 Dei
654 1340 874 1373 progrediuntur,
886 1343 913 1366 et
927 1338 1055 1373 paulatim
1070 1346 1085 1364 ι
1100 1339 1189 1366 multis
1205 1342 1386 1373 segregantur,
1405 1338 1468 1364 dum
1493 1345 1507 1363 ιι
1528 1342 1680 1373 creatarum
1703 1344 1744 1363 re-

134 1382 192 1401 ruu:
211 1381 263 1401 non
284 1374 371 1400 solum
391 1374 577 1410 intelligentia,
596 1375 643 1400 sed
654 1372 745 1400 inulto
764 1375 848 1409 magis
867 1372 964 1401 affectu
981 1374 1159 1410 sejunguntur
1173 1372 1254 1409 atque
1268 1372 1409 1410 secedunt.
1430 1373 1505 1406 Quod
1529 1377 1619 1410 autem
1640 1372 1745 1410 Moyses

133 1417 193 1435 cum
207 1410 308 1436 selectis
324 1406 504 1435 sacerdotibus
523 1413 637 1436 montem
660 1410 796 1441 ascendat,
809 1406 932 1443 solusque
952 1406 1090 1443 caliginem
1115 1406 1292 1443 ingrediatur,
1309 1408 1439 1440 insinuat,
1456 1406 1610 1443 paucorutn'
1627 1406 1697 1443 esse,
1711 1406 1745 1433 ad

134 1445 246 1480 mystica
261 1444 579 1480 fastigiaicouscendere,
597 1445 730 1478 siquidem
745 1452 840 1472 omnes
854 1451 870 1471 e
883 1442 961 1479 plebe
981 1442 1088 1480 purgati
1107 1442 1215 1478 quidem
1228 1448 1301 1476 suttt,
1324 1448 1351 1470 et
1365 1451 1459 1480 omnes
1474 1442 1598 1480 sonitum
1621 1442 1745 1480 buccina:

133 1477 305 1511 audiverunt,
323 1477 351 1505 et
365 1478 469 1513 fulgura
489 1477 734 1513 viderunt,’paucis
750 1485 840 1506 tamen
862 1477 1021 1507 cuncessum
1037 1479 1089 1505 fuit
1112 1477 1138 1505 iu
1158 1484 1278 1506 montem
1301 1478 1457 1509 ascendere,
1474 1477 1612 1512 Deumque
1633 1477 1742 1504 intueri.

133 1513 180 1540 Sic
196 1514 286 1548 plures
308 1512 416 1549 quoque
432 1514 459 1540 in
479 1515 522 1541 via
534 1512 675 1549 purgativa
688 1515 800 1549 degunt,
819 1515 960 1548 pauciores
974 1522 1038 1540 vero
1056 1514 1083 1540 in
1103 1514 1292 1545 illutuinativa,
1309 1513 1465 1548 paucissimi
1481 1520 1544 1539 vero
1563 1513 1596 1549 ad
1612 1512 1744 1539 unitivam

150 1547 304 1577 crveniuttt.
316 1547 422 1584 Moyses
442 1550 513 1576 enim
531 1547 604 1577 solus
619 1553 661 1584 (ut
675 1547 791 1577 habetur
808 1547 893 1577 Exodi
904 1557 964 1583 cap.
980 1550 1027 1582 xx)
1041 1549 1158 1576 accessit
1172 1550 1206 1576 ad
1225 1547 1368 1583 caliginem
1385 1548 1411 1574 itt
1424 1556 1475 1582 qua
1492 1547 1650 1584 eratrDeus,
1663 1555 1744 1584 quam

143 1584 273 1621 tistoriam
296 1582 406 1611 sanctus
421 1584 566 1620 Dionysius
582 1582 771 1621 accommodat
793 1585 907 1619 mystico
928 1582 1065 1621 theologo,
1081 1585 1126 1618 qui
1136 1582 1291 1621 semotaet
1306 1584 1387 1610 veluti
1404 1590 1420 1609 a
1434 1588 1511 1621 tergo
1532 1583 1624 1621 relicta
1639 1582 1745 1621 intelle-

132 1619 214 1656 (εωθιιί
229 1621 392 1656 cognitione,
406 1620 433 1656 in
451 1618 573 1655 mystica:
591 1620 699 1647 unionis
709 1620 797 1647 sinum
817 1618 957 1656 recipitur.
971 1619 1015 1646 ubi
1029 1624 1071 1646 est
1083 1619 1202 1653 perfecta
1219 1619 1307 1653 caligo
1325 1618 1514 1656 ignoratioms,
1530 1625 1590 1651 quat
1609 1618 1744 1656 in_seipsa

133 1655 234 1681 nullam
257 1652 465 1682 intellectualem
480 1652 568 1683 lucem
582 1660 630 1682 aut
643 1656 826 1689 cognitionem
845 1652 966 1683 admittit
987 1658 1013 1681 et
1033 1652 1105 1686 vere,
1132 1655 1247 1690 mystica
1263 1652 1319 1686 βίαι,
1335 1652 1398 1688 Quia
1415 1653 1509 1680 intima
1525 1659 1553 1680 et
1574 1652 1691 1684 occulta,
1705 1654 1745 1679 sic

133 1693 164 1715 ut
176 1689 247 1716 nulla
263 1697 339 1717 mens
357 1690 491 1717 rationem
504 1691 562 1724 eius
574 1691 662 1717 valeat
679 1690 920 1724 comprehendere.

930 1779 965 1786 ..-

642 1841 884 1870 PARAPHBASIS
914 1843 1136 1871 PACHYMERIE
1154 1844 1220 1879 (55).

173 1910 203 1937 '0
215 1910 263 1945 μὲν
279 1909 351 1945 ἱερὸς
363 1909 499 1941 Διονύσιος
518 1910 566 1937 τοῦ
582 1911 652 1945 Περὶ
667 1911 754 1938 θείων
764 1911 915 1947 ὀνομάτων

1001 1912 1081 1940 Divus
1092 1913 1200 1947 quidem
1215 1912 1369 1948 Dionysius,
1387 1913 1454 1941 libro
1470 1921 1520 1941 suo
1536 1914 1573 1942 De
1591 1915 1684 1942 divinis
1699 1923 1746 1942 no-

132 1957 212 1992 λόγου
223 1956 353 1992 προέταξε
361 1957 407 1983 τὸν
414 1957 484 1991 Περὶ
496 1957 673 1992 06010712167-
682 1957 913 1990 ὺποτυπώσεων,

132 2003 300 2039 προθεωρίαν
315 2003 368 2030 τῶν
394 2004 529 2040 σποράδην
546 2005 575 2030 ὲν
593 2005 626 2040 τῇ
647 2005 741 2040 Γραφῇ
765 2005 828 2041 περὶ
847 2005 914 2032 Θεοῦ

132 2050 293 2086 εἰρημένων·
308 2049 423 2082 ὑπέταξε
436 2051 463 2077 δὲ
477 2050 521 2077 τὸν
535 2050 605 2085 Περὶ
618 2051 805 2086 συμϐολικῆς
816 2053 916 2079 θεολο-

132 2097 209 2132 γίας,
225 2097 254 2123 ὲν
267 2095 289 2132 ᾧ
303 2096 416 2131 ἐδίδαξε,
431 2098 502 2130 τίνες
518 2099 545 2125 αἱ
567 2097 621 2124 ἀπὸ
642 2098 696 2124 τῶν
711 2098 845 2134 αἰσθητῶν
869 2099 915 2125 ἐπὶ

132 2142 168 2170 τὰ
185 2143 244 2170 θεῖα
261 2144 441 2179 μετωνυμίαι,
457 2144 504 2171 καὶ
518 2144 551 2171 τὰ
565 2144 628 2180 ἑξῆς
642 2145 848 2180 πολυλογώτερα
861 2145 915 2172 τῶν

133 2189 204 2223 Περὶ
224 2190 403 2225 θεολογικῶν
426 2190 659 2223 ὑποτυπώσεων,
683 2192 730 2218 καὶ
748 2192 834 2218 θείων
849 2192 915 2218 ὀνο-

131 2234 232 2269 μάτων
248 2236 413 2272 ὑπάρχοντα,
426 2236 459 2262 δι’
473 2236 573 2269 αἰτίαν,
590 2237 623 2272 ἣν
638 2238 665 2263 ἐν
676 2237 714 2273 τῷ
727 2238 810 2273 τρίτῳ
831 2246 915 2272 κεφα-

133 2281 200 2315 λαίῳ
216 2281 263 2307 τοῦ
272 2283 341 2315 Περὶ
350 2282 501 2317 μυστικῆς
512 2283 664 2317 θεολογίας
674 2284 749 2319 φησί.
763 2283 839 2310 Μετὰ
851 2283 915 2317 γοῦν

132 2326 236 2359 τοῦτον,
252 2327 355 2354 ἐκείνου
369 2328 478 2363 ἤρξατο.
496 2328 598 2363 Μηδεὶς
617 2327 662 2355 οὖν
678 2329 774 2356 οἰέσθω
787 2329 831 2356 τὸν
846 2329 916 2364 Περὶ

133 2372 319 2407 συμϐολικῆς
334 2375 497 2408 θεολογίας,
514 2375 554 2408 ἐφ’
566 2374 594 2400 ὃν
611 2374 680 2410 μετὰ
690 2375 734 2401 τὸν
746 2375 815 2409 Περὶ
831 2376 916 2402 θείων

133 2418 286 2453 ὀνομάτων
309 2420 514 2454 μετελεύσεσθαι
536 2430 611 2456 φησι,
626 2421 671 2448 τὸν
686 2422 756 2455 Περὶ
766 2421 916 2456 μυστικῆς

133 2466 288 2500 θεολογίας
307 2463 385 2499 εἶναι,
399 2466 466 2492 ἀλλά
479 2468 536 2502 μετ’
548 2469 650 2494 ἐκεῖνον
664 2467 757 2494 τοῦτον
773 2468 838 2494 ἴστω
853 2476 916 2494 συν-

133 2510 260 2546 τετάχθαι
274 2511 312 2547 τῴ
324 2512 405 2548 πατρί
417 2520 424 2526 θ
441 2512 478 2548 μὴ
491 2513 683 2549 εὑρισκομένου
698 2513 726 2540 δὲ
740 2513 787 2540 νῦν
800 2513 914 2545 ἐκείνου,

133 2557 225 2591 δηερὶ
235 2558 386 2592 μυστικῆς
398 2559 551 2594 θεολογίας
563 2560 654 2587 ἐνθάδε
665 2560 802 2587 τέτακται.

170 2647 184 2683 §
199 2648 220 2674 ῐ.
234 2647 397 2683 Ἑπειδήπερ
412 2647 481 2681 Περὶ
493 2648 645 2683 μυστικῆς
657 2650 811 2684 θεολογίας
826 2649 915 2685 μέλλει

132 2693 280 2724 διαλαϐεῖν,
291 2694 340 2729 τῆς
349 2693 481 2720 ἀπολύτου
496 2694 566 2728 λέγω
580 2695 678 2726 παντὸς
687 2696 818 2730 συμϐόλου
830 2704 859 2721 τε
870 2697 916 2722 καὶ

134 2740 273 2775 ὀνόματος,
289 2740 336 2766 καὶ
349 2740 393 2766 διά
405 2748 433 2766 τε
447 2740 495 2775 τῆς
509 2741 616 2767 πάντων
632 2741 734 2776 νοητῶν
748 2742 914 2775 ἀπολύσεως,

135 2786 244 2821 καὶτῆς
267 2786 360 2812 πασῶν
380 2787 497 2822 νοήσεων
520 2787 698 2820 ὰποπαύσεως
721 2788 915 2824 συναγομένης,

172 2861 182 2883 ι
201 2863 272 2892 Ρδςιι.
289 2872 401 2895 Lxutrt,
419 2863 445 2891 6.
479 2863 586 2892 mProv.
604 2873 640 2895 tv,
660 2865 702 2892 l8.

965 1959 1076 1986 minibus
1090 1959 1260 1994 przetuiset'at
1274 1959 1348 1986 illutn
1361 1959 1399 1986 De
1414 1960 1565 1995 theologicis
1580 1960 1746 1994 informatio-

966 2007 1051 2039 nibus,
1066 2014 1115 2034 ceu
1135 2007 1263 2041 praevium
1279 2013 1419 2041 aspectum
1440 2015 1533 2034 eorutn
1555 2015 1614 2042 quae
1628 2009 1744 2042 sparsim

966 2054 992 2080 in
1009 2053 1152 2087 Scriptura
1168 2053 1201 2080 de
1216 2053 1272 2080 Deo
1284 2053 1355 2080 dicta
1377 2051 1458 2085 sunt;
1480 2053 1659 2088 subjunxerat
1682 2060 1747 2081 vero

965 2099 1064 2126 librutn
1088 2098 1125 2126 De
1147 2099 1288 2134 symbolice
1312 2099 1453 2133 theologia,
1476 2099 1502 2125 in
1528 2106 1581 2134 quo
1605 2099 1746 2131 docuerat,

965 2153 1087 2180 quaenam
1103 2153 1118 2171 a
1131 2145 1275 2172 sensilibus
1284 2145 1318 2172 ad
1332 2144 1423 2172 divina
1438 2144 1630 2172 translationes
1643 2139 1746 2174 essent,

965 2197 1031 2223 etc.,
1044 2199 1104 2226 quae
1118 2191 1219 2224 scripta
1236 2190 1275 2217 De
1286 2190 1438 2225 theologicis
1453 2190 1697 2225 informationibus,
1715 2198 1747 2217 ac

967 2238 1066 2264 Divinis
1090 2237 1237 2264 nominibus
1261 2237 1408 2271 prolixiora
1436 2241 1531 2268 erant,
1556 2236 1592 2263 ob
1616 2243 1746 2267 causam,

966 2290 1046 2318 quam
1064 2282 1089 2309 in
1104 2282 1184 2309 tertio
1207 2281 1296 2315 capite
1317 2281 1355 2307 De
1375 2281 1487 2315 mystica
1509 2279 1638 2314 theologia
1652 2279 1747 2310 tradit,

967 2333 1028 2363 post
1051 2328 1111 2354 illos
1133 2328 1224 2362 itaque
1247 2331 1397 2358 tractatus,
1418 2327 1491 2353 ltttuc
1517 2325 1672 2360 auspicatus
1694 2329 1746 2351 est.

965 2374 1051 2402 Nemo
1070 2374 1151 2409 igitur
1172 2374 1269 2401 librum
1291 2374 1364 2400 illttm
1388 2373 1423 2400 De
1442 2373 1584 2408 sgmbolica
1606 2372 1746 2406 theologia,

967 2422 1000 2449 ad
1015 2429 1106 2456 quem,
1120 2425 1179 2454 post
1195 2421 1269 2447 illtttn
1286 2420 1323 2447 De
1335 2419 1428 2447 diuinis
1443 2419 1601 2450 nominibus,
1614 2425 1643 2445 sc
1659 2423 1748 2444 trans-

967 2468 1007 2495 ire
1022 2469 1097 2501 dicit,
1112 2468 1247 2495 existimet
1259 2467 1331 2493 hunc
1342 2473 1402 2493 esse
1416 2465 1452 2492 De
1475 2465 1585 2500 mystica
1605 2462 1746 2496 theologia,

966 2514 1012 2541 sed
1025 2518 1085 2548 post
1101 2513 1177 2540 illum
1194 2513 1263 2539 sciat
1276 2512 1358 2538 istum
1372 2519 1386 2538 a
1408 2514 1502 2538 sancto
1518 2509 1599 2536 Patre
1613 2507 1744 2542 composi-

968 2564 1023 2586 tutn
1045 2559 1138 2591 fuisse,
1152 2559 1197 2594 qui
1215 2567 1276 2586 cum
1292 2559 1371 2585 tnodo
1388 2566 1439 2584 nou
1465 2557 1627 2591 reperiatur,
1642 2555 1686 2582 hic
1706 2553 1746 2580 De

931 2596 952 2623 Β
969 2607 1077 2642 mystica
1091 2606 1220 2640 theologia
1237 2606 1288 2632 ltoc
1301 2606 1361 2632 loco
1376 2604 1558 2639 subiungitur.

1004 2650 1045 2686 §l.
1053 2651 1118 2677 Cum
1127 2651 1165 2677 De
1171 2652 1278 2685 mystica
1286 2650 1425 2684 theologia,
1434 2650 1467 2676 ab
1473 2648 1546 2676 omni
1559 2648 1667 2681 inquam
1675 2653 1747 2681 sym-

968 2696 1029 2724 bolo
1044 2696 1205 2730 notnitteqtte
1219 2696 1352 2727 absoluta,
1367 2700 1394 2722 et
1411 2695 1530 2722 omnium
1548 2693 1747 2720 intellectilium

969 2743 1155 2774 absolutione,
1175 2744 1350 2777 omniumque
1376 2742 1572 2777 cogitationum
1593 2738 1749 2767 cessatione

969 2790 1092 2822 collecta,
1113 2790 1235 2818 dicturus
1246 2796 1328 2822 esset,
1344 2797 1424 2824 quam
1435 2790 1462 2815 in
1471 2787 1532 2815 aliis
1543 2793 1650 2822 quoque
1661 2785 1695 2813 ab
1705 2785 1748 2812 in-

171 2920 228 2957 (ιὸὅ)
246 2920 312 2948 Vidn
323 2920 429 2948 Scholia
445 2921 472 2948 5'.
490 2921 601 2949 Max'm.
615 2927 679 2950 tom.
699 2921 729 2955 Il,
745 2930 804 2957 cap.
823 2921 833 2949 1
853 2921 933 2958 Μυνι.
960 2923 1037 2951 (ΙηοΙ.
