1929 3061
219 143 289 179 1015

217 253 324 284 tequam
332 251 414 278 verba
424 251 520 285 faciat,
528 254 639 284 adhibet
646 259 842 293 precationem,
849 267 930 296 atque
939 271 999 291 san-

215 298 286 321 etam
306 295 412 324 invocat
423 297 596 333 Trinitatem,
608 302 702 331 dicens
714 313 722 331 :
733 304 863 340 Trinitas,
875 295 903 335 et
917 317 998 345 supra

219 348 302 374 psum
312 349 384 375 esse,
398 347 425 371 et
435 352 516 380 supra
532 354 615 382 quam
627 350 710 377 Deum
722 359 793 385 esse,
803 358 833 381 et
845 355 906 388 plus
917 364 997 391 quam

208 385 291 423 551
310 389 409 418 bonum
428 399 488 420 esse
518 395 631 430 habens;
657 399 791 433 siquidem
807 401 832 428 id
845 385 903 430 ivim
917 385 999 432 liabet

208 434 411 470 productionis,
425 438 530 466 scilicet
543 448 619 474 esse;
636 442 701 470 illud
716 451 779 472 vero
792 446 929 480 eilicacim,
943 450 998 478 sci-

213 476 274 506 licet
291 479 372 514 Deus,
396 483 468 511 aliud
494 493 557 514 vero
581 487 758 523 habitudinis,
773 493 880 521 scilicet
893 494 998 530 bonus;

212 532 273 559 qua:
302 527 396 563 utique
423 536 548 560 naturam
574 533 622 561 Dei
646 536 719 563 nullo
743 538 823 565 modo
847 527 996 570 declarant;

212 569 283 621 Hinc
308 580 373 601 vero
396 575 503 605 discere
532 578 625 612 liceat,
652 582 724 614 quod
749 583 813 610 dum
829 585 864 612 de
883 569 997 621 mystica

212 615 344 652 theologia
358 622 440 648 verba
471 621 563 651 facere
591 625 755 660 instituerit,
772 633 800 656 et
818 615 930 665 propte'r
946 633 997 660 hoc

211 662 319 695 petierit
333 664 491 698 illuminari,
504 669 574 696 bane
590 670 673 705 ipsam
684 662 876 707 precationem
885 678 998 712 mystice

211 715 367 744 componat.
384 710 443 739 Non
460 714 531 741 enim
547 715 626 748 dixit,
641 718 704 752 quid
732 720 768 747 sit
785 721 876 754 Trias.
891 710 938 752 seu
953 724 997 751 illa

209 755 310 788 quibus
322 760 364 782 est
381 759 515 792 superior.
543 760 605 788 Haec
617 763 688 789 enim
704 769 746 792 est
762 767 878 802 mystica
895 769 999 796 theolo-

210 801 265 835 gia,
282 809 341 836 qua:
366 812 453 840 neque
478 809 598 835 sensatio
621 815 676 843 est,
698 820 786 848 neque
813 815 894 848 ratio,
910 824 998 851 neque

211 849 311 875 mentis
329 850 424 883 motio,
448 859 536 888 neque
551 857 684 890 operatio,
708 866 795 894 neque
809 861 932 896 habitus,
951 871 999 891 ne-

209 900 265 927 que
282 895 355 928 quod
370 897 518 933 quidquam
545 907 636 928 rerum
665 907 826 932 nostratiunt
858 895 996 942 explicare
1013 903 1033 932 Β

209 939 313 973 possit;
341 942 389 969 sed
414 943 440 970 in
468 946 588 980 perfecta
618 950 717 977 tuentis
744 952 896 982 cessatione
920 955 993 983 circa

209 985 294 1020 ipsam
310 986 463 1022 illuminati,
477 998 673 1026 cognoscemus
689 1003 749 1023 eam
761 1005 822 1025 esse
836 1007 920 1034 supra
935 1009 996 1028 om-

208 1035 252 1062 nia
264 1042 325 1070 quae
336 1045 413 1066 mens
427 1038 569 1076 intelligit;
584 1048 612 1070 et
635 1051 696 1072 cum
729 1047 875 1082 mysticum
888 1050 953 1084 quid
967 1057 994 1080 et

207 1080 348 1109 ineﬂ'abile
362 1085 511 1118 continent,
546 1089 696 1118 secundum
713 1080 766 1120 hoc
791 1094 877 1122 solum
892 1103 995 1125 sermo.

207 1134 257 1154 nes
271 1128 305 1155 de
317 1128 361 1156 illa
377 1136 468 1163 erunt,
491 1137 518 1160 et
544 1134 678 1172 theologia
695 1139 850 1174 vocabitur,
865 1144 994 1176 quoniam

207 1172 259 1201 ltoc
271 1174 305 1202 de
323 1175 379 1203 Deo
401 1176 502 1205 dlcitnr
515 1181 587 1214 quod
612 1182 650 1210 sit
671 1191 753 1218 supra
773 1172 881 1214 omnia:
893 1188 932 1215 Tu
947 1190 995 1216 ita-

204 1227 268 1254 que,
282 1229 299 1248 ο
319 1227 413 1250 sancta
437 1223 568 1258 Trinitas,
594 1228 693 1257 divina
716 1231 857 1266 sapientius
878 1233 904 1261 in
917 1234 995 1262 Chri-

203 1266 304 1295 stianis
316 1276 430 1302 praeses,
449 1278 509 1304 qua:
537 1277 655 1300 mentem
671 1275 744 1310 regis
772 1282 801 1304 ut
816 1285 935 1314 congrue
961 1280 994 1308 de

204 1312 306 1340 divinis
315 1315 426 1348 sentiat,
442 1321 471 1343 ct
487 1325 541 1345 non
557 1319 649 1353 sapiat
673 1312 889 1358 supervacanea,
904 1326 993 1361 dirige

203 1365 256 1386 nos
270 1359 304 1386 ad
319 1367 476 1395 supremum
492 1364 634 1398 verticem,
663 1374 719 1402 quo
731 1368 769 1395 nil
785 1369 928 1399 sublimius
943 1359 992 1400 es-

203 1405 323 1439 cogitari
340 1412 440 1441 potest,
455 1409 501 1444 qui
529 1417 692 1447 supraquam
722 1413 841 1450 ignotus,
855 1423 882 1447 et
893 1425 990 1454 supra—

203 1458 288 1485 quatn
306 1452 413 1481 lucidus
430 1461 460 1482 et
484 1463 566 1490 supra
588 1466 696 1487 omnem
718 1461 882 1495 cognitionis
909 1452 993 1499 nega-

203 1496 352 1530 tionem,et
366 1499 475 1528 luminis
488 1501 695 1532 aliirmationem
712 1507 832 1535 exsistit.
847 1507 990 1543 Quoniam,

204 1541 270 1570 licet
283 1543 373 1578 ignota
389 1545 425 1572 sit
451 1546 601 1576 istiusmodi
629 1550 792 1586 sublimitas,
820 1541 873 1581 non
899 1541 989 1582 tamen

201 1589 283 1623 quasi
299 1590 372 1618 nullo
387 1591 467 1619 modo
480 1593 583 1625 sit,sed
599 1600 728 1630 tanquam
741 1584 860 1627 exsistat
871 1601 989 1635 quidem,
1005 1584 1026 1613 ϐ

202 1635 252 1662 sed
265 1642 299 1663 ex
314 1644 392 1671 atquo
403 1638 486 1666 etiam
498 1647 579 1667 omne
600 1640 690 1670 lumen
704 1644 807 1677 vincat,
822 1646 849 1673 id
874 1651 916 1674 est
931 1655 990 1674 om-

205 1687 267 1708 nem
287 1682 469 1717 cognitionem
495 1690 523 1713 et
552 1693 661 1714 omnem
692 1688 905 1724 ignorationem;
939 1693 990 1721 hoc

201 1728 276 1755 anim
285 1732 327 1755 est
342 1736 506 1766 supraquam
527 1730 633 1766 lucens,
642 1737 723 1768 atque
737 1735 800 1763 item
823 1744 988 1773 supraqnam

203 1774 338 1808 ignotum.
352 1774 380 1802 In
402 1783 457 1810 quo
475 1777 571 1812 utique
585 1779 698 1812 vertice,
726 1781 872 1816 simplicia,
886 1788 914 1811 et
928 1785 989 1811 uni-

201 1819 300 1848 formia
313 1825 341 1848 et
356 1821 489 1854 absoluta,
502 1823 628 1852 videlicet
644 1833 676 1853 ea
691 1834 752 1861 quze
769 1827 829 1856 sine
847 1830 986 1865 symbolis,

199 1871 231 1894 et
245 1871 274 1894 ut
289 1872 363 1901 sunt,
379 1869 526 1902 exsistunt,
539 1879 592 1898 non
612 1877 701 1902 tamen
719 1875 874 1909 parabolice
887 1882 989 1912 myste-

201 1912 243 1939 ria
258 1914 408 1941 secundum
436 1922 599 1951 supraquam
624 1918 742 1947 lucidum
769 1922 868 1948 occulti
890 1923 986 1957 mysti-

199 1959 282 1993 cique
295 1959 398 1988 silentii
412 1961 557 1996 caliginem
573 1963 708 1996 velantur,
726 1965 752 1993 in
769 1966 818 1994 hac
831 1967 924 2002 utique
941 1976 988 1996 ea-

199 2004 283 2040 ligine
311 2006 568 2042 tenebricosissima,
595 2015 705 2045 prapter
731 2013 986 2048 mysteriumetar-

199 2059 300 2081 canum
316 2061 480 2090 supraquam
505 2055 596 2084 lucent
616 2064 648 2084 ea
672 2065 734 2093 qua:
754 2066 919 2098 supraquam
946 2061 986 2089 lu-

194 2098 340 2128 cidissima
374 2106 449 2133 sunt,
474 2106 584 2137 propter
610 2102 771 2132 inﬁnitatem
799 2105 929 2134 donorum
952 2116 984 2135 ac

200 2146 433 2179 providentiarum
467 2153 496 2176 et
521 2149 717 2178 beneﬁciorum
743 2151 802 2184 Dei,
826 2160 859 2180 cx
886 2154 984 2188 quibus

197 2199 366 2226 supraquam
401 2194 474 2222 lucet
494 2194 559 2222 illud
589 2196 635 2224 Dei
652 2198 885 2232 secretissimum,
899 2206 925 2227 et
941 2205 982 2227 ta-

795 155 826 184 ε.
844 156 924 187 01οΝ
930 158 994 187 YSll
1009 161 1244 194 AREOPAGITE

217 201 339 231 tellectili
351 203 469 233 motione
481 207 661 237 cessationem
672 211 828 247 appellavit,
836 214 940 244 idcirco
950 224 1000 244 an-
1012 221 1037 250 Α

1775 177 1848 205 1016

1049 219 1082 255 ἢν
1098 221 1127 248 δὲ
1149 223 1178 249 ἐν
1201 224 1304 260 ἑτέροις
1319 223 1380 254 sim
1395 229 1443 256 καὶ
1455 230 1651 268 ἀνενεργησίαν
1666 233 1719 270 τῆς
1746 235 1846 270 νοερᾶς

1050 267 1181 303 κινήσεως
1193 278 1199 283 -
1213 270 1259 297 διὰ
1271 271 1351 298 τοῦτο
1365 273 1418 309 πρὸ
1430 275 1485 302 τῶν
1494 267 1579 310 λόγων
1592 280 1625 314 τῇ
1641 267 1709 316 εὐχῇ
1729 267 1844 316 χρῆται,

1049 313 1177 350 καὶπρὸς
1191 316 1240 352 τὴν
1255 316 1334 351 ἁγίαν
1345 321 1483 348 ποτνιᾶται
1504 313 1715 360 Τριάδαξλέγων
1730 313 1845 363 ἶνἰίριὰς

1050 362 1096 387 καὶ
1120 362 1190 398 ὑπὲρ
1211 362 1242 390 ἰδ
1270 362 1350 397 εἶναι,
1375 367 1422 393 καὶ
1449 368 1518 404 ὑπὲρ
1541 369 1572 396 τὸ
1593 370 1660 403 Θεὸς
1684 370 1770 405 εἶναι,
1796 374 1843 399 καὶ

1049 405 1080 432 τὸ
1105 406 1176 443 ὑπὲρ
1201 408 1232 434 τὸ
1255 409 1355 443 ἀγαθὸς
1379 409 1448 439 εἶναι
1472 413 1590 449 ἔχουσα·
1615 416 1646 443 τὸ
1671 417 1720 452 μὲν
1752 417 1843 452 ῐμφα-

1050 460 1093 479 σιν
1109 453 1165 488 ἔχει
1182 457 1359 492 παραγωγῆς,
1382 457 1502 493 δηλονότι
1517 460 1548 487 τὸ
1572 460 1652 494 εἶναι,
1670 463 1700 491 τὸ
1714 463 1743 491 δὲ
1764 465 1843 500 ἐνερ-

1048 500 1135 534 γείας,
1152 501 1183 527 τὸ
1198 501 1279 534 Θεός·
1297 503 1328 530 τὸ
1342 504 1371 530 δὲ
1386 504 1479 539 ἕξεως,
1495 507 1526 534 τὸ
1543 508 1652 543 ἀγαθὸς,
1669 510 1687 537 ἃ
1702 510 1734 546 δὴ
1741 509 1844 542 ταῦτα.

1048 546 1079 572 οὺ
1096 546 1176 581 φύσιν
1193 547 1284 580 ποσῶς
1299 551 1486 586 παραδηλοῦσι
1501 553 1580 581 Θεοῦ.
1606 556 1684 582 Ἔστι
1700 556 1728 583 δὲ
1744 556 1839 584 ἐντεῦ-

1049 592 1095 618 θεν
1112 593 1216 628 μαθεῖν,
1233 595 1275 622 ότι
1289 598 1351 633 περὶ
1363 600 1497 634 μυστικῆς
1515 600 1652 636 θεολογίας
1669 602 1838 638 προθέμενος

1049 635 1147 671 λέγειν,
1165 639 1211 666 καὶ
1224 641 1265 672 εῐς
1279 641 1357 670 τοῦτο
1374 644 1540 680 φωτισθῆναι
1556 635 1711 682 εὐχόμενος,
1729 635 1778 674 καὶ
1791 635 1839 674 at);

1048 682 1098 717 τὴν
1112 683 1161 718 τὴν
1170 685 1252 720 εὐχὴν
1268 688 1407 722 μυστικῶς
1417 690 1569 726 συντίθησιν
1580 700 1587 706 ·
1599 692 1659 719 οὐδὲ
1670 692 1726 728 γὰρ
1737 691 1799 719 εἶπε
1809 693 1838 721 τί

1049 728 1123 756 ἐστιν
1139 730 1155 765 ἠ
1172 731 1266 766 Τριὰς,
1284 733 1350 760 ἀλλὰ
1362 734 1448 761 ταῦτα
1474 735 1543 772 ὑπὲρ
1559 737 1577 764 ἆ
1592 738 1661 765 ἐστι,
1679 738 1766 764 Τοῦτο
1781 739 1839 774 γάρ

1049 775 1151 811 ἐστινὴ
1170 778 1288 814 μυστικὴ
1305 778 1439 814 θεολογία,
1456 781 1506 808 οὐκ
1530 782 1665 818 αἴσθησις,
1694 784 1725 811 οὐ
1742 784 1836 820 λόγος,

1048 820 1078 846 οὐ
1094 821 1152 853 νοὸς
1169 823 1283 858 κίνησις,
1300 825 1350 852 οὐκ
1367 826 1502 862 ἐνέργεια,
1519 828 1568 864 οὐχ
1581 828 1648 862 ἕξις,
1665 830 1715 857 οὐκ
1730 830 1796 858 ἀλλο
1810 840 1839 858 τι

1048 866 1104 894 τῶν
1121 869 1262 905 ἡμετέρων
1278 873 1448 908 παραστήσει
1464 874 1565 910 ταύτην
1575 884 1583 891 ·
1608 876 1664 903 ἀλλ’
1681 878 1711 904 ὲν
1726 878 1840 914 ἀκριδεῖ

1047 912 1177 949 ἀκινησίᾳ
1193 915 1252 948 νοὸς
1267 916 1301 943 τὰ
1319 918 1382 953 περὶ
1397 919 1482 955 αὐτῆς
1506 920 1714 957 ἐλλαμφθέντες,
1732 912 1839 958 γνωσό-

1047 958 1116 993 μεθα
1131 959 1171 986 ὃτι
1188 960 1258 997 ὑπὲρ
1275 962 1373 995 πάντα,
1397 965 1447 991 ὅσα
1471 965 1504 992 ἄν
1527 968 1541 994 ό
1556 967 1618 1000 νοῦς
1634 969 1738 1005 νοήσοι,
1756 971 1835 998 ἐστί’

1047 1005 1093 1031 καὶ
1108 1005 1138 1031 τὸ
1156 1006 1286 1040 μυστικὸν
1301 1008 1348 1035 καὶ
1363 1010 1544 1046 ἅνεκλάλητον
1564 1012 1674 1051 ἔχουσα,
1698 1016 1740 1047 εἰς
1754 1015 1838 1043 τοῦτο

1047 1050 1126 1085 μόνον
1142 1051 1196 1078 τῶν
1212 1052 1298 1087 λόγων
1325 1054 1411 1088 ἔσται,
1443 1057 1490 1083 καὶ
1523 1050 1646 1094 θεολογία
1661 1060 1836 1097 λεχθήσεται,

1045 1096 1110 1123 διότι
1126 1097 1205 1125 τοῦτο
1220 1100 1284 1134 περὶ
1300 1100 1367 1127 Θεοῦ
1391 1101 1507 1136 λέγεται,
1528 1104 1569 1131 ὅτι
1601 1106 1671 1140 ὑπὲρ
1692 1107 1727 1134 τὰ
1744 1107 1836 1135 πάντα

1045 1143 1113 1170 ὲστί.
1131 1145 1167 1171 Σὺ
1184 1145 1259 1180 γοῦν,
1278 1148 1401 1184 μακαρία
1418 1149 1514 1183 Τριὰς,
1532 1151 1548 1186 ἡ
1570 1151 1622 1186 τῆς
1644 1154 1673 1180 ἐν
1688 1155 1747 1186 τοῖς
1764 1155 1835 1190 Χρι-

1045 1191 1163 1222 πιανοῖς
1186 1192 1315 1227 περισσοῦ
1347 1194 1442 1228 σοφίας
1473 1195 1579 1231 ἔφορος,
1611 1199 1773 1235 κυϐερνῶσα
1788 1201 1836 1229 τὸν

1044 1235 1116 1267 νοῦν,
1132 1236 1169 1269 ὡς
1184 1237 1218 1264 ἂν
1248 1241 1440 1275 προσηκόντως
1466 1245 1522 1276 τοῖς
1538 1243 1619 1277 θείοις
1646 1247 1705 1281 νοῇ,
1729 1247 1778 1274 καὶ
1795 1248 1834 1284 μὴ

1044 1282 1161 1317 περισσὰ
1178 1284 1329 1320 σοφῑζηται,
1363 1287 1451 1316 ἴθυνον
1463 1290 1536 1325 ἡμᾶς
1552 1291 1598 1317 ὲπὶ
1613 1290 1662 1327 τήν
1678 1282 1834 1330 ἀκροτάτην

1044 1329 1174 1364 κορυφὴν.
1191 1327 1238 1357 καὶ
1254 1331 1324 1367 ὑπὲρ
1339 1332 1373 1367 ἢν
1401 1334 1451 1361 οὐκ
1480 1335 1538 1362 ἔστι
1553 1344 1580 1362 τι
1605 1337 1771 1374 ὑψηλότερον
1787 1327 1834 1367 ὲν-

1043 1374 1147 1410 νοῆσαι,
1165 1375 1213 1411 τὴν
1230 1376 1438 1412 ὑπεράγνωστον
1469 1381 1516 1407 καὶ
1532 1381 1670 1419 ὑπρφαῆ,
1695 1384 1744 1420 τὴν
1761 1385 1834 1422 ὑπὲρ

1043 1421 1134 1447 πᾶσαν
1150 1423 1198 1448 καὶ
1214 1423 1351 1458 ἀπόφασιν
1367 1425 1504 1459 γνώσεως,
1536 1428 1582 1455 καὶ
1606 1430 1762 1464 κατάφασιν
1780 1432 1834 1466 φά-

1042 1475 1098 1498 ους.
1117 1467 1176 1495 Ὅτι
1192 1469 1217 1495 εί
1233 1470 1280 1496 καὶ
1295 1470 1433 1505 ἄγνωστός
1449 1474 1523 1500 ἐστιν
1539 1475 1556 1510 ὴ
1570 1476 1681 1512 τοιαύτη
1698 1478 1830 1517 ἀκρότης,

1042 1512 1099 1540 ἀλλ’
1115 1514 1175 1549 οὐχὶ
1190 1514 1228 1547 ὼς
1245 1516 1357 1552 μηδαμῆ
1381 1518 1516 1555 μηδαμῶς
1538 1518 1616 1553 οὖσα,
1634 1522 1691 1549 ἀλλ’
1707 1512 1746 1556 ὡς
1762 1512 1832 1553 οὖσα

1044 1559 1103 1594 μὲν,
1120 1559 1222 1587 νικῶσα
1238 1561 1266 1588 δὲ
1290 1561 1379 1594 ὲξίσου
1403 1565 1450 1592 καὶ
1474 1567 1528 1593 πᾶν
1544 1568 1621 1602 φάος,
1639 1568 1760 1606 δηλονότι
1778 1573 1832 1600 πᾶ-

1043 1613 1092 1632 σαν
1107 1606 1217 1640 γνῶσιν,
1234 1608 1282 1635 καὶ
1298 1610 1387 1637 πᾶσαν
1408 1611 1563 1646 ἀγνωσίαν·
1586 1615 1665 1642 τοῦτο
1689 1617 1744 1653 γάρ
1771 1620 1830 1647 ἐστι

1039 1651 1070 1678 τὸ
1086 1651 1234 1688 ύπερφαὲς,
1252 1655 1298 1681 καὶ
1313 1654 1391 1688 αὖθις
1411 1657 1442 1683 τὺ
1472 1657 1693 1694 ὕπεράγνωποψ
1707 1651 1738 1689 ὲν
1788 1664 1822 1701 δὴ

1040 1699 1144 1733 κορυφῇ
1162 1698 1195 1725 τὰ
1221 1699 1295 1726 ἁπλᾶ
1310 1700 1358 1727 καὶ
1374 1702 1476 1739 ἐνοειδῆ
1503 1704 1549 1731 καὶ
1564 1705 1697 1740 ἀπόλυτα,
1714 1698 1830 1744 τιδιχᾷ

1038 1743 1137 1780 δηλαδὴ
1154 1745 1304 1781 συμϐόλων,
1322 1749 1369 1775 καὶ
1384 1748 1422 1781 ὡς
1438 1750 1544 1785 ἔχουσιν
1559 1751 1640 1779 ὄνταο
1655 1754 1686 1780 οὐ
1705 1754 1759 1790 μὴν
1776 1743 1829 1783 τεά-

1040 1789 1189 1824 ραόολικῶς
1219 1793 1357 1829 μυστήρια
1388 1795 1458 1822 κατὰ
1474 1796 1520 1823 τὸν
1545 1789 1711 1834 ὑπέρφωτον
1725 1789 1829 1837 γνόφον

1037 1835 1089 1870 τῆς
1104 1837 1222 1872 κρυφίας
1238 1839 1284 1865 καὶ
1302 1840 1435 1876 μυστικῆς
1459 1842 1537 1878 σιγῆς
1561 1844 1741 1878 κεκάλυπται,
1759 1835 1791 1874 ὲν
1804 1844 1828 1883 ᾧ

1037 1881 1069 1918 δὴ
1085 1883 1176 1920 γνόφῳ
1192 1887 1385 1923 σκοτεινοτάτῳ
1393 1887 1437 1915 διὰ
1449 1889 1480 1915 τὺ
1497 1891 1627 1924 μυστικὸν
1643 1892 1690 1918 καὶ
1705 1881 1828 1929 ἄρρητον

1038 1927 1244 1965 ὑπερλάμπουσι
1267 1932 1302 1959 τὰ
1324 1932 1560 1969 ὑπερφανέστατα,
1592 1936 1636 1964 διὰ
1657 1937 1688 1964 τὸ
1710 1927 1828 1975 άτὲιρον

1036 1974 1090 2001 τῶν
1105 1975 1152 2002 τοῦ
1179 1976 1246 2004 Θεοῦ
1269 1978 1379 2014 δωρεῶν
1403 1980 1450 2007 καὶ¹
1474 1981 1608 2017 προνοιῶν
1639 1984 1689 2010 καὶ
1708 1985 1826 2021 εὐεργε-

1037 2021 1112 2054 σιῶν,
1130 2021 1159 2055 ὲξ
1174 2019 1212 2049 ὦν
1229 2023 1401 2059 ὐπερλάμπει
1426 2025 1456 2052 τὸ
1472 2025 1518 2052 τοῦ
1537 2025 1605 2053 Θεοῦ
1621 2028 1825 2064 κρυφιὼτατον,

1035 2068 1083 2094 καὶ
1098 2069 1127 2095 ὲν
1157 2069 1196 2104 τῷ
1221 2070 1317 2105 ἀναιρεῖ
1347 2071 1394 2098 καὶ
1424 2072 1541 2108 ἀοράτῳ,
1572 2072 1628 2100 τῶν
1659 2074 1827 2110 ὑπερκάλων

1035 2112 1153 2147 ἀγλαῶν
1169 2114 1215 2141 καὶ
1230 2114 1428 2151 λαμπρπάτων
1440 2116 1643 2153 ὖπερπληροῦσι
1657 2119 1722 2151 τοὺς
1739 2120 1826 2156 ἀνομο

1036 2159 1137 2193 μάτους
1152 2159 1225 2192 νόας,
1241 2161 1305 2193 τοὺς
1321 2162 1380 2188 κατ’
1391 2162 1469 2189 ἄλλον
1485 2163 1585 2199 τρόπον
1601 2164 1822 2201 πολυομμάτους,

1032 2205 1083 2237 τὰς
1107 2206 1254 2241 ἀγγελικάς
1284 2216 1354 2243 φημι
1385 2207 1432 2235 καὶ
1462 2208 1537 2241 θείας
1557 2209 1702 2246 δυνάμεις·
1718 2213 1750 2239 οὐ
1767 2213 1824 2250 γὰρ

197 2242 286 2270 ctum,
299 2239 440 2274 visumque
469 2239 637 2276 fugientibus
667 2250 830 2280 supraqnam
863 2245 982 2280 pulchris

1040 2239 1180 2288 ὗφθαλμῶν
1196 2239 1332 2290 αἰσθητῶν
1348 2256 1401 2282 εἰσι
1434 2239 1538 2291 μεστοὶ,
1557 2256 1614 2283 ἀλλ’
1625 2239 1704 2284 ’ἐστ-ιν
1729 2239 1824 2287 αὑτῶῦ

198 2280 349 2317 fulgoribus
363 2290 391 2312 et
414 2285 605 2320 splendoribus
628 2294 731 2317 mentes
756 2291 842 2319 oculis
857 2298 982 2320 carentes

198 2327 295 2363 implet
309 2336 377 2364 quas
399 2331 454 2359 alio
469 2333 550 2360 modo
576 2335 721 2364 multorum
753 2337 893 2365 oculorum
919 2346 982 2367 esse

197 2373 276 2406 dicit,
290 2375 427 2410 angelicas
454 2377 561 2406 scilicet
589 2379 750 2416 divinasque
765 2383 898 2410 virtutes:
926 2393 979 2413 non

195 2419 270 2447 enim
284 2421 430 2449 sensilibus
445 2423 533 2451 oculis
560 2425 646 2460 plena:
667 2433 742 2460 sunt,
758 2429 804 2456 sed
823 2437 918 2457 earum
934 2439 980 2458 es-

195 2467 285 2494 sentia
301 2467 361 2494 viva
375 2469 498 2503 quiedam
515 2478 592 2499 mens
608 2477 662 2504 est,
672 2473 700 2503 id
719 2478 760 2501 est
771 2475 866 2503 oculus
879 2478 981 2512 perspi-

193 2513 370 2546 cacissintus,
382 2522 443 2549 quae
460 2522 488 2543 et
501 2517 588 2545 oculis
611 2526 706 2547 carere
728 2520 809 2556 553
822 2529 978 2555 censentur,

196 2564 308 2594 propter
321 2560 488 2589 inaccessam
499 2562 574 2590 illam
597 2564 743 2600 caliginem
763 2568 863 2595 silentii
882 2570 976 2598 divini.

194 2604 224 2631 In
238 2609 368 2639 quantum
380 2606 475 2640 itaque
490 2607 561 2636 Deus
590 2609 734 2638 invisibilis
748 2617 800 2643 est,
829 2613 855 2640 in
873 2618 977 2641 tantum

192 2651 277 2678 etiam
295 2656 399 2679 mentes
424 2652 481 2680 haec
502 2653 588 2682 oculis
606 2660 712 2683 carent.
741 2656 976 2690 Quemadmodum

192 2697 268 2724 enim
294 2697 353 2733 ipse
368 2697 512 2726 invisibilis
529 2700 673 2733 exsistens,
689 2702 771 2729 simul
794 2711 902 2732 omnem
915 2705 974 2741 pul-

191 2743 376 2771 chritudinem
387 2749 415 2772 et
433 2745 597 2774 desiderium
623 2748 740 2781 excedit,
759 2754 787 2777 et
805 2757 857 2778 nan
874 2752 976 2780 idcirco

191 2788 266 2822 quod
278 2796 330 2816 non
344 2789 480 2823 videatur,
496 2791 655 2826 despicitur,
666 2794 714 2821 sed
740 2795 765 2822 in
781 2801 911 2830 quantum
930 2798 977 2825 de-

189 2836 341 2869 sideratur,
377 2837 627 2872 pulcltritudinibus
649 2841 789 2876 adimplet.
820 2843 866 2870 Sic
891 2844 975 2872 etiam

187 2887 295 2912 mentes
310 2883 396 2913 oculis
407 2890 533 2917 carentes
558 2893 681 2922 respectu
698 2889 850 2925 splendoris
879 2899 973 2921 earum

1033 2298 1049 2333 ἡ
1072 2297 1149 2325 οὐσία
1165 2299 1212 2326 ἅτε
1229 2299 1282 2332 ζῶν
1297 2300 1368 2333 νοῦς,
1385 2301 1400 2328 ὅ
1416 2303 1489 2328 ἐστιν
1519 2302 1657 2339 ὀφθαλμὸς
1679 2304 1823 2341 ὀξυδερκέ-

1032 2350 1138 2376 στατος,
1156 2345 1184 2372 αἳ
1201 2346 1246 2372 καὶ
1270 2346 1421 2382 ἀνόμματοι
1453 2346 1614 2382 λογίζονται,
1630 2349 1674 2377 διὰ
1691 2350 1739 2378 τὸν
1755 2351 1822 2379 ἄδυ-

1030 2396 1076 2415 τον
1092 2390 1189 2425 γνόφον
1210 2391 1261 2426 τῆς
1277 2391 1351 2424 θείας
1382 2393 1470 2428 σιγῆς.
1497 2394 1572 2421 Καθὸ
1602 2395 1667 2430 γοῦν
1688 2396 1719 2424 τὸ
1742 2397 1821 2425 θεῖον

1030 2434 1153 2470 ἀόρατον,
1170 2436 1238 2463 κατὰ
1254 2437 1332 2464 τοῦτο
1348 2438 1394 2465 καὶ
1410 2440 1434 2466 οἱ
1450 2439 1508 2472 νόες
1524 2440 1686 2477 ἁνόμματοι.
1710 2442 1755 2476 Ὠς
1764 2444 1821 2480 γὰρ

1030 2481 1117 2507 ἐκεῖνο
1135 2481 1248 2518 ἀόρατον
1264 2482 1303 2515 ὂν,
1321 2485 1395 2519 ὅμως
1420 2485 1491 2522 ὑπὲρ
1507 2487 1599 2513 πᾶσαν
1621 2487 1754 2525 καλλονὴν
1771 2491 1820 2517 καὶ

1029 2525 1121 2560 ἔφεσίν
1135 2528 1209 2553 ἐστι·
1229 2529 1275 2555 καὶ
1290 2529 1321 2555 οὐ
1338 2529 1405 2556 διότι
1429 2530 1478 2566 οὐχ
1495 2531 1601 2567 ὁρᾶται,
1634 2537 1819 2570 καταφρονεῖ-

1028 2579 1083 2602 ται,
1110 2571 1176 2599 ἀλλὰ
1192 2572 1258 2599 διότι
1276 2573 1408 2606 ποθείται,
1425 2575 1480 2602 τῶν
1499 2577 1634 2604 καλλονῶν
1650 2578 1817 2615 ἀποπληροῖ.

1029 2617 1106 2645 οὕτω
1129 2619 1177 2645 καὶ
1191 2619 1216 2645 oi
1238 2619 1297 2651 νόες
1313 2620 1463 2656 ἀνόμματοι
1487 2621 1564 2654 ὄντες
1585 2623 1654 2658 πρὸς
1676 2624 1709 2651 τὸ
1733 2625 1805 2662 (amp

1029 2663 1125 2690 ϐάλλον
1140 2663 1190 2700 τῆς
1210 2664 1401 2701 λαμπρότητος
1418 2668 1442 2694 οἱ
1470 2667 1657 2704 τιολυόμματοι
1681 2670 1754 2698 κατὰ
1770 2671 1818 2698 ἁλ-

1027 2708 1072 2736 λον
1088 2708 1196 2745 τρόπον,
1212 2709 1251 2742 ὡς
1268 2710 1451 2746 πολύγνωοτοι
1467 2713 1522 2740 τῶν
1548 2714 1620 2742 κατὰ
1645 2716 1696 2751 τὴν
1709 2718 1817 2745 οἰκείαν

1025 2754 1138 2790 δύναμιν
1154 2755 1289 2790 γνὼσεων,
1300 2757 1374 2793 ὅμως
1383 2758 1434 2794 τῆς
1447 2758 1522 2792 θείας
1537 2760 1708 2797 λαμπηδόνος
1724 2763 1816 2798 ἐφίεν-

1025 2809 1086 2827 ται·
1113 2802 1160 2828 καὶ
1189 2802 1220 2828 οὐ
1244 2802 1311 2829 διότι
1343 2803 1393 2830 οὐκ
1418 2805 1588 2839 ἐφικνοῦνται
1612 2806 1699 2834 διόλου
1727 2817 1815 2836 κατα-

1025 2847 1179 2882 φρονοῦσιν,
1205 2847 1272 2875 ἀλλὰ
1290 2848 1356 2876 διότι
1373 2849 1495 2882 ποθοῦσι,
1512 2851 1568 2878 τῶν
1598 2852 1736 2880 καλλονῶν
1751 2855 1815 2881 ἀνα-

1027 2893 1203 2929 πίμπλανται.
1222 2893 1258 2922 Τὸ
1273 2895 1301 2922 δὲ
1327 2892 1440 2929 ἀναφὲς
1460 2896 1500 2932 μὴ
1517 2897 1585 2925 κατὰ
1612 2898 1660 2934 τὴν
1680 2899 1814 2937 αἰσθητὴν
