1929 3061
128 168 198 198 ΙΜῚ

399 170 444 199 DE
462 170 613 203 MYSTICA
629 169 836 206 THEOLOGIA,
852 171 930 202 ω».
948 173 970 203 Ι.
987 184 1023 195 -
1036 173 1214 205 PABAPHB.
1230 174 1467 209 PACHYMERE.

1676 175 1748 206 1018

127 227 246 264 ἐκλάσῃς
261 221 343 264 ἀφῆν,
360 228 428 257 ἀλλά
453 229 524 258 κατά
539 230 590 265 τὴν
605 230 713 267 νοητὴν,
730 231 791 267 ἥτις
807 232 881 260 ἐστὶν
897 233 913 269 ἡ

966 237 1078 269 captum
1093 235 1262 268 excedentis.
1274 235 1329 264 alio
1352 235 1432 263 modo
1447 234 1537 262 multis
1548 233 1635 263 oculis
1647 234 1749 262 instru-

127 273 236 307 γνῶσις.
254 273 298 301 Ἐν
313 273 379 309 γοῦν
393 274 432 310 τῷ
447 275 556 311 ἀναφεί,
566 276 648 311 ἧγουν
665 276 705 312 τῷ
719 276 849 313 ἀγνώστῳ
867 278 915 305 καὶ

127 320 247 356 ἀοράτῳ,
266 321 296 347 οὐ
318 320 399 348 παύει
429 321 474 349 τὸν
500 321 582 348 πόθον
613 322 668 349 τῶν
690 323 913 358 ἀνατεινομὲνων,

127 365 195 392 ἀλλά
214 365 314 401 μᾶλλον
335 366 521 403 ἀναζωπυρεῖ,
552 367 595 395 διὸ
629 367 678 394 καὶ
701 367 756 394 τῶν
779 367 914 396 καλλονῶν

128 412 311 449 ἐμπίμπλησι.
333 413 369 439 Σὺ
386 413 424 445 δὲ,
443 410 465 440 ὧ
483 414 549 441 καλὲ
575 414 701 450 Τιμόθεε,
728 414 852 448 σύντονος
869 415 915 442 Eun

129 457 196 492 πρὸς
212 458 246 484 τὰ
276 458 393 494 μυστικὰ
418 458 551 494 θεάματα,
567 459 604 492 ὡς
629 460 662 488 ἂν
693 461 745 488 κᾶν
760 461 832 489 οὕτω
856 463 913 495 τοῖς

128 504 210 536 θείοις
235 504 273 536 ὡς
297 505 408 540 ἐφικτὸν
440 506 611 543 ἐντρανὶσῃς.
652 507 696 539 Ὠς
712 507 766 544 γὰρ
782 508 827 535 ὲπί
842 516 915 541 τινος

127 550 220 585 ὁλκῆς,
238 550 302 586 φέρε
319 552 415 583 εἰπεῖν,
432 551 476 578 διὰ
490 553 594 588 σχοίνου
612 552 711 589 βάρους
725 553 798 586 τινὸς
813 554 914 589 ὀφείλει

129 595 253 628 σύντονος
263 594 332 624 εἶναι
341 598 355 624 ὁ
364 596 460 630 ἕλκων,
472 599 519 625 καὶ
528 599 610 634 μηδὲν
624 599 724 634 μεταξὺ
734 600 784 636 τῆς
793 600 915 627 ἑλκυστι-

128 642 180 677 κῆς
199 641 339 678 δυνάμεως
355 643 515 677 καθυφεῖναι
529 643 587 679 (ἐὰν
608 644 663 681 γὰρ
685 645 804 681 καθυφῇ,
832 646 914 673 πάλιν

127 687 246 724 ἀρχῆθεν
260 688 338 723 χρεία
351 689 511 725 συναγωγῆς
527 690 577 726 τῆς
590 690 740 726 δυνάμεως,
762 692 809 719 καὶ
832 692 913 721 πάλιν

126 733 233 765 τάσεως
260 735 404 761 συντόνου·
421 735 470 762 καὶ
493 734 541 763 ἐὰν
573 736 654 763 πάλιν
681 737 788 773 καθυφῇ
818 738 864 765 ὲπὶ
883 737 914 764 τὸ

127 779 246 815 ὲξαρχῆς
270 779 340 816 ἥξει,
357 780 404 808 καὶ
424 780 500 808 οὐδὲν
511 780 653 809 εὐοδὼσει·
681 783 698 818 ἡ
719 782 773 819 γὰρ
799 783 846 810 ἐπὶ
870 793 914 819 μι-

127 826 194 862 κρὸν
218 826 312 862 ὕφεσις
336 827 367 854 τὺ
397 828 451 855 πᾶν
475 828 660 866 ἀπόλλυσιν)
684 829 755 856 οὕτω
778 830 843 858 λάϐε
867 831 914 858 καὶ

127 872 176 900 ἐπὶ
189 872 239 908 τῆς
254 873 329 905 θείας
343 874 570 909 ὲπεντρανίσεως,
592 875 626 910 ἢν
646 875 694 902 καὶ
708 875 848 913 διατριϐὴν
869 876 913 903 λέ-

127 928 181 954 γει.
207 919 280 951 Τέως
297 919 325 947 δὲ
339 919 448 952 καὶτὰς
462 919 602 956 αἰσθήσεις
629 921 756 955 ἀπόλιπε,
780 923 820 949 ᾶιι
844 923 914 959 ὑπὲρ
928 916 951 945 Β

127 965 262 1001 αἴσθησιν,
289 965 336 992 καὶ
362 966 412 998 τὰς
436 967 551 1001 νοήσεις,
568 967 610 994 ὅτι
639 967 710 1002 ὑπὲρ
732 968 838 1004 νόησιψ
866 969 914 996 καὶ

128 1011 216 1038 πάντα
230 1011 347 1047 αἰσθητά
357 1012 405 1039 καὶ
416 1012 498 1048 νοητά
516 1013 648 1048 σύμϐολα,
668 1013 715 1040 καὶ
736 1013 772 1049 μὴ
789 1014 853 1042 ὄντα
867 1015 914 1042 καὶ

127 1056 202 1089 ὄντα,
221 1058 253 1084 ὲκ
263 1057 435 1094 παραλλήλου
447 1058 480 1085 τὰ
495 1059 574 1086 αὐτά.
592 1059 632 1086 Τὰ
655 1059 710 1095 γὰρ
719 1061 835 1097 αἰσθητὰ
849 1062 914 1089 sxa-

127 1101 189 1129 λουν
203 1101 240 1138 μὴ
262 1102 336 1135 ὄντα,
356 1103 404 1130 ἆτε
420 1103 569 1139 μεταϐολῆς
592 1103 700 1140 ἀπάσης
720 1105 836 1132 πάντοτε
852 1115 915 1142 μετ-

127 1147 232 1183 έχοντα,
261 1148 308 1176 καὶ
328 1148 365 1185 μὴ
387 1148 516 1181 ὡσαύτως
537 1150 581 1176 ἀεὶ
608 1150 688 1178 ὄντα·
712 1151 746 1178 τὰ
782 1151 810 1179 δὲ
830 1152 912 1188 νοητὰ

127 1194 202 1225 ὄντα,
226 1194 263 1226 ὡς
281 1195 310 1221 ὲν
326 1195 469 1231 ταύτότητι
484 1195 608 1231 μένοντα,
620 1197 667 1224 καὶ
688 1197 756 1233 πρὸς
781 1197 831 1233 τὴν
844 1198 912 1225 ἕνω-

128 1249 180 1272 σιν,
194 1241 243 1276 τὴν
258 1241 362 1268 ἑνιαίαν
377 1241 486 1277 εκείνην
502 1242 550 1269 καὶ
562 1243 652 1279 ἀμερῆ
667 1245 713 1271 καὶ
728 1244 804 1272 θείαν
819 1244 908 1272 ὡσαν-

127 1285 152 1312 εὶ
173 1286 273 1321 νόησιν.
304 1286 389 1313 Τοῦτο
408 1287 462 1323 γάρ
476 1288 548 1314 ἐστιν
561 1289 578 1324 ἡ
597 1287 702 1322 ἓνωσις,
719 1290 780 1316 καθ’
791 1290 825 1325 ἢν
835 1290 911 1317 ἑνοῦ-

125 1340 171 1358 ται
187 1333 201 1359 ό
223 1332 293 1365 νοῦς,
313 1333 360 1360 καὶ
389 1334 533 1368 συνάγεται
560 1334 603 1365 εἰς
630 1334 661 1360 τὸ
686 1335 852 1371 κατανοῆσαί
871 1344 909 1363 τι.

133 1379 292 1414 Ἀγνώστως
305 1379 469 1415 ἀνατάθητι·
498 1380 568 1416 πλὴν
590 1380 618 1407 δὲ
635 1380 682 1416 μὴ,
705 1381 746 1408 ὃτι
765 1381 911 1416 ἀγνώστως

126 1424 209 1460 λέγω,
232 1425 354 1462 ὑπολάϐῃ
383 1434 435 1458 τις,
457 1426 499 1452 ὅτι
523 1426 555 1452 σὺ
580 1426 639 1462 μὲν,
663 1427 700 1459 ὡς
726 1428 763 1463 μὴ
786 1427 911 1462 ἐφικνού-

128 1479 207 1505 μενος
222 1471 303 1506 τυχὸν
316 1471 370 1498 τῶν
393 1471 471 1498 θείων
488 1472 668 1507 πραγμάτων,
690 1473 801 1507 ἄγνοιαν
825 1473 908 1509 ἔχεις,

127 1516 206 1550 ἄλλος
224 1518 302 1549 δέτις
311 1517 453 1552 γνώσεται,
476 1518 532 1545 ἀλλ’
544 1519 613 1554 ὑπὲρ
634 1519 723 1546 πᾶσαν
743 1519 838 1547 (ἠσίαν
863 1521 910 1548 καὶ

965 284 1027 314 σιω,
1050 285 1180 316 tanquam
1197 281 1340 309 multiscisz
1351 281 1440 317 quoad
1454 281 1623 315 cognitiones
1637 288 1749 309 earum—

965 326 1026 354 dem
1050 329 1142 362 captui
1163 327 1392 359 accommodatas,
1416 327 1524 354 divinas
1539 332 1669 363 expetunt
1686 327 1749 354 illu-

965 374 1129 407 strationes;
1147 380 1198 401 nec
1221 373 1325 400 idcirco
1339 372 1411 407 quod
1422 380 1469 400 eas
1487 380 1540 400 non
1556 378 1747 408 assequamur,

964 414 1047 446 etiam
1067 423 1255 450 contemnunt,
1273 417 1320 445 sed
1340 418 1412 452 quod
1432 426 1479 446 eas
1499 419 1672 450 desiderent,
1688 419 1749 453 pul-

965 464 1169 492 cbritudinibus
1194 464 1344 499 replentur.
1373 463 1441 491 Illud
1467 469 1556 491 autem
1586 464 1688 499 ἁναφές
1715 471 1749 492 ne

965 512 1113 539 secundum
1136 513 1236 538 tactum
1270 510 1397 538 seusilem
1428 511 1554 545 accipias.
1584 511 1629 538 sed
1650 519 1749 539 secun—

964 557 1028 584 dttm
1053 556 1258 588 inteliectilcm,
1279 564 1339 590 quae
1358 561 1399 584 est
1426 556 1513 584 notio.
1543 557 1633 591 Itaque
1654 557 1680 584 iu
1705 557 1748 584 in-

966 603 1048 631 tactili
1063 609 1110 629 seu
1129 603 1219 637 ignoto
1233 607 1261 629 et
1285 602 1484 636 inaspectabili.
1514 610 1566 629 non
1587 602 1659 629 sistit
1678 603 1750 630 desi-

964 649 1068 676 derium
1088 657 1180 676 rerum
1199 649 1371 684 optabilium,
1402 649 1449 676 sed
1479 649 1569 683 potius
1589 649 1748 683 exsuscitat,

965 696 1035 723 unde
1060 695 1142 722 etiam
1158 695 1405 730 pulchritudinibus
1426 695 1563 730 adimplet.
1585 694 1708 727 Tuvero.
1732 703 1750 724 ο

964 741 1034 768 boue
1052 741 1203 773 Timotbee,
1225 741 1348 777 mysticis
1377 741 1540 774 spectaculis
1573 740 1694 773 intende,
1721 743 1751 768 ut

963 786 1006 813 vel
1026 787 1066 814 sic
1087 787 1194 814 divinas
1216 795 1259 814 res
1288 787 1326 813 uti
1353 787 1440 818 det-el,
1464 791 1600 821 peuetres.
1619 786 1751 820 Quemad-

963 833 1073 860 modum
1090 834 1164 861 enim
1196 833 1218 860 si
1250 833 1293 860 cui
1313 833 1387 864 fune,
1416 838 1446 860 ut
1475 833 1515 860 sic
1536 833 1636 866 dicam,
1667 840 1750 869 grave

967 879 1075 914 pondus
1100 879 1208 914 aliquod
1229 879 1433 910 attrahendum,
1464 879 1584 906 intentus
1605 886 1678 911 esse,
1700 887 1751 907 nec

965 925 1112 960 quidquam
1133 925 1284 952 attractiva:
1317 925 1454 952 facultatis
1473 924 1582 952 interim
1612 926 1751 953 remittere

964 970 1046 997 debet
1065 970 1140 1005 (nam
1160 970 1182 997 si
1202 970 1266 1004 quid
1289 970 1437 1002 remiserit,
1463 978 1559 998 rursus
1569 970 1603 997 ab
1623 970 1701 997 initio
1721 975 1751 998 ut

963 1015 1036 1043 vires
1057 1016 1165 1050 colligat
1189 1021 1216 1043 et
1247 1015 1372 1042 intendat
1398 1023 1511 1043 necesse
1537 1020 1589 1048 est,
1610 1020 1637 1043 et
1655 1015 1677 1042 si
1697 1016 1750 1043 ite-

964 1068 1024 1088 runt
1055 1061 1188 1093 retuittal,
1210 1060 1298 1087 denuo
1325 1060 1358 1086 ad
1389 1060 1550 1094 principium
1580 1059 1696 1092 redibit,
1723 1065 1751 1087 et

963 1106 1031 1134 nihil
1053 1112 1128 1134 recte
1147 1111 1268 1142 peraget,
1295 1106 1425 1141 quoniam
1446 1106 1487 1133 vel
1517 1113 1599 1140 parva
1627 1106 1751 1133 remissio

964 1157 1049 1179 totum
1070 1152 1213 1186 destruit);
1234 1152 1273 1179 sic
1290 1152 1372 1179 etiam
1393 1152 1487 1185 accipe
1517 1152 1543 1178 in
1574 1151 1665 1178 divina
1685 1149 1749 1186 per-

962 1198 1152 1230 scrutatione.
1181 1204 1264 1232 quam
1286 1202 1314 1224 et
1340 1196 1562 1224 exercitationem
1590 1200 1681 1224 vocat.
1700 1195 1751 1224 Eo-

963 1252 1049 1279 usque
1069 1249 1159 1271 autem
1180 1251 1278 1271 sensus
1297 1242 1570 1277 relinque,quoniam
1592 1249 1674 1276 supra
1686 1250 1751 1270 seu-

961 1297 1041 1322 sum;
1061 1295 1089 1317 et
1116 1289 1329 1321 iutellectioues,
1358 1288 1422 1322 quia
1451 1296 1532 1323 supra
1564 1288 1749 1316 intellectum:

960 1336 1106 1370 omniaque
1117 1335 1226 1362 sensilia
1246 1333 1470 1368 iutellectiliaque
1479 1333 1611 1369 symbola,
1626 1338 1680 1360 tam
1691 1341 1751 1368 qua!

961 1390 1015 1410 non
1027 1387 1091 1409 sunt
1101 1388 1182 1416 quam
1193 1389 1254 1416 qua
1262 1385 1336 1414 sunt,
1346 1388 1380 1408 ex
1391 1381 1516 1416 opposito
1526 1380 1597 1415 ipsa.
1608 1379 1674 1407 Nam
1686 1388 1748 1408 seu-

960 1429 1019 1457 silia
1031 1429 1161 1456 vocabant
1173 1435 1204 1456 ea
1216 1435 1275 1463 qua:
1297 1435 1350 1455 non
1370 1433 1442 1462 sunt,
1455 1433 1484 1454 at
1494 1435 1554 1462 quae
1564 1435 1673 1455 omnem
1685 1435 1746 1454 ma-

961 1477 1091 1504 tationem
1112 1475 1287 1510 participant,
1306 1479 1334 1502 et
1352 1482 1405 1502 non
1434 1480 1497 1502 sunt
1523 1481 1631 1509 semper
1649 1467 1744 1501 eodem

961 1523 1058 1555 modo;
1084 1520 1248 1549 intellectilia
1279 1528 1344 1548 vero
1371 1528 1403 1548 ea
1422 1527 1483 1555 quae
1510 1524 1582 1551 sunt.
1613 1524 1706 1555 utpote
1724 1520 1750 1547 in

127 1563 228 1599 γνῶσιν
242 1563 277 1590 τὰ
293 1563 353 1590 θεῖά
368 1565 431 1596 εἱσι,
453 1564 502 1590 καὶ
519 1564 658 1596 ἁπολύτως
677 1566 758 1592 πᾶσιν
772 1566 908 1601 ἄγνωστα.

964 1567 1102 1595 idcntitate
1122 1566 1320 1602 permanentia,
1348 1570 1376 1593 et
1405 1573 1488 1600 penes
1517 1565 1645 1592 unionem
1673 1565 1747 1592 illam

129 1611 259 1646 ’Λσχετον
272 1610 301 1637 δὲ
316 1610 443 1637 ἔκστασιν
468 1609 542 1644 λέγει
560 1609 610 1649 τὴν
635 1610 809 1647 ἀναχώρησιν
823 1614 912 1649 πάσης

128 1656 257 1691 σχέσεως.
285 1656 331 1692 Μή
350 1655 416 1691 γοῦν
442 1654 512 1690 ἔχων
542 1655 635 1691 σχέσιν
655 1656 734 1689 τινὰ,
761 1658 831 1694 μήτε
860 1659 914 1695 μὴν

126 1702 195 1737 πρὸς
211 1702 315 1734 ἑαυτὸν,
346 1702 415 1738 μήτε
434 1701 489 1737 μὴν
514 1701 582 1737 πρός
610 1710 637 1729 τι
661 1702 717 1729 τῶν
744 1705 913 1740 κτισμάτων,

127 1747 175 1775 καὶ
188 1748 268 1780 αὐτὸς
283 1748 371 1775 πάντα
383 1747 414 1780 ἐξ
427 1747 522 1774 ἑαυτοῦ
545 1747 663 1782 ἀφελὼν,
689 1748 737 1775 καὶ
752 1750 785 1777 ὲκ
806 1751 915 1778 πάντων

127 1793 280 1826 ἀπολυθεὶς,
297 1793 335 1825 ὡς
365 1794 432 1829 μήτε
458 1792 583 1828 κατέχειν
600 1801 628 1820 τι
652 1793 706 1820 τῶν
721 1794 796 1821 κάτω
812 1795 916 1831 συμῶ-

127 1839 181 1868 λων
205 1840 252 1866 καὶ
281 1838 426 1874 αἰσθητῶν,
448 1837 593 1865 κάντεῦθεν
614 1838 774 1873 ἑδράζεσθαι
796 1839 911 1874 οἴεσθαι,

129 1887 198 1922 μήτε
220 1885 273 1921 μὴν
293 1884 454 1920 κατέχεσθαι
478 1884 554 1920 παρά
574 1892 646 1916 τινος
663 1885 719 1912 τῶν
737 1885 864 1913 τοιούτων
880 1888 913 1914 ὲκ

126 1931 175 1959 τοῦ
192 1932 256 1967 περὶ
279 1931 313 1958 τὰ
333 1930 446 1957 τοιαῦτα
475 1930 647 1966 στρέφεσθαι,
679 1930 766 1963 οὕτως
788 1932 835 1959 ἐπὶ
863 1932 913 1968 τὴν

128 1978 225 2005 ἀκτῖνα
249 1977 299 2012 τῆς
314 1976 388 2008 θείας
401 1975 587 2012 ἀκαταληψίας
602 1976 751 2013 ἀναχθήσῃ.

965 1613 1067 1640 unilam
1087 1617 1115 1640 et
1136 1613 1283 1640 indirisam
1304 1619 1336 1638 ac
1356 1612 1475 1638 divinam
1495 1611 1695 1645 quodammodo
1714 1611 1753 1638 in-

964 1659 1158 1687 tellectionem.
1180 1658 1242 1686 llaec
1259 1659 1331 1685 enim
1350 1662 1392 1686 est
1416 1658 1490 1688 unio.
1511 1657 1658 1684 secundum
1670 1664 1751 1691 quan

965 1712 1042 1732 mens
1061 1705 1165 1737 unitur,
1194 1709 1222 1731 et
1251 1703 1393 1731 adducitur
1412 1703 1445 1730 ad
1474 1701 1575 1737 aliquid
1596 1702 1750 1737 intelligen-

965 1751 1041 1778 dum.
1071 1749 1137 1777 Sine
1165 1749 1275 1777 ll0li0lle
1302 1756 1432 1783 assurge;
1459 1752 1650 1776 verumtamen
1671 1743 1752 1775 neuio

966 1794 1114 1825 existimet,
1133 1792 1203 1828 quod
1223 1793 1283 1820 sine
1301 1793 1412 1820 notione
1431 1791 1530 1826 dicam,
1553 1796 1579 1820 te
1601 1792 1673 1820 forte
1691 1797 1753 1820 tan-

963 1847 1044 1875 quam
1064 1847 1108 1866 res
1126 1839 1233 1867 divinas
1253 1839 1364 1866 minime
1392 1844 1547 1867 assecutum
1560 1859 1568 1871 ,
1597 1847 1644 1867 eas
1673 1840 1751 1875 igno-

965 1890 1098 1917 raturum,
1118 1885 1200 1912 alium
1229 1892 1294 1912 vero
1320 1885 1475 1920 quempiam
1505 1885 1565 1913 illas
1593 1885 1752 1914 intellectu-

964 1939 1042 1964 rum;
1065 1931 1112 1958 scd
1134 1931 1225 1958 divina
1246 1938 1327 1965 supra
1356 1938 1466 1959 omnem
1491 1931 1638 1958 essentiam
1655 1935 1683 1958 et
1704 1939 1753 1958 no—

964 1979 1064 2005 tionem
1084 1978 1227 2010 exsistere,
1257 1983 1339 2012 atque
1364 1977 1487 2005 absolute
1514 1977 1641 2005 omnibus
1661 1978 1752 2013 ignota

128 2032 198 2052 esse.
231 2023 310 2060 553
344 2023 470 2051 Liberum
490 2030 554 2050 vero
581 2030 722 2050 excessum
750 2023 826 2057 dicit,
850 2027 986 2051 recessu‘nt
1005 2025 1039 2051 ab
1073 2024 1146 2051 omni
1167 2023 1322 2052 aﬂectioue.
1349 2023 1456 2050 Nullam
1476 2031 1541 2058 ergo
1569 2024 1674 2052 habens
1710 2024 1751 2051 af-

128 2072 283 2102 fectionem.
303 2078 337 2098 ne
354 2070 462 2105 quidem
479 2071 513 2097 ad
541 2070 724 2104 temetipsum,
752 2078 802 2098 nec
826 2070 906 2097 aliam
938 2071 972 2098 ad
991 2071 1108 2106 aliquam
1128 2075 1295 2102 creaturam,
1322 2076 1349 2097 ct
1371 2071 1543 2105 teinetipsum
1565 2071 1598 2097 ab
1624 2070 1752 2098 oumibus

128 2117 298 2150 ahstrahens,
325 2120 353 2144 et
379 2116 412 2143 ab
439 2117 563 2144 onmibus
591 2115 750 2149 absolutus,
779 2120 809 2143 ut
837 2116 904 2144 nihil
929 2117 1011 2144 etiam
1046 2116 1231 2152 symbolorum
1262 2116 1420 2144 inferiorum
1457 2121 1485 2143 et
1518 2116 1658 2144 sensilium
1687 2117 1752 2144 reti-

128 2171 193 2192 neas
229 2164 299 2191 unde
331 2163 435 2199 puteris
453 2162 622 2195 conﬁrmari;
653 2169 742 2197 neque
768 2162 850 2190 etiam
881 2162 1027 2190 retincaris
1062 2163 1097 2189 ab
1127 2162 1219 2197 aliquo
1247 2163 1392 2197 similium,
1420 2167 1446 2190 te
1474 2162 1508 2189 ad
1535 2162 1598 2190 talia
1633 2170 1751 2191 conver-

128 2209 209 2237 Ieudo
222 2228 230 2242 ,
250 2209 291 2236 sic
309 2209 416 2236 demum
436 2209 469 2236 ad
489 2208 587 2236 divina:
598 2207 931 2242 incaniprehensibilitatis
951 2208 1057 2235 radium
1078 2209 1232 2236 adduceris.

163 2256 177 2292 §
198 2256 228 2284 ll.
253 2256 408 2292 Σημειωσαι
429 2256 470 2283 ὅτι
502 2255 655 2291 ἀμυήτους
672 2254 746 2290 λέγει
768 2255 816 2282 καὶ
846 2255 910 2287 τοὺς

998 2255 1012 2290 §
1032 2255 1064 2282 ll.
1087 2254 1155 2282 Nota
1183 2259 1274 2282 autem
1293 2260 1322 2281 ut
1340 2255 1480 2291 ἀμυήτους
1504 2254 1549 2282 hie
1575 2254 1658 2282 etiam
1677 2255 1752 2284 dicat

126 2303 178 2330 οὐκ
202 2302 350 2338 ἀμτὸχους
378 2301 433 2328 τῶν
458 2302 607 2337 μυστικῶν,
634 2301 691 2332 τοῖς
723 2301 752 2328 δὲ
773 2300 914 2336 αἰσθητοῖς

126 2348 338 2383 ὲνειλουμένους,
365 2347 414 2374 καὶ
445 2347 520 2373 οὐδὲν
540 2347 611 2382 ὑπὲρ
634 2345 668 2372 τὰ
695 2345 760 2373 ὄντα
793 2344 861 2373 εἶναι
882 2346 914 2373 τὸ

126 2395 203 2422 Θεῖον
232 2394 456 2429 φανταζομένους,
478 2393 598 2430 δηλονότι
627 2395 691 2426 τοὺς
716 2394 914 2426 πιστεύσαντας

128 2442 177 2477 μὲν
192 2440 232 2476 τῷ
254 2440 366 2476 ὀνόματι
376 2440 423 2466 τοῦ
434 2440 564 2475 Χριστοῦ,
583 2440 620 2476 μὴ
642 2439 694 2476 μὴν
719 2440 766 2466 ἐπὶ
782 2439 914 2466 τελεωτέ-

129 2496 179 2524 ραν
204 2487 329 2518 ἐλθόντας
349 2485 464 2521 γνῶσιν·
478 2485 616 2521 άμύστους
628 2486 657 2512 δὲ
676 2485 748 2520 λέγει
767 2485 830 2516 τοὺς
846 2493 914 2514 παν-

130 2535 229 2562 ιάπασι
247 2533 353 2560 πάντων
366 2532 420 2559 τῶν
445 2531 584 2567 μυστικῶν
599 2531 747 2567 ἀμετόχους
772 2529 915 2557 εἰδωλολά-

131 2588 202 2617 ιρας.
221 2579 290 2614 Φησὶ
312 2578 419 2605 τοίνυν
449 2578 520 2613 ’Ὀρσ-
553 2577 590 2612 μή
615 2586 657 2609 τις
682 2578 714 2604 ὲκ
737 2575 841 2603 τούτων
858 2576 913 2603 τῶν

129 2625 267 2661 μυστικῶν
291 2623 491 2659 ὲπακούσηται·
521 2624 546 2650 εί
576 2622 631 2658 γὰρ
647 2623 670 2650 οἱ
689 2622 807 2658 ἀμύητοι
834 2621 911 2649 οὐδὲν

127 2671 233 2707 ἔχουσιν
263 2668 428 2704 ὑψηλότερον
444 2668 649 2703 φαντασθῆναι,
682 2667 748 2694 ἀλλὰ
776 2665 915 2702 νομίζουσι

126 2716 246 2744 τοιοῦτον
257 2713 325 2742 εἷναι
338 2714 384 2741 τὸν
400 2713 477 2746 Θεὸν,
496 2712 587 2745 καθὼς
601 2713 728 2740 δύνανται
741 2712 818 2740 αὐτοὶ
832 2713 913 2746 νοεῖν,

125 2772 142 2790 τ
160 2771 180 2790 ν
198 2761 323 2796 θέμενον
346 2760 456 2793 σκότος
486 2759 666 2794 ἀποκρυφὴν
696 2759 788 2786 αὑτοῦ
801 2779 809 2791 ,
843 2758 914 2785 κατά

127 2809 177 2845 τὴν
196 2807 318 2844 Γραφὴν,
343 2805 463 2842 δηλονότι
481 2806 527 2834 τὸν
544 2807 573 2833 ὲν
602 2807 635 2842 τῇ
663 2806 802 2843 ὑπερτάτη
825 2806 914 2841 ἀγνω-

183 2902 198 2917 ι
215 2897 285 2925 t'sal.
305 2904 368 2929 M‘ll,
389 2896 429 2924 l2.

965 2307 1025 2331 eos.
1044 2301 1090 2335 qui
1112 2300 1231 2336 alioquin
1251 2300 1332 2327 etiam
1353 2308 1405 2327 non
1427 2305 1489 2327 Sllill
1508 2305 1632 2327 exsortes
1649 2305 1752 2335 myste-

967 2347 1083 2379 riorum,
1103 2346 1150 2374 sed
1170 2346 1251 2373 rebus
1271 2346 1359 2373 adhuc
1378 2346 1524 2373 sensilibus
1543 2346 1656 2373 involuti
1677 2351 1750 2380 sunt,

967 2400 1054 2427 neque
1073 2392 1268 2427 imaginantur,
1298 2391 1382 2419 Deum
1411 2391 1558 2428 quidquam
1586 2398 1647 2419 esse
1666 2399 1750 2426 supra

966 2447 997 2466 ea
1017 2446 1078 2474 quas
1095 2439 1240 2470 exsistunt,
1256 2438 1301 2470 qui
1320 2437 1446 2465 videlicet
1465 2437 1492 2465 in
1515 2437 1624 2465 nomine
1642 2437 1749 2471 quidem

967 2484 1066 2512 Christi
1086 2484 1213 2514 credunt.
1233 2481 1267 2510 ad
1288 2483 1480 2517 pcrl'ecliorem
1512 2487 1602 2510 tamen
1623 2482 1750 2509 notitiam

967 2539 1020 2558 non
1040 2535 1201 2567 assurgunt;
1221 2529 1359 2566 ἀμύστους
1387 2537 1451 2557 vero
1471 2534 1551 2557 vocat
1579 2529 1750 2561 idololatras.

966 2577 1086 2605 omnium
1102 2585 1215 2612 prorsus
1229 2577 1420 2612 mysteriorum
1436 2580 1571 2604 exsortes.
1582 2576 1628 2602 Ait
1639 2575 1730 2610 itaque
1739 2583 1749 2603 ε

966 2622 1032 2649 Vide
1051 2630 1084 2649 ne
1103 2621 1166 2657 quis
1191 2630 1286 2649 eorum
1315 2622 1444 2657 mysteria
1473 2622 1530 2648 haec
1557 2621 1666 2655 audiat;
1686 2629 1750 2650 nam

967 2669 993 2696 si
1007 2668 1043 2695 illi
1063 2669 1108 2703 qui
1129 2676 1181 2696 non
1201 2673 1264 2695 sunt
1284 2667 1423 2701 instructi,
1444 2662 1513 2694 nihil
1526 2666 1671 2697 sublimius
1682 2667 1751 2693 inta-

967 2715 1054 2750 ginari
1083 2715 1209 2750 possint,
1245 2715 1293 2742 sed
1321 2713 1481 2741 existiment
1510 2713 1662 2741 istiusmodi
1688 2719 1750 2741 esas

967 2761 1061 2792 Deum,
1081 2759 1189 2795 qualem
1209 2761 1257 2794 ipsi
1278 2759 1422 2793 concipere
1440 2761 1565 2793 possunt,
1584 2757 1630 2793 qui
1648 2764 1749 2785 secun-

966 2806 1028 2833 dum
1049 2804 1220 2841 Scripturam
1230 2804 1319 2839 posuit
1333 2803 1454 2831 tenebras
1470 2802 1611 2831 latibulum
1634 2810 1711 2830 suum
1723 2807 1749 2836 ³.
