1929 3061
188 203 258 232 1019

190 262 217 290 id
235 265 277 288 est
293 259 338 294 qui
360 259 388 285 in
409 255 603 284 sublimissimo
632 251 802 288 ignoratione
829 250 976 276 absconsus
990 245 1014 274 Α

189 312 248 341 est;
267 307 330 341 quid
359 305 433 331 dicat
452 302 512 337 quis
532 301 566 327 de
583 300 615 326 iis
625 299 670 334 qui
683 298 768 333 magis
787 295 891 330 profani
903 297 976 325 sunt,

191 358 220 382 et
241 340 391 380 idololatne
411 346 563 375 exsistunt?
582 346 648 374 Cum
667 351 730 370 vero
750 343 815 369 dicit
834 348 915 376 supra
928 340 977 367 hos

190 398 380 426 esse-divinas
404 394 597 431 tuyslagogias,
618 399 671 419 non
690 391 750 417 ideo
769 387 836 416 dicit
856 386 926 422 quod
937 386 979 412 di-

192 445 258 472 vina
280 443 350 470 forte
375 449 455 475 supra
478 440 527 468 Ιιοε
545 439 654 473 quidem
665 437 729 468 sint,
750 443 802 462 non
822 435 875 462 sint
887 437 977 460 autem

193 497 277 524 supra
297 488 380 519 alios;
402 486 502 514 etenim
521 484 586 519 quid
607 483 668 510 novi
689 485 760 513 erat,
771 480 902 515 siquidem
916 479 976 513 ipsi,

191 523 253 563 cum
274 534 357 562 rudes
376 537 476 564 essent,
505 537 536 557 ea
565 537 616 556 non
644 525 791 561 caperent?
819 524 876 551 Non
906 523 978 550 enim

193 582 282 608 dixit:
315 580 403 614 Supra
434 578 529 604 horum
559 575 762 610 cognitionem,
790 571 859 599 sed:
889 569 979 604 Supra

192 627 282 661 ipsos;
305 633 336 652 ac
357 625 378 652 si
401 625 523 651 diceret:
551 621 674 649 Noadnm
694 620 785 646 sciunt
812 617 897 644 Deum
918 622 980 642 esse

191 679 272 708 supra
293 671 320 699 id
348 671 419 705 quod
449 672 563 704 possunt
590 666 760 700 intelligere;
789 663 909 698 quin'et
928 661 980 688 hoc

192 726 287 746 eorum
305 722 412 752 captum
432 715 589 746 excedit,et
609 712 778 740 arbitrantur
797 717 844 736 sua
866 708 981 735 notione

192 772 221 792 se
251 765 334 791 Deum
363 768 460 794 nosse,
491 759 589 794 duplici
619 758 774 786 laborantes
803 753 978 790 ignorantia,

192 810 297 838 scilicet
315 807 463 835 secundum
484 805 622 838 affectum,
649 808 678 831 et
696 803 787 830 divina
808 802 979 836 ignorantes,

192 861 220 883 et
237 855 307 890 quod
328 855 453 889 ignorent
482 852 644 879 nescientes.
666 849 735 884 Quid
756 849 839 884 igitur
856 849 979 875 dicemus

192 902 227 929 de
245 901 376 936 profanis,
396 899 441 934 qni
463 898 546 926 Deum
566 905 600 925 cx
628 897 709 925 rebus
739 895 852 927 inlimis,
871 894 978 921 scilicet

195 947 352 975 iuanimatis
376 945 500 972 materiis
518 950 544 971 et
572 943 668 970 formis
688 941 867 970 describunt?
888 941 975 975 Opor-

192 998 232 1020 tct
259 994 340 1019 etiam
370 991 420 1026 ipsi
450 997 558 1017 omnem
588 996 678 1016 rerum
707 987 871 1022 positionem
895 986 977 1012 attri~

191 1039 285 1070 bitere.
306 1038 376 1064 sicut
393 1038 419 1063 in
441 1036 510 1063 libro
531 1034 570 1063 De
595 1035 691 1062 divinis
711 1034 860 1061 nominibus
890 1033 977 1060 tradi-

195 1083 297 1114 dimus,
314 1082 443 1116 quoniam
462 1088 494 1107 ex
514 1079 640 1108 oomibus
659 1079 780 1107 divinum
805 1077 907 1104 Numen
929 1085 978 1104 no-

193 1128 325 1160 minatur,
348 1132 475 1161 tanquam
508 1132 590 1152 causa
623 1132 655 1152 ex
683 1123 809 1155 effectis;
832 1127 860 1150 et
887 1123 977 1150 omnia

193 1173 245 1206 ipsi
265 1173 444 1203 attribuenda,
466 1176 592 1205 tanquam
611 1170 752 1197 exsistenti
777 1176 857 1203 supra
876 1169 978 1196 omnia.

193 1219 253 1246 Non
272 1218 344 1245 enim
363 1218 470 1245 axioma
501 1216 725 1244 contradictionis
753 1216 788 1242 ibi
815 1215 903 1242 locum
930 1215 980 1241 lia-

192 1264 250 1295 bet,
262 1264 334 1290 sicut
353 1263 413 1290 hic:
427 1262 554 1296 quoniam
579 1261 623 1288 hic
635 1261 660 1288 in
673 1268 702 1288 re
713 1261 786 1288 omni
798 1260 841 1287 vel
860 1259 978 1287 afﬁrma-

194 1311 232 1337 tio
256 1314 297 1337 est
318 1309 361 1336 vel
380 1309 499 1344 negatio,
519 1311 547 1335 et
564 1308 587 1335 si
613 1306 756 1334 afﬁrmatio
772 1314 834 1334 vera
854 1307 909 1338 sit.
931 1314 979 1334 ne-

194 1356 268 1391 gatio
290 1355 356 1382 falsa
377 1359 428 1385 est,
449 1354 490 1382 vel
509 1359 624 1386 contra;
646 1354 683 1381 ibi
702 1361 767 1380 vero
788 1356 842 1380 tam
858 1352 997 1379 aﬂirma-‘

194 1403 233 1429 tio
252 1409 332 1437 quam
349 1400 430 1437 555
450 1401 559 1435 negatio
574 1408 638 1427 vera
666 1404 717 1433 est,
748 1399 899 1427 secundum
918 1407 980 1426 sen-

194 1455 241 1475 sus
258 1449 356 1474 dictos.
377 1447 443 1474 Cum
460 1454 524 1473 vero
543 1446 614 1473 Dens
641 1445 677 1472 sit
699 1453 781 1480 supra
796 1453 904 1472 omnem
915 1452 978 1472 cum

193 1493 358 1520 ablatiouem
381 1496 438 1518 tum
459 1491 631 1526 positionem,
653 1496 681 1519 et
699 1491 820 1526 supraid
831 1491 903 1526 quod
925 1497 978 1517 non

193 1553 247 1581 est,
257 1553 284 1576 et
294 1556 374 1583 supra
398 1548 424 1575 id
434 1548 506 1583 quod
526 1551 581 1581 est,
601 1551 628 1575 et
655 1554 736 1582 supra
755 1546 937 1581 cognitionem
953 1549 981 1572 et

193 1602 276 1629 supra
290 1594 499 1630 ignorationem,
511 1593 596 1620 multo
607 1593 692 1628 magis
703 1597 743 1620 est
754 1600 835 1627 supra
848 1592 978 1627 privatio-
992 1590 1012 1618 C

194 1649 254 1672 nes.
266 1641 306 1668 vel
320 1648 399 1674 supra
411 1640 572 1674 positiones.
585 1639 653 1666 Nam
665 1639 710 1674 qui
722 1639 791 1666 tollit
802 1639 976 1673 positionem.

194 1686 333 1713 definitum
358 1687 422 1722 quid
453 1687 531 1718 tollit,
546 1691 571 1714 et
591 1686 664 1714 forte
682 1693 758 1713 mens
777 1686 810 1713 ad
827 1686 892 1720 quid
903 1685 977 1712 aliud

194 1733 347 1765 delabetnr,
359 1733 528 1766 existimans,
539 1741 601 1762 eum
613 1733 676 1761 illud
689 1739 742 1760 non
757 1736 840 1764 esset,
858 1731 917 1764 hoc,
937 1732 977 1759 vel

195 1778 268 1806 aliud
280 1787 287 1811 ;
299 1784 325 1806 et
337 1778 358 1806 si
370 1779 460 1806 omnia
472 1779 534 1814 quis
544 1779 632 1812 tollat,
647 1781 773 1806 occurret
790 1778 826 1805 illi
839 1777 912 1812 quod
924 1785 979 1804 om-

195 1825 260 1851 nino
277 1832 330 1851 non
348 1825 460 1860 est;qui
475 1833 539 1852 vero
550 1825 620 1852 tollit
630 1825 821 1860 privationem,
843 1823 870 1850 in
896 1823 939 1851 his
951 1823 978 1850 in

194 1870 293 1904 quibus
313 1877 389 1898 mens
403 1879 456 1898 non
467 1876 558 1906 potest
577 1871 723 1905 concipere
741 1870 859 1905 aliquam
871 1869 979 1896 habitu-

195 1915 295 1947 dinem.
314 1917 427 1943 omnino
460 1917 562 1952 praebet
592 1916 798 1951 suspicandum,
832 1915 895 1942 illud
919 1921 979 1942 esse

195 1961 294 1996 aliquid
307 1962 585 1997 incomprehensibile
595 1962 666 1997 quod
688 1962 761 1989 dico.
784 1961 853 1988 Ecce
869 1961 978 1995 positio,

195 2008 320 2042 quoniam
335 2009 452 2043 prasdico
468 2009 501 2036 de
513 2009 568 2036 Deo
580 2009 668 2035 lnmcn
683 2017 690 2042 ;
712 2008 811 2043 aliquis
822 2015 885 2035 vero
901 2013 981 2043 nu-gat

195 2053 271 2085 illud,
285 2055 347 2089 quia
364 2056 433 2082 Deus
443 2063 494 2083 non
507 2060 548 2082 est
560 2055 649 2082 lumen
663 2063 670 2081 :
693 2055 816 2090 suspicor
828 2055 902 2081 illum
918 2061 979 2081 esse

195 2100 260 2134 quid
270 2101 342 2128 aliud
354 2101 502 2134 alumine;
525 2101 699 2136 negatetiam
717 2101 792 2133 illud,
811 2106 838 2128 et
857 2101 890 2127 ad
907 2101 979 2128 aliud

195 2145 319 2179 dilabor;
336 2146 360 2173 si
376 2150 454 2182 neget
463 2147 565 2180 omnia,
590 2146 673 2174 etiam
686 2146 753 2174 nibil
772 2145 886 2174 omnino
905 2146 981 2181 cogi-

196 2191 270 2218 tabo.
285 2190 350 2219 Veni
361 2192 443 2219 etiam
462 2193 495 2220 ad
518 2192 709 2227 privationem.
724 2192 795 2219 Ecce
806 2191 870 2219 dicit
884 2191 976 2226 priva-

777 193 806 221 S.
826 187 975 219 DIONYSII
992 181 1229 216 AREOPAGITA',

1743 172 1819 200 {0‘20

1028 241 1074 277 σίᾳ
1085 238 1290 273 καλυπτόμενον
1300 244 1314 251 υ
1337 235 1371 262 τί
1382 233 1416 261 ἄν
1435 241 1477 265 τις
1493 231 1561 267 (pain
1589 235 1653 266 περι
1668 230 1724 257 τῶν
1745 229 1819 277 μᾶλ-

1028 276 1074 313 λον
1093 285 1231 321 ἀμύστων,
1249 283 1297 309 καὶ
1314 278 1531 314 εἰδωλολατρῶνς
1548 277 1585 303 Τὸ
1601 277 1652 321 δὲ,
1664 277 1735 312 ὑπὲρ
1753 276 1819 303 τούς

1027 340 1090 362 τους
1109 330 1177 356 εἰσιν
1203 329 1231 354 αἱ
1255 327 1326 354 θεῖαι
1350 323 1556 361 μυσταγωγίαι,
1591 322 1621 349 οὐ
1648 320 1741 354 λέγει,
1773 321 1817 347 ὅτι

1028 378 1108 413 τυχὸν
1121 377 1192 411 ὑπὲρ
1211 375 1309 405 αὐτοὺς
1325 372 1374 408 μέν
1388 373 1441 398 εἰσι
1465 369 1500 396 τά
1513 369 1582 401 θεῖα,
1598 369 1668 403 ὑπὲρ
1680 367 1777 398 ἄλλους
1786 366 1817 393 δὲ

1028 423 1078 450 οῦκ
1088 423 1140 449 εισι
1150 429 1157 436 ·
1176 421 1223 447 καὶ
1235 420 1263 446 τί
1273 419 1328 454 γὰρ
1342 417 1416 450 ξένον
1427 414 1471 451 ἦν,
1499 414 1526 441 εἴ
1549 422 1602 449 περ
1618 413 1705 443 αὐτοὶ,
1717 413 1816 447 παχεξ

1028 469 1115 499 ὄντες,
1129 467 1159 493 οὐ
1170 463 1392 499 κατελάμϐανον;
1422 461 1459 488 Οὐ
1477 460 1531 496 γάρ
1551 457 1637 492 εἷπεν,
1665 458 1750 494 ’Υπὲρ
1764 458 1815 493 τὴν

1028 514 1130 541 τούτων
1144 512 1254 547 γνῶσιν,
1268 504 1325 536 ἀλλ’
1352 509 1437 544 Ὑπὲρ
1461 507 1570 538 αὐτοὺς,
1592 505 1692 532 ὡσανεὶ
1715 505 1814 538 λέγων,

1029 560 1088 588 οὐδὲ
1101 559 1181 586 τοῦτο
1200 556 1359 588 κατέλαϐον,
1374 555 1416 581 ὃτι
1437 555 1451 580 ὁ
1468 554 1535 585 Θεὸς
1552 553 1622 588 ὑπὲρ
1636 552 1651 578 ὃ
1664 552 1758 586 νοῆσαι
1769 550 1816 577 δύ-

1029 614 1122 633 νανται
1146 602 1218 631 οὗτοι
1243 602 1332 629 ἐστιν·
1368 600 1435 627 ἀλλά
1459 599 1601 626 καὶτοῦτο
1627 597 1697 632 ὑπὲρ
1715 596 1816 628 αὐτοὺς

1031 651 1160 686 ἐγεγόνει,
1181 649 1228 676 καὶ
1247 647 1347 674 οἴονται
1368 647 1402 681 τῇ
1429 645 1532 673 ἑαυτῶν
1556 644 1655 678 γνώσει
1682 643 1712 670 τὸ
1736 642 1816 669 Θείον

1031 697 1139 728 ειδέναι,
1165 694 1305 725 νοσοῦντες
1340 693 1390 728 τὴν
1414 692 1510 726 διπλῆν
1541 691 1663 725 ἄγνοιαν,
1694 689 1817 724 δηλονότι

1029 742 1080 777 τὴν
1097 740 1166 768 κατά
1182 739 1310 771 διάθεσιν,
1325 739 1372 765 καὶ
1393 736 1427 763 τὰ
1447 734 1688 770 θεῐαάγνοοῦντες,
1707 734 1754 761 καὶ
1768 734 1814 760 ὅτι

1030 786 1172 821 ἀγνοοῦσιν
1188 786 1237 812 οὐκ
1259 784 1369 815 εἰδότες.
1390 783 1422 810 Τί
1451 782 1516 817 γοῦν
1538 781 1661 816 εἴποιμεν
1685 781 1749 816 περὶ
1761 780 1818 807 τῶν

1030 833 1169 868 ἀμύστων,
1193 832 1250 858 ὅσοι
1269 831 1327 857 τὸν
1345 830 1412 856 Θεὸν
1437 830 1474 856 ὲκτ
1495 828 1549 855 τῶν
1569 827 1660 858 αὐτοῖς
1683 827 1816 861 ἐσχάτων,

1030 879 1150 915 δηλονότι
1166 878 1221 905 τῶν
1242 877 1353 912 ἀψύχων
1373 875 1443 902 ὺλῶν
1469 875 1515 901 καὶ
1546 873 1736 909 μορφωμὰτων
1763 881 1816 907 χα-

996 915 1017 943 Β
1032 925 1243 961 ρακτηρίζοιψι;
1260 923 1325 949 Δέον
1345 922 1388 949 ἐπ’
1399 920 1473 956 αὐτῷ
1494 920 1541 946 καὶ
1553 920 1642 946 πᾶσαν
1663 918 1719 944 τῶν
1731 917 1818 944 ὄντων

1030 970 1215 1005 καταφάσκειν
1231 968 1316 999 θέσιν,
1331 967 1368 999 ὡς
1384 968 1413 994 ἐν
1427 966 1466 1001 τῷ
1482 965 1552 999 Περὶ
1560 965 1648 992 θείων
1664 963 1818 998 ὀνομάτων·

1031 1016 1173 1050 ἐλέγομεν,
1187 1015 1229 1040 ὃτι
1255 1015 1287 1040 ὲκ
1300 1012 1410 1040 πάντων
1432 1011 1463 1039 τὺ
1490 1011 1566 1037 Θεῐον
1590 1008 1761 1045 ὀνομάζεται,
1779 1007 1817 1040 ὡς

1029 1061 1113 1093 αἴτιος
1144 1062 1177 1087 ὲκ
1209 1059 1263 1086 τῶν
1296 1058 1437 1085 αἰτιατῶν·
1469 1057 1517 1083 καὶ
1547 1057 1600 1083 πᾶν
1625 1055 1640 1081 ὃ
1664 1054 1819 1090 κατέφησεν

1029 1107 1208 1142 ἀποφάσκειν,
1240 1105 1278 1136 ὼς
1305 1105 1375 1140 ὑπὲρ
1403 1103 1437 1130 τὰ
1461 1103 1526 1130 ὄντα
1550 1102 1616 1129 ὄντι.
1648 1101 1685 1127 Οὐ
1709 1099 1764 1136 γὰρ
1787 1100 1818 1126 τὺ

1030 1153 1141 1188 ἀξίωμα
1156 1152 1205 1187 τῆς
1219 1151 1388 1186 ἀντιφάσεως
1415 1151 1503 1177 ἐκεῖσε
1521 1148 1611 1185 χώραν
1625 1148 1692 1183 ἔχει,
1715 1147 1754 1179 de;
1773 1148 1818 1173 sv.

1029 1199 1132 1226 ταῦθα·
1151 1197 1267 1225 ἐνταῦθα
1289 1196 1343 1232 γὰρ
1358 1196 1404 1223 ἐπὶ
1431 1195 1530 1226 παντὸς
1555 1195 1572 1229 ἡ
1597 1194 1751 1228 κατάφασις
1766 1193 1783 1228 ῆ
1800 1193 1817 1227 ὴ

1029 1245 1177 1278 ἀπόφασις,
1194 1243 1241 1270 καὶ
1256 1243 1281 1268 εἰ
1310 1242 1327 1277 ἠ
1355 1241 1507 1274 κατάφασις
1536 1239 1656 1274 ἀληθὴς,
1681 1238 1782 1273 ψευδὴς
1800 1239 1817 1272 ἡ

1029 1288 1207 1324 ἀπόφασις,ἢ
1232 1288 1262 1314 τὸ
1287 1287 1438 1314 ἀνάπαλιν·
1465 1287 1554 1312 ἐκεῖσε
1568 1285 1596 1312 δὲ
1620 1285 1667 1311 καὶ
1691 1285 1708 1319 ἡ
1733 1285 1821 1311 κατά-

1030 1343 1112 1370 φασις
1127 1335 1174 1361 καὶ
1205 1335 1221 1370 ἡ
1249 1333 1387 1366 ἀπόφασις
1419 1332 1526 1367 ἀληθεῖς
1542 1330 1609 1366 πρὸς
1621 1330 1670 1362 τὰς
1689 1338 1821 1365 προειρη-

1031 1381 1115 1416 μένας
1130 1380 1243 1411 ὲννοίας.
1277 1379 1352 1405 Ἐπεὶ
1364 1379 1392 1405 δὲ
1421 1378 1452 1404 τὸ
1477 1378 1552 1403 Θεῖον
1567 1376 1638 1412 ὑπὲρ
1666 1377 1756 1402 πᾶσαν
1772 1376 1820 1402 καὶ

1030 1426 1175 1461 ἀφαίρεσιν
1190 1424 1324 1451 καὶθέσιν
1342 1424 1410 1455 ἐστὶ,
1432 1423 1478 1449 καὶ
1498 1422 1567 1457 ὑπὲρ
1586 1421 1615 1447 τὺ
1636 1421 1672 1456 μὴ
1699 1421 1741 1452 ὃν,
1772 1421 1820 1446 καὶ

1030 1472 1100 1507 ὑπὲρ
1113 1471 1144 1498 τὸ
1157 1471 1197 1503 ὃν,
1222 1471 1268 1497 καὶ
1283 1470 1353 1506 ὑπὲρ
1379 1468 1488 1503 γνῶσιν,
1514 1468 1561 1494 καὶ
1577 1467 1647 1502 ὑπὲρ
1668 1467 1817 1501 ἀγνωσίαν,

1031 1516 1120 1552 πολλῷ
1143 1516 1223 1543 πλέον
1241 1516 1298 1542 ἐστὶ
1312 1515 1342 1541 τὸ
1357 1514 1426 1550 ὑπὲρ
1439 1513 1488 1545 τὰς
1505 1514 1643 1549 στερήσεις
1656 1513 1672 1548 ἢ
1687 1511 1758 1548 ὑπὲρ
1769 1513 1828 1544 τάςγ

1030 1562 1130 1594 θέσεις.
1154 1562 1182 1588 '0
1205 1560 1259 1596 γὰρ
1272 1560 1393 1596 ἀναιρῶν
1419 1559 1492 1585 θέσιν
1520 1558 1672 1594 ὡρισμένον
1689 1566 1716 1583 τι
1743 1558 1819 1584 ἀναι-

1030 1609 1081 1643 ρεῖ.
1095 1608 1141 1634 καὶ
1153 1607 1217 1638 ἴσως
1228 1608 1241 1633 ὁ
1259 1606 1323 1638 νοῦς
1336 1607 1379 1632 ἐπ’
1394 1605 1458 1632 ἄλλο
1471 1605 1663 1640 μεταπεσεῖται
1684 1602 1827 1638 οἰόμενοςν,

1029 1654 1090 1680 ἐπεὶ
1103 1653 1190 1679 ἐκεῖνο
1202 1653 1252 1679 οὐκ
1264 1650 1308 1688 ἦν,
1323 1651 1401 1678 τοῦτο
1413 1649 1493 1681 εἶναι,
1509 1649 1525 1685 ἢ
1542 1649 1644 1684 ἕτερον·
1662 1648 1713 1675 κᾶν
1729 1650 1818 1675 πάντα

1029 1699 1126 1733 ἀναιρῇ
1140 1707 1193 1730 τις,
1212 1697 1376 1732 καταντήσει
1392 1697 1432 1728 εἰς
1447 1696 1477 1722 τὸ
1496 1695 1605 1731 μηδαμῆ
1626 1694 1757 1730 μηδαμῶς
1768 1695 1798 1720 ὅν
1808 1703 1824 1709 ’-

1028 1745 1043 1771 ὁ
1063 1732 1099 1771 δὲν
1110 1732 1238 1779 στέρησιν
1252 1743 1371 1780 ἀναιρῶν
1386 1743 1432 1770 ἐπὶ
1445 1742 1559 1774 τούτοις,
1587 1732 1631 1776 ἐς)ς
1645 1739 1686 1772 οἷς
1699 1741 1749 1767 οὐκ
1761 1741 1818 1775 ἔχει

1027 1791 1043 1817 ὁ
1058 1790 1120 1821 νοῦς
1137 1789 1196 1823 ἕξιν
1210 1789 1336 1824 ἐννοῆσαί
1349 1797 1419 1820 τινα,
1436 1787 1544 1819 πάντως
1559 1787 1682 1813 ὑπονοεῖν
1697 1785 1817 1818 δίδωσιν,

1028 1837 1070 1863 ὅτι
1087 1836 1144 1862 ἐστι
1156 1844 1182 1862 τι
1197 1835 1387 1870 ἀκατάληπτον
1404 1832 1459 1860 οἷόν
1472 1842 1499 1860 τι
1524 1833 1604 1866 λέγω.
1637 1832 1704 1858 Ἰδοὺ
1732 1831 1818 1863 θέσις,

1029 1881 1070 1907 ὅτι
1087 1881 1158 1915 λέγω
1169 1880 1215 1907 ἐπὶ
1233 1880 1299 1907 Θεοῦ
1315 1880 1388 1915 φῶς”
1410 1880 1517 1914 ἀναιρεῖ
1543 1887 1585 1910 τις
1612 1877 1703 1909 τοῦτο,
1728 1877 1769 1904 ὅτι
1786 1877 1816 1903 οὐ

1030 1927 1099 1962 φῶς,
1133 1926 1240 1953 ὑπονοῶ
1263 1927 1304 1953 ὅτι
1327 1926 1390 1954 ἄλλο
1411 1935 1437 1952 τι
1461 1925 1536 1960 παρὰ
1558 1925 1589 1951 τὸ
1610 1924 1684 1958 φῶςο
1712 1923 1819 1958 ἀναιρεῖ

1029 1974 1148 2005 κάκεῖνο,
1164 1973 1209 1999 καὶ
1231 1974 1270 2005 εἰς
1283 1972 1347 1999 ἄλλο
1367 1971 1588 2008 μεταπεσοῦμαι·
1614 1970 1702 1996 ἀνεῖλε
1715 1970 1817 1998 πάντα,

1029 2018 1076 2045 καὶ
1098 2018 1128 2044 τὺ
1144 2017 1255 2053 μηδαμῆ
1287 2017 1417 2053 μηδαμῶς
1439 2016 1584 2051 ὑπενόησα.
1607 2015 1681 2042 me:
1696 2015 1744 2042 καὶ
1771 2015 1819 2041 ἐπὶ

1029 2064 1078 2098 τῆς
1104 2064 1268 2098 στερήσεως.
1307 2063 1371 2090 Ἰδοὺ
1395 2063 1468 2097 λέγει
1493 2062 1630 2097 στέρησιν,
1656 2061 1820 2096 ὃτιήάκρο-

1028 2110 1097 2145 τάτη
1111 2110 1215 2145 κορυφὴ
1232 2109 1370 2143 ἄγνωστός
1383 2110 1472 2135 ἐστιν·
1496 2108 1603 2142 ἀναιρεῖ
1627 2115 1668 2138 τις
1681 2106 1712 2132 τὸ
1727 2106 1818 2140 ἀγνω-

1030 2163 1101 2187 στον,
1114 2155 1163 2182 οὐκ
1177 2154 1231 2190 ἔχει
1255 2156 1270 2181 ὁ
1291 2153 1352 2186 νοῦς
1364 2153 1525 2190 ἑδρασθῆναι
1542 2154 1582 2180 ὅτι
1595 2153 1703 2188 γνωστή
1730 2152 1820 2187 (τοῦτο

1029 2200 1084 2236 γὰρ
1114 2202 1218 2232 κοιναῖς
1246 2201 1361 2232 ἐννοίαις
1391 2199 1614 2235 διωμολόγηται)·
1634 2199 1819 2234 ὲναπελείφθη

196 2235 315 2269 tionem,
351 2237 476 2271 quoniam
515 2244 636 2264 sumtnus
665 2242 758 2265 vertex
786 2237 895 2272 ignotus
921 2241 977 2264 est:

1029 2247 1134 2278 τοίνυν,
1157 2246 1194 2278 ῶς
1218 2247 1277 2273 ἐστι
1306 2254 1332 2272 τι
1360 2245 1396 2281 μὴ
1426 2245 1504 2280 μόνον
1527 2244 1598 2280 ὑπὲρ
1620 2244 1671 2279 τὴν
1704 2244 1817 2278 γνῶσιν,

195 2281 491 2317 negatquisignotum,
514 2290 566 2310 non
593 2287 684 2318 potest
708 2283 861 2311 intellectus
873 2285 976 2312 confir-

1029 2292 1095 2320 ἀλλά
1109 2293 1155 2319 καὶ
1180 2292 1404 2328 ὑπεράγνωστον·
1428 2291 1474 2318 καὶ
1497 2291 1617 2326 συνήχθη
1643 2290 1682 2325 τῷ
1706 2290 1766 2325 Θεῷ
1786 2291 1819 2317 ἐκ

195 2328 262 2355 mari
273 2329 344 2363 quod
355 2335 433 2357 notus
442 2331 477 2357 sit
491 2330 553 2365 (hoc
573 2330 645 2357 enim
665 2330 691 2358 in
714 2331 891 2365 conceptibus
902 2339 976 2359 cum-

1026 2337 1128 2364 τοὺτων
1143 2338 1172 2364 τὸ
1188 2338 1388 2373 ἀκατάληπτον.
1402 2336 1451 2362 Διά
1463 2335 1541 2362 τοῦτο
1554 2337 1600 2363 καὶ
1615 2337 1629 2363 ὁ
1645 2335 1736 2371 πατὴρ
1751 2344 1820 2371 προ-

196 2373 322 2401 munibus
344 2380 385 2402 est
405 2375 590 2410 manifestum)
610 2377 762 2412 concipitur
784 2377 876 2412 itaque
899 2378 976 2412 quasi

1029 2383 1171 2418 τιμότερον
1185 2383 1275 2418 τίθησι
1303 2383 1333 2409 τὺ
1359 2382 1428 2417 ὑπὲρ
1451 2381 1501 2413 τὰς
1523 2382 1664 2417 στερήσεις
1687 2381 1718 2408 τὸ
1740 2381 1819 2407 Θεῐον

194 2420 230 2446 sit
241 2419 351 2454 aliquid.
370 2421 441 2455 quod
453 2422 488 2449 sit
503 2430 556 2449 non
567 2422 653 2449 solum
667 2430 750 2457 supra
763 2423 912 2456 notionem,
929 2431 976 2451 ve-

1026 2425 1096 2455 εῐναι
1108 2429 1154 2456 καὶ
1171 2427 1308 2462 λέγεσθαι,
1322 2427 1338 2463 ἢ
1354 2427 1425 2462 ὑπὲρ
1438 2426 1487 2458 τὰς
1503 2426 1602 2458 θέσεις.

195 2471 254 2490 rum
283 2465 366 2492 etiam
395 2473 477 2500 supra
504 2467 717 2500 ignorationem;
757 2472 784 2494 et
803 2476 836 2495 ex
857 2468 899 2495 his
924 2468 977 2496 Deo
1003 2470 1312 2508 iucumprehensibilitas
1338 2472 1504 2499 attribuitur.
1529 2471 1633 2500 idcirco
1664 2473 1746 2500 etiam
1774 2473 1819 2500 hic

195 2509 275 2538 Pater
306 2517 432 2547 tanquam
459 2512 523 2547 quid
557 2514 728 2548 praestantius
755 2515 848 2549 ponit,
883 2516 967 2545 Deum
987 2527 1048 2549 esse
1080 2528 1113 2548 ac
1150 2520 1201 2548 dici
1229 2527 1310 2554 supra
1343 2519 1527 2554 privationes,
1552 2520 1593 2547 vel
1630 2528 1712 2555 supra
1744 2523 1819 2555 pusi-

195 2557 292 2585 tiones.

230 2607 244 2642 ς
264 2607 306 2634 ΙΙΙ.
325 2608 426 2636 Deinde
437 2609 610 2637 traditionem
621 2610 768 2645 quamdam
779 2619 832 2639 non
843 2613 976 2648 scriptam

195 2655 282 2680 sancti
302 2653 494 2683 Bartltolonnei
517 2655 632 2691 apostoli
657 2657 742 2691 ponit,
755 2658 881 2690 dicentis,
909 2660 977 2686 mul-

196 2703 250 2727 tam
262 2707 323 2727 esse
345 2701 508 2736 theologiam
520 2707 546 2729 et
558 2703 780 2736 perexiguam,ct
802 2704 975 2740 Evangelinm

195 2753 257 2773 esse
287 2746 369 2774 latum
392 2752 420 2774 et
445 2755 583 2783 magnum.
609 2747 750 2783 Reliquum
783 2751 908 2778 existimo
933 2751 976 2780 hic

197 2791 280 2828 etiam
297 2791 407 2819 silentio
420 2800 591 2827 suppressum
603 2795 763 2828 ;oportebat
773 2795 843 2822 enim
867 2796 911 2824 hic
927 2797 976 2824 ite-

198 2845 257 2864 rum
267 2839 359 2867 dicere
380 2831 523 2875 an‘gustum
546 2845 573 2867 et
594 2849 719 2876 parvum,
740 2846 762 2869 et
787 2843 906 2870 arbitror
925 2844 976 2871 hoc

200 2883 308 2911 silentio
324 2893 512 2920 suppressum,
539 2886 580 2914 vel
604 2887 638 2913 ab
659 2887 774 2922 ipsomct
797 2893 890 2915 sancto
911 2888 978 2915 Bar-

202 2929 354 2965 ‘boloutazo,
373 2934 481 2967 qtntndo
507 2941 566 2962 caui
583 2933 743 2962 sententiam
756 2934 924 2971 proferebat,
938 2935 979 2964 vel

1063 2613 1078 2649 ᾗ
1101 2613 1144 2641 Ill.
1174 2613 1253 2640 Μετά
1276 2612 1363 2640 ταῦτα
1395 2613 1442 2640 καὶ
1466 2613 1599 2648 ἀγράφων
1619 2612 1817 2648 παραδοθεῖσαν

1028 2660 1126 2695 χρῆσιν
1139 2658 1185 2685 τοῦ
1211 2659 1288 2693 ἁγίου
1315 2659 1462 2686 ἀποστόλου
1489 2657 1690 2694 Βαρθολομαίου
1713 2660 1814 2695 τίθησι,

1029 2705 1128 2740 πολλὴν
1151 2705 1197 2731 καὶ
1224 2704 1368 2740 ἐλαχίστην
1395 2704 1444 2740 τὴν
1469 2704 1606 2738 θεολογίαν
1617 2704 1749 2738 λέγοντος,
1767 2707 1817 2734 καὶ

1028 2751 1059 2777 τὸ
1081 2750 1244 2785 Εὑαγγέλιον
1260 2750 1346 2777 πλατὺ
1374 2751 1421 2776 καὶ
1435 2750 1514 2785 μέγα.
1536 2750 1590 2776 Καὶ
1613 2745 1700 2782 αὖθις,
1725 2749 1813 2786 οἶμαι,

1030 2798 1146 2826 ἐνταῦθα
1162 2798 1192 2824 τὸ
1223 2797 1315 2824 λεῖπον
1343 2797 1557 2832 παρεσιωπήθη’
1588 2796 1641 2823 ἔδει
1662 2798 1716 2833 γὰρ
1728 2800 1817 2827 εἰπεῖν

1031 2846 1078 2872 καὶ
1109 2842 1186 2876 αὖθις
1221 2844 1313 2871 στενὸν
1340 2844 1386 2870 καὶ
1407 2843 1520 2879 μικρὸν,
1553 2843 1599 2869 καὶ
1624 2841 1710 2878 οἶμαι,
1730 2853 1816 2880 παρε-

1033 2890 1167 2926 σιωπήθη,
1194 2890 1210 2925 ἦ
1238 2891 1284 2917 καὶ
1312 2890 1350 2926 τῷ
1375 2890 1446 2926 ἁγίῳ
1463 2888 1654 2925 Βαρθολομαίῳ
1677 2890 1748 2921 τότε,
1770 2892 1815 2918 ὅτε

1032 2936 1081 2973 τὴν
1095 2935 1172 2971 ῥῆσιν
1189 2934 1291 2970 ἔλεγεν,
1311 2935 1326 2970 ἢ
1349 2935 1448 2970 ἀρτίως
1475 2935 1513 2971 τῷ
1538 2934 1636 2969 πατρὶ,
1663 2935 1705 2962 διὰ
1722 2934 1752 2961 τὸ
1767 2935 1815 2962 τοῦ
