1929 3061
113 183 203 212 £031.

393 184 437 212 DE
454 185 606 214 M‘STICA
622 187 829 222 THEOLOGIA,
854 190 898 218 CA

954 192 970 220 Ι.
988 207 1022 213 -
1038 192 1212 223 PARAPHR.
1231 195 1468 225 PACHYMER‘E.

1610 176 1614 181 ’
1667 184 1751 228 im

111 243 280 278 πράγματος
295 243 474 279 ἀπεμφαῖνον.
502 245 565 278 Πῶς
579 245 634 281 γὰρ
655 247 747 274 στενὸν
766 247 798 274 τὸ
819 248 899 275 πᾶσα·

961 250 1042 278 modo
1056 251 1090 278 ab
1101 251 1152 280 hoc
1167 251 1249 280 Patre
1259 273 1267 286 .
1290 260 1403 289 propter
1418 255 1504 290 ipsius
1525 255 1564 284 rei
1576 248 1749 284 dissimilitu-

113 289 287 324 πγηνεῦσαν
311 289 360 324 τὴν
386 290 568 326 οίκουμένηνς
596 293 644 318 καὶ
670 291 731 324 πῶς
759 293 856 328 μικρὸν
879 293 910 320 τὸ

112 334 243 370 περιέχον
261 335 292 361 τὺ
310 335 383 371 μέγα
400 336 451 371 τῆς
471 337 612 369 εὐσεϐείας
638 340 804 375 μυστήριον;
825 339 910 367 Τοῦτο

109 379 179 414 γοῦν
199 380 317 412 ἐγένετο,
338 381 376 413 ὡς
402 379 490 417 οἶμαι,
518 382 714 411 διέύλάὁειαν.
744 385 792 411 Ἐν
809 393 864 411 τισι
880 385 909 411 δὲ

108 425 229 461 εὕρηται
247 426 278 453 τὸ
305 428 349 454 καὶ
367 425 444 460 αὖθις
461 430 688 464 συντετμημένον.
710 430 746 457 Τὸ
764 430 793 457 δὲ
810 431 909 467 προτέ-

111 478 170 506 ρως
189 471 275 499 κῶλον
297 474 311 499 ὁ
330 473 406 508 ἆγιος
425 472 607 510 ἐξηγούμενος
624 474 708 509 λέγει,
728 476 769 502 ὅτι
785 476 847 511 ὲμοῖ
864 476 908 502 δο-

108 517 166 548 κεῖ,
187 516 225 548 ὡς
242 518 331 544 ὲκεῖνο
348 519 479 555 ἐννοήσας
509 521 524 546 ὁ
542 519 613 552 θεῖος
637 520 805 553 Ἀπόστολος,
822 521 908 548 ταῦτα

108 560 272 596 ἐφθέγξατο,
289 564 330 590 ὅτι
358 565 374 600 ἡ
404 565 478 592 αίτία
497 565 616 598 πάντων,
636 566 683 592 καὶ
700 567 804 593 πολλῶν
819 568 906 595 δέεται

108 603 209 639 λόγων,
229 607 277 634 καὶ
293 607 390 643 ἄλογος
408 609 456 636 καὶ
474 609 659 645 βραχύλεκτός
679 612 762 638 ἐστιν·
783 612 843 639 οὐδὲ
852 613 907 649 γὰρ

107 650 190 686 λόγον
199 652 254 688 ἔχει
265 653 281 689 ἥ
292 654 384 690 νόησιν
400 657 608 692 παραστατικὴν
616 657 666 693 τῆς
674 657 777 690 οἰκείας
786 658 907 692 φύσεως..

106 697 148 725 Τὸ
166 698 195 725 δὲ
211 701 385 735 πολύλογος
399 702 655 738 προπαροξυτόνως,
666 705 837 739 πολυλότος
851 706 905 742 γὰρ

105 743 123 769 ὁ
143 742 229 770 πολλὰ
247 744 345 780 λέγων,
365 748 536 782 πολύλογος
554 748 582 775 δὲ
599 750 614 775 ὁ
632 748 736 776 πολλῶν
754 749 839 784 λόγων
849 750 905 777 δεό-

108 796 193 823 μενος
204 797 212 804 α
232 789 270 822 ὡς
288 792 475 826 πρωτότοκος
503 794 744 830 προπαροξυτόνως
761 796 776 822 ὁ
795 795 903 831 πρῶτος

106 833 230 869 τεχθείς·
260 838 447 871 πρωτοτόκος
468 838 497 865 δὲ
523 839 712 875 παροξυτόνως
745 841 763 876 ἠ
787 840 902 876 πρώτως

106 881 225 910 τεκοῦσα
243 883 320 919 γυνὴ,
338 883 376 916 ὡς
394 885 442 911 καὶ
453 885 575 921 Ὅμηρος
594 886 668 922 δηλοῖ
680 895 687 902 ⁸

963 296 1064 324 dinem.
1077 297 1220 331 Quomodo
1241 299 1312 327 enim
1333 307 1477 335 migustnm
1501 301 1546 333 sit.
1571 303 1643 337 quod
1661 308 1747 330 totum

960 342 1090 368 mundum
1113 343 1204 376 capit?
1227 348 1255 371 et
1280 346 1416 379 quomodo
1446 353 1558 379 parvum
1593 347 1639 377 id.
1676 347 1747 382 quod

960 395 1088 422 magnum
1117 389 1227 424 pietatis
1260 392 1420 426 mysterium
1452 393 1659 427 complectitur?
1693 393 1748 421 Hoc

960 433 1055 467 utique
1078 434 1180 461 factum
1195 440 1248 468 est.
1281 436 1321 463 uti
1343 441 1420 471 puto,
1444 443 1554 472 propter
1577 439 1746 474 religionem.

965 479 992 506 In
1021 480 1183 514 quibusdam
1211 489 1276 510 vero
1307 483 1406 511 iterum
1441 486 1576 519 reperitur
1595 487 1745 514 concismn.

957 523 1079 551 Priorem
1099 532 1190 553 autem
1215 527 1357 561 periodum
1386 527 1431 556 hic
1456 535 1568 557 sanctus
1596 531 1746 566 explicans.

957 567 1007 599 ait.
1023 574 1052 596 ut
1065 570 1130 597 mihi
1145 571 1262 603 videtur,
1286 573 1366 607 quasi
1390 573 1502 602 divinus
1522 575 1667 610 Apostolus
1683 577 1747 604 illud

957 615 1122 650 intelligens.
1144 617 1203 645 haec
1226 619 1344 652 dixerit;
1363 622 1493 655 quoniam
1514 623 1635 651 omnium
1661 631 1745 651 causa

955 662 1050 689 multis
1060 663 1142 690 ctiam
1165 664 1256 692 verbis
1275 673 1344 700 opus
1369 667 1460 699 habet,
1480 672 1507 694 et
1529 668 1605 695 nullo
1623 674 1649 696 et
1663 659 1748 697 ibrevr

954 708 1038 735 verbo
1051 709 1166 742 dicitur;
1189 715 1264 738 caret
1286 711 1358 738 enim
1379 713 1463 739 verlio
1484 717 1508 747 et
1527 719 1659 749 conceptu
1683 723 1747 750 pro-

953 754 1040 788 priam
1062 754 1122 788 ejus
1144 761 1272 784 naturain
1305 757 1465 792 explicaute
1492 758 1573 795 555
1599 760 1750 796 πολύλογος

953 805 1044 827 autem
1067 801 1199 829 scribitur
1224 811 1286 830 cum
1319 810 1434 832 accentu
1467 806 1493 832 in
1516 807 1750 841 antepenultima,

953 853 1015 874 nam
1034 846 1184 882 πολυλόγος
1215 857 1277 876 cum
1307 855 1424 878 accentu
1448 852 1474 878 in
1508 853 1675 888 peuultima,
1704 858 1746 882 est

951 893 1035 919 multa
1062 894 1163 927 dicem,
1191 895 1337 930 πολύλογος
1352 904 1417 924 vero
1445 899 1536 925 multis
1563 900 1647 930 verbis
1671 901 1743 927 indi-

104 932 193 960 gem:
221 927 294 955 sicut
316 929 399 956 etiam
431 931 603 966 πρωτότοκος
628 938 742 961 accentu
768 934 794 962 in
821 940 899 970 autep

954 937 1045 969 vitium.
1069 944 1112 966 est
1144 940 1193 974 qui
1215 927 1304 976 primo
1327 927 1459 978 paritur,
1487 940 1662 979 πρωτοτόκος
1681 953 1750 975 vero

105 972 134 1000 in
157 973 318 1008 penultima,
347 975 445 1003 mulier
464 983 524 1010 quae
546 978 634 1012 primo
656 979 740 1012 parit,
765 979 802 1006 uti
820 981 905 1007 etiam
917 980 1052 1010 Hoinerus
1063 972 1202 1013 declarat:

140 1032 331 1066 Πρωτοτόκος
351 1034 476 1068 Κινύρη,
492 1035 528 1061 οὐ
548 1035 620 1069 πρὶν
639 1035 736 1064 εἰδυῖα
755 1037 866 1064 τόκοιο.

141 1078 234 1107 Εἰπὼν
250 1077 307 1113 οὖν,
324 1081 365 1107 ὅτι
388 1081 450 1108 οὔτε
467 1082 545 1116 λόγον
561 1082 617 1118 ἔχει
634 1082 695 1110 οὕτε
712 1084 813 1120 νόησιν,
827 1085 910 1119 ἐπεξ-

103 1125 257 1161 ηγούμενος
269 1144 275 1147 γ
285 1126 369 1161 λέγει,
385 1127 415 1154 οὐ
429 1127 474 1154 διὰ
489 1129 520 1155 τὸ
536 1129 649 1164 μηδαμῆ
670 1129 803 1165 μηδαμῶς
825 1129 904 1163 εἶναι,

105 1171 176 1199 ἀλλά
191 1172 236 1199 διὰ
258 1172 288 1199 τὸ
306 1174 546 1209 ὑπερεκτείνεσθαι
565 1175 744 1211 ὐπερουσίως,
757 1176 803 1202 καὶ
816 1177 907 1211 μόνοις

104 1219 283 1253 ἐκφαίνεσθαι
298 1221 354 1252 τοῖς
370 1220 553 1247 διαϐαίνουσιν
570 1222 667 1257 ὲπίσης
683 1223 729 1249 καὶ
744 1222 778 1249 τὰ
796 1224 906 1259 μυσαρά

103 1264 195 1292 καὶτὰ
206 1265 325 1302 καθαρά,
333 1267 379 1293 καὶ
390 1267 583 1302 ὑπερϐαίνουσι
598 1269 687 1294 πᾶσαν
696 1269 845 1305 ἀκρότητα,
854 1270 905 1296 καὶ

103 1311 322 1347 ἀπολιμπάνουσι
338 1313 386 1339 καὶ
399 1313 488 1340 πάντα
500 1313 586 1348 φῶτα,
596 1314 718 1349 δηλονότι
732 1316 821 1342 πᾶσαν
834 1316 902 1350 γνῶ-

104 1365 158 1388 σιν,
171 1357 218 1384 καὶ
235 1357 340 1390 πάντας
355 1359 438 1393 ἤχους
454 1359 501 1385 καὶ
519 1359 626 1394 λόγους,
643 1360 762 1396 δηλονότι
778 1364 812 1388 τά
835 1363 903 1399 περὶ

103 1401 171 1429 Θεοῦ
189 1403 218 1429 ὲν
239 1405 300 1435 ταῖς
316 1404 437 1439 Γραφαίς
453 1405 594 1440 εἰρημένα.
614 1406 762 1442 Οὐρανίους
782 1407 811 1434 δὲ
827 1407 900 1442 λέγει

102 1447 214 1480 τούτους
225 1448 262 1480 ὼς
274 1448 310 1484 μὴ
323 1449 394 1476 κατὰ
421 1450 471 1485 τὴν
487 1450 660 1488 ἀνθρωπίνην
676 1452 723 1479 καὶ
733 1453 832 1490 γηῖνην
848 1454 905 1480 ἐπί-

102 1501 189 1526 νοιαν,
208 1494 275 1521 ἀλλὰ
291 1495 362 1522 κατὰ
379 1495 454 1523 θείαν
470 1497 613 1524 ἐπίπνοιαν
630 1498 675 1525 καὶ
692 1498 845 1534 λεχθέντας,
855 1501 902 1527 καὶ

105 1540 320 1576 παραδοθέντας,
339 1542 386 1568 καὶ
412 1543 601 1578 εἰσδυομένους
626 1545 666 1576 εἰς
688 1545 732 1571 τὸν
757 1545 828 1572 οεῖον
852 1546 902 1582 τῆς

102 1587 239 1622 ἀγνωσίας
257 1588 369 1623 γνόφον,
388 1585 419 1616 οὗ
437 1589 510 1615 ἐστιν
521 1590 535 1616 ὁ
552 1589 662 1617 πάντων
677 1591 813 1618 ἐπέκεινα.
831 1592 901 1626 Ὅρα

102 1632 140 1665 δὲ,
160 1632 217 1665 πῶς
240 1631 300 1659 εἷπε
310 1642 317 1649 ο
340 1635 396 1666 τοῖς
416 1633 583 1662 διαϐαίνουσι
597 1635 644 1661 καὶ
659 1635 693 1661 τὰ
707 1635 791 1670 ἐναγῆ
804 1637 850 1663 καὶ
867 1636 901 1663 τὰ

102 1678 224 1714 καθαρὰ,
241 1679 282 1705 ὃτι
302 1679 349 1706 καὶ
369 1679 405 1706 τά
423 1680 544 1716 ἡμέτερα
558 1680 666 1717 καθαρὰ
681 1682 749 1716 πρὸς
761 1681 811 1717 τὴν
824 1682 898 1709 θείαν

102 1725 211 1760 ἐκείνην
229 1725 462 1762 παραϐαλλόμενα
477 1727 667 1763 καθαρότητα,
681 1729 763 1764 ἐναγῆ
781 1729 901 1764 λογίζον-

105 1778 161 1803 ται,
183 1771 254 1797 κατὰ
269 1771 302 1798 τὺ
325 1771 469 1806 εἰρημένον
479 1779 486 1786 ·
497 1771 584 1799 Πᾶσα
602 1772 777 1808 δικαιοσύνη
791 1773 902 1808 ἀνθρώ-

101 1822 176 1849 που,
203 1818 243 1850 ὡς
270 1817 366 1851 ῥάκος
385 1818 626 1853 ἀποκαθημένης,
650 1821 684 1855 τῇ
706 1819 766 1856 θείᾳ
794 1821 902 1853 πάντως

102 1863 257 1899 δικαιοσύνῃ
283 1863 529 1900 παραὸαλλομένη,
545 1861 579 1900 ἦς
604 1865 654 1891 οὐκ
677 1865 750 1892 ἐστιν
774 1866 900 1902 ἀριθμός.

103 1911 175 1945 ὐρα
198 1909 227 1935 δὲ
253 1910 299 1936 καὶ
314 1909 354 1941 τὸ,
371 1910 464 1936 Πᾶσαν
477 1909 616 1945 ἀκρότητα
633 1911 785 1947 ὑπερϐῆναι
801 1914 848 1940 καὶ
863 1914 903 1940 αἰ·

103 1955 207 1991 σθητῶν
224 1956 270 1982 καὶ
293 1955 396 1992 νοητῶν
413 1955 450 1992 μὴ
468 1956 548 1992 μόνον
571 1957 671 1984 ὡσανεὶ
693 1959 764 1986 αὐτὰ
780 1959 815 1987 τὰ
831 1961 898 1996 πρά-

102 2010 204 2037 γματα,
220 2001 288 2029 ἀλλὰ
308 2003 356 2029 καὶ
371 2002 420 2038 τὴν
435 2003 537 2030 τούτων
560 2003 708 2039 ἀκρότητα.
733 2005 900 2042 Ἀκρὸτητας

102 2047 156 2082 γὰρ
171 2047 284 2074 ἐκάλουν
301 2048 326 2073 οἱ
338 2048 447 2074 παλαιοὶ
461 2049 580 2084 ἑκάστης
591 2049 685 2082 οὐσίας
696 2051 726 2077 τὸ
737 2051 894 2088 καθαρώτα-

101 2101 156 2125 τον,
170 2092 200 2125 ἐξ
215 2090 245 2120 οὗ
262 2093 380 2129 ἤρτηται
407 2092 560 2129 προσεχῶς,
586 2094 725 2122 τουτέστιν
747 2097 895 2132 ἐχομένως,

102 2140 218 2175 ἡούσία.
246 2140 290 2171 Ὡς
316 2139 406 2174 ψυχῆς
422 2140 541 2176 ἀκρότης
562 2140 576 2166 ὁ
601 2140 675 2173 νοῦς’
695 2142 741 2168 καὶ
763 2142 863 2178 ἔρωτος
885 2143 900 2170 ὸ

101 2185 154 2212 τῶν
170 2185 380 2221 ἀναϐεϐηκότων
394 2186 525 2221 διάπυρος
536 2186 620 2221 πόθῳ·
633 2187 679 2213 καὶ
690 2188 739 2223 τῆς
755 2189 816 2214 καθ’
827 2190 900 2224 ἡμᾶς

104 2231 242 2268 ἰεραρχίας
263 2231 294 2258 τὸ
310 2232 394 2267 ἐγγὺς
412 2234 549 2259 συντεῖνον
566 2232 672 2265 άῠλίας.
696 2234 739 2266 Ὠς
756 2235 836 2261 πάλιν
853 2236 899 2262 ἐπὶ

102 2277 155 2303 τῶν
171 2276 318 2312 αἰσθητῶν,
337 2277 423 2313 πυρὸς
439 2278 470 2304 τὸ
485 2277 685 2314 λαμπρότατον,
698 2280 745 2306 καὶ
762 2280 855 2312 ὕδατος
868 2281 899 2308 τὸ

104 2323 229 2358 ἀχνῶδες,
247 2325 295 2351 καὶ
329 2324 363 2351 τά
395 2323 478 2351 λοιπὰ
500 2324 648 2359 ἀναλόγως.
675 2326 899 2362 Παρακελεύεται

917 1030 938 1058 Β
993 1029 1072 1057 Nunc
1090 1033 1204 1065 primum
1223 1033 1328 1067 pariens
1340 1031 1447 1069 Cinyre.
1460 1035 1534 1070 prius
1547 1037 1629 1063 inscia
1641 1042 1743 1069 partus.

990 1078 1057 1106 Cum
1074 1078 1167 1114 itaque
1182 1080 1311 1113 dixisset.
1328 1083 1402 1117 quod
1417 1090 1506 1117 neque
1523 1091 1676 1111 sermonem
1697 1085 1746 1112 Im-

956 1125 1033 1153 ὕει-ει
1067 1134 1155 1160 neque
1182 1131 1358 1162 conceptum.
1387 1129 1412 1156 id
1443 1130 1584 1164 explicans
1606 1130 1655 1163 ait,
1691 1140 1749 1159 non

955 1172 1032 1206 quasi
1063 1172 1138 1199 nullo
1155 1173 1235 1200 modo
1249 1174 1294 1206 sit,
1310 1175 1357 1202 scd
1375 1175 1447 1209 quod
1476 1176 1745 1209 supraessentialiter

955 1218 1082 1245 omnibus
1101 1219 1257 1250 antecellat.
1269 1226 1296 1247 et
1314 1220 1380 1248 solis
1401 1221 1433 1248 iis
1447 1227 1588 1256 appareat.
1605 1230 1664 1255 qua
1678 1231 1750 1250 cun-

954 1269 1011 1296 ctu.
1024 1272 1085 1298 quae
1099 1265 1219 1300 impura,
1237 1274 1353 1301 quisque
1371 1274 1436 1301 pura
1453 1271 1525 1297 sunt.
1542 1273 1742 1302 pet-transeunt,

954 1315 982 1337 et
1006 1311 1052 1345 qui
1082 1319 1192 1339 omnem
1221 1313 1352 1340 verticem
1371 1314 1578 1344 transcendunt.
1600 1315 1746 1349 omniaque

954 1356 1069 1389 lumina.
1087 1358 1112 1385 id
1130 1363 1172 1385 est
1189 1366 1297 1385 onmem
1325 1358 1477 1390 notionem.
1495 1367 1644 1393 omnesque
1661 1367 1747 1388 sonas

953 1410 986 1430 ac
1000 1411 1152 1437 sermones,
1170 1411 1265 1430 eorntn
1293 1404 1421 1431 videlicet
1436 1413 1495 1438 qua:
1511 1405 1544 1432 de
1558 1405 1611 1432 Deo
1629 1405 1745 1435 inSori-

954 1450 1042 1484 pluris
1076 1449 1147 1476 dicta
1180 1454 1254 1482 sunt,
1280 1449 1449 1484 relinquunt.
1471 1450 1555 1478 Vocat
1581 1459 1671 1479 autem
1694 1452 1748 1480 hoe

953 1495 1090 1524 caelestes.
1103 1499 1234 1529 tanquam
1250 1503 1304 1522 non
1320 1497 1467 1527 secundum
1492 1497 1638 1524 humanam
1656 1502 1747 1525 terre—

953 1549 1070 1575 numque
1081 1541 1300 1576 intelligentiam,
1315 1542 1361 1569 sed
1373 1543 1520 1569 secundum
1532 1543 1650 1569 divinum
1665 1543 1746 1578 inspi-

953 1588 1098 1618 rationetu.
1114 1593 1141 1614 el.
1165 1588 1253 1616 dictos
1270 1593 1297 1615 et
1322 1588 1436 1615 traditos
1457 1593 1483 1615 ct
1503 1589 1593 1615 dhina
1613 1589 1656 1616 illa
1672 1590 1746 1624 igno-

951 1635 1065 1661 rationis
1086 1634 1204 1669 caligine
1226 1634 1379 1668 involutos,
1396 1635 1441 1661 ubi
1457 1639 1498 1661 est
1515 1636 1537 1662 is
1554 1635 1600 1670 qui
1619 1636 1746 1663 omnibus

952 1681 1077 1714 superior
1092 1681 1214 1708 exsistit.
1227 1680 1349 1708 Observa
1364 1688 1440 1713 vero,
1458 1682 1597 1715 quomodo
1611 1682 1692 1709 dixit:
1709 1681 1745 1710 lis

953 1728 999 1762 qui
1019 1732 1071 1754 tam
1089 1728 1193 1761 impura
1204 1735 1286 1762 quam
1302 1735 1368 1762 pura
1385 1732 1598 1761 perlranseunt;
1615 1729 1744 1763 quoniam

954 1774 999 1800 illa
1015 1774 1097 1800 etiam
1111 1781 1170 1808 qua»:
1187 1773 1257 1808 apud
1273 1781 1322 1800 nos
1349 1780 1416 1808 pura
1435 1778 1509 1806 sunt,
1522 1781 1583 1800 cum
1597 1774 1687 1801 divina
1700 1774 1745 1802 iila

953 1821 1072 1855 puritate
1096 1825 1264 1854 comparata.
1297 1819 1436 1847 immunda
1467 1824 1639 1855 reputantur.
1665 1819 1746 1855 juxta

952 1866 1025 1900 quod
1050 1866 1154 1892 dictum
1183 1870 1251 1894 est:
1284 1864 1378 1892 Omnis
1398 1866 1506 1900 justitia
1529 1866 1641 1892 hominis
1667 1866 1744 1900 quasi

952 1919 1056 1945 ptumus
1090 1916 1261 1938 utetirtrualw
1277 1914 1301 1943 ο,
1331 1919 1392 1938 cum
1411 1911 1504 1938 divina
1529 1911 1641 1938 omnino
1664 1911 1746 1943 justi-

954 1958 990 1984 tia
1017 1962 1186 1992 comparata,
1207 1957 1286 1990 cujus
1318 1965 1372 1984 non
1394 1962 1436 1984 est
1467 1965 1598 1984 numerus
1623 1957 1743 1984 Observa

952 2004 1016 2031 item
1041 2003 1106 2030 illud
1127 2010 1134 2030 :
1160 2003 1211 2036 Qui
1238 2011 1345 2030 onmem
1375 2004 1503 2031 verticem
1528 2005 1742 2036 transcendunt.

952 2059 1014 2078 cum
1029 2050 1179 2080 seusilium,
1195 2055 1249 2076 tum
1263 2048 1474 2081 intellectilinm,
1491 2058 1543 2076 nun
1572 2050 1659 2077 solum
1675 2057 1744 2084 quo-

952 2095 1096 2122 dammodo
1108 2103 1149 2122 res
1162 2095 1248 2130 ipsas.
1257 2102 1351 2122 verum
1364 2095 1446 2122 etiam
1457 2103 1550 2122 earnm
1562 2095 1742 2123 summitates.

952 2140 1129 2168 Sutntnitatcs
1137 2141 1209 2168 enim
1220 2146 1323 2168 veteres
1330 2140 1502 2175 appellabunt
1512 2141 1536 2168 id
1544 2142 1614 2176 quod
1626 2141 1651 2167 in
1661 2142 1745 2175 quali-

951 2188 996 2215 bet
1007 2187 1126 2214 essrntia
1143 2187 1316 2221 purissimum
1329 2187 1448 2220 exsistit,
1464 2195 1496 2214 ex
1510 2195 1564 2221 quo
1575 2187 1684 2215 assidue
1695 2196 1743 2215 seu

952 2234 1124 2261 ronlinenler
1140 2233 1258 2260 essentia
1278 2234 1439 2268 dependeat.
1451 2233 1497 2261 Sic
1522 2234 1620 2261 animae
1649 2240 1743 2261 vertex

952 2289 1000 2309 seu
1015 2281 1158 2308 summitas
1175 2285 1216 2308 est
1233 2288 1318 2312 meus,
1331 2284 1360 2307 et
1375 2280 1487 2313 amoris,
1501 2281 1548 2315 qui
1561 2288 1742 2315 supernorum

953 2327 1092 2354 desiderio
1115 2327 1310 2360 succenditur;
1337 2330 1366 2353 et
1385 2330 1487 2353 nostra:
1517 2326 1689 2358 hierarcltiue,
1718 2326 1743 2352 id

102 2369 244 2403 τοιγαροῦν
260 2371 274 2396 ὸ
289 2370 368 2404 λόγος
392 2371 439 2397 καὶ
455 2370 546 2397 αὐτῶν
563 2371 618 2397 τῶν
634 2372 719 2406 ἁγίων
740 2372 899 2409 ἀκροτήτων

954 2374 1024 2407 quod
1053 2373 1176 2409 proxime
1193 2374 1310 2401 intendit
1331 2373 1600 2400 immaterialitatem.
1616 2374 1661 2400 Sic
1683 2380 1745 2400 rur-

103 2417 151 2452 τὴν
172 2416 304 2443 ἀνάϐασιν
334 2417 496 2453 ὑπερϐῆναι,
514 2418 560 2444 καὶ
580 2417 651 2444 οὓτω
672 2419 833 2446 καταλαϐεῖν
849 2420 894 2447 τὸν

102 2463 182 2489 τόπον
197 2464 227 2489 ὲν
245 2460 268 2497 ᾧ
283 2464 297 2490 ὁ
313 2463 390 2496 Θεὸς,
406 2464 420 2489 ὃ
443 2465 491 2491 καὶ
507 2465 553 2491 ἐπὶ
569 2465 709 2498 Μωῦσέως
725 2466 831 2500 γέγονε.
843 2467 896 2502 Ση-

106 2509 214 2545 μείωσαι
231 2509 280 2545 τὴν
291 2509 368 2541 τάξιν
380 2509 433 2536 τῶν
444 2510 624 2538 τελεσθέντων
640 2512 686 2538 ἐπὶ
702 2513 816 2548 Μωῡσῇ,
831 2513 896 2549 πρὶν

104 2554 248 2590 ἀξιωθῆναι
265 2556 306 2587 εἰς
335 2556 381 2582 τὸν
405 2556 506 2592 γνόφον
537 2558 677 2586 εἰσελθεῖν.
704 2559 816 2595 Πρῶτον
841 2559 896 2595 γὰρ

105 2602 289 2638 ἀπκαθάρθη,
306 2603 353 2629 καὶ
369 2602 440 2630 οὕτω
455 2604 509 2631 τῶν
524 2604 612 2632 ἄλλων
627 2605 782 2641 ἀφωρίσθη.
797 2605 865 2632 Μεθ’
882 2606 897 2632 ὃ

105 2647 156 2683 γὰρ
178 2646 247 2682 μετὰ
262 2646 316 2673 τῶν
347 2647 435 2674 ἄλλων
457 2648 511 2675 τῶν
544 2649 702 2684 σαλπίγγων
719 2651 832 2686 ἀκήκοε,
850 2651 896 2678 καὶ

105 2692 136 2719 τὰ
156 2692 213 2719 θεῖα
237 2692 314 2728 φῶτα
333 2694 469 2726 κατεῖδεν,
487 2695 655 2731 ἀφορίζεται,
672 2697 719 2723 καὶ
745 2696 815 2732 μετὰ
843 2697 897 2724 τῶν

106 2738 195 2774 ιερέων
210 2738 330 2765 ἵσταται·
346 2740 393 2766 καὶ
410 2741 449 2772 εἰς
465 2741 510 2767 τὸν
532 2741 602 2768 θεῖον
622 2742 720 2777 γνόφον
736 2743 836 2775 εἰσδὺς,
852 2743 897 2770 τὸν

105 2785 164 2812 Θεὸν
175 2786 223 2820 μὲν
234 2785 283 2820 οὐχ
296 2786 357 2822 ὁρᾷ,
370 2786 455 2821 (Θεὸν
462 2787 517 2824 γὰρ
526 2788 625 2821 οὐδεὶς
633 2788 742 2822 ἑώρακε
756 2788 895 2823 πώποτε),

105 2831 146 2858 τὸν
161 2831 241 2858 τόπον
254 2831 283 2858 δὲ
296 2831 325 2858 ἐν
340 2828 362 2866 ᾦ
375 2831 450 2869 ἔστη·
469 2832 498 2866 ἐξ
512 2829 542 2861 οὗ
559 2834 696 2870 δηλοῦται,
706 2835 739 2862 τὰ
753 2835 807 2863 τῶν
822 2844 896 2863 vocu-

143 2925 156 2939 ⁸
171 2921 233 2949 lsai.
250 2929 325 2955 utr.
340 2921 369 2950 6.

951 2428 1011 2449 sum
1028 2420 1054 2446 in
1069 2418 1225 2450 sensilibus.
1252 2419 1332 2454 ignis.
1351 2419 1376 2445 id
1392 2419 1463 2453 quod
1482 2418 1697 2450 lucidissimum;
1717 2423 1744 2445 et

949 2474 1037 2501 aqua.
1055 2465 1080 2492 id
1097 2465 1170 2499 quod
1193 2464 1384 2491 tenuiSsimum
1406 2468 1458 2497 est,
1474 2469 1502 2490 et
1515 2468 1615 2491 caetera
1632 2471 1745 2498 propor-

951 2513 1024 2540 tione
1049 2519 1109 2538 suu.
1127 2510 1261 2537 Hortatur
1282 2509 1376 2544 itaque
1397 2509 1441 2536 hic
1464 2516 1565 2542 sermo,
1584 2512 1742 2535 sanctorum

949 2565 1058 2592 quoque
1084 2556 1215 2583 verticum
1230 2562 1375 2582 ascensum
1398 2562 1540 2589 superare.
1554 2559 1581 2580 et
1597 2553 1638 2581 sic
1654 2553 1743 2580 locum

952 2603 1158 2639 apprehendere
1169 2603 1194 2629 in
1209 2610 1263 2636 quo
1279 2607 1320 2628 est
1333 2601 1413 2633 Deus.
1431 2601 1456 2628 id
1472 2601 1543 2635 quod
1559 2601 1642 2627 etiam
1656 2599 1744 2635 Moysi

950 2649 1059 2676 aet-idit.
1090 2647 1159 2675 Nota
1190 2648 1312 2674 ordinem
1347 2655 1441 2674 eorum
1473 2655 1533 2682 quae
1557 2646 1644 2682 Moysi
1674 2654 1740 2673 con—

951 2696 1081 2730 tigerunt.
1101 2694 1258 2729 priusquam
1292 2693 1391 2728 dignus
1420 2698 1461 2720 est
1489 2693 1596 2720 habitus
1622 2694 1647 2719 in
1672 2692 1742 2720 cali-

949 2742 1040 2776 ginem
1065 2741 1179 2776 iugredi.
1203 2741 1323 2768 Primum
1348 2741 1420 2767 enim
1447 2741 1572 2775 expiatus
1588 2739 1686 2771 l'nil.ct
1703 2739 1742 2767 sic

948 2791 983 2817 ab
1007 2789 1069 2816 aliis
1086 2793 1258 2822 segregatus.
1275 2787 1357 2824 556
1373 2787 1424 2815 Ubi
1442 2788 1513 2815 enim
1535 2794 1587 2814 nna
1601 2795 1660 2812 cum
1679 2786 1740 2814 aliis

950 2837 1029 2864 tubas
1051 2835 1209 2869 audivisset.
1225 2840 1254 2863 et
1269 2834 1362 2863 divina
1376 2833 1477 2862 lumina
1501 2833 1631 2867 vidisset,
1646 2839 1741 2868 segre-
