1929 3061
181 189 253 218 ιοεδ

754 183 784 212 S.
802 181 881 211 ΒΙοΝ
889 187 902 209 ὶ
909 180 951 210 Sll
968 177 1200 209 AREODlGlTZE

1734 179 1808 207 1024

181 253 272 282 ga‘ur,
292 250 319 274 et
333 253 395 274 cum
408 244 596 274 sacerdotibus
609 243 802 276 constituitur;
818 246 845 269 et
857 241 884 269 in
899 239 966 268 divi-

1020 238 1107 274 μένων
1131 237 1178 264 καὶ
1201 236 1349 273 ὁρωμένων
1372 235 1512 272 ἀκρότατα
1533 235 1711 267 ὗτιοθετικοὺς
1729 242 1810 266 τινας

182 300 245 321 Itum
267 292 411 328 caliginem
427 292 580 321 immersus.
596 290 679 317 Deum
695 289 803 323 quidem
821 295 874 315 non
894 287 969 314 videt

183 339 278 373 (Deum
298 338 371 366 enim
397 346 473 366 nmo
493 338 556 366 uidit
579 345 694 371 unquam
705 336 752 371 °').
768 335 815 363 sed
831 335 918 361 locum
940 333 967 360 in

183 392 237 419 quo
252 389 380 415 steterat;
402 385 473 412 unde
485 383 662 418 signiﬁcatur,
678 390 771 410 eorum
790 389 851 416 quae
867 381 968 408 intelli-

183 437 284 466 guntur
299 435 327 458 et
340 431 465 458 videntur
480 431 660 461 summitates.
677 437 738 457 esse
753 429 873 456 rationes
888 435 969 463 quas-

184 479 245 505 dam
262 478 448 514 luypotlieticas
465 486 557 505 eorum
578 485 638 511 qua:
667 477 691 504 iu
714 477 768 504 Deo
786 481 859 504 sunt.
877 475 969 511 Hypo-

183 525 295 551 tlieticas
308 531 374 551 vero
393 524 510 551 rationes
524 529 655 551 vncateas
669 530 728 557 qua:
743 530 786 550 res
801 522 967 554 describunt,

182 575 208 596 et
227 571 303 604 quasi
320 570 542 604 contemplandas
562 571 692 604 praebent,
705 577 773 604 quas
789 570 826 596 ait
840 577 900 596 esse
914 569 969 596 Deo

182 615 328 648 subjectas,
346 615 371 642 id
387 620 429 642 est
453 615 565 650 intelligi
592 616 680 642 inesse
704 615 768 650 ipsi:
786 622 819 642 ex
839 614 871 642 iis
895 615 968 642 enim

181 661 319 694 docemur,
338 662 424 696 ipsum
452 661 534 689 rebus
559 662 686 688 omnibus
710 669 770 688 esse
795 666 967 696 praesentem,

183 715 235 734 nou
262 708 439 740 transeundo,
457 709 504 735 sed
534 707 710 742 providendo.
737 708 879 742 Spiritales
902 714 969 734 vero

182 754 298 781 vertices
325 760 404 782 vocat
428 754 556 782 caelesles
580 759 607 781 et
633 754 807 782 intellectiles
833 754 969 781 essentias

182 807 242 832 qua:
267 799 339 827 circa
355 799 438 827 Deum
457 804 531 830 sunt.
551 807 621 835 quias
642 806 670 827 et
688 800 761 827 locos
782 800 968 828 sanctissimos

182 845 339 880 appellavit,
354 846 454 881 quibus
476 846 672 880 supereminet,
689 851 717 874 et
734 854 748 873 a
763 846 863 881 quibus
887 844 967 872 abso-

182 891 323 926 lulus_esl,
340 894 489 921 secundum
504 893 572 920 nihil
587 895 698 920 omnino
712 893 778 928 ipsis
791 892 967 920 assimilutus.

179 939 288 976 Moyses
298 940 388 974 itaque
399 940 597 973 contemplatus
608 940 697 967 locum
710 940 753 967 ubi
764 939 836 967 Deus
843 945 965 974 steterat,

178 992 295 1021 nutuque
320 987 354 1014 ab
379 987 410 1014 iis
436 995 496 1022 qua:
518 987 645 1014 videntur
668 986 819 1020 absolutus,
834 987 859 1014 id
873 991 915 1014 est
934 987 969 1015 ab

177 1033 306 1060 omnibus
319 1033 463 1061 sensilibus
476 1039 503 1060 et
518 1033 738 1069 aspectabilibus,
749 1034 774 1061 id
788 1039 828 1062 est
842 1035 970 1062 omnibus

183 1079 373 1114 rationalibus,
380 1080 714 1116 intellectilibus,inquam,
722 1085 750 1108 et
759 1081 971 1117 intelligentibus

181 1127 320 1161 esseuliis,
343 1132 371 1154 ct
396 1135 457 1154 cum
485 1127 528 1154 his
550 1128 633 1154 etiam
653 1127 687 1154 ab
707 1127 849 1154 animabus
868 1128 970 1156 nostris

183 1173 328 1205 liberatus,
344 1178 435 1207 postea
453 1173 478 1199 in
502 1172 647 1207 caliginem
675 1173 814 1207 ingressus
841 1177 891 1206 est,
916 1173 967 1201 hoc

183 1222 236 1250 est,
251 1219 276 1245 in
293 1218 338 1246 Dei
357 1217 568 1253 ignorationem;
586 1218 630 1244 ubi
645 1224 707 1245 cum
729 1217 818 1245 omnis
837 1219 970 1253 cognitio-

184 1264 227 1290 nis
251 1263 372 1291 subsidia
394 1263 565 1294 exclusisset,
588 1263 638 1290 fuit
654 1263 680 1290 iu
705 1264 819 1291 obscura
831 1264 853 1280 ⁸¹
869 1269 969 1297 mente,

183 1315 243 1342 qua;
259 1308 343 1335 videri
368 1308 471 1342 nequit,
500 1308 558 1339 Dei,
575 1315 658 1343 supra
681 1315 777 1335 omnes
802 1308 969 1343 intelligendi

184 1354 326 1382 facultates
341 1355 496 1385 constituti.
510 1353 611 1389 talique
627 1355 706 1382 modo
719 1353 881 1389 coniunctus
894 1355 971 1390 igno—

186 1400 284 1428 ratioui
302 1406 329 1427 et
344 1401 502 1428 cessatioui.
521 1401 579 1429 Non
596 1401 657 1428 dico
673 1401 789 1436 propria:
808 1402 906 1429 utentis
917 1402 971 1429 cir-

183 1454 218 1474 ca
242 1447 328 1482 ipsum
346 1447 503 1480 cessatioui,
522 1455 609 1482 neque
629 1453 711 1476 etiam
741 1449 852 1476 alterius
880 1456 970 1476 cessa—

186 1495 270 1527 Iioni,
299 1503 350 1523 nec
379 1495 515 1530 seipsum,
541 1503 591 1523 nec
620 1497 766 1531 quidquam
783 1497 854 1524 aliud
869 1497 971 1525 intelli—

185 1543 274 1576 gendo
289 1542 352 1577 (lioc
367 1542 438 1570 enim
455 1550 559 1569 merutn
576 1543 661 1570 otium
678 1545 878 1579 stupiditasque
894 1552 971 1571 meu-

1018 282 1088 311 εἶναι
1104 284 1200 318 λόγους
1217 283 1272 309 τῶν
1293 281 1333 318 τῷ
1345 281 1405 317 Θεῷ
1423 282 1587 318 προσόντων.
1611 281 1810 313 Ὑποθετικοὺς

1018 329 1047 356 δέ
1064 337 1129 364 φησι
1143 329 1206 360 τοὺς
1225 328 1439 363 ὑπογραφικοὺς,
1455 327 1538 363 ἦγουν
1553 327 1737 363 θεωρητικοὺς
1751 327 1809 353 τῶν

1017 374 1112 406 ὄντων,
1124 373 1195 409 ἅπερ
1206 373 1412 408 ὑποὸεὸλημένα
1425 372 1464 408 τῷ
1479 372 1538 408 Θεῷ
1555 372 1606 408 εφη
1621 370 1701 403 εἶναι,
1712 372 1810 408 δηλον-

1017 421 1059 447 ότι
1079 421 1218 456 προσεῖναι
1242 419 1383 454 νοούμενα·
1402 418 1433 451 ὲξ
1453 418 1542 446 αὐτῶν
1565 418 1631 454 γὰρ,
1661 420 1717 449 τοῖς
1740 419 1809 444 πᾶσι

1019 468 1144 502 παρεῖναι
1159 465 1262 497 τοῦτον,
1278 465 1468 500 διδασκόμεθα,
1484 465 1515 491 οὐ
1537 463 1736 500 μεταϐατικῶς,
1747 463 1810 490 οὐδὲ

1018 512 1215 550 προνοητικῶς.
1242 512 1349 548 Νοητὰς
1377 511 1405 538 δὲ
1437 511 1590 547 ἀκρότητας
1608 511 1658 543 τὰς
1681 511 1810 547 οὐρανίας

1018 561 1066 587 καὶ
1081 560 1176 596 νοερὰς
1188 559 1281 590 οὐσίας
1297 558 1384 590 καλεῖ,
1399 558 1449 590 τὰς
1459 558 1523 594 περὶ
1531 558 1596 585 Θεὸν
1612 557 1704 589 οὔσας,
1716 557 1750 589 ἃς
1762 557 1810 584 καὶ

1019 606 1119 638 τόπους
1141 605 1308 640 ἀγιωτάτους
1326 605 1477 640 ὠνόμασεν,
1487 601 1525 630 ὧν
1540 604 1588 630 καὶ
1603 603 1694 630 αὐτῶν
1721 603 1810 638 ὺπέρ-

1019 662 1107 680 κειται
1122 653 1169 680 καὶ
1186 652 1342 684 ἀπολύεται,
1358 653 1429 678 κατὰ
1445 651 1527 687 μηδὲν
1537 651 1629 681 αὐτοῖς
1645 649 1712 681 ὅλως
1725 657 1812 684 προσ-

1020 699 1125 732 εοικώς.
1146 699 1294 735 Θεωρήσας
1318 697 1407 725 τοίνυν
1430 696 1476 723 τὸν
1495 696 1579 723 τόπον
1602 695 1724 730 Μωῡσῆς
1740 690 1772 722 οὗ
1795 695 1811 722 ό

1019 746 1086 778 Θεὸς
1096 746 1228 781 εἱστήκει,
1243 745 1291 771 καὶ
1305 744 1365 771 τότε
1381 743 1524 774 ἀπολυθεὶς
1542 741 1597 769 τῶν
1611 751 1641 768 τε
1650 742 1810 778 ὁρωμένων,

1018 793 1168 824 τουτέστιν,
1198 791 1334 826 αἰσθητῶν
1357 790 1495 822 ἁπάντων,
1522 789 1571 816 καὶ
1598 789 1652 816 τῶν
1671 788 1812 824 ὁρώντων,

1019 838 1144 866 τουτέστι
1171 838 1226 865 τῶν
1255 837 1372 872 λογικῶν
1397 837 1534 867 ἁπάντων,
1551 835 1653 870 νοητῶν
1669 844 1740 870 φημι
1764 835 1813 862 καὶ

1020 885 1120 921 νοερῶν
1137 884 1247 916 οὐσιῶν,
1270 884 1328 920 μεθ’
1344 880 1381 910 ὧν
1396 883 1444 910 καὶ
1458 882 1600 918 ἡμετέρων
1615 881 1719 916 ψυχῶν,
1739 889 1814 916 τηνι-

1019 931 1107 959 καῦτα
1126 931 1166 962 εἰς
1180 931 1225 957 τὸν
1243 930 1341 965 γνόφον
1356 928 1475 965 εἰσῆλθε,
1491 928 1627 954 τουτέστιν
1644 928 1684 959 εἰς
1697 926 1749 962 τὴν
1767 935 1813 952 πε-

1021 979 1048 1014 ρὶ
1055 977 1123 1005 Θεοῦ
1140 977 1287 1012 ἀγνωσίαν·
1298 977 1362 1004 ἔνθα
1372 976 1462 1007 πάσας
1477 974 1621 1010 ἀπομόσας
1635 973 1685 1005 τὰς
1698 981 1814 1007 γνωστι-

1020 1024 1075 1056 κάς
1099 1023 1266 1058 ἀντιλήψεις,
1286 1023 1394 1057 ἐγένετο
1409 1023 1438 1048 ὲν
1456 1021 1496 1057 τῷ
1514 1021 1612 1055 ἀφανεῖ
1621 1021 1644 1037 ὀ
1654 1019 1694 1055 τῷ
1710 1019 1759 1055 νῷ,
1772 1019 1813 1054 τῷ

1019 1070 1128 1106 ἀοράτῳ
1142 1069 1237 1097 πασῶν
1251 1069 1306 1096 τῶν
1321 1067 1478 1103 γνωστικῶν
1493 1066 1660 1102 ἀντιλήψεων
1676 1065 1724 1092 τοῦ
1740 1065 1813 1101 πέρα

1022 1116 1130 1143 πάντων
1155 1115 1234 1147 Θεοῦ,
1251 1115 1297 1141 καὶ
1313 1113 1423 1145 ἐνωθεὶς
1448 1112 1492 1140 διὰ
1507 1113 1553 1140 τοῦ
1568 1112 1689 1139 τοιούτου
1709 1111 1813 1147 τρόῆτου

1019 1164 1054 1199 τῇ
1078 1162 1200 1198 ἀγνωσία
1224 1161 1271 1188 καὶ
1294 1162 1328 1196 τῇ
1360 1159 1550 1196 ἀνενεργησίᾳ.
1572 1159 1609 1186 οὺ
1633 1158 1705 1193 λέγω
1719 1158 1748 1185 δὲ
1776 1159 1812 1193 τῇ

1022 1209 1086 1244 περί
1100 1207 1182 1234 αὑτοῦ
1204 1206 1383 1242 ἀνενεργησίᾳ
1396 1206 1444 1232 τοῦ
1461 1205 1526 1232 ίδίου
1540 1204 1597 1236 νοῦ,
1608 1203 1670 1230 οὗτε
1698 1204 1754 1239 μὴν
1776 1204 1812 1238 τῇ

1021 1254 1115 1290 ἑτέρου
1130 1253 1310 1290 ἀνενεργησίᾳ
1319 1254 1348 1279 ὲν
1361 1252 1399 1288 τῷ
1417 1253 1486 1288 μήτε
1499 1251 1590 1283 αὑτὸν,
1600 1251 1669 1286 μήτε
1677 1249 1772 1286 ἕτερόν
1786 1258 1813 1276 τι

1021 1301 1090 1326 νοεῖν
1107 1298 1196 1335 (τοῦτο
1211 1299 1265 1335 γὰρ
1287 1297 1425 1330 παντελῶς
1438 1297 1574 1332 ἡλιθιότης
1589 1296 1636 1323 καὶ
1652 1295 1738 1332 ἀργία
1753 1295 1813 1326 νοός

1022 1346 1117 1382 ἐστιν),
1135 1345 1193 1373 ἀλλ’
1210 1345 1320 1377 ἐνωθεὶς
1342 1344 1411 1372 κατά
1428 1344 1459 1370 τὸ
1482 1345 1604 1379 κρεῖττον
1619 1342 1659 1378 τῷ
1672 1341 1815 1373 παντελῶς

1021 1392 1161 1428 ἀγνώστῳ,
1178 1393 1206 1418 ὲν
1222 1392 1261 1427 τῷ
1278 1391 1348 1427 ἔχειν
1364 1389 1557 1426 ἀνενεργησίαν
1574 1388 1664 1423 πάσης
1673 1387 1813 1422 γνώσεως,

1020 1440 1050 1466 ὲν
1071 1439 1111 1475 τῷ
1138 1439 1278 1466 ἀπολιπεῖν
1303 1437 1423 1473 δηλονότι
1446 1436 1577 1467 ἑκουσίως
1596 1435 1644 1462 καὶ
1665 1434 1812 1470 ἀραρότως

1021 1487 1111 1513 πᾶσαν
1131 1485 1232 1521 γνῶσιν
1256 1483 1354 1517 ἔξωθεν
1378 1484 1416 1515 ὡς
1442 1482 1608 1517 συγχέουσαν
1639 1480 1740 1517 μᾶλλον
1765 1478 1816 1507 καὶ

1022 1534 1193 1570 βλάπτουσαν
1213 1532 1230 1568 ἦ
1256 1529 1492 1566 συμϐαλλομένην,
1518 1528 1579 1555 τότε
1603 1528 1637 1563 τῇ
1661 1526 1759 1562 ἀγνοίᾳ
1782 1526 1815 1553 τὸ

185 1591 221 1613 t.s
237 1572 304 1621 est),
318 1586 363 1613 sed
376 1587 525 1616 secundum
543 1587 676 1622 potiorem
698 1572 796 1616 mentis
817 1572 969 1623 portionem

1024 1581 1078 1607 πᾶν
1108 1579 1193 1617 ἔγνωὃ
1217 1577 1252 1604 Ἦ
1275 1576 1330 1612 γὰρ
1353 1576 1413 1611 οὐχὶ
1430 1575 1478 1601 καὶ
1503 1572 1620 1601 ἐνταῦθα
1638 1572 1759 1608 ἀμυδρόν
1785 1580 1814 1598 τι

184 1631 229 1658 isti
252 1632 344 1667 ignoto
357 1633 465 1666 penitus
479 1631 582 1666 unitos,
598 1633 687 1660 omnis
703 1633 865 1668 cognitionis
881 1641 972 1661 cessa-

185 1678 286 1704 tionem
312 1677 476 1709 obtineudo.
492 1683 587 1713 sponte
607 1679 712 1707 scilicet
724 1680 973 1715 convenienterque

185 1723 336 1751 deserendo
347 1731 456 1751 omnem
471 1724 620 1757 notionem,
629 1733 690 1760 quae
704 1726 872 1753 extrinsecus
886 1726 972 1754 aﬂ‘usa

180 1769 389 1804 quodammodo
420 1769 565 1797 confundit
597 1770 689 1805 potius
721 1770 861 1805 magisque
895 1769 973 1796 obest

179 1822 267 1850 quam
287 1816 383 1850 prosit,
402 1823 464 1843 cum
483 1815 541 1843 sine
563 1816 674 1843 notione
690 1816 783 1843 omnia
796 1816 880 1843 novit.
895 1815 974 1842 Nun-

180 1860 251 1894 quid
265 1868 329 1888 vero
342 1862 425 1889 etiam
444 1861 487 1889 hic
504 1862 593 1890 simile
612 1863 676 1898 quid
687 1863 803 1890 obscure
818 1862 857 1895 ﬁt,
865 1863 974 1898 quando

183 1908 314 1936 volumus
332 1908 442 1943 quidem
458 1908 559 1944 aliquid
575 1914 666 1936 mente
677 1909 811 1942 volutare,
828 1909 874 1937 sed
887 1916 973 1943 sirpe-

182 1960 301 1981 .ntnnero
318 1955 351 1981 ab
367 1954 459 1989 aliquo
473 1954 688 1989 iuterpellamur.
703 1954 781 1989 quasi
801 1955 827 1981 in
849 1951 971 1981 'mentcm

181 2000 326 2035 quidpiam
343 2007 473 2028 revocare
489 2000 644 2031 volente.et
659 2008 709 2027 nos
723 2001 785 2027 hinc
800 1999 973 2034 indignamur

184 2046 259 2082 quod
276 2054 326 2073 nos
354 2047 454 2079 turbet,
471 2051 499 2074 et
520 2047 663 2074 obscuram
689 2045 774 2079 illam,
787 2053 868 2080 quam
890 2045 972 2072 menti

189 2091 432 2126 impresseramus,
459 2092 684 2127 imaginationem
711 2092 877 2126 pessumdet.
903 2091 972 2124 Quid

187 2138 260 2165 enim
287 2146 363 2166 mens
388 2139 460 2166 aliud
475 2143 540 2166 tunc
557 2138 632 2171 velit,
650 2146 730 2173 quam
756 2138 782 2165 in
809 2143 972 2165 camerarum

188 2184 341 2211 cessatione
357 2192 461 2216 rerum,
477 2185 550 2212 circa
568 2185 594 2212 id
611 2185 683 2220 quod
699 2185 724 2212 ei
736 2184 905 2220 propositum
917 2188 970 2216 est,

190 2230 307 2256 vacare?
332 2229 412 2257 Circa
437 2231 582 2266 caliginem
607 2238 690 2266 porro
716 2235 793 2263 nota,
810 2230 971 2257 Hebraicum

1022 1624 1143 1652 τοιοῦτον
1167 1623 1282 1658 γίνεται,
1309 1622 1353 1649 ὅτε
1369 1621 1482 1656 θέλομεν
1498 1620 1547 1655 μὲν
1568 1617 1754 1654 ἐνθυμηθῆναι
1773 1625 1812 1648 τι.

1023 1669 1262 1707 περικτυπούμεθα
1285 1668 1314 1695 δὲ
1336 1667 1466 1699 πολλάκις
1488 1665 1564 1701 παρά
1579 1673 1662 1696 τινος,
1679 1663 1717 1695 ὼς
1732 1663 1816 1699 δῆθεν

1025 1716 1224 1753 ωμὸἀλλεσθαι
1240 1716 1279 1746 εἰς
1291 1714 1340 1750 τὴν
1357 1713 1504 1749 ἐνθύμησιν
1520 1711 1652 1742 θέλοντος,
1669 1710 1716 1736 καὶ
1733 1710 1814 1745 ἡμεῖς

1023 1762 1231 1799 δυσχεραίνομεν
1246 1760 1350 1793 τοῦτον,
1369 1759 1406 1791 ὼς
1424 1759 1475 1794 ἧδη
1490 1757 1601 1793 δχλησιν
1613 1756 1814 1792 ὲμποιήσαντα,

1024 1810 1155 1845 κάκείνην
1170 1809 1220 1845 τὴν
1232 1806 1418 1843 συναγομένην
1433 1804 1556 1841 ἀμυδρὰν
1569 1802 1649 1840 ἡμῶν
1664 1802 1814 1838 ἐνθύμησιν

1024 1855 1204 1885 ἀπολέσαντα.
1221 1853 1254 1880 Τί
1269 1853 1323 1889 γάρ
1338 1853 1412 1879 εστιν
1429 1851 1494 1879 ἀλλο
1513 1850 1585 1882 τότε,
1597 1850 1622 1876 εἰ
1639 1848 1677 1884 μὴ
1687 1847 1814 1884 βούλεται

1023 1904 1037 1930 ὁ
1051 1902 1114 1934 νοῦς
1124 1902 1154 1928 ὲν
1167 1899 1347 1935 ἀνενεργησίᾳ
1359 1897 1413 1924 τῶν
1425 1896 1513 1924 ἀλλων
1528 1894 1673 1930 γενόμενος
1683 1893 1815 1929 σχολάσαι

1023 1950 1087 1986 περὶ
1101 1949 1132 1976 τὸ
1142 1947 1336 1984 προκείμενον;
1355 1944 1423 1981 Περὶ
1437 1944 1466 1971 δὲ
1477 1943 1524 1970 τοῦ
1539 1942 1637 1977 γνόφου
1649 1941 1812 1976 σημείωσαι,

1023 1995 1064 2023 ὄτι
1084 1993 1115 2021 τὸ
1128 1993 1272 2030 Ἐϐραῖκδν
1293 1991 1409 2026 dicasse}
1425 1990 1491 2026 ἔχει,
1513 1989 1581 2024 ὅπερ
1595 1987 1609 2014 ὁ
1627 1987 1677 2023 μὲν
1698 1986 1814 2018 Ἀκύλας

1024 2043 1071 2070 καὶ
1083 2041 1228 2069 Θεοδοτίων
1241 2040 1355 2075 τνόφον
1367 2037 1511 2070 ἐξέδωκαν,
1526 2035 1634 2070 σύναμα
1647 2035 1703 2066 τοῖς
1724 2033 1816 2060 Ἐὔδο-

1025 2089 1154 2125 μήκοντα’
1169 2087 1315 2122 Σύμμαχος
1331 2083 1421 2120 μέντοι
1430 2083 1572 2118 ὁμίχλην.
1597 2081 1625 2107 '0
1639 2079 1668 2106 δὲ
1688 2078 1816 2125 Ἐϐραῖος

1023 2123 1096 2169 λένει
1118 2134 1149 2160 τὸ
1171 2131 1288 2167 ἀραφὲλ
1308 2130 1393 2166 ὄνομα
1413 2126 1483 2156 εἶναι
1512 2125 1700 2164 στερεώματος
1728 2125 1769 2156 εἰς

1024 2168 1122 2216 ἔφθασε
1138 2179 1269 2212 Μωῡαῆς·
1285 2176 1355 2203 ἑπτὰ
1369 2175 1424 2211 γὰρ
1442 2172 1617 2209 περεὼματα
1643 2170 1783 2205 λέγουσιν,
1796 2168 1816 2196 ἃ.

1024 2227 1071 2254 καὶ
1082 2227 1111 2253 οὐ
1116 2226 1213 2262 ρανοὺς
1219 2222 1301 2251 καλοῦ
1305 2230 1356 2256 σιν,
1364 2218 1401 2248 ὧν
1412 2220 1459 2248 καὶ
1465 2219 1499 2246 τὰ
1505 2219 1625 2254 ὀνόματα
1632 2216 1690 2244 καθ’
1697 2216 1816 2243 ἕκαστον

191 2275 290 2303 habere
313 2277 431 2311 ampliet,
451 2261 523 2312 quod
537 2261 634 2313 Aquila
649 2277 759 2313 quidem
783 2261 864 2311 atque
883 2275 969 2303 'l‘lieo-

1024 2261 1159 2308 λέγουσιν.
1185 2271 1213 2297 '0
1228 2270 1256 2297 δὲ
1271 2269 1358 2304 ἅγιος,
1376 2267 1475 2302 γνόφον
1490 2265 1539 2301 τὴν
1548 2262 1690 2313 ’ἀγνωσίαν
1707 2261 1816 2297 ἐνόησε.

188 2319 281 2347 dolion
291 2309 372 2358 557
382 2309 481 2358 γνόφον
496 2331 545 2351 seu
559 2309 696 2358 caliginem
712 2309 882 2357 interpretati
899 2324 973 2354 sunt,
1001 2328 1064 2350 cum
1101 2316 1278 2353 Septuaginta
1300 2313 1495 2342 convenientes
1517 2319 1525 2339 :
1547 2309 1729 2358 Symmachus
1750 2314 1817 2358 vero

187 2355 366 2402 ὀμίχληνίίἇ
389 2355 443 2401 est,
457 2369 587 2397 nebulam.
605 2355 734 2397 llebraeus
749 2355 814 2397 vero
836 2368 902 2396 dicit
920 2366 1029 2401 araphel
1046 2372 1106 2393 esse
1129 2371 1226 2392 nomen
1243 2361 1405 2390 ﬁrmamenti
1424 2359 1450 2386 in
1464 2357 1535 2394 quod
1546 2357 1664 2406 Alloyses
1678 2355 1816 2406 pervenit;

188 2412 284 2440 dicunt
317 2414 389 2442 enim
424 2423 484 2444 esse
511 2421 613 2451 septem
641 2416 822 2449 ﬁrmamenta,
851 2422 911 2450 qua!
932 2415 1014 2441 etiam
1038 2412 1124 2440 caelos
1145 2414 1253 2444 vocant,
1279 2415 1394 2444 quorum
1423 2406 1506 2435 etiam
1530 2403 1670 2440 sigillatim
1702 2403 1817 2430 nOmiIIa

189 2466 346 2490 recensent.
371 2461 421 2490 llic
445 2468 557 2491 sanctus
575 2470 641 2491 vero
666 2463 810 2498 caliginem
833 2462 966 2490 intellexit
977 2459 1174 2496 ignorationem
1187 2465 1234 2487 seu
1254 2456 1374 2486 nationis
1387 2454 1562 2483 vacuitatem.

227 2545 253 2560 °'
269 2541 348 2569 .loan.
366 2550 386 2575 I,
405 2541 450 2570 l8.

824 2617 942 2647 νΑῐιιιε
975 2615 1182 2645 LECTIONES.

227 2703 252 2720 ⁸⁸
271 2701 342 2729 .ii'ax.
359 2700 468 2737 ἀναφετ.
514 2699 536 2716 ’⁸
554 2695 761 2727 ΜαπΛιιῐιιινιὶίὶ.
