1929 3061
143 146 214 174 1029

414 143 457 172 DE.
475 143 625 171 MYSTICA
643 142 848 176 TIIEOLOGIA,
865 142 942 170 CAP.
962 142 993 171 ll.
1010 157 1027 162 —
1060 141 1231 175 PARAPHR.
1258 139 1494 169 PACHYMERJE.

1691 141 1760 169 1030

145 204 209 239 παρ’
226 202 306 230 αὐτοῦ
330 201 521 237 έλλάμπεσθαι.
540 196 651 237 Ἢὲγάρ
675 202 734 237 οὐχὶ
750 201 796 228 καὶ
812 200 923 228 ἐνταῦθα

978 200 1107 235 optimam
1121 200 1161 227 sui
1177 203 1279 234 partem
1291 198 1378 230 unita,
1402 202 1501 225 statum
1523 197 1721 232 quodammodo
1735 207 1758 227 υ.

144 250 191 278 ἐπὶ
206 249 255 284 τῆς
276 248 413 284 ἡμετέρας
435 247 556 283 ὁράσεως
576 248 705 283 ἀμυδρῶς
730 256 789 279 πως
811 248 927 273 τελεῖται

141 295 238 327 τοῦτο,
264 295 307 321 ὅτε
329 294 383 320 τινὶ
405 293 667 330 προκατειλημμένοι
690 294 774 328 πόθῳ,
802 293 848 320 καὶ
865 293 928 320 ἰδεῖν

143 341 207 368 αὐτὸ
223 340 369 376 ἐφιέμενοι,
392 339 490 375 αἴφνης
513 340 670 372 ἐπιστάντος
685 339 732 366 τοῦ
750 339 926 375 ποθουμένου,

142 387 159 422 ὴ
176 386 297 422 ἡμετέρα
313 386 360 412 ἐπὶ
374 385 460 420 τούτῳ
477 385 620 419 συνάγεται
636 385 741 420 ὅρασις,
757 385 788 411 οὺ
808 383 926 420 μερικῶς

142 431 300 468 ὲνεργοῦσα,
326 430 382 457 ἀλλ’
406 431 514 462 ὑλικῶς,
537 431 585 458 καὶ
615 430 684 458 κατὰ
705 430 785 457 τοῦτο
805 431 927 466 ἀκινητί-

143 476 245 509 ζουσα;
262 476 389 509 πολλάκις
405 476 432 503 δὲ
449 476 494 502 καί
510 484 581 507 τινες
596 477 628 511 τῇ
648 476 699 512 ἰδίᾳ
715 476 785 512 χειρὶ
801 476 928 511 καταψῶ-

142 530 169 548 σι
185 524 248 554 τοὺς
263 523 427 558 ὀφθαλμοὺς,
443 522 474 548 at
489 521 614 557 ὁρατικὸν
630 521 726 548 ὡσανεὶ
741 521 924 557 διεγείροντες.

143 569 179 595 Ἣ
198 568 277 594 πόθεν
293 569 320 594 αἱ
337 567 478 598 ἐκστάσεις
501 567 548 592 καὶ
570 565 724 601 ὲκπλήξεις,
742 567 766 592 ει
781 565 819 601 μὴ
836 565 850 591 ὁ
865 564 926 596 νοῦς

141 614 310 649 συμπάσχων
331 615 387 644 τοῖς
410 612 507 646 ἔξωθεν
523 613 562 644 εἰς
579 611 673 639 ἑαυτὸν
694 611 791 642 ὁλικῶς
815 610 926 646 συστρέ-

141 667 228 693 φεται,
247 659 294 685 καὶ
309 658 358 689 τὰς
377 657 491 694 μερικᾶις
507 658 613 693 νοήσεις
636 656 812 692 ἀποθέμενος,
829 655 926 687 ὀλικῶς

140 705 290 740 ἀκινητίζει
314 704 382 740 πρὸς
404 704 442 739 τῷ
468 704 609 740 πράγματι
631 704 691 734 ὅλος
707 702 862 738 γινόμενος
880 701 926 728 καὶ

139 749 184 776 διὰ
198 749 276 776 τοῦτο
292 748 443 784 ἐξεστηκὼς
458 750 472 774 ὁ
489 748 629 783 ἄνθρωπος
652 748 787 782 φαίνεται.
811 748 856 773 Δεῖ
871 745 926 782 γὰρ

140 795 248 828 εἰδέναι,
271 796 312 822 ὅτι
338 795 448 831 μίμημα
469 794 515 821 τοῦ
540 794 639 826 παντὸς
663 795 677 820 ὁ
693 793 754 826 νοῦς
777 793 864 829 φέρει.
890 792 926 818 Τὸ

140 842 210 876 γοῦν
221 842 275 869 πᾶν
291 841 361 868 κατὰ
377 840 411 867 τὰ
429 841 498 876 μέρη
516 839 673 875 κινούμενόν
689 841 763 866 ἐστιν
780 841 809 866 ἐν
824 839 863 874 τῷ
878 839 926 866 νῦν

979 245 1194 273 immobilitatem
1210 245 1349 277 obtinens,
1362 245 1425 271 dum
1453 244 1487 271 ab
1516 243 1575 278 ipso
1597 242 1750 270 illustratur

979 290 1102 325 Nunquid
1116 291 1187 318 enim
1199 290 1278 317 etiam
1295 291 1338 317 hic
1353 291 1379 317 iu
1395 295 1486 317 nostra
1509 289 1612 317 visione
1636 289 1687 316 hoc
1711 289 1746 315 ob

978 344 1055 364 seure
1073 337 1271 371 quodammodo
1285 336 1366 371 560
1381 336 1420 369 ﬁt,
1439 336 1559 370 quando,
1575 335 1664 370 aliquo
1687 334 1757 361 desi.

978 383 1054 410 derio
1074 382 1266 417 pra-occupati,
1286 387 1313 408 et
1333 383 1360 408 id
1387 382 1474 416 ipsum
1498 382 1587 407 videre
1605 380 1760 416 gestientes,

979 435 1008 456 re
1022 428 1176 455 desiderata
1196 429 1252 462 jam
1271 434 1414 463 priesenle.
1436 428 1508 454 illico
1533 433 1625 454 nosua
1646 427 1712 454 visio
1731 427 1758 454 in

977 474 1034 509 ipsa
1050 474 1195 509 colligitur,
1213 482 1264 500 non
1281 474 1433 508 partialiter
1448 474 1493 500 sed
1511 473 1629 500 tolaliler
1644 476 1758 504 intr-uta,

977 526 1058 555 alque
1074 522 1141 548 adeo
1157 521 1266 547 immuta
1279 520 1369 554 ?Quin
1385 521 1465 547 etiam
1491 527 1674 554 saepenumero
1689 526 1758 545 nou-

977 566 1042 592 nulli
1065 574 1145 593 manu
1158 573 1206 592 sua
1226 566 1319 593 oculos
1332 567 1487 596 obstruunt,
1503 564 1608 591 videndi
1626 564 1678 590 vim
1692 571 1759 598 quo-

977 612 1119 639 dammodo
1136 613 1296 640 excitantes.
1322 611 1399 639 Unde
1424 612 1505 638 etiam
1531 615 1650 638 exslascs
1663 615 1759 637 etstn-

977 665 1066 692 pores,
1085 659 1136 684 nisi
1149 658 1220 693 quod
1237 666 1311 686 mens
1332 659 1501 685 extrinsecus
1516 657 1655 687 deﬁciens,
1675 657 1700 683 in
1712 663 1757 683 se-

977 704 1115 739 metipsam
1128 709 1180 731 tota
1193 704 1371 736 convenitur,
1380 708 1406 731 et
1419 703 1546 737 partiales
1561 702 1758 730 intellectloues

977 750 1114 779 deserens.
1145 749 1263 776 totaliter
1283 750 1411 783 quiescit,
1429 750 1454 775 in
1480 757 1535 776 rem
1559 755 1676 775 amatam
1702 753 1757 775 tota

978 794 1125 821 translata?
1140 795 1209 821 unde
1233 794 1313 821 etiam
1336 795 1416 822 homo
1431 795 1536 822 videtur
1553 799 1623 821 totus
1638 801 1713 821 extra
1727 802 1758 822 se

976 841 1090 875 positus.
1118 841 1263 867 Sciendum
1281 841 1364 872 enim,
1389 846 1506 868 utentem
1531 841 1650 868 universi
1677 839 1757 873 hujus

140 887 276 922 γενέσθαι,
302 886 381 922 τυχὸν
404 886 484 912 τοῦτο
504 886 535 912 τὺ
559 886 642 922 μέρος
657 887 686 912 ὲν
701 887 734 921 τῇ
757 885 840 918 δύσει,
857 886 923 922 ὅπερ

975 886 1176 912 similitudinem
1189 893 1243 920 pra:
1256 894 1285 913 se
1300 886 1381 912 ferre.
1396 886 1534 921 Siquidem
1551 885 1704 912 universum
1717 892 1758 911 se-

140 933 193 969 πρδ
208 931 255 958 τοῦ
271 931 341 958 κατὰ
356 931 405 967 τὴν
421 931 550 967 ἀνατολὴν
572 929 616 967 ἦν,
641 932 687 958 καὶ¹
711 931 774 958 ἄλλο
790 930 904 967 ἀλλαχοῦ
916 941 923 948 ·

140 979 187 1005 καὶ
203 977 288 1009 οὕτως
305 978 351 1004 ἐπὶ
367 978 433 1004 πᾶσι
449 979 506 1010 τοῖς
525 978 629 1013 μέρεσι,
647 977 707 1004 καθ’
724 978 757 1012 ἣν
773 977 803 1013 δὴ
820 978 865 1004 καὶ
881 987 924 1005 κι-

141 1024 243 1051 νεῖσθαι
260 1025 274 1050 ὁ
290 1024 404 1060 οὐρανὸς
428 1023 545 1057 λέγεται,
570 1024 640 1050 κατὰ
655 1024 683 1050 δὲ
699 1024 728 1050 τὺ
744 1024 803 1050 ὅλον
827 1024 924 1059 ἀκίνη-

139 1079 186 1102 τος
204 1070 277 1105 μένει
294 1071 322 1096 ὲν
338 1069 435 1105 έαυτῷ,
463 1070 500 1101 ὡς
523 1071 551 1095 ἐν
570 1069 626 1105 ἰδίῳ
642 1070 716 1105 τόπῳ
733 1070 922 1105 στρεφόμενος.

139 1116 189 1142 Διὰ
205 1115 283 1142 τοῦτο
298 1116 345 1142 καὶ
360 1115 404 1142 τὸν
421 1116 482 1142 νοῦν
499 1115 636 1151 ἐλέγομεν,
660 1115 708 1148 τὰς
734 1116 847 1152 μερικὰς
864 1118 925 1152 νοή-

141 1161 417 1197 σειςιάποτιθέμενον,
438 1161 535 1193 ὑλικῶς
559 1161 732 1197 ἀκινητίζειν.
750 1162 781 1188 Εἰ
798 1162 862 1196 γοῦν
879 1162 925 1189 ἐπὶ

139 1209 195 1239 τοῖς
219 1207 282 1243 παρ’
300 1208 365 1243 ἡμῖν
387 1207 482 1239 οὕτως,
498 1207 525 1233 τί
540 1208 574 1233 ἂν
594 1216 635 1239 τις
660 1208 725 1242 φαίη
749 1209 792 1235 ἐπ’
817 1208 924 1243 ἐκείνης

139 1253 189 1288 τῆς
212 1253 286 1285 Θείας
309 1253 447 1287 καλλονῆς,
472 1253 518 1279 καὶ
543 1253 611 1288 ὑπὲρ
634 1253 647 1279 ὃ
663 1253 734 1279 εἴποι
756 1262 797 1285 τις
819 1252 851 1280 ἂν
877 1253 924 1280 καὶ

139 1301 248 1335 νοήσαις
273 1300 417 1334 Ἀνάγνωθι
434 1301 473 1331 εἰς
488 1299 566 1326 τοῦτο
582 1301 628 1327 καὶ
643 1299 692 1335 τὴν
703 1300 770 1335 πρὸς
786 1300 923 1336 Δωρόθεον

137 1344 284 1380 ἐπιστολὴν
298 1345 344 1371 τοῦ
361 1345 450 1380 ἁγίου,
469 1346 505 1376 ὡς
521 1345 553 1371 ἂν
572 1345 661 1377 ποσῶς
678 1345 857 1381 σαφηνισθείη
872 1354 922 1378 σοι,

139 1390 181 1422 τίς
197 1391 243 1417 καὶ
258 1390 336 1417 ὁποία
353 1391 425 1417 ἐστὶν
436 1392 453 1426 ή
469 1392 498 1417 ὲν
509 1391 629 1427 ἀγνωσία
644 1391 753 1425 γνῶσις.
772 1391 856 1418 Τοῦτο
869 1392 923 1428 γάρ

133 1437 199 1462 ¹ἐστι
215 1435 245 1462 τὸ
261 1436 345 1468 ὅντως
363 1437 436 1468 ιδείν,
453 1436 483 1462 τὸ
501 1436 537 1472 μὴ
558 1436 620 1463 ἰδεῖν
632 1446 638 1452 ·
657 1438 703 1464 καὶ
722 1438 752 1464 τὸ
768 1438 877 1471 γνῶναι,
893 1439 924 1465 τὸ

136 1482 178 1518 ,μὴ
194 1481 306 1517 γνῶναι,
323 1483 371 1509 καὶ
386 1482 456 1509 οὕτω
472 1483 517 1510 τὸν
531 1483 691 1519 ὑπερούσιον
700 1484 873 1520 καταλλήλως
888 1486 922 1521 τῇ

139 1527 221 1554 αὑτοῦ
251 1528 456 1564 ὑπερουσιότητι
481 1529 610 1563 ὑμνῆσαι.
637 1528 716 1562 Πῶς;
740 1530 773 1555 ἐκ
796 1529 846 1564 τῆς
869 1530 923 1556 τῶν

975 933 1093 958 eundum
1110 937 1200 966 partes
1213 938 1337 958 movetur
1354 933 1379 959 in
1398 939 1429 958 eo
1445 932 1515 966 quod
1531 938 1601 957 nunc
1619 930 1658 962 lit,
1674 931 1710 956 ita
1727 935 1757 957 ut

975 984 1001 1004 v.
1013 985 1039 1012 ε,
1055 984 1117 1011 pars
1133 977 1177 1004 illa
1188 977 1223 1003 sit
1238 977 1264 1004 in
1281 977 1436 1010 Occidente,
1452 985 1512 1013 qua:
1526 981 1603 1004 antea
1617 977 1642 1003 in
1660 976 1741 1003 Orieu

976 1028 1012 1055 te,
1027 1028 1054 1049 et
1076 1023 1129 1050 alia
1151 1023 1214 1050 alibi
1230 1032 1237 1056 ;
1256 1030 1283 1051 et
1305 1025 1345 1051 sic
1358 1024 1391 1050 de
1411 1024 1536 1051 omnibus
1561 1022 1695 1057 partibus,
1710 1029 1756 1049 se-

967 1069 1093 1102 ,cundum
1108 1070 1281 1108 quasulique
1296 1070 1398 1096 moveri
1413 1076 1520 1104 quoque
1537 1069 1635 1096 coelum
1646 1067 1756 1100 dicitur,

975 1115 1105 1151 quoniam
1136 1117 1284 1143 secundum
1301 1123 1331 1143 se
1347 1121 1429 1142 totum
1456 1115 1593 1142 immobile
1618 1117 1707 1140 manet
1728 1112 1756 1139 in

975 1161 1074 1194 seipso,
1093 1167 1220 1196 tanquam
1240 1162 1264 1188 in
1279 1162 1388 1196 proprio
1402 1161 1460 1187 loco
1468 1169 1640 1187 conversum.
1653 1161 1756 1190 Idcirco

974 1206 1056 1233 etiam
1081 1207 1236 1234 dicebamus
1259 1212 1385 1239 tuentem,
1409 1207 1568 1246 pa‘rlialibus
1596 1208 1757 1234 intellectio-

974 1253 1054 1280 nibus
1064 1254 1201 1288 sepositis,
1219 1253 1338 1280 totaliter
1351 1254 1500 1288 quiescere.
1518 1254 1584 1281 Cum
1603 1253 1654 1281 hoc
1666 1255 1758 1289 itaque

975 1299 1002 1326 in
1014 1299 1093 1326 rebus
1107 1299 1207 1326 nostris
1224 1299 1264 1326 sie
1275 1307 1304 1326 se
1318 1299 1426 1331 habeat,
1447 1299 1511 1334 quid
1536 1299 1635 1327 dixerit
1647 1300 1708 1334 quis
1724 1301 1756 1327 de

974 1344 1065 1371 divina
1084 1345 1133 1371 ista
1146 1345 1359 1379 pulchritudine,
1378 1353 1458 1379 quant
1472 1353 1520 1372 uce
1531 1345 1606 1373 eﬂ'axi
1621 1353 1668 1373 nec
1684 1354 1756 1374 ruen-

975 1395 1000 1417 te
1011 1390 1153 1425 concipere
1180 1392 1322 1425 qniSqnam
1347 1391 1540 1426 potest?Lege
1569 1393 1650 1420 etiam
1676 1400 1757 1427 super

975 1436 1024 1463 hac
1039 1444 1068 1463 re
1083 1436 1226 1470 epistolam
1258 1436 1336 1470 hujus
1359 1437 1446 1464 sancti
1471 1437 1504 1464 ad
1529 1437 1706 1473 DOrolheum,
1728 1444 1758 1467 ιιι

974 1482 1066 1516 aliquo
1094 1483 1174 1509 modo
1197 1483 1242 1508 tibi
1261 1482 1423 1514 declaretur.
1438 1491 1496 1517 qua:
1515 1489 1542 1510 et
1558 1484 1646 1518 qualis
1662 1485 1757 1519 cogni-

977 1530 1013 1554 tio
1046 1528 1080 1554 sit
1098 1529 1147 1555 ista
1171 1529 1315 1562 ignoratio.
1334 1529 1401 1555 Illud
1423 1529 1494 1555 enim
1509 1536 1561 1556 non
1576 1529 1675 1562 videre,
1692 1537 1756 1557 vere

134 1573 265 1600 ἁπάντων
297 1574 484 1610 ἀφαιρέσεως.
512 1574 557 1610 Μὴ
582 1574 637 1610 γὰρ
670 1574 775 1610 ἔχοντες
808 1575 920 1608 θετικῶς

974 1577 1011 1599 est
1027 1574 1135 1605 videre;
1149 1579 1175 1600 et
1189 1574 1257 1600 istud
1275 1575 1408 1608 ignorare,
1426 1581 1488 1600 vere
1514 1578 1556 1601 est
1570 1582 1658 1607 nosse,
1674 1579 1756 1610 atque

139 1620 200 1646 κατ’
216 1619 293 1652 ἀξίαν
308 1621 403 1653 εἰπεῖν,
420 1620 463 1646 διὰ
478 1620 508 1647 τὸ
526 1620 608 1655 μηδὲν
624 1620 678 1647 τῶν
695 1621 823 1648 ἁπάντων
837 1629 921 1657 προσ-

135 1665 207 1700 φυὲς
228 1665 300 1700 αὺτῷ
327 1667 426 1692 ἐννοεῖν
453 1666 591 1702 ὑμνοῦμεν
619 1666 649 1699 ἐξ
675 1667 844 1703 ἀφαιρέσεως
869 1667 923 1694 τῶν

136 1710 276 1742 ἁπάντων,
287 1712 333 1737 καὶ
346 1711 475 1746 ποιοῦμεν
490 1712 558 1747 ὅπερ
575 1712 679 1739 ποιοῦσι
693 1713 740 1739 καὶ
753 1713 777 1739 οἱ
791 1713 922 1747 αὐτοφυὲς

136 1756 250 1791 ἄγαλμα
270 1756 476 1791 διαγλύφοντες’
500 1759 597 1784 ἐκεῖνοι
619 1758 685 1793 γὰρ,
707 1758 875 1794 ἐξαιροῦντες
889 1758 923 1784 τὰ

139 1801 263 1836 περιττὰ,
285 1802 349 1827 αὐτὸ
369 1803 411 1836 ἐφ’
433 1802 528 1828 ἑαυτοῦ
549 1803 579 1829 τὺ
594 1803 836 1838 ἀποκεκρυμμένον
857 1804 922 1830 ἁνα-

140 1846 263 1881 φαίνουσι
278 1846 382 1878 κάλλος.
393 1846 528 1881 Δὺτοφυὲς
542 1847 596 1883 γὰρ
616 1847 725 1883 ἄγαλμά
746 1857 837 1884 φησιν,
853 1849 867 1875 ὃ
880 1849 922 1883 γί-

138 1897 213 1916 νεται
227 1891 256 1916 ὲν
270 1889 320 1926 ὕλῃ
333 1891 454 1926 ἀτμήτῳ,
471 1889 526 1918 οἷον
541 1893 569 1918 ὲν
593 1891 679 1928 πέτρᾳ
694 1892 844 1928 ὁλοκλήρῳ,
863 1894 892 1920 ὲν

138 1943 180 1967 τις
200 1935 310 1970 γλύψειὲ
331 1944 357 1962 τι
379 1936 483 1968 ζώδιον,
505 1936 543 1969 ὡς
565 1937 639 1972 δηλοῖ
654 1937 701 1964 καὶ
723 1937 870 1973 Εὐριπιδης
892 1939 923 1964 ὲν

146 1981 349 2017 Ἀνδρομέδᾳνθ,
371 1982 421 2014 Ἐξ
441 1983 628 2018 αὐτομὸρςσου
647 1983 758 2010 λαΐνων
773 1984 922 2019 τειχισμά-

139 2035 199 2053 των
219 2027 318 2062 σοφῆς
344 2026 462 2063 ἄγαλμα
483 2029 591 2063 χειρὸς,
612 2028 707 2063 λέγων.
730 2030 924 2063 Αὑτόμορφον

139 2073 194 2108 γὰρ
215 2073 333 2108 ἄγαλμα
347 2074 378 2100 τὸ
397 2074 446 2110 τῆς
467 2075 568 2110 πέτρας
584 2075 715 2109 αὐτοφυὲς
730 2074 815 2102 εἶπεν.
844 2076 923 2104 Ἀλλὰ

139 2119 187 2146 καὶ
203 2119 265 2146 ὅταν
283 2119 364 2155 μέρος
385 2128 427 2151 τις
442 2119 547 2156 δένδρου
564 2120 667 2155 γλύψας
686 2121 802 2154 ἑστῶτος
818 2122 865 2148 καὶ
878 2123 924 2149 ἀν-

139 2165 248 2197 θοῦντος
265 2166 363 2202 ποιήσῃ
377 2175 412 2198 τι,
428 2165 465 2198 ὦς
479 2175 560 2201 φησιν
583 2160 705 2203 ’Όμηρος
725 2168 770 2195 τὸν
796 2168 924 2196 Ὀδυσσέα

140 2211 260 2246 ποιῆσαι,
276 2212 320 2238 ὅτε
335 2213 364 2238 έν
379 2211 478 2249 δένδρῳ
493 2213 642 2249 κατέστησε
657 2215 703 2241 καὶ
718 2214 816 2250 ἐγλυψε
831 2215 922 2250 κλίνην

139 2257 269 2292 αὐτοφυῆ.
287 2257 376 2284 Ἄλλοι
390 2257 418 2284 δὲ
431 2258 481 2290 τὰς
502 2258 595 2294 τιμίας
615 2259 867 2296 λίθους’ἀγάλματα
881 2260 923 2287 λέ-

139 2311 242 2336 γουσιν,
269 2303 332 2329 ὅταν
359 2303 457 2339 δηλαδὴ
471 2305 488 2339 ή
511 2304 674 2340 σμάραγδος,
703 2306 923 2342 ἁποκαθαρθεῖσα

138 2348 185 2375 τυῦ
200 2348 368 2384 περιέχοντος
389 2349 472 2384 αὐτὴν
495 2350 610 2384 γεώδους
633 2351 680 2377 καὶ
701 2352 837 2387 περιττοῦ,
855 2354 922 2380 ἁνα-

139 2395 209 2428 φανῇ
233 2393 353 2428 ἄγαλμα,
373 2394 511 2421 τουτέστιν
532 2395 679 2431 ἀγλάϊσμα.
707 2397 831 2424 Μάλιστα
847 2398 876 2425 δὲ
892 2399 923 2426 τὸ

139 2438 260 2466 τοιοῦτον
276 2439 390 2474 ἁρμόσει
405 2438 443 2474 τῷ
461 2440 631 2476 προκειμένῳ
644 2441 660 2476 ἢ
676 2441 707 2467 τὸ
723 2443 922 2478 πρότερον.Θέ-

140 2493 196 2516 σεις
212 2484 302 2520 μέντοι
323 2484 391 2511 εἰσὶν
406 2485 456 2511 ὅσα
471 2486 579 2518 οἰκείως
595 2487 641 2513 ἐπὶ
661 2487 728 2514 Θεοῦ
748 2488 855 2523 λέγεται
868 2491 882 2516 ὅ
894 2499 922 2522 τι

139 2531 222 2562 ἐστὶν,
244 2527 298 2556 οἷον
318 2530 349 2556 τὸ
369 2529 416 2562 ὢν,
440 2531 469 2557 τὸ
491 2530 556 2564 ζῶν,
577 2532 608 2559 τὸ
634 2532 701 2567 φῶς,
723 2535 770 2561 καὶ
789 2535 823 2562 τὰ
844 2536 920 2563 ἄλλα.

145 2574 315 2610 Ἀφαιρέσεις
329 2574 366 2605 δὲ,
382 2575 477 2607 ὅσαιῖκ
489 2575 615 2612 ἀλλότρια
626 2577 693 2604 Θεοῦ
709 2579 920 2614 ἀποφάσκονται,

139 2617 195 2646 οἷον
210 2620 251 2646 ὅτι
269 2619 299 2646 οὐ
318 2619 396 2655 σῶμα
411 2620 425 2645 ό
441 2619 517 2652 Θεὸς,
532 2621 561 2647 οὺ
573 2621 656 2658 ψυχὴ,
671 2623 731 2650 οὐδέ
746 2633 773 2651 τι
787 2625 841 2652 τῶν
857 2634 924 2659 γνω-

140 2665 210 2692 στῶν
230 2665 246 2701 ἢ
263 2665 353 2701 νοήσει
375 2665 589 2693 ὑποπιπτόντων.
607 2667 675 2704 Περὶ
686 2670 752 2703 γοῦν
768 2670 821 2697 τῶν
829 2672 921 2706 τοιού-

138 2720 193 2739 των
212 2711 312 2739 Θέσεων
331 2711 377 2738 καὶ
398 2711 567 2747 ἀφαιρέσεων
581 2714 595 2740 ὁ
616 2715 709 2751 Πατὴρ
731 2715 827 2751 λέγων,
845 2718 920 2754 εὑρί-

973 1620 1010 1644 ita
1028 1619 1316 1652 suprasubstantialem
1333 1626 1452 1654 congrue
1476 1626 1524 1653 pro
1536 1627 1584 1645 sua
1598 1620 1751 1654 suprasub—

973 1663 1149 1690 stantialitate
1162 1664 1327 1691 eollaudare.
1344 1664 1484 1696 Quomodo
1499 1664 1550 1691 hoc
1563 1664 1574 1691 ?
1588 1672 1621 1691 ex
1633 1666 1755 1692 omnium

972 1709 1116 1737 ablatione.
1133 1710 1200 1737 Cum
1216 1711 1288 1736 enim
1311 1719 1364 1737 non
1384 1711 1518 1744 possimus
1544 1711 1682 1745 quidpiam
1704 1718 1754 1745 po-

973 1757 1052 1784 sitive
1069 1764 1118 1791 pro
1133 1757 1191 1791 ejus
1206 1757 1339 1790 dignitate
1362 1757 1462 1790 dicere,
1482 1765 1515 1784 eo
1530 1758 1600 1792 quod
1618 1765 1651 1784 ex
1668 1758 1756 1785 omni-

973 1803 1023 1828 bus
1039 1803 1119 1830 rebus
1137 1803 1204 1830 nihil
1222 1804 1292 1837 quod
1311 1803 1360 1838 ipsi
1385 1803 1464 1830 afﬁne
1481 1804 1515 1831 sit
1533 1804 1690 1838 excogitare
1707 1811 1756 1831 va-

973 1847 1089 1881 leamus,
1108 1848 1275 1875 celebramus
1301 1849 1386 1883 ipsum
1412 1856 1444 1875 ex
1462 1849 1581 1876 omnium
1606 1848 1753 1883 ablatione,

973 1893 1100 1927 idemque
1117 1893 1232 1920 [animus
1249 1895 1320 1928 quod
1337 1895 1498 1929 sculptor-es,
1511 1895 1556 1929 qui
1575 1895 1692 1921 nativam
1705 1894 1755 1922 ali-

972 1946 1052 1973 quam
1070 1943 1189 1966 statuam
1211 1940 1348 1972 dedolanl,
1370 1940 1416 1974 qui
1441 1941 1576 1976 superﬂua
1594 1940 1754 1974 auferendo,

974 1985 1101 2012 latentem
1127 1987 1152 2012 in
1177 1986 1233 2020 ipsa
1259 1986 1373 2014 fortnam
1395 1986 1586 2013 .manil‘estant.
1604 1985 1753 2013 Geuuinam

973 2032 1045 2058 enim
1069 2036 1186 2058 statuam
1211 2037 1300 2070 vocat,
1326 2040 1386 2067 qua:
1409 2032 1438 2059 ﬁt
1455 2032 1481 2058 in
1499 2032 1610 2059 materia
1628 2039 1680 2058 non
1697 2031 1756 2058 tie--

973 2082 1057 2109 secta,
1068 2082 1096 2105 ut
1113 2078 1138 2104 in
1156 2077 1242 2112 lapide
1259 2079 1347 2105 adhuc
1363 2078 1477 2112 integro.
1495 2079 1520 2104 in
1538 2086 1592 2112 quo
1608 2078 1669 2112 quis
1680 2078 1754 2105 scul-

974 2129 1020 2159 pnl
1032 2123 1142 2158 aliquod
1159 2124 1364 2157 animalculum,
1383 2130 1412 2150 ut
1428 2124 1549 2150 declarat
1565 2123 1708 2158 Euripides
1726 2124 1753 2151 in

973 2169 1142 2196 Andromeda
1159 2169 1193 2201 ⁸⁷,
1212 2170 1305 2196 dicens
1322 2177 1329 2195 :
1349 2169 1390 2195 Ex
1407 2167 1517 2202 lapideis
1544 2169 1652 2203 propria
1675 2173 1754 2195 natu-

974 2214 1024 2241 rali
1046 2216 1133 2248 [arma
1152 2214 1332 2241 constantibus
1359 2215 1451 2246 muris,
1479 2214 1562 2240 dOClCB
1582 2213 1754 2240 simulacrum

974 2268 1078 2293 manus,
1096 2268 1157 2287 nam
1173 2260 1343 2295 αὺτόμορφον
1358 2260 1469 2295 ἄγαλμα
1485 2268 1531 2287 seu
1549 2268 1597 2294 per
1613 2267 1642 2287 se
1658 2260 1756 2287 {orma-

975 2312 1027 2334 tam
1044 2312 1171 2338 statuam,
1190 2312 1268 2334 vocat
1284 2306 1398 2333 formam
1416 2312 1497 2341 petra:
1512 2307 1754 2340 naturaleln.Quin

973 2353 1055 2379 etiam
1073 2353 1180 2387 quando
1196 2353 1258 2387 quis
1279 2357 1383 2387 partem
1408 2352 1515 2379 arboris
1538 2353 1711 2379 tonsistentis
1726 2356 1755 2379 et

972 2400 1094 2428 ﬂorentis
1117 2400 1300 2435 insculpserit,
1329 2400 1400 2427 sicut
1424 2400 1490 2426 dicit
1514 2399 1648 2426 Humerus
1670 2398 1751 2434 561

949 2467 953 2470 .
976 2446 1099 2480 Ulyssem
1119 2445 1224 2476 fecisse,
1248 2445 1357 2479 quando
1382 2442 1409 2470 in
1432 2443 1530 2470 arbore
1559 2443 1702 2470 constituit
1726 2446 1754 2468 et

972 2491 1086 2526 sculpsit
1110 2490 1209 2518 lectum
1234 2491 1394 2517 naturalem.
1417 2490 1470 2517 Alii
1487 2497 1551 2517 vero
1568 2490 1699 2524 pretiosos
1714 2488 1754 2515 la-

972 2538 1049 2572 pides
1066 2543 1164 2565 vocant
1189 2537 1344 2568 simulacra.
1368 2537 1477 2570 quando
1502 2535 1626 2563 videlicet
1648 2541 1753 2561 smara-

971 2581 1039 2616 gdus
1054 2582 1088 2608 ab
1104 2581 1177 2608 onmi
1204 2581 1318 2608 materia
1345 2581 1465 2607 terrestri
1485 2581 1753 2613 circumjaceuleex-

973 2632 1119 2661 purgatus,
1144 2628 1254 2654 exhibet
1280 2627 1407 2663 ἄγαλμα,
1433 2627 1459 2654 id
1488 2631 1530 2653 est
1551 2626 1689 2660 ἀγλάϊσμα
1704 2632 1752 2652 seu

973 2674 1142 2708 splendidum
1159 2679 1359 2702 ornamentum.
1386 2674 1471 2709 Magis
1488 2678 1578 2700 autem
1596 2673 1621 2700 id
1640 2673 1672 2698 ad
1690 2680 1753 2707 pro-

974 2719 1090 2754 positum
1106 2724 1220 2754 spectat,
1240 2727 1321 2755 quam
1338 2720 1433 2755 prius;
1450 2719 1582 2754 siquidem
1606 2717 1752 2752 positione!

787 2794 902 2823 VARIIE
922 2795 1121 2824 LECTIONLS.

218 2870 394 2906 Ἀνδρομάχῃ.
447 2870 470 2887 ’³⁷
481 2871 682 2899 Andromache.
