1914 3061
206 131 274 161 1031

784 130 815 160 S.
833 129 981 160 DIO‘NYSII
1001 131 1232 160 ΑιιΕοΡΑςιτΑῑ

1759 133 1831 163 ίθὸὶ

175 197 191 224 '_
204 192 277 222 sunt,
295 196 356 224 quae
371 187 478 224 proprie
493 187 527 216 de
542 187 597 216 Deo
613 188 740 216 dicuntur
757 189 786 217 id
802 191 875 225 quod
891 194 943 222 est.
961 197 981 217 ut

1041 199 1103 217 σκει
1120 190 1180 218 τινὰ
1195 190 1331 218 ἀντίθεσιν
1354 188 1470 216 ἐνοῦσαν
1489 188 1607 222 τούτοις,
1620 189 1666 217 ὅτε
1690 184 1725 217 διἰ
1741 189 1832 216 αὐτῶν

187 227 264 269 iens.
281 236 385 269 vivens,
409 237 454 263 lux
473 240 499 265 et
525 240 634 263 caetera.
662 235 825 264 Ablationes
840 243 905 264 vero
928 244 990 271 qua:

203 287 259 310 uta
277 282 331 310 Deo
347 282 436 309 aliena
463 287 609 318 negantur.
626 282 700 310 verbi
717 282 818 317 gratia,
835 282 906 317 quod
918 282 989 309 Deus

203 338 256 357 non
271 329 307 357 sit
323 337 434 365 corpus,
448 337 501 357 non
521 330 620 360 anima.
639 336 725 364 neque
734 329 881 364 quidquam
895 335 990 356 eorum

202 381 262 409 qua:
288 378 490 408 cognoscuntur
507 373 547 400 vel
568 374 669 401 cadunt
695 374 746 402 sub
775 374 925 402 notionem.
952 374 990 401 De

190 420 355 448 'istiusmodi
387 420 478 455 itaque
502 419 683 455 positionibus
698 425 726 447 et
743 420 926 448 ablatiouibus
943 419 989 448 hic

201 466 284 494 Pater
300 474 394 502 agens,
407 466 507 501 reperit
520 466 553 493 iis
565 465 713 501 quamdam
735 466 825 494 inesse
838 465 990 501 oppositio-

200 521 274 546 nem,
288 513 397 548 quando
411 513 498 547 ipsum
522 519 556 540 ex
580 512 624 540 his
642 512 824 545 celebrantes,
844 512 926 540 Deum
941 513 989 539 de-

199 559 348 587 claramus.
368 559 474 587 Etenim
492 567 553 586 cum
576 559 726 594 positiones
739 559 850 594 quidem
867 559 894 585 in
918 558 988 586 libro

199 605 239 632 De
249 605 346 632 divinis
371 605 531 637 nominibus,
558 604 788 639 pragdicabamus,
805 612 819 631 a
835 604 931 639 primis
943 604 987 631 iu-

198 652 342 687 cipieutes,
367 655 394 679 et
416 660 464 685 per
488 651 575 678 media
606 655 793 683 transeuntes,
817 651 851 677 ad
865 655 985 677 extrema

198 698 385 725 descendendo
403 697 460 724 illas
478 696 654 732 pouebamus.
671 695 795 723 Primum
812 696 846 723 de
857 700 921 723 ente
937 696 988 724 dis-

198 747 321 770 serentes
337 750 370 770 ac
387 742 484 770 deinde
505 743 538 770 de
555 743 637 774 bono,
658 749 691 769 ac
717 746 809 776 postea
825 741 858 768 de
873 742 938 773 vita.
954 750 987 770 ac

200 789 330 822 deinceps
358 795 406 823 per
431 793 529 815 caetera
555 796 615 822 qua:
644 787 782 820 mediaut,
811 788 845 815 ad
862 793 985 816 extrema

198 833 442 864 descendebamus,
459 833 492 859 de
511 832 624 860 Domino
638 838 666 860 et
683 833 716 860 de
730 832 814 868 Rege,
837 839 866 861 et
880 835 913 861 de
929 833 986 861 An-

1042 236 1200 272 ὐμνοῠντες,
1222 237 1253 263 τὸ
1274 236 1352 263 Θεῐον
1374 235 1591 272 παραδηλοῦμεν.
1615 236 1671 264 Καὶ
1692 235 1758 271 γὰρ,
1780 235 1832 267 τὰς

1041 283 1091 319 μὲν
1106 283 1194 316 θέσεις
1208 285 1237 310 ὲν
1244 283 1283 318 τῷ
1291 283 1361 317 Περὶ
1372 283 1459 311 θείων
1469 282 1621 317 ὀνομάτων
1628 283 1762 317 λέγοντες,
1776 281 1830 308 ἀπὺ

1038 329 1093 356 τῶν
1110 329 1271 365 πρωτισιων
1285 329 1442 365 ἀρχόμενοι,
1451 329 1498 356 καλ⁵
1509 328 1554 355 διὰ
1563 328 1652 364 μέσων
1666 327 1828 363 χωροῦντες,

1039 376 1086 403 ἐπὶ
1099 376 1134 403 τὰ
1150 376 1252 412 ἔσχατα
1265 376 1405 408 κατιόντες
1421 375 1554 411 ἐτίθεμεν.
1573 375 1685 410 Πρῶτον
1702 374 1767 410 περὶ
1780 373 1827 400 τοῦ

1037 422 1115 454 ὄντος
1132 421 1374 457 διαλαμϐάνοντες,
1391 422 1438 448 καὶ
1453 420 1502 447 εἷθ’
1522 420 1593 447 οὕτω
1613 420 1678 455 περὶ
1697 418 1827 454 τάγαθοῦ,

1038 468 1087 495 καὶ
1110 468 1257 504 μετέπειτα
1280 468 1345 504 περὶ
1366 467 1417 504 τῆς
1437 467 1520 503 ζωῆς,
1550 467 1598 493 καὶ
1625 466 1689 502 ἑξῆς
1704 465 1748 493 διὰ
1773 466 1828 492 τῶν

1037 514 1125 541 ἄλλων
1147 514 1238 550 μέσων
1254 515 1294 546 εἰς
1310 513 1346 541 τὰ
1363 513 1464 549 ἔσχατα
1489 512 1677 549 κατηντῶμεν,
1700 511 1764 548 περὶ
1779 510 1827 538 τοῦ

1039 561 1142 597 Κυρίου
1165 561 1213 588 καὶ
1236 561 1300 597 περὶ
1322 560 1370 587 τοῦ
1392 559 1539 592 Βασιλέως,
1554 559 1602 586 καὶ
1624 558 1688 594 περὶ
1703 557 1751 584 τοῦ
1768 558 1826 584 Πα-

1038 604 1115 632 λαιοῢ
1130 605 1253 641 ἡμερῶν,
1265 606 1312 632 καὶ
1330 605 1393 642 περὶ
1408 605 1462 632 τῶν
1474 605 1601 632 τοιούτων
1617 604 1750 639 λέγοντες.
1765 603 1827 630 Ἐπὶ

1037 651 1065 679 δὲ
1087 651 1142 679 τῶν
1163 651 1335 687 ἀφαιρέσεων
1357 652 1388 679 τὸ
1413 651 1532 679 ἐναντιον
1561 651 1675 686 γίνεται,
1696 649 1750 677 ἀπὸ
1772 650 1826 677 τῶν

1037 697 1159 732 ἐσχάτων
1175 697 1221 724 ἐπὶ
1235 696 1269 724 τὰ
1286 696 1458 734 ἁρχικὼτερα
1472 697 1522 729 τὰς
1538 697 1718 728 ὲπανασάσεις
1733 695 1826 723 ποιούα

1038 752 1124 779 μενοι,
1148 742 1318 779 ἀφαιροῦμεν
1340 743 1452 779 ὕστερον
1474 743 1521 770 καὶ
1536 742 1601 769 αὐτὸ
1615 742 1646 769 τὺ
1662 741 1824 778 πρώτιστον.

1036 790 1072 817 06
1091 789 1265 826 μεθύσκεται,
1274 789 1303 816 οὐ
1321 788 1439 824 λέγεται,
1451 789 1481 816 οὺ
1495 791 1605 821 νοεῖται,
1620 788 1743 824 λέγοντες
1754 796 1762 804 ·
1777 789 1825 816 καὶ

1036 836 1127 867 πάλιν,
1144 836 1181 862 υῦ
1200 835 1289 870 σῶμα,
1312 836 1341 862 οὐ
1366 837 1506 871 στοιχεῖον,
1522 835 1552 862 οὐ
1568 835 1650 871 ψυχὴ,
1674 835 1725 862 οὐκ
1740 835 1824 870 ἀγγε-

199 878 275 914 tiquo
290 879 406 908 dierum.
423 882 451 906 et
461 878 597 906 similibus
610 879 692 906 verba
709 878 848 907 facientes.
866 880 893 907 In
909 880 981 908 abla-

1035 881 1089 913 λος,
1098 881 1127 908 οὐ
1145 881 1212 917 ζωὴ,
1225 881 1275 908 οὐκ
1291 881 1331 914 ὃν,
1343 880 1400 908 ἀλλ’
1495 881 1581 907 ταῦτα
1593 870 1682 908 ττάντα
1696 880 1727 907 τὸ
1734 881 1822 907 Θεῑον.

199 924 315 952 tionibus
331 932 395 952 vero
410 925 440 952 lit
463 926 644 958 contrarium,
659 925 724 952 dum
743 927 778 952 ab
802 926 936 954 extremis
949 927 983 954 ad

195 971 389 1006 priucipaliora
405 978 537 998 ascensus
555 970 679 998 faciendo
694 979 866 999 removemus
875 971 901 1000 id
911 973 983 1007 quod

195 1017 332 1053 posterius
355 1021 407 1048 est,
434 1021 516 1051 atque
531 1017 614 1044 etiam
639 1016 785 1052 ipsummet
800 1017 928 1052 primum,
941 1019 984 1046 dl-

194 1068 306 1092 eentes:
321 1063 379 1092 Non
396 1064 560 1097 inebriatur,
576 1072 629 1091 non
657 1065 765 1097 dicitur,
784 1072 836 1093 non
855 1066 985 1101 intelligi-

194 1114 253 1143 tur;
269 1114 297 1137 et
315 1117 443 1137 rursum:
461 1109 519 1137 Non
535 1117 649 1146 corpus,
666 1117 719 1138 non
735 1111 910 1144 elementum,
928 1119 981 1139 non

194 1157 298 1188 anima,
310 1163 363 1183 non
377 1155 502 1188 angelus,
519 1163 571 1182 non
592 1156 657 1190 vita,
686 1164 739 1183 non
756 1164 816 1188 eus,
831 1157 879 1184 sed
898 1164 980 1191 supra

194 1200 251 1227 hzec
268 1200 359 1227 omnia
375 1200 447 1227 Deus
469 1205 521 1227 est.
541 1200 573 1227 Et
596 1201 636 1228 sic
661 1200 721 1228 sine
751 1200 920 1228 revelatione
947 1201 981 1229 ad

193 1245 377 1273 omnimodam
400 1245 602 1280 ignorationem
629 1246 820 1279 devenientes,
837 1248 981 1283 cognosci-

192 1300 255 1320 mus
275 1292 479 1328 quodammodo
504 1293 577 1320 illam
606 1294 730 1322 notitiam
749 1295 775 1322 in
790 1295 979 1330 ignoratione;

192 1339 264 1367 hanc
277 1339 349 1366 enim
377 1339 575 1374 ignorationem
600 1340 638 1367 ait
657 1341 691 1367 ab
707 1340 833 1368 omnibus
857 1349 918 1376 quae
934 1350 982 1369 no-

191 1391 315 1417 scuntur,
331 1386 358 1413 in
372 1387 500 1413 omnibus
528 1387 609 1414 rebus
636 1387 828 1421 circumvolvi,
858 1393 886 1416 et
911 1389 979 1415 cali-

191 1431 281 1466 ginem
300 1438 360 1458 esse
374 1431 408 1458 ab
425 1431 498 1458 omni
516 1432 617 1459 lumine
633 1433 659 1459 in
679 1432 760 1459 rebus
774 1433 900 1461 omnibus
914 1434 979 1460 abs-

191 1484 314 1504 cousam.
330 1476 387 1504 Hoc
403 1485 467 1504 vero
481 1478 521 1509 lit,
534 1479 604 1512 quod
621 1485 715 1505 eorum
733 1485 794 1514 qua:
810 1484 873 1507 sunt
885 1479 980 1514 cogni-

190 1521 289 1553 tiones.
301 1526 329 1548 et
345 1529 405 1555 quae
428 1523 461 1549 de
481 1523 536 1549 Deo
564 1527 627 1550 sunt
654 1523 816 1557 positiones,
833 1531 886 1551 non
902 1525 979 1551 dete-
992 1540 1013 1570 ο

189 1571 255 1600 gant
270 1567 295 1593 id
311 1567 383 1601 quod
412 1567 532 1602 ignotum
546 1572 589 1596 est
606 1568 664 1601 Dei,
685 1576 735 1596 nec
750 1569 776 1597 in
791 1569 877 1597 lucem
894 1570 978 1597 addu-

189 1618 263 1644 cant,
276 1614 322 1640 sed
337 1614 426 1649 potius
439 1619 594 1650 coutegaut,
605 1622 652 1642 seu
667 1615 817 1648 occultent,
829 1624 889 1643 cum
901 1623 978 1643 meus

188 1659 225 1687 ibi
242 1667 293 1687 uou
307 1661 405 1688 habeat
417 1661 463 1687 ubi
480 1668 510 1688 se
525 1661 598 1696 gat,
613 1669 664 1689 nec
680 1663 826 1697 quidquam
844 1663 914 1689 unde
929 1662 978 1689 al.-

187 1705 252 1740 quid
275 1706 388 1742 intelligi
407 1707 493 1742 possit
509 1708 706 1742 apprehendat.
723 1709 771 1736 sed
786 1709 877 1743 potius
891 1709 916 1736 in
929 1716 977 1737 co-

188 1751 333 1785 gitationes
351 1752 465 1780 minime
492 1753 687 1782 convenientes
711 1754 823 1788 incidat,
847 1755 975 1790 quoniam

187 1796 398 1833 haudquaquam
415 1799 492 1825 lirma
512 1804 564 1832 est,
581 1804 608 1826 et
629 1800 738 1827 sensilia
754 1802 848 1828 statim
863 1807 975 1836 praeter-

187 1843 270 1870 volat.
287 1841 373 1871 Porro
389 1843 479 1872 lumen
501 1844 527 1872 iu
548 1845 628 1873 rebus
646 1853 699 1874 non
717 1851 759 1873 est
774 1847 846 1874 aliud
860 1847 975 1882 opinan-

187 1890 262 1920 tltItII.
282 1898 363 1925 qualn
374 1896 587 1925 quonoscuntur
604 1899 647 1920 res
660 1894 685 1919 in
705 1898 834 1925 quantum
849 1901 892 1921 res
900 1898 974 1925 sunt.

187 1935 258 1962 sicut
280 1936 362 1963 etiam
388 1939 413 1963 in
429 1936 509 1972 562
527 1939 705 1972 sequentibus
730 1938 891 1972 reperiuuts.
917 1938 973 1965 Hoc

187 1979 278 2014 itaque
314 1979 402 2007 lumen
427 1983 497 2016 quod
521 1983 546 2009 in
569 1983 649 2010 rebus
662 1988 715 2016 est,
732 1983 851 2018 talisque
880 1991 971 2010 rerutn

1035 928 1091 954 Καὶ
1107 927 1192 960 οὕτως
1208 926 1437 963 ἀπερικαλύπτως
1454 926 1500 953 ἐπὶ
1519 926 1569 962 τὴν
1589 925 1708 961 παντελῆ
1731 926 1823 960 ἀγνω-

1035 974 1094 1001 σίαν
1109 974 1336 1009 καταντήσαντες,
1345 972 1514 1008 γινώσκομεν
1528 972 1619 1004 ποσῶς
1634 971 1683 1008 τὴν
1699 973 1729 998 ἐν
1739 972 1824 1007 ἀγνω-

1035 1019 1081 1056 σία
1104 1018 1205 1054 γνῶσιν
1227 1018 1352 1054 ἐκείνην
1377 1017 1480 1054 ταύτην
1507 1017 1562 1053 γάρ
1583 1017 1657 1052 λέγει
1684 1017 1823 1052 ἀγνωσίαν

1033 1065 1087 1092 ὑπὸ
1109 1065 1217 1092 πάντων
1236 1065 1291 1092 τῶν
1312 1064 1441 1100 γνωστῶν
1465 1065 1495 1091 ὲν
1512 1065 1579 1091 πᾶσι
1595 1065 1653 1096 τοῖς
1668 1061 1729 1090 οὖσι
1744 1071 1822 1098 περι-

1032 1109 1254 1146 κεκαλυμμένην,
1275 1109 1324 1136 καὶ
1347 1109 1445 1144 γνόφον
1468 1110 1520 1136 ὑπὸ
1536 1109 1637 1140 παντὸς
1652 1108 1700 1135 τοῦ
1716 1109 1746 1135 ἐν
1764 1109 1821 1140 τοίς

1032 1155 1091 1184 οὖσι
1105 1157 1195 1191 φωτὸς
1211 1156 1460 1192 ἀποκρυπτόμενον.
1483 1156 1569 1183 Τοῦτο
1589 1155 1618 1182 δέ
1634 1156 1719 1187 ἐστιν,
1736 1155 1777 1182 ὄτι
1793 1155 1820 1181 αὶ

1031 1203 1086 1229 τῶν
1102 1202 1186 1229 ὅντων
1201 1201 1326 1236 γνώσεις,
1344 1202 1429 1228 καὶαι
1442 1202 1506 1237 περὶ
1521 1201 1568 1228 τοῦ
1583 1200 1660 1227 Θείου
1678 1199 1778 1231 θέσεις,
1790 1199 1821 1225 τὸ

1032 1248 1097 1285 περὶ
1111 1247 1179 1274 Θεοῦ
1195 1247 1332 1282 ἄγνωστον
1347 1247 1398 1273 οὐκ
1416 1246 1625 1278 ὲκκαλύπτουσι,
1642 1245 1690 1272 καὶ
1708 1245 1748 1277 εἰς
1767 1253 1820 1280 φα-

1031 1293 1145 1330 νέρωσιν
1168 1293 1289 1327 ἄγουσιν,
1314 1291 1381 1319 ἀλλὰ
1404 1292 1502 1328 μᾶλλον
1528 1290 1756 1326 συγκαλύπτουσι,
1784 1290 1821 1326 μὴ

1031 1339 1139 1375 ἔχοντος
1154 1338 1201 1365 τοῦ
1218 1337 1278 1370 νοὸς
1295 1339 1385 1364 ἐκεῖσε
1407 1338 1457 1373 τὴν
1477 1337 1559 1373 ’ἐδραν
1584 1336 1679 1372 ἴσχειν,
1697 1336 1744 1362 καὶ
1760 1344 1823 1371 νοη-

1029 1385 1077 1412 τοῦ
1097 1393 1169 1416 τινος
1192 1383 1316 1411 ἐντεῦθεν
1339 1383 1497 1419 δράξασθαι,
1521 1382 1588 1409 ἀλλά
1616 1382 1715 1418 μᾶλλον
1737 1390 1822 1409 κατα-

1031 1429 1176 1461 πίπτοντος
1196 1430 1236 1461 εις
1262 1429 1299 1465 μὴ
1323 1429 1514 1464 προσηκούσας
1540 1428 1653 1460 ἐννοίας,
1678 1428 1758 1463 εἰπερ
1784 1427 1822 1463 μὴ

1031 1476 1144 1513 στερρός
1161 1476 1286 1510 totum!
1303 1476 1357 1502 τῶν
1374 1475 1510 1512 αἰσθητῶν
1525 1475 1606 1507 εὐθὺς
1622 1475 1821 1511 ὑπερπετᾶται.

1032 1522 1067 1549 Τὺ
1083 1523 1111 1550 δὲ
1135 1523 1164 1550 ὲν
1184 1524 1240 1555 τοῖς
1256 1521 1315 1550 οὖσι
1332 1522 1390 1558 φῶς
1405 1523 1456 1549 οὐκ
1474 1521 1537 1549 ἄλλο
1559 1521 1738 1557 ὑποληπτέον,
1757 1521 1774 1556 ἢ
1791 1521 1820 1547 τὸ

1030 1569 1132 1604 γνῶναι
1145 1569 1180 1596 τά
1204 1569 1268 1596 ὅντα
1313 1569 1377 1596 ὄντα
1393 1569 1463 1601 ἐστὶ,
1480 1568 1569 1600 καθὼς
1585 1568 1632 1595 καὶ
1647 1569 1676 1595 ὲν
1689 1569 1745 1599 τοῖς
1757 1567 1820 1602 ἑξῆς

1026 1615 1288 1652 εὑρίσκομεν.Τοῠτο
1311 1615 1376 1650 γοῦν
1392 1614 1423 1641 τὺ
1448 1616 1478 1642 ὲν
1492 1616 1548 1646 τοῖς
1568 1612 1627 1642 οὖσι
1654 1614 1723 1649 φῶς,
1740 1614 1787 1641 καὶ
1803 1615 1820 1649 ἡ

1025 1660 1136 1696 τοιαύτη
1158 1660 1212 1686 τῶν
1235 1659 1320 1687 ὄντων
1342 1659 1456 1694 γνῶσις,
1475 1659 1575 1694 μᾶλλον
1603 1657 1775 1693 ἀποκρύπτει
1791 1657 1822 1684 τὸ

1024 1707 1117 1733 Θείονο
1139 1707 1156 1742 ή
1179 1706 1234 1741 γὰρ
1264 1705 1318 1733 τῶν
1340 1706 1425 1734 ὄντων
1449 1705 1606 1740 φυσιολογία
1628 1704 1755 1731 τοσοῦτον
1781 1705 1821 1736 εις

1025 1751 1164 1786 θεολογίαν
1180 1752 1231 1779 οὐκ
1244 1751 1391 1787 ὠφελήσει,
1415 1752 1478 1779 ὅσον
1495 1751 1543 1778 καὶ
1565 1751 1671 1787 βλάψει,
1695 1751 1726 1778 τὸ
1749 1751 1821 1786 ὑπὲρ

1027 1798 1108 1833 φύσιν
1133 1799 1173 1829 εἰς
1194 1797 1229 1824 τὰ
1253 1798 1340 1824 οἰκεῖα
1362 1798 1456 1833 ἑαυτῇ,
1480 1797 1528 1824 καὶ
1551 1797 1621 1824 κατὰ
1637 1797 1717 1831 φύσιν
1734 1797 1821 1823 κατά-

1026 1852 1122 1878 γουσα.
1146 1842 1225 1869 Ἀλλὰ
1242 1842 1300 1875 πῶς
1314 1842 1364 1874 τὰς
1381 1842 1430 1878 μὲν
1446 1842 1534 1874 θέσεις
1550 1842 1604 1869 ἀπὸ
1624 1842 1678 1869 τῶν
1701 1842 1819 1877 πρώτων

1025 1892 1065 1923 εἰς
1079 1890 1128 1922 τὰς
1144 1890 1261 1925 ἐσχάτας
1276 1889 1415 1924 τιθέμεθα,
1430 1888 1479 1921 τὰς
1498 1889 1520 1915 δ’
1529 1889 1679 1924 ἀποφάσεις
1694 1889 1749 1915 ἀπὸ
1764 1888 1819 1915 τῶν

1026 1938 1147 1974 ἐσχάτων
1173 1939 1213 1969 εις
1238 1936 1287 1969 τὰς
1318 1937 1437 1973 πρώτας,
1467 1937 1547 1970 αὐτὸς
1567 1938 1582 1964 ὁ
1604 1937 1697 1973 Πατὴρ
1719 1936 1820 1970 διδάξει

1024 1983 1103 2013 τοῦτο
1119 1984 1148 2010 ὲν
1164 1983 1202 2018 τῷ
1220 1982 1288 2018 μετὰ
1304 1982 1390 2009 ταῦτα
1405 1983 1554 2018 κεφαλαίῳ.

186 2025 313 2059 Cognitio,
342 2026 431 2060 potius
453 2028 536 2054 Deum
562 2028 673 2055 occulit.
705 2027 841 2056 Naturalis
870 2028 943 2056 enim
971 2036 1062 2056 rerum
1094 2028 1190 2056 notitia
1234 2036 1287 2055 non
1312 2033 1416 2054 tantum
1446 2030 1557 2062 prodest
1581 2029 1615 2056 ad
1640 2028 1818 2067 theologiam,

186 2077 316 2105 quantum
333 2079 438 2106 noceat,
457 2074 520 2101 dum
533 2074 559 2102 id
573 2076 646 2109 quod
665 2082 746 2109 supra
768 2080 894 2102 naturam
913 2081 965 2108 est,
983 2075 1016 2102 ad
1034 2083 1066 2101 ea
1080 2082 1140 2109 qua:
1153 2074 1203 2101 sibi
1218 2074 1327 2109 propria
1336 2078 1410 2105 sunt.
1444 2075 1525 2101 etiam
1554 2075 1705 2102 secundant
1737 2081 1819 2102 natu-

187 2126 244 2145 ram
272 2119 390 2147 adducit.
419 2119 472 2147 Sed
499 2122 636 2155 quomodo
654 2121 805 2156 positioaes
821 2121 931 2155 quidem
955 2129 969 2147 a
988 2120 1085 2154 primis
1102 2119 1137 2146 ad
1163 2118 1287 2152 ultimas,
1309 2118 1467 2154 negationes
1481 2126 1547 2146 vero
1569 2119 1602 2147 ab
1637 2120 1746 2148 ultimis
1780 2120 1816 2147 ad

186 2165 288 2198 primas
303 2170 467 2197 statuamus,
484 2166 541 2202 ipse
558 2166 638 2194 Pater
651 2167 678 2194 in
692 2167 818 2201 sequenti
831 2167 921 2202 capite
934 2166 1054 2194 docebit.

414 2310 603 2355 CAPUT
642 2310 736 2354 lll.

185 2381 251 2415 Qut:
268 2382 318 2409 sint
341 2381 498 2416 alﬁrmanm
523 2383 554 2410 de
578 2383 632 2410 Deo
657 2383 812 2418 locutiones,
836 2393 894 2420 qua:
919 2393 965 2411 ne-

521 2425 622 2454 gaum.

1214 2307 1538 2351 ΚΕΦΑΛΑΙΟΝ
1557 2304 1612 2350 Γ’.

1024 2383 1106 2416 Τίνες
1118 2385 1149 2412 αὶ
1163 2387 1357 2423 καταφατικαὶ
1377 2388 1536 2450 deﬁniat,
1558 2388 1639 2422 τινες
1652 2389 1683 2418 td
1697 2389 1819 2424 ἀποφα-

1372 2432 1398 2450 τι
1452 2443 1459 2449 .

1372 2432 1459 2450 τικαι.

830 2496 997 2526 SYNOPSIS
1016 2497 1162 2527 CAPIATIS.

185 2564 228 2592 Ait
242 2572 269 2591 se
282 2563 474 2605 inutheologici:
489 2564 720 2605 informationibus
732 2565 889 2605 ςσριίοιιὶεςρ
905 2566 953 2605 illa
967 2575 1027 2605 qua;
1039 2572 1157 2602 spectant
1171 2568 1205 2605 ad
1221 2568 1305 2596 Deum
1320 2570 1420 2605 trinum
1430 2575 1455 2598 et
1467 2579 1549 2599 unum
1560 2580 1570 2605 ;
1583 2573 1610 2600 in
1626 2573 1736 2603 Divinis
1751 2584 1798 2603 ver

217 2600 525 2646 uotiuiiibuls‘eg‘ifse‘de
543 2601 790 2646 attributiiquilias
804 2601 843 2646 lin
854 2600 1082 2646 :‘S'aripmravlleos
1105 2604 1277 2646 nominatur;
1300 2604 1509 2646 in‘Syl'tnb-olica
1528 2600 1810 2646 denique

216 2640 233 2674 μ
243 2643 320 2675 (eras.
331 2636 392 2675 illas
407 2635 597 2675 sertsiles,_quw
613 2635 787 2675 metaphoriﬁe
800 2636 832 2675 de
849 2635 1103 2675 Deo_enunttarttur,
1118 2635 1297 2675 explatione:
1317 2644 1342 2667 ει
1362 2635 1443 2668 simul
1457 2635 1815 2675 rationem'redtiit_.—E;rut;

216 2666 508 2716 istiisti‘lilrirproltxior
519 2666 602 2706 ’Ῑιὶενι
617 2666 697 2707 quam
712 2672 739 2698 in
754 2671 869 2708 Mystica
892 2673 1038 2709 theologia.
1058 2666 1156 2701 Tradit.
1167 2675 1194 2702 in
1215 2666 1266 2711 (ine
1279 2666 1587 2710 moduhi’fihiﬁiiéi'ig
1595 2666 1812 2716 ὑὲῐῖἇὶίῖῧηὲἷ

215 2711 240 2734 et
253 2706 416 2741 negationes.

216 2791 243 2819 III
268 2790 426 2827 theologicis
450 2789 557 2825 quidem
583 2790 821 2820 iul'ormationibus
846 2800 878 2820 ea
903 2801 964 2828 qua:
980 2795 1003 2826 ο

180 2838 337 2866 allii-mantis
358 2838 499 2873 theologia:
508 2832 639 2866 Maxime
655 2839 766 2873 propria
796 2844 869 2870 sunt.
895 2841 966 2867 cele-

1058 2793 1102 2820 Ὲν
1117 2794 1165 2829 μὲν
1183 2792 1229 2822 οὖν
1249 2797 1309 2828 ταῖς
1326 2795 1492 2830 θεολογικαῐς
1505 2796 1696 2824 ὑποτυπώσεσι
1708 2797 1743 2824 τὰ
1760 2806 1812 2824 χυ-

1025 2839 1143 2876 ριώτατα
1178 2841 1228 2877 τῆς
1254 2842 1444 2878 χαταφατιχῆς
1471 2843 1610 2878 θεολογίας
1640 2844 1807 2881 ὑμνήσαμίν
