1914 3061
60 153 127 182 1035

402 149 446 177 DE
462 147 613 177 MYSTICA
630 142 838 175 THEOLOGIA,
855 141 933 170 CAP.
952 141 996 169 lli.
1014 141 1226 170 -—.LORDERII
1245 141 1361 170 NOTAE.

1626 144 1693 172 i056

58 211 116 242 πῶς
130 211 147 243 ἦ
164 210 224 237 θεία
238 209 262 227 ⁵⁸
278 210 329 237 καὶ
339 208 430 244 ἀγαθὴ
447 207 538 243 φύσις,
563 205 641 242 ἑνικὴ
655 204 775 238 λέγεται,
795 200 855 232 πῶς

908 200 1046 227 bravimns
1063 208 1072 230 ς
1088 199 1224 234 quomodo
1243 200 1335 228 divina
1360 204 1484 234 bonaque
1500 203 1597 227 natura
1614 203 1693 229 unica

57 256 200 293 τριαδική”
216 256 260 288 τίς
277 257 294 291 ὴ
316 256 376 282 κατ’
393 254 478 290 αὐτὴν
503 251 636 288 λεγομένη
661 248 800 284 πατρὸτης
824 255 854 273 τε

60 302 106 330 καὶ
131 302 222 338 υἱότης
233 310 241 317 ι
255 301 282 328 τί
295 301 319 317 ”
337 300 459 337 βούλεται
473 299 570 337 δηλοῦν
597 298 614 333 ὴ
632 295 679 323 τοῦ
695 294 855 338 Πνεύματος

59 347 182 382 θεολογια
192 337 205 362 ·ν
218 346 278 378 πῶς
293 348 325 373 ὲκ
343 346 390 372 τοῦ
406 345 488 372 ἀΰλου
505 344 552 370 καὶ
568 341 687 379 ἀμεροῦς
704 338 807 375 ἀγαθοῦ
821 337 856 364 τὰ

60 393 189 429 ὲγκάρδια
203 393 252 428 τῆς
267 391 435 427 ἀγαθότητος
461 389 542 424 ἐξέφυ
568 388 655 424 φῶτα,
683 386 731 414 καὶ
755 385 804 420 τῆς
827 385 856 411 ὲν

60 439 144 474 αὐτῷ,
161 439 208 465 καὶ
225 440 254 465 ὲν
270 438 386 469 ἑαυτοῖς,
406 437 453 463 καὶ
475 437 506 462 ὲν
523 434 648 470 ἀλλήλοις
669 431 805 459 ωναῖδίου
822 431 855 465 τῇ

60 476 258 521 ἀναὸλαστήσει
294 484 378 520 μονῆς
413 482 624 518 ἀπομεμένηκεν
658 477 855 512 ἀνεκφοίτηταν

61 531 123 562 πῶς’
145 530 346 566 ὀ-ὑπερούσιος
382 529 486 564 Ἰησοῦς
526 523 763 562 ἁνθρωποφυῖκαῖς
792 521 859 555 ἀλη-

61 578 147 609 θείαις
177 577 324 604 οὖσίωται’
355 577 402 603 καὶ
430 577 481 602 ὅσα
504 574 572 602 ἄλλα
600 572 667 609 πρὸς
681 570 735 597 τῶν
753 568 858 602 Λογίων

62 623 258 659 ὲκτέεφασμένα
287 623 358 650 κατὰ
387 622 438 654 τὰς
475 619 633 655 θεολογικὰς
669 615 858 645 ὑποτυπώσεις

61 670 198 706 ὑμνεῖται.
231 670 275 696 Ἐν
291 669 319 696 δὲ
344 668 384 704 τῷ
406 668 477 702 Περὶ
500 668 587 695 θείων
613 664 776 700 ὀνομάτων,
798 661 858 693 πῶς

61 715 163 750 ἀγαθὸς
181 715 352 751 ὀνομάζεται,
369 714 428 746 πῶς
444 713 492 746 ὣν,
511 713 569 744 πῶς
587 711 642 746 ζωὴ
657 710 704 737 καὶ
719 707 800 742 σοφία
813 707 857 745 νη,

61 761 109 788 καὶ
125 761 250 797 δύναμις,
269 761 316 788 καὶ
338 761 388 787 ὃσα
412 759 479 788 ἄλλα
495 759 544 795 τῆς
567 757 667 793 νοητῆς
684 757 742 782 ἐστι
756 754 858 780 θεωνυ-

62 806 144 844 μίας·
161 809 190 835 ὲν
207 808 234 834 δὲ
252 809 285 843 τῇ
304 803 476 842 Σιιμόολικῇ
497 804 645 839 θεολογίᾳ,
669 802 740 833 τίνες
756 801 783 827 αἱ
805 797 859 826 ἀπὸ

60 855 116 881 τῶν
147 854 283 888 αἰσθητῶν
309 853 356 880 ἐπὶ
381 852 415 879 τὰ
442 852 501 879 θεῖα
528 848 719 887 μετωνυμίαιο
740 846 812 877 τίνες
831 845 860 870 αἱ

908 246 1023 278 dicatur,
1050 247 1186 281 quomodo
1209 245 1295 279 trina;
1311 253 1436 281 quaenam
1453 247 1601 274 secundum
1620 247 1694 275 illam

906 292 1057 327 paternitas
1072 292 1190 323 dicatur,
1201 295 1229 318 et
1245 299 1370 326 quaenam
1386 292 1493 323 ﬁlialio.
1510 293 1610 327 quidve
1630 294 1696 322 velit

907 338 959 366 sibi
978 338 1022 365 illa
1038 338 1128 365 divina
1145 337 1263 372 Spiritus
1283 338 1470 366 denominatio
1485 347 1493 365 :
1509 340 1644 373 quomodo
1659 347 1695 367 ex

909 382 1082 412 iminaleriali
1097 388 1125 411 et
1140 383 1279 410 individuo
1291 382 1375 414 bono,
1398 384 1528 412 cordialia
1550 385 1601 412 ista
1613 386 1693 413 [νοιιί-

909 429 972 456 tatis
988 429 1090 456 lumina
1110 428 1278 464 pullulat-int,
1296 433 1323 454 et
1337 429 1364 454 in
1377 429 1445 462 ipso,
1461 434 1488 457 et
1499 430 1525 457 in
1546 431 1654 464 seipsis,
1668 436 1697 458 et

909 475 935 501 in
952 482 981 502 se
997 479 1091 502 nmtuo
1106 479 1239 502 eoa-terna
1262 475 1449 509 propagationi
1474 477 1613 504 mansione
1629 485 1696 504 nns-

909 528 989 555 quam
1011 520 1185 555 digrediendo
1209 521 1430 553 permanserint:
1455 523 1591 555 quomodo
1605 522 1696 558 Jesns,

909 567 1186 602 superSnbstantialis,
1201 567 1327 594 humana!
1341 573 1444 594 natura;
1457 568 1617 596 seritatibus
1631 570 1698 596 sub-

909 613 1054 640 stantiatus
1072 612 1118 643 sit,
1133 616 1160 640 et
1176 620 1346 647 quaecunque
1364 613 1415 640 alia
1427 621 1441 640 ο
1455 613 1603 648 Scripturis
1614 622 1697 649 expo-

910 659 961 685 sita
979 659 1004 685 in
1033 658 1193 693 theologicis
1219 659 1458 686 inl‘ormationibus
1485 660 1696 688 celebravimus.

911 705 938 732 In
953 705 1024 732 libro
1038 709 1129 732 autem
1147 704 1184 731 De
1196 705 1292 732 divinis
1317 706 1477 739 numinibus,
1500 707 1636 740 quomodo
1649 708 1699 733 ho-

911 758 961 778 nus
983 751 1149 782 nominetur,
1173 751 1307 786 quomodo
1327 759 1385 783 ens,
1399 753 1535 785 quomodo
1548 752 1599 778 vita
1612 758 1638 778 et
1655 760 1698 779 sa-

911 797 1010 830 pientia
1026 802 1054 824 et
1070 797 1168 830 virtus,
1191 802 1218 824 et
1237 804 1406 831 qumcunque
1421 797 1472 824 alia
1486 798 1636 831 spiritalem
1651 799 1698 826 Dei

910 847 1079 871 concernunt
1090 843 1296 878 appellationem
1313 852 1320 875 ;
1338 844 1362 870 in
1379 843 1529 878 Symbalica
1546 852 1610 873 vero
1625 849 1699 872 theo-

62 878 133 927 ﬁeiut
300 878 359 926 τίνα
370 878 405 925 τά
420 898 479 924 θεῖα
495 878 695 932 σχῖἡματαίκαὶ
715 890 796 929 μέρη,
808 890 855 917 καὶ

909 889 989 924 logia,
1010 896 1132 923 quaenam
1159 890 1268 917 nomina
1295 890 1411 917 divinae
1426 891 1508 917 rebus
1523 891 1699 919 sensibilihus

61 946 176 983 δργανα,
191 946 262 978 τίνες
276 947 300 972 οἱ
316 946 381 972 θεῖοι
396 944 484 975 τόποι,
499 943 546 970 καὶ
561 942 669 978 κόσμοι,
685 940 757 972 τίνες
771 939 796 966 οἱ
811 937 857 964 θυ-

64 993 120 1028 μοὶ,
142 992 214 1024 τίνες
235 993 262 1018 αἱ
283 990 376 1022 λῦπαι,
399 990 446 1017 καὶ
462 991 490 1016 αι
512 988 630 1025 μήνιδες,
645 987 717 1018 τινες
732 986 760 1013 αἱ
777 984 857 1021 μέθαι

64 1039 111 1066 καὶ
126 1039 153 1065 αἱ
169 1037 330 1074 κραιπάλαι,
351 1037 423 1068 τίνες
436 1037 460 1062 oi
474 1037 561 1071 ὅρκοι,
578 1035 626 1061 καὶ
645 1033 717 1065 τίνες
732 1033 759 1059 αἱ
781 1031 855 1067 ἀραὶ,

67 1085 140 1116 τίνες
155 1086 178 1111 οἱ
193 1084 282 1115 ὕπνοι,
304 1083 351 1110 καὶ
371 1083 441 1114 τίνες
464 1084 491 1110 αἰ
515 1081 703 1117 ὲγρηγόρσεις,
726 1079 773 1106 καὶ
795 1079 856 1104 ὅσαι

70 1130 149 1158 ἄησι
168 1130 218 1165 τῆς
247 1129 413 1165 συμϐολικῆς
440 1130 493 1155 είσι
521 1127 664 1158 θεοτυπίας
686 1125 856 1162 ἱερὸπλαστοι

65 1175 233 1212 μορφώσεις.
249 1175 305 1202 Καί
321 1184 350 1202 σε
364 1175 455 1210 οἴομαι
471 1173 683 1209 συνεωρακέναι,
700 1171 758 1203 πῶς
774 1171 855 1197 πολυ-

68 1221 208 1257 λογώτερα
224 1220 322 1256 μᾶλλόν
337 1221 396 1247 ἐστι
409 1220 444 1246 τὰ
458 1219 559 1254 ἔσχατα
579 1217 633 1244 τῶν
655 1216 785 1252 πρώτων·
810 1216 856 1242 καί¹

63 1268 119 1304 γὰρ
134 1268 217 1303 ἐχρῆν
231 1267 280 1299 τὰς
297 1265 455 1301 θεολογικὰς
468 1263 666 1295 ὑποτυπώσεις,
685 1262 732 1290 καὶ
744 1262 793 1297 τὴν
801 1261 855 1287 τῶν

65 1314 146 1341 θείων
167 1313 307 1349 ὀνομάτων
322 1311 471 1344 ἀνάπτυξιν
492 1309 735 1346 βραχυλογωτέραν
753 1309 761 1323 ¹
785 1305 855 1334 εἶναι

63 1360 113 1396 τῆς
128 1358 315 1394 Συμϐολικῆς
329 1358 492 1392 θεολογίας.
515 1356 644 1391 Ἐπείπερ
665 1355 720 1390 ὅσῳ
736 1353 804 1389 πρὸς
826 1353 856 1380 τὸ

65 1406 180 1438 ἄναντες
195 1405 372 1441 ἀνανεύομεν,
388 1405 514 1432 τοσοῦτον
528 1406 552 1431 οἱ
566 1404 638 1438 λόγοι
652 1404 712 1434 ταῖς
729 1402 855 1437 συνύψεσι

67 1452 123 1479 τῶν
138 1452 241 1487 νοητῶν
263 1451 497 1487 περιστέλλονται·
521 1449 646 1485 καθάπερ
667 1449 714 1476 καὶ
733 1447 799 1475 νῦν¹
814 1449 854 1479 εἰς

65 1498 111 1525 τὸν
127 1497 197 1534 ὑπὲρ
212 1497 274 1524 νοῦν
289 1496 454 1528 εἰσδύνοντες
469 1496 479 1511 ³
495 1495 603 1531 γνὸφον,
617 1495 647 1522 οὐ
664 1493 853 1530 βραχυλογίαν,

65 1544 123 1571 ἀλλ’
143 1543 253 1578 ἀλογίαν
274 1542 391 1579 παντελῆ
406 1543 452 1570 καὶ
467 1542 595 1577 ἀνοησιαν
615 1542 776 1577 εὑρήσομεν.
797 1541 854 1567 Κὰ-
868 1554 889 1583 C

65 1589 111 1616 κεῖ
126 1589 174 1624 μὲν
196 1588 249 1615 ἀπὸ
263 1588 310 1614 τοῦ
332 1588 389 1615 ἀνω
403 1588 471 1623 πρδς
489 1587 523 1614 τὰ
538 1587 639 1623 ἔσχατα
661 1586 761 1614 κατιὼν
781 1587 795 1612 ό
812 1585 856 1612 λό-

65 1642 124 1669 γος,
140 1634 209 1661 κατὰ
223 1634 253 1660 τὸ
268 1634 349 1660 ποσὸν
362 1634 411 1669 τῆς
426 1633 549 1666 καθόδου,
565 1633 633 1669 πρὸς
646 1632 775 1666 ἀνάλογον
791 1632 856 1666 πλῆ-

65 1679 112 1711 θος
126 1679 259 1715 ηὐρύνετο
269 1688 275 1694 ·
298 1679 346 1705 νῦν
365 1678 403 1709 δὲ,
419 1679 473 1705 ἀπὸ
488 1678 542 1705 τῶν
562 1679 638 1705 κάτω
652 1678 720 1713 πρὸς
734 1677 764 1704 τὸ
773 1677 856 1712 ὑπερ-

66 1725 195 1760 κείμενον
209 1723 302 1756 ἀνιὼν,
318 1723 389 1750 κατὰ
403 1723 433 1750 τὸ
453 1723 550 1758 μέτρον
564 1723 615 1758 τῆς
630 1722 723 1749 ἀνόδου
741 1722 855 1748 συστέλ-

65 1769 153 1802 λεται,
169 1770 216 1797 καὶ
233 1770 301 1805 μετὰ
323 1771 413 1796 πᾶσαν
433 1769 526 1796 ἄνοδον
553 1768 613 1800 ὅλος
641 1769 747 1803 ἄφωνος
767 1769 855 1799 ἔσται,

70 1815 119 1843 καὶ
127 1816 187 1847 ὅλος
202 1816 213 1831 ⁸
228 1816 392 1851 ἐνωθήσεται
406 1814 445 1850 τῷ
459 1814 614 1849 ἁφθέγκτῳ.
631 1813 679 1840 Διὰ
700 1815 720 1840 tl
735 1814 763 1841 δὲ
776 1814 855 1846 ὅλως,

66 1859 130 1893 φῂς,
148 1858 202 1884 ἀπὸ
223 1857 270 1884 τοῦ
292 1858 446 1893 πρωτίστου
469 1858 577 1894 θέμενοι
593 1859 643 1889 τὰς
665 1857 740 1890 θείας
756 1858 855 1891 θέσεις,

66 1904 122 1931 ἀπὸ
135 1903 191 1930 τῶν
205 1903 327 1938 ἐσχάτων
347 1903 488 1939 ἀρχόμεθα
509 1904 560 1939 τῆς
574 1903 651 1936 θείας
665 1904 855 1940 ἀφαιρέσεως;

69 1949 142 1980 Ὅτι,
156 1948 188 1974 τὸ
203 1948 272 1983 ὑπὲρ
287 1949 377 1975 πᾶσαν
389 1947 514 1979 τιθέντας
535 1947 608 1974 θέσιν
623 1948 634 1964 ⁵
653 1947 707 1974 ἀπὸ
726 1947 773 1974 τοῦ
791 1947 858 1982 μᾶλ-

67 1993 114 2020 λον
128 1992 202 2028 αὐτῷ
218 1992 440 2027 συγγενεστέρου,
457 1992 506 2027 τὴν
521 1992 685 2028 ὑποθετικὴν
702 1992 857 2027 κατάφασιν

67 2039 152 2075 ἐχρῆν
172 2039 290 2066 τιθέναι’
306 2038 337 2065 τὸ
356 2038 384 2065 δὲ
405 2038 476 2074 ὑπὲρ
497 2039 587 2066 πᾶσαν
608 2038 754 2074 ἀφαίρεσιν
773 2039 856 2073 ἀφαι-

69 2086 194 2123 ροῦντας,
211 2086 265 2113 ἀπὸ
281 2086 336 2113 τῶν
352 2086 451 2121 μᾶλλον
465 2085 547 2113 αὐτοῦ
564 2086 576 2102 ⁵
589 2085 769 2121 διεστηκότων
777 2085 858 2120 ἀφαι-

70 2134 137 2169 ρεῖν.
159 2132 195 2159 Ἢ
213 2132 273 2167 οὐχὶ
288 2131 388 2167 μᾶλλόν
408 2133 466 2159 ἐστι
480 2132 536 2167 ζωὴ
557 2132 605 2158 καὶ
624 2131 758 2167 ὰγαθότης
772 2131 788 2166 ἢ
804 2131 857 2168 ἀὴρ

68 2179 117 2206 καὶ
133 2178 220 2211 λιθοςς
235 2179 281 2206 καὶ
303 2179 402 2214 μᾶλλον
422 2179 452 2206 οὑ
474 2178 622 2214 κραιπαλᾷ,
644 2179 691 2205 καὶ
710 2178 740 2205 οὐ
764 2179 856 2214 μηνιᾷ,

67 2226 85 2262 ἢ
102 2225 133 2252 οὺ
148 2225 256 2259 λέγεται
277 2225 337 2252 οὐδὲ
352 2225 470 2257 νοεῖται;

911 934 1041 962 translata
1058 935 1123 969 sint,
1141 943 1255 970 qumque
1269 936 1368 964 divinae
1393 935 1497 968 formae,
1513 945 1572 971 quae
1593 938 1698 972 ﬁgam,

910 989 971 1016 quae
986 982 1120 1014 membra,
1137 981 1216 1018 533
1231 991 1290 1018 quae
1307 984 1485 1011 instrumenta
1498 1009 1504 1016 ,
1520 992 1580 1019 qum
1604 985 1696 1012 divina

908 1028 978 1060 loca,
994 1027 1041 1063 qui
1056 1033 1181 1061 ornatus,
1195 1030 1242 1063 qui
1258 1029 1376 1062 fumres,
1392 1037 1451 1064 quae
1469 1031 1585 1058 tristitia:
1599 1037 1626 1058 et
1639 1032 1697 1064 ine,

909 1081 1032 1109 quaenam
1048 1073 1197 1101 ebrietates
1212 1078 1239 1102 et
1252 1075 1378 1110 crapulm,
1391 1083 1450 1109 qinn
1462 1075 1698 1112 juramenta,qu;e

909 1118 1124 1151 maledictiones,
1147 1119 1192 1152 qui
1222 1120 1322 1151 somni.
1351 1128 1410 1154 quae
1438 1121 1644 1156 evigilationes,
1668 1127 1696 1150 et

907 1169 1044 1200 quotquot
1065 1165 1125 1192 alia}
1148 1170 1210 1192 sunt
1224 1166 1380 1200 symbolice:
1401 1166 1572 1202 etﬁgiationis
1588 1168 1634 1195 Dei
1652 1175 1697 1195 sa-

908 1217 961 1237 cra;
979 1210 1159 1238 formationes
1174 1219 1206 1238 ac
1223 1212 1410 1246 ﬁgurationes.
1432 1213 1558 1240 Arbitror
1572 1214 1652 1240 etiam
1670 1219 1697 1241 te

907 1255 1130 1290 deprehendisse,
1153 1257 1288 1291 quomodo
1310 1263 1431 1285 extrema
1461 1259 1516 1286 sint
1545 1259 1694 1293 prolixiora

907 1301 1060 1336 priuribus;
1080 1303 1194 1330 decebat
1205 1303 1277 1330 enim
1295 1304 1503 1335 inl‘ormationcs
1519 1306 1696 1342 theologicas,

907 1353 933 1376 et
950 1349 1103 1376 divinorum
1122 1349 1264 1377 nominum
1282 1351 1500 1385 explanationem
1527 1353 1615 1380 minus
1633 1362 1696 1381 ver-

906 1394 971 1422 bosa
988 1402 1049 1423 esse
1066 1396 1217 1430 Symbolica
1232 1397 1376 1432 theologia.
1395 1397 1502 1431 Quanto
1517 1400 1590 1426 enim
1608 1400 1641 1427 ad
1655 1401 1699 1427 al-

908 1441 980 1468 tiora
1008 1442 1216 1476 contendimus,
1241 1447 1318 1470 tanto
1341 1443 1429 1478 magis
1453 1451 1592 1473 sermones
1609 1447 1697 1474 nostri

907 1493 998 1513 rerum
1015 1485 1215 1514 intellectilium
1239 1488 1397 1523 aspectibus
1406 1490 1624 1522 contrahuntur;
1643 1492 1698 1518 sic-

907 1537 937 1560 ut
963 1532 1047 1560 etiam
1075 1533 1168 1566 modo,
1186 1533 1251 1561 dum
1267 1533 1410 1569 caliginem
1430 1534 1514 1568 illam,
1530 1543 1590 1571 quae
1615 1537 1695 1564 intel—

907 1583 1007 1606 lectum
1025 1584 1146 1613 superat,
1163 1579 1366 1614 ingrediemur,
1384 1588 1439 1607 non
1458 1581 1483 1607 in
1502 1581 1698 1616 breviloquen-

906 1624 973 1651 tiam
997 1624 1147 1656 duntaxat,
1169 1632 1264 1652 verum
1286 1626 1369 1653 etiam
1392 1626 1418 1653 in
1443 1626 1582 1654 silentium
1600 1627 1690 1662 perfe-

906 1675 981 1698 ctum
993 1690 1000 1702 ,
1017 1674 1045 1697 et
1061 1670 1247 1706 intelligentiae
1268 1671 1450 1699 defectionem
1468 1672 1630 1700 incidemus.
1646 1674 1696 1700 At-

907 1723 961 1750 que
978 1715 1005 1743 in
1023 1715 1078 1742 illis
1095 1715 1206 1750 quidem
1222 1724 1237 1742 a
1255 1723 1385 1749 supremo
1402 1717 1436 1744 ad
1454 1716 1546 1745 inﬁma
1569 1718 1697 1746 derivatis

906 1761 1008 1792 oratio,
1025 1768 1074 1795 pro
1091 1768 1219 1789 mensura
1247 1763 1394 1790 descensus
1410 1764 1443 1790 ad
1460 1765 1697 1798 proportionatant

907 1806 1079 1834 latitudinem
1103 1808 1302 1836 extendebatur
1319 1817 1325 1842 ;
1345 1817 1416 1837 nunc
1439 1817 1504 1837 vero
1526 1811 1560 1837 ab
1584 1810 1697 1838 infcrio-

907 1853 982 1880 ribus
999 1853 1032 1880 ad
1051 1853 1076 1881 id
1092 1854 1164 1888 quod
1181 1861 1337 1889 supremum
1354 1857 1468 1888 eminet,
1486 1857 1636 1885 ascendens
1649 1857 1695 1891 jn-

907 1903 954 1926 xta
971 1899 1080 1926 modum
1105 1901 1272 1928 ascensionis
1295 1902 1489 1935 contrahitur,
1507 1907 1535 1929 et
1551 1907 1614 1937 post
1631 1911 1694 1930 om-

907 1952 970 1972 nem
994 1952 1138 1973 ascensnm
1161 1946 1269 1980 penitus
1292 1947 1480 1980 obmulescet,
1499 1953 1580 1983 atque
1596 1948 1695 1976 ineli‘a-

907 1991 954 2018 bili
973 1991 1050 2026 (Deo)
1068 1996 1125 2019 tota
1142 1992 1329 2028 conjungetur.
1348 1992 1400 2021 Sed
1418 2001 1548 2028 quorsum
1567 1995 1696 2031 (inquies)

909 2046 923 2064 a
941 2038 1030 2072 primo
1056 2038 1204 2072 positiones
1221 2039 1327 2067 divinas
1344 2044 1508 2073 statuentes,
1525 2041 1644 2068 divinam
1663 2041 1696 2068 il-

908 2085 962 2112 lam
979 2085 1143 2113 ablutionem
1161 2085 1195 2113 ab
1211 2086 1343 2114 extremis
1360 2087 1551 2122 auspicamur?
1568 2086 1636 2120 Quia
1655 2088 1696 2115 ni-

907 2132 1017 2164 mirum,
1032 2139 1093 2159 cum
1111 2132 1149 2165 id,
1167 2133 1238 2167 quod
1250 2140 1331 2165 supra
1346 2141 1453 2160 omnem
1469 2134 1632 2167 positionem
1643 2139 1695 2169 est,

909 2179 1096 2207 statuebamus
1113 2179 1147 2206 ab
1163 2186 1196 2206 eo
1213 2180 1284 2214 quod
1303 2180 1353 2214 ipsi
1372 2180 1459 2215 magis
1475 2185 1622 2215 cognatum
1640 2187 1694 2216 est,

872 2223 894 2252 D
910 2225 1112 2252 fundamentum
1136 2224 1287 2253 alIirmandi
1319 2226 1472 2261 ponendum
1499 2232 1558 2254 erat
1574 2236 1582 2260 ;
1601 2236 1694 2257 verum

69 2278 133 2299 cum
161 2271 186 2298 id
211 2271 330 2299 tollimus
353 2271 425 2306 quod
453 2279 534 2306 supra
558 2279 666 2299 omnem
684 2277 726 2299 est
743 2272 920 2305 ablationem,
939 2272 974 2299 ab
991 2271 1024 2299 iis
1041 2279 1149 2306 quoque
1180 2279 1241 2308 qum
1273 2272 1392 2300 maxime
1425 2273 1527 2300 distant
1560 2275 1694 2302 removeri

70 2317 207 2350 debebat;
225 2325 314 2346 nonne
331 2318 403 2346 Deus
429 2319 518 2354 magis
540 2323 582 2346 est
603 2319 658 2346 vita
684 2323 712 2346 et
741 2319 867 2353 bonitas,
900 2310 982 2354 quam
1004 2326 1051 2347 aer
1068 2323 1122 2354 aut
1156 2319 1248 2355 lapis?
1279 2319 1422 2355 magisque
1443 2327 1504 2354 ,non
1534 2319 1694 2355 crapulalur

69 2368 97 2392 et
123 2369 176 2391 non
203 2364 341 2398 irascitur,
369 2372 451 2400 quam
482 2372 536 2393 non
566 2365 675 2393 dicatur
692 2369 738 2392 aut
755 2365 941 2401 intelligatur?

651 2517 918 2546 ADNOTATIONES
937 2516 1108 2545 CORDERII.

111 2587 146 2616 In
165 2587 318 2623 theologitis
337 2589 442 2624 quidem
462 2588 712 2623 informationibus.
732 2593 786 2617 etc.
808 2588 846 2616 Ex
865 2589 917 2615 hoc
934 2588 1024 2623 capite
1043 2591 1117 2623 patet
1134 2587 1228 2623 (quod
1250 2588 1442 2616 observatione
1466 2589 1586 2623 generali
1612 2589 1641 2616 ll
1670 2591 1699 2616 et

72 2624 109 2660 {2
128 2623 468 2660 probavimusisanctum
486 2624 645 2660 Dionysium
678 2629 807 2652 accurate
833 2630 930 2651 omnes
954 2624 1038 2660 totius
1061 2624 1230 2660 scholastica!
1255 2623 1398 2660 theologia:
1423 2628 1514 2660 partes
1539 2624 1695 2660 tradidisce.

74 2659 143 2688 Nam
160 2663 192 2687 ut
208 2659 253 2687 hic
271 2658 424 2694 signiﬁcat,
443 2659 471 2686 in
495 2658 647 2694 theologicia
665 2659 919 2694 informationibut,
938 2665 1006 2693 quas
1022 2658 1365 2693 Dnowmbcetc'appellat,
1384 2659 1535 2686 luculenter
1551 2663 1581 2687 ct
1606 2659 1696 2694 ample

704 2748 822 2776 VARUS
855 2747 1057 2778 LECTIONES.

104 2819 128 2857 ξ’
149 2819 193 2857 ita
202 2819 355 2857 legendum.
371 2818 455 2857 _’°_in
479 2817 512 2857 Si
533 2818 568 2857 Ρ..
580 2822 607 2846 et
630 2818 897 2857 Sc.-_pra_zpon_untur
919 2820 976 2857 haec
993 2820 1086 2857 verbaz
1104 2818 1137 2857 τί
1146 2815 1202 2857 οὖνέ
1219 2820 1277 2857 ἐστι
1295 2818 1389 2857 frore-.0,
1407 2820 1434 2855 ἦ.
1475 2819 1509 2857 '_°°
1526 2820 1690 2857 ntTJSerozﬂL

75 2856 85 2873 ί
105 2853 352 2894 βραρυλοῇέηέρανλ
370 2853 400 2882 S.
418 2853 657 2894 βραχυλογῴτερα,
675 2853 724 2881 Ch.
743 2855 774 2894 D_.
809 2855 820 2870 ¹
836 2854 884 2881 καὶ
900 2854 1092 2894 ,καθάπερ-καὶ
1107 2853 1165 2894 xxiv,
1185 2853 1214 2881 S.
1237 2855 1261 2890 _'
1278 2853 1457 2887 εἰσδύνοντας,
1477 2853 1507 2882 D.
1545 2855 1554 2870 ⁵
1565 2853 1648 2887 ὅλως,
1664 2863 1692 2884 et

75 2889 308 2923 κα”ι“ὅλως,⁷5.;ἱίι
336 2890 366 2918 D.
381 2895 494 2923 utraque
512 2890 590 2918 lectio
605 2889 724 2918 notatur.
761 2889 771 2906 '
788 2897 878 2924 φυσιν,
896 2890 947 2917 Ch.
981 2890 991 2905 ⁸
1008 2889 1090 2924 αὐτῷ,
1105 2890 1154 2916 Ch.

239 2937 376 2967 ΡΑτιιοι..
396 2936 456 2967 Gn.
485 2936 541 2968 ill.

1494 2937 1533 2966 33
