1914 3061
52 159 62 186 1
68 159 116 186 057

310 159 354 187 DE
378 159 528 188 MYSTICA
544 159 748 192 THEOLOGI’A,
765 160 821 188 (ΞΜ

872 161 904 190 ll.
919 176 954 181 —
969 161 1140 190 PARAPHB.
1157 162 1391 191 PACIIYMER£.

1577 165 1655 194 1038

51 215 157 249 μάξεται
171 216 185 242 ό
199 215 264 248 Θεὸς
279 218 477 251 καταφατικῶς,
495 218 541 245 καὶ
558 218 605 251 ὢν,
625 219 673 245 καὶ
693 218 760 254 ζωὴ,
779 219 821 245 καὶ

876 220 1016 247 mansione
1036 220 1094 248 sine
1116 228 1236 255 egressu.
1258 222 1284 248 In
1303 222 1373 249 libro
1393 226 1482 249 autem
1505 221 1543 249 De
1563 223 1656 250 divinis

50 260 132 295 σοφία,
147 261 194 287 καὶ
207 262 330 297 δύναμις.
349 263 432 289 Πάλιν
451 263 482 289 ὲν
495 265 528 298 τῇ
543 263 712 298 Συμϐολικῇ
725 265 825 290 θεολο-

48 307 102 340 γίᾳ,
115 307 184 338 τινες
197 308 224 333 αι
239 307 291 333 ἀπὸ
309 307 362 333 τῶν
375 307 510 342 αἰσθητῶν
529 309 706 343 μετωνυμίαι,
720 309 766 335 καὶ
786 307 826 334 τί-

48 353 128 383 νες¹αἱ
152 352 263 387 μορφαὶ,
279 352 311 384 ἃς
327 352 499 387 περιτιΘεῖο-ιν
519 354 542 379 οἱ
560 354 693 388 προφῆται
713 353 825 387 θεοπρε-

47 396 102 428 πῶς
124 396 161 431 τῷ
185 396 274 431 Θείῳ·
301 396 348 422 καὶ
363 398 426 423 ποῖα
440 396 474 423 τὰ
496 397 631 432 σχήματα,
650 397 696 423 καὶ
717 396 751 423 τὰ
778 397 825 423 τοῦ

47 440 165 476 σώματος
181 441 261 476 μέρη,
276 441 335 467 τίνα
350 442 482 477 πρόσωπα
492 442 620 477 δηλονότι,
635 443 681 469 καὶ
697 441 762 474 ὦτα,
777 444 824 470 καὶ

45 487 141 522 χεῖρες,
157 487 203 513 καὶ
225 487 313 519 πόδες,
330 487 377 513 καὶ
394 488 456 514 ποῖα
476 486 509 514 τὰ
536 488 647 522 ὄργανα,
664 488 710 514 καὶ
732 488 823 518 τάλλα,

45 532 87 557 ἵνα
103 531 138 567 μὴ
151 531 210 558 καθ’
226 531 340 558 ἕκαστον
363 532 494 567 λέγωμεν,
517 532 535 559 ἃ
552 532 583 568 δὴ
608 533 694 559 πάντα
713 533 742 566 ἐξ
756 534 824 560 ἀπο-

43 575 148 609 φάσεως
171 576 308 610 ὀφείλουσι
330 576 453 611 λέγεσθαι
473 576 519 602 ὲπ).
542 576 618 603 Θεοῦ.
646 577 738 612 Ἔχεις
761 578 824 611 γοῦν

43 619 192 654 γινώσκειν,
210 621 267 653 πῶς
281 620 316 647 τὰ
339 621 439 657 μᾶλλον
454 621 627 657 πορρώτερον
646 622 692 648 τοῦ
715 622 791 654 Θεοῦ,
807 623 824 650 ἃ

42 666 73 701 δὴ
87 666 185 701 ἔσχατα
197 666 281 700 λέγει,
297 666 501 702 πολυλογώτερά
515 668 592 694 εἰσιν.
606 667 680 702 ’Ὀσῳ
692 667 745 703 γάρ
757 668 825 693 εἰσιν

41 711 161 738 ἀνοικεια
174 710 242 746 Θεῷ,
262 711 309 738 καὶ
332 711 368 747 μὴ
383 713 564 748 προσήκοντα,
586 711 705 746 τοσούτῳ
721 712 824 738 δέονται

42 756 126 790 λόγων
147 758 187 788 εις
206 757 383 792 παράστασιν,
406 756 464 788 πῶς
484 757 530 783 επὶ
551 756 617 783 Θεοῦ
638 756 822 793 νοηθήσονται.

40 801 90 828 Διά
118 801 195 828 τοῦτο
223 803 250 828 αἱ
267 802 437 836 Θεολογικαὶ
463 801 671 834 ὑποτυπώσεις
699 802 768 828 κατά
793 803 824 828 τὸ

41 848 110 881 Περὶ
138 846 197 874 τῶν
228 848 314 874 θείων
345 847 495 881 ὀνομάτων
518 847 672 882 βραχύτερά
690 849 742 874 εἰσι
773 848 822 883 τῆς

40 892 227 927 Συμϐολικῆς
248 893 409 927 θεολογίας,
425 893 465 919 ὅτι
489 894 518 919 ὲν
541 892 653 925 ἐκείνοις
674 901 823 928 καταφατι-
837 917 858 944 Β

38 938 97 969 κῶς
111 937 247 973 ἐλέγομεν,
271 938 300 965 ἐν
322 937 370 973 μὲν
388 938 448 969 ταῖς
469 938 655 972 Θεολογικαῖς
669 938 823 966 ὑποτυπώ-

36 990 119 1015 σεσι,
137 983 199 1018 περὶ
214 980 291 1015 Θεοῦ,
313 983 354 1009 ὅτι
377 982 471 1017 μονὰς.
482 983 524 1010 ὅτι
544 983 637 1019 Τριὰς,
655 985 697 1011 ὃτι
718 984 820 1020 Πατὴρ,

38 1028 82 1054 ὅτι
98 1028 171 1059 Υἱὸς,
187 1028 234 1054 καὶ
248 1027 375 1064 Πνεῦμα·
393 1030 422 1055 ὲν
438 1029 466 1055 δὲ
481 1027 519 1063 τῷ
532 1029 600 1063 Περὶ
615 1030 699 1056 θείων
717 1030 822 1064 ὀνομάρ

40 1082 108 1105 των,
122 1074 162 1100 ὃτι
173 1072 220 1105 ὢν,
236 1074 277 1100 ὃτι
291 1074 358 1109 ζωὴ,
375 1074 415 1100 ὅτι
432 1074 520 1108 σοφία,
542 1074 583 1100 ὅτι
603 1074 715 1110 δύναμις
726 1084 732 1090 ·
750 1077 778 1102 ὲν
794 1076 822 1102 δὲ

37 1120 73 1154 τῇ
90 1118 258 1152 Σιψϐολικῇ
275 1119 419 1154 θεολογίᾳ,
430 1119 490 1146 ἐπεὶ
507 1120 570 1154 περὶ
584 1120 723 1155 συμϐόλων
738 1120 820 1155 λέγει,

40 1164 205 1200 σχημάτων,
224 1163 330 1199 μερῶν,
353 1163 492 1199 ὀργάνων,
513 1164 685 1199 κραιπαλῶν,
712 1165 820 1200 ὁρμῶν,

39 1207 142 1242 ὕπνων,
166 1209 370 1245 ὲγρηγόρσεων,
399 1208 418 1235 ἃ.
440 1209 472 1244 δὴ
498 1209 584 1236 πάντα
609 1209 639 1241 ἐξ
661 1210 821 1244 ἀποφάσεως

37 1254 174 1290 ὀφείλουσι
189 1255 321 1289 λέγεσθαι,
336 1254 373 1286 ὡς
387 1255 508 1282 ἀνοίκεια
523 1256 569 1283 καὶ
582 1256 675 1291 πόῤῥω
690 1256 767 1287 Θεοῦ,
783 1257 821 1283 ει-

36 1301 126 1332 κότως
138 1300 338 1336 πολυλογώτερα
349 1300 383 1327 τὰ
393 1301 503 1328 τοιαῦτα
519 1302 667 1337 συνέϐησαν
681 1301 804 1336 γενέσθαι
812 1310 819 1317 ι

35 1346 156 1382 ἐπείπερ
184 1346 238 1381 ὅσῳ
255 1346 292 1381 τῷ
314 1346 373 1381 Θεῷ
387 1347 536 1383 οἰκειότερα
556 1346 680 1381 λέγομεν,
696 1347 742 1373 καὶ
756 1347 821 1374 ἀνα-

36 1391 162 1427 νεὺομεν,
175 1392 222 1419 καὶ
236 1391 378 1427 ἐγγίζομεν
395 1392 462 1428 πρὸς
480 1392 569 1424 αὑτὸν,
582 1392 700 1428 τοσούτῳ
715 1393 738 1419 οι
749 1392 822 1426 λόγοι

35 1438 99 1469 ταῖς
114 1437 238 1472 συνόψεσι
247 1437 301 1464 τῶν
307 1437 408 1473 νοητῶν
419 1437 644 1473 περιστέλλονται.
655 1437 781 1472 Συνόψεις
793 1437 822 1464 δὲ

33 1483 93 1509 τῶν
108 1483 219 1518 νοητῶν,
230 1482 279 1515 τὰς
293 1483 326 1518 τῇ
340 1482 412 1518 ἀολῳ
425 1483 512 1509 αὐτῶν
524 1483 654 1518 ἁπλότητι
666 1482 822 1518 πρεπούσας

33 1529 155 1564 θεωρίας
176 1528 296 1555 ἐκάλεσε.
312 1529 347 1555 Τὸ
369 1528 397 1554 δὲ
418 1528 666 1562 περιστέλλονται
692 1529 752 1555 ἀντὶ
773 1528 820 1555 τοῦ

876 265 1033 297 nominibus,
1046 267 1180 300 quomodo
1203 274 1309 293 rursum
1324 271 1434 294 vocetur
1455 268 1523 295 Deus
1538 268 1656 296 aﬂirma‘

877 311 930 337 live
943 315 970 337 et
986 319 1043 342 ens,
1059 315 1086 338 et
1103 311 1166 343 vita,
1182 316 1208 339 et
1225 312 1368 346 sapientia,
1386 317 1413 340 et
1431 314 1526 341 virtus.
1544 314 1576 340 Et
1596 322 1656 341 rur-

875 362 934 381 sum
951 355 976 381 in
994 354 1140 390 Symbolica
1158 356 1297 391 theologia,
1309 365 1368 392 qua:
1389 358 1444 385 sint
1463 366 1551 386 rerum
1565 359 1653 386 sensi-

877 400 942 427 lium
965 402 1162 434 translationes,
1177 406 1204 428 et
1223 410 1281 436 quae
1306 403 1409 436 formae,
1429 412 1496 438 quas
1518 405 1655 439 prophetae

874 447 1067 473 convenienter
1085 447 1138 473 Deo
1156 447 1323 479 attribuunt;
1340 453 1368 475 et
1380 449 1473 482 quales
1492 450 1546 477 sint
1562 450 1654 484 ﬁgura:

874 491 1049 525 corporisque
1064 491 1196 524 membra,
1208 500 1268 526 qua:
1285 493 1369 520 facies
1384 494 1498 526 scilicet,
1519 499 1546 521 et
1560 503 1651 527 aures,

874 541 900 564 et
917 544 1023 568 tnanus,
1040 541 1066 563 et
1088 538 1178 571 pedes,
1196 542 1223 564 et
1244 538 1333 572 qualia
1354 539 1542 573 instrumenta,
1560 544 1588 567 et
1600 548 1652 568 ca:-

875 585 942 612 tcra,
955 589 988 609 ne
1000 582 1102 617 singula
1117 590 1320 616 recenseamus,
1333 592 1393 619 quae
1409 585 1604 620 utique:omnia
1619 595 1654 614 ex

874 627 1018 661 negatione
1032 628 1084 655 dici
1104 628 1203 656 debent
1223 629 1256 656 de
1269 629 1332 657 Deo.
1351 630 1432 657 Potes
1446 631 1537 664 itaque
1553 639 1654 666 cogno-

873 678 949 698 scere
961 671 1095 706 quomodo
1111 680 1170 705 quae
1186 681 1200 700 a
1223 673 1276 700 Deo
1295 674 1379 709 magis
1394 680 1497 702 remota
1515 680 1578 702 sunt
1593 683 1654 710 quae

873 718 965 751 utique
978 722 1099 744 extrema
1114 717 1190 749 dicit,
1203 718 1361 746 verbosiora
1379 719 1443 747 sint.
1464 720 1569 753 Quanto
1581 721 1654 748 enim

875 761 962 795 magis
982 769 996 788 a
1017 761 1072 788 Deo
1090 762 1176 789 aliena
1194 767 1266 796 sunt,
1283 763 1360 797 eique
1380 764 1560 797 dissentanea,
1579 769 1655 792 tanto

872 804 995 838 pluribus
1005 805 1093 832 verbis
1105 813 1172 839 opus
1185 806 1283 833 habent
1292 813 1320 833 ut
1331 808 1508 841 explicentur,
1518 810 1654 842 quomodo

873 849 899 876 in
914 850 968 876 Deo
984 849 1178 885 intelligantur.
1192 849 1296 878 Idcirco
1323 852 1474 887 theologica:
1488 853 1654 886 informatio-

872 903 916 922 ne:
932 895 1079 922 secundum
1100 899 1243 923 tractatum
1259 896 1296 923 De
1313 897 1408 924 divinis
1426 898 1573 924 nominibus
1592 899 1654 925 bre-

872 940 962 967 viores
977 944 1038 967 sunt
1055 939 1201 974 Symbolica
1218 940 1368 976 Theologia,
1379 942 1505 976 quoniam
1520 942 1547 969 in
1562 942 1596 969 iis
1613 943 1654 970 af-

874 986 1005 1012 lirmando
1016 986 1180 1017 dicebamus,
1194 985 1220 1012 in
1238 985 1399 1021 Theologicis
1409 987 1516 1021 quidem
1528 987 1654 1022 informa-

872 1031 996 1063 tionibus,
1015 1030 1097 1057 Deum
1116 1037 1175 1057 esse
1201 1038 1295 1062 unum,
1319 1030 1496 1064 Trinitatem,
1520 1039 1579 1059 esse
1601 1033 1652 1059 Pa-

874 1079 951 1106 trem,
965 1079 992 1102 et
1003 1074 1110 1106 Filium,
1124 1078 1151 1102 et
1165 1074 1295 1109 Spiritum
1306 1081 1428 1102 sanctum
1442 1085 1449 1103 :
1463 1077 1490 1103 in
1505 1076 1573 1104 libro
1587 1085 1653 1105 vera

873 1118 911 1145 De
927 1119 1020 1145 diuinis
1043 1119 1202 1152 nominibus,
1224 1120 1305 1146 Deum
1329 1127 1389 1147 esse
1411 1127 1470 1154 ens,
1490 1121 1586 1153 vitam,
1608 1130 1654 1150 sa-

872 1164 1011 1198 pientiam,
1035 1165 1159 1191 virtutem
1179 1174 1186 1192 :
1212 1165 1238 1192 in
1264 1164 1415 1199 Symbolica
1436 1173 1500 1193 vero
1521 1167 1652 1202 theologia

872 1215 933 1237 cum
953 1211 985 1238 de
1010 1211 1150 1246 symbolis,
1174 1211 1276 1246 ﬁguris,
1295 1212 1430 1246 partibus,
1454 1213 1651 1247 instrumentis,

872 1255 1011 1290 crapulis,
1037 1257 1276 1290 propensionibus,
1301 1258 1403 1284 somnis
1419 1257 1570 1293 vigiliisque
1594 1263 1651 1286 tra-

872 1304 939 1332 ctet,
955 1308 1014 1333 qua:
1031 1301 1122 1334 utique
1140 1300 1231 1327 omnia
1252 1301 1377 1336 negative
1393 1301 1447 1329 dici
1469 1302 1576 1335 debent,
1593 1308 1651 1330 tan-

872 1351 952 1378 quam
974 1352 988 1371 a
1014 1344 1069 1372 Deo
1090 1345 1176 1372 aliena
1196 1349 1223 1373 et
1246 1350 1360 1378 remota,
1383 1347 1481 1373 merito
1504 1355 1564 1381 quae
1586 1353 1652 1376 sunt

871 1390 1033 1424 ejuscemodi
1059 1391 1181 1425 pluribus
1216 1391 1307 1418 verbis
1340 1391 1469 1426 explicari
1497 1392 1651 1425 debebant;

871 1435 1088 1469 quandoquidem
1102 1440 1204 1470 quanto
1222 1435 1307 1471 magis
1322 1435 1429 1470 propria
1452 1436 1486 1464 de
1507 1436 1563 1464 Deo
1584 1437 1652 1465 diei-

872 1488 943 1513 mus,
959 1480 1052 1516 illique
1075 1481 1161 1515 magis
1184 1482 1349 1508 assentimur
1366 1480 1447 1515 566
1462 1485 1489 1508 et
1505 1483 1651 1517 appropin-

872 1534 995 1561 quantus,
1011 1531 1086 1554 tanto
1100 1527 1179 1554 etiam
1197 1528 1282 1561 magis
1295 1534 1435 1556 sermones
1457 1529 1542 1557 nOstri
1559 1535 1653 1555 rerum

34 1574 449 1609 συστέλλονταιτέθεικεν.”οπερ
457 1575 521 1609 φησὶ
527 1574 574 1601 καὶ
582 1574 627 1600 νῦν
635 1573 717 1609 ἐπὶτῇ
728 1583 821 1609 μυστι-

873 1571 1067 1600 intellectjlium
1082 1574 1236 1607 aspectibus
1257 1574 1464 1601 contrahuntur.
1483 1574 1651 1609 Conspectus

33 1623 73 1657 κῇ
85 1620 207 1656 θεολογιᾳ
222 1619 328 1652 πάντως
342 1620 491 1656 γενήσεται.
506 1621 560 1646 Καὶ
570 1619 624 1655 γὰρ
635 1620 771 1651 παντελῶς
782 1621 821 1652 εἰς

30 1667 82 1694 τὸν
93 1667 163 1702 ὑπὲρ
176 1666 238 1693 νοῦν
251 1667 298 1692 καὶ
312 1668 408 1693 οἰκεῖον
428 1665 486 1700 Θεῷ
505 1666 602 1700 γνόφον
619 1665 763 1697 εῑσδύντες,
781 1665 820 1701 μὴ

31 1713 119 1749 μόνον
133 1712 291 1747 βραχυλόγοι
303 1711 480 1746 γενησόμεθα,
492 1710 558 1738 ἀλλά
570 1711 617 1737 καὶ
632 1711 741 1745 ἀλογίαν
755 1719 821 1737 παν-

28 1759 102 1793 τελῆ
119 1758 166 1784 καὶ
177 1758 302 1793 ἀνοησίαν
315 1758 474 1792 εὑρήσομεν.
502 1757 639 1791 Ἀλοτιαν
654 1757 681 1784 δέ
698 1765 773 1791 φησι,
790 1757 820 1782 τὸ

30 1805 75 1841 μὴ
92 1804 219 1831 δύνασθαι
243 1803 313 1838 λόγῳ
329 1803 498 1838 παραστῆσαι
518 1802 552 1829 τὰ
577 1803 646 1838 ὑπὲρ
661 1801 749 1837 λόγον,
774 1803 820 1828 καὶ

27 1851 186 1884 ἀσποησιαν
200 1850 240 1884 τὸ,
257 1849 422 1884 ἀνεννόητον,
439 1849 486 1875 καὶ
500 1849 515 1875 ὃ
531 1848 568 1884 μὴ
580 1848 689 1875 δύναται
704 1857 745 1880 τις
759 1849 820 1883 νοῆ-

28 1903 93 1926 σαι,
104 1894 143 1926 ὡς
156 1894 226 1929 ὑπὲρ
240 1894 301 1921 νοῦν
316 1893 354 1920 ὃν.
375 1893 462 1919 Κάκεῖ
479 1893 537 1928 μὲν,
554 1893 636 1927 ἤγουν
652 1893 680 1919 ὲν
695 1891 734 1926 τῷ
750 1892 819 1925 Περὶ

27 1941 125 1969 θείων
137 1940 297 1975 ὀνομάτων,
312 1939 365 1965 ἀπὸ
379 1938 425 1965 τοῦ
445 1938 501 1965 ἄνω
519 1938 587 1973 πρὸς
607 1937 735 1972 ἀνάλογον
750 1937 818 1972 πλῆ-

27 1987 82 2018 Θος
95 1978 110 2013 ό
125 1986 202 2021 λόγος
218 1985 362 2021 ηὐρύνετο·
380 1985 410 2011 τὸ
425 1983 479 2019 γὰρ
489 1984 536 2016 ὢν,
551 1984 647 2010 οἰκεῖον
662 1982 692 2009 ὃν
707 1982 746 2017 τῷ
760 1982 819 2017 Θεῷ

26 2032 218 2070 βραχυλογίαν
236 2029 292 2066 εἶχε
303 2038 310 2045 ·
330 2030 361 2056 τὸ
383 2029 410 2056 δὲ
432 2029 561 2061 Παλαιὸς
580 2027 705 2062 ἡμερῶν,
724 2027 741 2062 ἦ
757 2026 819 2053 ἄλλο

25 2089 61 2106 τι
79 2077 262 2113 πορρώτερον,
279 2076 389 2107 εἰκότως
405 2074 562 2108 πολυλογίας
582 2073 677 2100 ἐδέετο.
703 2072 760 2100 Νῦν
779 2072 817 2104 δὲ,

26 2123 91 2152 ἀπὺ
107 2123 162 2149 τῶν
176 2123 250 2149 κάτω
264 2130 294 2147 τε
306 2121 351 2148 καὶ
372 2120 475 2146 πολλῶν
496 2118 644 2146 συνθέσεων
658 2118 704 2144 καὶ
721 2118 819 2153 συμϐό-

25 2170 90 2196 λων
107 2167 175 2203 πρὺς
198 2167 227 2193 τὺ
248 2167 345 2193 ἐνιαίον
363 2166 409 2192 καὶ
433 2164 578 2200 ἀκρότατον
594 2163 685 2195 ἀνιὼν,
708 2163 818 2194 εἰκότως

23 2210 109 2239 κατὰ
122 2209 153 2236 τὺ
164 2209 259 2245 μέτρον
268 2210 317 2244 τῆς
332 2209 423 2236 ἀνόδου
441 2208 634 2244 συσταλήσεται
645 2216 651 2222 ·
668 2208 716 2234 καὶ
729 2207 816 2238 τόσον,

871 1622 961 1645 autem
982 1625 1071 1645 rerum
1095 1618 1290 1646 intellectilium
1316 1618 1420 1646 vocavit
1444 1618 1650 1653 contemplatio-

870 1669 929 1694 nes,
945 1663 1118 1690 ixnmateriali
1137 1664 1243 1690 illarum
1269 1663 1435 1698 simplicitati
1457 1668 1648 1697 congruentes.

870 1707 962 1735 Posuit
982 1713 1071 1735 autem
1088 1708 1314 1744 περιστέλλονται,
1335 1717 1382 1744 pro
1406 1709 1603 1743 συστέλλονται,
1623 1710 1649 1737 id

869 1759 911 1781 est
923 1754 1123 1781 contrahuntur.
1140 1754 1215 1787 Quod
1238 1759 1328 1781 autent
1343 1755 1418 1787 dicit,
1435 1755 1516 1782 etiam
1533 1762 1603 1783 nunc
1621 1757 1647 1783 in

871 1800 985 1834 mystica
1007 1798 1138 1833 theologia
1163 1800 1273 1827 omnino
1294 1799 1349 1826 ﬁet.
1377 1800 1481 1827 Etenim
1499 1801 1526 1827 in
1550 1808 1648 1835 supra-

868 1845 1012 1873 mentaletn
1025 1845 1098 1873 illam
1109 1846 1217 1880 Deoque
1231 1847 1368 1881 propriam
1383 1846 1525 1881 caliginem
1537 1846 1648 1873 immer-

867 1892 902 1925 si,
920 1900 973 1919 non
997 1892 1082 1919 soluln
1103 1893 1254 1926 breviloqui
1278 1893 1434 1924 evademus,
1451 1899 1543 1919 verum
1565 1892 1645 1918 etiam

867 1939 1049 1966 omnimodam
1071 1939 1204 1966 sermonis
1226 1943 1253 1965 et
1276 1937 1464 1965 iutellectionis
1484 1937 1646 1964 vacuitatem

868 1984 1041 2017 reperiemus.
1063 1983 1183 2018 Ἀλογῐαν
1194 1991 1258 2010 vero
1271 1982 1345 2015 dicit,
1360 1990 1412 2010 non
1424 1989 1504 2017 posse
1521 1990 1646 2010 sermone

868 2036 1062 2064 reprasentare
1086 2030 1131 2057 illa
1156 2037 1214 2064 qua:
1238 2036 1317 2063 supra
1339 2036 1491 2056 sermonem
1515 2035 1598 2056 sunt:
1618 2033 1645 2056 et

867 2075 1006 2111 ἀνοησιαν,
1024 2075 1050 2102 id
1069 2075 1139 2109 quod
1160 2074 1272 2109 intelligi
1292 2074 1397 2109 nequit,
1416 2078 1441 2100 et
1465 2074 1536 2108 quod
1556 2073 1644 2101 nullus

868 2120 1014 2155 intelligere
1028 2125 1124 2154 potest,
1139 2127 1200 2147 cum
1226 2125 1343 2147 mentem
1361 2123 1479 2153 superet.
1500 2119 1587 2153 Atque
1607 2119 1642 2146 ibi

867 2166 986 2200 quidem,
1005 2166 1109 2192 scilicet
1131 2166 1156 2192 in
1184 2165 1254 2192 libro
1274 2165 1312 2192 De
1337 2165 1431 2192 divinis
1452 2165 1608 2197 nominibus,
1627 2173 1642 2192 a

867 2218 972 2238 summo
988 2212 1022 2238 ad
1038 2212 1270 2246 proportionatam
1289 2211 1487 2238 multitudinem
1503 2218 1590 2237 sermo
1603 2211 1643 2237 di-

24 2257 77 2284 ὅτι
95 2253 164 2289 μετὰ
180 2254 228 2289 τὴν
241 2254 331 2280 ἄνοδον
347 2254 451 2288 ἄφωνος
475 2253 551 2280 ἔσται
567 2253 613 2279 καὶ
636 2252 695 2284 ὅλος
716 2251 818 2287 ἑνωθή-

871 2257 1020 2284 latabatur:
1035 2265 1096 2285 nam
1113 2265 1171 2290 ens,
1186 2265 1246 2285 eum
1267 2259 1404 2292 proprium
1421 2257 1456 2284 sit
1476 2257 1539 2288 Deo,
1555 2257 1642 2283 brevi-

25 2309 114 2329 σεται
130 2299 169 2335 mp
185 2300 327 2335 ἀφθέγκτῳ
344 2300 388 2327 διὰ
407 2300 483 2335 σιγῆς
499 2299 589 2334 τιμίας
608 2298 693 2332 τιμιῖιν
712 2297 756 2323 τὸν
772 2297 818 2323 θέ-

19 2355 131 2385 μενον
150 2347 258 2379 σκότινς
276 2347 452 2381 ἁποκρυφὴν
472 2345 574 2372 αὐτοῦ.
588 2345 637 2371 Διά
650 2345 676 2371 τί
693 2343 722 2370 δὲ
738 2343 815 2375 ὅλως,

24 2394 108 2430 φῂς,
127 2393 180 2419 ἀπὸ
199 2392 247 2427 μὲν
272 2392 326 2418 τῶν
347 2392 503 2428 πρωτίστων
525 2391 575 2423 τὰς
600 2391 697 2421 θέσεις,
716 2388 770 2415 ἀπὸ
787 2388 816 2414 δὲ

21 2440 91 2468 τῶν
108 2438 228 2473 ἐσχάτων
246 2437 294 2469 τὰς
317 2438 464 2472 ἀποφάσεις
483 2437 628 2472 ποιούμεθα
649 2435 817 2471 καταρχόμε-

21 2492 91 2517 νοι;
117 2483 238 2518 Λέγομεν
258 2483 298 2509 ὃτι
322 2484 368 2509 επὶ
394 2484 442 2518 μὲν
467 2483 520 2510 τῶν
544 2483 642 2509 θέσεων
662 2480 817 2516 κεχρήμεθα

20 2531 65 2564 τῇ
92 2528 249 2563 ὑποθετικῇ,
270 2528 391 2554 τουτέστι
408 2530 440 2563 τῇ
464 2529 677 2562 ὑπαγορευτικῇ,
697 2526 743 2553 καὶ
762 2523 816 2552 οἷον

18 2574 171 2610 δηλωτικῇ
192 2574 351 2608 καταφάσει,
371 2574 410 2600 ὅτι
429 2573 503 2605 Θεὸς,
520 2574 560 2600 ὅτι
579 2573 644 2608 ζωὴ,
664 2573 704 2598 ὅτι
720 2570 817 2605 ἀγαθό-

18 2627 96 2656 της,
113 2619 130 2654 ἦ
144 2619 207 2654 ἀὴρ,
220 2619 237 2654 ἦ
248 2619 328 2651 λίθος,
349 2619 364 2654 ἢ
382 2619 473 2655 πῦρ,ἣ
487 2619 603 2654 πνεῦμα,
623 2618 683 2653 ῆτὰ
695 2616 816 2644 τοιαῦτα.

19 2666 74 2694 Τὰ
97 2663 163 2698 γοῦν
182 2664 300 2700 πρότερα
317 2664 354 2699 τῷ
372 2664 431 2699 Θεῷ
449 2665 596 2700 οἰκειότερα
622 2664 669 2690 καὶ
688 2661 816 2697 συγγενέ·

21 2718 137 2745 στερα·
159 2709 249 2736 λοιπὸν
268 2709 364 2744 μᾶλλον
384 2711 441 2736 ἐστι
460 2709 515 2745 ζωὴ
534 2710 549 2745 ἢ
569 2709 631 2745 ἀὴρ,
653 2710 698 2736 καὶ
718 2709 816 2744 μᾶλλον

17 2755 103 2786 Θεὸς
115 2755 133 2790 ἣ
143 2755 223 2787 λίθος,
237 2755 283 2782 καὶ
295 2754 393 2790 μᾶλλον
409 2755 551 2791 ἀγαθότης,
563 2755 579 2791 ἢ
599 2756 663 2792 πῦρ,
685 2757 731 2784 καὶ
751 2756 816 2792 μᾶλ-

71 2849 90 2865 ι
107 2842 185 2871 Psal.
199 2850 266 2876 xm,
285 2843 327 2870 l2.

868 2303 1030 2337 loquentiam
1054 2303 1185 2336 habebat;
1207 2302 1339 2337 Antiqua:
1367 2309 1431 2329 vero
1455 2301 1579 2334 dierum,
1600 2302 1642 2328 vel

868 2348 940 2376 aliud
957 2349 1021 2383 quid
1038 2349 1177 2381 remotius,
1203 2348 1300 2375 merito
1322 2346 1413 2374 multis
1432 2346 1522 2373 verbis
1540 2346 1641 2379 indige-

868 2395 923 2422 bat.
941 2394 1015 2421 Nnne
1030 2401 1092 2421 vero
1106 2394 1139 2420 ab
1157 2393 1328 2420 inferioribus
1345 2396 1373 2419 et
1394 2391 1486 2418 multis
1509 2391 1642 2425 composi-

870 2439 986 2465 tionibus
999 2446 1030 2466 ac
1045 2438 1182 2474 symbolis.
1196 2439 1228 2464 ad
1243 2437 1351 2464 unicum
1363 2442 1390 2464 et
1401 2445 1537 2464 summum
1551 2444 1641 2464 ascen-

868 2484 943 2516 dens,
968 2483 1064 2510 merito
1082 2482 1158 2516 juxta
1178 2481 1287 2509 modum
1313 2481 1481 2508 ascensionis
1501 2481 1642 2507 contrahe-

868 2532 928 2560 tur;
947 2529 1025 2562 idque
1041 2529 1067 2555 in
1085 2532 1197 2560 tantum,
1211 2532 1240 2554 ut
1253 2531 1312 2561 post
1329 2534 1484 2558 ascensum,
1501 2526 1534 2553 ad
1555 2526 1642 2552 omni-

867 2574 975 2600 modt‘un
999 2574 1134 2600 silentium
1156 2573 1318 2607 redigendus
1342 2572 1387 2604 sit,
1413 2575 1494 2605 atque
1512 2569 1640 2597 ineﬂ‘abili

868 2618 921 2645 Deo
941 2622 1011 2646 totus
1032 2619 1249 2654 conjungendus,
1275 2626 1335 2644 cum
1356 2616 1510 2644 venerando
1536 2615 1643 2642 silentio

868 2664 1035 2696 honorando,
1055 2665 1100 2698 qui
1121 2665 1207 2698 posuit
1229 2663 1346 2690 tenebras
1371 2662 1508 2688 latibulum
1528 2669 1603 2688 suum
1616 2667 1640 2687 ι.

868 2710 965 2737 Verum
983 2714 1056 2743 petes
1076 2718 1122 2737 cur
1146 2718 1160 2736 a
1181 2710 1274 2744 primis
1294 2708 1439 2742 positiones
1461 2707 1566 2734 divinas
1587 2712 1643 2732 sta-

870 2761 984 2788 tuentes,
1001 2755 1104 2783 divinas
1125 2756 1183 2783 illas
1201 2755 1350 2783 ablationes
1364 2754 1398 2781 ab
1409 2753 1537 2781 extremis
1551 2751 1642 2786 auspi-
