1914 3061
252 169 320 197 1039

834 170 862 198 S.
880 170 981 198 DlONY
986 170 1028 198 Sil
1043 170 1271 199 AREOPAGITE

1798 175 1870 201 1040

251 235 355 255 cemur.
377 226 506 260 Dicimus,
525 234 576 255 nos
600 227 626 254 in
648 227 824 262 positionibus
841 228 948 263 quidem
967 235 1025 256 usos

1080 227 1126 255 λον
1145 228 1225 263 σοφία
1245 228 1261 263 ἢ
1288 227 1404 262 πνεῦμα.
1423 227 1507 255 Τοῦτο
1524 228 1589 262 γοῦν
1605 229 1661 255 ἐστι
1683 228 1714 255 τὸ
1733 228 1869 263 ἄρχεσθαι

252 281 314 300 esse
330 272 509 302 enuntiativa.
520 273 550 299 id
571 278 613 300 cst
632 274 767 300 deliuitiva
781 279 807 300 et.
822 275 899 308 quasi
919 275 1028 301 demon-

252 317 364 344 strativa
384 315 576 348 sﬂirmatione,
601 322 631 344 ut
649 318 730 344 Deum
751 324 829 349 esse.
852 318 934 345 vitam
957 325 1027 350 esse,

251 362 400 389 bonitatem
419 369 491 392 esse,
504 362 544 389 vel
558 369 660 393 aerem.
671 362 712 388 Vel
726 362 851 396 lapidem,
867 363 908 390 vel
927 363 1027 398 ignem,

251 407 294 434 vel
309 407 443 442 spiritum,
459 407 500 434 vel
518 407 624 434 similia.
647 406 740 433 Priora
756 407 849 442 utique
869 409 924 435 Deo
944 409 1029 442 magis

250 453 360 488 propria
376 457 448 484 sunt,
465 453 604 488 magisque
622 453 773 486 naturalia;
788 453 919 487 siquidem
943 455 1029 489 magis

251 499 305 526 vita
327 503 369 526 est
386 506 467 534 quam
492 506 550 531 aer,
573 503 598 526 et
623 499 708 533 magis
725 499 794 526 Deus
809 507 890 533 quam
907 499 985 534 lapis,
1002 505 1030 526 ct

251 545 338 579 magis
352 545 458 571 bonitas
473 552 553 579 quam
569 544 647 578 ignis,
661 548 689 571 et
701 544 786 579 magis
803 545 933 578 sapientia
948 552 1028 579 quam

251 591 372 624 spiritus.
387 590 442 617 Hoc
452 590 542 624 itaque
552 595 594 616 est
606 590 734 616 inchoare
745 597 759 616 a
773 590 868 624 primis
880 592 906 616 in
918 591 1030 624 positio-

251 635 341 667 nibus,
360 636 487 669 quoniam
505 635 590 668 magis
607 634 793 668 intelliguntur
813 635 840 662 in
866 635 921 662 Deo
943 636 1028 670 prima

250 688 331 715 quam
355 686 497 715 postrema.
521 680 548 706 In
573 680 752 708 ablationibus
775 689 840 708 vero
860 686 952 708 contra
979 682 1030 709 hoc

251 728 330 753 modo
343 735 349 754 :
361 725 419 753 Non
432 726 581 753 inebriatur
596 725 675 757 Deus,
689 733 740 752 non
751 726 885 759 irascitur,
897 734 948 752 non
965 726 1030 753 dici-

252 777 305 802 tur,
317 779 368 798 non
385 771 549 805 intelligitur.
568 770 647 797 Illud:
661 770 717 797 Non
738 771 893 803 inebriatur,
914 776 954 798 est
969 771 1031 798 ulti-

251 817 385 851 mum,{est
395 815 466 842 enim
476 816 556 842 etiam
566 815 714 842 hominum.
725 815 781 842 Non
791 816 948 850 intelligitur
957 823 1030 848 vero,

250 861 386 895 proprium
412 865 438 887 et
463 860 587 894 primum.
611 860 676 887 Illud
696 862 786 895 itaque
802 861 884 888 Deum
908 869 1030 889 sermone

250 914 301 933 non
315 905 416 936 efferri,
437 911 464 932 et
486 911 575 932 mente
590 913 642 931 non
657 906 774 941 concipi,
792 907 878 941 magis
892 907 1028 941 proprium

249 958 290 980 est
307 953 362 979 Deo
380 959 460 985 quam
482 960 534 977 nou
555 951 700 986 crapulari,
724 960 809 987 neque
832 953 932 980 irasci:
948 952 1027 988 567

249 997 381 1035 siquidem
399 997 455 1023 base
471 997 551 1023 etiam
569 997 722 1025 hominibus
733 999 839 1032 propria
856 1003 929 1030 sunt,
949 1004 1028 1033 atque

248 1047 349 1074 idcirco
368 1044 471 1072 ultima.
488 1042 521 1072 Et
541 1042 667 1072 similiter
682 1043 833 1077 incipimus,
847 1044 880 1070 ab
901 1046 1028 1073 extremis

248 1091 401 1122 ablationis,
416 1098 442 1116 ν.
455 1098 496 1125 gr.
510 1089 593 1125 Magis
612 1091 682 1117 Deus
703 1095 755 1115 non
781 1089 928 1116 inebriatur
947 1097 1026 1124 quam

248 1144 300 1164 non
313 1137 429 1168 dicatur,
437 1141 464 1163 et
479 1136 562 1170 magis
578 1144 630 1162 non
652 1137 780 1163 irascitur
791 1142 869 1168 quam
887 1142 939 1162 non
954 1136 1030 1162 intel-

247 1180 355 1216 ligatur.
376 1180 604 1214 Quemadmodum
625 1181 705 1216 igitur
723 1182 749 1208 in
772 1180 952 1216 positionibus
969 1188 1028 1216 quae

247 1226 356 1261 propria
376 1231 438 1253 sunt
459 1227 636 1253 admittebant
655 1227 748 1260 magis,
772 1231 798 1253 et
818 1227 903 1262 magis
921 1227 1029 1254 diceba-

247 1279 308 1298 mus
325 1272 407 1298 Deutn
432 1279 514 1305 quam
537 1279 646 1305 aerem;
665 1276 692 1298 et
718 1271 803 1306 magis
826 1273 924 1299 bonum
945 1279 1026 1307 quam

246 1316 380 1350 spiritum,
407 1315 443 1342 ita
471 1317 515 1344 hic
543 1317 622 1344 etiam
652 1321 773 1344 extrema
803 1318 888 1352 magis
914 1317 1025 1348 habent,

245 1362 374 1395 quoniam
397 1362 477 1388 etiam
504 1362 665 1390 abstractive
689 1363 812 1396 dicimus;
829 1364 901 1391 verbi
917 1364 1001 1399 gratia
1018 1386 1025 1398 ,

1079 274 1131 300 ὑπὸ
1148 273 1201 299 τῶν
1220 273 1394 309 πρωτίστων,
1423 273 1469 300 ἐπὶ
1489 274 1542 300 τῶν
1561 274 1677 306 θέσεων,
1696 274 1738 300 ὅτι
1764 275 1868 309 μᾶλλον

1078 320 1198 346 νοοῦνται
1215 319 1250 346 τὰ
1269 319 1407 355 πρώτιστα
1423 320 1468 346 ἐπὶ
1486 319 1563 352 θεοῦ,
1582 319 1599 355 ἦ
1616 320 1649 346 τὰ
1667 320 1780 355 ἔσχατα.
1806 320 1868 347 Ἐπὶ

1078 364 1107 391 δὲ
1125 364 1178 391 τῶν
1194 364 1362 399 ἀφαιρέσεων
1387 365 1418 391 τὸ
1444 365 1571 397 ἐναντίον,
1591 365 1692 397 οὕτως’
1716 367 1754 392 Οὐ
1784 365 1866 401 μεθὺ-

1080 417 1173 435 σκεται
1191 410 1205 435 ὁ
1223 409 1298 440 Θεὸς,
1318 409 1348 435 οὐ
1367 410 1458 445 μηνιᾷ,
1471 410 1500 436 οὐ
1520 410 1635 444 λέγεται,
1654 411 1684 436 οὺ
1705 412 1818 438 νοεῖται.
1830 411 1866 437 Τὸ

1078 453 1108 480 οὑ
1127 453 1302 488 μεθύσκεται,
1316 455 1427 488 ἔσχατον
1438 463 1444 468 ·
1457 454 1512 480 ἔστι
1530 454 1583 490 γὰρ
1597 455 1643 481 καὶ
1655 454 1819 489 ἀνθρώπων.
1830 454 1865 480 Τὸ

1079 496 1108 525 οὐ
1125 501 1231 532 νοεῖται,
1244 500 1341 526 οἰκεῖον
1356 500 1402 526 καὶ
1409 499 1567 534 πρώτιστον.
1596 501 1672 526 Ἔστι
1683 500 1773 526 τοίνυν
1784 501 1816 527 τὸ
1828 501 1864 536 μὴ

1079 543 1150 578 λόγῳ
1169 543 1292 577 λέγεσθαι
1308 543 1353 570 τὸν
1367 544 1441 575 Θεὸν,
1461 545 1507 570 καὶ
1525 545 1554 571 τὺ
1568 545 1604 580 μὴ
1621 545 1748 577 νοεῖσθαι,
1764 547 1865 572 οἰκειό-

1079 597 1157 623 τερον
1168 589 1226 624 Θεῷ
1243 589 1340 624 μᾶλλον
1357 588 1374 624 ἢ
1393 589 1421 615 τὸ
1438 589 1474 624 μὴ
1492 590 1653 625 κραιπαλᾷν,
1673 591 1740 625 μηδὲ
1755 591 1865 626 ὀργίζε-

1081 634 1158 660 σθαι-
1171 634 1255 661 ταῦτα
1268 634 1322 668 γὰρ
1333 635 1378 661 καὶ
1390 634 1540 670 ἀνθρώποις
1555 636 1650 666 οἰκεῖα,
1663 637 1710 662 καὶ
1727 636 1772 663 διὰ
1786 637 1865 663 τοῦτο

1080 679 1188 715 ἔσχατα.
1210 680 1263 706 Καὶ
1280 680 1353 714 ὅμως
1373 681 1405 706 ὲκ
1423 679 1476 706 τῶν
1495 680 1613 715 ἐσχάτων
1626 682 1674 715 τῆς
1692 682 1866 717 ἀφαιρέσεως

1080 725 1228 761 ἀρχόμεθα,
1247 723 1300 752 οἷον
1313 734 1319 740 ·
1331 725 1437 752 Μᾶλλον
1455 726 1484 752 οὐ
1505 725 1596 761 μεθύει
1614 727 1628 752 ὁ
1646 726 1721 758 Θεὸς,
1733 727 1750 761 ἦ
1769 727 1799 753 οὐ
1821 727 1867 753 λέ-

1080 780 1156 805 γεται
1172 781 1178 786 ·
1202 772 1248 798 καὶ
1270 771 1368 806 μᾶλλον
1391 771 1420 797 οὐ
1445 772 1557 806 μηνιᾷῆ
1580 772 1609 797 οὐ
1632 773 1742 799 νοεῖται.
1759 773 1868 809 Ὠσπερ

1081 818 1144 852 γοῦν
1160 818 1205 844 ἐπὶ
1219 817 1273 844 τῶν
1289 818 1387 844 Θέσεων
1401 817 1435 843 τὰ
1449 819 1535 844 οἰκεῖα
1553 817 1582 844 τὸ
1600 818 1697 852 μᾶλλον
1718 816 1804 852 εἶχον,
1821 818 1869 844 καὶ

1083 863 1181 898 μᾶλλον
1199 863 1264 895 Θεὸς
1287 863 1442 898 ὲλέγομενῆ
1458 863 1520 899 ἀὴρ,
1543 863 1590 890 καὶ
1609 863 1706 899 μᾶλλον
1727 863 1831 898 ἀγαθὸς
1849 864 1867 899 ἢ

1080 909 1202 944 πνεῦμα·
1223 908 1307 940 οὕτως
1331 908 1446 935 ἐνταῦθα
1463 909 1493 935 τὸ
1508 908 1606 944 μᾶλλον
1621 908 1656 935 τὰ
1671 908 1773 943 ἔσχατα
1786 909 1868 943 ἔχου-

1081 964 1132 986 σιν,
1157 955 1199 981 ὅτι
1221 954 1442 990 ἀφαιρεματικῶς
1473 954 1596 989 λέγομεν,
1621 952 1675 980 οἷον
1704 954 1805 989 μᾶλλον
1835 954 1867 979 οὐ

1071 999 1215 1036 ικραιπαλᾷ
1230 999 1246 1034 ἦ
1263 1000 1293 1025 οὺ
1309 1000 1419 1030 νοεῖται,
1437 999 1482 1025 xui.
1497 999 1531 1025 τὰ
1550 998 1637 1025 λοιπά.
1662 999 1814 1033 Κραιπάλη
1837 997 1867 1024 δέ

1079 1046 1151 1072 ἐστιν
1167 1046 1184 1080 ἡ
1200 1043 1283 1080 πολλὴ
1301 1044 1368 1080 μέθη
1385 1045 1432 1071 καὶ
1454 1044 1627 1079 σφοδροτάτη,
1644 1042 1699 1069 οἷον
1715 1044 1866 1079 καραπάλη

1078 1101 1119 1124 τις
1134 1089 1210 1124 οὖσα,
1222 1092 1236 1118 ὅ
1252 1092 1308 1117 ἐστι
1324 1091 1353 1117 τὸ
1365 1091 1435 1126 κάρα
1446 1090 1504 1125 ἢτοι
1514 1089 1562 1124 τὴν
1578 1089 1695 1124 κεφαλὴν
1710 1089 1866 1121 πάλλουσα,

1078 1137 1125 1163 καὶ
1141 1137 1211 1163 πάνυ
1227 1135 1353 1163 κινοῦσα·
1374 1135 1452 1170 μῆνις
1477 1134 1506 1160 δὲ
1529 1133 1577 1168 οὐχ
1599 1134 1616 1169 ἡ
1638 1133 1758 1167 τυχοῦσα
1779 1134 1865 1168 ὀργὴ,

1077 1182 1134 1208 ἀλλ’
1150 1183 1167 1217 ἡ
1184 1181 1319 1216 ἐπίμονος.
1337 1180 1391 1205 Ποῦ
1407 1179 1435 1205 δὲ
1450 1179 1503 1214 ἀὴρ
1519 1178 1623 1213 ἐλέχθη,
1639 1178 1685 1204 καὶ
1700 1178 1752 1204 ποῦ
1769 1178 1863 1210 λίθοςς

1077 1228 1156 1258 Λίοος
1173 1226 1221 1262 μὲν
1238 1225 1313 1261 παρὰ
1327 1224 1366 1259 τῷ
1382 1224 1471 1255 Aquit},
1484 1223 1574 1254 καθὼς
1587 1223 1632 1248 καὶ
1647 1223 1661 1248 ὸ
1677 1222 1778 1257 Κύριος
1795 1221 1864 1256 περὶ

1073 1272 1171 1299 ἑαυτοῦ
1195 1271 1331 1306 ἐξηγεῖται
1353 1270 1453 1304 λέγων·
1479 1269 1626 1296 Οὐδέποτε
1649 1268 1798 1303 ἀνέγνωτε
1827 1269 1864 1294 ἑν

1077 1317 1140 1350 ταῖς
1152 1316 1283 1350 Γραφαῖς
1295 1324 1301 1330 ·
1315 1316 1404 1342 Λίθον
1415 1314 1450 1341 ὃν
1465 1314 1686 1348 ὰπεδοχψασαν
1699 1315 1725 1340 ei
1743 1312 1863 1339 οἰκοδο-

1077 1363 1211 1396 μοῦντες,
1223 1361 1309 1393 οὗτος
1324 1360 1447 1394 ἐγενήθη
1463 1361 1505 1392 εις
1520 1358 1655 1393 κεφαλὴν
1669 1359 1795 1392 γωνίιις;
1815 1358 1865 1384 καὶ

247 1405 333 1440 Ilagis
367 1414 419 1434 non
446 1408 602 1441 crapulatur
621 1415 700 1442 quam
724 1415 776 1434 non
804 1408 979 1443 intelligatur,
999 1411 1025 1435 et

1077 1408 1157 1436 πάλιν
1176 1406 1249 1441 παρὰ
1265 1406 1303 1441 τῷ
1325 1405 1491 1440 Ἀποστόλῳ·
1514 1405 1549 1432 'H
1558 1404 1592 1430 δὲ
1604 1403 1695 1437 πέτρα
1709 1403 1749 1437 ἢν
1762 1406 1779 1430 ὁ
1789 1405 1861 1437 Χρι-

245 1455 354 1479 mtera.
371 1452 482 1487 Crapula
499 1457 588 1479 autem
608 1458 649 1480 est
666 1453 773 1486 copiosa
799 1459 824 1479 et
847 1453 1025 1480 vehementis-

1078 1454 1167 1486 στός⁴
1194 1453 1248 1487 ἀὴρ
1264 1452 1291 1479 δὲ
1313 1451 1381 1478 κατὰ
1397 1451 1427 1477 τὺ
1443 1453 1471 1478 ὲν
1490 1451 1549 1482 ταῖς
1570 1449 1722 1480 Βασιλείαις
1745 1449 1862 1485 εἰρημέ-

246 1497 313 1524 sima
334 1498 468 1529 ebrietas.
488 1499 568 1524 veluti
596 1498 758 1534 κοιραπάλη,
779 1499 804 1526 id
824 1504 865 1526 οδι
887 1499 917 1526 τὸ
941 1499 1024 1534 κάρα,

1079 1508 1123 1526 νον
1132 1507 1138 1514 ·
1156 1499 1210 1525 Kal
1224 1497 1287 1524 ιδοὺ
1297 1497 1373 1531 αὖρα
1383 1496 1488 1530 λεπτὴ,
1507 1495 1554 1523 καὶ
1566 1495 1629 1522 ἐκεῖ
1641 1496 1761 1529 Κύριος.

246 1550 293 1571 seu
321 1548 418 1577 caput,
446 1543 590 1575 πάλλουσα,
613 1545 750 1579 quatiens,
778 1545 978 1579 plurimumque
997 1552 1108 1572 movens
1135 1553 1143 1571 :
1174 1544 1253 1579 μῆνις
1275 1548 1363 1570 autem
1388 1550 1440 1569 nou
1465 1546 1515 1573 est,
1543 1547 1709 1575 quacunque
1736 1541 1787 1572 ira,
1811 1538 1860 1566 scd

246 1595 419 1622 permanens.
437 1588 486 1616 Ubi
502 1593 590 1615 autem
604 1597 650 1616 aer
665 1590 752 1616 dictus
768 1594 821 1620 est,
834 1595 861 1616 et
877 1589 921 1616 ubi
935 1589 1023 1624 lapis?
1041 1589 1123 1624 Lapis
1143 1589 1250 1623 quidem
1264 1596 1278 1614 τι
1300 1588 1399 1615 Davide
1413 1591 1439 1620 1,
1454 1587 1524 1614 sicut
1548 1587 1629 1614 etiam
1662 1585 1795 1612 Dominus
1825 1585 1861 1612 de
1902 1582 1903 1602 ἶ

245 1635 334 1669 seipso
349 1634 472 1668 explicat,
490 1635 586 1661 aiens:
603 1633 727 1669 Nunquid
746 1635 845 1669 legistis
879 1635 907 1662 in
941 1635 1085 1670 Scripturis
1112 1642 1121 1661 :
1150 1634 1277 1666 Lapidem
1294 1642 1368 1668 quem
1390 1633 1588 1666 reprobat-crum
1611 1632 1791 1665 ludiﬁcantes,
1815 1632 1860 1657 hic

245 1680 331 1715 factus
344 1683 381 1705 est
396 1679 423 1705 iu
433 1685 509 1714 caput
524 1681 614 1715 anguli
628 1685 639 1698 ι
651 1680 662 1706 ?
676 1681 708 1706 Et
721 1681 817 1707 iterum
834 1681 867 1707 ab
882 1681 1013 1715 Apostolo
1026 1689 1033 1708 :
1051 1680 1132 1707 Petra
1152 1685 1237 1706 autem
1257 1684 1313 1706 erat
1333 1679 1451 1706 Christus
1466 1684 1491 1705 ι.
1519 1678 1572 1704 Aer
1588 1685 1651 1705 vero
1686 1677 1763 1711 juxta
1785 1678 1858 1712 quod

245 1721 345 1754 dictum
357 1730 399 1753 est
419 1727 446 1754 in
462 1727 538 1755 libris
549 1727 667 1763 Regum:
684 1726 718 1753 Et
737 1736 794 1754 ecce
812 1735 879 1754 aura
893 1727 990 1760 tenuis,
1002 1731 1025 1753 et
1043 1728 1078 1753 ibi
1096 1726 1224 1753 Dominus
1235 1725 1260 1752 δ.

252 1798 1842 1814 ________________________________—.____.

468 1863 655 1908 CAPUT
691 1864 773 1907 ιν.

271 1933 322 1960 um!
341 1932 406 1959 nihil
426 1940 512 1959 rerum
533 1932 694 1958 sensibilium
717 1933 750 1958 sit
766 1933 799 1964 is,
818 1940 861 1966 qui
881 1933 965 1959 omnis
984 1931 1022 1958 rei

319 1968 420 1995 seruilis
438 1967 579 1994 secundum
597 1967 773 1993 excellentiam
791 1973 827 1994 est
844 1973 947 1994 auctor.

1255 1854 1573 1900 ΚΕΦΑΛΑΙΟΝ
1609 1853 1662 1897 Δ’.

1075 1929 1139 1956 ὀτι
1150 1927 1239 1956 οὐδὲν
1253 1926 1312 1954 τῶν
1322 1925 1472 1958 αἰσθητῶν
1484 1926 1500 1952 ό
1512 1923 1623 1956 παντὸς
1629 1922 1775 1957 αἰσθητοῦ
1790 1916 1853 1949 καθ’

1326 1959 1478 1995 ὑπεροχὴν
1492 1960 1593 1991 αιτιος.

882 2022 1047 2051 SYNOPSIS
1062 2019 1206 2050 CAPlTlS.

427 2089 556 2123 Exempla
577 2090 650 2125 ponit
671 2090 787 2125 negantis
805 2089 949 2124 theologia},
964 2093 988 2115 ct
1001 2088 1112 2115 ostendit
1136 2086 1263 2122 quomodo
1276 2084 1342 2112 nihil
1363 2083 1455 2110 sensile
1467 2082 1520 2110 Deo
1537 2085 1673 2116 competat.

278 2147 397 2188 Dicimus
408 2168 483 2195 ergo,
496 2167 602 2187 causam
618 2159 747 2190 omnium,
761 2163 787 2185 et
797 2165 856 2192 quae
867 2165 945 2191 supra
962 2165 1019 2183 om-

1104 2157 1226 2191 Λέγομεν
1243 2153 1299 2186 οὖν,
1324 2154 1360 2185 ὡς
1385 2154 1402 2188 ὴ
1427 2153 1532 2180 πάντων
1556 2153 1644 2184 αἰτία,
1667 2153 1739 2189 ὑπὲρ
1764 2155 1852 2181 πάντα

242 2206 288 2233 nia
307 2210 359 2238 est,
373 2212 422 2232 nec
441 2204 574 2236 essentize,
599 2211 648 2231 nec
669 2203 740 2235 vitm,
761 2210 810 2230 nec
829 2202 951 2233 rationis,
971 2208 1020 2228 nec

245 2251 343 2277 mentis
359 2254 494 2285 expertem
508 2257 578 2280 esse,
592 2257 679 2283 neque
694 2255 792 2282 carpus
815 2247 958 2277 exsistere.
973 2254 1021 2273 ne-

241 2303 295 2330 que
309 2296 430 2330 ﬁguram,
444 2303 530 2330 neque
540 2295 695 2329 qualitatem
709 2297 755 2320 aut
775 2294 952 2327 quantitatem
973 2296 1021 2318 aut

242 2342 340 2369 molem
357 2341 468 2372 habere,
487 2348 574 2375 neque
600 2341 627 2367 in
650 2340 708 2366 loco
730 2346 799 2370 esse,
816 2345 902 2372 neque
924 2338 1019 2369 videri,

243 2393 332 2420 ncque
351 2391 450 2413 tactum
474 2386 598 2412 sensilem
620 2385 729 2415 habere,
743 2390 830 2417 neque
845 2382 954 2414 sentire,
970 2389 1019 2409 nec

242 2430 292 2457 sub
303 2437 411 2457 sensum
432 2428 540 2461 cadere,
563 2436 612 2455 nec
631 2427 856 2455 inordinationem
879 2426 1019 2454 admittere

241 2479 288 2502 aut
300 2474 528 2509 perturbationem
545 2481 558 2499 a
574 2473 742 2507 passionibus
767 2471 950 2498 materialibus
969 2478 1017 2497 ex—

240 2520 361 2551 citatam,
378 2526 428 2546 nec
445 2518 604 2545 imbecillam
617 2525 677 2544 esse
697 2521 724 2543 et
743 2515 886 2543 sensilibus
909 2515 1016 2542 casibus

237 2565 402 2596 obnoxium;
428 2570 515 2597 neque
537 2562 605 2590 lueis
625 2562 743 2596 indigum
769 2559 914 2593 exsistere,
928 2567 1014 2594 neque

240 2610 413 2637 mutationem
426 2612 472 2635 aut
482 2607 694 2642 corruptionem,
706 2612 794 2640 neque
804 2604 915 2639 ﬂuxum,
928 2612 1014 2639 neque

238 2655 385 2690 quidquam
397 2653 521 2686 sunt,vel
533 2660 604 2685 esse,
617 2656 658 2679 vet
673 2654 784 2680 habere.

1067 2200 1144 2231 οὖσα,
1160 2200 1221 2227 οὔτε
1237 2199 1358 2230 ἁνούσιός
1374 2199 1456 2229 ἐστιν,
1474 2196 1534 2224 οὔτε
1550 2196 1645 2229 ἄζωος,
1664 2197 1726 2224 οὔτε
1744 2199 1852 2233 ἄλογος,

1067 2247 1129 2273 οὔτε
1145 2247 1232 2277 ἄνους,
1249 2245 1308 2271 οὐδὲ
1331 2244 1409 2279 σῶμά
1430 2245 1516 2270 ἐστιν·
1529 2242 1589 2269 οὔτε
1607 2243 1709 2278 σχῆμα,
1727 2243 1790 2270 οὔτε
1814 2244 1853 2271 εἷ-

1068 2291 1121 2322 δος,
1136 2290 1196 2316 οὔτε
1220 2289 1358 2324 ποιότητα,
1375 2288 1391 2323 ἢ
1409 2287 1551 2321 ποσότητα,
1567 2286 1584 2322 ἢ
1600 2287 1681 2321 ὄγκον
1700 2287 1774 2322 ἔχει·
1793 2289 1852 2315 οὐδὲ

1068 2336 1097 2362 ὲν
1112 2335 1185 2370 τόπῳ
1201 2335 1285 2366 ἐστὶν,
1304 2333 1364 2359 οὔτε
1388 2333 1494 2368 ὁρᾶται,
1510 2331 1570 2358 οὔτε
1586 2332 1693 2367 ἐπαφὴν
1716 2333 1852 2369 αἰσθητὴν

1069 2380 1140 2414 ἔχει·
1167 2380 1226 2406 οὐδὲ
1250 2378 1420 2407 αἰσθάνεται,
1443 2376 1504 2403 οὔτε
1531 2376 1642 2411 αἰσθητή
1668 2377 1759 2409 ἐστιν,
1791 2378 1851 2404 οὐδὲ

1068 2425 1180 2458 ἀταξίαν
1205 2425 1260 2459 ἔχει
1282 2424 1329 2450 καὶ
1346 2422 1482 2458 ταραχὴν,
1500 2422 1552 2448 ὑπὸ
1571 2421 1663 2448 παθῶν
1679 2421 1781 2449 ὑλικὼν
1806 2425 1851 2450 ὲν·

1067 2470 1230 2506 οχλουμένη·
1255 2469 1317 2496 οὕτε
1344 2467 1476 2502 damas;
1491 2468 1564 2493 ἐστιν
1588 2467 1608 2497 ⁷.
1628 2466 1767 2501 αἰσθητοῖς
1785 2469 1850 2494 ὑπο-

1066 2515 1178 2550 κειμένη
1203 2514 1407 2549 συμπτώμασιν,
1424 2512 1485 2538 οὕτε
1507 2512 1536 2538 ὲν
1558 2511 1644 2546 ἐνδείᾳ
1666 2511 1726 2537 ἐστὶ
1748 2512 1849 2546 φωτὸς,

1063 2561 1123 2587 οὐδὲ
1140 2560 1289 2591 ἀλλοίωσιν,
1306 2559 1322 2593 ἢ
1339 2557 1451 2593 φθορὰν,
1474 2557 1491 2592 ἦ
1515 2555 1655 2592 μερισμὸν,
1672 2555 1690 2591 ἢ
1707 2557 1848 2593 στέρησιν,

1064 2605 1080 2640 ἢ
1098 2605 1198 2640 ῥεῦςιν,
1215 2603 1274 2630 οὕτε
1297 2603 1361 2630 ἄλλο
1382 2611 1409 2629 τι
1431 2602 1484 2629 τῶν
1506 2600 1650 2636 αἰσθητῶν,
1673 2600 1737 2628 otes:
1763 2602 1849 2634 ἐστὶν,

1064 2649 1125 2676 οὔτε
1141 2649 1205 2684 ἔχει.

309 2735 324 2756 1
339 2731 412 2762 Psal.
428 2738 510 2762 cxvn,
527 2729 572 2756 22.
611 2734 622 2747 ι
639 2729 705 2756 Luc.
723 2735 769 2761 xx,
787 2727 830 2755 l7.
865 2733 878 2748 ι
896 2727 905 2754 l
922 2727 984 2755 Cor.
1002 2735 1029 2758 x,
1047 2727 1073 2752 4.
1105 2726 1119 2746 b
1136 2725 1167 2753 lll
1185 2726 1250 2761 lleg.
1269 2733 1325 2759 xtx,
1343 2725 1388 2752 l2.

866 2783 983 2811 VARI/ﬁ
1015 2782 1214 2811 LECTIONES.

274 2841 349 2873 ’δυο
361 2844 440 2873 lectio
456 2844 483 2872 in
496 2843 527 2872 D.
540 2848 660 2877 notatur,
677 2842 805 2876 ἀδύνατός
823 2843 907 2869 ἐστιν.
