1914 3061
88 162 159 191 ἱοεὸ
198 167 233 180 λυ

618 160 663 188 DE
679 161 831 189 MYSTICA
847 159 1053 194 THEOLOGIA,
1070 160 1147 189 CAP.
1164 159 1186 187 ν

1655 155 1720 184 9046

88 220 232 253 ἀνούσιος
255 220 413 256 παχυτέραν
430 219 486 255 ἔχει
508 219 557 255 τὴν
586 220 755 256 παραλογίαν
770 241 777 253 ,
803 221 834 248 τὺ
853 220 881 247 δὲ

935 221 1003 255 quod
1021 228 1074 248 non
1087 219 1295 248 sitsubstanllte
1307 224 1417 253 expers,
1435 223 1514 252 quam
1527 216 1598 251 quod
1618 223 1670 243 non
1685 216 1721 244 sit

88 266 182 300 ἄνους
198 267 373 302 λεπτοτέραν·
388 267 435 293 καὶ
450 266 493 293 διὰ
505 266 584 293 τοῦτο
593 267 642 302 τὴν
658 267 795 302 ἀπόφασιν
812 267 882 294 ἐκει-

87 320 135 338 νου
152 312 345 349 εὐγολωτέρως
360 311 510 348 δέξονταιῆ
524 312 573 348 τὴν
582 313 688 340 τούτου.
713 313 881 348 Ἀναγκαίως

88 358 117 384 δὲ
133 358 177 385 διὰ
191 358 292 385 τούτων
305 359 319 385 ό
333 359 427 396 Πατὴρ
438 360 659 395 προησφαλίσατο
675 360 719 387 τὸν
733 360 880 396 ἀκροατὴν,

89 403 160 430 ὥστε
178 404 214 440 μὴ
231 405 261 430 ὲν
280 405 340 436 ταῖς
357 404 420 439 ἑξῆς
437 405 624 438 ἀποφάσεσιν,
641 406 685 432 ὅτε
702 406 791 440 λέγει·
813 406 881 433 Οὔτε

90 450 169 486 σῶμά
185 452 267 483 ἐστιν,
285 450 346 477 οὗτε
362 451 403 484 τὸ,
423 450 485 478 οὔτε
498 452 540 484 τὸ,
555 451 658 479 οἴεσθαι
673 452 741 485 ὅλως
758 453 795 489 μὴ
812 450 882 479 εἶναι

87 495 119 521 τὸ
133 496 214 524 θεῖον.
231 495 299 522 Ἀλλ’
311 497 340 523 ὲν
355 496 460 529 τούτοις
473 497 521 532 μὲν
533 497 565 524 τὸ
581 495 650 524 εἶναι
666 498 740 534 αὐτῷ
753 498 879 525 ὑπέθετο·

88 541 172 568 εἰπὼν
180 542 243 578 γὰρ,
250 543 318 569 οὕτε
327 543 480 576 ἀνούσιος,
486 543 580 570 οὐσίαν
589 543 731 580 ἐδήλωσεν·
740 545 808 572 οὔτε
817 544 884 575 ἄζω-

88 595 132 620 ος,
151 586 240 618 ζῶσαν
253 587 401 623 ἐδήλωσεν·
416 588 484 615 οὔτε
502 587 621 622 ἄλογος,
634 588 712 622 λόγον
727 588 860 624 ἐδήλωσεν
871 598 877 604 -

88 634 158 660 οὕτε
169 633 271 667 ἄνους,
281 633 343 660 νοῦν
350 634 492 669 ἐδήλωσεν.
502 634 545 660 Ἐν
554 633 656 662 τούτοις
663 632 709 661 οὖν
718 634 882 670 ὑποθέμενος

87 679 119 705 τὸ
135 676 204 705 εἶναι
221 679 297 711 αὐτὸ,
310 680 339 705 ἐν
351 680 408 710 τοῖς
424 679 534 714 ἑφεξῆς,
551 680 594 706 ὅτε
606 679 680 714 λέγει
691 679 721 706 τὸ
733 680 821 716 σῶμα,
836 681 882 707 καὶ

87 722 123 750 τὰ
148 723 240 755 λοιπὰ,
269 724 301 751 τὸ
332 724 402 751 κατά
429 724 511 759 μηδὲν
527 724 580 752 τῶν
603 724 687 752 ὄντων
707 723 797 758 εἶναι,
822 722 881 753 ἀλλ’

89 768 250 804 ὑπερούσιον
276 769 402 805 ᾐνίξατο·
424 770 454 796 τὸ
475 770 530 806 γὰρ
554 769 591 806 μὴ
616 769 646 797 ὃν
669 770 803 798 ἁνούσιον.
826 772 882 799 Καὶ

88 814 169 841 πάλιν
185 815 215 841 οὐ
234 814 322 850 σῶμα,
340 815 397 842 ἀλλ’
408 815 478 851 ὑπὲρ
495 817 595 851 πᾶσαν,
614 817 709 854 ἑτέραν
720 818 824 851 οὐσίαν,
833 819 881 846 καὶ

88 859 146 886 ἔστι
167 862 214 888 καὶ
238 862 398 896 ὑπερούσιόν
424 864 508 892 ἐστιν.
539 863 631 890 Εἰπὼν
643 864 682 898 δὲ,
707 863 776 891 Οὔτε
802 865 881 901 σῶμά

90 907 177 939 ἐστιν,
197 907 304 943 ἀναιρεῖ
320 909 366 935 καί
376 908 411 937 τὰ
432 910 497 946 περὶ
511 909 542 936 τὸ
564 909 643 945 σῶμα
654 919 660 925 ·
677 911 879 946 ἀσχημάτιστον

91 951 156 988 γὰρ,
186 954 232 980 καὶ
260 954 389 988 ἀνείδεον,
423 955 471 982 καὶ
499 955 610 989 imo-0v,
634 956 682 983 καὶ
702 956 806 990 ἄποιον,
833 957 880 984 καὶ⁴

87 1001 200 1034 ἄογκον.
227 999 296 1027 Ἀλλ’
313 1001 367 1028 οὐδ’
382 1002 412 1028 ἐν
425 1001 500 1037 τόπῳ
518 1002 576 1028 ἐστι
586 1011 593 1017 ·
612 1003 666 1029 πᾶν
681 1002 736 1038 γὰρ
749 1011 881 1039 περιγρα-

89 1045 156 1072 πτδν
179 1047 208 1073 ἐν
230 1046 304 1083 τόπῳ
315 1067 322 1079 ,
341 1048 404 1074 ἐπεὶ
424 1048 439 1074 ὁ
454 1048 536 1080 τόπος
552 1048 639 1085 πέρας
656 1049 715 1076 ἐστὶ
729 1048 778 1075 τοῦ
801 1058 880 1084 περι-

89 1091 212 1126 έχοντος.
242 1092 278 1119 Τὸ
300 1092 328 1119 δὲ
347 1093 435 1127 θεῖον,
462 1094 598 1130 πανταχοῦ
622 1095 723 1131 παρὸν,
747 1096 794 1122 καὶ
811 1096 880 1132 πλη-

90 1137 154 1173 ροῦν
176 1138 211 1165 τὰ
234 1138 337 1172 πάντα,
363 1140 393 1166 οὗ
418 1140 572 1176 περιέχεται
592 1141 657 1178 παρ’
680 1142 805 1174 οὐδενός·
823 1142 881 1170 ἀλλ’

88 1183 144 1208 οὐδ’
169 1184 283 1219 ὁρᾶται·
310 1185 364 1211 οὐδ’
395 1185 504 1221 ἐπαφὴν
530 1185 598 1222 ἔχει,
621 1187 661 1213 ὅτι
684 1187 737 1213 οὐδ’
754 1187 881 1224 αἰσθητόν

89 1229 163 1254 ἐστιν
187 1228 226 1264 (αἱ
241 1229 296 1265 γὰρ
312 1230 452 1267 αἰσθήσεις
467 1232 531 1268 περὶ
547 1231 581 1259 τὰ
597 1233 735 1270 αἰσθητά),
753 1233 809 1260 ἀλλ’
826 1234 881 1261 οὐδ’

88 1274 247 1302 αἰσθάνεται
262 1284 269 1291 ·
287 1276 348 1303 οὐδὲ
363 1276 419 1312 γὰρ
434 1278 592 1315 αἰσθητικόν
609 1280 684 1307 ἐστιν
694 1299 701 1312 ,
718 1280 774 1307 οὐδ’
786 1281 881 1317 αἰσθή-

90 1329 146 1352 σεις
165 1320 231 1356 ἔχει.
253 1321 321 1348 Οὔτε
337 1322 389 1349 ὑπὸ
405 1323 499 1351 παθῶν
515 1324 676 1360 ἐνοχλεῖται,
694 1325 756 1353 οὔτε
773 1325 803 1359 ἐξ
818 1327 881 1354 ἀδυ-

91 1367 191 1402 ναμίας
214 1368 354 1404 αἰσθητοῖς
378 1369 520 1397 ὑπόκειται
543 1371 667 1398 πάθεσιν.
691 1371 760 1399 Οὔτε
776 1372 817 1399 δεῖ
832 1373 880 1400 αὐ-

89 1412 130 1448 τῷ
151 1412 199 1439 τοῦ
226 1414 332 1448 φωτὸς,
361 1414 423 1441 οὕτε
444 1415 614 1448 ἀλλοιοῦται,
637 1417 700 1444 οὔτε
724 1418 878 1454 φθείρεται·

89 1457 268 1485 ἀναλλοίωτον
285 1459 339 1495 γὰρ
356 1460 402 1486 καί
417 1460 560 1488 ἀθάνατον.
586 1462 653 1489 Οὐδὲ
675 1463 809 1499 μερισμὸν
821 1463 882 1498 ὑφι-

91 1510 186 1530 σταται
212 1505 241 1530 ὲν
279 1504 318 1540 τῷ
348 1505 398 1538 τὰς
427 1508 501 1542 τρεῖς
532 1506 689 1543 ζωαρχικὰς
719 1508 881 1542 ὑποστάσεις

92 1548 302 1600 ιδιοῠποστάτως
317 1548 432 1600 εἶναι-τε
446 1553 635 1600 καὶγνοεζσθαι.
651 1554 719 1581 Οὐδὲ
736 1555 862 1591 στέρησιν
872 1564 880 1570 ·
896 1572 917 1600 c

89 1593 125 1621 τὰ
141 1594 196 1630 γὰρ
212 1596 348 1631 προσόντα
363 1597 402 1632 τῷ
415 1597 475 1634 Θεῷ
491 1598 580 1633 ἀγαθὰ
596 1600 642 1627 καὶ
660 1600 823 1636 ύπερπλήρη
835 1600 883 1627 καὶ

89 1641 194 1674 φυσικά
211 1642 296 1672 ἐστιν.
306 1643 374 1670 Οὐδὲ
385 1643 478 1679 ρεὖσιν
489 1645 645 1679 ὑφίσταται,
660 1645 818 1681 ἀρῤεύστως
829 1644 884 1680 γὰρ

89 1689 105 1715 ὁ
131 1689 277 1725 μονογενὴς
300 1690 386 1724 Λόγος
412 1692 444 1717 ὲκ
467 1691 515 1718 τοῦ
539 1692 646 1728 Πατρὺς
667 1692 812 1727 γεννᾶται,
839 1690 886 1718 καὶ

91 1733 206 1765 ἀπαθῶς
225 1735 258 1761 ἐκ
272 1735 321 1761 τοῦ
337 1736 446 1771 Πατρδς
467 1736 647 1772 ἐκπορεύεται
662 1737 693 1763 τὸ
711 1737 787 1771 ἅγιον
799 1737 886 1763 Πνεῦ-

93 1786 144 1812 μα.
167 1776 236 1805 Οὔτε
260 1779 324 1806 ἄλλο
343 1789 370 1806 τι
392 1781 447 1808 τῶν
469 1782 605 1818 αἰσθητῶν
628 1781 690 1808 οὔτε
708 1783 799 1815 ἐστὶν,
823 1782 885 1809 οὔτε

91 1822 160 1859 ἔχει.
178 1824 215 1851 Τὸ
237 1825 287 1860 μὲν
307 1826 385 1859 ἐστι,
403 1826 446 1853 διὰ
460 1827 494 1854 τὰ
512 1827 572 1854 καθ’
590 1827 659 1855 αὐτὰ
679 1828 822 1863 ὑφεστῶτα
839 1828 883 1855 λέ-

92 1878 147 1904 γει,
168 1871 250 1905 ἧγουν
273 1872 390 1907 πνεῦμα,
408 1873 472 1910 ἀὴρ,
489 1874 561 1906 λίθος
572 1883 578 1890 ·
600 1875 630 1901 τὺ
641 1874 669 1902 δὲ
681 1876 753 1910 ἔχει,
771 1875 814 1902 διὰ
832 1875 882 1908 τὰς

93 1915 260 1951 δηλωθεισας
283 1918 441 1953 σωματικὰς
462 1920 616 1955 ποιότητας.

934 267 1031 294 mentis
1053 273 1161 301 expers,
1186 265 1322 300 siquidem
1346 264 1481 296 ἀνούσιος,
1505 262 1531 291 id
1557 266 1600 290 est
1623 269 1720 290 carens

932 312 1104 346 substantia,
1142 311 1305 339 crassiorem
1346 310 1429 337 habet
1467 308 1719 343 improportionem,

933 358 1012 390 ἄνους
1030 366 1106 392 vero,
1129 365 1178 385 seu
1197 355 1297 384 mentis
1309 363 1416 391 expers,
1432 355 1618 389 subtiliorem;
1637 359 1664 383 et
1679 354 1720 382 id-

933 406 1007 434 circo
1024 405 1096 433 illius
1110 405 1281 440 negationem
1294 403 1402 431 facilius
1413 403 1566 436 admittant,
1580 409 1660 437 quam
1671 401 1720 429 hu-

931 451 986 487 jus.
1005 450 1166 479 Necessario
1181 454 1272 477 autem
1284 449 1329 477 hic
1345 448 1425 476 Pater
1439 456 1487 483 per
1504 449 1556 475 ista
1568 447 1721 483 praemuniit

933 497 1084 525 auditorem
1095 516 1103 529 ,
1119 503 1154 524 ne
1168 496 1194 523 in
1208 495 1387 531 sequentibus
1403 494 1721 529 negationibus,quando

933 544 998 571 dicit
1013 553 1020 571 :
1035 543 1128 578 Neque
1148 550 1249 577 corpus
1272 546 1326 574 est,
1352 547 1441 576 neque
1461 541 1523 572 hoc,
1542 547 1628 575 neque
1643 538 1719 571 illud,

932 590 1089 617 existiment
1104 589 1188 616 Deum
1204 587 1316 616 omnino
1329 595 1382 615 non
1398 594 1469 615 esse.
1488 586 1540 614 Sed
1557 586 1582 614 in
1598 585 1640 612 bis
1657 584 1720 620 qui-

933 636 993 664 dem
1022 635 1109 670 ipsum
1126 634 1254 669 supponit
1273 640 1335 661 esse
1353 641 1361 661 :
1380 640 1441 660 cum
1461 632 1534 660 enim
1549 632 1661 664 diceret,
1673 638 1720 658 no-

932 690 981 716 que
995 681 1106 708 essentia
1121 688 1211 708 carere
1222 702 1230 714 ,
1261 679 1408 708 essentiam
1429 678 1618 713 signiﬁcabat;
1641 684 1721 712 neque

931 729 983 755 vita
998 727 1078 763 571
1090 734 1179 754 carere
1189 747 1197 760 ,
1211 727 1295 754 vitam
1309 726 1467 755 declarabat
1480 733 1488 758 ;
1510 732 1592 760 neque
1617 724 1723 750 irratio-

933 773 1017 801 nalem
1034 781 1105 807 esse,
1129 773 1263 800 rationem
1282 773 1505 806 demonstrabat;
1526 779 1607 806 neque
1629 777 1722 797 amen-

932 824 982 846 tem
994 820 1129 852 exsistere,
1143 822 1262 846 mentem
1286 819 1489 847 maniiestabat.
1517 817 1546 844 In
1568 817 1611 844 his
1630 816 1730 850 itaque,

933 873 1087 900 supponens
1109 866 1198 900 ipsum
1218 871 1290 896 esse,
1309 864 1336 891 in
1357 864 1390 892 iis
1404 871 1465 899 qua:
1479 867 1642 898 sequuntur,
1658 867 1720 889 cum

932 912 998 940 dicit
1011 918 1122 946 corpus,
1137 915 1165 937 et
1179 915 1289 943 caetera,
1302 909 1450 937 secundum
1469 908 1537 935 nihil
1550 914 1644 936 eorum
1660 913 1722 940 quae

931 957 1076 990 exsistunt,
1091 963 1162 990 esse,
1172 956 1220 984 sed
1233 962 1315 990 supra
1331 954 1511 982 substantiam
1528 960 1588 980 esse
1600 952 1722 979 insinua-

931 1003 988 1036 vit;
1011 1002 1084 1038 quod
1101 1002 1173 1029 enim
1191 1009 1245 1028 non
1256 1005 1310 1034 est,
1331 1000 1360 1028 id
1375 1000 1494 1028 essentia
1512 1003 1597 1026 caret.
1613 997 1646 1024 Et
1660 1004 1721 1024 rur-

931 1055 991 1075 sum
1010 1047 1037 1075 id
1054 1047 1125 1083 quod
1147 1054 1201 1074 non
1218 1054 1327 1081 corpus,
1351 1046 1400 1074 sed
1419 1052 1501 1080 supra
1513 1050 1622 1072 omnem
1639 1042 1722 1069 aliam

931 1094 1107 1122 substantiam
1120 1094 1239 1126 exsistit,
1250 1093 1277 1120 id
1295 1097 1323 1120 et
1334 1096 1388 1125 est,
1405 1095 1433 1119 et
1446 1098 1527 1124 supra
1539 1087 1721 1117 substantiam

931 1140 1058 1168 est.Cum
1070 1147 1134 1167 vero
1149 1139 1232 1167 dicit:
1242 1138 1335 1174 Neque
1346 1145 1443 1172 corpus
1454 1141 1507 1169 est,
1518 1136 1586 1163 tollit
1597 1135 1678 1162 etiam
1690 1141 1722 1161 ea

931 1194 992 1220 quae
1000 1186 1073 1213 circa
1087 1189 1271 1220 corpus_sunt;
1284 1184 1419 1219 siquidem
1430 1188 1459 1211 et
1471 1183 1568 1217 ﬁgura,
1584 1184 1611 1208 et
1625 1179 1721 1212 forma,

931 1237 958 1260 et
971 1231 1132 1267 quantitate,
1142 1235 1169 1259 et
1182 1231 1325 1267 qualitate,
1334 1235 1362 1258 et
1379 1230 1450 1257 mole
1462 1233 1548 1257 caret.
1565 1226 1618 1255 Sed
1633 1232 1723 1260 neque

931 1278 959 1305 in
980 1277 1041 1305 loco
1060 1283 1117 1312 est;
1131 1284 1212 1305 omne
1235 1276 1309 1305 enim
1335 1275 1408 1311 quod
1429 1272 1676 1304 circumscribitur,
1696 1271 1723 1298 id

931 1329 974 1353 est
989 1324 1017 1351 in
1032 1324 1104 1358 loco,
1117 1323 1245 1359 quoniam
1261 1323 1338 1350 locus
1348 1326 1391 1350 est
1403 1321 1537 1350 terminus
1548 1317 1721 1347 continentis.

933 1371 1004 1399 Deus
1015 1375 1105 1398 autem
1114 1369 1160 1405 qui
1169 1370 1270 1405 ubique
1282 1375 1403 1404 praesens
1414 1372 1469 1400 est,
1478 1370 1507 1395 et
1519 1365 1613 1401 implet
1622 1363 1723 1396 omnia,

932 1425 947 1444 a
964 1417 1038 1445 nullo
1051 1417 1216 1449 continetur,
1231 1415 1278 1443 sed
1289 1422 1380 1450 neque
1393 1414 1513 1446 videtur,
1522 1418 1610 1447 neque
1622 1414 1724 1438 tactum

936 1465 1027 1498 habet,
1043 1464 1106 1499 quia
1130 1470 1217 1498 neque
1240 1462 1378 1490 sensibilis
1397 1459 1638 1495 exsistit(sensus
1652 1457 1725 1485 enim

933 1511 1008 1539 circa
1022 1518 1054 1538 ea
1067 1514 1214 1538 versantur
1225 1516 1286 1544 quae
1299 1508 1469 1543 sentiuntur)
1483 1513 1573 1541 neque
1588 1505 1723 1536 sentitur;

934 1564 1021 1592 neque
1042 1557 1114 1585 enim
1137 1555 1238 1584 sensile
1249 1555 1314 1591 quid
1336 1560 1389 1588 est,
1411 1560 1500 1588 neque
1517 1559 1616 1580 sensus
1631 1550 1724 1578 habet.

938 1603 1030 1638 Neque
1053 1602 1224 1638 passionibus
1251 1601 1387 1633 turbatur,
1412 1606 1499 1635 neque
1510 1606 1545 1626 ex
1566 1596 1725 1632 impotentia

939 1648 1082 1676 sensilibus
1107 1647 1278 1682 passionibus
1310 1646 1446 1675 obnoxius
1476 1648 1528 1673 est.
1552 1643 1646 1678 Neque
1675 1642 1726 1676 ipsi

939 1700 1007 1727 opus
1020 1697 1061 1719 est
1075 1692 1186 1724 lumine,
1208 1699 1296 1726 neque
1309 1692 1482 1722 immutatur,
1499 1695 1586 1724 neque
1601 1694 1726 1715 corrum-

942 1738 1014 1773 pitur
1029 1746 1036 1764 :
1051 1737 1225 1765 immutabilis
1237 1738 1310 1765 enim
1323 1741 1351 1765 et
1364 1735 1525 1764 immortalis
1543 1735 1660 1763 exsistit.
1674 1733 1727 1761 Ne-

941 1791 994 1818 que
1009 1783 1171 1810 divisionem
1188 1783 1273 1816 subit,
1287 1783 1350 1810 dum
1366 1788 1423 1810 tres
1442 1789 1566 1817 personae
1577 1781 1638 1807 vitae
1650 1779 1726 1814 prin-

936 1830 1012 1864 cipes
1032 1835 1081 1865 per
1106 1829 1246 1864 propriam
1271 1836 1348 1856 suam
1369 1827 1572 1856 subsistentiam
1593 1831 1621 1854 et
1639 1824 1726 1853 subsl-

935 1879 1021 1909 stunt,
1050 1880 1077 1903 et
1104 1874 1303 1911 intelliguntur.
1317 1874 1413 1911 Neque
1437 1873 1617 1910 privationem
1635 1879 1644 1899 :
1663 1878 1727 1899 nam

933 1921 1004 1949 bona
1025 1928 1085 1956 quae
1101 1921 1155 1949 Deo
1170 1921 1273 1955 insunt,
1287 1926 1315 1948 et
1343 1927 1509 1958 supraquam
1523 1919 1604 1954 plena
1623 1921 1687 1945 sunt
1699 1923 1728 1948 et

93 1963 239 1990 naturalia.
259 1963 352 1998 Neque
374 1965 475 1992 ﬂuxum
504 1966 640 2000 sustinet,
665 1966 798 2002 siquidem
825 1967 883 1995 sine
897 1968 972 1995 lluxu
986 1968 1152 2003 unigenitum
1165 1967 1285 1995 Verbum
1301 1974 1336 1994 ex
1352 1966 1434 1994 Patre
1448 1965 1577 2001 gignitur,
1611 1970 1639 1992 et
1665 1971 1727 1990 san-

94 2013 155 2035 ctus
177 2009 221 2036 ille
242 2009 360 2044 Spiritus
378 2011 438 2039 sine
457 2012 582 2046 passione
601 2019 635 2040 ex
658 2013 738 2041 Patre
770 2013 903 2047 procedit.
921 2013 1015 2049 Neque
1041 2013 1191 2049 quidquam
1212 2012 1286 2040 aliud
1307 2020 1398 2040 rerum
1422 2011 1591 2039 sensibilium
1615 2010 1655 2038 vel
1686 2013 1727 2037 est

94 2053 137 2081 vel
154 2054 244 2082 habet.
260 2056 330 2083 Dicit
345 2057 454 2092 quidem
469 2057 534 2085 illud
547 2063 596 2090 est,
612 2064 721 2094 propter
734 2066 766 2086 ea
784 2066 844 2094 qua:
854 2067 902 2094 per
915 2068 945 2087 se
958 2059 1120 2093 subsistunt,
1133 2059 1293 2094 utspiritus,
1305 2067 1362 2093 aer,
1378 2058 1464 2094 lapis;
1478 2058 1543 2086 illud
1558 2065 1621 2085 vero
1637 2056 1725 2088 habet,

95 2106 208 2135 propter
219 2101 275 2135 jam
290 2103 440 2131 declaratas
461 2111 607 2139 corporeus
626 2105 783 2140 qualitates.

112 2167 1719 2185 __—_—___—n—————-———————q——_h~

293 2256 618 2303 ΚΕΦΛΛΑΙΘΝ
633 2257 687 2303 Ε’.

101 2327 166 2354 Ὀτι
181 2328 271 2355 οὐδὲν
301 2327 358 2355 τῶν
376 2329 491 2363 νοητῶν
515 2332 532 2357 ό
560 2329 673 2363 παντὸς
695 2331 804 2365 νοητοῦ
821 2331 884 2358 καθ’

357 2365 510 2400 ὑπεροχὴν
523 2366 624 2398 αἴτιος.

1137 2251 1217 2289 ⁵⁷2
1251 2261 1441 2306 CAPUT
1467 2262 1525 2305 v.

941 2330 1018 2364 Quod
1038 2331 1105 2358 nihil
1126 2339 1213 2358 rerum
1232 2330 1422 2357 intellectilium
1441 2330 1474 2356 sit
1495 2329 1517 2356 is
1530 2331 1576 2365 qui
1592 2331 1676 2356 omnis
1690 2330 1728 2357 rei

994 2366 1153 2394 intellectilis
1165 2367 1310 2393 secundum
1323 2365 1504 2394 excellentiam
1519 2371 1554 2393 est
1570 2370 1672 2393 auctor.

740 2445 805 2473 SYN
811 2444 910 2474 OPSIS
927 2445 1072 2473 CAPlTlS.

103 2514 196 2546 Docet,
212 2511 296 2540 Deum
311 2513 376 2541 nihil
391 2521 446 2540 esse
459 2521 550 2541 eorum
563 2523 621 2550 qua:
637 2523 684 2552 nos
696 2516 875 2552 cognoscimus
887 2515 962 2552 [sed
977 2523 1033 2552 esse
1046 2524 1127 2550 supra
1148 2517 1237 2543 omnia
1259 2517 1311 2543 ista
1326 2523 1485 2551 qumcunque
1498 2515 1727 2552 quomodocunque

568 2559 584 2577 a
598 2551 672 2578 nobis
683 2551 783 2585 concipi
796 2550 834 2577 vel
845 2550 1016 2585 intelligentia
1028 2552 1126 2586 percipi
1136 2555 1256 2586 possunt.

139 2616 221 2650 Αὖθις
230 2618 257 2644 δὲ
265 2617 384 2649 ἀνιόντες
391 2617 505 2653 λέγομεν
511 2619 531 2650 ³,
538 2618 575 2650 ὡς
583 2617 644 2644 οὔτε
652 2618 724 2655 ψυχή
733 2619 817 2651 ἐστιν,
824 2618 886 2645 οὔτε

108 2665 166 2697 νοῦς
175 2674 182 2680 θ
193 2664 254 2691 οὔτε
263 2664 421 2700 φαντασίαν,
435 2664 450 2699 ἢ
461 2664 573 2699 δόξαν,ἣ
584 2664 671 2698 λόγον,
683 2664 699 2700 ἢ
710 2665 802 2701 νόησιν
810 2664 866 2700 ἔχει
876 2673 883 2679 ·

103 2712 163 2739 οὐδὲ
180 2712 257 2746 λόγος
279 2712 369 2743 ἐστὶν,
392 2710 454 2737 οὔτε
478 2711 585 2745 νόησις·
604 2711 664 2738 οὐδὲ
688 2710 795 2746 λέγεται
822 2710 884 2737 οὔτε

104 2759 221 2786 νοεῖται·
231 2756 294 2784 οὔτε
302 2756 417 2793 ἀριθμός
428 2757 511 2789 ἐστιν,
520 2755 582 2783 οὔτε
597 2756 681 2790 τάξις,
691 2755 753 2783 οὔτε
764 2755 887 2792 μέγεθος,

976 2619 1080 2646 Rursus
1102 2623 1194 2646 autem
1215 2618 1395 2646 ascendentes
1415 2619 1549 2651 dicimus,
1576 2620 1647 2653 quod
1677 2624 1728 2646 nec

941 2666 1031 2692 anima
1046 2665 1092 2696 sit,
1109 2671 1195 2699 neque
1207 2671 1292 2697 mens,
1309 2672 1359 2691 nec
1372 2664 1605 2698 imaginationem,
1617 2664 1657 2691 vel
1669 2664 1728 2698 opi-

942 2711 1062 2742 nionem,
1090 2709 1132 2737 vel
1155 2709 1298 2740 rationetn,
1315 2709 1358 2737 vel
1382 2708 1587 2744 intelligentiam
1611 2709 1726 2741 habeat;

945 2763 1032 2792 neque
1055 2761 1148 2783 sermo
1163 2758 1214 2787 est,
1239 2761 1327 2789 neque
1346 2755 1542 2790 intelligentia;
1557 2761 1646 2789 neque
1659 2753 1728 2782 dici-

750 2835 866 2863 VARle
895 2835 1095 2864 LECTIONES.

144 2897 155 2913 ⁸
171 2897 303 2933 λέγωμεν,
323 2898 351 2925 S.
363 2897 393 2925 Ρ.
406 2896 451 2925 Sc.
