1914 3061
211 171 277 198 1οιίῖ

797 171 827 199 S.
846 170 997 199 DlONYSll
1014 168 1247 198 AREOPAGI'LE

1769 163 1845 192 “MS

204 234 249 256 tur
262 229 301 256 vel
315 229 492 265 lnlelligitur;
506 237 595 265 neque
605 237 733 257 numerus
745 234 796 263 est,
812 237 898 264 neque
911 230 959 256 ord

1086 236 1104 254 τε
1128 227 1294 263 σμικρότης,
1315 225 1378 253 οὕτε
1399 225 1500 261 ἰσότης,
1519 225 1584 253 οὔτε
1608 225 1754 260 ἀνισότης,
1777 223 1842 250 οὔτε

203 282 292 309 neque
304 276 471 310 magnitudo,
487 283 575 311 neque
590 275 720 310 parvitas,
731 283 818 311 neque
833 275 986 310 aequalitas,

202 327 292 354 neque
309 320 458 348 similitudo
469 342 475 353 ,
491 328 579 356 neque
594 321 803 354 dissimilitudo;
819 328 906 356 neque
922 325 986 352 stat,

201 373 290 400 neque
302 371 436 399 movetur,
454 375 542 402 neque
554 367 682 402 quiescit,
695 375 781 402 neque
794 367 877 395 habet
892 372 989 402 poten-

201 411 288 445 tiam;
311 420 361 439 nec
380 417 421 440 est
435 413 565 448 potentia,
586 420 672 448 neque
692 413 794 445 lumen,
809 420 895 447 neque
912 412 988 445 vivit,

201 465 290 493 neque
302 459 355 485 vita
364 464 416 490 est,
428 466 515 494 neque
527 458 678 486 substantia
689 464 742 491 est,
755 465 842 494 neque
850 458 988 491 sarculum,

203 513 293 540 neque
309 510 425 538 tempus,
443 514 493 533 nec
508 511 550 533 est
567 505 626 539 eius
641 506 724 533 tactio
745 505 922 537 intelleelilis,
940 511 989 532 ne-

202 559 255 586 que
273 551 397 583 scientia,
418 559 506 586 neque
523 552 623 579 veritas
637 556 691 584 est,
706 559 794 586 neque
805 558 930 586 regnum,
947 557 994 580 ne-_

202 606 255 632 que
271 599 416 632 sapientia,
440 606 491 625 nec
507 605 589 625 unum
603 618 610 631 ,
631 605 682 625 nec
696 598 798 630 unitas,
820 604 908 632 neque
922 597 991 625 divi-

203 644 287 676 nitas,
315 651 403 678 neque
433 644 552 677 bonitas,
580 651 668 677 neque
691 643 804 679 spiritus
823 648 877 675 est,
897 648 925 670 ut
942 651 991 671 nos

202 690 329 724 spiritum
351 689 558 722 cognoscimus;
583 696 634 716 nec
651 692 692 716 est
709 688 816 720 ﬁliatio,
836 695 924 722 neque
944 696 992 722 pa—

204 736 331 767 ternitas,
358 743 407 762 nec
432 735 504 762 aliud
528 735 674 769 quidquam
697 743 802 766 eorum,
822 743 882 770 qua:
902 736 989 767 nobis,

203 787 251 808 aut
275 781 320 807 ulli
344 789 436 808 eorum
454 782 499 816 qui
522 786 595 814 sunt,
621 781 728 815 cognita
743 786 819 813 sunt;
841 789 928 816 neque
939 781 990 808 ali-

203 826 268 859 quid
287 833 381 853 eorum
400 833 460 860 qua:
473 833 526 852 non
541 830 614 857 sunt,
632 833 718 860 neque
735 833 796 860 qua:
808 831 886 858 sunt;
905 834 992 861 neque

203 879 265 906 quae
279 877 343 899 sunt
363 879 423 898 eatn
445 876 615 906 cognoscunt
637 875 771 905 quatenus
789 875 841 904 est,
864 879 914 899 nec
934 872 991 906 ipsa

1040 275 1167 310 ὁμοιότης
1180 274 1197 309 ἢ
1217 272 1393 309 ἀνομοιότηςα
1410 271 1471 299 οὒτε
1489 272 1615 308 ἔστηκεν,
1633 271 1695 298 οὔτε
1710 272 1842 303 κινεῖται,

1040 320 1102 348 οὔτε
1119 320 1234 356 ἡσυχίαν
1251 319 1329 354 ἄγει,
1347 318 1407 345 οὔτε
1427 318 1482 354 ἔχει
1499 318 1624 354 δύναμιν,
1644 318 1706 344 οὔτε
1724 317 1843 353 δύναμις

1040 368 1124 397 ἐστιν,
1137 365 1199 393 οὔτε
1211 366 1270 400 φῶς
1279 374 1286 381 ·
1303 364 1365 392 οὔτε
1377 364 1421 400 ζῇ,
1436 364 1499 391 οὔτε
1513 364 1569 400 ζωή
1581 366 1655 391 ἐστιν
1664 373 1671 379 ·
1686 364 1748 390 οὐδὲ
1761 363 1843 390 οὐσία

1041 413 1125 445 ἐστὶν,
1137 412 1198 439 οὔτε
1217 411 1296 444 αἰὼν,
1314 411 1375 438 οὔτε
1392 411 1487 446 χρόνος
1497 419 1504 426 ·
1519 411 1579 437 οὐδὲ
1594 411 1685 445 ὲπαφή
1702 411 1776 437 ἐστιν
1791 410 1842 436 αὐ-

1039 459 1091 494 τῆς
1109 459 1190 494 νοητή
1200 467 1206 473 ’
1223 457 1284 485 οὔτε
1304 458 1451 494 ἐπιπήμη,
1461 457 1521 484 οὗτε
1542 457 1656 492 ἀλήθειά
1670 458 1744 483 ἐστιν
1757 465 1764 471 '
1778 456 1840 483 οὐδὲ

1043 504 1176 540 βασιλεία,
1185 503 1246 531 οὗτε
1256 504 1336 539 σοφία
1345 513 1352 519 ³
1361 504 1421 530 οὐδὲ
1429 504 1468 536 ἒν,
1477 503 1538 530 οὐδὲ
1546 503 1650 539 ἑνότης,
1658 503 1718 529 οὐδὲ
1730 502 1838 537 θεότης,

1040 550 1214 586 ἤάγαθότης,
1223 550 1283 577 οὐδὲ
1297 549 1407 585 πνεῦμά
1421 551 1494 576 ἐστιν
1504 549 1542 581 ὡς
1555 550 1630 585 ἡμᾶς
1645 549 1760 576 εἰδέναι·
1775 547 1839 574 οὗτε

1042 598 1145 633 υἰὸτης,
1159 597 1220 624 οὔτε
1231 597 1380 634 πατρότης,
1396 597 1456 624 οὐδὲ
1471 596 1534 624 ἄλλο
1543 605 1569 623 τι
1583 596 1637 622 τῶν
1654 596 1718 631 ἡμῖν
1733 595 1750 630 ἢ
1765 594 1841 630 ἄλλῳ

1041 643 1095 670 τινὶ
1114 643 1168 670 τῶν
1182 643 1266 670 ὄντων
1286 643 1531 678 συνεγνωσμένωψ
1547 642 1607 669 οὐδέ
1624 651 1649 668 τι
1662 641 1716 668 τῶν
1726 643 1776 669 οὐκ
1792 641 1839 667 δν-

1041 697 1106 721 των,
1134 689 1195 717 οὐδὲ
1217 699 1244 716 τι
1263 689 1318 716 τῶν
1335 689 1420 716 ὄντων
1439 690 1524 720 ἐστὶν,
1543 688 1604 715 οὐδὲ
1622 688 1657 715 τὰ
1673 688 1737 714 ὅντα
1751 687 1840 723 αὐτὴν

1041 735 1170 770 γινώσκει
1223 736 1291 772 αὐτή
1310 738 1399 763 ἐστιν·
1418 735 1479 762 οὐδὲ
1495 734 1562 771 αὑτὴ
1579 734 1706 769 γινώσκει
1722 734 1755 760 τὰ
1774 734 1842 760 ὄντα

1042 778 1059 817 ᾖ
1079 781 1143 807 ὅντα
1164 782 1255 808 ἐστιν·
1276 781 1336 808 οὐδὲ
1356 781 1435 815 λόγος
1453 781 1539 816 αὐτῆς
1555 782 1645 812 ἐστιν,
1664 779 1725 807 οὔτε
1741 779 1842 814 ὖνομα,

1042 827 1103 854 οὔτε
1118 827 1233 862 γνῶσις·
1248 828 1308 854 οὐδὲ
1322 828 1417 860 σκότος
1437 828 1521 860 ἐστὶν,
1536 827 1595 853 οῦδὲ
1609 826 1667 861 ιρῶς
1676 835 1682 840 ·
1699 825 1762 852 οὗτε
1776 825 1844 852 πλίμ

1043 881 1088 908 νη,
1110 872 1171 898 οὔτε
1194 872 1322 907 ἀλήθεια·
1344 873 1405 899 οὐδέ
1426 874 1499 899 ἐστιν
1518 871 1603 906 αὐτῆς
1620 871 1734 897 καθόλου
1753 871 1842 902 θέσις,

203 904 343 952 cognoscit
361 925 421 952 quae
439 904 503 943 sntit
519 904 654 950 quatenus
667 919 748 948 sunt;
769 923 818 942 nec
834 920 877 943 est
892 915 929 942 illi
944 904 959 942 ἰ

1087 925 1105 943 τε
1125 904 1283 953 ἀφαίρεέις-
1303 917 1370 944 ἀλλὰ
1391 917 1445 944 τῶν
1463 917 1521 952 μετ’
1535 904 1619 952 αὑέὴν
1633 916 1682 948 τὰς
1695 916 1786 948 θέο-εις
1794 916 1843 946 καὶ

204 963 243 990 tio
256 983 264 994 ,
282 970 371 997 neque
389 970 499 994 nomen,
519 969 608 995 neque
623 960 740 995 cognitio
753 967 762 993 ;
775 968 861 996 neque
879 961 991 988 tenebra

203 1015 257 1041 est,
270 1017 359 1044 neque
373 1010 475 1042 lumen,
495 1016 545 1036 nec
557 1016 644 1040 error,
658 1015 745 1043 neque
758 1008 875 1041 veritas;
891 1015 941 1035 nec
951 1010 993 1034 est

203 1055 263 1088 ejus
277 1057 303 1082 in
320 1056 474 1083 universum
499 1055 616 1089 positio,
639 1055 696 1089 nec:
710 1055 827 1090 ablatio;
853 1055 908 1082 imo
930 1053 991 1081 cn'm

204 1109 310 1131 eorttm.
330 1109 389 1135 quae
404 1106 463 1136 post
476 1101 562 1136 ipsam
577 1105 657 1132 sunt,
675 1101 823 1136 positiones
837 1105 864 1127 et
876 1100 993 1128 ablatio-

205 1153 254 1171 nes
268 1144 393 1177 facimus,
410 1145 494 1178 ipsam
505 1153 592 1178 neque
602 1147 736 1179 ptmimus,
752 1152 840 1179 neque
854 1145 971 1173 tollimus
984 1155 990 1175 :

1045 964 1204 999 ἀφαιρέσεις
1232 963 1372 995 ποιοῦντες
1396 963 1502 999 αὐτὴν,
1529 963 1590 990 οὔτε
1614 963 1747 998 τίθεμεν,
1778 962 1843 989 οὔτε

1045 1009 1215 1045 ἀφαιροῦμεν
1227 1018 1233 1025 ·
1249 1010 1310 1036 ἐπεὶ
1320 1010 1367 1036 καὶ
1382 1009 1452 1045 ὑπὲρ
1467 1010 1554 1036 πᾶςαν
1570 1009 1644 1036 θέσιν
1658 1009 1732 1036 ἐστὶν
1743 1010 1762 1044 ἡ
1777 1018 1845 1035 παν-

1044 1055 1122 1092 τελὴς
1134 1056 1181 1082 καὶ
1193 1055 1281 1082 ὲνιαία
1295 1055 1349 1081 τῶν
1358 1055 1466 1082 πάντων
1481 1056 1491 1071 ⁹
1504 1055 1589 1086 αἰτία,
1604 1055 1652 1081 καὶ⁸
1666 1055 1737 1090 ὑπὲρ
1750 1056 1844 1081 πᾶσαν

1045 1101 1188 1136 ἀφαίρεσιν
1199 1101 1215 1136 ή
1225 1100 1345 1135 ὑπεροχὴ
1354 1100 1401 1126 τοῦ
1413 1100 1522 1127 πάντων
1532 1100 1624 1127 ἁπλῶς
1637 1099 1755 1126 ἀπολελυ
1760 1099 1843 1134 μένου

1045 1146 1091 1173 καὶ
1103 1146 1230 1172 ἐπέκεινα
1240 1147 1294 1173 τῶν
1305 1146 1382 1173 ὅλων.

205 1192 267 1226 quia
281 1199 362 1224 supra
381 1199 488 1219 omnem
504 1191 665 1226 positionem
689 1197 731 1219 est
747 1192 886 1227 perfecta;
905 1197 933 1219 et
952 1193 1098 1226 singularis
1123 1194 1244 1220 omnium
1269 1201 1370 1226 causa;
1392 1197 1420 1220 et
1442 1195 1524 1228 supra
1546 1199 1655 1220 onmem
1675 1192 1843 1222 ablationem

205 1238 377 1273 exsuperatio
399 1239 521 1266 omnium
539 1238 700 1272 simpliciter
714 1239 865 1272 abstracta,
880 1243 907 1266 et
925 1239 994 1266 ultra
1010 1241 1112 1267 omnia.

743 1343 823 1379 5'73
841 1343 1105 1371 ADNOTATIONES
1125 1342 1296 1370 CORDERII.

243 1401 297 1428 Pro
309 1400 416 1436 meliori
433 1401 530 1428 borum
547 1401 739 1436 intelligentia,
756 1401 921 1429 consulenda
947 1407 1009 1428 sunt
1028 1403 1053 1428 in
1075 1401 1299 1436 Generalioribus
1320 1400 1571 1436 observationibus,
1585 1403 1683 1436 octava
1698 1405 1840 1436 etrnona,

206 1444 267 1470 qua:
283 1443 314 1462 ex
330 1435 425 1472 Lesst
443 1437 615 1468 notavimus;
630 1435 700 1471 apud
718 1445 799 1471 quem
814 1438 898 1464 etiam
914 1437 976 1464 vide
988 1442 1069 1472 caput
1083 1438 1246 1470 secundum,
1261 1435 1330 1463 libro
1346 1437 1434 1471 primo
1448 1435 1487 1463 De
1501 1435 1705 1471 perfectionibus
1723 1435 1839 1470 diuinis,

207 1473 252 1498 tibi
273 1472 329 1504 agit
343 1471 377 1497 de
394 1471 439 1497 Dei
457 1472 794 1506 incomprehensibilitate.

244 1507 300 1534 Nec
314 1506 405 1533 anima
417 1511 467 1537 est,
485 1516 566 1541 neque
579 1515 663 1534 mens.
679 1507 732 1534 Per
742 1508 861 1534 animam
876 1511 1004 1541 tanquam
1018 1515 1067 1542 per
1082 1511 1186 1542 partem
1200 1506 1319 1533 hominis
1332 1505 1522 1540 principalem,
1538 1505 1663 1542 designat
1676 1505 1817 1534 hominem
1830 1517 1838 1541 ;

228 1550 257 1568 er
269 1547 388 1568 mentem
401 1549 465 1570 vero
474 1543 599 1577 angelum
615 1543 752 1577 intelligit,
768 1543 812 1576 qui
829 1541 1027 1575 deiiniturvoﬁé
1039 1541 1105 1575 ζῶν,
1119 1543 1144 1569 id
1157 1546 1198 1569 est
1209 1549 1281 1568 mens
1293 1542 1360 1571 viva.
1373 1542 1476 1569 scilicet
1488 1542 1522 1568 ob
1538 1541 1715 1577 intelligendi
1726 1543 1840 1575 praecel-

218 1579 320 1604 entiam
337 1584 392 1611 pne
404 1575 672 1605 ratteris'creaturis.
689 1575 788 1605 Uudea
806 1577 974 1612 philosophis
986 1578 1074 1612 angeli
1099 1578 1159 1604 κατ’
1171 1576 1267 1612 ἐξοχὴν
1283 1577 1465 1612 intelligentiae
1477 1582 1678 1610 mincupantur.
1694 1575 1760 1604 Vult
1779 1578 1835 1604 ita-

208 1619 262 1642 que
276 1612 365 1639 dicere
381 1612 464 1638 Deum
486 1621 574 1644 neque
587 1613 725 1640 hominem
742 1620 804 1640 esse
825 1620 910 1644 neque
925 1614 1061 1647 angelum,
1077 1619 1160 1647 atque
1178 1613 1246 1638 adeo
1261 1620 1342 1645 neque
1360 1612 1578 1646 imaginationem
1602 1612 1642 1647 vel
1666 1612 1831 1645 opinionem,

208 1648 251 1675 vel
265 1647 447 1678 rationemﬂel
460 1647 660 1683 intelligentiam
671 1649 774 1679 habere,
786 1648 831 1682 qui
843 1652 906 1674 sunt
919 1646 1036 1682 quatuor
1049 1646 1148 1682 gradus
1163 1647 1336 1681 cognitionis.
1347 1648 1437 1682 Atque
1448 1647 1588 1683 interillos
1603 1646 1712 1683 iniimus
1726 1648 1837 1680 quidem

207 1687 251 1709 est
266 1683 435 1717 imaginatio,
447 1691 506 1716 qua:
517 1681 558 1710 est
573 1691 663 1711 rerum
674 1683 765 1710 sensui
781 1681 963 1717 subiectarum
974 1684 1110 1710 sensibilis
1119 1689 1146 1710 et
1157 1683 1263 1709 interna
1274 1681 1490 1716 repraesehlatio.
1502 1681 1577 1709 Hanc
1585 1682 1718 1717 sequitur,
1728 1687 1756 1709 et
1769 1683 1796 1709 in
1806 1690 1838 1709 ea

207 1716 414 1745 fundamentum
430 1718 509 1753 habet
525 1719 625 1753 opinio,
640 1726 700 1752 qua:
717 1724 758 1746 est
779 1716 903 1746 assensio
919 1719 1016 1745 debilis
1038 1719 1136 1745 animat
1153 1717 1276 1749 rationis,
1292 1717 1487 1751 probabilitate
1500 1717 1609 1751 quidem
1625 1716 1700 1753 nixa,
1715 1717 1763 1744 sed
1783 1725 1836 1744 non

209 1753 322 1779 omnino
333 1760 429 1786 expers
443 1752 608 1782 formidinis.
622 1754 743 1780 Tertium
762 1753 850 1780 locum
864 1759 938 1780 tenet
954 1754 1035 1786 ratio,
1049 1754 1076 1780 i'd
1102 1758 1144 1780 est
1159 1753 1287 1785 scit-otia,
1302 1761 1363 1787 qua;
1378 1752 1586 1779 ratiocinatione
1605 1759 1652 1779 seu
1665 1752 1837 1779 demonstra-

211 1788 289 1824 tione
301 1788 401 1815 oritur.
418 1788 552 1821 Quartum
566 1789 685 1823 denique
703 1794 730 1816 et
747 1797 905 1824 supremum
922 1789 1036 1824 gradum
1053 1789 1161 1816 obtinet
1183 1795 1262 1814 mens
1288 1796 1334 1824 seu
1359 1788 1555 1824 intelligentia,
1569 1795 1638 1824 qtae
1655 1793 1697 1824 est
1720 1795 1788 1824 pura
1812 1793 1840 1814 et

210 1822 326 1859 simplex
340 1831 431 1859 rerum
447 1822 661 1858 contemplatio;
677 1824 768 1859 qualis
782 1822 942 1859 angelorum
958 1825 1068 1858 propria
1084 1829 1134 1853 est.
1149 1829 1177 1850 et
1193 1823 1226 1849 de
1240 1823 1351 1859 speciali
1372 1822 1490 1857 quadam
1505 1822 1552 1850 Dei
1568 1822 1656 1856 gratia
1668 1823 1694 1849 in
1707 1823 1839 1859 spiritua-

210 1858 280 1894 libus
293 1858 456 1894 quibusdam
476 1859 541 1886 viris
559 1867 591 1886 ac
615 1860 739 1894 mysticis
761 1859 894 1894 theologis
910 1861 1075 1894 quandoque
1089 1859 1235 1893 reperitur.
1257 1858 1414 1894 llosrigitur
1430 1858 1725 1894 omnesrcognoscendi
1743 1859 1838 1884 modos

209 1893 256 1921 hic
273 1901 286 1920 a
305 1893 358 1920 Deo
373 1898 508 1925 removet,
524 1895 570 1928 qui
591 1893 702 1922 omnino
716 1894 767 1921 alia
787 1893 894 1922 ratione
909 1893 1037 1928 intelligit
1054 1894 1186 1928 quidquid
1205 1893 1351 1928 intelligit;
1369 1893 1475 1920 scilicet
1498 1893 1600 1927 seipso,
1625 1893 1700 1919 nullo
1717 1893 1838 1919 interve-

211 1929 304 1955 niente
318 1932 379 1955 actu
396 1936 410 1956 a
427 1936 456 1955 se
474 1929 615 1962 distincto,
629 1935 659 1957 ut
673 1930 757 1957 verbo
770 1930 871 1961 dicatn,
887 1930 1121 1963 incomprehense.
1141 1929 1209 1955 Hinc
1232 1936 1312 1961 neque
1329 1937 1415 1956 sermo
1434 1933 1483 1959 est,
1506 1936 1558 1962 quo
1582 1928 1688 1955 scilicet
1714 1929 1838 1954 homines

210 1963 370 2000 loquuntur,
383 1972 463 2000 neque
476 1964 661 2000 intelligentia,
676 1965 747 1999 quali
760 1971 874 1992 utuntur
888 1965 974 1998 angeli
989 1974 996 1997 ;
1010 1973 1094 2000 neque
1105 1964 1214 1995 dicitur,
1229 1964 1269 1990 vel
1282 1964 1449 1999 intelligitur,
1466 1964 1567 1997 quippe
1590 1963 1797 2000 innominabilis
1812 1968 1838 1989 et

213 1998 437 2035 inintelligibilis,
459 2005 488 2026 ut
504 1998 574 2034 saepe
587 1998 690 2027 dictum
708 2006 760 2026 est.
774 2000 890 2027 Pulchre
909 1998 1160 2035 Synesius'hymno
1178 2005 1276 2033 quarto
1292 2000 1325 2026 de
1345 2000 1400 2026 Deo
1415 1999 1486 2026 trino
1500 2004 1530 2035 et
1546 2006 1609 2035 uno,
1623 1998 1707 2035 Deum
1727 1998 1836 2035 Patrem

211 2033 352 2071 invocans,
364 2033 411 2066 ait,
423 2034 514 2070 Πάτερ
524 2033 644 2069 amns
653 2035 714 2070 νόῳ,
726 2035 829 2071 ἆῤῥητε
838 2035 920 2070 λόγῳ,
931 2033 958 2061 et

1078 2033 1104 2062 is
1117 2035 1186 2061 libro
1199 2035 1342 2071 primo,l)e
1354 2043 1418 2069 quo,
1430 2034 1529 2068 inquit,
1539 2033 1605 2060 nihil
1615 2033 1666 2060 dici
1680 2034 1834 2071 etexprimi

213 2070 369 2096 mortalium
390 2071 462 2103 potis
481 2069 522 2098 εει
538 2069 909 2104 signiticatidneverborum,
924 2070 969 2104 qui
985 2076 1014 2096 ut
1028 2071 1201 2104 intelligaris,
1216 2070 1361 2096 tacendum
1376 2075 1429 2103 est;
1447 2075 1531 2103 atque
1549 2073 1578 2095 ut
1593 2076 1642 2102 per
1656 2069 1784 2104 umbram
1810 2074 1837 2094 te

212 2104 299 2140 possit
311 2112 409 2131 errans
423 2103 590 2139 investigare
615 2106 745 2140 suspicio,
764 2105 831 2132 nihil
843 2110 885 2132 est
901 2103 1012 2133 omnino
1034 2103 1220 2132 metuendum.
1238 2104 1296 2140 Non
1312 2109 1355 2132 est
1376 2105 1491 2140 mirum,
1503 2104 1524 2140 si
1541 2103 1694 2140 ignorarisr;
1723 2103 1839 2137 majoris

213 2139 406 2175 admirationis
421 2146 475 2173 est,
490 2142 512 2168 si
528 2140 635 2168 sciaris.
657 2141 728 2173 Quin
743 2145 771 2167 et
786 2146 882 2175 argute
898 2141 1067 2174 Augustinus
1085 2141 1154 2166 libro
1174 2140 1261 2174 primo
1279 2139 1318 2166 De
1331 2140 1453 2167 doctrina
1468 2139 1614 2175 christiana
1626 2139 1717 2175 capite
1743 2139 1839 2175 quinto

213 2180 240 2201 et
254 2179 337 2210 sexto,
350 2174 543 2210 :Diximusne,
559 2175 657 2210 inquit,
671 2175 773 2210 aliquid
797 2173 829 2202 et
837 2173 978 2202 sonuimus
995 2176 1096 2210 aliquid
1107 2173 1217 2209 dignum
1235 2175 1309 2202 beo?
1322 2175 1377 2201 lmo
1393 2182 1457 2201 vero
1469 2181 1512 2201 tne
1527 2174 1593 2210 nihil
1608 2173 1681 2210 aliud
1695 2181 1781 2210 quam
1794 2174 1838 2210 t_li-

213 2216 279 2235 t-ere
295 2209 415 2236 voluisse
427 2211 526 2238 sentio.
544 2210 572 2238 Si
587 2208 680 2238 autent
698 2208 763 2242 dixi,
783 2219 835 2238 non
851 2215 892 2237 est
907 2212 958 2237 hoc
975 2208 1047 2244 quod
1061 2208 1151 2237 dicere
1166 2210 1249 2238 volui.
1267 2211 1322 2237 Hoc
1337 2210 1407 2236 unde
1421 2210 1490 2240 scio,
1507 2209 1558 2235 nisi
1575 2208 1640 2242 quia
1656 2208 1728 2244 Deus
1745 2208 1839 2235 ineffa-

212 2243 278 2280 hilis
294 2244 359 2271 cst?
374 2244 450 2278 Quod
466 2251 556 2273 autetn
573 2254 587 2272 a
608 2254 651 2273 nte
662 2247 764 2273 dictum
780 2252 831 2276 est.
847 2247 869 2272 si
887 2243 1022 2273 incll'abile
1038 2247 1130 2272 esset?
1144 2250 1172 2272 at
1195 2253 1241 2280 per
1255 2246 1305 2272 hoc
1323 2254 1357 2271 ne
1369 2244 1511 2271 ineﬂabilis
1527 2245 1635 2278 quidem
1651 2243 1783 2280 dicendus
1799 2249 1838 2270 est

212 2278 297 2315 Deus,
311 2280 374 2312 quia
398 2285 424 2306 et
440 2281 489 2307 hoc
505 2289 565 2308 cum
587 2281 697 2313 dicitur,
711 2281 811 2315 aliquid
825 2281 941 2312 dicitur;
955 2286 983 2308 et
998 2282 1027 2307 tit
1046 2281 1137 2307 nescio
1151 2278 1211 2314 quae
1226 2287 1314 2314 pugna
1340 2283 1504 2312 verborum;
1520 2279 1646 2312 quoniam
1670 2279 1693 2305 si
1718 2279 1783 2305 illud
1799 2284 1838 2305 est

213 2313 349 2351 inellabtle
370 2316 440 2349 quod
462 2316 514 2342 dici
531 2324 584 2343 non
601 2313 764 2349 potest,non
786 2321 827 2344 est.
842 2316 977 2343 ineffabile
993 2316 1064 2351 quod
1084 2315 1126 2342 vel
1141 2313 1275 2343 inell‘abilé
1296 2315 1349 2343 dici
1371 2321 1477 2350 potest;
1493 2322 1553 2349 qua:
1574 2321 1664 2348 pugna
1691 2315 1838 2341 verborqu

213 2349 322 2385 silentio
337 2351 455 2376 cavenda
471 2351 569 2384 potius,
589 2360 668 2385 qualn
689 2359 755 2380 voce
769 2352 886 2385 paranda
902 2356 953 2378 est.

251 2383 342 2418 Neque
353 2383 481 2421 numerus
495 2393 545 2412 est.
560 2383 625 2420 Quia
641 2395 689 2420 per
702 2395 730 2414 se
745 2383 844 2418 unitas,
864 2391 891 2412 et
905 2387 978 2414 solus
993 2394 1055 2413 vera
1071 2386 1171 2418 unitas,
1193 2394 1208 2412 a
1232 2394 1284 2421 qua
1303 2386 1392 2414 omnis
1407 2393 1546 2416 numerus,
1563 2394 1624 2412 cum
1640 2385 1674 2412 sit
1686 2392 1769 2419 supra
1789 2393 1836 2411 nu-

214 2427 333 2449 merum.
348 2419 439 2456 Neque
450 2420 527 2456 ordo,
544 2429 604 2448 cum
623 2419 666 2448 hic
679 2422 714 2448 sit
735 2422 805 2448 inter
817 2422 933 2451 diversa,
952 2422 1022 2448 Deus
1034 2429 1124 2449 autent
1141 2419 1341 2456 perfectissime
1355 2429 1424 2447 unus
1440 2426 1467 2448 et
1482 2421 1553 2456 idem
1576 2422 1657 2450 Deus.
1679 2421 1715 2456 ita
1731 2424 1761 2447 ut
1787 2428 1837 2447 nec

214 2455 241 2481 in
258 2454 383 2488 personis
396 2455 497 2482 divinis
511 2457 548 2483 sit
560 2456 627 2482 ullus
643 2458 711 2484 ordo
729 2457 881 2491 dignitatis,
897 2457 943 2483 seti
959 2462 1064 2483 tantum
1086 2454 1200 2491 originis
1213 2463 1240 2484 et
1254 2456 1447 2491 processionis.
1466 2455 1559 2490 Neque
1571 2455 1738 2491 magnitudo,
1756 2463 1837 2488 neque

213 2491 342 2522 paruitas,
356 2498 437 2525 neque
453 2491 603 2526 wqttalitns,
622 2499 701 2526 neque
723 2491 881 2524 similitudo,
907 2499 988 2526 neque
1008 2497 1072 2524 stat,
1095 2500 1176 2526 neque
1196 2498 1322 2523 moretur,
1336 2499 1417 2525 neque
1428 2491 1548 2526 quiescit.
1566 2492 1602 2518 De
1631 2492 1708 2518 hisce
1722 2492 1837 2525 singulis

213 2526 327 2552 consule
344 2531 424 2560 caput
434 2534 535 2552 nonum
549 2525 588 2554 De
603 2527 699 2553 divinis
711 2527 872 2560 nominibus,
886 2532 913 2554 et
927 2525 1029 2554 ibidem
1045 2525 1155 2554 nostras
1170 2528 1371 2554 adnotationes.
1390 2525 1482 2561 Neque
1495 2527 1571 2553 habet
1583 2526 1740 2561 potentiam.
1758 2534 1837 2560 neque

214 2564 253 2586 at
270 2560 397 2597 potentia.
416 2561 482 2588 Vide
502 2562 536 2597 de
554 2562 597 2588 bis
613 2570 672 2596 qua:
686 2562 756 2588 dicta
773 2568 836 2589 sunt
850 2563 939 2596 capite
953 2568 1050 2590 octavo
1061 2568 1088 2590 et
1104 2562 1208 2590 decimo
1222 2563 1261 2590 De
1280 2563 1376 2589 divinis
1396 2560 1558 2589 nominibus.
1575 2560 1667 2597 Neque
1682 2562 1781 2593 lumen,
1794 2569 1836 2587 nc-

214 2603 264 2634 que
277 2595 330 2625 vita
343 2597 466 2627 est;vide
483 2596 582 2634 ibidem
598 2595 682 2634 caput
697 2603 816 2624 sextum.
832 2595 924 2634 Neque
940 2599 1091 2634 substantia
1105 2603 1163 2629 est;
1176 2598 1235 2634 vide
1258 2599 1358 2634 ibidem
1375 2603 1457 2631 caput
1479 2595 1627 2634 quintum.‘
1640 2596 1731 2634 Neque
1755 2605 1837 2623 δατη-

215 2631 281 2667 tutu.
295 2639 377 2665 neque
397 2637 516 2665 tempus;
531 2632 592 2660 vide
612 2633 710 2659 ibidem
731 2638 812 2667 caput
826 2631 974 2660 det-imum.
992 2633 1084 2667 Neque
1104 2638 1142 2660 est
1163 2632 1220 2666 ejus
1236 2634 1317 2660 tactio
1337 2631 1507 2664 intellectilis,
1524 2640 1605 2667 neque
1619 2632 1741 2664 scientia,
1754 2639 1835 2665 neque

213 2665 311 2704 {eriles
325 2671 382 2704 est;
392 2667 461 2704 vide
474 2667 573 2694 ibidem
588 2673 670 2702 caput
682 2665 838 2704 septimum.
861 2668 952 2703 Neque
965 2665 1091 2704 regnum;
1108 2665 1287 2696 videribidem
1303 2673 1385 2702 caput
1403 2665 1606 2704 duodecimum.
1626 2667 1719 2702 Neque
1730 2667 1836 2700 sapien-

215 2701 347 2738 tia,'_vide
361 2702 458 2738 ibidem
475 2707 556 2736 caput
569 2701 687 2730 sextum.
704 2702 760 2730 Nec
775 2712 867 2736 unum,
880 2701 926 2732 nec
938 2701 1044 2736 unitos;
1063 2705 1122 2731 vide
1137 2704 1235 2730 ibidem
1249 2709 1330 2738 caput
1340 2701 1457 2730 tertium
1472 2703 1620 2730 decimum.

251 2734 488 2774 tt’equerdivinitas,
505 2734 586 2772 neque
604 2739 717 2768 bonitas.
736 2739 829 2769 DeJiis
843 2734 903 2767 vide
915 2740 952 2766 De
964 2734 1059 2766 divinis
1070 2739 1218 2766 nominibus
1229 2734 1313 2773 caput
1326 2739 1516 2766 duodecimum
1529 2743 1556 2764 et
1571 2743 1710 2773 quartum.

250 2770 330 2804 Nota,
347 2773 433 2806 inquit
448 2770 558 2801 sanctus
570 2773 714 2808 Maximus,
724 2776 796 2809 quod
813 2784 900 2811 neque
913 2776 1039 2806 divinitas
1053 2775 1206 2803 sultr'lsmlia
1224 2770 1271 2803 est
1282 2775 1328 2802 Dei
1342 2775 1460 2810 (scilicet
1480 2777 1560 2808 prout
1575 2770 1590 2800 εἰ
1604 2774 1685 2801 nobis
1709 2771 1834 2808 concipi-

865 2845 981 2875 VARL‘E
996 2840 1198 2872 LECTIONES.

250 2891 260 2904 '
278 2888 412 2922 ἁπάντων,
432 2890 460 2918 S.
472 2890 492 2917 P
