1914 3061
182 148 251 177 1059

764 150 792 178 S.
811 148 962 178 DIONYSH
977 148 1213 177 AREOPAGITAE

1749 153 1819 182 i060

180 207 315 241 ρο.ςὶιίντι;
333 214 405 234 nunc
423 207 505 234 etiam
529 208 699 236 demonstrat
720 207 901 241 intellectilia,
925 207 952 235 di

1020 215 1094 233 νεται
1108 207 1155 234 καὶ
1169 207 1204 234 τὰ
1219 207 1311 242 νοητὰ,
1329 207 1369 241 τὸ,
1385 207 1454 234 Οὔτε
1471 207 1556 244 ψυχὴ,
1571 208 1634 235 οὗτε
1649 209 1723 242 νοῦς.
1745 211 1819 248 Πλὴν

179 253 284 279 cendo:
304 252 398 288 Neque
412 254 514 285 anima,
528 261 618 288 neque
635 261 721 281 mens.
735 254 835 281 Verum
857 262 906 282 nec
921 254 970 281 ha-

179 299 226 327 bet
251 299 308 332 illa,
327 301 455 334 quoniatn
480 301 563 328 etiam
590 301 626 328 ibi
649 302 683 328 de
707 301 814 328 ratione
831 308 863 328 ac
879 306 970 329 mente

178 346 345 374 mentionem
366 346 442 379 fecit,
465 347 560 374 dicens
583 356 591 374 :
617 347 712 381 Neque
740 348 856 375 rationis
881 355 969 382 neqtte

177 393 278 419 mentis
291 400 410 427 expers;
435 399 462 421 et
478 394 646 429 cmteroquin
668 394 750 421 etiam
765 394 800 421 ibi
824 394 969 421 intellecti-

177 438 212 466 lia
227 439 406 467 demonstrat.
423 439 476 466 Sed
499 440 570 467 scito
598 440 635 467 ibi
656 440 701 467 illa
718 447 778 474 qua:
803 439 865 466 talia
892 445 967 472 sunt,

175 485 288 513 sensilia
304 493 364 513 esse
378 495 385 513 :
407 493 494 520 neque
508 487 581 513 enim
596 486 720 513 declarat
740 486 871 512 rationem
887 488 967 513 abso-

175 531 273 564 lutam,
291 533 331 559 vel
359 537 477 560 mentem
507 540 522 559 a
549 532 696 559 sensilibus
722 537 895 566 separatam;
920 532 966 559 sed

175 577 292 605 rationis
317 579 469 613 mentisque
490 579 654 610 carentiatn,
684 578 814 605 animalia
838 579 965 605 nimirntn

173 624 296 655 sensilia,
324 630 433 652 ratione
460 629 610 659 menteque
632 624 756 660 privata;
789 631 883 651 verum
909 625 966 652 haec

173 669 250 704 dicit,
267 678 354 705 neque
370 671 490 698 animant
503 678 574 703 esse,
595 679 684 706 neque
697 671 845 705 quidquam
857 670 964 698 illorum

171 723 233 751 qua
254 717 353 744 anima:
381 718 524 752 portiones
553 717 633 752 idqtte
661 717 813 744 secundum
839 717 964 744 ordinem

171 763 346 798 participant,
362 768 391 790 ut
410 771 498 798 neque
514 764 613 790 habeat
635 762 857 798 imaginationem
877 764 963 790 solam

172 808 358 837 irrationalem
379 814 407 837 et
426 809 542 836 debilem
558 810 631 837 illam
648 811 761 837 fortnam
782 818 862 844 quam
880 809 962 836 etiam

170 854 249 882 bruta
268 855 388 888 habent;
411 863 499 890 neque
523 856 694 890 opinionem,
715 857 862 883 obscuram
888 855 961 882 illaut

1023 252 1060 288 μὴ
1074 253 1134 289 ἔχῃ,
1150 253 1190 279 ὃτι
1205 253 1317 280 κάκεῖσε
1334 254 1397 290 περὶ
1412 254 1490 288 λόγου
1505 255 1553 280 καὶ
1575 255 1634 286 νοὸς
1649 256 1818 291 ἐμνημόνευ-

1022 307 1077 331 σεν,
1094 298 1163 325 οὔτε
1173 299 1278 333 ἄλογος,
1295 299 1391 333 εἰπὼν,
1406 299 1468 327 οὔτε
1482 300 1570 332 ἄνους·
1588 301 1636 327 κα)⁸
1649 301 1742 328 λοιπὸν
1750 303 1817 329 ἀπο-

1020 345 1144 379 φαίνεται
1168 346 1248 372 κάκεῖ
1270 346 1304 373 τὰ
1332 347 1432 382 νοητά.
1456 346 1525 373 Ἀλλ’
1549 347 1616 379 ἴσθι,
1632 348 1672 374 ὅτι
1699 349 1758 375 ἐκεῖ
1782 349 1816 376 τὰ

1018 391 1142 423 τοιαῦτα,
1158 391 1275 427 αἰσθητά
1285 393 1362 419 εἰσιν·
1378 393 1437 420 οὐδὲ
1451 393 1506 429 γὰρ
1521 394 1701 429 ἀποφαίνεται
1716 395 1814 422 ἀπόλυ-

1017 446 1063 464 τον
1077 438 1122 464 τὸν
1131 438 1219 472 λόγον,
1236 439 1252 474 ἢ
1265 439 1311 465 τὸν
1321 440 1523 475 κεχωρισμένον
1531 440 1584 467 τῶν
1594 441 1730 475 αἰσθητῶν
1738 441 1810 468 νοῦν·

1018 484 1086 511 ἀλλά
1101 485 1132 511 τὸ
1154 484 1251 519 ἄλογον
1278 486 1324 512 καὶ
1339 486 1369 512 τὸ
1388 486 1478 518 ἄνουν,
1495 486 1552 518 ζῶα
1571 486 1670 522 δηλαδὴ
1684 487 1812 522 αἰσθητὰ,

1017 530 1186 566 ὲστερημένα
1202 530 1281 565 λόγου
1296 539 1326 557 τε
1340 532 1387 558 καὶ
1407 531 1476 563 νοός.
1499 531 1567 558 Ἀλλ’
1589 532 1707 559 ὲνταῦθα
1721 533 1810 567 λέγει,

1016 576 1054 607 ὡς
1066 575 1128 602 οὔτε
1140 577 1212 612 ψυχή
1228 577 1313 609 ἐστιν,
1328 577 1389 604 οὔτε
1399 586 1424 604 τι
1439 578 1493 604 ἀπὸ
1507 577 1560 604 τῶν
1569 578 1685 613 ἐχόντων
1694 579 1729 605 τά
1740 579 1810 615 μέρη

1015 622 1126 657 ταύτης,
1152 623 1298 650 καὶταῦτα
1313 623 1384 650 κατὰ
1404 624 1491 655 τάξιν·
1513 624 1574 651 οὕτε
1591 634 1617 651 τι
1631 625 1691 660 ἕχον
1709 634 1812 660 φαντα-

1016 669 1076 694 σίαν
1100 669 1183 704 μόνην
1202 669 1310 703 ἄλογον,
1325 669 1372 696 καὶ
1385 669 1471 696 τύπον
1492 670 1604 706 ἀσθενῆ,
1619 671 1652 706 ἦν
1668 671 1700 706 δὴ
1719 672 1811 707 έχουσι

1015 714 1062 740 καὶ
1076 714 1110 740 τὰ
1126 714 1221 748 ἄλογα·
1243 714 1304 741 οὔτε
1318 715 1407 747 δόξαν,
1433 716 1623 751 ἀσυλλόγιστον
1638 718 1738 752 γνῶσιν
1759 720 1810 746 καὶ

1014 762 1148 798 ἀμυδρὰν,
1166 763 1200 798 ἢν
1214 762 1248 789 τὰ
1262 762 1359 796 λογικὰ
1372 762 1490 797 ἔχουσιν·
1506 762 1568 790 οὔτε
1583 763 1671 797 λόγον,
1688 764 1809 799 δηλονότι

1013 808 1130 835 διάνοιαν
1146 809 1193 835 καὶ
1215 809 1381 844 ἐπιστήμην·
1398 808 1460 835 οὔτε
1482 809 1534 845 μὴν
1557 810 1809 847 νόησιν,ὲνέργειαν

1013 855 1081 887 νοὸς,
1099 855 1197 890 μέρους
1213 855 1366 890 κρείττονος
1381 855 1430 890 τῆς
1439 855 1540 890 ψυχῆς.
1556 855 1632 882 Μετὰ
1645 855 1730 882 ταῦτα
1742 857 1811 883 ἀνά-

169 900 351 935 cognitionem
365 909 425 936 qua:
437 910 488 928 non
506 903 696 934 raliocinatur,
713 910 792 936 qttant
814 902 914 928 habent
929 909 952 928 et

1012 909 1055 935 γει
1071 901 1115 927 τὸν
1128 901 1205 935 λόγον
1219 902 1257 932 εἰς
1273 900 1358 932 αὐτὰς
1368 901 1473 936 γυμνὰς
1486 901 1535 933 τὰς
1545 901 1672 937 δυνάμεις
1681 902 1743 937 δίχα
1752 903 1808 930 τῶν

169 953 230 980 quae
244 951 359 974 ututttttr
378 948 502 980 ratione;
525 956 612 982 tteqtte
627 949 771 982 rationem,
789 948 814 974 id
830 952 871 975 est
888 949 964 982 cogi-

168 991 299 1018 tationem
327 995 355 1018 et
379 992 533 1024 scientiam,
561 1000 648 1028 neqtte
676 993 889 1020 intellectionem
914 1000 961 1020 seu

167 1036 266 1063 mentis
283 1037 483 1071 operationem,
497 1045 558 1072 quae
571 1039 711 1073 potissima
726 1046 789 1073 pars
800 1039 898 1065 anima:
908 1042 959 1065 est.

166 1081 262 1110 Postea
284 1083 391 1110 derivat
412 1091 567 1111 sermonem
589 1085 621 1111 ad
643 1085 716 1120 ipsas
739 1085 826 1112 nudas
846 1086 961 1111 virtutes

165 1129 226 1155 sine
249 1129 303 1156 illis
326 1130 373 1164 qui
393 1137 442 1156 cas
462 1131 575 1163 habent,
589 1136 616 1157 et
631 1131 667 1158 ait
685 1141 691 1158 :
707 1130 800 1165 Neque
812 1138 904 1157 sermo
917 1135 960 1158 est

167 1175 334 1210 prolatitius,
351 1183 440 1211 neque
465 1176 626 1208 intellectio.
644 1178 701 1204 sive
722 1177 824 1204 locutio
841 1178 958 1204 interna.

165 1223 253 1256 Atque
281 1222 380 1249 iteruttt
406 1223 496 1250 adltuc
519 1223 629 1251 adducit
652 1224 797 1255 rationem,
821 1229 904 1259 atque
924 1232 958 1251 ex

166 1267 208 1294 bis
230 1267 313 1294 Deum
335 1267 441 1300 eximit,
471 1268 588 1303 aitque:
623 1268 722 1304 thuid
743 1270 801 1296 htec
818 1270 959 1297 memoro?

165 1321 253 1348 neque
267 1314 324 1349 ipsa
338 1315 420 1347 ratio,
437 1323 526 1350 neque
541 1315 691 1343 intellectio
707 1316 779 1343 valet
793 1317 876 1344 Deum
893 1325 959 1344 con-

163 1360 264 1394 cipere.
294 1359 359 1388 Post
383 1361 440 1388 haec
468 1362 561 1388 omnia
581 1367 724 1390 enumerat
740 1371 800 1398 quae
829 1363 857 1390 in
879 1363 958 1391 nobis

161 1406 302 1438 videntur,
325 1406 373 1433 sed
398 1411 462 1434 sunt
485 1408 658 1442 incorporea,
683 1412 766 1442 atque
791 1409 858 1436 adeo
879 1409 958 1437 intel-

162 1452 275 1484 lectilia,
306 1454 440 1481 hactenus
468 1458 560 1481 tamen
589 1455 615 1481 in
645 1454 776 1488 subjectis
798 1461 956 1490 conspecta.

162 1498 331 1526 lntellectilis
345 1507 428 1534 porro
448 1504 550 1532 tactus,
570 1505 613 1528 est
629 1501 729 1528 mentis
747 1503 879 1536 cognitio.
897 1502 958 1530 Sic—

162 1549 190 1571 ut
202 1545 274 1572 enirn
291 1549 381 1572 tactus
396 1546 516 1579 sensilis,
529 1551 572 1574 est
586 1547 718 1579 sensatio,
738 1547 801 1581 quia
819 1552 882 1575 tunc
893 1555 957 1575 sen-

1013 947 1129 982 ἑχόντων
1144 946 1228 979 αὑτὰς
1240 968 1247 979 ,
1268 947 1315 974 καὶ
1329 946 1418 982 λέγει,
1430 946 1497 973 υῡτε
1511 947 1589 981 λόγος
1603 948 1663 974 ἐστί
1676 956 1806 984 προφορι-

1013 993 1070 1026 κὺς,
1087 993 1148 1019 οὔτε
1159 993 1262 1029 νόησις,
1277 993 1376 1029 δηλαδὴ
1392 993 1541 1025 ἐνδιάθετος
1556 993 1643 1027 λόγος.
1660 994 1715 1020 Καὶ
1727 992 1805 1026 αὖθις

1012 1039 1052 1066 ἔτι
1066 1039 1161 1073 ἀνάγει
1175 1040 1221 1066 τὸν
1235 1039 1322 1073 λόγον,
1341 1039 1388 1066 καὶ
1409 1039 1499 1066 αὐτῶν
1513 1038 1660 1075 ἐξαιρεῖται
1671 1040 1701 1066 τὸ
1715 1040 1804 1072 Θεῐον,

1012 1085 1059 1112 καὶ
1077 1085 1162 1120 λέγει·
1182 1085 1214 1111 Τί
1227 1085 1298 1120 λέγω
1313 1085 1399 1112 ταῦτα
1411 1094 1418 1118 ;
1430 1084 1491 1111 οὔτε
1505 1085 1586 1117 αὑτὸς
1599 1086 1613 1111 ὀ
1629 1085 1707 1119 λόγος
1725 1087 1771 1112 καὶ
1784 1087 1802 1122 ἡ

1010 1132 1101 1168 νόησις
1109 1133 1257 1167 ἐφικνεῖται
1268 1133 1307 1163 εἰς
1321 1132 1352 1158 τὸ
1358 1132 1434 1158 Θεῖον
1447 1131 1618 1158 καταλαϐεῖν.
1631 1132 1708 1159 Μετὰ
1716 1132 1803 1159 ταῦτα

1010 1176 1164 1212 ἀριθμεῖται
1179 1177 1267 1204 πάντα
1281 1177 1316 1203 τὰ
1325 1178 1354 1203 ὲν
1362 1179 1428 1213 ἡμῖν
1439 1178 1487 1212 μὲν
1499 1177 1658 1213 φαινόμενα,
1669 1178 1803 1214 ἀσώματα

1009 1223 1055 1254 δὲ,
1072 1223 1120 1249 καὶ
1143 1222 1188 1249 διά
1210 1223 1288 1249 τοῦτο
1307 1224 1406 1259 νοητὰ,
1422 1223 1490 1255 τέως
1512 1223 1542 1250 δὲ
1561 1225 1590 1250 ὲν
1612 1224 1804 1260 ὑποκειμένοις

1010 1268 1192 1304 θεωρούμενα.
1209 1269 1299 1305 Νοητὴ
1318 1269 1347 1296 δὲ
1370 1270 1462 1305 ὲπαφή
1483 1270 1556 1296 ἐστιν
1569 1270 1585 1305 ή
1600 1269 1647 1296 τοῦ
1660 1269 1719 1302 νοὸς
1732 1269 1805 1304 γνῶ-

1010 1324 1063 1347 σις.
1086 1316 1130 1347 Ὧς
1149 1315 1202 1351 γάρ
1222 1316 1314 1352 ἐπαφὴ
1329 1315 1444 1352 αἰσθητή
1459 1317 1532 1343 ἔστιν
1550 1317 1566 1352 ἡ
1583 1316 1717 1351 αἴσθησις·
1740 1316 1803 1343 τότε

1011 1362 1065 1398 γὰρ
1082 1362 1277 1397 αἰσθανόμεθα,
1296 1363 1333 1389 ὅτ’
1346 1363 1437 1398 ἐπαφὴ
1456 1362 1511 1389 τῶν
1535 1362 1671 1398 αἰσθητῶν
1684 1363 1742 1394 τοῖς
1757 1363 1802 1389 at-

1011 1408 1187 1443 σοανομένοις
1202 1408 1219 1444 ἢ
1231 1409 1264 1444 τῇ
1279 1408 1403 1444 αἰσθήσει
1418 1409 1533 1443 γίνεται,
1543 1409 1589 1436 καὶ
1603 1408 1737 1444 μακρόθεν
1746 1408 1802 1444 γὰρ

1007 1454 1053 1480 τοῦ
1069 1454 1154 1490 πυρὸς
1168 1454 1330 1490 καθημένων
1352 1455 1446 1490 ἡμῶν,
1460 1454 1538 1490 εἴπερ
1555 1454 1634 1490 μόνον
1657 1454 1802 1490 θερμαινό-

1010 1501 1088 1535 μεθα,
1105 1500 1197 1536 ἐπαφὴ
1219 1500 1328 1534 λέγεται
1343 1498 1422 1527 εἶναι’
1448 1501 1496 1527 καὶ
1511 1501 1558 1527 ἐπὶ
1573 1501 1622 1536 τῆς
1640 1501 1801 1535 ὀσφρήσεως

1008 1547 1055 1573 καὶ
1063 1547 1110 1573 ἐπὶ
1127 1546 1181 1572 τῶν
1195 1546 1282 1573 ἄλλων
1296 1546 1375 1573 τοῦτο
1390 1546 1543 1582 συμϐαίνειδ
1560 1547 1620 1576 οὐδὲ
1635 1547 1688 1583 γὰρ
1703 1546 1799 1578 ἁπλῶς

161 1591 254 1625 timus,
270 1594 379 1626 quando
403 1597 491 1620 tactus
507 1593 648 1620 sensilium
668 1601 682 1620 a
702 1594 884 1622 sentientibus
897 1595 952 1623 sive

1007 1593 1023 1628 ὴ
1037 1592 1129 1628 ἐπαφὴ
1142 1593 1285 1628 σωματικὴ
1299 1593 1402 1627 γίνεται
1418 1593 1447 1619 ὲν
1462 1592 1502 1628 τῷ
1515 1593 1549 1619 τὰ
1565 1592 1677 1628 σώματα
1691 1593 1800 1628 συνεκί-

159 1645 240 1665 sensu
266 1638 434 1674 percipitur;
463 1639 601 1674 siquidem
625 1640 708 1666 etiam
742 1640 821 1667 nobis
846 1640 954 1668 eminus

159 1681 216 1717 igni
242 1683 441 1718 assidentibus.
471 1685 619 1713 dummodo
643 1685 816 1717 caleﬁamus,
842 1686 952 1721 quidam

158 1733 301 1757 contactus
314 1730 414 1758 dicitur
433 1731 580 1759 exsistere.
594 1730 627 1757 Et
640 1731 665 1758 in
681 1730 781 1758 olfactu
795 1731 953 1765 exterisque

157 1775 241 1802 etiam
261 1776 332 1803 idem
351 1777 465 1807 accidit;
481 1777 653 1812 nequeenim
674 1777 836 1811 simpliciter
856 1783 948 1805 conta-

157 1826 219 1848 ctus
241 1829 392 1857 corporeus
410 1823 440 1850 lit
453 1823 518 1850 dum
540 1830 655 1857 corpora
672 1823 887 1859 conjuuguntur,
904 1824 951 1851 sed

157 1867 221 1895 dum
239 1868 265 1894 in
287 1868 435 1896 sensilibus
456 1870 579 1896 excitant
597 1869 793 1896 sensationem.
809 1869 886 1896 Sicut
901 1869 952 1895 ita-

156 1921 210 1949 que
221 1915 290 1946 haec,
305 1914 428 1949 inquam,
444 1922 474 1942 se
490 1915 572 1950 582
588 1915 690 1943 habent
707 1917 733 1942 in
747 1921 823 1943 tactu
843 1915 948 1946 sensili.

156 1962 197 1988 sic
210 1962 291 1988 etiant
308 1961 397 1996 cogita
413 1962 439 1988 in
460 1966 531 1989 tactu
546 1960 698 1989 intelleclili
713 1963 770 1989 sive
781 1962 948 1996 cognitione.

155 2006 248 2042 Neque
270 2015 335 2034 vero
359 2008 461 2034 veritas
484 2013 536 2040 est,
560 2015 648 2043 neque
671 2009 816 2044 sapientia,
841 2009 947 2035 tametsi

155 2053 287 2081 Dominus
301 2053 394 2080 dicat:
410 2052 466 2088 Ego
483 2062 541 2081 sum
552 2054 647 2081 veritas
666 2054 694 2086 f;
711 2059 739 2081 et
752 2054 833 2081 divus
849 2054 948 2080 Paulus

155 2099 294 2135 apostolus
310 2106 317 2126 :
333 2099 453 2127 Christus
474 2099 521 2126 Dei
543 2101 638 2132 virtus,
659 2105 682 2127 et
707 2100 756 2126 Dei
773 2099 902 2134 sapientia
918 2099 945 2131 5;

153 2147 220 2182 quia
237 2146 292 2181 ipsa
311 2153 358 2180 per
377 2154 405 2173 se
422 2146 533 2178 veritas,
553 2151 580 2173 et
599 2153 646 2180 per
658 2153 688 2173 se
703 2145 836 2180 sapientia
853 2149 904 2176 est,
920 2149 947 2171 ct

154 2201 235 2228 supra
269 2197 390 2220 nostram
420 2193 562 2220 teritatem
600 2197 627 2220 et
658 2192 832 2227 sapientiam.
860 2191 946 2218 Aliter

153 2240 249 2272 etiam,
265 2239 329 2274 quia
352 2245 403 2266 nec
424 2239 483 2267 hzec
504 2239 550 2266 Dei
574 2239 755 2266 substantiam
780 2238 942 2272 significant.

156 2285 242 2312 Unnm
256 2289 346 2312 autem
360 2290 387 2312 et
403 2285 495 2312 unitas
509 2285 543 2312 ab
557 2285 673 2312 invicem
691 2283 838 2316 dill‘ernnt;
858 2283 944 2317 siqui-

154 2331 215 2358 dctn
233 2338 316 2357 unutn
339 2330 475 2365 signiﬁcat
503 2330 667 2364 subjectum,
690 2330 784 2357 unitas
811 2336 876 2356 vero
903 2330 944 2362 ip-

153 2380 269 2402 samutet
282 2374 457 2409 qualitatem;
475 2375 544 2402 sicut
566 2375 657 2401 album
679 2379 706 2401 et
722 2375 828 2407 albedo,
844 2374 943 2400 bonum

152 2425 179 2446 et
194 2419 310 2446 bonitas.
329 2418 422 2454 Neque
441 2427 504 2446 vero
519 2421 648 2447 divinitas
661 2419 812 2447 substantia
829 2424 870 2445 est
885 2418 943 2451 Dei,

151 2466 379 2502 quemadmodum
400 2473 487 2500 neque
504 2467 630 2499 bonitas;
654 2472 742 2500 neque
763 2465 875 2500 spiritus
889 2469 941 2496 est,

153 2513 261 2540 tametsi
282 2513 309 2540 in
331 2512 432 2539 divinis
452 2512 608 2547 Evangeliis
633 2514 776 2539 audiamus
799 2520 806 2537 :
827 2509 940 2544 Spiritus

149 2565 188 2587 est
202 2559 271 2586 Dem
283 2560 314 2592 h;
329 2564 357 2586 et
370 2566 480 2586 rursum
495 2568 502 2585 :
520 2559 636 2592 Spiritus
650 2558 786 2589 veritatis;
806 2558 854 2583 sed
871 2557 941 2584 sicut

151 2613 201 2632 nos
215 2606 287 2632 seire
303 2606 341 2632 ait
356 2606 433 2632 beata
451 2605 497 2632 illa
512 2610 662 2638 sanctaque
683 2604 791 2630 nomina
810 2610 940 2638 persona-

151 2660 210 2679 rnnt
237 2652 418 2680 sanctissime
442 2652 602 2684 Trinitatis;
627 2651 676 2678 hoc
694 2651 767 2677 enitn
797 2650 840 2677 hic
858 2650 938 2676 etiam

149 2698 251 2733 accipe,
280 2702 307 2725 et
331 2698 356 2725 in
377 2698 451 2724 omni
474 2699 630 2733 negatione,
647 2702 726 2732 prout
747 2695 872 2723 videlicet
889 2703 938 2723 nos

149 2744 346 2780 intelligimus,
368 2745 426 2772 sive
444 2745 594 2772 secundum
621 2750 743 2771 nostram
768 2742 936 2777 intelligendi

148 2790 315 2820 facultatem.
332 2791 391 2818 Non
405 2792 477 2818 enint
488 2799 520 2819 ea
530 2792 585 2827 jam
598 2795 755 2820 entunerata
772 2795 801 2817 nt
815 2789 935 2822 bonitas,

183 2880 192 2900 ί
210 2880 287 2908 .Ioan.
301 2888 357 2914 xiv,
376 2881 402 2909 6.
443 2882 456 2901 ⁸
473 2881 481 2908 l
498 2880 561 2909 Cor.
580 2888 599 2913 t,
616 2881 661 2908 2t.
702 2881 715 2900 ιι
734 2879 812 2908 Joan.
832 2888 869 2914 tv,
885 2881 932 2909 Ἡ.

1006 1639 1111 1672 ζεσθαι,
1127 1639 1184 1666 ἀλλ’
1200 1640 1228 1666 ἐν
1241 1639 1281 1674 τῷ
1294 1639 1343 1675 τὴν
1358 1638 1483 1674 αἴσθησιν
1495 1638 1674 1675 προσϐάλλειν
1691 1641 1748 1670 τοῖς
1757 1640 1800 1665 αἰ-

1005 1685 1123 1721 σθητοῖς.
1145 1685 1188 1717 Ὦς
1202 1684 1266 1719 γοῦν
1278 1684 1349 1711 οὕτω
1363 1684 1449 1712 ταῦτα
1464 1685 1510 1711 ἐπὶ
1524 1685 1573 1721 τῆς
1584 1685 1715 1720 αἰσθητῆς
1730 1685 1800 1711 ἑπα-

1004 1732 1068 1767 φῆς,
1082 1732 1153 1758 οὓτω
1166 1732 1220 1769 νόει
1231 1732 1277 1758 καὶ
1288 1731 1334 1757 ἐπὶ
1349 1731 1398 1767 τῆς
1412 1731 1512 1766 νοητῆς
1525 1731 1644 1766 ἐπαφῆς,
1655 1731 1739 1766 ἤγουν
1747 1731 1798 1765 τῆς

1003 1777 1140 1812 γνώσεως.
1156 1777 1225 1804 Οὔτε
1236 1777 1265 1804 δὲ
1279 1777 1393 1812 ἀλήθειά
1407 1777 1492 1808 ἐστιν,
1517 1776 1578 1804 οὗτε
1600 1777 1689 1812 σοφία,
1707 1777 1798 1803 καίτοι

1002 1832 1033 1858 γε
1044 1823 1092 1850 τοῦ
1111 1823 1213 1859 Κυρίου
1236 1823 1369 1857 λέγοντος·
1393 1822 1462 1858 Ἐγώ
1475 1824 1533 1858 εἰμι
1550 1823 1569 1858 ἠ
1590 1823 1723 1856 ἀλήθειαο
1749 1823 1798 1850 καὶ

1001 1869 1048 1896 τοῦ
1065 1869 1137 1896 θείου
1159 1869 1308 1896 ἀποστόλου
1325 1869 1441 1895 Παύλου-
1464 1869 1592 1903 Χριστὸς
1608 1868 1681 1896 Θεοῦ
1703 1869 1796 1896 δύνα-

999 1924 1060 1949 μις,
1076 1915 1125 1941 καὶ
1141 1914 1215 1942 Θεοῦ
1225 1915 1327 1949 σοφία·
1338 1914 1379 1941 ὅτι
1393 1913 1573 1949 αὑτοαλήθεια
1586 1914 1633 1940 καὶ
1646 1914 1797 1949 αὐτοσοφία

1000 1961 1069 1994 ἐστὶ,
1088 1960 1135 1987 καὶ
1156 1960 1226 1996 ὑπὲρ
1244 1960 1293 1996 τὴν
1312 1961 1449 1996 ἡμετέραν
1465 1959 1594 1995 ἀλήθειαν
1615 1960 1662 1986 καὶ
1685 1960 1795 1995 σοφίαν.

1000 2007 1054 2033 Καὶ
1068 2006 1163 2039 άλλως,
1179 2007 1220 2033 ὅτι
1233 2006 1292 2033 οὐδὲ
1313 2006 1399 2033 ταῦτα
1414 2006 1480 2033 Θεοῦ
1501 2005 1595 2033 οὐσίαν
1611 2006 1788 2041 σημαίνουσι.

999 2053 1036 2080 Τὸ
1049 2054 1077 2080 δὲ
1098 2053 1127 2079 ἓν
1144 2054 1223 2089 καὶὴ
1245 2053 1338 2088 ἑνότης
1357 2052 1478 2088 ἀλλήλων
1500 2052 1666 2088 διαφέρουσν
1688 2052 1718 2078 τὸ
1743 2053 1796 2088 μὲν

998 2100 1052 2136 γὰρ
1068 2099 1097 2126 ἒν
1111 2099 1185 2135 δηλοῖ
1199 2100 1229 2126 τὸ
1243 2100 1430 2134 ὑποκείμενον·
1453 2100 1469 2134 ἡ
1486 2099 1514 2125 δὲ
1528 2099 1622 2134 ἑνότης
1642 2099 1728 2133 αὐτὴν
1743 2098 1795 2134 τὴν

998 2145 1137 2180 ποιότητα·
1161 2145 1255 2181 ὥσπερ
1274 2145 1370 2172 λευκὸν
1391 2146 1438 2172 καὶ
1456 2144 1595 2180 λευκότης,
1621 2144 1722 2178 ἀγαθὸν
1745 2144 1794 2170 καὶ

997 2190 1141 2226 ἁγαθότης.
1163 2190 1231 2216 Οὔτε
1255 2190 1284 2217 δὲ
1304 2192 1320 2226 ἡ
1343 2190 1438 2225 θεότης
1463 2190 1540 2216 οὐσία
1560 2189 1619 2215 ἐστὶ
1638 2188 1684 2215 τοῦ
1710 2188 1792 2222 Θεοῦ,

996 2235 1090 2272 ὥσπερ
1104 2236 1165 2263 οὐδὲ
1179 2238 1196 2272 ἡ
1212 2236 1357 2272 ἀγαθότης·
1371 2236 1430 2262 οὐδὲ
1446 2235 1555 2271 πνεῦμά
1569 2236 1638 2267 ἐστι,
1654 2235 1744 2261 καίτοι
1759 2243 1793 2269 γε

995 2284 1024 2310 ἐν
1041 2285 1097 2315 τοῖς
1113 2283 1192 2315 θείοις
1200 2283 1376 2317 Εὑαγγελίοις
1390 2282 1535 2317 ἀκούομεν,
1546 2281 1666 2315 Πνεῦμα
1677 2282 1692 2307 c'-
1706 2281 1791 2313 Θεόςο

996 2330 1044 2356 καὶ
1056 2329 1146 2362 πάλιν,
1168 2329 1202 2356 Τὸ
1216 2329 1337 2363 Πνεῦμα
1351 2328 1406 2362 τῆς
1421 2328 1572 2361 ἀληθείης⁸
1589 2326 1645 2353 ἀλλ’
1661 2327 1699 2358 ὡς
1715 2327 1792 2361 ἡμᾶς

994 2375 1093 2402 εἰδέναι
1104 2376 1171 2410 φησὶ
1184 2376 1218 2401 τὰ
1237 2375 1421 2410 μακαριστικὰ
1440 2374 1486 2400 καὶ
1500 2373 1647 2407 ἁγιαστικὰ
1667 2372 1792 2407 ὀνόματα

994 2421 1048 2448 τῶν
1060 2422 1110 2456 τῆς
1131 2421 1211 2456 ἁγίας
1225 2421 1339 2457 Τριάδος
1359 2419 1544 2447 ὑποστάσεων’
1559 2419 1637 2445 τοῦτο
1653 2417 1708 2454 γὰρ
1722 2418 1791 2444 λαϐὲ

993 2468 1041 2495 καὶ
1056 2468 1174 2495 ἐνταῦθα
1189 2468 1236 2494 καὶ
1252 2467 1299 2493 ἐπὶ
1318 2467 1409 2502 πάσης
1429 2465 1593 2500 ἀποφάσεως
1603 2465 1633 2491 τὺ
1655 2465 1693 2496 ὠς
1712 2465 1792 2499 ἡμᾶς

992 2514 1101 2545 εἰδέναι,
1117 2514 1199 2549 ἠνγουν
1216 2513 1286 2540 κατὰ
1301 2513 1349 2547 τὴν
1363 2512 1501 2548 ἡμετέραν
1523 2511 1647 2546 δύναμιν.
1668 2511 1706 2536 Οὐ
1723 2510 1790 2545 μέν·

991 2568 1032 2586 τοι
1046 2568 1077 2594 γε
1098 2560 1175 2586 οὐσία
1195 2559 1228 2585 τὰ
1250 2558 1466 2594 ἀπηριθμημένα
1483 2557 1561 2588 Θεοῦ,
1578 2555 1753 2592 ἡάγαοότης,
1770 2558 1786 2592 ὴ

992 2606 1096 2642 θεότης,
1113 2606 1160 2632 καὶ
1181 2605 1215 2632 τὰ
1230 2605 1320 2638 λοιπὰ,
1336 2605 1403 2632 ἀλλὰ
1423 2605 1486 2637 δόξα
1509 2605 1573 2641 περὶ
1592 2603 1672 2630 αὐτόν
1697 2603 1785 2629 ἐστιν.

991 2651 1069 2679 Οὕτω
1083 2653 1130 2678 καὶ
1142 2652 1156 2678 ό
1174 2651 1298 2686 θεολόγος
1313 2651 1463 2687 Γρηγόριος
1476 2652 1505 2678 ὲν
1520 2651 1559 2686 τῷ
1574 2650 1658 2686 τρίτῳ
1671 2649 1725 2675 τῶν
1736 2649 1787 2675 αὐ-

990 2698 1037 2724 τοῦ
1053 2697 1220 2731 Θεολογικῶν
1234 2697 1320 2731 λόγων
1333 2697 1422 2731 λέγει,
1438 2697 1475 2728 ὡς
1489 2696 1550 2723 οὒτε
1566 2698 1582 2732 ὴ
1595 2695 1704 2729 θε¹της,
1720 2693 1785 2720 οὒτε

988 2744 1019 2770 τὸ
1033 2744 1189 2778 ἀγέννητον,
1205 2742 1289 2778 οὖτεή
1303 2744 1440 2780 πατρότης
1454 2743 1547 2769 οὐσίαν
1563 2741 1689 2777 σημαίνει
1698 2739 1780 2766 Θεοῦ.

988 2791 1033 2826 Μὴ
1049 2791 1206 2826 ταραττέτω
1224 2790 1252 2816 δέ
1268 2798 1297 2816 σε
1311 2790 1352 2816 τόε
1371 2789 1438 2817 Οὔτε
1452 2790 1466 2816 ό
1486 2789 1551 2820 Θεὸς
1565 2786 1617 2817 οἶδε
1632 2786 1666 2814 τά
1680 2786 1746 2813 ὄντα
