1914 3061
86 172 156 201 1061

357 172 401 200 DE
420 171 573 199 MYSTICA
593 170 800 203 THEOLOGIA,
821 171 866 199 CA

921 170 953 199 V.
972 186 1007 191 —-
1025 171 1199 199 PARAPHR.
1218 171 1456 201 PACHYMER/E.

1649 174 1722 204 £002

83 230 152 257 ὄντα
161 229 224 257 εἰσί·
241 229 343 261 σκοπὸς
351 229 407 265 γὰρ
421 228 461 264 τῷ
476 229 546 264 ἁγίῳ
561 227 646 261 δεῖξαι
654 228 701 255 τὸν
715 229 782 255 Θεὸν
799 228 867 264 μηδὲ

932 228 1071 261 divinitas.
1088 233 1116 256 et
1135 234 1247 262 caetera,
1262 230 1415 257 substantia
1438 235 1504 258 sunt
1520 231 1580 263 Dei,
1599 230 1650 260 'seo'
1666 232 1723 263 elo-

87 278 159 314 μήτε
170 276 224 304 τῶν
238 277 331 309 ὄντων,
345 277 396 312 μήτ
405 293 412 306 ,
427 276 481 311 μὴν
489 275 543 302 τῶν
553 276 601 302 οὐκ
611 275 694 302 ὄντων
707 274 780 302 ὄντα.
792 275 829 301 Τὸ
837 275 875 308 δὲ,

83 322 178 358 Μηδὲν
188 322 242 348 τῶν
255 323 304 348 οὐκ
318 323 410 354 liv-mw,
426 321 612 357 ὑπερϐολικῶς
620 321 734 348 τέθεικε·
749 322 810 349 τινα
822 322 878 358 γάρ

83 369 138 394 εἱσι
155 368 188 395 τὰ
204 367 240 404 μὴ
256 368 330 400 ὅντα,
342 367 379 399 ὡς
394 367 426 394 ἂν
440 368 575 404 εἴποιμεν,
586 369 627 394 ὅτι
641 367 691 394 οὐκ
706 367 764 394 ἔστι
779 376 805 394 τι
821 368 877 394 τῶν

83 415 123 450 μὴ
138 414 232 446 ὄντων,
249 413 317 441 ἀλλὰ
336 414 411 441 οὐδὲν
429 414 484 440 τῶν
500 414 585 440 ὅντων
603 414 698 446 οὕτως·
713 414 828 446 ὃτι,ὲπεὶ
842 414 877 441 τὰ

80 461 174 487 πάντα
190 461 345 497 παρήγαγε,
369 460 427 492 πῶς
441 460 496 495 ἔχει
512 460 656 495 εὑρεθῆναι
671 459 700 486 ἓν
720 468 747 486 τι
761 460 815 486 τῶν
833 460 877 486 δν-

79 514 151 539 τι›ν;
166 507 236 540 Λέγε
261 506 364 538 τοίνυν,
391 507 431 532 ὅτι
450 506 510 533 οὐδὲ
537 506 571 533 τὰ
592 506 656 533 ὄντα
679 507 806 541 γινώσκει
830 507 876 534 τὸν

80 552 193 578 πάντων
220 551 305 579 αἴτιον
324 551 402 578 Θεόν·
426 552 494 579 ἀλλὰ
525 553 628 587 ταχέως
654 553 720 579 αὐτὸ
747 554 876 588 ἐσαφήνι-

81 606 139 630 σεν,
158 597 258 624 εἰπών·
272 595 310 634 Ἷςί
324 598 406 629 αὐτὸς
420 607 488 631 εστι,
504 598 651 629 τουτέστιν,
664 599 746 625 Οὐδὲν
765 599 818 625 τῶν
833 599 876 626 ὅν-

79 653 135 670 των
149 644 277 678 γινώσκει
285 644 352 670 Θεὸν
363 644 429 671 καθό
439 646 521 676 ἐστιν,
531 645 591 672 ἀντὶ
603 645 650 672 τοῦ
658 645 706 681 τὴν
717 646 876 682 ἀνεννόητον

79 692 129 717 καὶ
142 690 304 726 ὑπερούσιον
324 690 407 717 αὐτοῦ
431 691 524 717 οὐσίαν
544 691 591 718 καὶ
615 691 740 727 ὓπαρξιν·
769 692 875 728 εἴρηται

79 737 146 772 γάρ’
172 736 277 769 Οὐδείς
295 735 433 771 γινώσκει
455 737 506 763 τὸν
526 736 604 768 Υἰὸν,
629 738 655 764 εὶ
667 737 710 771 μὴ
729 738 745 763 ὁ
760 737 873 771 Πατὴρ,

79 783 131 810 καὶ
145 783 197 809 τὸν
209 783 332 817 Πατέρα,
347 784 373 809 εὶ
385 783 428 817 μὴ
452 784 468 809 ὀ
483 784 558 816 Υἱός.
576 784 630 810 Καὶ
645 785 677 810 ὲκ
690 783 736 810 τοῦ
752 785 873 811 ἐναντίου

79 829 180 864 ἐπάγει
195 830 209 855 ὁ
222 830 317 865 Πατὴρ
330 826 417 860 οὗτος,
429 829 474 856 καί
484 838 575 864 φησιν,
588 829 681 861 Οὐδεὶς
690 829 818 864 γινώσκει
829 831 874 857 τὸν

79 875 147 902 Θεὸν
195 876 278 908 ἐστιν,
296 876 356 902 οὐδὲ
370 876 451 908 αὐτὸς
465 877 478 902 ὁ
493 875 559 907 Θεὸς
580 875 708 910 γινώσκει
723 876 756 902 τὰ
772 876 836 903 ὄντα

930 275 970 302 ria
986 274 1060 301 circa
1071 275 1181 315 ipsum.
1202 275 1248 303 Sic
1266 276 1348 302 etiam
1363 275 1515 311 Gregorius
1530 277 1672 314 theologus
1692 279 1716 303 εἰ·

929 321 979 348 bro
993 321 1074 348 tertio
1086 319 1235 356 Tlteologia:
1246 328 1300 348 suae
1312 321 1392 354 dixit,
1404 323 1475 353 quod
1485 330 1573 357 neque
1582 324 1711 352 divinitas

929 373 1019 400 neque
1045 365 1212 401 ingenitum,
1237 373 1326 401 neque
1354 368 1505 401 paternitas
1534 369 1720 398 substantiam

930 412 977 440 Dei
997 412 1162 446 signiﬁcent.
1190 411 1283 447 Neque
1315 419 1341 440 te
1368 414 1420 441 hoc
1448 420 1556 442 moveat
1581 416 1709 445 turbetvc

928 458 999 492 quod
1011 457 1084 484 dicat
1101 458 1183 485 Deum
1199 467 1252 485 non
1266 466 1348 486 nOSse
1367 460 1497 487 entitatos
1512 465 1646 495 quatenus
1658 467 1722 490 sunt

927 504 1070 535 entitates;
1094 504 1262 538 propositum
1290 505 1362 532 enim
1391 510 1430 533 est
1460 505 1522 533 huic
1550 511 1647 535 sancto
1673 508 1721 536 de-

929 555 1091 583 monstrare,
1108 549 1191 577 Deum
1211 549 1276 578 nihil
1291 558 1352 579 esse
1367 559 1464 579 eorum
1491 559 1550 586 qua:
1574 559 1648 586 sunt,
1670 563 1719 582 ne-

927 603 981 631 que
996 601 1087 623 tamen
1100 597 1247 631 quidquam
1265 605 1326 625 esse
1339 606 1434 626 eorum
1451 606 1512 633 quae
1533 605 1586 625 non
1603 603 1676 626 sunt.
1692 599 1720 626 Id

927 647 1029 670 autem.
1055 642 1147 676 Neque
1159 650 1252 670 eorum
1268 651 1328 678 quae
1346 652 1401 671 non
1422 649 1496 675 ευιιι,
1512 652 1561 679 per
1577 652 1720 674 excessum

926 688 1032 722 posuit;
1049 688 1175 722 quaedam
1196 689 1268 715 enim
1290 694 1353 716 sunt
1373 697 1426 717 non
1443 690 1534 722 entia;
1554 697 1587 718 ac
1602 689 1625 717 si
1647 689 1721 718 dice-

927 741 1029 766 remus,
1044 734 1116 768 quod
1131 741 1184 760 non
1202 734 1239 761 sit
1257 734 1361 768 aliquid
1385 743 1480 763 eorum
1499 744 1559 770 qum
1575 744 1629 764 non
1645 740 1721 770 sunt,

925 785 952 807 ct
968 780 1018 807 hoc
1032 781 1112 807 modo
1129 780 1164 807 sit
1182 779 1248 807 nih'il
1273 787 1368 808 eorum
1388 789 1450 816 qua:
1465 786 1546 815 sunt;
1573 783 1675 810 etenim
1691 785 1716 812 si

925 826 984 860 ipse
998 826 1090 853 omnia
1111 826 1250 861 produxit,
1264 827 1400 861 quomodo
1419 832 1509 862 poteSt
1529 836 1590 856 esse
1615 829 1719 864 aliquid

925 880 1020 899 eorum
1036 879 1096 906 qua:
1116 872 1199 900 sunt?
1214 872 1287 900 Dicit
1311 873 1412 907 itaque,
1429 874 1505 907 ‘quod
1531 881 1582 902 nec
1609 883 1640 902 ea
1660 883 1720 910 quze

78 921 145 947 ὄντα
156 922 224 948 ἐστι·
236 922 387 955 τουτέστιν,
402 923 452 949 οὐκ
462 920 530 949 οἶδεν
544 922 697 949 ἐπιϐάλλειν
706 924 762 954 τοῖς
776 923 867 959 αἰσθη-

925 923 1001 950 sunt,
1026 923 1192 952 COgliOSCalll
1218 918 1302 945 Deum
1320 926 1430 946 causam
1453 919 1596 951 omnium;
1623 927 1718 947 verum

78 969 137 999 τοῖς
151 968 287 1004 αἰσθητῶς
301 968 317 1003 ἢ
335 970 396 1000 ταῖς
411 969 526 1001 οὐσίαις,
545 969 583 1000 ὠς
600 969 714 1001 οὐσίαις·
739 965 872 997 ἀνοίκειον

78 1013 135 1048 γὰρ
149 1013 227 1040 τοῦτο
243 1013 321 1041 Θεοῦ.
336 1015 368 1041 Oi
385 1014 439 1049 γὰρ
448 1014 586 1050 ἄνθρωποι
602 1015 636 1042 τὰ
653 1015 702 1050 μὲν
723 1015 840 1052 αἰσθητὰ
854 1016 871 1051 ἦ

76 1058 123 1086 διὰ
143 1059 215 1091 θέας,
230 1059 247 1095 ἢ
261 1060 295 1086 δι’
310 1060 393 1096 ἁφῆς,
414 1060 431 1096 ἢ
450 1060 494 1087 διὰ
507 1060 630 1095 γεύσεως
640 1061 753 1097 νοοῦμεν
766 1062 793 1088 τί
807 1063 868 1089 εἱσι·

78 1106 113 1133 τὰ
126 1106 155 1133 δὲ
170 1106 252 1141 νοητὰ
266 1106 320 1133 ἀπὸ
337 1107 490 1142 μαθήσεως,
505 1107 719 1143 ῆδιδασκαλίας,
738 1107 754 1143 ἢ
774 1107 873 1144 ἐλλάμ-

77 1153 153 1188 ψεως
166 1153 421 1188 καταλαμϐάνομεν.
440 1153 469 1179 Ὀ
484 1153 511 1180 δὲ
521 1153 586 1185 Θεὸς
597 1153 657 1180 οὐδὲ
669 1153 699 1185 ἐξ
710 1153 768 1185 ἑνὸς
783 1154 871 1180 τοιού-

78 1207 125 1225 του
140 1199 240 1234 τρόπου
259 1197 362 1226 οῑδετὰ
375 1199 450 1230 ὄντα,
465 1199 533 1226 ἀλλὰ
548 1199 648 1234 γνῶσιν
660 1199 716 1235 ἔχει
729 1199 778 1236 τὴν
798 1200 872 1236 αὐτῷ

78 1245 248 1280 πρέπουσαν·
276 1245 356 1272 τοῦτο
384 1246 439 1282 γὰρ
462 1246 608 1273 αἰνίττεται
626 1246 666 1272 τό·
692 1247 719 1272 '0
740 1246 822 1279 εὶὶὼς
835 1247 872 1274 τὰ

77 1291 178 1319 πάντα
189 1291 261 1326 πρὶν
274 1291 421 1326 γενέσεως
431 1292 539 1324 αὐτῶν,
548 1292 678 1328 δηλονότι,
695 1292 726 1319 οὺ
741 1292 812 1319 κατὰ
826 1293 871 1319 τὸν

77 1337 156 1373 λόγον
168 1337 218 1373 τῆς
228 1338 361 1372 γενέσεως
367 1338 422 1364 τῶν
431 1338 514 1365 ὅντων
527 1336 596 1366 οἶδεν
615 1338 685 1365 αὐτὰ
695 1339 708 1364 ὁ
717 1339 792 1370 Θεὸς,
803 1338 872 1375 ὅπερ

78 1384 154 1410 ἐστὶν
169 1383 317 1419 αἰσθητῶς,
340 1384 407 1411 ἀλλὰ
423 1384 483 1411 καθ’
507 1384 600 1420 ἕτερον
615 1384 742 1419 γνώσεως
759 1384 869 1420 τρόπον.

78 1431 110 1457 Οἱ
124 1429 234 1465 ἄγγελοι
248 1430 276 1457 δὲ
290 1431 449 1464 γνωστικῶς
462 1431 510 1457 καὶ
532 1431 621 1463 ὰῦλως
637 1431 707 1458 αὐτὰ
723 1430 872 1465 γινώσκου-

79 1485 131 1509 σιν,
149 1477 198 1512 οὺχ
218 1476 255 1508 ὡς
277 1477 359 1512 ἡμεῖς
375 1476 521 1512 αἰσθητῶς.
541 1476 633 1509 Οὕτως
647 1475 693 1504 οὖν
711 1478 756 1504 καὶ
775 1478 789 1504 ὀ
806 1477 872 1510 Θεὸς

77 1523 251 1559 ἁσυγκρίτως
265 1524 312 1550 καὶ
329 1523 618 1559 ὑπεραναϐεϐηκότως,
633 1524 662 1550 οὐ
680 1523 732 1560 μὴν
748 1526 808 1556 ταῖς
824 1525 870 1550 οὺ-

78 1569 151 1601 σίαις
165 1569 335 1604 συμϐάλλων,
349 1568 404 1597 οἶδε
424 1569 457 1596 τὰ
475 1570 548 1597 ὄντα.
563 1570 663 1597 Λοιπὸν
677 1570 710 1597 τὰ
726 1571 789 1597 ὄντα
804 1571 870 1597 Θεὸν

76 1615 126 1642 οὐκ
138 1613 207 1642 οἶδεν
252 1616 310 1642 ἐστι
321 1616 395 1648 Θεός·
410 1616 480 1651 ὑπὲρ
491 1616 545 1652 γὰρ
555 1616 604 1651 τὴν
618 1616 715 1642 ἑαυτοῦ
733 1616 813 1650 φύσιν
821 1617 868 1643 ὲκ-

76 1661 194 1697 ταθῆναι
209 1663 269 1693 ταῖς
283 1663 407 1698 νοήσεσιν
423 1663 453 1688 οὐ
472 1662 607 1689 δύνανται.
625 1662 745 1693 Εἰκότως
767 1660 814 1688 οὖν
831 1663 870 1694 εἰς

77 1708 161 1735 ἑαυτὰ
177 1708 323 1743 βλέποντα,
348 1709 439 1742 ἁγνοεί
455 1709 505 1744 τὴν
520 1708 595 1735 θείαν
611 1708 692 1742 φύσιν
710 1708 778 1734 καθὸ
799 1709 867 1744 αὐτή

76 1755 161 1780 ἐστιν.
176 1753 268 1785 Οὕτως
277 1751 324 1780 οὖν
339 1754 386 1780 καὶ
400 1754 417 1789 ἡ
435 1753 494 1780 θεία
513 1753 594 1788 φύσις
607 1753 706 1789 ἑαυτὴν
723 1753 867 1788 βλέπουσα,

75 1799 126 1826 οὐκ
139 1797 208 1826 οἶδεν
222 1801 250 1826 ὲν
266 1801 350 1835 ἑαυτῇ
367 1799 400 1825 τὰ
417 1799 481 1825 ὅντα
505 1799 575 1825 κατὰ
590 1799 635 1825 τὸν
649 1799 700 1834 τῆς
718 1799 812 1832 οὐσίας
826 1800 869 1826 λό-

75 1853 134 1879 γον,
151 1845 243 1882 ὲπειδὴ
259 1846 328 1880 ὑπὲρ
343 1845 431 1871 πάντα
446 1845 479 1871 τὰ
493 1844 558 1871 ὄντα
571 1846 639 1876 ἐστὶ,
653 1847 699 1872 καὶ
710 1846 776 1873 αὐτὸ
790 1847 820 1874 τὸ
830 1845 868 1874 εἶ-

75 1899 120 1917 ναι
134 1890 263 1926 κέκτηται
286 1891 463 1926 ὑπερουσίως.
488 1890 544 1916 Καὶ
559 1890 640 1918 πάλιν
664 1891 794 1928 ἀνωτέρω
818 1894 868 1929 μὲν

76 1935 162 1970 εἶπεν,
174 1936 242 1963 Οὔτε
259 1936 326 1971 φῶς,
343 1936 405 1963 οὔτε
419 1936 540 1972 ἀλήθεια·
561 1936 609 1964 νῦν
622 1937 660 1969 δὲ,
677 1937 746 1964 Οὔτε
761 1939 865 1973 σκότος,

75 1982 137 2009 οὔτε
153 1983 220 2018 φῶς,
236 1982 297 2009 οὔτε
312 1983 411 2018 πλάνη,
432 1982 493 2009 οὔτε
510 1982 631 2017 ἀλήθεια.
658 1984 713 2010 Καὶ
737 1985 810 2012 ἐστιν
829 1987 867 2012 εἰ·

76 2032 146 2062 πεῖν,
158 2032 199 2058 ὅτι
213 2032 243 2058 τὸ
258 2032 307 2066 μὲν
319 2032 427 2067 πρῶτον
442 2031 500 2067 φῶς
513 2032 610 2066 λέγων,
625 2033 690 2069 περὶ
705 2033 751 2060 τοῦ
764 2034 866 2061 ἀπολύ-

75 2085 129 2108 τως
144 2077 231 2111 φωτὸς
244 2078 328 2112 λέγει,
343 2079 427 2114 ἤγουν
442 2079 505 2114 περὶ
517 2078 570 2104 τῶν
587 2078 741 2113 ἀγγελικῶν
756 2079 865 2113 οὐσιῶν,

76 2123 123 2150 καὶ
137 2123 263 2159 ἀλήθειαν
276 2124 326 2159 τὴν
353 2124 636 2160 αὐτοαπολελυμένως·
652 2126 682 2152 οὺ
702 2125 754 2161 μὴν
769 2126 796 2152 δὲ
816 2125 866 2162 τὴν

76 2168 265 2204 ἀντικειμένην
278 2169 318 2205 τῷ
333 2169 424 2197 ψεύδει
439 2170 578 2206 ἀλήθειαν,
594 2171 642 2205 ἀφ’
657 2167 695 2198 ὧν
712 2172 866 2207 ἀποφάσκει

76 2214 106 2240 τὸ
119 2214 204 2247 Θεῖον,
219 2215 259 2242 ὅτι
276 2216 323 2242 καὶ
338 2216 408 2252 ὑπὲρ
422 2216 507 2243 ταῦτα
521 2216 688 2252 ἐξῃρημένον
708 2218 791 2245 ἐστίν.
813 2218 866 2245 Ἑν-

76 2260 160 2287 ταῦθα
174 2261 202 2287 δὲ
211 2260 294 2296 λέγει,
309 2262 351 2289 ὄτι
365 2262 434 2288 Οὔτε
453 2262 506 2290 τῶν
519 2263 587 2299 πρός
602 2271 638 2295 τι,
656 2263 754 2299 μᾶλλον
768 2264 796 2291 δὲ
809 2265 862 2291 τῶν

77 2306 146 2333 κατὰ
161 2307 287 2343 στέρησιν
298 2309 345 2335 καὶ
360 2308 425 2341 ἕξιν·
442 2306 508 2340 οἷον,
524 2309 565 2335 ὄτι
581 2308 641 2336 οὔτε
652 2311 684 2336 ὲκ
701 2310 812 2342 σκότους
825 2312 865 2343 είς

77 2351 134 2387 φῶς
148 2353 305 2388 μετέϐαλεν,
321 2354 420 2381 ὡσανεὶ
434 2355 466 2381 ὲκ
487 2354 535 2381 τοῦ
549 2355 661 2390 δυνάμει
677 2356 765 2390 φωτὸς
781 2357 820 2388 εἰς
833 2357 864 2384 τὸ

77 2398 200 2434 ἐνεργείᾳ
213 2399 349 2433 φῶς-οὕτε
361 2400 441 2427 πάλιν
454 2401 487 2427 ὲκ
502 2400 549 2427 τοῦ
564 2400 667 2436 πλάνην
677 2399 756 2434 εἶναι,
772 2402 865 2437 δηλον-

77 2443 116 2470 ότι
138 2444 250 2480 δυνάμει
271 2445 409 2481 ἀλήθειαν,
433 2447 473 2478 είς
491 2446 619 2482 ἀλήθειαν
639 2447 763 2482 ἐνεργείᾳ
785 2447 863 2482 μετέ-

79 2490 150 2516 6αλε’
171 2491 260 2518 πάντα
281 2491 336 2527 γὰρ
349 2491 435 2518 ταῦτα
450 2492 562 2528 δεύτερα
581 2492 673 2524 αὑτοῦ,
695 2493 743 2519 καὶ
762 2493 792 2519 τὸ
807 2493 864 2526 φῶς

79 2537 123 2564 καὶ
137 2537 153 2572 ὴ
167 2537 290 2573 ἀλήθεια,
308 2537 337 2570 ἐξ
351 2538 433 2565 αὑτοῦ
451 2539 637 2574 προνοητικῶς
651 2539 778 2574 φανέντα.
796 2538 863 2565 Οὐδὲ

79 2585 134 2610 ἐστι
149 2583 286 2616 παντελῶς
307 2584 389 2611 αὑτοῦ
411 2584 495 2618 θέσις,
512 2585 550 2617 ὡς
564 2583 634 2611 εἶναι
649 2585 665 2620 ἢ
682 2584 780 2620 ζωὴνῆ
799 2585 863 2620 ἀλή-

79 2630 192 2666 θειανοῆ
211 2629 275 2657 ἄλλο
297 2639 322 2660 τι
336 2630 390 2656 τῶν
411 2630 504 2657 ὄντων.
527 2631 593 2657 Οὐδὲ
612 2631 692 2658 πάλιν
719 2630 863 2666 ἀφαίρεσις

79 2675 223 2708 παντελῶς,
235 2676 273 2708 ὡς
290 2676 402 2711 μηδαμῆ
415 2677 545 2712 μηδαμῶς
559 2674 638 2709 εἶναι,
650 2676 717 2703 ἀλλὰ
733 2676 786 2703 τῶν
804 2677 862 2712 μετ’

78 2722 166 2754 αὐτὸν,
181 2722 300 2757 δηλονότι
313 2722 365 2748 τῶν
380 2722 535 2757 κτισμάτων
551 2722 602 2754 τὰς
617 2723 706 2754 θέσεις
719 2723 766 2749 καὶ
782 2723 862 2757 ἀφαι-

80 2770 165 2805 ρέσεις
188 2768 334 2800 ποιοῦντες·
354 2768 441 2799 θέσεις
458 2769 517 2803 μὲν,
541 2765 597 2794 οἷον
620 2767 707 2804 ζωὴν,
725 2767 863 2804 ἀλήθειαν,

79 2816 116 2842 τιν’
132 2815 291 2851 ἀφαιρέσεις
304 2811 405 2844 δὲ.οἷον
413 2814 442 2841 οὺ
456 2815 538 2850 ζωὴν,
549 2815 598 2841 οὐκ
607 2814 744 2850 ἀλήθειαν,
757 2815 806 2842 οὐκ
821 2814 861 2841 ὅν.

125 2904 133 2923 λ
153 2903 248 2930 Matth.
267 2910 304 2936 ιιι,
321 2903 366 2931 ἳῖ.
410 2903 422 2923 κ
446 2903 513 2930 Dan.
533 2910 592 2934 xm,
612 2902 657 2930 42.

883 1598 904 1626 C

880 2274 900 2301 ι)

923 965 1016 992 statim
1038 965 1108 992 idem
1124 965 1262 999 expasuit,
1283 965 1377 992 dicens
1392 973 1399 991 :
1421 967 1563 997 Quatenus
1581 965 1639 1000 ipse
1655 971 1716 999 est:

923 1011 994 1046 quod
1010 1011 1124 1046 perinde
1141 1015 1185 1038 est
1199 1018 1231 1038 ac
1257 1011 1279 1039 si
1304 1011 1412 1038 dicatur
1432 1019 1439 1038 :
1458 1010 1531 1038 Nihil
1557 1019 1590 1039 ex
1607 1012 1640 1039 iis
1658 1019 1719 1046 qua:

923 1062 996 1091 sunt,
1015 1058 1158 1092 cognoscit
1172 1056 1256 1084 Deum
1271 1061 1405 1092 quatenus
1421 1061 1473 1090 est,
1491 1057 1518 1084 id
1531 1061 1574 1085 est
1586 1057 1717 1085 substan-

923 1105 988 1131 tiam
1004 1105 1063 1138 ejus
1076 1107 1144 1139 ‘qna:
1159 1112 1241 1140 supra
1257 1105 1443 1132 substantiam
1458 1110 1512 1136 est.
1527 1110 1554 1132 et
1568 1113 1628 1140 qua:
1642 1104 1719 1133 intel-

923 1151 968 1186 ligi
983 1160 1036 1179 non
1052 1157 1142 1186 potest
1161 1152 1225 1179 :vel
1239 1152 1298 1186 ejus
1316 1152 1525 1184 exsistentiam;
1553 1152 1655 1181 dictum
1676 1158 1718 1181 est

922 1198 994 1224 enim
1008 1207 1014 1224 ι
1026 1197 1110 1225 Nemo
1123 1198 1193 1225 novit
1208 1197 1323 1231 Filium,
1333 1199 1385 1225 nisi
1396 1198 1478 1225 Pater
1489 1205 1500 1225 :
1513 1207 1594 1234 neque
1608 1199 1718 1227 Patrem

922 1243 980 1278 quis
993 1244 1135 1276 ηουὶι,ιιί.ςὶ
1149 1243 1236 1271 Filius
1251 1245 1275 1271 ί.
1290 1244 1380 1279 Atque
1397 1252 1412 1272 e
1423 1246 1563 1272 contrario
1578 1245 1719 1280 subiungit

922 1288 968 1315 hic
983 1289 1163 1324 Pater,atque
1171 1289 1210 1316 ait
1225 1297 1233 1316 :
1245 1289 1330 1316 Nemo
1344 1290 1472 1324 cognovit
1486 1289 1570 1316 Deum
1582 1295 1718 1325 quatenus

922 1339 976 1365 est,
994 1342 1044 1361 nec
1057 1335 1116 1369 ipse
1134 1336 1204 1362 Deus
1224 1335 1368 1370 cognoscit
1380 1343 1412 1363 ea
1428 1343 1487 1370 qua:
1502 1342 1565 1363 sunt
1583 1341 1718 1371 quatenus

926 1386 1007 1412 sunt;
1021 1380 1047 1407 id
1060 1385 1112 1414 est,
1123 1387 1177 1408 non
1190 1381 1263 1408 novit
1278 1381 1423 1408 intendere
1437 1386 1555 1409 mentem
1569 1383 1718 1410 secundum

923 1425 1003 1461 583
1018 1434 1128 1454 sensum
1147 1427 1181 1454 ad
1199 1434 1231 1454 ea
1248 1433 1310 1461 quae
1323 1432 1386 1454 sunt
1401 1427 1526 1459 sensilia,
1539 1435 1590 1454 nec
1606 1428 1639 1455 ad
1654 1429 1719 1456 sub-

922 1472 1043 1498 stantias
1067 1476 1204 1506 quatenus
1222 1471 1383 1499 substantias
1399 1476 1480 1505 sunt;
1499 1472 1550 1499 hoc
1566 1473 1637 1500 enim
1663 1481 1716 1500 non

925 1518 1057 1545 convenit
1069 1518 1136 1546 Deo.
1146 1518 1200 1546 Nos
1212 1518 1284 1545 enim
1293 1519 1339 1553 qui
1353 1519 1478 1547 homines
1494 1527 1600 1552 smnus,
1613 1528 1644 1547 ea
1657 1527 1718 1555 qua;

922 1571 1006 1590 sensu
1031 1563 1232 1598 percipiuntur,
1256 1569 1304 1590 aut
1327 1569 1440 1599 aspectu
1463 1569 1510 1592 aut
1537 1570 1646 1600 gustatu
1671 1570 1718 1593 aut

921 1615 999 1638 tactu
1028 1611 1206 1646 intelligimus
1234 1612 1301 1646 quid
1330 1612 1401 1645 sint;
1426 1619 1458 1639 ea
1485 1620 1551 1640 vero
1577 1620 1638 1647 qua:
1666 1614 1718 1641 sub
1766 1644 1769 1647 ,

922 1657 1130 1692 intelligentiam
1162 1657 1280 1689 cadunt,
1311 1662 1358 1685 aut
1387 1666 1437 1693 per
1457 1658 1641 1692 disciplinam,
1670 1664 1717 1687 aut

921 1703 1088 1736 doctrinam,
1116 1709 1240 1739 anuper
1260 1703 1487 1731 illuminationem
1513 1705 1714 1739 cognoscimus.

920 1750 991 1776 Deus
1009 1754 1100 1776 autem
1123 1750 1197 1777 nullo
1211 1751 1292 1778 modo
1307 1758 1340 1777 ex
1357 1751 1416 1778 istis
1430 1751 1504 1777 novit
1518 1758 1550 1777 ea
1562 1759 1623 1786 qua:
1639 1756 1714 1786 sunt,

919 1796 966 1823 sed
977 1796 1069 1828 potius
1082 1804 1116 1823 ex
1135 1797 1226 1832 scipso
1242 1797 1425 1832 cognitionem
1437 1797 1487 1825 sibi
1501 1805 1650 1833 congruam
1668 1799 1716 1826 ha-

919 1841 982 1875 bet;
1005 1842 1056 1869 hoc
1077 1841 1151 1869 enim
1183 1842 1303 1870 insinuat
1324 1842 1478 1877 Scriptura,
1499 1851 1562 1870 cum
1584 1844 1642 1871 ait:
1660 1844 1715 1876 Qui

919 1887 990 1914 novit
1008 1895 1097 1915 omnia
1111 1893 1253 1923 antequam
1269 1889 1361 1924 ﬁerent
1380 1889 1406 1922 Ιι,
1428 1889 1532 1917 scilicet
1550 1897 1603 1917 non
1619 1897 1716 1917 secun-

919 1933 982 1960 dum
1008 1935 1142 1962 rationem
1166 1936 1353 1970 generationis
1375 1943 1466 1964 rerum
1483 1935 1558 1962 novit
1578 1943 1609 1963 ea
1630 1936 1712 1971 Dens,

918 1981 989 2015 quod
1005 1984 1050 2008 est
1073 1981 1252 2012 sensibiliter,
1275 1981 1324 2008 sed
1347 1982 1496 2009 secundant
1513 1981 1596 2008 alium
1615 1982 1714 2009 intelli-

917 2025 999 2059 gendi
1014 2025 1135 2053 modum.
1149 2025 1245 2062 Angeli
1262 2033 1326 2053 vero
1344 2027 1388 2053 illa
1403 2031 1573 2061 cognoscunt
1593 2027 1713 2054 scienter

917 2076 945 2098 et
963 2071 1194 2103 immaterialiter,
1217 2079 1270 2099 non
1292 2072 1444 2104 sensiliter,
1468 2077 1497 2098 ut
1520 2079 1580 2099 nos.
1598 2072 1644 2099 Sic
1658 2072 1710 2099 uti-

917 2123 971 2150 que
988 2116 1068 2143 etiam
1084 2116 1154 2144 Deus
1168 2117 1272 2151 absque
1292 2118 1499 2152 comparatiotie
1518 2121 1546 2144 et
1569 2122 1695 2145 transccn

917 2161 1072 2195 dentaliter,
1095 2170 1148 2189 non
1175 2167 1265 2190 autetn
1288 2171 1350 2190 cum
1369 2163 1530 2190 substantiis
1545 2171 1707 2198 comparati.

918 2215 962 2235 res
989 2208 1076 2235 novit.
1105 2208 1239 2236 Caeterum
1268 2216 1299 2236 ea
1325 2217 1384 2243 quze
1406 2215 1482 2242 sunt,
1505 2217 1557 2236 non
1578 2214 1711 2237 noverunt

917 2254 1001 2282 Deum
1016 2255 1044 2282 in
1063 2259 1196 2290 quantum
1212 2255 1284 2283 Deus
1304 2261 1356 2287 est,
1380 2255 1509 2290 quoniam
1529 2263 1580 2282 non
1596 2263 1711 2290 possunt

915 2308 998 2336 supra
1011 2306 1136 2328 naturam
1148 2309 1225 2329 suam
1237 2300 1302 2328 ferri
1315 2300 1502 2336 intelligendo.
1516 2301 1709 2329 Consentanee

917 2347 1002 2381 igitur
1012 2354 1076 2374 cum
1091 2354 1120 2374 se
1136 2347 1286 2378 intuentur,
1299 2346 1420 2373 divinam
1440 2352 1566 2374 naturam
1583 2347 1710 2382 ignorant

917 2393 1067 2421 secundum
1093 2393 1160 2420 illud
1176 2393 1249 2428 quod
1270 2393 1328 2428 ipsa
1359 2397 1414 2421 est.
1442 2393 1488 2421 Sic
1513 2394 1595 2429 igitur
1618 2394 1709 2422 divina

917 2445 1014 2466 natura
1033 2439 1060 2466 in
1082 2439 1200 2474 seipsam
1222 2439 1341 2471 intuens,
1363 2447 1417 2466 non
1449 2439 1525 2467 novit
1546 2440 1573 2466 in
1595 2447 1625 2467 se
1649 2447 1709 2467 esse

917 2491 1069 2518 creaturas,
1090 2486 1242 2514 secundum
1265 2488 1398 2513 rationem
1420 2486 1580 2513 substantiae
1601 2493 1706 2517 earum,

916 2533 1050 2566 siquidem
1065 2537 1106 2560 est
1124 2539 1206 2567 supra
1220 2533 1310 2559 omnia
1330 2539 1390 2568 quae
1404 2537 1479 2565 sunt,
1500 2538 1526 2559 et
1543 2533 1630 2566 ipsum
1647 2539 1708 2559 esse

917 2578 1178 2611 suprasubstantiam
1198 2576 1288 2607 habet.
1310 2576 1341 2603 Ει
1371 2586 1478 2606 rursum
1497 2579 1622 2613 superius
1646 2579 1707 2613 qui.

916 2625 976 2652 dem
991 2626 1060 2652 dixit
1077 2635 1084 2653 :
1101 2626 1194 2661 Neque
1212 2626 1268 2658 lux,
1283 2634 1372 2660 neque
1386 2626 1506 2658 veritas;
1527 2633 1597 2652 nunc
1616 2632 1680 2652 vero
1697 2633 1704 2652 :

916 2671 1009 2706 Neque
1037 2672 1168 2703 tenebrat,
1193 2678 1282 2705 neque
1309 2671 1367 2704 lux,
1394 2677 1482 2705 neque
1506 2678 1595 2703 error,
1617 2678 1705 2704 neque

916 2719 1026 2746 veritas.
1054 2718 1088 2746 Et
1111 2719 1203 2746 dicere
1229 2718 1321 2750 liceat,
1346 2719 1464 2752 primum
1485 2718 1616 2753 quidem,
1642 2725 1704 2745 cum

916 2765 1005 2792 lumen
1022 2765 1096 2796 dicit,
1122 2765 1209 2800 ipsum
1235 2766 1307 2800 loqui
1326 2765 1360 2793 de
1379 2765 1481 2793 lumine
1494 2766 1629 2798 absoluto,
1645 2766 1704 2792 sive

915 2811 950 2840 de
971 2810 1130 2840 substantiis
1153 2811 1301 2847 angelicis,
1324 2816 1351 2839 et
1368 2818 1429 2840 esse
1450 2812 1591 2840 veritatem
1608 2819 1701 2840 earum
