1914 3061
196 148 266 177 1063

792 147 821 176 S.
840 147 990 177 DlONYSll
1008 147 1239 178 AREOPAGITA'}

1756 151 1827 187 1οᾳ

195 215 242 243 per
253 214 283 235 se
298 205 462 239 absolutam,
477 213 530 234 non
550 210 640 233 autem
662 213 722 234 esse
738 206 880 234 veritatem
906 214 979 234 men-

1040 207 1133 234 Ταῦτα
1147 206 1214 241 γοῦν
1226 207 1260 234 τὰ
1276 208 1334 242 μετ’
1345 206 1427 233 αὐτὸν
1442 207 1489 234 καὶ
1502 207 1621 240 τιθέντες
1633 209 1681 236 καὶ
1689 210 1835 246 ἀφαιροῦν-

194 256 278 284 daciis
300 256 465 291 oppositam,
484 261 545 289 qme
562 254 589 282 in
609 254 665 282 Deo
683 259 774 290 negat,
791 256 920 289 quoniam
936 263 982 282 su-

194 309 242 337 pra
259 302 309 329 ista
326 306 469 336 exemptus
479 306 532 328 est.
545 300 594 328 llic
607 306 697 328 autem
715 301 781 328 dicit
795 312 800 328 :
818 301 872 328 Nec
886 308 980 328 eorum

193 355 254 384 qua
268 349 300 375 ad
319 348 432 383 aliquid,
448 349 535 382 mung
549 354 640 375 autem
652 356 745 375 eorum
759 355 818 383 quae
833 349 980 376 secundum

194 393 374 429 privationem
388 401 415 422 et
429 396 551 422 habitum
566 396 716 427 exsistunt;
729 399 758 421 ut
771 396 841 429 quod
856 402 889 422 ex
907 400 981 422 tene-

192 441 249 468 bris
263 441 288 467 in
303 440 391 468 lumen
408 448 460 468 non
473 441 508 468 sit
525 445 720 474 commutatus,
737 441 813 476 quasi
829 448 862 467 ex
878 440 980 468 lumine

193 486 265 520 quod
291 491 394 513 tantum
424 491 466 513 est
489 487 603 518 virtute,
629 492 749 514 mutatus
775 488 808 514 sit
832 488 858 514 in
887 487 978 514 lumen

192 532 263 566 quod
280 537 342 559 actu
358 537 399 559 est
414 532 520 564 lumen;
533 539 621 566 neque
637 541 742 560 rursum
758 541 789 560 ex
805 541 896 560 errore
907 534 980 561 exsi-

191 583 255 610 stat,
278 578 383 605 scilicet
401 586 434 605 ex
459 579 575 606 veritate
588 579 710 610 virtuali,
730 579 757 605 in
773 579 917 606 veritatem
932 587 979 606 ac-

192 623 291 650 lualem
308 627 510 656 commutatus;
530 622 587 650 hzec
600 623 673 649 enim
690 623 781 649 omnia
807 623 865 656 ipso
888 627 978 656 poste~

179 669 264 697 ‘riora
278 674 359 701 sunt;
383 673 410 696 et
424 669 527 699 lumen.
543 673 571 695 et
589 668 692 695 veritas
709 667 794 702 ipsius
808 668 976 702 providentia

1033 261 1089 284 τες,
1105 253 1186 280 αὑτὸν
1199 253 1246 279 τὸν
1264 253 1331 280 Θεὸν
1351 253 1413 280 οὔτε
1433 253 1555 289 τίθεμεν,
1578 255 1660 290 ἤγουν
1682 255 1712 288 ἐξ
1733 257 1826 284 αὐτῶν

1032 299 1082 334 τὴν
1091 299 1185 326 οὐσίαν
1199 299 1281 326 αὑτοῦ
1297 299 1477 336 γνωρίζομεν,
1494 299 1556 326 οὔτε
1574 301 1744 337 ἀφαιροῦμεν
1756 311 1821 330 παν-

1031 346 1115 377 τελῶς
1138 345 1208 372 ὥστε
1229 346 1328 378 τελέως
1348 346 1466 382 ἄληπτον
1481 344 1560 378 εἶναι,
1585 347 1595 381 (
1605 347 1636 374 τὸ
1649 348 1704 384 γὰρ
1724 349 1824 381 τελέως

1032 391 1162 426 ἄληπτον,
1179 391 1337 419 ἀνέλπιστον
1351 392 1399 419 καὶ
1411 392 1638 429 ἀνεπιχείρητον)·
1646 394 1703 420 ἀλλ’
1715 394 1823 427 εἰκόνας

1030 437 1107 469 τινὰς
1122 438 1154 463 ὲκ
1168 437 1222 463 τῶν
1236 437 1300 473 περὶ
1314 437 1395 464 αὑτὸν
1417 438 1645 473 ἀναματτόμενοι,
1663 439 1782 475 ἀμυδρόν
1796 449 1822 466 τι

1032 483 1182 519 συνάγομεν
1196 483 1246 518 τῆς
1263 483 1390 518 ἀληθείας
1411 483 1603 519 ῑνδαλμα,ἐπεὶ
1617 485 1664 511 καὶ
1679 484 1749 521 ὑπὲρ
1766 487 1821 512 xi—

1032 537 1079 556 σαν
1088 530 1161 556 θέσιν
1171 530 1255 562 ἐστὶν,
1266 530 1303 562 ὡς
1314 530 1468 566 ἐξῃρημένη
1480 531 1554 558 αἰτία
1565 532 1682 558 πάντων·
1693 533 1740 559 καὶ
1750 532 1821 568 ὑπὲρ

1031 576 1120 602 πᾶσαν
1141 576 1284 612 ἀφαίρεσιν
1304 577 1334 602 ἐν
1358 576 1397 612 τῷ
1420 577 1490 603 κατὰ
1515 577 1650 612 μηδεμίαν
1665 577 1719 604 τῶν
1734 578 1820 604 ὄντων

1031 622 1174 658 ἀφαίρεσιν
1185 622 1215 649 τὸ
1232 622 1308 649 Θεῖον
1328 622 1524 657 γινώσκεσθαι·
1544 623 1740 660 ἀπολελυμένον
1763 624 1820 660 γὰρ

1033 668 1151 699 πάντων,
1168 668 1215 694 καὶ
1229 667 1336 694 πάντων
1346 668 1418 694 ἐστὶν
1429 668 1565 695 ἐπέκεινα.

190 717 291 746 lucent.
309 716 401 751 Neque
422 716 532 750 penitus
550 714 609 749 eius
625 719 668 742 est
687 714 797 749 positio,
810 718 840 741 ut
863 714 899 741 sit
914 714 957 741 vel
973 715 1039 746 vita,
1057 716 1099 742 vel
1114 716 1225 746 veritas,
1242 715 1283 743 vel
1304 716 1450 750 quidquam
1468 716 1541 742 aliud
1559 723 1653 743 eorum
1668 723 1728 750 qum
1742 721 1817 743 sunt.

190 752 282 798 Neque
295 770 404 790 rursum
420 762 574 789 omnimoda
597 761 707 794 ablatio,
736 767 764 788 ut
779 760 851 787 nullo
873 762 953 788 modo
968 761 1114 795 quidquam
1131 762 1183 793 sit;
1202 762 1248 789 scd
1267 769 1361 789 earnm
1377 770 1436 797 quae
1451 768 1512 798 post
1528 761 1610 798 584
1627 762 1714 796 ipsum
1733 766 1818 794 sunt,

190 810 293 836 scilicet
308 815 510 841 creaturarum,
533 809 613 836 etiam
633 809 780 844 positiones
799 813 827 836 et
848 808 1000 835 ablationes
1016 808 1135 842 faciunt;
1149 809 1295 843 positiones
1311 810 1432 844 quidem,
1449 809 1531 837 veluti
1549 810 1646 840 vitam,
1661 809 1818 842 veritatem,

189 864 256 889 ens;
269 856 422 883 ablationes
435 864 509 887 vero.
529 855 611 883 veluti
634 863 689 883 non
704 856 799 888 vitam,
817 863 870 882 non
885 856 1042 888 veritatem,
1055 864 1107 883 non
1127 864 1186 885 ens.
1207 856 1270 884 Hrec
1283 857 1374 890 itaque
1387 864 1446 891 qua:
1462 861 1523 891 p05t
1539 857 1624 891 ipsum
1640 860 1714 887 sunt,
1730 859 1758 882 et
1771 864 1820 889 [m-

190 908 288 931 nenlcs
303 907 329 929 et
342 901 509 934 auferentes,
525 902 608 929 Deum
621 902 707 937 ipsum
726 909 813 937 neque
827 902 1031 937 ponimus,sive
1042 910 1075 929 ex
1099 903 1165 937 ipsis
1178 903 1358 930 substantiam
1376 904 1433 937 ejus
1451 903 1600 936 noscimus,
1611 910 1699 937 neque
1716 902 1820 928 aula-ri-

189 956 250 976 mus
278 948 400 982 omnino,
419 953 448 974 ut
472 948 518 983 qui
538 949 659 984 perfecte
687 949 971 984 incomprehensibilis
1000 949 1108 977 exsistit
1135 950 1216 984 (quod
1229 951 1301 977 enim
1321 949 1442 984 perfecte
1462 955 1504 977 est
1528 949 1818 984 iucumpreltensibile,

187 999 215 1022 et
234 1001 309 1029 spem
333 998 361 1022 et
384 998 514 1022 conatum
535 995 666 1030 excedit).
692 1003 786 1023 verum
818 996 951 1032 imagines
977 996 1109 1032 quasdam
1128 1003 1161 1024 ex
1185 997 1219 1024 iis
1238 1003 1299 1031 quae
1321 997 1394 1024 circa
1422 997 1510 1032 ipsum
1538 1001 1602 1024 sunt
1625 996 1817 1028 concinantes,
1852 996 1861 1002 ‘

187 1041 336 1070 obscurum
351 1041 498 1076 quemdam
514 1042 642 1069 veritatis
660 1047 820 1077 conceptum
832 1042 1033 1077 componimus,
1043 1043 1262 1078 quandoquidem
1280 1043 1317 1070 sit
1328 1050 1409 1077 supra
1421 1050 1528 1070 omnem
1542 1043 1623 1070 etiam
1636 1043 1816 1077 positionem,

189 1094 319 1123 tanquam
337 1095 464 1124 exempta
489 1098 580 1117 rerum
598 1091 718 1117 omnium
732 1098 824 1122 causa,
842 1095 868 1118 et
884 1098 964 1125 supra
988 1098 1094 1118 onmem
1120 1090 1283 1118 ablationem
1297 1089 1440 1121 collocata.
1460 1097 1521 1117 cum
1545 1090 1695 1117 secundum
1712 1090 1816 1116 nullum

188 1142 278 1163 rerum
295 1135 458 1165 ablationem
471 1135 543 1164 Deus
561 1141 757 1172 cognoscatur;
773 1136 908 1172 siquidem
924 1136 958 1163 ab
971 1138 1098 1165 omnibus
1118 1136 1269 1170 absolutus,
1282 1137 1365 1164 etiam
1380 1143 1463 1170 supra
1476 1135 1566 1163 omnia
1587 1135 1706 1163 exsistit.
