1914 3061
99 159 172 188 1035

788 160 955 190 EPISTOLA
973 162 1039 190 Vlll.

1653 171 1721 199 1036

99 218 145 248 δὲ.
163 217 204 244 ὅτι
221 216 280 244 λίαν
300 216 557 251 ἀπαυθαδιαζομένῳ
577 219 623 244 καὶ
639 218 811 245 ἀντιτείνοντι
827 220 878 249 ταῖ,

937 220 1142 247 mansuetudine
1160 221 1319 250 excludunt.
1348 223 1400 258 Ipsi
1421 224 1526 253 scilicet
1546 225 1717 262 insolescrnti

99 262 187 294 θείαις
213 261 319 297 βουλαῖς
338 262 360 278 ⁸⁸
381 262 501 297 ὠργίσθη
519 262 598 298 θυμῷ
620 263 731 299 Κύριος.
755 264 839 290 Ὅταν
861 264 889 291 δὲ

98 308 182 334 αὐτὸν
198 308 386 343 ἀνακήρυκτον
406 307 503 334 ποιῶσι
523 310 582 340 ταῖς
606 308 757 345 θεοκρίτοις
780 309 868 341 ἀξίαις
880 330 888 343 ,

97 354 132 380 ἐκ
148 353 198 388 τῆς
215 353 385 388 προύχούσης
400 353 518 387 τάγαθοῦ
540 353 719 390 θεομιμηοίας
736 355 889 390 ἀνακηρύτ-

96 407 176 425 τεται.
188 407 194 414 ’
213 399 260 425 καὶ
275 398 329 434 γὰρ
344 396 378 433 ἦν
395 400 482 435 πρᾶος
504 399 620 435 σφόδρα,
641 401 687 427 καὶ
704 400 773 436 ὑπὲρ
794 400 888 427 τούτου

96 444 206 478 λέγεται
223 443 349 479 θεράπων
372 443 456 475 Θεοῦ,
475 444 521 470 καὶ
542 445 582 476 εἰς
605 445 745 472 θεοπτείαν
762 446 889 474 ἁπάντων

96 489 246 525 προφητῶν
263 488 419 525 ἀξιώτερος.
441 489 520 516 Ἀλλὰ
537 490 583 516 καὶ
599 491 642 517 ὅτε
658 491 726 527 πρὸς
742 492 822 519 αὑτὸν
842 493 888 520 καὶ

95 535 144 561 τὸν
177 534 280 571 ¹Δαρὼν
309 536 398 570 ίταμοί
422 543 493 568 τινες
522 536 591 572 ὑπὲρ
617 537 820 573 ἀρχιερωσύνης
842 539 890 566 καὶ

95 580 243 616 ἐθναρχίας
260 581 449 615 ἐφιλονείκουν,
467 582 593 618 ὑπερεῖχε
606 583 655 617 μὲν
666 583 774 619 ἀπάσης
788 583 889 618 φιλοτι-

96 626 165 660 μίας
189 626 235 652 καὶ
262 626 421 662 φιλαρχίας,
448 627 494 653 καὶ
520 627 675 663 παρεχώρει
699 628 737 663 τῷ
756 628 887 664 θεοκρίτῳ

93 672 146 707 τὴν
166 672 212 698 τοῦ
231 672 295 699 λαοῦ
312 673 488 708 προστασίαν.
514 673 621 709 Ἐπειδὴ
644 674 672 700 δὲ
693 674 740 700 καὶ
761 675 887 701 ἐπισυνέ-

94 726 198 753 στησαν
216 718 305 754 αὐτῷ,
323 719 369 745 καὶ
390 719 452 754 περὶ
472 719 526 746 τῶν
550 720 691 755 προτέρων
712 720 887 753 ὀνειδίζοντες

93 763 240 797 Ιἠπείλουν,
259 764 305 790 καὶ
325 764 374 799 ἤδη
399 764 490 799 σχεδὸν
510 765 643 800 ἐπῄεσαν,
661 765 791 792 ἐπεὸοᾶτο
808 767 856 801 μὲν
872 768 886 794 ό

94 809 184 842 πρᾶος
207 808 251 835 τὸν
275 809 377 843 ἀγαθὸν
393 811 433 841 είς
457 810 608 846 σωτηρίαν,
626 810 843 846 ἐπαρρησιάζετο
856 812 884 838 δὲ

93 854 156 881 λίαν
175 854 318 886 ἐπιεικῶς,
334 855 375 881 ὅτι
392 855 500 882 πάντων
518 855 560 890 εἴη
580 855 672 882 κακῶν
691 857 747 887 τοῖς
767 857 884 891 ἀρχομέ-

939 264 1102 296 admodum.
1124 270 1151 293 et
1171 266 1271 294 divinis
1298 268 1420 295 consiliis
1448 269 1590 298 reluctanti
1619 272 1717 299 iratum

940 315 1064 337 asserunt
1086 311 1176 338 furore
1190 312 1344 340 Dominum.
1370 314 1420 341 Ubi
1433 322 1496 342 vero
1509 316 1630 344 decretis
1646 318 1682 345 illi
1701 327 1715 345 τι

939 354 994 381 Deo
1020 354 1198 389 dignitatibus
1219 356 1350 385 illustrem
1373 351 1540 393 prmdica'nt,
1563 369 1578 388 a
1595 364 1717 396 prteemi-

939 404 1020 426 nente
1040 399 1148 434 benigni
1171 401 1217 428 Dei
1245 402 1395 431 imitatione
1423 400 1641 441 commendatus;
1659 414 1717 436 crat

938 444 1009 471 enim
1024 444 1165 472 admodum
1182 452 1345 479 mansuetus,
1362 453 1444 482 atque
1463 450 1523 477 ideo
1537 452 1583 479 Dei
1600 451 1717 480 famulus

937 495 1120 525 nuncupatur,
1146 493 1304 528 ctelerisque
1322 495 1466 529 prophetis
1491 497 1597 531 dignior
1621 499 1653 526 ad
1677 500 1717 526 vi-

938 537 1055 564 dcndum
1085 537 1180 567 Deum.
1215 539 1341 573 Quinimo
1368 548 1429 568 cum
1455 543 1585 571 adversus
1609 553 1669 572 eum
1689 551 1717 573 et

935 581 1070 610 Aaronem
1086 583 1120 611 de
1133 584 1289 619 pontificatu
1305 593 1337 613 ac
1352 587 1440 621 gentis
1455 587 1608 624 principatu
1629 591 1716 625 impu-

937 627 1031 655 dentes
1047 627 1128 663 aliqni
1146 636 1273 664 proterve
1298 632 1472 664 dimicarent.
1488 635 1561 661 otnni
1583 643 1648 664 sane
1667 637 1715 664 ho-

936 673 1011 701 noris
1035 681 1067 702 ac
1080 674 1212 709 primatus
1234 676 1382 704 ambitione
1408 679 1517 713 celsior,
1538 681 1561 707 ei
1574 681 1619 715 qui
1634 689 1647 708 a
1663 682 1717 709 Deo

934 718 1090 753 eligeretur,
1113 721 1202 755 populi
1227 721 1419 756 praefecturam
1432 724 1572 753 deferebat
1584 727 1607 755 ⁸.
1629 726 1716 754 Caete-

935 770 995 790 rum
1010 765 1055 792 ubi
1072 764 1098 792 in
1113 765 1200 800 ipsum
1215 766 1414 800 conjurassent,
1433 770 1603 805 pristinaque
1619 779 1715 806 expro-

933 809 1038 837 brando
1060 811 1146 838 minas
1173 812 1363 844 intentassent,
1382 813 1493 849 jamque
1513 816 1571 844 fere
1586 818 1717 853 impetum

934 854 1071 890 fecissent,
1090 860 1145 883 tum
1160 857 1268 885 demum
1293 865 1450 888 mansuetus
1473 861 1517 888 ille
1532 861 1630 889 bonum
1653 866 1715 898 qui-

92 908 151 931 νοις
164 900 283 931 ἀναίτιος
295 909 301 915 ·
315 901 372 936 ᾔδει
385 901 449 936 γὰρ,
462 901 501 927 ὃτι
517 900 570 936 χρὴ
584 901 629 927 τὸν
643 901 785 936 ὁμιλοῦντα
798 901 856 937 Θεῷ
862 902 878 918 δ⁴¹

935 901 994 927 dem
1011 901 1094 928 Deum
1111 903 1136 929 in
1152 902 1267 930 salutem
1285 905 1444 937 advocabat.
1458 914 1554 942 magna
1570 915 1635 936 vero
1647 917 1717 936 con-

91 944 206 980 τάγαθῷ
222 945 289 981 πρὸς
302 946 332 972 τὸ
347 947 387 972 ὅτι
400 947 515 982 μάλιστα
528 947 694 982 ὁμοιότατον,
711 947 748 979 ὡς
763 947 882 982 ἐφικτὸν,

92 991 334 1022 ἁποτετυπῶσθαι,
349 992 395 1018 καὶ
411 991 501 1027 ἐαυτῷ
518 992 664 1019 συνειδέναι
683 992 732 1023 τὰς
750 993 883 1028 ἀγαθοφι-

91 1035 150 1067 λεῖς
168 1036 311 1072 ὲργατείας
321 1037 355 1064 ⁸⁸.
372 1038 404 1063 Τί
419 1038 446 1064 δὲ
466 1038 511 1064 τὸν
525 1037 681 1074 θεοπάτορα
698 1037 782 1066 Δαυτδ
798 1039 882 1066 ἐποίει

92 1081 223 1118 θεοφιλῆ;
247 1083 301 1109 Καὶ
322 1082 376 1119 γὰρ
396 1083 497 1118 ἀγαθὸν
517 1083 581 1110 ὄντα
593 1104 600 1116 ,
621 1085 667 1111 καὶ
688 1084 751 1120 περὶ
769 1084 883 1120 ἐχθροὺς

90 1127 194 1162 ἀγαθόν
205 1137 212 1144 ·
233 1127 346 1164 Εὓρηκα
358 1148 365 1161 ,
386 1129 466 1164 φησὶν
481 1130 494 1155 ό
512 1129 684 1165 ὺπράγαθος
697 1131 744 1157 καὶ
765 1130 882 1165 φιλάγα-

92 1173 138 1205 οος
149 1174 190 1207 ",
219 1174 304 1210 ἄνδρα
327 1174 399 1201 κατὰ
422 1174 469 1210 τὴν
493 1175 606 1210 καρδίαν
633 1184 692 1211 μου.
718 1176 813 1202 Καίτοι
834 1177 881 1203 καὶ

91 1218 192 1255 θεσμὸς
205 1219 304 1254 ἀγαθὸς
316 1220 472 1256 ὲδεδώρητο,
484 1221 530 1247 καὶ
542 1221 694 1256 ὑποζυγίων
706 1221 802 1257 ἐχθροῦ
815 1231 881 1257 προ-

90 1268 172 1293 νοεῖν.
199 1266 254 1292 Kal.
285 1266 345 1293 Ἰὼό
367 1266 406 1298 ὡς
429 1267 545 1298 ἀκακίας
568 1268 694 1302 ἐχόμενος
719 1267 878 1295 ὲδικαιοῦτο.

90 1312 146 1338 Καὶ
163 1312 260 1348 Ἰωσὴφ
271 1313 334 1344 τοὺς
347 1312 505 1344 ἐπιϐούλους
519 1313 648 1347 ἀδελφοὺς
660 1314 710 1340 οὐκ
719 1313 836 1349 ἠμύνετο
843 1315 877 1346 ⁵⁸,

90 1357 139 1383 καὶ
157 1357 238 1384 Ἀϐελ
258 1358 350 1390 ἀπλῶς
371 1359 418 1385 καὶ
440 1358 601 1390 ἀνυπόπτως
626 1359 820 1395 συνεπορεύετο
838 1359 878 1395 τῷ

90 1403 286 1439 ἀδελφοκτόνῳ.
302 1404 357 1431 Καὶ
373 1404 477 1435 πάντας
493 1405 509 1438 ἡ
526 1404 647 1439 θεολογία
657 1405 719 1436 τοὺς
729 1405 877 1439 ἀγαθοὺς⁶³

89 1448 286 1484 ἀνακηρύττει,
313 1449 350 1485 μὴ
382 1450 593 1485 προεννοοῦντας
620 1447 655 1474 τὰ
676 1448 769 1482 κακὰ,
790 1449 827 1486 μὴ
851 1449 875 1466 ⁸⁵

89 1495 320 1529 προσποιοῦντας,
336 1494 402 1522 ἀλλὰ
418 1495 484 1530 μηδὲ
501 1495 568 1530 πρὸς
581 1495 630 1530 τῆς
645 1495 730 1522 ἄλλων
740 1496 762 1511 ⁵⁸
777 1496 876 1528 κακίας

89 1539 122 1566 ἐκ
137 1539 254 1573 τάγαθοῦ
273 1541 531 1576 μεταποιουμένους,
545 1541 698 1567 τούναντίον
711 1540 739 1567 δὲ
754 1540 874 1587 Θεοειδῶς
887 1559 908 1587 C

88 1585 137 1611 καὶ
150 1585 212 1616 τοὺς
225 1587 326 1618 κακοὺς
336 1586 517 1621 ἀγαθύνοντας
527 1587 574 1613 καὶ
587 1585 773 1620 ὲφαπλοῦντας
781 1586 813 1618 ⁵⁸,
827 1587 873 1613 καὶ

89 1631 139 1657 ἐπ’
151 1631 248 1663 αὐτοὺς
262 1632 310 1667 τὴν
327 1631 425 1668 πολλὴν
446 1632 534 1659 αὐτῶν
549 1632 703 1667 ἀγαοὸτητα
713 1651 720 1663 ,
741 1632 788 1658 καὶ
806 1632 874 1667 πρὸς

88 1676 119 1703 τὸ
130 1677 219 1711 ὅμοιον
233 1678 360 1709 ἐπιεικῶς
371 1677 595 1713 ὲκκαλουμένους.
612 1677 679 1704 Ἀλλ’
694 1677 740 1703 ἐπὶ
752 1677 781 1703 τὸ
794 1677 874 1704 ἀναν-

88 1729 134 1752 τες
149 1722 354 1758 ἀνανεύσωμεν,
375 1723 424 1749 οὐκ
438 1723 541 1758 ἀνδρῶν
557 1722 636 1758 ἱερῶν
657 1722 819 1755 ἐπιεικείας,
842 1724 872 1749 οὐ

89 1767 286 1804 φιλανθρώπων
305 1768 426 1802 ἀγγέλων
439 1768 608 1803 ἀγαθότητας
622 1767 829 1802 ἐξαγγέλλοντας
838 1768 871 1800 ⁸⁷,

89 1812 232 1839 ἐλεούντων
246 1812 308 1848 ἔθνη
323 1813 368 1839 καὶ
381 1813 584 1848 ὑπερδεομένων
598 1813 685 1840 αὐτῶν
700 1812 813 1847 ἀγαθοῦ,
826 1813 873 1840 καὶ

88 1859 148 1889 ταῖς
154 1857 287 1894 όλεθρίαις
295 1858 342 1884 καὶ
354 1858 542 1894 κακεργέτισιν
550 1858 736 1894 ἐπιτιμώντων
743 1858 870 1894 πληθύσι,

89 1903 135 1929 καὶ
148 1902 303 1938 ἀχθομένων
318 1903 366 1938 μὲν
380 1903 426 1930 ἐπὶ
440 1906 549 1938 κακοῖς,
561 1904 778 1940 εὐφραινομένων
793 1903 821 1930 δὲ
837 1905 870 1940 τῇ

91 1949 210 1984 σωτηρίᾳ
221 1949 274 1975 τῶν
288 1950 328 1981 είς
339 1949 372 1976 τά
382 1949 470 1984 ἀγαθά
486 1950 726 1985 μετακαλουμένων
736 1958 742 1964 ·
757 1950 810 1976 οὐδ’
822 1950 872 1976 ὅσα

90 1994 156 2021 ἄλλα
175 1995 237 2030 περὶ
251 1994 305 2021 τῶν
317 1995 491 2031 ἀγαθοεργῶν
504 1995 626 2030 ἀγγέλων
640 1996 657 2031 ἡ
676 1995 798 2030 θεολογία
818 2003 867 2022 πα-

91 2041 231 2076 ραδίδωσιν
241 2049 247 2056 ·
263 2040 330 2067 ἀλλά
343 2041 389 2067 τοῦ
406 2041 490 2074 ὅντως
504 2041 606 2076 ἀγαθοῦ
630 2042 677 2068 καὶ
699 2041 871 2077 ὑπεραγάθου

90 2086 204 2121 Χριστοῦ
224 2085 273 2118 τὰς
288 2086 467 2121 ἀγαθοποιοὺς
482 2088 592 2119 ἀκτῖνας
613 2088 642 2114 ὲν
666 2086 765 2122 ἡσυχία
784 2095 873 2122 παρα-

89 2131 224 2167 δεχόμενοι.
234 2152 241 2164 ,
259 2133 326 2168 πρὸς
340 2133 429 2160 αὐτῶν
439 2134 461 2149 ¹¹¹
474 2133 520 2160 ἐπὶ
536 2134 585 2165 τὰς
599 2133 673 2165 θείας
689 2133 873 2169 ἀγαθουργίας

90 2177 169 2206 αὑτοῦ
191 2178 444 2214 φωταγωγηθῶμεν.
461 2177 534 2215 Ἀρα
547 2179 602 2215 γὰρ
615 2180 665 2206 οὐκ
681 2179 753 2206 ἐστιν
767 2179 870 2213 ἁφάτου

934 947 1032 973 stantia
1058 947 1242 983 singularique
1267 950 1395 978 modestia
1424 957 1591 979 contestatus
1617 959 1668 984 est,
1685 962 1717 981 se

934 992 1069 1020 insontem
1087 1001 1148 1021 esse
1169 995 1352 1023 calamitatum
1377 998 1496 1024 omnium
1521 1006 1581 1033 qua:
1598 1000 1714 1027 subditis

932 1037 1124 1071 obvenissent;
1147 1040 1247 1074 quippe
1262 1045 1383 1075 noverat,
1405 1042 1429 1069 ei
1449 1042 1496 1076 qui
1511 1043 1582 1070 bono
1596 1043 1650 1071 Deo
1669 1044 1714 1071 la-

932 1082 1074 1110 miliat‘ller
1087 1084 1184 1117 utitur,
1206 1093 1253 1120 pro
1267 1086 1373 1115 viribus
1387 1088 1554 1121 conandum,
1570 1093 1598 1116 ut
1612 1089 1711 1123 eidem,

931 1134 1060 1163 quantum
1085 1136 1174 1165 potest
1197 1133 1267 1164 ﬂeri,
1289 1133 1442 1161 simillimus
1467 1135 1582 1167 evadat,
1606 1136 1712 1171 sibique

931 1174 1061 1202 bonorum
1085 1183 1196 1211 operum
1219 1178 1343 1205 conscius
1354 1178 1464 1206 existat.
1477 1179 1546 1212 Quid
1561 1188 1643 1215 porro
1658 1181 1712 1208 Da-

929 1221 973 1247 vid
991 1220 1065 1248 illum
1086 1222 1131 1249 Dci
1154 1224 1364 1257 progenitorem,
1378 1225 1494 1252 amicum
1509 1225 1563 1253 Deo
1579 1227 1715 1254 reddidit'

930 1265 1031 1300 Nempe
1054 1267 1126 1301 quod
1150 1273 1224 1295 esset
1248 1268 1346 1301 bonus,
1363 1273 1389 1296 et
1412 1269 1438 1296 in
1456 1270 1547 1298 hostes
1563 1271 1710 1307 benignus:

929 1309 1030 1342 Inveni,
1054 1311 1144 1346 inquit
1171 1311 1216 1339 ille
1235 1312 1422 1348 praebenignus
1435 1313 1612 1350 benignitatis
1634 1326 1710 1345 ama-

929 1359 981 1386 tor,
994 1355 1130 1383 hominem
1145 1357 1291 1384 secundum
1308 1365 1356 1384 cor
1371 1366 1458 1386 meum
1472 1360 1498 1388 δ.
1521 1360 1648 1394 Quinimo
1663 1363 1710 1390 bc-

928 1399 1010 1434 nigna
1035 1399 1093 1434 lege
1117 1402 1252 1428 sancitum
1273 1406 1342 1434 erat,
1356 1408 1385 1430 ut
1398 1403 1587 1438 jumentorum
1602 1415 1710 1442 quoque

926 1444 1026 1474 inimici
1043 1452 1108 1473 cura
1129 1451 1270 1481 gereretur
1284 1448 1307 1475 ί.
1323 1448 1373 1476 Job
1394 1449 1487 1483 etiam,
1502 1455 1531 1478 ut
1546 1451 1711 1481 innocentiae

925 1493 1017 1522 tenax,
1031 1491 1198 1525 justificatus
1211 1497 1254 1519 est
1268 1491 1293 1520 ι.
1317 1493 1403 1528 Atque
1412 1494 1511 1530 Joseph
1536 1497 1708 1525 insidiatores

925 1534 1025 1563 fratres
1051 1545 1103 1564 non
1129 1543 1170 1565 est
1194 1539 1267 1566 ultus
1283 1539 1308 1573 ι,
1325 1540 1445 1576 Abelque
1465 1542 1634 1577 simpliciter,
1659 1552 1709 1572 nec

924 1583 1069 1618 quidquam
1096 1585 1247 1620 suspicans,
1262 1587 1407 1615 comitatus
1428 1593 1470 1616 est
1493 1587 1662 1617 fratricidam
1674 1595 1706 1618 ".

923 1627 1023 1656 Omnes
1044 1629 1160 1664 denique
1183 1631 1318 1664 theologia
1342 1632 1427 1660 bonos
1442 1635 1579 1667 praedicat,
1597 1635 1642 1668 qni
1659 1643 1706 1661 ne-

922 1679 975 1706 qne
999 1673 1068 1699 mala
1093 1675 1274 1710 praesagiunt,
1305 1683 1391 1710 neque
1421 1677 1563 1712 simulant,
1589 1679 1636 1706 sed
1671 1687 1707 1707 ne

922 1717 1035 1745 aliorum
1067 1719 1176 1753 quidem
1211 1720 1292 1756 59s
1315 1721 1416 1748 malitia
1437 1721 1537 1750 bonum
1563 1723 1703 1755 deserunt,

922 1763 971 1790 sed
1001 1771 1017 1791 e
1041 1765 1149 1793 diverso
1178 1765 1348 1794 deiformiter
1375 1767 1466 1801 pravis
1489 1767 1703 1801 benefacientes,

922 1816 1100 1844 magnamque
1123 1811 1297 1845 benignitatis
1316 1819 1371 1839 sua:
1386 1813 1491 1847 copiam
1511 1814 1537 1840 iu
1554 1821 1600 1840 eos
1616 1813 1703 1840 elIun-

921 1854 1026 1887 dentes,
1048 1855 1163 1891 benigne
1184 1856 1244 1884 illos
1261 1857 1294 1884 ad
1314 1857 1402 1885 simile
1417 1865 1523 1894 quoque
1544 1865 1702 1894 provocant.

921 1898 1055 1927 Caeterum
1068 1900 1101 1927 ad
1114 1900 1210 1928 altiora
1227 1903 1432 1936 contendamus,
1449 1908 1604 1931 sanctorum
1626 1912 1702 1931 mau-

921 1945 1078 1973 suetudines
1108 1946 1228 1974 virorum
1256 1951 1336 1982 atque
1363 1948 1514 1976 amicorum
1546 1950 1701 1978 hominibus

921 1989 1076 2025 angelorum
1088 1991 1269 2027 benignitates
1279 1993 1583 2029 omittentes,quomodo
1598 1994 1702 2022 scilicet

921 2035 959 2062 illi
990 2037 1113 2071 gentibus
1148 2038 1346 2072 misereantur,
1369 2046 1402 2067 ac
1431 2047 1481 2075 pro
1507 2040 1573 2074 ipsis
1602 2040 1701 2067 divina:

920 2081 1036 2110 bonitati
1055 2091 1151 2118 preces
1173 2083 1290 2112 offerant
1305 2089 1331 2118 υ,
1346 2086 1566 2120 perniciosasque
1595 2093 1626 2113 ac
1640 2093 1700 2120 per-

921 2127 991 2155 ditas
1003 2129 1094 2157 turbas
1115 2129 1299 2164 increpent°;
1319 2138 1351 2158 ac
1367 2131 1445 2158 malis
1463 2131 1570 2165 quidem
1597 2131 1700 2158 nostris

921 2173 1085 2202 condoleant
1095 2179 1119 2207 Ρ,
1136 2175 1216 2202 saluti
1234 2183 1298 2204 vero
1315 2184 1409 2203 eorum
1423 2176 1470 2211 qui
1494 2176 1528 2203 ad
1547 2176 1618 2203 bona
1634 2184 1697 2202 con-

90 2224 136 2250 καὶ
154 2224 223 2260 ὑπὲρ
240 2225 330 2260 νόησιν
351 2224 516 2260 ἀγαθότητος
527 2245 534 2256 ,
558 2225 599 2252 ὃτι
623 2225 658 2252 τά
680 2225 744 2252 ὂντα
761 2226 784 2242 ³⁹
802 2223 872 2253 εἶναι

928 2221 994 2247 versi
1015 2225 1078 2248 sunt
1098 2222 1321 2257 congratulantur
1333 2227 1364 2253 εις
1379 2226 1406 2249 et
1420 2229 1586 2257 quaecunque
1600 2222 1652 2249 alia
1665 2222 1700 2250 de

91 2271 174 2301 ποιεῖ,
189 2271 236 2297 καὶ
250 2271 290 2297 ὅτι
311 2271 398 2297 πάντα
413 2271 482 2298 αὐτὰ
496 2271 564 2306 πρὸς
580 2271 610 2298 τὺ
628 2269 696 2298 εἶναι
711 2272 870 2308 παρήγαγε,

91 2315 135 2342 καὶ
150 2315 236 2342 πάντα
249 2315 370 2350 βούλεται
380 2317 422 2343 ἀεὶ
431 2316 554 2351 γενέσθαι
565 2317 742 2352 παραπλήσια
755 2316 829 2351 αὐτῷ
836 2317 869 2350 ὀ,

91 2361 135 2387 καὶ
150 2361 293 2388 κοινωνικὰ
304 2361 354 2394 Ῐτοῦ
372 2363 452 2389 αὐτοῦ
468 2362 537 2390 κατὰ
550 2362 598 2398 τὴν
612 2362 727 2389 ἑκάστου
738 2363 759 2378 ⁶¹
777 2363 872 2398 ὲπιτη-

91 2405 228 2441 δειότητα;
250 2407 281 2433 Τί
297 2407 325 2433 δὲ
335 2427 342 2438 .
357 2408 398 2434 ὃτι
414 2408 527 2437 καὶτῶν
545 2408 752 2442 ἀποφοιτώντων
762 2409 784 2424 ⁸¹
803 2409 872 2444 ὲρω-

91 2451 171 2483 τικῶς
185 2451 291 2487 ἔχεται,
305 2453 352 2480 καὶ
367 2453 521 2487 φιλονεικεῖ,
537 2454 584 2480 καὶ
600 2454 685 2480 δεῖται
701 2454 737 2489 μὴ
751 2453 871 2486 ἀπαξιω-

92 2496 167 2532 θῆναι
188 2498 241 2524 τῶν
263 2498 407 2534 ἐρωμένων
426 2499 472 2526 καὶ
493 2499 685 2534 θρυπτομένων
705 2498 807 2526 αὐτῶν·
823 2499 871 2526 καὶ

123 2575 133 2594 ε
150 2574 228 2601 Νιιιιι.
248 2583 301 2602 va.
339 2574 352 2595 ιι
369 2574 440 2602 Psal.
463 2584 594 2610 unum,
612 2577 656 2603 2|.

925 2265 1053 2294 bcnellcis
1083 2268 1187 2303 angelis
1213 2267 1348 2302 theologia
1370 2268 1451 2295 tradit
1466 2273 1496 2301 r;
1521 2269 1567 2296 sed
1592 2270 1699 2303 penitus

923 2311 1034 2347 benigni
1061 2319 1093 2340 ac
1118 2312 1284 2348 prtebettigni
1308 2313 1412 2341 Christi
1444 2313 1581 2341 beneﬁcos
1608 2314 1698 2341 radios

922 2359 1067 2393 tranquillo
1080 2359 1169 2387 animo
1188 2359 1373 2394 suscipientes,
1387 2359 1421 2386 ab
1436 2360 1529 2387 iisdem
1543 2359 1577 2386 ad
1592 2360 1698 2387 divinas

922 2404 979 2438 ejus
1000 2405 1195 2432 benelicenlias
1217 2401 1368 2432 luculenter
1387 2405 1564 2432 addocamur.
1600 2407 1695 2433 Annon

923 2452 1064 2479 inelfabilis
1080 2451 1412 2486 incomprehensibilisque
1428 2451 1566 2484 bonitatis,
1580 2452 1650 2486 quod
1664 2457 1695 2477 ea

922 2505 981 2532 qua:
1000 2501 1074 2531 sunt,
1089 2503 1150 2524 esse
1163 2495 1258 2528 faciat,
1272 2503 1358 2530 eaque
1373 2496 1463 2523 omnia
1478 2496 1511 2523 ad
1525 2502 1584 2523 esse
1600 2496 1696 2530 produ-

699 2577 707 2597 ὶ
727 2576 811 2603 Exod.
831 2584 873 2602 xu

928 2575 952 2602 ι.
993 2576 1006 2595 ιι
1024 2575 1074 2601 Job
1103 2583 1122 2606 ι,
1139 2574 1165 2606 8;
1185 2581 1250 2605 χιιι,
1268 2573 1295 2600 7.
1335 2571 1346 2592 1
1389 2571 1553 2606 Gen.l.,20.
1586 2577 1606 2591 ιιι
1623 2571 1692 2598 Gen.

93 2617 126 2641 ιν,
143 2611 168 2636 δ.
208 2614 221 2628 ιι
238 2609 318 2637 Zarb.
338 2620 356 2637 ι.
394 2615 407 2629 ο
423 2611 506 2645 Apoc.
525 2619 573 2639 Vll.
612 2617 625 2636 ν
642 2612 710 2639 Dan.
730 2620 755 2638 ι.
793 2616 806 2636 ιι
824 2611 878 2637 Luc

928 2618 952 2636 v.
994 2615 1005 2629 τ
1024 2609 1091 2637 Tob.
1111 2617 1160 2636 \‘m
1177 2614 1204 2636 et
1220 2616 1258 2635 ιιι.

735 2667 851 2695 ΥΑῐζῐίΕ
869 2666 1066 2695 LEC'IIONES.

126 2721 147 2737 ⁸⁸
161 2721 211 2752 τὰς
221 2720 410 2782 θείαςέθουλάς.
449 2723 471 2739 ⁸³
483 2723 521 2759 τῷ
530 2723 598 2759 Θεῷ,
611 2724 641 2751 D.
680 2724 761 2751 "alia
779 2724 859 2751 lectio
869 2729 977 2750 notatur
991 2724 1016 2750 in
1031 2723 1060 2749 ι).
1078 2721 1218 2763 ἐργασίας.
1253 2721 1277 2763 ’ξ
1291 2721 1305 2747 ὀ
1321 2718 1519 2769 ὑπεράγαίζοςῤ
1536 2718 1690 2758 φιλάγαθος,

138 2761 271 2782 postrema
315 2764 348 2782 uo
366 2757 443 2782 verba
463 2766 513 2782 non
532 2760 612 2782 hztlml
635 2760 664 2782 ni
679 2759 727 2782 tib.
766 2760 788 2775 δ’
806 2758 936 2782 intimare.
956 2759 985 2782 P.
1003 2759 1033 2782 ι).
1088 2756 1110 2772 ⁵³
1127 2755 1302 2782 αγαθοειδεις.
1322 2756 1351 2782 D.
1371 2756 1401 2782 Ρ.
1494 2761 1690 2782 προποιουντας

93 2756 120 2792 Ρ,
138 2761 271 2792 postrema
296 2756 348 2783 duo
366 2757 443 2784 verba
463 2756 513 2784 non
532 2756 612 2785 habet
635 2760 665 2786 ι).
679 2759 727 2786 Cb.
766 2760 788 2775 "
806 2760 822 2792 ὴ

96 2790 232 2824 legendum
254 2790 346 2826 itaque
365 2793 461 2819 habcnt
474 2794 567 2825 optimi
585 2802 616 2819 cu
628 2795 702 2820 iiv'es.

94 2833 144 2851 τες.
164 2827 192 2851 Ι).
215 2824 244 2851 S.
260 2825 286 2851 l’,
335 2827 358 2843 ⁵⁵
374 2828 440 2851 πρὸς
457 2827 547 2851 αὐτόν.
568 2829 596 2851 ll.
635 2829 657 2844 ³³
674 2828 702 2851 τὲ

95 2833 144 2856 τες,
164 2827 192 2851 l).
215 2827 244 2851 S.
260 2827 286 2852 l’.

95 2859 187 2892 τρίτων,
207 2861 238 2887 ι).

847 2758 936 2789 ύνατο,
956 2759 985 2785 Ρ.
1003 2759 1033 2784 ι).

747 2794 769 2809 ⁵⁸
788 2793 839 2828 πρὸ
855 2793 903 2828 τῆς

335 2827 358 2843 ⁵⁵
374 2828 440 2862 πρὸς
457 2827 551 2860 αὐτόν,
568 2829 596 2856 υ.
635 2829 657 2844 ³⁸⁵
674 2828 706 2855 τὰ
725 2829 761 2864 μὴ
778 2829 852 2860 ὄντα,
872 2827 901 2855 ι).

919 2767 936 2789 ι,
956 2759 985 2785 Ρ.
1003 2759 1033 2784 ι).
1088 2754 1302 2789 ηὰγαθοειδεῖς,
1322 2756 1351 2782 D.
1371 2754 1401 2782 Ρ.
1454 2754 1477 2769 ⁸⁸
1494 2754 1690 2788 προποιοῡντας

919 2793 1018 2820 ἄλλων,
1030 2792 1058 2818 S.
1075 2791 1105 2817 l’.
1151 2791 1173 2806 ”
1190 2791 1388 2820 ἀφαπλοῦντας.
1401 2789 1431 2815 S.
1477 2788 1499 2804 ⁵⁷
1516 2787 1690 2820 ἐξαγγέλλον-

969 2798 1018 2821 ων,
1030 2798 1058 2818 δ.
1077 2798 1105 2817 Ι’.

924 2827 953 2855 S.
968 2828 1017 2855 Cb.
1056 2828 1078 2843 “
1095 2825 1194 2860 ἑαυτῷ,

1151 2787 1173 2806 ⁵⁸
1190 2791 1388 2821 ἀφαπλοῦντας.
1401 2789 1431 2815 S.
1477 2788 1499 2804 ⁵⁷
1516 2787 1690 2821 ἐξαγγέλλον-

1237 2843 1244 2852 .
1264 2826 1292 2853 S.
1331 2826 1352 2840 °'
1370 2823 1502 2851 ἑκάστων.
1541 2823 1562 2838 ’³
1578 2823 1690 2858 arrogo...
