1914 3061
203 169 272 197 1087

763 168 793 197 S.
812 168 963 196 DIONYSII
978 167 1220 196 ΔΒΕΟΓΛΕΙΤᾸΞ.

1759 169 1841 197 1093

202 229 273 256 xerit
287 234 311 261 ι,
328 233 478 262 cunctaque
497 227 562 255 velit
582 227 634 254 sibi
657 234 767 262 semper
790 234 851 254 esse
874 227 983 259 similia,

1036 226 1096 261 εἰκῆ
1113 225 1353 260 κατεγκαλούντων
1367 225 1491 260 ἀνέχεται
1500 245 1508 257 ,
1523 226 1570 253 καὶ
1583 226 1665 258 αὐτὸς
1680 226 1841 261 ἀπολοτεῖ-

202 279 229 300 et
244 281 294 308 pro
312 273 443 307 cujusque
466 276 546 306 captu
571 270 794 298 communicare!
824 270 894 304 Quid
911 270 983 304 quod

202 328 218 348 a
232 326 262 347 se
274 318 445 346 deﬁciente.
456 324 550 344 amore
564 321 757 352 prosequatur,
782 315 984 349 contendatque

200 371 234 392 ac
251 367 340 398 roget.
357 370 391 390 ne
407 362 587 396 dedignentur
609 368 718 388 amores
732 361 761 393 ί,
785 361 852 395 quin
875 364 904 387 et
917 360 985 387 deli.

201 410 293 436 ciosos
306 409 380 444 ipsos
397 415 429 434 ac
444 412 546 435 temere
561 410 740 442 provocantes
759 406 886 437 sustinet,
903 411 986 440 atque

202 455 317 487 ipsemet
340 458 465 486 excusat,
483 459 570 488 eoque
586 453 673 487 magis
690 459 721 479 se
738 451 835 486 recipit
855 451 918 478 illos
937 459 987 478 cu.

202 505 336 531 ratorum,
362 499 482 534 ipsisque
507 497 563 532 iam
583 497 671 525 adhuc
698 497 874 529 distantibus,
904 496 985 524 simul

201 550 294 573 tamen
309 544 518 571 adventantibus
540 543 661 570 occurrit
684 547 712 570 et
728 543 842 576 obviat,
856 547 985 577 totusque

203 595 275 618 totos
291 590 458 625 amplectens
478 589 630 623 osculatur,
649 596 736 624 neque
750 589 784 617 de
799 589 923 624 pristinis
937 596 985 617 eos

203 637 302 672 arguit,
318 637 365 664 sed
379 636 467 672 diligit
481 636 635 670 praemia,
657 636 810 671 festumque
823 635 894 662 diem
915 636 983 670 agit,

201 691 234 711 ac
247 687 379 710 convocat
391 683 506 713 amicos.
518 682 644 709 videlicet
659 682 757 713 bonos,
774 686 803 708 ut
815 681 851 709 sit
862 682 983 709 omnium

202 728 350 756 lztantium
366 727 500 755 habitatio
512 733 535 755 ι.
552 727 638 755 Porro
649 727 832 762 Demophilus,
845 733 873 755 et
884 727 907 755 si
922 728 984 762 quis

201 774 273 802 altus
299 774 378 801 bonis
410 773 580 806 adversatur,
606 771 668 807 jure
692 772 789 800 merito
817 773 983 807 corripitur,

201 821 326 855 bonaque
348 820 462 848 docetur
485 825 515 848 ιιι
535 820 707 848 emendetur.
736 820 877 853 Quomodo
896 821 982 854 enim,

202 867 300 901 inquit,
313 874 366 894 non
379 866 522 902 oportebat
534 873 597 894 eum
608 867 656 901 qui
670 866 757 895 bonus
771 871 825 898 est.
840 866 874 894 de
886 874 981 894 eorum

201 912 248 946 qui
269 912 408 945 perierant
427 911 526 945 salute,
542 919 593 939 nec
614 919 667 939 non
689 919 784 939 eorum
802 913 848 947 qui
862 912 983 940 defuncti

200 960 282 983 erant
303 957 357 983 vita
383 956 496 984 laetari?
528 957 668 992 Siquidem
692 957 776 984 etiam
806 958 834 986 in
857 959 984 986 humeros

202 1003 274 1030 tollit
290 1002 401 1030 vixdum
417 1003 451 1030 ab
467 1010 564 1031 errore
588 1011 762 1037 conversum,
784 1008 812 1030 et
827 1004 915 1032 bonos
935 1012 985 1032 an-

201 1047 276 1082 gelos
294 1047 328 1074 ad
351 1047 472 1075 laetitiam
495 1048 608 1079 excitat,
635 1049 702 1083 quin
727 1053 757 1076 et
778 1049 986 1085 iugratisbenl-

200 1099 271 1127 suus
285 1093 389 1126 existit,
403 1098 427 1120 et
441 1094 506 1119 oriri
527 1093 592 1127 fuit
617 1095 699 1121 solent
720 1102 797 1121 suum
811 1102 890 1128 super
904 1095 985 1122 bonos

200 1143 226 1165 et
241 1138 326 1165 ιιιαίοι
336 1142 362 1171 ',
378 1142 459 1173 atque
474 1138 561 1173 ipsam
575 1145 653 1166 suam
666 1139 785 1166 animam
799 1147 850 1174 pro
865 1139 985 1176 profugis

201 1184 278 1217 ponit
288 1187 313 1212 ³.
327 1182 367 1210 Tu
381 1190 457 1215 vero,
472 1189 502 1210 ut
516 1187 567 1210 tua
580 1184 678 1211 littera:
692 1183 842 1218 declarant,
858 1186 984 1213 acciden-

203 1234 258 1257 tern
282 1229 430 1263 sacerdoti,
450 1229 526 1256 illum
540 1237 621 1264 quem
645 1229 756 1265 impium
772 1237 805 1258 ac
816 1236 985 1265 peccatorem

202 1275 288 1307 dicis,
310 1274 403 1302 nescio
424 1275 560 1309 quomodo
583 1282 631 1309 per
648 1280 674 1303 te
695 1283 815 1310 praesens
835 1276 984 1311 repuleris;

203 1324 260 1350 tum
270 1319 314 1347 ille
323 1319 433 1354 quidem
441 1319 637 1354 deprecabatur
649 1325 677 1348 et
687 1320 822 1348 fatebatur
836 1328 866 1349 se
881 1322 914 1349 ad
928 1329 985 1348 ma-

203 1365 290 1392 lorum
305 1365 467 1393 medicinam
478 1365 631 1400 advenisse;
641 1371 669 1394 tu
681 1371 781 1400 autem,
792 1367 859 1395 nihil
873 1367 985 1401 veritus,

202 1412 303 1439 bonum
319 1412 430 1446 insuper
443 1412 612 1443 sacerdotem
628 1421 690 1441 cum
704 1415 821 1449 quadam
843 1414 987 1443 insolentia

203 1457 371 1485 conviciatus
393 1459 529 1493 es,qu
554 1459 700 1487 miseratus
723 1465 796 1487 esset
817 1460 986 1495 paenitentis,

202 1507 285 1538 atque
311 1503 423 1537 impium
441 1503 635 1538 justilicasset;
663 1513 696 1534 ac
725 1505 855 1539 tandem,
879 1507 984 1541 «Exi,»

1035 281 1080 298 ται
1094 280 1102 304 ς
1123 273 1171 298 aui.
1194 271 1292 307 μᾶλλον
1311 271 1506 305 ἐπαγγέλλεται
1519 271 1709 307 θεραπεύσειν,
1724 273 1775 298 καὶ
1789 273 1838 299 ἔτι

1035 318 1127 349 αὐτοῖς
1140 317 1297 352 ἀπέχουσιν,
1312 317 1388 352 ὅμως
1401 317 1544 352 προσιοῦσι
1552 317 1574 333 ⁸³
1593 317 1761 353 προστρέχει
1782 318 1838 344 καὶ

1035 363 1141 398 ὑπαντᾷ
1150 384 1157 395 ,
1172 363 1220 390 καὶ
1234 363 1295 395 ὅλος
1308 363 1387 394 ὅλους
1400 364 1518 399 περιφὺς
1531 363 1682 395 ἀσπάζεται
1691 383 1699 395 ,
1714 363 1764 390 καὶ
1777 363 1836 390 οὐκ

1034 408 1145 443 ἔγκαλεί
1163 408 1227 444 περὶ
1245 408 1299 434 τῶν
1321 408 1478 444 προτέρων,
1581 409 1675 444 ἀγαπᾷ
1694 408 1729 435 τὰ
1751 417 1835 443 παρ-

1034 455 1099 482 όντα
1109 475 1117 486 ,
1141 455 1189 481 καὶ
1203 454 1300 490 ἑορτὴν
1316 454 1392 488 ἄγει,
1403 455 1450 481 καὶ
1459 454 1588 488 συγκαλεῖ
1597 454 1621 470 ⁸³
1634 454 1698 485 τοὺς
1710 453 1813 488 φίλους
1822 473 1831 485 ,

1033 500 1134 536 δηλαδὴ
1151 500 1215 531 τοὺς
1229 499 1365 533 ἀγαθοὺς,
1383 500 1426 526 ἴνα
1476 499 1583 526 πάπων
1601 499 1834 535 εὐφραινομένων

1034 546 1052 581 ἡ
1072 545 1208 572 κατοικία.
1227 545 1380 580 Δημόφιλος
1394 545 1423 572 δὲ
1434 565 1442 577 ,
1459 545 1507 572 καὶ
1519 545 1546 571 ετ
1562 553 1603 577 τις
1617 545 1697 576 ἀλλος
1710 544 1832 578 ἀγαθοῖς

1033 590 1214 626 ἀπεχθάνεται
1223 609 1232 622 ,
1247 591 1294 617 καὶ
1308 590 1367 618 λίαν
1381 591 1492 622 ἐνδίκως
1504 591 1673 625 ἐπιτιμᾶται,
1691 590 1738 616 καὶ
1752 589 1832 616 ὲκδι-

1034 636 1161 664 δάσκεται
1183 636 1219 663 τὰ
1239 636 1326 668 καλὰ,
1349 638 1396 663 καὶ
1418 636 1595 670 ἀγαθύνεται.
1611 635 1674 667 Πῶς
1693 635 1749 671 γὰρ
1774 635 1830 661 οὐκ

1034 681 1102 714 ἔδει,
1124 682 1207 718 φησι,
1227 682 1274 708 τὸν
1297 681 1400 716 ἀγαθὸν
1415 682 1462 708 ἐπὶ
1476 681 1597 717 σωτηρία
1611 681 1664 707 τῶν
1686 680 1830 707 ἀπολωλό-

1033 735 1088 754 των
1110 727 1319 763 εὐφραίνεσθαι,
1341 728 1389 754 καὶ
1414 726 1473 762 ζωῇ
1493 727 1547 753 τῶν
1574 727 1827 762 τεθανατωμένων;

1040 773 1147 808 ’Δμέλει
1164 774 1211 800 καὶ
1227 774 1275 800 ἐπ’
1290 772 1373 809 ὤμων
1387 773 1490 808 αῐρει⁶⁸
1504 773 1534 800 τὸ
1548 772 1624 808 μόλις
1644 772 1699 799 ἀπὸ
1718 771 1828 808 πλάνης

1034 820 1198 856 ὲπιστραςξὲν
1207 820 1240 852 ⁸⁸,
1254 819 1301 846 καὶ
1314 819 1377 850 τοὺς
1390 818 1510 853 ἀγαθοὺς
1528 818 1659 853 ἀγγέλους
1671 818 1711 849 είς
1725 818 1828 852 εὖφρο-

1036 867 1120 902 σύνην
1137 866 1255 901 ἐγείρει,
1267 865 1315 892 καὶ
1329 865 1446 900 χρηστός
1464 864 1567 891 trav"
1581 864 1628 890 ἐπὶ
1647 863 1709 894 τοὺς
1723 862 1827 898 ἀχαρί-

1035 921 1124 944 στους,
1133 912 1181 939 καὶ
1188 911 1347 938 ἀνατέλλει
1352 910 1406 937 τὸν
1413 910 1502 944 ἣλιον
1514 909 1607 937 αὑτοῦ
1615 908 1664 935 ἐπὶ
1673 908 1826 942 πονηροὺς

1033 958 1082 985 καὶ
1091 958 1230 992 ἀγαθοὺς,
1237 957 1283 984 καὶ
1289 956 1372 992 αὐτὴν
1387 957 1435 992 τὴν
1445 956 1534 992 ψυχὴν
1543 954 1626 983 αὐτοῦ
1638 954 1742 990 τίθησιν
1753 954 1827 989 ὑπὲρ

1033 1005 1087 1031 τῶν
1108 1003 1316 1038 ἀποφευγόντων
1324 1003 1356 1029 ⁸⁸.
1377 1003 1414 1030 Σὺ
1428 1002 1472 1033 δὲ,
1492 1000 1530 1033 ὡς
1549 1001 1584 1028 τὰ
1603 1000 1755 1036 γράμματά
1777 1008 1825 1026 σου

1033 1049 1123 1085 δηλοῖ,
1139 1049 1186 1076 καὶ
1200 1047 1387 1084 προσπεσόντα
1401 1047 1440 1082 τῷ
1455 1048 1538 1082 ἱερεῖ,
1553 1047 1598 1073 τὸν
1614 1046 1652 1078 ὡς
1669 1047 1722 1082 φῂς
1736 1045 1826 1081 ἀσεϐῆ

1034 1096 1082 1122 καὶ
1103 1094 1274 1130 ἁμαρτωλὸν,
1291 1094 1342 1120 οὐκ
1360 1091 1412 1120 οἷδ’
1432 1094 1506 1124 ὅπως
1526 1091 1590 1119 καθ’
1608 1091 1704 1119 ἑαυτοῦ
1727 1091 1826 1128 παρὼν

1034 1140 1232 1172 ἀπελάκτισας·
1257 1137 1334 1171 εἶτα,
1353 1139 1368 1166 ὁ
1397 1139 1446 1174 μὲν
1475 1137 1559 1164 ἐδεῖτο
1575 1138 1597 1154 ⁶⁹
1618 1137 1666 1164 καὶ
1685 1137 1823 1172 ὡμολόγει

1035 1186 1103 1222 πρὸς
1119 1186 1240 1222 ἰατρείαν
1254 1184 1345 1212 κακῶν
1360 1183 1528 1219 ἐληλυθέναι,
1546 1183 1578 1209 σὺ
1592 1182 1620 1210 δὲ
1635 1183 1684 1209 οὐκ
1699 1182 1825 1218 ἔφριξας,

1035 1231 1104 1259 ἀλλὰ
1117 1232 1164 1259 καὶ
1179 1231 1224 1258 τὸν
1238 1231 1342 1266 ἀγαθὸν
1355 1230 1429 1267 ἱερέα
1450 1229 1519 1266 μετά
1539 1229 1656 1266 θράσους
1664 1229 1688 1244 ⁷⁸
1704 1237 1827 1265 προεπ-ιγ

1035 1278 1161 1310 λάκιζες,
1181 1277 1290 1313 ὲλεητδν
1311 1275 1381 1304 εἶναι
1397 1275 1594 1312 μετανοοῦντα,
1616 1274 1722 1302 καὶτὸν
1738 1275 1826 1310 ἀσεϐῆ

1034 1323 1230 1351 δικαιώσαντα·
1252 1323 1300 1350 καὶ
1315 1323 1407 1356 τέλος,
1424 1332 1434 1348 ι
1455 1321 1552 1355 Ἕξιθι,
1572 1331 1582 1347 ι
1605 1320 1672 1356 ἔφης
1686 1321 1726 1356 τῷ
1741 1321 1823 1357 ἱερεῖ,

1037 1370 1106 1406 μετά
1126 1371 1180 1397 τῶν
1200 1369 1300 1405 ὁμοίιον
1319 1369 1366 1396 καὶ
1385 1368 1581 1403 εἰσεπήδησας,
1595 1367 1646 1394 οὐκ
1658 1366 1735 1398 δντος
1747 1366 1823 1401 θεμι-

1035 1415 1083 1443 τοῦ
1093 1436 1101 1449 ,
1120 1416 1188 1452 πρὸς
1202 1415 1237 1442 τά
1253 1415 1347 1447 ἄδυτα,
1363 1415 1410 1441 καὶ
1423 1413 1457 1440 τά
1473 1413 1556 1447 ’Δγια
1571 1412 1625 1439 τῶν
1640 1411 1728 1447 ἁγίων
1743 1411 1823 1438 συνέ-

1037 1461 1143 1493 στειλας
1153 1480 1161 1492 ,
1177 1460 1224 1486 καὶ
1238 1459 1353 1495 γράφεις
1373 1459 1450 1494 ἡμῖν,
1463 1457 1506 1484 ὅτι
1526 1456 1656 1493 μέλλοντα
1673 1456 1825 1492 διαφθαρῆ-

1037 1515 1081 1533 ναι
1094 1506 1128 1532 τὰ
1145 1505 1206 1542 ἱερὰ
1226 1503 1412 1541 προνοητικῶς
1427 1503 1572 1534 ἀπέσωοα,
1589 1503 1636 1528 καὶ
1649 1501 1689 1528 ἔτι
1703 1501 1824 1542 ἀχραντα

203 1548 332 1582 inqulens
341 1549 495 1583 sacerdoti,
514 1549 596 1585 599
611 1558 672 1577 cum
689 1551 726 1578 tui
740 1551 874 1580 similibus
890 1557 985 1580 contra

1036 1540 1216 1587 διαφυλάττω.
1238 1550 1296 1578 Νῦν
1316 1548 1363 1576 οὖν
1378 1549 1460 1576 ἄκουε
1481 1548 1534 1575 τῶν
1547 1548 1689 1583 ἡμετέρων
1700 1555 1707 1562 ·
1725 1540 1763 1574 Οὐ
1778 1546 1824 1573 θε-

203 1592 246 1621 las
267 1594 294 1621 in
309 1594 391 1629 adyta
409 1595 541 1629 irrupisti,
560 1603 592 1622 ac
605 1595 705 1624 Sancta
721 1602 876 1625 sanctorum
889 1603 986 1626 conta-

203 1639 325 1674 minssti,
346 1645 375 1668 et
394 1641 493 1668 scribis
515 1641 595 1669 nobis
617 1646 645 1669 te
661 1647 768 1676 sancta,
788 1650 849 1671 cum
862 1644 986 1672 violanda

203 1691 304 1717 essent,
318 1692 424 1713 summa
434 1693 500 1713 cura
512 1686 737 1722 providentiaque
757 1695 890 1722 servasse,
900 1695 988 1724 caque

203 1730 337 1759 hactenus
360 1731 465 1759 illibata
490 1731 642 1761 custodire.
673 1731 752 1761 Nunc
775 1740 841 1769 ergo
860 1733 924 1761 audi
940 1741 988 1761 no-

203 1779 289 1802 stram
309 1776 473 1803 sententiam
489 1783 498 1803 :
513 1776 594 1804 Nefas
610 1781 653 1805 est
669 1777 840 1805 sacerdotem
866 1786 882 1804 a
899 1781 926 1806 te
944 1777 988 1805 di-

204 1820 345 1854 guloribus
364 1821 511 1854 ministris,
531 1822 605 1849 tuive
628 1822 734 1850 ordinis
757 1823 900 1851 monachis
926 1830 988 1851 cor-

205 1866 277 1901 ripi,
305 1866 479 1901 quantumvis
512 1866 540 1894 in
565 1866 659 1894 divina
687 1867 785 1902 impius
808 1869 941 1901 videatur,
962 1872 990 1896 et

205 1912 315 1940 etiamsi
337 1912 403 1946 quid
432 1912 504 1940 aliud
535 1913 648 1940 vetitum
681 1913 769 1949 egisse
799 1914 988 1942 convincatur;

206 1956 274 1985 Nam
295 1957 317 1985 si
334 1957 519 1986 distinctionis
540 1959 699 1994 ordinisque
719 1959 856 1992 confusio.
873 1960 988 1988 divinis-

206 2005 337 2033 simarum
365 2005 592 2033 constitutiouum
625 2006 770 2042 legumque
806 2007 988 2042 transgressio

206 2055 266 2083 est;
285 2050 358 2078 nulla
373 2056 449 2079 certe
474 2052 544 2080 ratio
561 2056 603 2080 est
625 2057 737 2088 propter
749 2052 833 2082 Deum
859 2054 988 2081 traditum

206 2097 337 2125 divinitus
351 2098 474 2126 ordinem
494 2099 701 2127 intervertendi.
722 2099 816 2135 Neque
830 2101 904 2128 enim
918 2100 944 2128 in
959 2107 989 2128 se

207 2143 279 2170 Deus
291 2143 394 2172 divisus
410 2149 465 2178 est,
483 2144 601 2180 alioquin
619 2146 753 2181 quomodo
773 2147 858 2175 stabit
875 2154 988 2183 regnum

206 2188 266 2222 cjus
281 2194 296 2214 r
309 2189 321 2215 Ὺ
333 2189 366 2216 Ει
379 2189 402 2217 si
416 2190 463 2218 Dei
481 2195 523 2218 est
541 2190 689 2225 judicium,
706 2197 735 2219 ιιι
750 2192 863 2227 Eloqui:
888 2197 989 2221 testan-

1038 1598 1114 1634 μιτδν
1130 1597 1205 1633 ἱερέα
1226 1595 1294 1632 πρὸς
1313 1594 1368 1622 τῶν
1391 1594 1460 1630 ὑπὲρ
1483 1594 1513 1620 σὲ
1533 1593 1712 1629 λειτουργῶν,
1733 1592 1751 1628 ἢ
1770 1592 1824 1618 τῶν

1035 1643 1177 1680 ὁμοταγῶν
1189 1650 1230 1669 σοι
1241 1642 1262 1657 ⁷¹
1281 1640 1455 1677 θεραπευτῶν
1470 1639 1637 1669 εὐθύνεσθαι,
1651 1637 1702 1665 κᾶν
1715 1637 1824 1664 ἀπσεῖν

1035 1690 1076 1720 εις
1098 1687 1133 1715 τὰ
1154 1687 1214 1714 θεῖα
1239 1686 1322 1722 δοκῇ,
1347 1685 1398 1713 κᾶν
1421 1685 1486 1713 ἀλλο
1511 1693 1538 1712 τι
1559 1684 1613 1710 τῶν
1631 1683 1824 1719 ἀπειρημένων

1037 1733 1204 1769 ἐξελέγχοιτο
1221 1732 1333 1768 δράσας.
1349 1731 1380 1758 El
1393 1731 1448 1767 γὰρ
1459 1730 1579 1766 ἀκοσμία
1590 1729 1638 1756 καὶ
1653 1728 1752 1762 ἀταξία
1770 1728 1825 1755 τῶν

1037 1780 1181 1807 θειοτάτων
1201 1778 1260 1806 ἐστὶ
1277 1778 1324 1805 καὶ
1340 1777 1410 1813 ὅρων
1427 1777 1474 1804 καὶ
1496 1776 1605 1812 θεσμῶν
1619 1775 1748 1808 ἔκϐασις,
1771 1775 1824 1801 οὐκ

1037 1826 1092 1861 ἔχει
1108 1825 1184 1860 λόγον
1199 1825 1269 1860 ὑπὲρ
1281 1823 1349 1851 Θεοῦ
1361 1824 1384 1840 τί
1397 1823 1446 1859 τὴν
1461 1822 1659 1858 θεοπαράδοτον
1673 1821 1825 1856 ἀνατρέπε-

1038 1871 1100 1899 σθαι
1122 1870 1208 1903 τάξιν.
1232 1871 1269 1897 οὐ
1292 1870 1346 1906 γὰρ
1369 1869 1419 1904 ἐφ’
1437 1868 1532 1896 ἑαυτὸν
1548 1869 1562 1894 ὁ
1578 1867 1643 1899 Θεὸς
1668 1865 1822 1902 ἐμερίσθη·

1038 1917 1096 1949 πῶς
1112 1916 1167 1953 γὰρ
1182 1915 1344 1952 σταθήσεται
1363 1916 1380 1951 ἡ
1398 1914 1520 1950 βασιλεία
1543 1912 1642 1946 αὑτοΰ;
1663 1913 1718 1939 Καὶ
1733 1912 1759 1938 εί
1777 1911 1824 1938 τοῦ

1036 1962 1104 1989 Θεοῦ
1117 1963 1201 1994 ἐστιν,
1217 1961 1255 1993 ὡς
1267 1962 1302 1988 τὰ
1316 1961 1393 1996 λόγια
1407 1969 1500 1996 φησιν,
1510 1960 1528 1996 ἡ
1542 1959 1631 1995 κρίσις
1640 1980 1648 1992 ,
1661 1959 1686 1985 οἱ
1699 1957 1728 1984 δὲ
1742 1959 1825 1993 ἱερεῖς

1037 2008 1146 2043 ἄγγελοι
1168 2008 1214 2035 καὶ
1231 2007 1368 2042 ὑποφῆται
1388 2005 1456 2042 μετά
1476 2005 1539 2037 τοὺς
1559 2004 1688 2040 ἱεράρχας
1703 2004 1756 2030 εἱσι
1771 2003 1827 2029 τῶν

1038 2055 1118 2082 θείων
1141 2054 1296 2090 χριμάτων,
1313 2053 1382 2090 πρὸς
1398 2052 1486 2079 αὐτῶν
1499 2050 1534 2077 τὰ
1552 2050 1612 2077 θεῖα
1631 2048 1825 2085 προσηκόντως

1039 2109 1079 2127 σοι
1097 2100 1142 2127 διὰ
1163 2100 1252 2136 μέσων
1264 2100 1287 2116 ⁷³
1302 2100 1356 2126 τῶν
1378 2096 1560 2133 λειτουργῶν,
1583 2097 1646 2124 ὅταν
1709 2095 1826 2130 καιρὸς,

1038 2146 1211 2178 ἐκδιδάσκου,
1224 2145 1258 2172 δι’
1272 2141 1310 2172 ὧν
1324 2146 1372 2172 καὶ
1387 2144 1418 2171 τὸ
1433 2141 1500 2170 εἶναι
1513 2142 1682 2178 θεραπευτὴς
1695 2140 1824 2176 ὴξιιῖιθης.

1041 2193 1077 2219 Ἢ
1092 2192 1152 2227 οὐχὶ
1167 2193 1214 2218 καὶ
1234 2191 1269 2218 τά
1295 2191 1356 2227 ἱερὰ
1382 2190 1502 2226 σύμϐολα
1519 2189 1597 2216 τοῦτο
1618 2188 1683 2224 βοᾷ;
1707 2188 1756 2214 καὶ
1771 2187 1827 2222 γὰρ

207 2237 253 2261 tur
268 2239 290 2266 ι,
308 2236 465 2264 sacerdotes
476 2241 566 2264 autem
588 2238 677 2274 angeli
702 2243 766 2266 sunt
779 2245 806 2272 ι,
822 2244 851 2267 et
863 2243 923 2275 post
938 2247 985 2267 an-

1038 2238 1087 2273 οὺχ
1100 2237 1192 2270 ἁπλῶς
1202 2236 1327 2264 ἁπάντων
1341 2236 1390 2272 μὲν
1398 2235 1526 2272 ἐξῄρηται
1531 2234 1565 2261 τὰ
1571 2234 1655 2268 Ἅγια
1663 2233 1717 2260 τῶν
1728 2232 1822 2267 ἁγίων·

207 2278 306 2306 tistites
330 2279 485 2308 divinorum
514 2281 679 2317 interpretes
699 2283 877 2319 iudiciorum,
895 2284 930 2312 ab
953 2284 987 2312 iis

205 2322 312 2356 ordine,
327 2329 407 2360 prout
420 2330 446 2354 te
458 2326 546 2360 decet,
562 2329 742 2357 mediantibus
765 2330 910 2363 ministris,
922 2330 985 2357 dum

205 2369 258 2397 erit
269 2375 462 2406 Opportunum,
479 2373 570 2400 divina
585 2375 672 2408 disce,
693 2382 742 2410 per
755 2383 824 2410 quos
845 2376 941 2409 etiam,
956 2381 987 2403 ut

207 2417 356 2443 monachus
384 2423 471 2450 esses,
482 2417 612 2446 habuisti.
636 2419 677 2446 An
692 2427 758 2448 vero
777 2427 830 2447 non
853 2420 879 2447 id
899 2420 986 2455 ipsum

206 2465 283 2491 sacra
305 2460 382 2496 signa
402 2461 591 2496 proclamant?
619 2471 707 2499 neque
733 2464 806 2492 enim
827 2464 986 2500 simpliciter

207 2505 307 2534 Sancta
345 2511 500 2535 sanctorum
524 2508 558 2536 ab
584 2510 711 2538 omnibus
736 2514 878 2545 segregata
904 2515 982 2543 sunt;

243 2600 255 2614 ¹
271 2595 348 2624 Joan.
363 2603 383 2628 ι,
399 2596 417 2624 2
456 2597 466 2615 ί
483 2597 577 2625 Matth.
593 2605 632 2624 ιι.
669 2603 683 2617 ιι
699 2598 764 2625 Luc.
792 2606 838 2626 xv.

207 2639 272 2663 xxx,
291 2633 334 2663 is;
353 2631 433 2660 lium.
451 2639 481 2663 ll,
497 2632 540 2660 t6.
577 2632 719 2661 IMalacli.
737 2641 768 2666 ιι,
786 2633 811 2661 7.

876 2603 889 2616 '
904 2599 1001 2629 Matth.
1016 2608 1046 2633 -ν,
1070 2602 1115 2629 45.

1041 2283 1184 2320 πλησιάζει
1198 2283 1226 2310 δὲ
1244 2283 1342 2320 μᾶλλον
1355 2283 1447 2314 αὐτοῖς
1462 2283 1477 2308 ὁ
1494 2281 1547 2308 τῶν
1564 2278 1753 2316 ἱεροτελεστῶν
1768 2277 1825 2304 διά-

1040 2338 1158 2365 κοσμος,
1174 2327 1233 2357 εἶτα
1248 2329 1301 2356 τῶν
1319 2328 1412 2365 ἱερέων
1433 2329 1449 2364 ἡ
1467 2327 1664 2362 διακόσμησις,
1686 2323 1826 2359 ἑπομένως

1040 2375 1069 2401 δὲ
1091 2375 1196 2407 τούτοις
1217 2377 1235 2411 ὴ
1256 2375 1309 2402 τῶν
1332 2373 1509 2410 λειτουργῶν
1529 2374 1585 2404 τοῖς
1601 2371 1629 2398 δὲ
1649 2370 1825 2405 τεταγμένοις

1041 2421 1220 2457 θεραπευταῖς
1230 2422 1258 2449 αἱ
1271 2421 1353 2448 πύλαι
1364 2419 1418 2446 τῶν
1429 2419 1531 2446 ἀδύτων
1545 2418 1612 2444 είσὶν
1627 2415 1824 2451 ἀφωρισμέναι,

1042 2467 1103 2494 καθ’
1111 2467 1144 2500 ἃς
1160 2469 1207 2495 καὶ
1220 2467 1357 2494 τελοῦνται
1369 2466 1415 2493 καὶ
1430 2465 1606 2501 παρεστᾶσιν.
1615 2463 1646 2490 οὺ
1658 2462 1726 2498 πρὸς
1743 2461 1824 2496 φυλα-

1035 2513 1087 2548 κὴν
1100 2513 1205 2546 αὐτῶν,
1219 2512 1286 2540 ἀλλά
1303 2512 1370 2547 πρὸς
1385 2511 1462 2544 τάξιν
1484 2510 1532 2537 καὶ
1553 2509 1699 2544 ἐπίγνωσιν
1721 2506 1825 2534 ἑαυτῶν

854 2711 971 2741 VABIE
990 2712 1134 2740 lECTlON
1138 2711 1189 2739 ES.

261 2803 286 2820 ⁸³
301 2803 436 2839 προϊοῦσι,
453 2803 483 2832 S.
503 2803 526 2820 “
542 2800 592 2830 καὶ
614 2802 800 2839 συγκαλετται.
818 2801 849 2839 ι).
862 2802 892 2839 S_.
906 2801 936 2828 P.
968 2803 984 2839 ξ

1036 2802 1101 2838 έρει,
1187 2802 1210 2817 ⁸⁸
1227 2802 1401 2839 ἐπιστρέφον,
1462 2801 1491 2828 Ρ.

1155 2600 1263 2629 ιιιοοη.
1290 2609 1318 2634 x,
1346 2601 1389 2629 ll.
1427 2605 1442 2626 1
1459 2600 1555 2628 Matth.
1578 2606 1628 2630 ut,
1654 2595 1692 2624 25
1743 2595 1822 2623 l[sai

1542 2800 1563 2814 "
1580 2799 1627 2827 καὶ
1643 2799 1820 2834 χρηστότατος

209 2839 292 2871 ἔστιν,
310 2834 359 2865 Ch.
377 2839 406 2866 υ.
422 2834 452 2866 Ρ.
491 2839 513 2854 ⁸⁸
529 2834 731 2873 ἀποφυγόντων,
750 2838 778 2865 S.
817 2838 838 2854 "
856 2837 953 2872 ᾐδεῖτο,
966 2836 994 2864 S.
1009 2834 1056 2865 1"."
1080 2838 1101 2854 ⁷⁰
1118 2837 1242 2872 θάρσους.
1282 2834 1464 2871 ⁷¹’6μοταγῶν
1481 2844 1538 2867 σου,
1549 2834 1577 2862 S.
1615 2835 1637 2851 ⁷³
1654 2837 1686 2861 ὲκ
1702 2834 1780 2865 Θεοῦ,
1792 2834 1819 2861 5.

211 2874 233 2890 ⁷³
251 2875 282 2901 σὺ
299 2874 342 2901 διὰ
362 2875 460 2909 μέσων,
480 2874 509 2901 1).
525 2874 554 2901 5.
