1914 3061
243 166 312 193 1879
823 167 851 196 S.
872 166 1015 198 DIONYSII

1067 169 1270 198 REOPAGITE
1782 171 1873 199 ωεο

242 227 264 253 si
280 234 342 253 vera
361 226 429 254 ratio
447 227 499 254 rite
514 226 595 253 fuerit
610 226 741 258 stabilita,
755 227 915 262 ueterisque
925 228 1015 255 omni-

1067 228 1087 254 δ’
1104 226 1219 262 ἀληθοῦς
1233 225 1316 253 αὐτοῦ
1333 227 1483 258 τεθξντοςκ
1502 227 1589 263 ὀρθῶς
1603 227 1700 262 λόγου,
1716 227 1764 256 καὶ
1783 228 1876 264 πρὸς

241 267 292 296 his
314 265 509 304 irrel'ragabilis
527 272 666 304 persistat,
685 270 815 306 quidquid
834 279 895 299 cum
910 280 941 299 ea
961 280 1015 301 non

1070 273 1125 300 τῶν
1139 273 1225 300 ἄλλων
1241 273 1348 300 πάντων
1364 272 1555 306 ἀνεξελέγκτου
1575 273 1730 308 μείναντος,
1746 274 1808 300 πᾶν
1830 274 1870 306 τὺ

241 315 335 342 eodem
349 315 429 341 mod'o
442 322 490 349 per
502 314 592 342 omnia
612 321 641 342 se
654 315 744 348 habet,
763 315 790 343 id
807 316 892 351 ipsum
909 325 957 351 per
975 326 1015 349 se,

1072 318 1110 354 μὴ
1125 318 1195 345 οὕτω
1210 318 1282 345 κατά
1294 317 1382 345 ’πάντα
1396 317 1467 353 ἐχον,
1482 317 1547 344 αὐτὸ
1561 318 1602 352 ἐφ’
1619 318 1715 344 ἑαυτοῦ
1733 319 1768 354 τῇ
1783 319 1866 354 ἀτε-

242 359 417 394 insnperabili
434 359 493 394 ejns
512 361 584 395 quod
600 361 717 389 omnino
735 368 829 389 verum
849 366 892 390 est
915 363 1015 390 stabili-

1069 365 1142 400 τήτῳ
1172 364 1263 390 στάσει
1289 363 1336 390 τοῦ
1357 363 1441 395 ὅντως
1462 362 1579 398 ἀληθοῦς
1593 363 1616 380 ³⁸
1639 363 1864 397 καταϐάλλεται-

242 409 310 436 tate,
326 405 462 440 dejicitur.
482 405 538 433 Hoc
555 406 646 441 itaque
659 414 733 439 cum,
749 414 809 434 mea
826 408 934 442 quidem
950 415 1015 435 sen-

1069 409 1154 436 Τοῦτο
1175 409 1223 444 μὲν
1244 407 1306 441 οὖν,
1330 409 1368 440 ὡς
1395 406 1487 444 οἶμαι,
1511 408 1601 440 καλῶς
1627 408 1772 443 ἐγνωκὼς,
1804 410 1867 442 οὐκ·

242 450 347 483 tentia,
381 451 465 484 probe
489 457 608 482 nossem.
632 451 744 478 minime
766 450 826 478 dedi
853 459 961 487 operam
986 457 1017 480 ut

240 495 377 523 adversus"
385 495 499 530 gentiles
519 496 621 524 aliosve
642 497 776 527 dicerem,
794 497 840 524 sed
858 497 924 524 mihi
947 497 1017 525 satis

240 543 294 571 est,
317 539 342 567 si
368 539 433 566 mihi
457 539 541 567 donet
559 540 648 572 Deus,
673 545 702 568 ut
722 540 756 568 de
771 542 882 569 veritate
897 542 1015 576 primum

241 584 350 619 quidem
374 583 449 612 recte
465 585 592 618 sentiam,
607 593 638 613 ac
652 586 751 614 deinde
771 587 838 613 scite
859 586 973 621 eloquar
988 589 1017 613 ut

240 635 360 664 oportet.

1068 455 1188 482 ἔσπευσα
1201 454 1270 491 πρὸς
1289 455 1420 490 ’Έλληνας
1434 454 1450 489 ἥ
1465 454 1533 490 πρὸς
1547 454 1655 490 ἐτέρους
1673 455 1774 481 εἰπεῖν·
1793 455 1863 482 ἀλλ’

1067 501 1156 528 ἱκανόν
1171 509 1233 536 μοι,
1249 501 1296 527 καὶ
1309 500 1386 527 τοῦτο
1398 500 1462 532 Θεδς
1475 500 1532 535 δοίη
1543 500 1549 526 l
1567 500 1629 536 περὶ
1644 499 1772 535 ἀληθείας
1782 500 1862 540 ειδέ-

1067 555 1111 573 ναι
1125 545 1240 582 πρῶτον,
1257 545 1350 573 ἔπειτα
1363 545 1450 572 ειδότα
1463 545 1501 577 ὡς
1513 545 1567 581 χρὴ
1581 544 1705 580 λέγεινκ.

1012 689 1026 725 5
1045 688 1086 719 ll.

261 759 315 787 'Tu
343 763 433 788 autem
466 759 528 792 ais,
553 759 703 793 sopbistam
726 757 937 793 Apollophane!»
968 764 1012 784 me

240 805 401 837 conviciari,
419 811 451 832 ac
470 803 636 838 parricidam
652 803 802 838 appellare,
820 807 849 831 ut
865 803 912 838 qui
926 802 1015 838 genti-

241 851 306 878 lium
332 850 427 882 dictis,
461 849 593 877 advenas
621 850 695 884 ipsos
727 856 780 876 non
812 848 917 876 sincere
941 852 1014 876 utar.

1100 756 1135 782 Σὺ
1150 749 1243 791 δὲ’φῄς
1260 755 1434 791 λοιδορεῖσθαί
1451 764 1495 791 μοι
1511 756 1555 783 τὸν
1573 757 1701 793 σοφιστὴν
1715 758 1858 785 Ἄπολλο-

1066 801 1137 837 φάνη
1149 821 1157 834 ,
1173 801 1220 828 καὶ
1237 801 1401 838 πατραλοίαν
1417 801 1571 835 ἀποκαλεῖν,
1586 802 1623 834 ὡς
1637 803 1692 834 τοῖς
1712 801 1861 839 Ἑλλήνων

1066 847 1112 873 ἐπὶ
1126 847 1189 878 τοὺς
1206 846 1337 882 Ἕλληνας
1351 847 1401 882 οὐχ
1411 847 1493 879 ὁσίως
1506 847 1648 883 χρωμένῳ.
1668 847 1765 874 Καίτοι
1779 848 1858 884 πρὸς

240 894 322 931 594
345 894 428 930 Atqui
453 901 502 923 nos
540 894 577 921 illi
607 883 698 924 verius
720 894 838 929 objicere
865 901 1015 930 possemus,

1067 892 1146 919 αὑτὸν
1159 893 1232 928 ἡμᾶς
1245 889 1278 929 ἦν
1293 892 1471 928 ἀληθέστερον
1488 894 1584 926 εἰπεῖν,
1596 893 1634 926 ὡς
1649 893 1779 929 Ἕλληνες
1791 883 1858 925 τοῖς

240 939 354 974 gentiles
379 939 459 972 illos,
488 939 618 967 adversus
642 938 732 967 divina
759 938 857 967 divinis
887 939 1017 974 sacrilege

241 985 328 1018 abuti,
343 983 406 1011 dum
423 991 472 1018 per
488 983 534 1012 Dei
555 984 729 1019 sapientiam,
754 980 852 1012 divina
876 983 1016 1019 religionis

240 1029 342 1057 cultum
371 1029 481 1057 abolere
510 1029 669 1058 moliuntur.
706 1028 798 1064 Neque
822 1036 887 1058 vero
911 1030 957 1057 hic
983 1030 1017 1057 de

240 1073 422 1103 multitudinis
438 1074 565 1108 opinione
580 1075 685 1109 loquor,
700 1082 760 1109 quae
773 1079 913 1109 poetarum
931 1074 1017 1102 ﬁctio-

240 1119 319 1146 nibus
333 1119 510 1147 materialiter
523 1121 709 1155 tenaciterque
722 1120 874 1154 adhaerens,
885 1125 1017 1149 creatura

240 1165 330 1199 potius
357 1173 438 1201 quam
466 1166 584 1194 creatori
616 1166 778 1199 famulatur;
813 1174 907 1194 verum
934 1167 1014 1195 etiam

240 1210 353 1245 ipsemet
364 1211 562 1246 Apollophane:
586 1211 686 1239 divinis
711 1212 842 1239 adversus
858 1212 949 1239 divina
967 1220 1014 1240 ne-

241 1255 308 1284 !arie
324 1257 426 1290 utitur;
445 1264 506 1284 nam
517 1264 566 1291 per
577 1256 648 1284 hanc
665 1257 748 1292 ipsam
760 1264 850 1285 rerum
862 1258 1014 1291 scientiam,

240 1309 299 1335 quae
322 1302 357 1330 ab
375 1302 432 1338 ipso
455 1307 529 1330 recte
555 1302 725 1337 philosophia
749 1303 859 1335 dicitur,
881 1307 908 1330 et
923 1310 938 1330 a
954 1303 1016 1332 divo

239 1346 325 1375 Paulo
347 1347 479 1382 sapientia
494 1347 540 1375 Dei
559 1347 716 1375 nominatur
731 1348 754 1381 ῐ,
778 1349 812 1376 ad
831 1355 922 1377 rerum
941 1349 1016 1383 ipsa-

240 1399 300 1420 mm
316 1392 491 1427 scientiaque
507 1393 580 1421 illius
587 1397 737 1428 auctorem,
753 1401 831 1422 veros
845 1394 1016 1429 philosophos

240 1438 390 1466 ascendere
422 1440 575 1474 oportebat.
608 1439 647 1467 Ac
672 1447 705 1467 ne
729 1444 830 1475 praeter
864 1440 1014 1467 institutum

240 1491 341 1517 meum,
365 1484 480 1512 aliorum
496 1485 586 1520 potius
607 1492 687 1519 quam
706 1486 791 1521 ipsius
814 1487 976 1514 sententiam
1000 1493 1015 1513 a

1066 939 1148 972 θείοις
1168 939 1217 974 οὺχ
1229 939 1310 970 ὁσίως
1323 938 1370 965 ἐπὶ
1383 938 1418 965 τά
1431 938 1488 964 θεῖα
1508 938 1643 973 χρῶνται,
1666 938 1710 965 διὰ
1731 938 1784 973 τῆς
1807 947 1858 970 σου

1066 985 1130 1020 φίας
1142 984 1190 1012 τοῦ
1204 984 1271 1011 Θεοῦ
1284 984 1314 1011 τὸ
1329 983 1399 1011 θεῖον
1417 983 1557 1010 ἐκϐάλλειν
1577 983 1740 1019 πειρώμενοι
1754 983 1853 1014 σέϐας.

1065 1031 1120 1058 Καὶ
1137 1031 1168 1057 οὐ
1182 1030 1231 1067 τὴν
1244 1030 1298 1057 τῶν
1311 1029 1416 1056 πολλῶν
1429 1029 1515 1064 ἔγωγέ
1532 1038 1601 1066 φημι
1621 1028 1708 1062 δόξαν,
1724 1030 1781 1061 τοῖς
1793 1029 1854 1056 τῶν

1066 1076 1182 1111 ποιητῶν
1197 1075 1336 1111 προσύλως
1352 1075 1398 1102 καὶ
1411 1074 1540 1110 ἐμπαθῶς
1553 1075 1784 1110 ἐναπομενόντων,
1801 1075 1852 1102 καὶ

1065 1122 1098 1157 τῇ
1117 1121 1203 1148 κτίσει
1219 1121 1294 1156 παρὰ
1306 1121 1351 1147 τὸν
1369 1120 1497 1147 κτίσαντα
1510 1120 1702 1156 λατρευόντων,
1717 1120 1786 1146 ἀλλά
1797 1121 1849 1148 καὶ

1066 1166 1146 1198 αὐτὸς
1166 1165 1365 1201 Ἀπολλοφάνης
1382 1166 1431 1201 οὐχ
1455 1165 1536 1197 ὁσίως
1562 1167 1618 1197 τοῖς
1644 1165 1725 1197 θείοις
1750 1165 1798 1192 ἐπὶ
1813 1165 1852 1192 τὰ

1066 1211 1124 1238 θεῖα
1140 1211 1254 1247 χρῆταισ
1271 1212 1304 1247 τῇ
1324 1211 1378 1247 γὰρ
1394 1211 1448 1238 τῶν
1463 1211 1546 1238 ὄντων
1563 1210 1675 1246 γνώσει,
1690 1210 1782 1242 καλῶς
1803 1210 1850 1237 λεο

1066 1258 1168 1295 γομένῃ
1178 1277 1186 1291 ,
1205 1257 1273 1294 πρὸς
1288 1257 1369 1284 αὑτοῦ
1390 1256 1547 1291 φιλοσοφίᾳ,
1567 1256 1614 1283 καὶ
1628 1256 1695 1291 πρὸς
1708 1255 1756 1282 τοῦ
1772 1255 1851 1282 θείου

1066 1304 1172 1330 Παύλου
1186 1303 1266 1339 σοφίᾳ
1282 1302 1348 1329 Θεοῦ
1363 1301 1518 1338 κεκλημένῃ
1528 1321 1536 1334 ,
1555 1302 1623 1337 πρὸς
1635 1301 1680 1327 τδν
1695 1298 1780 1328 αἴτιον
1798 1301 1851 1328 καὶ

1065 1348 1153 1376 αὐτῶν
1175 1348 1230 1375 τῶν
1252 1349 1335 1375 ὅντων
1358 1348 1406 1374 καὶ
1429 1347 1478 1382 τῆς
1499 1346 1625 1381 γνώσεως
1645 1345 1734 1373 αὐτῶν
1762 1346 1847 1381 ἐχρῆν

1065 1394 1212 1428 ἀνάγεσθαι
1225 1394 1288 1425 τοὺς
1303 1393 1410 1429 ἀληθεῐς
1422 1392 1589 1427 φιλοσόφους.
1604 1391 1658 1418 Καὶ
1674 1392 1717 1418 ἵνα
1734 1391 1773 1427 μὴ
1795 1391 1846 1427 τὴν

1065 1440 1118 1467 τῶν
1132 1440 1218 1467 ἄλλων
1227 1439 1249 1455 ³⁷
1270 1439 1287 1474 ἢ
1309 1438 1358 1474 τὴν
1371 1437 1452 1465 αὑτοῦ
1467 1436 1542 1473 παρά
1555 1437 1586 1463 τὺ
1600 1436 1694 1463 δοκοῦν
1709 1435 1848 1471 ἐξελέγχοι

1068 1493 1112 1520 μοι
1128 1484 1221 1517 δόξαν,
1241 1484 1292 1511 ἔδει
1309 1483 1423 1510 συνιδεῖν
1443 1482 1640 1518 Ἀπολλοφάνη,
1665 1481 1744 1516 σοφὸν
1762 1481 1844 1512 ὅντα,

240 1530 356 1556 veritate
363 1528 505 1558 deﬂectere
517 1532 686 1564 convincam,
697 1532 768 1558 scire
782 1531 896 1559 debebat
906 1532 1014 1567 Apollo-

1070 1530 1106 1566 μὴ
1120 1529 1152 1557 ἂν
1167 1529 1254 1561 ἄλλως
1271 1529 1336 1556 ποτὲ
1349 1528 1492 1564 δυνηθῆναι
1505 1528 1554 1563 τῆς
1569 1527 1694 1579 οὐρανίας
1712 1535 1739 1553 τι
1747 1535 1844 1579 Σπαρα-

241 1575 356 1608 phanes,
371 1582 431 1602 cum
448 1576 556 1610 sapiens
573 1580 656 1609 esset,
677 1576 746 1603 nihil
763 1584 880 1612 unquam
900 1578 1017 1606 ccelestis

241 1619 347 1646 ordinis
372 1626 404 1647 ac
427 1623 518 1647 motus
541 1619 679 1647 immutari
705 1620 761 1648 ullo
783 1620 862 1648 modo
885 1621 1015 1656 potuisse,

242 1665 301 1691 sine
318 1664 449 1692 instinctu
475 1664 594 1692 auctoris
621 1665 673 1698 sui,
697 1672 712 1692 a
726 1672 780 1700 quo
795 1669 822 1693 et
839 1670 868 1692 ut
889 1670 960 1693 esset
975 1673 1018 1693 ac,

241 1710 322 1745 cepit,
344 1715 370 1737 et
393 1709 471 1745 cujus
492 1711 612 1746 potentia
634 1717 820 1745 conservatur,
844 1713 902 1747 qui,
920 1720 1017 1740 secun-

240 1754 304 1781 dum
328 1754 475 1789 Scriptura;
501 1755 687 1784 testimonium
703 1776 712 1789 ,
739 1762 836 1785 cuncta
860 1758 963 1793 perlicit
984 1765 1017 1787 ac

242 1805 338 1828 mutat.
355 1800 409 1828 Cur
425 1801 509 1836 igitur
525 1809 576 1830 non
594 1802 660 1830 colit
675 1810 752 1836 eum,
776 1811 855 1838 quem
874 1804 935 1831 hinc
950 1812 1017 1839 quo-

241 1853 295 1880 que
308 1847 482 1881 cognovimus
499 1847 632 1874 veraciter
647 1855 708 1875 esse
721 1850 841 1876 omnium
853 1849 947 1882 Deum,
967 1850 1016 1877 ad-

242 1891 367 1919 mirando
385 1884 454 1925 eius,
471 1899 486 1919 a
498 1900 551 1927 quo
568 1898 665 1921 cuncta
690 1894 849 1927 subsistunt,
873 1895 1016 1923 admirabi-

241 1937 293 1965 lem
321 1938 498 1973 potestatem?
527 1938 747 1974 Quandoquidem
774 1942 807 1968 ab
838 1940 897 1976 ipso
921 1941 961 1969 sol
989 1946 1017 1969 et

242 1981 315 2017 luna,
338 1984 457 2019 potentia
480 1988 606 2019 statuque
629 1985 756 2018 mirabili,
774 1985 852 2013 simul
883 1993 942 2013 cum
966 1987 1017 2014 hac

242 2035 332 2055 rerum
348 2029 533 2063 universitate,
547 2030 579 2057 ad
596 2030 780 2058 omnimodam
798 2031 1014 2059 immobilitatem

243 2074 351 2101 redacta
369 2074 440 2107 sint,
463 2082 513 2102 nec
529 2083 581 2103 non
599 2076 632 2103 ad
648 2075 746 2110 integri
765 2076 818 2104 diei
842 2078 970 2112 spatium,
989 2079 1015 2105 in

243 2118 339 2146 iisdem
356 2119 480 2147 universa
497 2120 580 2155 signis
595 2121 783 2154 constiterint;
801 2121 854 2154 vel,
870 2122 940 2157 quod
957 2131 1015 2150 aln-

243 2164 314 2199 plius
329 2168 380 2195 est,
394 2165 475 2192 etiam
489 2166 596 2194 cunctis
611 2167 723 2195 orbibus
738 2167 885 2203 primariis,
901 2169 945 2202 qui
963 2176 1016 2196 cte-

1067 1575 1203 1610 τραπῆναι
1215 1575 1316 1607 τάξεως
1332 1574 1378 1601 καὶ
1398 1574 1529 1609 κινήσεως
1539 1592 1546 1605 ,
1563 1573 1586 1599 ει
1605 1571 1642 1608 μὴ
1657 1572 1701 1598 τὸν
1715 1571 1761 1598 τοῦ
1776 1569 1844 1598 εἶναι

1067 1620 1150 1655 αὐτὴν
1164 1621 1210 1647 καὶ
1225 1619 1354 1655 συνοχέα,
1376 1620 1423 1646 καὶ
1442 1618 1527 1646 αἴτιον
1547 1618 1625 1653 ἔσχεν
1643 1618 1683 1649 εἰς
1702 1617 1781 1644 τοῦτο
1803 1626 1845 1644 κι-

1067 1665 1176 1698 νοῦντα,
1204 1665 1249 1692 τὸν
1271 1665 1398 1692 ποιοῦντα
1422 1663 1456 1690 τὰ
1478 1663 1580 1696 πάντα,
1603 1663 1650 1690 καὶ
1677 1663 1844 1698 μετασκευά-

1067 1710 1146 1742 ζοντα
1156 1730 1163 1742 ,
1180 1711 1250 1737 κατὰ
1262 1710 1308 1737 τὸν
1327 1710 1398 1745 ἱερὸν
1411 1709 1499 1743 λόγον.
1516 1709 1578 1740 Πῶς
1592 1706 1639 1736 οὖν
1654 1708 1685 1736 οὐ
1706 1708 1780 1735 σέϐει
1799 1709 1848 1736 τὺν

1067 1756 1233 1791 ἐγνωσμένον
1253 1757 1318 1792 ἡμῖν
1340 1756 1394 1783 κάκ
1404 1755 1514 1787 τούτου,
1534 1754 1582 1782 καὶ
1601 1754 1684 1786 ὅντως
1704 1754 1770 1781 ὄντα
1789 1754 1847 1782 τῶν

1067 1801 1133 1829 ὅλων
1147 1802 1211 1829 Θεὸν
1220 1822 1227 1834 ,
1244 1802 1378 1836 ἀγάμενος
1391 1801 1470 1827 αὑτὸν
1483 1800 1532 1835 τῆς
1545 1799 1686 1827 παναιτίου
1700 1799 1747 1826 καὶ
1764 1800 1843 1836 ὑπερ-

1067 1849 1185 1884 αρῤήτου
1204 1848 1362 1882 δυνάμεως;
1377 1847 1442 1874 ὅταν
1456 1847 1531 1882 ἥλιος
1541 1845 1564 1862 ³⁸
1580 1845 1625 1872 ὑπ’
1641 1844 1723 1872 αὑτοῦ
1739 1845 1786 1872 καὶ
1798 1853 1841 1872 σε-

1066 1894 1150 1930 λήνη,
1175 1893 1246 1920 κατά
1272 1893 1384 1928 δύναμιν
1412 1893 1459 1919 καὶ
1490 1891 1583 1919 στάσιν
1608 1891 1840 1926 ὑπερφυεστάτην,

1067 1940 1125 1975 ἅμα
1138 1940 1177 1975 τῷ
1187 1939 1266 1966 παντὶ
1280 1939 1347 1975 πρὸς
1355 1939 1385 1965 τὺ
1396 1939 1482 1973 πάντη
1495 1938 1619 1974 ἀκίνητον
1629 1936 1781 1972 δρίζωνται,
1795 1937 1844 1963 καὶ

1066 1987 1105 2017 εἰς
1123 1985 1219 2021 μέτρον
1244 1985 1349 2020 ἡμέρας
1368 1984 1432 2019 ὅλης
1447 1984 1493 2011 ἐπὶ
1513 1983 1567 2010 τῶν
1592 1983 1679 2010 αὐτῶν
1703 1983 1793 2008 ἑστᾶσι
1807 1982 1842 2008 τὰ

1067 2031 1154 2057 πάντα
1171 2030 1303 2066 σημείων·
1321 2029 1338 2065 ἢ
1354 2030 1384 2056 τὸ
1403 2029 1495 2056 τούτου
1509 2037 1541 2063 γε
1563 2029 1669 2061 πλεῖον,
1686 2027 1774 2062 amp,
1789 2026 1840 2053 τῶν

1066 2076 1133 2103 δλων
1144 2076 1190 2104 καὶ
1203 2076 1257 2103 τῶν
1272 2076 1430 2112 κρειττόνων
1440 2076 1486 2102 καὶ
1494 2074 1669 2111 περιεχόντων
1678 2073 1700 2090 ²⁹
1710 2072 1780 2099 οὕτω
1794 2081 1838 2107 φε-

1068 2123 1199 2158 ρομένων,
1215 2123 1245 2150 οὐ
1258 2123 1456 2158 συμπεριήγετο
1467 2120 1501 2148 τά
1511 2120 1704 2156 περιεχόμενα·
1720 2119 1766 2145 καὶ
1781 2119 1839 2146 ὅταν

1067 2168 1132 2204 ἀλλη
1149 2177 1190 2200 τις
1205 2168 1295 2204 ἡμέρα
1309 2167 1380 2195 κατά
1396 2167 1533 2202 συνέχειαν
1547 2166 1638 2201 σχεδὸν
1649 2163 1838 2201 τριπλασιάζη-

243 2213 317 2236 aeros
336 2209 477 2243 complexu
497 2217 546 2238 suo
562 2211 714 2243 continent,
732 2217 807 2238 more
829 2217 879 2238 suo
895 2211 1015 2246 gyranti-

1067 2221 1127 2246 ται,
1152 2213 1198 2240 καὶ
1222 2214 1250 2240 ἐν
1270 2213 1354 2240 εἰκοσι
1375 2215 1435 2245 ταῖς
1453 2212 1553 2243 πάσαις
1577 2211 1678 2247 ὥραις,
1697 2210 1714 2246 ἢ
1737 2210 1768 2236 τὺ
1788 2211 1836 2237 πᾶν

242 2253 304 2286 bus,
318 2261 352 2282 es
366 2261 425 2288 qua:
440 2254 547 2282 illorum
565 2256 705 2290 complexu
721 2256 944 2289 continebantur,
961 2263 1014 2284 non

242 2304 295 2324 una
317 2297 343 2325 in
365 2298 458 2326 orbem
481 2299 638 2327 circumlata
658 2299 727 2333 sint;
743 2301 807 2336 quin
829 2305 856 2328 et
869 2301 938 2328 alius
959 2301 1017 2336 qui-

243 2342 304 2370 dam
318 2343 376 2371 dies
391 2345 592 2374 continuatione
603 2346 659 2374 fere
676 2346 756 2381 triplo
771 2346 875 2382 longior
891 2347 1015 2380 eli'ectus,

243 2392 271 2415 et
288 2388 351 2415 totis
366 2388 462 2424 viginti
486 2389 578 2422 horis,
603 2389 760 2418 universum
786 2390 881 2425 aequali
906 2391 1016 2419 omnino

244 2432 374 2467 temporis
396 2433 493 2467 spatio,
511 2440 587 2462 motu
607 2436 744 2463 contrario
778 2441 941 2472 supraquam
967 2437 1016 2464 ad-

243 2477 372 2506 mirandis
389 2480 650 2515 rctrogyrationibus
670 2486 862 2516 retrogressum
875 2489 907 2509 ac
924 2490 1015 2510 rever-

244 2530 303 2550 sum
315 2522 370 2552 sit:
383 2523 423 2551 vel
439 2522 496 2559 ipse
509 2525 549 2553 sol
565 2525 592 2553 in
608 2533 689 2554 cursu
706 2534 766 2560 suo,
781 2528 1015 2562 quinqueformem

317 2604 326 2622 ῐ
345 2603 355 2630 Ι
369 2604 432 2632 Cor.
450 2612 480 2638 ll,
497 2605 522 2633 Ἰ.

1066 2259 1192 2286 τοσούτου
1208 2259 1302 2294 χρόνου
1320 2258 1404 2294 φορὰς
1418 2257 1539 2289 ἐναντίας
1557 2255 1703 2292 ἀναπυδίζῃ
1716 2256 1762 2282 καὶ
1777 2256 1837 2282 ἐται-

1067 2304 1204 2341 ναστρέφῃ
1217 2305 1277 2336 ταῖς
1291 2303 1377 2336 οὕτως
1398 2303 1466 2337 ἄγαν
1483 2301 1714 2336 ὑπερφυεστάταις
1733 2301 1836 2327 ἀντιπε-

1070 2351 1235 2386 ριαγωγαῑς·
1262 2350 1279 2385 ἢ
1293 2351 1308 2376 ό
1323 2349 1406 2385 ἥλιος,
1425 2350 1453 2375 ὲν
1464 2348 1487 2364 ⁸⁸
1503 2348 1560 2383 ίδίῳ
1575 2347 1666 2383 δρόμῳ
1681 2347 1731 2381 τὴν
1747 2346 1837 2373 πεντά-

1067 2403 1165 2430 τροπον
1182 2395 1263 2423 αὑτοῦ
1283 2395 1387 2430 κίνησιν
1401 2395 1430 2420 ἐν
1445 2393 1529 2429 ὥραις
1546 2393 1611 2419 δέκα
1633 2390 1759 2422 συνελὼν,
1776 2391 1836 2417 ἀνα-

1068 2439 1182 2471 λυτικῶς
1198 2438 1273 2471 αὖθις
1287 2440 1350 2474 ὃλην
1365 2439 1448 2475 αὐτὴν
1463 2439 1492 2465 ἐν
1505 2438 1565 2470 ταῖς
1584 2437 1689 2471 ἑτέραις
1702 2436 1766 2463 δέκα
1779 2444 1833 2463 και-

1068 2486 1116 2520 νήν
1133 2494 1194 2513 τινα
1213 2486 1311 2521 τρίϐων
1327 2485 1385 2512 ὁδὸν
1406 2484 1569 2520 ἀναποδίζῃ·
1591 2482 1670 2509 τοῦτο
1688 2482 1720 2518 δὴ
1745 2481 1774 2508 τὺ
1793 2486 1834 2508 καὶ

1070 2530 1252 2563 Βαϐυλωνίους
1267 2531 1376 2562 εἰκότως
1391 2529 1537 2565 ἐκπλῆξαν,
1549 2529 1596 2556 καὶ
1613 2528 1702 2565 μάχης
1714 2528 1788 2560 ἐκτὸς
1799 2527 1832 2562 τῷ

882 2686 997 2714 νΑΒΙᾹΞ
1018 2687 1214 2716 LECTIONES.

276 2768 298 2785 ³⁸
312 2770 357 2796 καὶ
367 2770 414 2812 τοῦ
424 2771 538 2833 ἀλὲθοῦς
549 2773 629 2799 αὐτοῦ
646 2775 834 2809 προτεθέντος,
853 2777 882 2802 D.
895 2776 923 2804 S.
967 2776 988 2791 "'
1004 2776 1050 2803 τοῦ
1067 2776 1149 2808 ῦντως
1164 2776 1238 2816 δντος
1254 2776 1378 2811 ἀληθοῦς,
1396 2776 1428 2803 D.
1468 2776 1491 2792 ³⁸
1506 2775 1546 2816 ὡς
1559 2775 1658 2810 ἐχρῆν,
1675 2774 1705 2800 Ρ.
1750 2773 1769 2789 ³⁷
1783 2771 1830 2798 τῶν

276 2812 298 2830 ιιι
316 2810 358 2832 est
373 2813 399 2832 Ill
417 2806 448 2833 ί).
483 2824 490 2832 ι
504 2807 534 2833 Ρ.
555 2807 578 2823 ³⁸
593 2809 606 2833 ὁ
622 2808 704 2833 ἥλιος.
723 2809 753 2833 S.
789 2811 811 2828 ³θ
829 2811 907 2833 sinu.
923 2811 972 2833 aud
987 2811 1042 2833 τῶν
1056 2811 1125 2833 ὅλων
1143 2812 1190 2833 καὶ
1205 2819 1258 2833 την
1275 2811 1436 2833 κρειττόνων
1451 2810 1498 2833 καὶ
1513 2819 1566 2833 των
1583 2809 1770 2833 πεοιενόνιων.
1797 2808 1823 2833 υ.

245 2811 298 2830 non
316 2810 358 2832 est
373 2806 399 2832 ir.
417 2806 448 2833 Ι).

244 2839 271 2854 ⁸*
284 2840 314 2865 ἐν
330 2847 382 2867 non
399 2846 439 2868 est
452 2841 477 2869 in
489 2841 518 2870 ε.
532 2841 562 2869 Ρ.

504 2807 578 2846 Ρσλ³⁸
593 2809 606 2835 ὁ
622 2807 704 2842 ἥλιος,
723 2809 753 2836 S.
789 2811 811 2828 ’θ
829 2811 907 2846 εἴπερ
923 2811 972 2838 καὶ
987 2811 1042 2839 τῶν
1056 2811 1125 2838 ὅλων
1140 2807 1190 2838 ἐκαὶ
1205 2811 1258 2837 τᾶν
1275 2807 1436 2846 κρειττόνων
1451 2810 1498 2838 καὶ
1513 2810 1566 2837 τῶν
1575 2807 1770 2844 ’ἱεριεχόντωῃ
1797 2808 1823 2834 υ.
