1914 3061
91 152 164 180 1035

785 151 953 181 EPlSTOLA
971 153 1037 181 Vlll.

1651 161 1719 190 1086

91 211 136 240 δὲ,
155 209 199 236 ﬁt
216 207 278 235 λίαν
298 207 555 242 ἀπαυθαδιαζομὲνῳ
575 209 622 236 καὶ
637 209 809 236 ἀντιτείνοντι
825 211 869 236 ταί

935 211 1140 238 mansuetudine
1159 213 1316 240 excludunt.
1346 214 1397 248 Ipsi
1419 215 1523 244 scilicet
1543 215 1715 252 insolesec-nti

91 254 180 285 θείαις
209 253 317 288 βουλαῖς
336 253 358 269 λ’
379 253 500 289 ὠργίσθη
518 253 595 289 θυμῷ
618 254 729 290 Κύριος.
753 255 836 281 Ὅταν
859 255 887 282 δὲ

89 300 175 326 αὑτὸν
192 299 384 334 ἀνακήρυκτον
404 298 501 325 ποιῶσι
521 301 580 330 ταῖς
605 299 755 335 θεοκρίτοις
778 300 866 332 ἀξίαις
878 321 886 333 ,

89 346 122 371 ἐκ
139 344 193 380 τῆς
211 343 384 379 προύχούσης
398 344 516 378 τάγαθοῦ
538 344 717 380 θεομιμησίας
734 345 887 381 ἀνακηρύτ-

88 398 168 416 τεται
181 398 188 404 ⁸
209 389 258 416 καὶ
273 389 327 425 γὰρ
343 387 376 424 ἦν
393 391 480 425 πρᾶος
502 390 617 426 σφόδρα,
639 391 686 418 καὶ
702 391 771 427 ὑπὲρ
792 391 886 418 τούτου

87 435 202 469 λέγεται
220 434 347 470 θεράπων
370 434 455 467 Θεοῦ,
473 435 520 461 καὶ
541 437 580 467 είς
603 436 743 463 θεοπτείαν
760 437 887 464 ἁπάντων

88 480 244 516 προφητῶν
261 479 416 516 ἀξιώτερος.
439 480 519 507 Ἀλλὰ
535 481 582 508 καὶ
597 481 640 508 ὅτε
656 482 724 518 πρὸς
741 483 820 509 αύτδν
840 484 887 511 καὶ

86 526 135 551 τὸν
170 525 278 562 Ἀαρὼν
307 527 396 561 ίταμοί
420 535 492 558 τινες
520 527 589 562 ὑπὲρ
615 528 818 564 ἀρχιερωσύνης
840 530 888 557 καὶ

86 571 242 606 ἐθναρχίας
258 573 447 606 ἐφιλονείκουν,
465 573 591 608 ὑπερεῖχε
604 574 653 608 μὲν
664 574 772 610 ἀπάσης
786 575 887 608 φιλοτι-

87 617 156 650 μίας
183 618 234 644 καὶ
260 617 419 653 φιλαρχίας,
447 618 492 645 καὶ
518 618 673 654 παρεχώρει
697 619 736 655 τῷ
755 619 886 655 θεοκρίτῳ

84 663 137 697 τὴν
158 662 209 689 τοῦ
229 663 293 690 λαοῦ
310 664 486 698 προστασίαν.
512 665 619 700 Ἐπειδὴ
642 665 671 691 δὲ
691 665 738 692 καὶ
759 666 885 692 ἐπισυνέ-

86 716 194 743 στησαν
213 709 304 745 αὐτῷ.
321 711 368 736 καὶ
388 710 451 745 περὶ
471 709 524 736 τῶν
549 711 689 746 προτέρων
711 711 885 744 ὀνειδίζοντες

84 753 239 787 ἠπείλουν,
257 755 304 781 καὶ
324 755 373 790 ἤδη
397 755 488 790 σχεδὸν
508 756 642 791 ἐπῄεσαν,
660 756 790 783 ὲπεὸοᾶτο
807 758 854 792 μὲν
870 759 884 785 ὁ

86 799 180 832 πρᾶος
205 799 250 826 τὸν
274 800 375 834 ἀγαθὸν
392 802 431 832 είς
456 801 606 836 σωτηρίαν,
624 801 841 838 ἐπαρρησιάζετο
855 802 883 829 δὲ

85 844 148 872 λίαν
171 846 317 877 ἐπιεικῶς,
333 846 374 872 ὅτι
390 846 497 873 πάντων
516 846 558 881 εἴη
579 847 670 873 κακῶν
689 848 745 878 τοῖς
765 847 882 883 ἀρχομέ-

937 255 1100 288 admodum.
1122 261 1149 283 et
1169 257 1269 285 divinis
1295 259 1417 286 consiliis
1445 260 1588 288 reluctanti
1617 262 1715 290 iratum

937 307 1062 328 asserunt
1084 301 1174 329 furore
1188 303 1342 331 Dominum.
1368 305 1417 332 Ubi
1431 313 1494 333 vero
1507 307 1628 335 decretis
1643 309 1680 336 illi
1699 318 1714 335 ιι

937 345 992 372 Deo
1018 345 1196 379 dignitatibus
1217 347 1348 376 illustrem
1371 342 1538 384 praedica‘m,
1561 359 1575 378 a
1593 354 1715 387 pneemi-

937 395 1018 418 nente
1038 390 1146 425 benigni
1169 392 1214 419 Dei
1243 393 1393 421 imitatione
1421 391 1639 431 commendatus;
1657 405 1715 426 erat

936 435 1007 462 enim
1022 435 1163 463 admodum
1180 442 1343 470 mansuetus,
1360 443 1441 473 atque
1460 440 1520 468 ideo
1534 443 1580 470 Dei
1597 443 1714 471 famulus

936 486 1118 516 nuncupatur,
1144 484 1302 518 exterisque
1320 486 1463 520 prophetis
1489 487 1594 522 dignior
1618 490 1656 517 ad'
1674 490 1715 517 vi-

936 528 1053 555 dendum
1083 527 1178 557 Deum.
1213 530 1339 563 Quinimo
1365 539 1426 559 cum
1452 533 1583 562 adversus
1607 544 1666 563 eum
1687 542 1715 564 et

934 572 1068 600 Aaronem
1084 574 1117 601 de
1131 575 1287 609 pontificatu
1303 584 1335 604 ac
1350 578 1438 612 gentis
1453 578 1606 614 principatu
1627 582 1714 616 impu-

935 617 1030 645 dentes
1045 618 1126 654 aliqui
1144 627 1271 655 proterve
1296 623 1470 655 dimicarent,
1486 625 1559 651 omni
1582 633 1646 654 sane
1665 628 1713 654 ho-

933 664 1010 691 noris
1033 672 1065 692 ac
1078 665 1210 700 primatus
1232 667 1379 694 ambitione
1406 669 1516 703 celsior,
1535 671 1559 698 ei
1572 672 1617 706 qui
1632 679 1646 698 a
1661 672 1716 699 Deo

932 708 1089 744 eligeretur,
1111 711 1201 746 populi
1225 713 1416 747 praefecturam
1430 714 1605 746 deferebntﬁ.
1626 717 1714 745 Caete-

933 761 993 781 rum
1009 755 1053 782 ubi
1070 755 1096 782 in
1112 756 1198 790 ipsum
1213 757 1412 791 coniurassent,
1430 760 1601 795 pristinaqne
1617 770 1713 796 expro-

932 800 1036 827 brando
1058 802 1145 830 minas
1171 802 1361 834 intentassent,
1380 803 1491 839 jamque
1511 806 1569 835 fere
1584 808 1715 843 impetum

932 844 1069 880 fecissent,
1087 851 1143 873 tum
1159 848 1266 875 demum
1291 856 1447 879 mansuetus
1471 852 1515 879 ille
1530 852 1628 880 bonum
1652 856 1713 888 qni—

85 897 145 921 νοις
159 891 282 922 ἀναίτιος
294 900 300 905 ·
314 891 371 926 ᾔδει
384 892 447 927 γὰρ,
460 892 500 918 ὅτι
516 891 568 927 χρὴ
582 892 628 918 τὸν
641 892 784 928 ὁμιλοῦντα
797 892 869 928 Θεῷ¹¹

933 891 992 918 dem
1009 891 1092 919 Deum
1110 893 1135 920 in
1151 893 1265 921 salutem
1284 896 1442 927 advocabat,
1456 905 1552 932 magna
1569 906 1633 926 vero
1645 907 1715 926 con-

84 935 205 971 τὰγαθῷ
220 937 287 972 πρὸς
301 937 330 963 τὸ
346 937 385 963 ὅτι
399 937 513 972 μάλιστα
527 938 692 972 ὁμοιότατον,
710 938 747 970 ὡς
761 938 880 973 ἐφικτὸν,

85 980 332 1013 ἀποτετυπῶσθαι,
347 983 393 1008 καὶ
409 982 499 1018 ἑαυτῷ
516 983 663 1010 συνειδέναι
682 983 730 1014 τὰς
749 983 881 1018 ἀγαθοῳι-

84 1025 145 1057 λεῖς
164 1027 310 1062 ὲργατείας
320 1027 354 1055 ⁵ο.
371 1028 402 1054 Τί
418 1029 445 1054 δὲ
465 1029 509 1055 τὸν
524 1029 679 1065 θεοπάτορα
697 1028 780 1056 Δαυτδ
797 1030 881 1056 ἐποίει

85 1070 222 1109 θεοφιλῆ;
246 1074 300 1100 Καὶ
321 1072 375 1110 γὰρ
395 1074 496 1108 ἀγαθὸν
515 1074 579 1101 ὂντα
591 1095 599 1107 ,
619 1075 665 1101 καὶ
687 1075 750 1111 περὶ
767 1075 881 1111 ἐχθροὺς

83 1117 192 1151 ἀγαθόν
204 1127 210 1134 ·
231 1118 344 1155 Εὖρηκα
357 1139 364 1151 ,
385 1120 465 1155 φησὶν
479 1121 493 1147 ό
510 1120 682 1156 ὑπεράγαθος
695 1121 742 1147 καὶ
764 1121 880 1156 φιλάγα-

84 1162 133 1195 θος
145 1165 188 1198 ⁵¹,
218 1165 302 1201 ἄνδρα
327 1165 398 1192 κατὰ
420 1165 468 1201 τὴν
491 1166 604 1201 καρδίαν
632 1174 691 1201 μου.
717 1167 812 1193 Καίτοι
832 1168 879 1194 καὶ

85 1207 191 1245 θεσμὸς
204 1211 304 1245 ἀγαθὸς
315 1211 470 1247 ἐδεδὼρητο,
482 1212 529 1238 καὶ
540 1212 692 1246 ὑποζυγίων
705 1212 800 1248 ὲχθροῦ
813 1221 879 1248 προ-

83 1258 170 1283 νοεῖν.
197 1257 253 1283 Καὶ
284 1257 344 1283 ’1ὼὸ
366 1258 404 1289 ὡς
427 1257 543 1289 ἀκακίας
566 1258 693 1293 ἐχόμενος
717 1258 876 1285 ὲδικαιοῦτο.

84 1302 142 1328 Καὶ
161 1303 259 1338 Ἰωσὴφ
269 1303 333 1335 τοὺς
346 1303 503 1335 ἐπιϐούλους
518 1304 646 1338 ἀδελφοὺς
659 1305 708 1331 οὐκ
718 1304 834 1340 ἠμύνετο
842 1305 875 1337 η,

84 1347 135 1373 καὶ
154 1348 237 1375 ’Ἀϐελ
257 1348 349 1380 ἁπλῶς
369 1350 416 1375 καὶ
439 1349 599 1380 ἀνυπόπτως
625 1350 819 1386 συνεπορεύετο
837 1350 876 1386 τῷ

84 1393 284 1430 ἀδελφοκτόνῳ.
301 1395 356 1421 Καὶ
372 1395 476 1426 πάντας
491 1396 508 1428 ἡ
524 1395 646 1430 θεολογία
656 1396 718 1427 τοὺς
727 1396 844 1430 ἀγαθοὺς
852 1397 875 1412 ⁵³

83 1438 284 1475 ἀνακηρύττει,
312 1440 348 1475 μὴ
381 1441 592 1476 προεννοοῦντας
619 1438 654 1465 τὰ
675 1439 768 1473 κακὰ,
789 1440 826 1476 μὴ
850 1440 874 1456 ⁸⁸

83 1485 318 1519 προσποιοῦντας,
335 1485 401 1512 ἀλλὰ
417 1486 483 1521 μηδὲ
500 1485 568 1521 πρὸς
580 1486 629 1521 τῆς
644 1485 729 1512 ἄλλων
738 1487 761 1502 ⁵⁵
776 1486 875 1518 κακίας

83 1528 118 1555 ὲκ
133 1529 252 1564 τάγαθοῦ
271 1531 513 1567 μεταποιουμένους
522 1552 529 1564 ,
543 1531 697 1558 τούναντίον
710 1531 738 1558 δὲ
752 1531 873 1578 θεοειδῶς
886 1549 907 1578 C

83 1575 134 1601 καὶ
147 1576 211 1607 τοὺς
224 1577 324 1608 κακοὺς
334 1577 516 1612 ἀγαθύνοντας
525 1578 573 1604 καὶ
586 1576 772 1611 ὲφαπλοῦντας
779 1577 812 1608 ⁵⁸,
825 1577 872 1603 καὶ

83 1621 135 1647 επ*
150 1622 247 1654 αὐτοὺς
260 1622 308 1658 τὴν
325 1622 423 1658 πολλὴν
444 1623 533 1650 αὐτῶν
548 1623 718 1658 ἀγαθότητα,
740 1622 787 1648 καὶ¹
805 1623 872 1657 πρὸς

82 1666 115 1693 τὸ
127 1667 218 1703 ὅμοιον
231 1668 358 1700 επιεικῶς
369 1668 594 1703 ὲκκαλουμένους.
611 1667 678 1694 Ἀλλ’
693 1668 739 1694 ἐπὶ
750 1667 780 1693 τὸ
793 1668 872 1694 ἄναν-

83 1719 131 1743 τες
147 1713 352 1748 ἀνανεύσωμεν,
374 1714 423 1740 οὐκ
437 1713 539 1748 ἀνδρῶν
556 1713 635 1748 ἱερῶν
656 1713 818 1746 ἐπιεικείας,
840 1714 871 1740 οὐ

84 1757 284 1794 φιλανθρώπων
303 1759 424 1793 ἀγγέλων
438 1759 607 1794 ἀγαθότητας
621 1758 828 1793 ἐξαγγέλλοντας
837 1759 870 1791 ⁵⁷,

84 1802 231 1829 ἐλεούντων
244 1803 306 1838 ἔθνη
322 1803 367 1829 καὶ
379 1803 582 1839 ὑπερδεομένων
596 1804 684 1830 αὐτῶν
699 1803 812 1838 ἀγαθοῦ,
825 1804 872 1830 καὶ

84 1849 147 1879 ταῖς
153 1848 286 1884 ὀλεθρίαις
294 1849 341 1875 καὶ
353 1849 541 1884 κακεργέτισιν
549 1849 735 1884 ἐπιτιμώντων
743 1848 869 1884 πληθύσι,

85 1894 133 1919 καὶ
147 1893 302 1929 ἀχθομένων
317 1893 365 1928 μὲν
379 1894 425 1921 ὲπὶ
439 1896 548 1928 κακοῖς,
559 1894 777 1930 εὐφραινομένων
792 1894 820 1920 δὲ
836 1895 869 1930 τῇ

87 1939 209 1975 σωτηρίᾳ
219 1939 273 1966 τῶν
287 1940 326 1971 είς
338 1940 371 1966 τὰ
381 1939 469 1974 ἀγαθὰ
484 1940 725 1976 μετακαλουμένων
735 1949 742 1955 ·
756 1940 809 1967 οὐδ’
821 1941 871 1967 ὅσα

85 1984 155 2011 ἄλλα
174 1986 236 2021 περὶ
249 1985 303 2012 τῶν
316 1985 490 2022 ἀγαθοεργῶν
503 1986 625 2020 ἀγγέλων
639 1987 656 2021 ἡ
675 1985 797 2020 θεολογια
818 1994 866 2012 πα-

87 2031 230 2065 ραδίδωσιν
240 2039 246 2046 ο
262 2030 329 2058 ἀλλὰ
341 2032 388 2058 τοῦ
404 2032 488 2064 ὅντως
503 2031 605 2067 ἀγαθοῦ
629 2033 676 2059 καὶ¹
698 2031 870 2067 ὑπεραγάθου

86 2076 202 2111 Χριστοῦ
223 2076 271 2109 τὰς
286 2077 466 2112 ἁγαθοποιοὺς
481 2078 591 2109 ἀκτῖνας
612 2078 641 2104 ἐν
665 2077 764 2113 ἡσυχίᾳ
783 2086 871 2113 παρα-

85 2121 240 2157 δεχόμενοι,
257 2123 325 2159 πρὸς
339 2124 428 2150 αὐτῶν
438 2124 460 2140 ⁵⁸
473 2124 519 2150 ἐπὶ
535 2124 584 2156 τὰς
598 2123 672 2155 θείας
688 2123 871 2159 ἁγαθουργίας

86 2167 168 2195 αὑτοῦ
189 2169 443 2204 φωταγωγηθῶμιν.
460 2167 533 2206 ’Ἃρα
546 2169 601 2205 γὰρ
614 2170 664 2196 οὐκ
680 2169 752 2196 ἐστιν
766 2169 869 2204 ἀφάτου

932 937 1031 964 stantia
1056 938 1240 974 singularique
1264 941 1393 968 modestia
1422 947 1589 970 contestatus
1615 950 1666 975 est,
1683 952 1715 972 se

932 983 1067 1010 insontem
1086 992 1146 1012 esse
1167 985 1351 1014 calamitatum
1376 989 1494 1015 omnium
1519 996 1579 1023 qua:
1597 990 1712 1018 subditis

930 1027 1122 1062 obvenissent;
1146 1030 1245 1065 quippe
1260 1036 1381 1066 noverat,
1404 1033 1428 1060 ci
1448 1033 1494 1067 qui
1510 1033 1580 1060 bono
1594 1034 1649 1061 Deo
1668 1035 1712 1062 la—

930 1073 1073 1101 miliaﬂter
1085 1075 1182 1107 utitur,
1204 1083 1251 1110 pro
1265 1077 1371 1106 viribus
1386 1079 1552 1112 conandum,
1569 1084 1596 1106 ut
1610 1080 1710 1114 cidem,

929 1124 1059 1154 quantum
1084 1127 1173 1156 potest
1195 1123 1265 1154 ﬁeri,
1287 1124 1440 1152 simillimus
1466 1125 1580 1158 evadat,
1604 1126 1711 1162 sibique

929 1164 1059 1192 bonorum
1084 1173 1194 1201 operum
1217 1169 1341 1196 conscius
1353 1169 1462 1197 existat.
1475 1170 1544 1203 Quid
1560 1179 1642 1206 porro
1657 1172 1710 1199 Da-

928 1211 972 1237 vid
989 1211 1063 1238 illum
1085 1212 1129 1239 Dei
1153 1215 1363 1248 progenitorem,
1376 1215 1493 1242 amicum
1508 1216 1562 1243 Deo
1578 1218 1714 1245 reddidit?

928 1255 1029 1291 Nempe
1052 1257 1125 1291 quod
1148 1263 1222 1285 esset
1247 1258 1345 1291 bonus,
1361 1264 1388 1286 et
1410 1260 1437 1286 in
1454 1260 1546 1288 hostes
1562 1261 1708 1297 benignus:

928 1299 1028 1333 Inveni.
1052 1301 1143 1336 inquit
1170 1302 1214 1330 ille
1233 1303 1421 1338 prmbenignus
1434 1304 1610 1340 benignitatis
1633 1317 1708 1336 ama-

928 1349 979 1378 tor,
992 1346 1129 1374 hominem
1143 1348 1290 1375 secundum
1306 1356 1356 1375 cor
1370 1356 1457 1377 meum
1471 1350 1496 1378 δ.
1520 1351 1646 1384 Quinimo
1662 1354 1709 1381 be-

926 1390 1008 1425 nigna
1034 1391 1091 1425 lege
1116 1392 1250 1419 sancitum
1271 1397 1341 1425 erat,
1355 1399 1383 1420 ut
1397 1394 1585 1428 jumentorum
1601 1405 1708 1433 quoque

925 1435 1025 1464 inimici
1042 1443 1106 1463 cura
1128 1442 1268 1472 gereretur
1283 1439 1305 1466 ί.
1321 1438 1372 1467 Job
1392 1440 1486 1473 etiam,
1501 1446 1530 1468 ut
1545 1442 1709 1472 innocentia:

924 1484 1016 1513 tenax,
1030 1482 1197 1516 justiﬁcatus
1210 1487 1252 1510 est
1267 1482 1291 1510 ιι.
1315 1484 1401 1519 Atque
1411 1485 1509 1521 Joseph
1535 1487 1706 1516 insidiatores

923 1525 1024 1554 fratres
1050 1535 1102 1555 non
1128 1534 1169 1556 est
1193 1530 1266 1557 ultus
1282 1529 1307 1564 ι,
1324 1531 1444 1567 Abelque
1464 1533 1633 1567 simpliciter,
1658 1542 1708 1562 nec

923 1573 1068 1609 quidquam
1094 1576 1245 1610 suspicans,
1261 1578 1406 1606 comitatus
1426 1584 1469 1606 est
1491 1578 1705 1608 fratricidam".

922 1618 1022 1646 Omnes
1043 1620 1158 1655 denique
1182 1621 1317 1655 theologia
1341 1623 1426 1651 bonos
1441 1625 1578 1658 praedicat,
1595 1625 1641 1659 qui
1658 1634 1704 1652 ne-

921 1670 974 1697 que
998 1663 1066 1690 mala
1091 1666 1272 1700 praesagiunt.
1304 1674 1389 1701 neque
1420 1668 1562 1703 simulant,
1588 1670 1635 1696 sed
1670 1677 1706 1697 ne

921 1708 1034 1736 aliorum
1066 1710 1175 1743 quidem
1210 1710 1290 1747 598
1314 1712 1415 1739 malitia
1436 1712 1536 1740 bonum
1561 1714 1701 1746 deserunt,

921 1754 970 1781 sed
1000 1762 1016 1781 e
1040 1755 1148 1783 diverso
1177 1756 1347 1784 deiiormiter
1374 1758 1465 1791 pravis
1487 1758 1702 1791 benefacientes,

921 1807 1099 1835 magnamque
1121 1801 1296 1836 benignitatis
1315 1810 1370 1830 sua:
1385 1804 1490 1837 copiam
1510 1804 1536 1831 in
1552 1811 1599 1831 eos
1615 1803 1702 1831 eﬂ‘un-

920 1845 1025 1878 dentes,
1046 1846 1162 1882 benigne
1183 1847 1243 1875 illos
1260 1848 1293 1875 ad
1313 1848 1401 1875 simile
1416 1856 1522 1884 quoque
1543 1855 1701 1884 provocant.

921 1889 1054 1917 Caeterum
1067 1891 1100 1918 ad
1112 1891 1209 1918 altiora
1226 1893 1430 1926 contendamus,
1448 1898 1603 1921 sanctorum
1625 1903 1700 1921 man-

920 1935 1077 1964 suetudines
1107 1937 1227 1964 virorum
1254 1942 1335 1973 atque
1362 1939 1512 1967 amicorum
1544 1940 1699 1968 hominibus

920 1980 1074 2015 angelorutn
1087 1982 1268 2018 benignitates
1277 1983 1582 2020 omittentes,quomodo
1597 1985 1701 2012 scilicet

920 2026 958 2053 illi
989 2027 1112 2062 gentibus
1148 2029 1345 2063 misereantur,
1368 2037 1401 2057 ac
1429 2037 1479 2065 pro
1506 2031 1571 2065 ipsis
1601 2031 1700 2058 divinae

919 2072 1035 2100 bonitati
1054 2081 1150 2108 preces
1173 2074 1289 2102 oﬂ'erant
1304 2080 1330 2108 ιδ,
1345 2076 1564 2110 pcrniciosasque
1594 2084 1625 2103 ac
1639 2083 1699 2110 per-

919 2117 990 2146 ditas
1002 2119 1093 2148 turbas
1114 2120 1298 2154 increpent°;
1318 2129 1350 2149 ac
1366 2121 1444 2149 malis
1462 2122 1569 2156 quidem
1595 2122 1698 2148 nostris

919 2164 1084 2192 eondoleant
1094 2170 1118 2198 Ρ,
1135 2166 1216 2193 saluti
1233 2174 1297 2194 vero
1314 2174 1407 2194 eorum
1422 2167 1468 2201 qui
1493 2167 1526 2194 ad
1546 2167 1616 2194 bona
1633 2175 1696 2193 con-

86 2214 134 2240 καὶ
153 2215 222 2250 ὑπὲρ
238 2215 328 2251 νόησιν
350 2215 533 2251 ὰγαθότητος,
557 2216 598 2242 ὄτι
622 2215 656 2242 τὰ
679 2215 743 2242 ὄντα
759 2216 782 2232 ⁸⁸
801 2213 869 2243 εἶναι

926 2211 993 2238 versi
1014 2216 1078 2239 sunt.
1098 2213 1320 2247 congratulentur
1331 2217 1363 2244 1;
1378 2217 1405 2240 et
1419 2220 1584 2248 quascunque
1599 2213 1651 2240 alia
1664 2213 1699 2240 de

86 2261 172 2292 ποιεῖ,
188 2261 235 2287 καὶ
248 2261 289 2288 ὃτι
309 2261 396 2288 πάντα
412 2262 481 2288 αὐτὰ
495 2261 562 2297 πρὸς
579 2261 609 2288 τὺ
627 2259 695 2288 εἶναι
710 2263 868 2297 παρήγαγε,

86 2306 134 2332 καὶ
149 2306 235 2332 πάντα
248 2306 369 2341 βούλεται
379 2308 421 2333 ἀεὶ
430 2306 553 2341 γενέσθαι
564 2307 741 2342 παραπλήσια
754 2306 828 2341 αὐτῷ
835 2307 868 2340 ⁸ο,

87 2351 134 2377 καὶ
149 2352 292 2378 κοινωνικὰ
303 2352 353 2385 ξτοῡ
370 2353 451 2379 αὑτοῦ
467 2352 536 2380 κατὰ
549 2352 598 2388 τὴν
611 2352 725 2379 ἑκάστου
736 2353 758 2368 ⁸⁸
775 2352 871 2388 ἐπιτη-

87 2395 226 2432 δειότητα;
249 2397 280 2423 Τί
296 2397 324 2423 δὲ
334 2418 341 2429 ,
356 2399 397 2425 ὅτι
413 2399 526 2427 καὶτῶν
544 2398 750 2432 ἀποφοιτώντων
761 2399 782 2415 ⁸¹
801 2399 871 2435 ὲρω-

87 2442 170 2473 τικῶς
185 2442 290 2477 ἔχεται,
304 2443 351 2470 καὶ
366 2443 520 2478 φιλονεικεῖ,
537 2445 583 2470 καὶ
599 2444 684 2470 δεῖται
700 2444 736 2479 μὴ
750 2444 870 2476 ἁπαξιω-

88 2487 166 2522 θῆναι
187 2487 240 2514 τῶν
263 2489 406 2524 ἐρωμένων
425 2490 471 2516 καὶ
492 2489 684 2524 θρυπτομένων
703 2489 806 2516 αὐτῶν·
822 2489 869 2516 καὶ

121 2566 132 2584 5
150 2565 227 2591 Num.
247 2573 300 2592 xvi.
338 2565 352 2585 δ
367 2564 439 2592 Psal.
462 2574 593 2599 Lxsxvm,
611 2566 654 2594 21.

89 2607 124 2632 tv,
141 2601 168 2626 8.
207 2605 220 2618 ιι
237 2600 317 2627 Zach.
337 2610 355 2627 ι.

923 2255 1063 2285 beneﬁcis
1082 2258 1186 2293 angelis
1212 2258 1347 2293 theologia
1369 2259 1449 2285 tradit
1464 2264 1494 2292 l';
1519 2259 1566 2286 sed
1591 2260 1697 2294 penitus

922 2302 1032 2337 benigni
1060 2310 1092 2331 ac
1117 2303 1283 2339 praebenigni
1307 2303 1410 2332 Christi
1442 2304 1579 2332 beneﬁcos
1607 2305 1697 2332 radios

921 2349 1066 2383 tranquillo
1079 2349 1169 2377 animo
1187 2350 1372 2384 suscipientes,
1386 2350 1420 2377 ab
1434 2350 1528 2377 iisdem
1542 2350 1576 2377 ad
1591 2351 1697 2378 divinas

920 2394 978 2428 ejus
999 2395 1194 2423 beneticentias
1215 2391 1367 2423 luculenter
1386 2396 1563 2423 adducamnr.
1599 2397 1694 2424 Annon

921 2442 1063 2469 inell'abilis
1079 2441 1411 2477 incomprehensibilisque
1427 2442 1565 2474 bonitatis,
1578 2443 1648 2476 quod
1663 2448 1693 2467 ea

920 2496 979 2522 quae
999 2491 1073 2521 sunt,
1088 2494 1148 2514 esse
1162 2486 1256 2518 faciat,
1271 2493 1356 2521 eaque
1372 2487 1462 2514 omnia
1477 2487 1509 2514 ad
1524 2493 1583 2514 esse
1599 2487 1694 2520 produ-

698 2567 705 2587 ἱ
726 2566 809 2593 Exod.
829 2575 869 2593 xxt

926 2566 950 2592 4.
991 2566 1005 2586 ιι
1023 2565 1072 2592 Job
1101 2573 1120 2597 ι,
1138 2565 1164 2597 8;
1184 2572 1249 2596 ml,
1266 2564 1293 2590 7.
1333 2562 1345 2583 ι
1387 2562 1552 2597 Gen.l.,20.
1584 2568 1604 2582 ιιι
1622 2562 1690 2589 Gen.

393 2605 406 2618 °
422 2601 505 2635 Apoc.
524 2609 571 2629 vn.
611 2607 624 2626 P
641 2602 708 2629 Dan.
729 2609 754 2628 tt.
791 2606 805 2626 ιι
823 2601 888 2627 Luc.
907 2609 951 2627 xv.
993 2605 1004 2619 τ
1022 2600 1089 2627 Tob.
1111 2607 1158 2626 vm
1175 2605 1203 2626 et
1219 2607 1256 2625 ιι.

734 2657 850 2685 VARle
867 2657 1065 2685 LEC'HONES.

124 2712 146 2727 ’⁵⁸
161 2711 210 2743 τὰς
220 2710 294 2742 θείας
304 2711 417 2749 βουλάςῗ
448 2713 470 2729 ⁸³
482 2713 520 2749 τῷ
529 2714 596 2749 Θεῷ,
610 2714 640 2741 D.
679 2715 701 2730 '°
710 2714 760 2741 alia
778 2714 857 2741 lectio
868 2724 869 2739 ι

926 2719 975 2740 itur
990 2715 1014 2740 in
1029 2713 1059 2739 D.
1077 2712 1216 2749 ἐργασίας.
1239 2712 1276 2749 fl
1290 2712 1303 2738 ὀ
1320 2709 1518 2749 ύπεράγαθοςρ
1534 2708 1688 2749 φιλάγαθος,

88 2746 117 2772 Ρ.
136 2751 271 2780 postrema

90 2781 231 2818 legendum
253 2780 460 2818 itaqnehabvnt
473 2784 565 2815 optimi
584 2785 701 2810 (ιυιιίι-ος.
745 2784 768 2799 ⁵⁸
787 2780 823 2818 πρ

88 2824 143 2854 τες.
163 2818 192 2841 ll.
259 2815 285 2842 l’.
300 2814 309 2816 “
334 2817 357 2833 ⁸⁸
373 2817 440 2853 πρὸς
456 2814 549 2850 αὐξόν,
567 2819 594 2846 Ι).
633 2819 656 2834 ³⁵
673 2818 705 2845 τὰ
724 2819 759 2854 μὴ
777 2814 851 2850 ὄντα,

926 2817 952 2845 5.
966 2819 1015 2846 (lli.
1054 2818 1076 2833 ⁶⁰
1093 2815 1192 2850 ἐαυτῷ,

89 2850 186 2882 τατων,
207 2851 237 2877 ll.

314 2754 347 2773 uo
364 2748 442 2774 verba
462 2756 512 2774 non
531 2748 611 2789 habet
677 2749 726 2776 Ch.
764 2750 787 2765 ⁸¹
804 2749 869 2809 ἠμύι

314 2789 345 2808 ne
364 2783 460 2809 habent
473 2784 565 2815 optimi
584 2785 701 2810 vuln-cs.
745 2784 768 2799 ⁵⁸
787 2792 823 2818 πρ
853 2792 868 2809 τ

334 2817 357 2833 ⁸⁸
373 2817 440 2842 ποὺς
456 2818 488 2842 ait
496 2817 546 2842 τόν.
567 2819 594 2842 Ι).
633 2819 656 2834 ³⁵
673 2818 705 2842 τὰ
724 2819 758 2842 ua?-
777 2818 851 2842 am.

928 2769 935 2779 ,
955 2749 984 2775 P.
1002 2749 1032 2774 1).
1086 2748 1108 2762 ⁵³
1126 2748 1301 2780 ἀγαθοειδεῖς,
1321 2748 1350 2772 D.
1369 2748 1399 2773 Ρ.

926 2783 1016 2811 mm,
1028 2783 1056 2808 S.
1073 2781 1104 2808 l’.
1149 2782 1171 2797 “
1188 2781 1205 2807 ἀ
1227 2781 1386 2810 απλοῦντας.
1400 2780 1429 2806 S.

926 2817 952 2842 S.
966 2819 1015 2842 (1h.
1054 2818 1076 2833 ⁶⁰
1093 2815 1192 2842 samo.
1207 2789 1243 2842 ῗ).
1262 2817 1291 2842 S.
1330 2816 1350 2831 ⁶¹
1369 2814 1429 2841 ἑκάς

1086 2744 1301 2780 σῖάγαθοειδεῖς,
1321 2747 1350 2772 D.
1369 2744 1399 2773 Ρ.
1453 2744 1688 2780 ’ἣζιτρρποιοῦντας

1476 2779 1497 2794 ⁵⁷
1514 2778 1623 2812 ἐξαγγέ)
1628 2778 1672 2806 λον
1679 2795 1688 2801 -

1262 2817 1291 2844 S.
1330 2816 1350 2831 "
1369 2814 1501 2841 ἑκάστων.
1539 2814 1560 2828 ⁶¹
1577 2814 1688 2848 ἀποφοι-
