1914 3061
193 170 204 198 Ι
210 170 262 198 087

753 169 783 198 S.
803 168 952 197 DIONYSII
968 168 1210 197 ABEOPAGITE.

1745 169 1825 198 £098

193 231 263 258 xerit
277 235 301 262 ι,
318 233 468 263 cunctaque
487 227 552 256 velit
572 228 624 255 sibi
647 235 757 263 semper
780 235 841 255 esse
864 227 973 260 similia,

1027 227 1086 262 εἰκῆ
1102 225 1342 260 κατεγκαλούντων
1357 226 1481 262 ἀνέχεται
1490 245 1497 258 ,
1513 226 1560 254 καὶ
1573 226 1654 258 αὐτὸς
1669 226 1826 261 ἀπολογεῖ-

192 281 219 302 «ιι
234 282 283 309 pro
302 274 433 308 cujusque
456 277 536 308 captu
561 271 784 299 communicare?
814 271 884 305 Quid
901 270 973 305 quod

192 329 207 349 a
222 327 252 349 se
264 319 435 347 deﬁcientes-
446 325 539 345 amore
555 321 747 353 prosequatur,
772 316 974 350 contendatque

190 373 223 393 ac
241 368 330 399 roget,
347 371 381 391 ne
397 363 576 397 dedignentur
600 369 708 389 amores
723 362 750 395 ις
775 361 841 396 quin
865 365 894 388 et
907 360 975 388 deli-

191 411 283 438 ciosos
296 410 369 445 ipsos
387 415 419 436 ac
434 413 536 436 temere
551 411 730 443 provocantes
749 406 876 438 sustinet,
893 411 975 441 atque

192 457 307 489 ipsemet
331 458 455 487 excusat,
473 460 560 488 eoque
576 453 662 488 magis
680 460 710 480 se
728 452 825 487 recipit
845 451 907 479 illos
927 459 976 479 cu-

191 506 326 533 raturum,
352 500 472 535 ipsisque
497 498 553 533 jam
573 498 661 526 adhuc
688 497 864 530 distantibus,
894 497 975 525 simul

192 551 283 574 tamen
299 545 508 573 adventantibus
530 544 651 571 occurrit
674 548 702 571 et
718 543 831 577 obviat,
846 547 975 578 totusque

193 596 265 620 totos
281 591 448 626 amplectens
469 590 621 624 osculatur,
640 597 726 625 neque
741 590 774 618 de
790 590 912 625 pristinis
927 597 975 618 eos

193 638 292 674 arguit,
308 638 355 666 sed
370 637 457 672 diligit
471 637 625 672 pmsentia,
647 636 800 671 festumque
813 636 884 664 diem
906 637 973 671 agit,

191 692 224 712 ac
238 687 369 711 convocat
382 684 497 714 amicos.
508 682 635 710 videlicet
649 683 747 714 bonos,
764 687 793 709 ut
806 682 841 709 sit
852 682 973 710 omnium

192 729 340 757 laetantium
357 729 490 757 habitatio
502 734 526 756 ιι.
543 728 628 756 Porro
639 728 822 763 Demophilus,
835 733 863 755 et
874 728 897 755 si
912 729 974 763 quis

192 775 263 803 alius
289 775 368 802 bonis
401 774 570 807 adversatur,
596 772 658 808 jure
683 773 779 800 merito
808 773 973 808 corripitur,

191 823 316 857 bonaque
338 821 452 849 docetur
476 827 506 849 ut
525 821 697 848 emendetur.
727 821 868 854 Quomodo
887 821 972 855 enim,

193 868 290 902 inquit,
303 875 356 895 non
370 867 512 903 oportebat
525 874 587 895 eum
599 868 646 902 qui
660 867 747 896 bonus
761 871 815 900 est,
830 867 864 895 de
877 875 972 895 eurum

192 913 238 948 qui
260 913 398 947 perierant
418 912 516 946 salute,
533 920 583 940 nec
605 921 658 940 non
680 920 774 940 eorum
792 913 839 948 qui
853 912 973 942 defuncti

192 961 272 985 erant
293 958 348 984 vita
374 957 487 985 Izetaril
519 957 658 993 Siquidem
683 958 766 986 etiam
797 959 824 986 in
848 959 975 987 humeros

192 1004 264 1031 tollit
281 1003 391 1031 vixdum
408 1004 441 1031 ab
459 1011 555 1032 errore
579 1012 752 1038 conversum,
774 1009 802 1031 et
818 1005 905 1033 bonos
926 1013 975 1032 an—

191 1048 267 1084 gelos
286 1048 319 1075 ad
342 1048 462 1076 laetitiam
486 1049 599 1080 excitat,
626 1049 693 1084 quin
718 1054 747 1076 et
768 1049 976 1085 ingratisbenl-

191 1101 261 1128 gnus
276 1094 380 1127 existit,
394 1098 417 1121 et
432 1094 497 1120 oriri
518 1093 582 1128 facit
608 1095 690 1122 solem
711 1103 788 1122 suum
802 1103 880 1130 super
894 1095 975 1123 bonos

191 1144 216 1166 et
232 1139 316 1166 maloa
326 1143 352 1172 ν,
369 1143 449 1174 atque
465 1138 552 1174 ipsam
566 1146 643 1166 suam
657 1139 775 1167 animam
790 1147 841 1175 pro
855 1140 976 1177 profugis

192 1184 269 1218 ponit
279 1188 305 1213 κ.
318 1183 358 1211 Tu
372 1191 447 1216 vero,
463 1190 493 1211 ut
507 1188 558 1212 tua
570 1185 668 1212 littera:
682 1184 833 1219 declarant,
848 1186 975 1214 acciden-

194 1235 249 1259 tem
273 1230 420 1264 sacerdoti,
440 1230 515 1257 illum
531 1237 612 1265 quem
636 1230 747 1266 impium
764 1238 796 1259 ac
807 1236 976 1266 peccatorem

193 1275 279 1309 dicis,
300 1276 394 1303 nescio
415 1276 551 1310 quomodo
574 1283 622 1310 per
639 1280 665 1304 te
685 1283 805 1311 praesens
826 1277 974 1311 repuleris;

195 1326 250 1351 tum
261 1320 305 1348 ille
315 1320 424 1355 quidem
432 1321 628 1355 deprecabatur
640 1326 668 1348 et
678 1321 813 1349 fatebatur
827 1329 857 1349 se
871 1322 905 1350 ad
919 1329 976 1349 ma-

194 1367 282 1394 lorum
296 1366 457 1394 medicinam
470 1367 621 1401 advenisse;
632 1371 660 1395 tu
672 1371 772 1401 autem,
783 1367 850 1396 nihil
864 1368 976 1402 veritus,

193 1413 294 1440 bonum
310 1413 420 1447 insuper
434 1413 602 1444 sacerdotem
619 1422 681 1442 cum
695 1415 812 1450 quadam
834 1415 977 1443 insolentia

194 1458 362 1487 conviciatus
384 1466 433 1492 es,
446 1459 519 1494 quod
544 1460 691 1488 miseratus
713 1465 787 1488 esset
808 1461 977 1495 poenitentia,

193 1508 275 1539 atque
302 1504 414 1539 impium
432 1504 626 1539 justilicasset;
654 1513 686 1534 ac
716 1506 845 1539 tandem.
871 1507 974 1541 IEli,l

1024 281 1070 299 ται
1083 281 1091 305 ς
1113 273 1161 299 καὶ
1183 272 1282 308 μᾶλλον
1302 272 1496 306 ἐπαγγέλλεται
1510 271 1698 308 θεραπεύσειν,
1713 273 1762 299 καὶ
1776 273 1823 301 ἔτι

1025 318 1117 349 αὐτοῖς
1130 317 1286 353 ἀπέχουσιν,
1302 318 1378 352 ὅμως
1392 317 1534 352 προσιοῦσι
1542 317 1564 333 ⁸³
1584 317 1748 353 προστρέχει
1769 318 1822 345 καὶ

1025 364 1147 399 ὑπαντᾷ,
1163 364 1210 390 καὶ
1224 364 1285 396 ὅλος
1298 364 1377 395 ὅλους
1390 364 1508 400 περιφὺς
1522 363 1688 395 ἀσπάζεται,
1703 363 1752 390 καὶ
1765 363 1821 390 οὐκ

1024 409 1135 444 ἐγκαλεὶ
1153 409 1217 445 περὶ
1235 409 1289 436 τῶν
1311 409 1467 444 προτέρων,
1484 408 1552 436 ἀλλὰ
1571 409 1666 444 ἀγαπᾷ
1684 408 1718 435 τὰ
1739 417 1820 444 παρ-

1024 455 1089 482 όντα
1099 475 1107 488 ,
1131 455 1178 482 καὶ
1193 454 1290 491 ἑορτὴν
1307 454 1381 489 ἄγει,
1394 454 1440 482 καὶ
1449 454 1577 489 συγκαλεῖ
1587 454 1610 471 ⁸⁸
1624 454 1688 486 τοὺς
1700 453 1817 488 φίλους,

1024 500 1206 537 δηλαδὴτοὺς
1219 499 1355 534 ἀγαθοὺς,
1373 500 1416 527 ἵνα
1466 500 1574 527 πάντων
1591 499 1820 536 εὐφραινομένων

1024 547 1041 582 ἡ
1062 545 1198 573 κατοικία.
1218 545 1370 581 Δημόφιλος
1384 545 1413 572 δὲ
1425 565 1432 577 ,
1449 545 1496 572 καὶ
1510 545 1536 572 εί
1552 553 1593 577 τις
1608 545 1687 577 ἄλλος
1700 545 1818 579 ἀγαθοῖς

1024 590 1204 627 ἀπεχθάνεται
1214 610 1222 623 ,
1237 592 1284 618 καὶ
1298 591 1358 618 λίαν
1371 590 1482 622 ἐνδίκως
1495 591 1663 626 ἐπιτιμᾶται,
1681 590 1728 617 καὶ
1741 590 1819 617 ἐκδι-

1024 637 1151 664 δάσκεται
1173 636 1210 664 τά
1229 636 1316 669 καλὰ,
1339 637 1386 663 καὶ
1409 636 1585 671 ἀγαθύνεται.
1602 635 1664 668 Πῶς
1683 635 1738 671 γάρ
1763 636 1817 662 οὐκ

1024 682 1092 715 ἔδει,
1114 682 1197 719 φησὶ,
1217 682 1264 709 τὸν
1288 682 1390 716 ἀγαθὸν
1405 682 1452 708 ἐπὶ
1466 681 1587 717 σωτηρίᾳ
1601 681 1654 708 τῶν
1676 680 1817 707 ἀπολωλό-

1023 736 1078 755 των
1100 727 1309 764 εὐφραίνεσθαι,
1331 728 1378 755 καὶ
1405 726 1463 763 ζωῇ
1483 727 1538 754 τῶν
1564 727 1815 762 τεθανατωμένων;

1030 773 1137 809 Ἀμέλει
1155 774 1201 801 καὶ
1217 774 1265 800 ἐπ’
1280 773 1363 809 ὤμων
1377 774 1481 809 algu“
1494 772 1525 800 τὸ
1539 772 1614 808 μόλις
1635 772 1689 799 ἀπὸ
1708 772 1816 808 πλάνης

1024 820 1188 856 ἐπιστραφὲν
1197 820 1230 853 ⁸⁸,
1244 819 1292 846 καὶ
1304 819 1367 851 τοὺς
1380 818 1500 853 ἀγαθοὺς
1518 818 1649 854 ἀγγέλους
1662 818 1701 849 εἰς
1715 817 1815 852 εὐφρο-

1027 867 1110 902 σύνην
1128 866 1228 902 ἐγείρει
1238 886 1246 898 ,
1257 866 1305 893 καὶ
1320 865 1436 901 χρηστός
1454 865 1527 891 ἐστιν
1536 864 1557 880 ⁸⁷
1572 864 1618 890 ἐπὶ
1637 863 1699 895 τοὺς
1713 863 1815 898 ἀχαρί-

1026 921 1114 944 στους,
1124 912 1172 939 καὶ
1179 911 1336 939 ἀνατέλλει
1343 910 1396 937 τὸν
1403 909 1493 945 ἥλιον
1505 909 1597 937 αὐτοῦ
1605 908 1656 936 ἐπὶ
1663 908 1814 942 πονηροὺς

1024 959 1073 986 καὶ
1081 957 1362 993 ἀγαθοὺς-,καὶαὺτὴν
1377 957 1425 992 τὴν
1436 956 1524 992 ψυχὴν
1534 955 1616 983 αὑτοῦ
1628 955 1732 990 τίθησιν
1743 954 1816 989 ὑπὲρ

1024 1005 1077 1032 τῶν
1099 1003 1306 1039 ἀποφευγόντων
1315 1003 1347 1029 ⁸⁸.
1368 1003 1404 1030 Σὺ
1418 1002 1463 1034 δὲ,
1483 1001 1521 1033 ὼς
1540 1001 1574 1028 τὰ
1594 1001 1745 1037 γράμματά
1766 1008 1814 1026 σου

1024 1049 1113 1086 δηλοῖ,
1129 1049 1177 1076 καὶ
1191 1047 1377 1084 προσπεσόντα
1392 1047 1430 1083 τῷ
1446 1048 1528 1083 ἱερεῖ,
1543 1046 1589 1074 τὸν
1604 1046 1642 1078 ὠς
1659 1046 1712 1082 φῂς
1726 1045 1815 1081 ἀσεϐῆ

1025 1096 1072 1122 καὶ
1093 1094 1264 1131 ἁμαρτωλὸν,
1282 1095 1332 1121 οὐκ
1351 1092 1403 1121 οἷδ’
1423 1094 1497 1124 ὅπως
1516 1092 1580 1119 καθ’
1599 1092 1695 1119 ἑαυτοῦ
1717 1091 1815 1128 παρὼν

1025 1141 1223 1172 ἀπελάκτισας·
1248 1137 1324 1172 εῐτα,
1344 1140 1358 1167 ό
1388 1139 1436 1174 μὲν
1466 1137 1550 1164 ἐδεῖτο
1566 1138 1587 1154 ⁸³
1609 1137 1657 1164 καὶ
1676 1137 1812 1172 ὡμολόγει

1025 1187 1094 1223 πρὸς
1109 1186 1230 1222 ἰατρείαν
1244 1184 1336 1212 κακῶν
1351 1183 1518 1220 ἐληλυθέναι,
1537 1183 1568 1209 σὺ
1583 1183 1611 1210 δὲ
1625 1183 1675 1209 οὐκ
1689 1182 1814 1218 ἓφριξας,

1026 1232 1094 1260 ἀλλὰ
1107 1232 1155 1259 καὶ
1170 1232 1215 1258 τὸν
1229 1231 1332 1266 ἀγαθὸν
1346 1230 1420 1267 ἱερέα
1441 1229 1509 1266 μετὰ
1530 1228 1646 1266 θράσους
1655 1229 1678 1244 ⁷⁰
1695 1237 1816 1265 προεπη-

1025 1278 1152 1311 λάκιζες,
1171 1277 1280 1314 ἐλεητὸν
1302 1275 1371 1305 εἶναι
1387 1275 1585 1313 μετανοοῦντα,
1606 1276 1654 1302 καὶ
1665 1274 1711 1302 τὸν
1727 1275 1816 1311 ἀσεσῆ

1025 1323 1221 1352 δικαιώσαντα·
1243 1324 1290 1351 καὶ
1305 1323 1397 1356 τέλος,
1415 1332 1425 1349 ι
1445 1321 1543 1355 Ἐξιθι,
1563 1331 1573 1347 ι
1595 1321 1663 1356 ἔφης
1677 1321 1715 1356 τῷ
1731 1321 1813 1357 ἱερεῖ,

1028 1371 1096 1407 με.τά
1117 1371 1171 1398 τῶν
1191 1370 1291 1405 ὁμοίων
1310 1369 1357 1396 καὶ
1377 1368 1572 1404 εἱσεπήδησας,
1586 1367 1636 1394 οὐκ
1649 1366 1725 1398 ὄντος
1737 1365 1814 1402 θεμι-

1026 1416 1092 1450 τυῦ,
1111 1416 1178 1452 πρὸς
1193 1416 1228 1443 τά
1243 1415 1338 1448 ἄδυτα,
1353 1414 1449 1442 καὶτὰ
1463 1413 1546 1448 ’Δγια
1562 1412 1616 1439 τῶν
1631 1411 1718 1447 ἁγίων
1733 1412 1814 1438 συνὲ-

1028 1461 1134 1493 στειλας
1144 1480 1151 1493 ,
1168 1460 1214 1487 καὶ
1229 1459 1345 1496 γράφεις
1364 1459 1440 1494 ἡμῖν,
1454 1458 1496 1484 ὅτι
1518 1457 1647 1493 μέλλοντα
1663 1456 1816 1492 διαφθαρῆ-

1027 1515 1071 1534 ναι
1085 1506 1120 1533 τὰ
1136 1505 1196 1543 ἱερὰ
1217 1503 1403 1541 προνοητικῶς
1418 1503 1546 1530 ἀπέσωσα
1556 1523 1563 1535 ,
1580 1503 1627 1529 καὶ
1640 1501 1679 1528 ἐτι
1693 1501 1814 1543 άχραντα

194 1549 322 1584 inquiens
333 1550 486 1584 sacerdoti,
505 1549 587 1586 599
602 1558 663 1578 cum
680 1552 717 1579 tui
731 1551 865 1581 similibus
881 1557 975 1580 contra

1027 1541 1207 1588 διαφυλάττω.
1229 1550 1287 1578 Νῦν
1307 1548 1353 1576 οὖν
1369 1549 1451 1576 ἀκουε
1471 1548 1525 1575 τῶν
1539 1548 1679 1583 ἡμετέρων
1691 1555 1698 1562 ·
1716 1541 1753 1574 Οὐ
1768 1546 1815 1573 θε-

194 1593 237 1622 fas
258 1595 285 1622 in
301 1595 382 1630 adyta
400 1596 532 1630 irrupisti,
551 1603 583 1624 ac
596 1596 695 1624 Sancta
712 1603 866 1626 sanctorum
881 1604 977 1627 conta-

194 1640 316 1675 minasti,
338 1646 366 1669 et
385 1642 484 1669 scribis
506 1642 586 1670 nobis
609 1647 636 1670 te
651 1648 759 1676 sancta,
779 1651 840 1672 cum
853 1645 977 1673 violanda

194 1692 295 1718 essent,
309 1693 415 1714 summa
425 1694 491 1714 cura
503 1687 728 1723 providentiaque
748 1696 881 1722 servasse,
891 1696 978 1724 eaque

194 1731 328 1760 hactenus
351 1732 456 1760 illibata
481 1732 634 1763 custodire.
664 1733 742 1762 Nunc
765 1741 832 1770 ergo
851 1734 914 1762 audi
931 1742 979 1762 uo-

194 1780 280 1803 stram
301 1777 464 1804 sententiam
481 1785 489 1804 :
504 1777 585 1805 Nefas
601 1782 644 1805 est
660 1778 831 1806 sacerdotem
857 1786 873 1806 a
890 1782 917 1806 te
935 1778 978 1806 di-

195 1821 336 1855 gnioribus
355 1822 502 1855 ministris,
523 1822 596 1850 tuive
619 1822 725 1850 ordinis
748 1823 890 1851 monachis
918 1831 980 1851 coro

196 1867 268 1902 ripi,
296 1867 470 1902 quantumvis
504 1867 531 1894 in
557 1867 650 1895 divina
678 1867 776 1903 impius
800 1869 932 1902 videatur,
953 1873 981 1897 et

197 1913 306 1941 etiamsi
329 1913 394 1948 quid
423 1913 496 1940 aliud
526 1914 640 1940 vetitum
671 1914 760 1950 egisse
789 1914 979 1943 convincatur:

197 1957 265 1986 Num
286 1959 309 1986 si
326 1958 510 1987 distinctionis
532 1959 690 1995 ordinisque
710 1960 847 1992 confusio.
864 1961 979 1988 divinis-

198 2006 328 2034 simarum
357 2006 583 2034 constitutionum
617 2007 761 2043 legumque
797 2008 979 2043 transgressio

197 2057 257 2084 est;
277 2051 350 2079 nulla
365 2057 441 2080 certe
465 2053 535 2080 ratio
553 2057 595 2081 est
616 2058 728 2088 propter
741 2053 824 2082 Deum
851 2055 979 2082 traditum

197 2098 328 2126 divinitus
343 2099 466 2127 ordinem
485 2100 692 2128 intervertendi.
714 2099 808 2136 Neque
821 2101 895 2128 enim
909 2101 935 2129 in
950 2107 980 2129 se

199 2144 271 2172 Deus
283 2144 386 2173 divisus
402 2151 456 2179 est,
474 2145 592 2181 alioquin
610 2147 744 2181 quomodo
765 2147 849 2176 stabit
866 2155 980 2183 regnum

198 2189 258 2224 ejus
272 2195 287 2215 1
301 2190 312 2216 ?
324 2190 357 2218 Et
370 2191 393 2218 si
407 2191 455 2220 Dei
473 2196 515 2219 est
533 2191 680 2226 judicium,
697 2197 727 2220 ut
741 2193 855 2228 Eloquia
879 2198 981 2221 testan-

1029 1598 1105 1634 μιτὺν
1121 1597 1196 1633 ἱερέα
1217 1596 1285 1633 πρὸς
1304 1595 1358 1622 τῶν
1382 1595 1452 1630 ὑπὲρ
1475 1594 1504 1620 σὲ
1524 1593 1702 1630 λειτουργῶν,
1724 1592 1740 1628 ἢ
1760 1592 1815 1618 τῶν

1026 1643 1168 1680 ὁμοταγῶν
1180 1651 1221 1669 σοι
1233 1642 1254 1657 ⁷¹
1273 1640 1446 1677 θεραπευτῶν
1461 1638 1628 1669 εὐθύνεσθαι,
1641 1637 1693 1664 κᾶν
1705 1637 1814 1664 ἀπδείν

1027 1690 1067 1721 εἱς
1089 1688 1124 1716 τά
1145 1687 1205 1714 θεῖα
1231 1686 1313 1722 δοκῇ,
1339 1685 1389 1714 κᾶν
1412 1685 1476 1713 ἄλλο
1502 1693 1529 1712 τι
1550 1684 1604 1711 τῶν
1621 1683 1815 1719 ἀπειρημένων

1028 1734 1195 1770 ἐξελέγχοιτο
1213 1732 1324 1768 δράσας.
1340 1731 1371 1758 El
1385 1731 1439 1767 γὰρ
1450 1730 1571 1766 ἀκοσμία
1582 1730 1629 1756 καὶ
1643 1729 1742 1761 ἀταξία
1759 1728 1817 1754 τῶν

1028 1780 1172 1808 θειοτάτων
1193 1779 1250 1806 ἐστὶ
1268 1778 1316 1805 καὶ
1331 1778 1401 1814 δρων
1418 1777 1466 1804 καὶ
1487 1776 1596 1812 θεσμῶν
1611 1775 1738 1808 ἔκϐασις,
1762 1775 1815 1801 οὐκ

1028 1826 1084 1862 ἔχει
1099 1825 1176 1860 λόγον
1190 1825 1260 1860 ὑπὲρ
1273 1823 1340 1851 Θεοῦ
1352 1824 1375 1840 τ’
1388 1823 1437 1860 τὴν
1452 1822 1650 1858 θεοπαράδοτον
1664 1820 1815 1856 ἀνατρέπε-

1029 1872 1091 1899 σθαι
1113 1870 1199 1904 τάξιν.
1223 1871 1260 1898 υὺ
1284 1870 1338 1906 γὰρ
1360 1869 1410 1904 ἐφ’
1428 1869 1524 1896 ἐαυτὸν
1539 1869 1553 1895 ό
1569 1867 1634 1899 Θεὸς
1659 1865 1812 1902 ἐμερίσθη·

1028 1918 1088 1949 πῶς
1103 1917 1158 1953 γὰρ
1173 1916 1335 1952 σταθήσεται
1354 1916 1371 1951 ἡ
1389 1914 1512 1950 βασιλεία
1534 1913 1633 1946 αὑτοῦ;
1654 1913 1708 1940 Καὶ
1724 1912 1749 1938 εί
1767 1911 1815 1938 τοῦ

1028 1963 1095 1990 Θεοῦ
1108 1964 1192 1994 ἐστιν,
1209 1962 1246 1994 ὼς
1259 1962 1293 1988 τὰ
1307 1961 1384 1996 λόγιά
1399 1969 1491 1996 φησιν,
1502 1961 1519 1996 ἡ
1533 1959 1622 1996 κρίσις
1631 1979 1639 1992 ,
1652 1959 1677 1985 οἱ
1690 1957 1719 1985 δὲ
1732 1958 1816 1993 ἱερεῖς

1028 2009 1137 2044 ἄγγελοι
1159 2009 1205 2036 καὶ
1222 2007 1359 2043 ὑποφῆται
1379 2006 1447 2043 μετά
1468 2005 1530 2037 τοὺς
1551 2004 1678 2041 ίεράρχας
1694 2004 1747 2030 είσὶ
1761 2003 1817 2029 τῶν

1029 2055 1110 2082 θείων
1132 2054 1287 2091 χριμάτων,
1305 2053 1374 2090 πρὸς
1389 2052 1477 2079 αὐτῶν
1490 2050 1525 2077 τὰ
1544 2050 1603 2077 θεῖα
1622 2049 1816 2086 προσηκόντως

1030 2110 1070 2128 σοι
1089 2101 1134 2128 διὰ
1155 2100 1244 2136 μέσων
1256 2100 1278 2116 ⁷⁸
1293 2099 1347 2126 τῶν
1370 2097 1552 2133 λειτουργῶν,
1575 2097 1637 2124 ὅταν
1700 2095 1816 2130 καιρὸς,

1030 2146 1186 2175 ἐκδιδάσκου
1195 2165 1203 2178 ,
1216 2145 1249 2172 δι’
1263 2141 1301 2172 ῶν
1317 2145 1363 2172 καὶ
1378 2145 1409 2171 τὺ
1424 2141 1492 2170 εῖναι
1506 2142 1673 2179 θεραπευτής
1686 2140 1814 2176 ὴξιώθης.

1032 2193 1069 2220 Ἦ
1083 2192 1144 2228 οὐχὶ
1159 2193 1206 2219 καὶ
1226 2192 1261 2219 τὰ
1287 2191 1347 2228 ἱερά
1373 2190 1494 2226 σύμϐολα
1511 2189 1589 2216 τοῦτο
1609 2188 1674 2224 βοᾷς
1698 2187 1746 2214 καὶ
1762 2187 1818 2222 γὰρ

199 2239 244 2263 tur
259 2240 282 2267 ι,
300 2238 456 2265 sacerdotes
467 2242 558 2266 autem
579 2239 669 2274 angeli
694 2243 757 2267 sunt
771 2246 797 2272 ι,
814 2244 842 2267 et
855 2243 914 2276 post
930 2248 976 2268 an-

1030 2239 1079 2274 οὐχ
1092 2238 1183 2270 ἀπλῶς
1193 2237 1318 2265 ἁπάντων
1333 2237 1381 2273 μὲν
1390 2236 1518 2272 ἐξῄρηται
1523 2235 1557 2262 τὰ
1563 2234 1646 2268 ’Ἅγια
1654 2233 1708 2260 τῶν
1719 2232 1813 2267 ἀγίων·

199 2279 298 2307 tistites
321 2280 476 2309 divinorum
506 2282 670 2318 interpretes
690 2283 869 2319 iudiciorum,
887 2285 921 2312 ab
944 2285 978 2312 iis

197 2324 304 2357 ordine,
319 2331 399 2361 prout
412 2331 437 2355 te
449 2327 538 2360 decet.
553 2329 734 2358 mediantibus
757 2330 902 2363 ministris,
914 2330 977 2358 dum

197 2371 250 2398 erit
261 2376 454 2407 Opportunum,
471 2375 562 2402 divina
577 2376 663 2409 disce,
685 2383 734 2411 per
746 2383 816 2411 quos
837 2376 932 2410 etiam,
947 2381 978 2404 ut

198 2417 347 2444 monachus
376 2425 462 2451 esses,
474 2418 604 2447 habuisti.
628 2420 669 2447 An
684 2428 750 2448 vero
768 2428 822 2448 non
844 2420 871 2448 id
890 2421 978 2456 ipsum

198 2467 274 2488 sacra
297 2461 374 2497 signa
394 2462 583 2497 proclamant?
611 2472 698 2500 neque
725 2465 798 2493 enim
819 2465 978 2500 simpliciter

198 2506 298 2535 Sancta
337 2513 492 2536 sanctorum
515 2509 550 2537 ab
576 2511 703 2539 omnibus
728 2515 870 2546 segregata
895 2515 974 2544 sunt;

235 2601 246 2615 ·
263 2597 339 2625 Joan.
355 2604 374 2629 I,
391 2597 409 2624 2
448 2598 457 2616 ι
475 2597 569 2626 Matth.
586 2605 624 2625 xu.
661 2604 676 2618 ιι
691 2598 756 2626 an.
784 2606 829 2627 xv.

199 2639 264 2664 nx,
283 2634 326 2664 t8;
344 2632 424 2661 Rom.
442 2640 473 2664 ιι,
489 2633 532 2661 16.
568 2639 583 2655 ι
595 2633 711 2662 Malacb.
729 2642 759 2666 ιι,
778 2634 803 2662 7.

867 2604 880 2617 '
895 2600 993 2629 Matth.
1008 2609 1038 2634 -v,
1061 2602 1107 2630 ιδ’.

1032 2284 1175 2320 πλησιάζει
1190 2283 1218 2310 δέ
1236 2283 1334 2320 μᾶλλον
1347 2283 1438 2314 αὐτοῖς
1453 2283 1468 2309 ό
1485 2281 1539 2308 τῶν
1556 2279 1743 2316 ἱερατελεστῶν
1759 2278 1817 2304 διά-

1032 2338 1150 2366 κοσμος,
1165 2328 1225 2357 εἶτα
1239 2329 1293 2356 τῶν
1311 2329 1404 2365 ἱερέων
1425 2329 1441 2364 ἠ
1459 2327 1637 2362 διακόσμησις
1648 2347 1656 2359 ,
1677 2323 1817 2359 ἑπομένως

1032 2375 1060 2402 δὲ
1083 2375 1187 2408 τούτοις
1209 2377 1226 2412 ὴ
1247 2375 1301 2402 τῶν
1324 2373 1500 2410 λειτουργῶν·
1521 2374 1577 2404 τοῖς
1592 2372 1621 2399 δὲ
1641 2370 1818 2405 τεταγμένοις

1034 2421 1212 2458 θεραπευταῖς
1222 2423 1250 2449 αἱ
1263 2421 1345 2448 πύλαι
1356 2420 1409 2447 τῶν
1420 2419 1523 2446 ἀδύτων
1537 2418 1603 2445 εἱσὶν
1618 2415 1816 2452 ἀφωρισμέναι,

1033 2467 1136 2500 καθ’ἃς
1151 2469 1198 2495 καὶ
1212 2467 1349 2495 τελοῦνται
1361 2466 1407 2493 καὶ
1422 2465 1598 2501 παρεστᾶσιν.
1607 2463 1637 2490 οὺ
1649 2463 1717 2498 πρὸς
1733 2461 1818 2496 φυλα-

1027 2513 1079 2549 κὴν
1092 2514 1197 2546 αὐτῶν,
1211 2513 1278 2540 ἀλλά
1295 2512 1362 2548 πρὸς
1377 2511 1453 2544 τάξιν
1476 2511 1524 2538 καὶ
1545 2509 1691 2544 ἐπίγνωσιν
1713 2505 1819 2534 ἑαυτῶν

1147 2600 1255 2629 xJoan.
1282 2610 1310 2635 x,
1338 2602 1381 2630 Η.
1420 2605 1434 2626 1
1451 2600 1547 2629 Matth.
1570 2607 1620 2630 xu,
1646 2596 1683 2624 25
1733 2600 1745 2614 ι
1763 2595 1817 2623 lsai

846 2712 963 2742 VARI!!!
982 2711 1181 2741 LECTIONES.

253 2805 278 2821 “
293 2805 427 2840 προϊοῦσι,
445 2804 475 2833 S.
495 2804 518 2820 “
534 2801 583 2831 καὶ
606 2803 792 2840 συγκαλεϊται.
897 2802 928 2840 Ρ.
960 2803 989 2840 ξ’
1000 2802 1093 2840 θέρει,
1112 2802 1141 2840 β,
1180 2803 1203 2818 ⁸⁸
1219 2802 1393 2840 ἐπιστρέφον,
1455 2801 1484 2828 P.

1534 2801 1557 2841 ’ζ
1573 2799 1815 2841 "inﬁtias

201 2841 284 2872 ἐστιν,
302 2834 351 2867 Ch.
369 2841 398 2868 ι).
414 2834 444 2867 Ι).
483 2840 505 2856 ⁸⁸
521 2834 723 2875 ἀποφυγόντων,
742 2839 770 2866 S.
809 2839 830 2855 "
848 2838 945 2873 ἡδεῖτο,
958 2837 986 2865 S.
1000 2834 1048 2866 15..
1072 2839 1093 2855 7°
1110 2838 1235 2873 θάρσους,
1275 2834 1456 2872 ⁷¹’όμοταγῶν
1473 2845 1530 2867 σου,
1541 2835 1569 2863 S.
1607 2836 1629 2852 τ’
1646 2834 1772 2865 exesos,
1785 2834 1814 2861 S.

203 2875 225 2891 "
243 2876 274 2902 σὺ
291 2875 334 2903 διὰ
353 2876 452 2911 μέσων,
472 2875 501 2903 1).
518 2875 546 2902 5.
