1914 3061
67 184 80 211 1
87 184 153 212 089

770 182 1024 220 Eptsromvnt.

1648 188 1718 218 1000

67 242 184 280 μᾶλλον
196 242 237 278 τῷ
255 243 313 278 λαῷ
327 243 403 280 παρὰ
421 244 485 276 τοὺς
507 243 662 280 ἱερατικοὺς
673 243 697 259 ⁷⁵
712 242 877 278 πλησιάζον-

930 249 1026 270 ventm
1047 242 1082 270 ad
1101 242 1159 271 lucc
1180 243 1306 279 proxime
1326 244 1433 273 accedit
1454 244 1525 274 ordo
1547 245 1718 280 pontiﬁcum,

67 297 133 321 τις.
155 289 237 316 Ὅθεν
253 289 336 325 ἡτῶν
351 289 430 325 ιερῶν
452 290 517 324 ἁγία
537 289 683 325 ταξιαρχία
700 288 877 325 μεταλαμϐά-

68 342 135 362 νειν
153 335 252 366 αὐτοὺς
267 335 397 370 ἱεροθετετ
408 335 464 362 τῶν
480 335 570 367 θείων,
585 335 689 371 ἑτέροις
703 334 803 371 δηλαδὴ
820 337 877 368 τοῖς

67 381 231 417 ἐνδοτέροις
249 381 340 408 αὐτῶν
354 381 404 418 τὴν
421 381 563 417 μετάδοσιν
577 381 763 417 ἐγχειρήσασα
773 381 796 397 ⁷⁸
806 389 813 397 ·
830 382 878 408 καὶ

68 427 134 464 γὰρ
148 429 174 455 οἱ
191 427 255 463 περὶ
268 427 299 455 τὸ
312 427 383 455 θεῖον
397 427 569 464 συμϐολικῶς
583 428 627 454 ἀεὶ
640 427 844 463 παρεστηκότες
853 429 877 445 ⁷⁸

69 473 287 511 θυσιαστήριον,
303 474 389 510 ὁρῶσι
405 475 454 502 καὶ
467 473 598 501 ἀκούουσι
611 473 646 500 τὰ
660 473 719 500 θεῖα
733 473 877 509 τηλαυγῶς

70 520 173 552 αὐτοῖς
195 520 454 557 ἁνακαλυπτόμενα,
477 520 525 548 καὶ⁸
547 519 688 556 προϊόντες
710 519 878 554 meum;

72 567 127 594 ἐπὶ
143 567 180 594 τὰ
195 567 248 600 ἔξω
261 566 316 594 τῶν
334 567 415 595 θείων
436 566 696 603 παραπετασμάτων
708 587 716 599 ,
732 567 789 598 τοῖς
804 567 876 603 ὑπη-

72 612 158 645 κόοις
174 613 356 650 θεραπευταῖς
367 634 375 647 ,
390 614 438 641 καὶ
455 613 495 649 τῷ
513 613 578 650 ἱερῷ
594 613 667 649 λαῷ,
684 613 732 640 καὶ
746 615 808 646 ταῖς
825 623 875 641 κα-

73 659 262 696 θαιρομέναις
277 659 396 693 τάξεσιν,
412 660 572 695 ἐκφαίνουσι
586 660 646 687 κατ’
662 659 741 692 ἀξίαν
756 660 791 687 τὰ
806 661 877 697 ίερὰ,

73 705 113 732 τὰ
129 704 223 737 καλῶς
236 706 358 742 ἁχραντα
374 705 604 742 διαφυλαχθέντα,
627 707 724 743 μέχρις
744 707 788 734 ὅτε
799 729 807 742 ,
828 716 877 735 τυ-

76 751 220 789 ραννικῶς
241 753 333 785 αὐτοῖς
356 753 578 789 ἐπεισπηδήσας,
594 753 819 790 ἐκπομπευθῆναί
836 762 878 782 σοι

75 799 115 826 τὰ
141 799 226 834 Ἅγια
249 799 303 826 τῶν
320 799 405 834 ἁγίων
425 799 585 835 ἠνάγκασας
604 800 654 828 οὐκ
674 800 809 828 ἐθέλοντα*
831 801 878 828 καὶ¹

77 845 156 881 ἔχειν
171 846 226 881 φῂς
241 846 275 872 τὰ
292 845 353 882 ίερὰ
371 846 418 873 καὶ
435 846 635 882 διαφυλάττειν,
649 846 738 874 καίτοι
757 846 819 874 οὒτε
839 845 878 874 εἷ-

78 891 145 925 δες,
163 892 225 919 οὔτε
242 892 363 929 ἤκουσας
375 912 382 925 ,
403 892 465 920 οὕτε
484 893 556 929 ἔχεις
573 902 600 920 τι
615 894 669 921 τῶν
686 894 878 930 προσηκόντων

77 939 140 970 τοῖς
160 938 293 974 ἱερεῦσιν,
314 938 408 975 ὥσπερ
428 939 489 966 οὐδὲ
505 939 553 975 τὴν
569 939 696 976 ἀλήθειαν
711 939 765 967 τῶν
780 939 878 974 λογίων
895 931 916 959 Β

80 983 211 1018 ἔγνωκας
222 1006 230 1019 ,
247 985 366 1022 ἑκάστης
382 985 490 1022 ἡμέρας
505 985 575 1013 αὐτὰ
587 986 748 1022 λογομαχῶν
762 987 809 1013 ἐπὶ
826 995 878 1014 κα-

80 1032 225 1067 ταστροφῇ
241 1031 296 1058 τῶν
310 1031 475 1059 ἀκουόντων.
496 1032 552 1059 Καὶ
574 1033 598 1060 ει
618 1033 668 1069 μὲν
683 1033 814 1069 ἐθναρχία
836 1041 879 1065 τις

81 1077 258 1114 ἐνεχείρησεν
268 1079 290 1094 ⁷⁷
307 1079 337 1105 οὐ
354 1078 590 1114 προστεταγμένον
612 1078 686 1115 αὑτῷ
709 1079 785 1115 παρὰ
803 1078 879 1114 βασι-

82 1124 169 1157 λέως,
194 1124 305 1157 ἐνδίκως
317 1125 495 1160 ἐτιμωρεῖτου
517 1124 565 1152 καὶ
580 1125 605 1152 εί
629 1124 676 1152 τὸν
696 1125 816 1161 ἁρχοντα
838 1125 878 1153 δι-

83 1169 218 1198 καιοῦντα
231 1179 307 1202 τινας
324 1170 341 1206 ἢ
366 1170 596 1203 καταδικάζοντα,
613 1170 757 1207 παρεστώς
770 1179 813 1203 τις
824 1170 878 1198 τῶν

83 1216 137 1243 ὑπ’
148 1216 223 1252 αὐτῷ
234 1217 416 1252 ταττομένων,
424 1217 613 1253 ἐπανακρίνειν
625 1217 772 1253 ἐτόλμησεν
786 1216 796 1253 (
803 1217 879 1244 οὔπω

83 1262 142 1299 γάρ
162 1271 234 1299 φημι
251 1262 500 1299 προπηλακίζειν)
525 1262 583 1299 ἅμα
597 1263 644 1290 καὶ
659 1263 710 1299 τῆς
728 1263 817 1299 ἀρχῆς
834 1264 880 1291 ἐκ-

84 1308 194 1336 ὃάλλειν
209 1308 282 1341 ἔδοξε
293 1309 335 1342 ⁷⁸;
358 1309 395 1336 Σὺ
411 1308 456 1342 δὲ,
478 1308 621 1344 ἄνθρωπε,
645 1308 717 1336 οὕτω
744 1308 880 1346 τολμηρὸς

84 1352 111 1382 εἶ
128 1355 199 1382 κατὰ
214 1355 261 1382 τοῦ
277 1355 366 1391 πράου
383 1355 430 1382 καὶ
449 1354 552 1390 ἀγαθοῦ
564 1376 572 1388 ,
587 1355 635 1382 καὶ
652 1355 704 1391 τῆς
718 1356 879 1392 ίεραρχικῆς

84 1400 168 1427 αὑτοῦ
189 1400 374 1436 θεσμοθεσίας.
403 1401 459 1428 Καὶ
479 1401 567 1429 ταῦτα
586 1401 670 1437 ἐχρῆν
686 1402 785 1436 εἰπεῖν,
802 1402 877 1436 ὅταν,

85 1446 158 1483 ὑπὲρ
170 1446 247 1479 ἀξίαν
261 1455 304 1479 τις
316 1446 460 1483 ἐγχειρῶν,
475 1447 550 1483 ὅμως
564 1447 659 1475 εἰκότα
678 1447 809 1484 πράττειν
823 1448 880 1475 ἐδό-

85 1501 130 1519 κει
142 1500 149 1508 ·
165 1493 213 1520 καὶ
228 1492 283 1529 γὰρ
296 1493 357 1520 οὐδὲ
370 1493 449 1521 τοῦτο
463 1493 574 1529 ἐφικτὸν
586 1493 684 1520 οὐδενί.
702 1494 735 1521 Τί
749 1493 805 1530 γὰρ
818 1495 879 1522 ἆτο-

86 1548 137 1567 πον
157 1539 248 1572 Ὀζίας
261 1540 365 1572 ἐποίει,
381 1539 486 1576 θυμιῶν
500 1539 539 1575 τῷ
553 1539 612 1576 Θεῷ
622 1540 645 1556 ⁷⁵
655 1548 663 1573 ;
675 1539 709 1567 Τί
721 1540 749 1566 δὲ
761 1541 776 1567 ὁ
791 1540 878 1568 Σαοὺλ

86 1586 176 1619 θύων;
192 1587 224 1613 Τί
241 1586 270 1613 δὲ
285 1586 311 1613 οἱ
331 1586 488 1623 τυραννικοὶ
503 1586 646 1622 δαίμονες,
661 1586 769 1622 ἀληθῶς
789 1586 878 1614 θεολο-
892 1605 914 1634 C

87 1631 198 1667 γοῦντες
218 1632 264 1659 τὸν
281 1631 401 1668 ’1ησοῦν;
423 1631 494 1658 ’Δλλ’
515 1632 685 1668 ἐκκήρυκτος
705 1633 738 1668 τῇ
755 1632 880 1669 θεολογίᾳ

87 1679 142 1711 πᾶς
157 1679 172 1705 ὁ
184 1676 494 1715 ἁλλοτριοιπίσκοπος⁸⁰,
504 1680 549 1706 καὶ
567 1678 682 1710 ἕκαστος
702 1678 731 1705 ἐν
753 1680 787 1714 τῇ
803 1679 879 1712 τάξει

87 1724 138 1760 τῆς
150 1723 408 1759 λειτουργίαςαὺτοῦ
418 1723 504 1756 ἔσται,
513 1724 560 1751 καὶ
568 1724 648 1759 μόνος
656 1725 670 1751 ό
678 1724 824 1760 ἀρχιερεὺς
841 1726 881 1757 είς

88 1770 124 1797 τὰ
133 1771 214 1805 ⁵’Δγια
223 1769 278 1796 τῶν
292 1770 377 1804 ἁγίων
386 1769 576 1802 εἰσελεύσεται,
587 1771 634 1796 καὶ
644 1770 718 1803 ἅπαξ
727 1770 774 1798 τοῦ
789 1771 880 1798 ἐνιαυ-

89 1816 154 1850 τοῦ,
171 1817 219 1843 καὶ
237 1815 317 1842 τοῦτο
340 1817 369 1842 ἐν
390 1815 465 1852 πάσῃ
486 1816 520 1852 τῇ
544 1816 616 1843 κατὰ
637 1816 719 1852 νόμον
735 1817 879 1853 ἱεραρχικῇ

91 1861 264 1898 καθαρότητι.
279 1861 335 1889 Καὶ
348 1863 373 1888 oi
385 1862 406 1878 ⁸⁸
425 1862 508 1898 ἱερεῖς
520 1862 725 1898 περιστέλλουσι
738 1862 772 1889 τὰ
787 1863 878 1898 Ἀγια,

91 1908 137 1935 καὶ
158 1908 182 1935 oi
208 1908 314 1935 λευῖται
337 1908 367 1934 οὺ
390 1908 427 1944 μὴ
451 1907 564 1944 ἅψονται
582 1908 637 1936 τῶν
658 1909 760 1943 ἁγίων,
779 1909 822 1936 ἵνα
842 1909 880 1946 μὴ

91 1953 254 1982 ἀποθάνωσι.
271 1954 326 1981 Καὶ
345 1953 468 1990 ὠργίσθη
495 1953 573 1990 θυμῷ
587 1954 689 1991 Κύριος
703 1955 750 1982 ἐπὶ
763 1956 796 1991 τῇ
813 1964 880 1992 προ-

92 1999 184 2035 πετείᾳ
201 1999 274 2032 Ὀζία
284 2019 291 2031 ,
305 2000 353 2027 καὶ
368 2001 484 2036 Μαριὰμ
494 1999 639 2036 λεπροῦται
650 2001 684 2033 ⁸¹,
696 2000 733 2037 τῷ
748 2000 880 2038 νομοθέτῃ

94 2044 260 2080 θεσμθετεῖν
274 2046 459 2081 ἐγχειρήσασα
469 2054 476 2061 ⁸
491 2046 540 2073 καὶ
560 2047 607 2073 ἐπὶ
623 2047 687 2079 τοὺς
703 2047 793 2074 Σκευᾶ
806 2048 880 2079 υἱοὺς

94 2090 206 2126 ἐφήλατο
216 2091 239 2107 ⁵³
252 2091 287 2118 τὰ
300 2091 424 2127 δαιμόνια
433 2112 441 2125 ,
455 2092 518 2124 καὶ,
545 2093 606 2120 οὐκ
620 2092 812 2120 ἀπέστελλον
825 2094 893 2127 αὐτ

93 2135 176 2169 τοὺς,
191 2136 253 2171 ἔφη,
275 2137 324 2163 καὶ
338 2137 421 2164 ιιὺτοί
440 2137 574 2172 ἔτρεχον,
595 2138 652 2171 καὶ,
667 2139 727 2165 Οὐκ
748 2138 879 2166 ἐλάλουν

92 2182 161 2215 πρὸς
169 2180 290 2214 αὐτοὺς,
301 2181 349 2208 καί
362 2181 447 2208 αὐτοὶ
464 2181 680 2217 προεφήτευον,
695 2183 753 2216 καὶ,
766 2183 795 2210 ’0
811 2184 872 2210 ἀσε-

92 2226 149 2261 ϐὴς,
157 2227 170 2252 ὁ
178 2225 248 2253 θύων
260 2235 304 2262 μοι
316 2226 424 2262 μόσχον,
436 2227 474 2259 ὡς
489 2228 504 2255 ὁ
517 2228 685 2256 ἀποκτείνων
692 2229 716 2245 ⁸⁸
724 2229 802 2257 κύνα.
815 2230 871 2257 Καὶ

928 289 1029 317 deinde
1044 289 1185 318 distinctio
1204 290 1391 322 sacerdotum.
1406 299 1477 326 quos
1488 291 1616 327 deinceps
1636 293 1719 322 mini-

928 341 1048 365 strorum
1067 337 1170 371 gradus
1185 337 1332 372 sequitur;
1358 338 1493 367 ordinatis
1508 343 1600 367 autem
1624 347 1720 369 monac

927 381 987 410 cbis
1013 381 1159 418 adytorum
1183 385 1277 416 postes
1298 387 1363 410 sunt
1385 383 1541 418 assignatas,
1559 385 1639 420 juxta
1652 393 1721 421 quas

928 427 1011 454 etiam
1029 426 1173 456 initiantur
1190 431 1218 454 et
1240 431 1343 460 astant,
1367 435 1422 456 non
1442 429 1476 458 ad
1498 431 1651 460 custodiam
1676 439 1721 460 ea-

928 473 1066 507 rumdem,
1081 474 1128 502 sed
1145 478 1176 501 ut
1194 479 1344 510 agnoscant
1367 479 1422 502 tam
1442 483 1472 504 se
1490 484 1572 512 quam
1593 479 1720 507 ordinem

927 527 1007 548 suum
1027 520 1114 556 magis
1129 520 1230 556 populo
1243 528 1300 556 pne
1319 522 1509 551 sacerdotibus
1525 525 1719 560 propinquare.

928 564 1008 593 Unde
1030 573 1175 594 sacrorum
1199 573 1279 593 sacer
1302 566 1407 594 ordinis
1425 566 1606 602 principatus,
1628 576 1719 598 rerum

927 619 976 640 eos
991 611 1144 639 divinarum
1159 611 1309 647 participes
1326 613 1403 640 reddi
1424 618 1520 642 sancte
1534 615 1642 648 statuit,
1658 615 1721 643 aliis

928 657 1069 690 videlicet,
1093 658 1141 692 qui
1162 658 1197 686 iis
1219 658 1368 687 interiores
1394 664 1471 692 sunt,
1493 660 1652 688 earumdem
1677 661 1722 688 sd-

929 703 1159 732 ministrationcm
1173 704 1292 738 cedens;
1310 704 1346 732 illi
1364 705 1496 740 siquidem
1509 706 1555 741 qui
1571 706 1721 742 symbolice

929 757 1037 785 semper
1058 748 1179 776 divinum
1203 749 1290 778 altare
1313 750 1506 785 circumstant,
1532 751 1722 781 intuenturet

928 795 1042 823 audiunt
1055 795 1148 822 divina
1165 794 1241 823 clare
1260 795 1312 824 sibi
1334 796 1468 830 revelata,
1485 798 1721 833 procedentesque

928 841 1059 870 benevole
1078 841 1113 870 ad
1133 849 1165 870 ea
1181 849 1242 878 qua:
1267 847 1333 871 sunt
1352 848 1430 871 extra
1449 844 1542 872 divina
1555 845 1718 879 velamenta.

929 890 1073 926 morigeris
1099 890 1245 927 religiosis.
1272 898 1407 927 sacroque
1431 891 1543 927 populo.
1569 896 1598 920 et
1623 892 1657 920 iis
1670 892 1719 928 qui

930 942 1095 973 purgantur,
1113 937 1270 971 ordinibus,
1290 945 1370 967 sacra
1391 939 1523 974 mysteria
1548 946 1598 974 pro
1615 939 1720 967 meritis

929 984 1071 1019 pandunt;
1099 992 1161 1020 qua
1184 986 1308 1022 profecto
1333 985 1387 1013 rite
1415 985 1590 1013 immaculata
1624 985 1720 1014 tanditt

929 1033 1037 1058 servata
1053 1034 1129 1064 sunt,
1140 1030 1228 1058 donec
1249 1031 1307 1066 ipse
1326 1031 1472 1067 tyrannica
1494 1030 1521 1058 in
1536 1037 1569 1058 ea
1585 1029 1718 1065 irrupisti,

929 1081 957 1104 et
968 1077 1068 1104 Sancta
1083 1081 1241 1104 sanctorum
1254 1077 1295 1105 vel
1305 1077 1387 1104 invita
1403 1075 1451 1104 tibi
1465 1075 1598 1111 publicari
1613 1075 1721 1111 coegis-

930 1123 968 1154 ti,
982 1126 1010 1150 et
1030 1121 1131 1150 habere
1151 1122 1276 1157 tejactas
1296 1126 1324 1150 ct
1342 1121 1486 1150 custodire
1501 1129 1594 1154 sacra,
1607 1128 1669 1149 cum
1685 1128 1719 1151 ea

930 1175 1018 1203 neque
1043 1167 1157 1201 videris,
1184 1175 1273 1203 neque
1298 1167 1434 1201 audieris,
1460 1173 1549 1201 neque
1570 1166 1720 1201 quidquam

929 1214 1031 1242 habeas
1055 1222 1150 1243 curtum
1172 1222 1233 1250 quae
1258 1214 1429 1242 sacerdotem
1455 1213 1563 1247 decent,
1582 1211 1719 1247 siquidem

929 1267 964 1287 ne
987 1259 1128 1288 veritatem
1157 1260 1266 1294 quidem
1297 1259 1502 1294 Scripturarum
1531 1259 1631 1292 nosti,
1655 1263 1720 1286 cum

929 1313 978 1334 eas
1006 1305 1131 1340 quotidie
1164 1304 1257 1333 verbis
1282 1304 1427 1339 impugnes
1453 1304 1487 1332 ad
1516 1304 1720 1332 subversionem

929 1351 1108 1380 audientium.
1133 1351 1241 1381 Etenim
1265 1352 1289 1380 si
1304 1351 1366 1387 quis
1393 1350 1522 1385 gentilem
1537 1350 1719 1385 principatum

929 1404 944 1425 a
964 1405 1029 1433 rege
1060 1396 1111 1425 sibi
1133 1404 1306 1433 nequaquam
1322 1396 1407 1432 eoo
1425 1396 1620 1426 demandatum
1640 1403 1722 1424 usur-

931 1445 1020 1477 paret,
1038 1441 1102 1476 jure
1125 1443 1226 1471 merito
1250 1442 1404 1476 puniretur.
1436 1441 1509 1476 Quid
1536 1441 1572 1475 si,
1595 1441 1721 1476 principe

927 1487 1085 1522 quempiam
1111 1487 1153 1515 vel
1177 1486 1335 1515 absolvente
1350 1487 1393 1515 vel
1409 1486 1568 1521 damnante,
1585 1486 1720 1522 quispiam

928 1542 963 1562 ex
979 1533 1132 1562 astantibus
1149 1533 1267 1562 subditis
1282 1537 1460 1568 pmsumeret
1478 1532 1561 1560 latam
1575 1540 1590 1560 ι
1604 1533 1721 1561 Domino

929 1580 1097 1607 sententiam
1126 1583 1301 1610 retractare,
1324 1578 1424 1606 nedum
1446 1577 1537 1605 dicam
1560 1578 1722 1612 proculcare

930 1631 964 1651 ac
977 1624 1013 1651 ds
1024 1623 1178 1659 principatu
1198 1622 1346 1651 deturbare
1366 1622 1440 1650 visos
1455 1622 1548 1650 esset!
1561 1622 1600 1650 Tu
1614 1628 1720 1657 autem,

930 1678 949 1699 o
965 1671 1066 1703 homo,
1094 1670 1133 1698 ita
1156 1669 1322 1698 temerarius
1338 1675 1368 1696 es
1388 1669 1416 1696 in
1441 1669 1476 1696 iis
1496 1675 1557 1703 quae
1577 1668 1721 1697 clementis

929 1715 1093 1752 benignique
1115 1715 1188 1750 (Dei)
1204 1719 1278 1747 sunt,
1295 1719 1322 1741 et
1336 1713 1505 1749 pontiﬁcium
1529 1713 1616 1748 ipsius
1637 1713 1718 1742 insti-

930 1765 1018 1788 tutum
1033 1761 1180 1796 attingunt.
1192 1761 1283 1795 Atque
1296 1760 1354 1787 hac
1365 1759 1475 1794 quidem
1486 1757 1599 1786 dicenda
1615 1763 1718 1794 essent,

929 1806 952 1834 si
966 1804 1038 1842 quis,
1057 1813 1119 1834 cum
1135 1805 1240 1841 majora
1261 1803 1369 1833 meritis
1383 1803 1442 1831 suis
1456 1806 1618 1836 attentaret,
1641 1811 1720 1839 aequa

931 1858 1021 1882 tamen
1041 1852 1094 1880 sibi
1112 1851 1212 1880 aﬂ‘erre
1231 1851 1388 1885 videretur;
1405 1858 1468 1878 nam
1484 1857 1573 1885 neque
1588 1851 1642 1878 hoc
1656 1851 1719 1879 cui-

929 1908 1011 1935 quam
1027 1901 1069 1928 fas
1083 1904 1135 1927 est.
1150 1898 1220 1932 Quid
1240 1899 1313 1926 enim
1329 1898 1439 1926 absurdi
1452 1897 1534 1926 Ozias
1547 1898 1642 1933 gessit,
1657 1905 1719 1926 curn

930 1947 1071 1975 incensum
1086 1945 1141 1973 Deo
1155 1941 1280 1973 obtulit”
1291 1943 1304 1970 τ
1320 1943 1389 1978 Quid
1406 1943 1481 1977 Saul,
1497 1943 1561 1971 dum
1580 1943 1721 1971 sacriﬁca-

928 1992 1017 2020 vltr‘l
1038 1991 1111 2025 Quid
1135 1989 1282 2018 truculenti
1307 1989 1456 2022 daemones.
1479 1997 1541 2017 cum
1559 1988 1652 2017 Jesum
1671 1989 1718 2017 Dei

929 2038 1028 2066 Filium
1041 2037 1182 2065 verissime
1197 2036 1382 2071 praedicarunt
1395 2035 1409 2055 ἀ
1419 2036 1432 2063 ?
1450 2034 1548 2063 Verum
1570 2035 1597 2062 in
1612 2035 1718 2064 theolo-

929 2085 972 2119 gia
988 2083 1138 2118 ejiciendus
1158 2082 1248 2110 omnis
1261 2082 1308 2117 qui
1333 2081 1421 2110 aliena
1445 2086 1561 2116 spectat,
1577 2082 1623 2109 sed
1638 2081 1720 2117 quili-

928 2131 974 2159 bet
990 2130 1095 2158 ordinis
1110 2130 1152 2157 sui
1172 2129 1332 2157 ministeriis
1349 2129 1458 2156 vacabit
1472 2133 1495 2161 ο,
1507 2127 1636 2163 solusque
1652 2135 1718 2163 pou-

929 2177 994 2205 til'ex
1010 2177 1036 2204 in
1052 2184 1124 2205 anno
1139 2176 1224 2204 semel
1242 2176 1276 2203 ad
1290 2176 1390 2204 Sancta
1405 2179 1564 2203 sanctorum
1581 2175 1718 2208 introibit,

928 2224 1011 2260 idque
1034 2232 1096 2253 cum
1122 2224 1196 2253 omni
1216 2231 1299 2260 quam
1322 2223 1365 2252 les
1390 2222 1544 2258 praescribit
1568 2221 1717 2258 pontiﬁcali

92 2272 179 2304 ἁπλῶς
192 2273 289 2305 εἰπεῖν,
300 2273 425 2308 ἀνέχεται
434 2273 462 2307 ,³³
469 2273 524 2300 τῶν
534 2275 700 2310 παρανόμων
710 2276 727 2312 ἡ
738 2276 871 2313 παντελὴς

930 2271 1051 2307 puritate
1072 2270 1095 2299 τ.
1118 2270 1284 2299 Sacerdotes
1307 2276 1372 2298 vero
1388 2269 1488 2297 Sancta
1505 2269 1717 2304 circumtegunt,

92 2318 135 2346 τοῦ
150 2318 216 2346 Θεοῦ
236 2319 402 2355 δικαιοσύνη·
421 2319 553 2353 λεγόντων
568 2319 597 2347 δὲ
619 2321 720 2354 αὐτῶν,
741 2322 807 2349 Ἐπί
830 2322 871 2356 τῷ

92 2365 207 2400 ὀνόματί
219 2372 278 2392 σου
290 2364 430 2401 δυνάμεις
443 2366 561 2399 πολλὰς
573 2366 768 2402 ἐποιήσαμεν,
780 2369 826 2396 καὶ
836 2370 870 2402 ⁸⁴¹,

93 2412 149 2438 οὐκ
160 2409 225 2438 οῖδα
238 2410 326 2446 ὑμᾶς,
340 2411 517 2448 ἀποκρίνεται
526 2432 535 2445 ,
551 2413 714 2446 πορεύεσθε
730 2414 780 2441 ἀπ’
797 2414 871 2449 ἐμοῦ

97 2452 351 2490 πάντεςοιέργάται
357 2454 411 2490 τῆς
416 2456 635 2490 ἀνομίας.’Ὡστε
641 2457 672 2484 οὐ
679 2457 798 2493 θεμιτὸν,
804 2459 881 2492 ὡςτὰ

99 2498 153 2535 ιερὰ
159 2499 234 2534 λόγιά
243 2509 334 2536 φησιν,
343 2501 404 2528 οὐδὲ
412 2500 447 2528 τὰ
456 2501 547 2529 δίκαια
559 2503 596 2539 μὴ
607 2504 668 2530 κατ’
676 2503 754 2537 ἀξίαν
762 2504 878 2533 διώκειν.

132 2578 181 2618 h__ll_
193 2578 375 2618 Paral._nvr_,
387 2579 420 2618 ρ,
474 2586 485 2600 ε
504 2581 514 2609 1
531 2580 606 2618 ilex,
622 2590 683 2614 xm,
709 2583 760 2616 l0;
779 2592 824 2617 xv,
843 2585 886 2612 Η.

98 2613 123 2645 3;
138 2613 216 2641 Hebr.
234 2621 274 2646 lx,
289 2614 318 2641 7.
357 2616 370 2636 ⁸
386 2615 466 2644 Num.
487 2624 525 2649 Iv,
539 2613 585 2645 3.”
601 2617 616 2637 ιι
633 2618 655 2645 ll
671 2613 759 2646 l'aral;
778 2613 852 2652 xxvl,
871 2620 914 2647 i9.

930 2324 1024 2344 verum
1055 2316 1146 2344 levita
1170 2324 1204 2344 ne
1229 2321 1324 2344 sancta
1361 2315 1471 2350 quidem
1500 2315 1658 2350 attingunt,
1684 2321 1720 2342 ne

931 2364 1085 2392 moriantur
1099 2364 1124 2391 ε.
1138 2363 1170 2391 Et
1183 2363 1270 2391 iratus
1285 2362 1336 2390 fuit
1349 2361 1443 2390 furore
1455 2361 1585 2389 Dominus
1597 2360 1634 2388 ob
1646 2359 1720 2388 Οιίω

931 2411 1116 2439 temeritatem
1127 2410 1152 2442 h,
1183 2409 1322 2444 Mariaque
1339 2409 1446 2443 leprosa
1459 2407 1500 2441 ﬁt,
1517 2407 1664 2442 legislatori
1680 2406 1719 2435 le-

932 2466 993 2493 gem
1009 2465 1110 2493 ponere
1124 2461 1224 2485 conata
1239 2456 1246 2476 ί
1260 2465 1268 2484 :
1283 2461 1310 2484 et
1325 2455 1353 2483 in
1368 2455 1439 2483 (ilius
1454 2454 1548 2483 Scevae
1564 2453 1719 2482 insilierunt

932 2504 1067 2533 daemonia
1084 2504 1111 2537 ι,
1131 2508 1178 2531 et:
1204 2502 1267 2531 Non
1287 2502 1422 2530 mittebam
1449 2513 1511 2535 eas.
1533 2500 1609 2533 dicit,
1627 2504 1651 2526 et
1667 2499 1718 2534 ipsi

937 2583 951 2604 ἀ
970 2585 1053 2612 Marc.
1085 2592 1126 2617 ιιι,
1145 2581 1189 2610 l".
1231 2588 1242 2603 ο
1259 2583 1267 2610 l
1285 2582 1347 2611 Cur.
1365 2589 1422 2614 xw,
1439 2581 1485 2617 25.
1526 2581 1536 2600 ί
1555 2579 1643 2608 chit.
1660 2586 1717 2613 xu,

957 2620 965 2640 ί
986 2619 1066 2648 Νιιιιι.
1085 2616 1135 2652 ιιι,
1152 2618 1198 2646 10.
1238 2619 1249 2638 ll
1268 2619 1330 2646 Act.
1349 2625 1406 2649 ιιι,
1429 2616 1473 2643 Η.

745 2729 863 2757 VARIE
881 2727 1082 2757 LECTIONES.

129 2817 149 2833 "
160 2818 215 2853 τοῖς
238 2817 386 2853 ἱερατικοῖς
397 2839 404 2850 ,
423 2817 452 2846 8.
470 2819 501 2847 D.
537 2818 559 2833 "
576 2819 753 2853 ἐγχειρίσασα
764 2839 771 2850 ,
796 2819 829 2846 ῐ).

102 2852 128 2880 D.
150 2852 299 2890 ἐθναρχίας,
313 2853 356 2890 VP.
385 2855 574 2890 ἐπεχείρησενε
599 2852 627 2881 ἐζ

882 2819 906 2835 ⁷⁸
922 2819 1093 2854 συμσοΛικῶς
1114 2820 1202 2846 εἰπεῖν
1224 2818 1386 2854 ἑστηκότες,
1409 2817 1429 2846 S
1455 2817 1485 2846 P.
1505 2815 1717 2854 7"7s9vapx£a\f.

668 2874 675 2881 .
712 2854 736 2870 "
751 2854 824 2888 ἔδοξε
857 2862 910 2882 non
934 2860 976 2881 est
991 2855 1017 2881 in
1039 2855 1090 2882 CII.
1114 2855 1144 2882 ι).

1179 2855 1203 2872 ⁷³
1218 2854 1257 2889 τῷ
1274 2851 1378 2889 Κυρίῳ.
1405 2853 1455 2881 Ch.
1496 2851 1717 2889 Fanum”!-

102 2876 587 2925 ξέοτὶὀέξὲίῖιῗδἐἶυιῖἑὲΐῖἱῖὒῖἺι
599 2876 628 2915 ὀἱ
645 2876 699 2925 ῖιοη
715 2876 841 2925 est-viiii).
855 2876 1162 2925 ἐὲἔὲισὶὲὶόξσιῖἓῑι.”ὸ.
1174 2890 1204 2918 s.
1224 2876 1520 2925 ’ἷίῖὸξᾶἷιιῖὶίιαριει
1535 2876 1714 2925 λέᾅὲξτᾶιῆἆί,

56 2930 57 2933 ‘
101 2923 143 2950 (λιι.
173 2923 194 2939 ⁸³
207 2923 331 2956 ἐσήλατο.
378 2925 401 2941 ⁸⁸
417 2925 598 2957 ἁποκτέννων,
617 2925 647 2952 D.
667 2924 695 2953 5.
715 2924 745 2958 Ρ,
783 2926 806 2942 ⁸³
823 2923 962 2961 legendum
979 2926 1028 2952 οὐκ
1044 2925 1179 2961 ἀνέχεται.
1218 2925 1241 2941 ⁸⁸
1258 2924 1304 2952 καί
1322 2932 1375 2953 non
1393 2930 1434 2953 est
1452 2923 1481 2952 in
1496 2923 1525 2952 S.
1543 2923 1574 2952 Ρ.
1594 2923 1626 2951 D.
