1914 3061
189 172 276 201 ”9ω1
795 170 822 198 S.
843 170 990 198 DIONYSII
1005 171 1236 198 AREOPAGITA‘I
1759 171 1834 197 1091

208 229 367 260 currebant;
386 232 414 256 et
441 233 496 254 non
519 226 646 262 loquebar
676 226 710 253 ad
733 234 787 259 eos,
814 232 838 254 et
861 227 911 260 ipsi
931 235 982 262 pro

1043 228 1187 263 Προσέχειν
1202 228 1230 254 δὲ
1246 227 1358 254 ἕκαστον
1375 226 1462 261 ἐαυτῷ
1474 227 1525 262 χρὴ
1537 247 1544 259 ,
1558 227 1607 254 καὶ
1623 226 1660 262 μὴ
1674 227 1710 254 τά
1724 226 1834 262 ὑψηλό-

208 275 349 309 phetalmu
363 272 386 307 ις
401 278 439 307 et,
454 272 554 308 Impius
576 273 621 307 qui
639 272 704 299 mihi
726 272 847 301 immolat
863 273 982 304 vitulum,

1040 282 1106 309 τερα
1126 274 1172 300 καὶ
1191 273 1326 309 βαθύτερα
1339 274 1456 306 ἐννοεῖν,
1471 273 1631 300 διανοεῖσθαι
1651 273 1681 300 δὲ
1703 273 1777 308 μόνα
1795 273 1833 299 τὰ

210 321 280 348 sicut
301 321 347 354 qui
371 320 469 347 occidit
490 325 587 346 canem
607 322 637 344 '.
660 318 761 353 Atque,
779 321 808 344 ut
830 317 982 352 sitnplicitet

1042 320 1102 344 κατ’
1120 319 1196 350 ἀξίαν
1213 318 1286 353 αὐτῷ
1303 318 1532 354 προστεταγμένα.

209 366 309 398 dicant,
332 372 385 392 non
409 364 507 392 tolerat
531 363 622 398 legum
644 363 798 391 violatores
823 361 942 397 perfecta
965 362 1012 389 Dei
1026 362 1142 397 justitia.
1163 363 1369 396 dicentibusque
1386 361 1458 389 illis:
1481 361 1514 388 In
1534 362 1638 389 nomine
1653 368 1699 388 tuo
1714 364 1831 389 rinqu

209 411 306 438 multas
331 411 458 445 fecimus,
483 409 648 445 resptudet:
673 405 769 436 Nescio
789 417 856 440 eos,
881 405 994 434 recedite
1016 415 1034 434 ο
1058 417 1099 436 me
1123 415 1211 435 omnes
1236 408 1352 443 operarii
1379 406 1527 442 iniquitatis
1560 413 1585 435 ιι.
1609 407 1692 435 Nefas
1718 409 1828 442 itaque.

209 457 247 484 ati
269 464 347 484 sttcra
371 460 505 483 testantur
526 455 646 489 eloquia,
666 461 698 481 ea
719 453 803 481 etiam
827 457 890 485 qua:
909 449 983 484 iusta
1000 456 1074 483 sunt,
1098 459 1150 479 non
1172 452 1320 480 secundum
1345 452 1502 488 dignitatem
1527 455 1674 487 exscqui°.
1707 453 1826 488 Oportet

209 507 299 530 autem
329 509 548 537 unumquemque
573 501 623 529 sibi
645 501 696 536 ipsi
728 497 888 528 attendere,
911 503 946 523 ue
969 504 998 524 se
1026 498 1124 526 altiora
1146 498 1378 536 profundioraque
1397 499 1503 534 sapiat.
1524 499 1668 534 solumque
1695 500 1826 529 intendat

208 550 244 578 iis
255 557 318 585 quae
331 549 414 584 ipsius
432 549 535 577 meritis
549 549 649 577 fuerint
665 547 822 576 coordinata
832 548 859 570 ι’.

973 627 992 663 §
1014 625 1056 656 Il.

244 698 315 733 Quid
343 698 568 734 igitur,inquis,
600 705 652 725 non
683 702 789 732 oportet
817 699 984 730 sacerdotes,

208 746 254 780 qui
274 745 317 772 vel
338 745 419 780 impie
432 744 476 772 vel
497 751 641 780 perperam
666 743 766 779 aliquid
788 744 877 771 facere
892 744 987 778 depre-

208 791 284 818 hensi
303 789 413 823 fuerint,
429 790 540 824 corrigi,
557 789 678 824 solisque
697 787 790 817 licebit
806 789 986 825 gloriantihus

206 843 234 863 In
257 836 315 872 lege
337 843 386 871 per
402 835 653 871 praevaricationem
673 835 744 870 legis
764 836 846 864 Deum
870 836 984 864 inhono-

207 882 313 910 τοι-ενιιῖ
328 887 355 910 et
375 881 509 917 quomodo
534 881 688 909 sacerdotes
700 881 747 909 Dei
766 887 829 909 sunt
851 882 983 916 inter-pre.

207 927 269 954 tes?
303 933 357 961 quo
383 926 459 954 enim
492 931 574 961 pacto
610 926 717 953 divinas
743 926 843 961 populo
871 926 985 954 virtutes

205 972 361 1003 enuntiant,
375 978 435 998 cum
449 972 606 999 earumdem
626 973 680 999 vim
703 971 850 1007 ignorent?
860 972 901 999 vel
916 979 984 1006 quo-

207 1016 287 1043 modo
311 1015 504 1043 illuminabunt
526 1016 573 1051 qui
598 1021 662 1044 sunt
682 1016 875 1044 ohtenebrati?
897 1023 984 1051 quave

1069 696 1105 722 Τί
1123 693 1180 727 οὖν,
1199 695 1270 730 φῂς,
1289 696 1320 722 οὐ
1336 694 1387 731 χρὴ
1410 696 1473 727 τοὺς
1495 695 1585 731 ἱερέας
1604 695 1788 728 ἀσεϐοῦντας,
1807 697 1824 732 ἥ

1036 742 1099 770 ἄλλο
1111 751 1137 768 τι
1148 741 1202 768 τῶν
1216 742 1322 768 ἀτόπων
1337 741 1568 777 ἐξελεγχομένους,
1586 741 1755 773 εὐθύνεσθαι,
1774 744 1826 778 p.6—

1035 796 1091 820 νοις
1110 787 1138 814 δὲ
1158 787 1265 820 ἐξέσται
1284 788 1341 819 τοῖς
1361 788 1546 823 καυχωμένοις
1562 788 1590 813 ὲν
1610 788 1683 823 νόμῳ
1705 788 1750 815 διὰ
1771 789 1825 823 τῆς

1035 833 1215 869 παραϐάσεως
1228 833 1275 859 τοῦ
1292 833 1374 868 νόμου
1389 833 1434 860 τὸν
1448 833 1514 860 Θεὸν
1525 833 1684 868 ἀτιμάζεινς
1700 834 1746 860 καὶ
1762 834 1824 866 πῶς

1034 881 1057 906 οι
1071 881 1152 915 ἱερεῖς
1164 879 1326 914 ἐκφάντορές
1341 881 1392 906 εἰσι
1408 879 1455 906 τοῦ
1469 879 1550 911 Θεοῦς
1566 879 1624 912 πῶς
1635 880 1690 915 γὰρ
1706 880 1823 915 ἐξαγγε-

1033 925 1140 952 λσιῦιιιθ⁷
1154 926 1192 961 τῷ
1213 925 1270 961 λαῷ
1290 925 1340 957 τὰς
1359 925 1433 956 θείας
1457 926 1575 961 ἀρετὰς,
1598 926 1648 953 οὐκ
1669 927 1823 960 ἐγνωκότες

1033 970 1122 998 αὐτῶν
1135 972 1183 1007 τὴν
1204 971 1316 1006 δύναμιν
1329 979 1336 1003 ;
1352 971 1369 1006 ἢ
1388 970 1447 1002 πῶς
1460 971 1605 1006 φωτιοῦσιν
1621 972 1645 998 οἱ
1660 972 1823 1007 ὲσκοτισμέ-

1033 1025 1090 1049 νοι;
1111 1016 1170 1048 πῶς
1183 1016 1211 1043 δὲ
1224 1017 1271 1043 τοῦ
1286 1017 1357 1043 θείου
1373 1016 1554 1051 μεταδώσουσι
1568 1017 1725 1052 Πνεύματος
1735 1038 1742 1050 ,
1758 1017 1821 1044 οὔτε

205 1061 314 1089 ratione
328 1061 448 1089 divinum
464 1061 595 1096 Spiritum
620 1062 822 1095 impertientur,
837 1062 882 1096 qui
898 1068 982 1096 neque

1035 1063 1059 1089 εἰ
1073 1062 1130 1089 ἐστι
1146 1062 1257 1098 Πνεῦμα
1271 1063 1348 1096 ἅγιον
1370 1063 1425 1094 ἕξει
1446 1063 1492 1089 καὶ
1511 1062 1624 1098 ἀληθείᾳ
1637 1063 1821 1089 πεπιστευκό-

204 1105 300 1133 aﬂ‘ectu
324 1114 411 1142 neque
430 1107 547 1135 veritate
567 1107 695 1142 Spiritum
717 1112 840 1134 sanctum
863 1107 984 1134 credide-

206 1157 269 1180 runt
290 1152 325 1179 '2
352 1153 393 1180 Ad
418 1154 477 1181 haec
507 1154 555 1182 tibi
586 1155 642 1188 ipse
666 1153 834 1188 respondebo
865 1161 872 1179 :
892 1151 984 1187 Neque

202 1199 282 1233 θοι
300 1200 371 1226 enim
388 1200 514 1227 inimicus
532 1199 706 1235 Demophilus
732 1204 788 1231 est,
817 1206 905 1234 neque
937 1205 984 1233 pa—

205 1244 258 1270 tiar
283 1248 310 1271 te
333 1252 347 1271 a
372 1245 474 1272 Satana
498 1245 702 1273 circumveniri.
732 1245 840 1272 Etenim
869 1243 984 1279 quilibet

203 1289 276 1316 circa
294 1289 379 1316 Deum
403 1291 569 1318 versantium
598 1291 684 1324 ordo,
702 1291 859 1318 deiformior
882 1295 925 1318 est
951 1297 984 1318 eo

203 1335 249 1369 qui
271 1335 357 1370 magis
376 1335 476 1368 distat;
493 1343 543 1364 nec
558 1344 610 1364 non
631 1336 763 1364 lucidiora
778 1336 857 1363 simul
873 1340 938 1363 sunt
952 1343 984 1363 ac

204 1380 398 1413 luculentiora,
415 1389 476 1416 quae
495 1389 567 1409 vera:
587 1381 638 1410 luci
655 1383 741 1418 magls
756 1382 982 1417 appropinquant.

203 1424 290 1452 Nolim
313 1430 402 1453 autem
423 1433 457 1453 ex
481 1425 540 1453 loco
559 1434 651 1454 sumas
672 1427 911 1462 propinquitatem,
935 1425 983 1453 sed

202 1478 236 1498 ex
250 1472 402 1506 capacitate
421 1472 570 1507 recipiendi
586 1473 679 1500 Deum.
705 1472 782 1506 Quod
797 1473 819 1500 si
837 1475 929 1507 itaque
940 1479 984 1499 sa-

203 1519 342 1545 cerdotum
365 1519 432 1546 ordo
449 1518 602 1546 illustrandi
621 1519 675 1546 vim
692 1518 783 1552 habet,
801 1518 921 1553 profecto
937 1525 984 1551 pe-

202 1563 274 1590 nitus
299 1563 428 1590 abhorret
455 1571 469 1590 a
487 1563 659 1591 sacerdotum
683 1563 780 1591 ordine
795 1571 827 1591 ac
842 1563 982 1595 facilitate.
1001 1592 1003 1594 ,

202 1609 326 1644 quisquis
348 1609 500 1636 illustrandi
521 1609 548 1636 vi
575 1614 668 1642 caret;
695 1609 833 1643 multoque
859 1608 944 1643 magis
960 1609 984 1637 is

202 1654 246 1688 qui
264 1655 379 1681 necdum
396 1655 552 1682 illustratus
568 1659 618 1682 est.
639 1655 678 1682 Ac
695 1654 761 1682 mihi
778 1655 885 1690 quidem
903 1655 982 1682 nimis

203 1700 362 1728 temerarius
377 1700 485 1728 videtur
502 1699 673 1734 huiusmodi,
690 1700 713 1727 si
730 1701 908 1728 sacerdotalia
930 1700 980 1728 sibi

201 1745 329 1778 vindicet,
346 1752 434 1780 neque
450 1750 522 1772 metu
540 1753 628 1780 neque
644 1747 745 1781 pudore
760 1753 775 1773 a
787 1746 886 1774 divinis
901 1754 980 1781 supra

202 1790 357 1824 dignitatem
383 1798 459 1818 suam
483 1792 672 1819 consectandis
699 1796 834 1824 arceatur,
851 1797 981 1828 putetque

201 1843 232 1864 ea
250 1835 335 1863 latere
352 1836 447 1869 Deum,
463 1844 578 1871 quorum
596 1837 648 1865 sibi
665 1838 723 1873 ipse
739 1839 866 1866 conscius
882 1839 937 1873 sit;
954 1844 982 1867 et

201 1891 232 1910 sc
248 1883 330 1909 Deum
348 1882 442 1910 fallere
457 1883 609 1917 existimat,
625 1891 706 1919 quem
723 1884 792 1913 falso
809 1886 918 1912 nomine
933 1893 982 1921 ap-

202 1927 301 1962 pellant
329 1927 449 1961 Patrem,
481 1929 616 1963 audetque
644 1929 773 1958 scelestas
801 1930 981 1965 blasphemiae

201 1981 264 2001 suas
281 1973 389 2009 (neque
406 1975 479 2002 enim
496 1981 592 2010 preces
608 1974 742 2010 dixerim)
767 1976 793 2003 in
810 1976 908 2004 divinis
925 1984 980 2012 my-

1034 1116 1095 1140 τες;
1113 1108 1183 1142 Ἐγὼ
1196 1108 1224 1135 δὲ
1238 1108 1441 1144 ἀπολογήσομαί
1455 1117 1495 1134 σοι
1508 1108 1576 1144 πρὸς
1587 1108 1673 1135 ταῦτα
1683 1116 1690 1123 ·
1706 1109 1753 1134 καὶ
1765 1108 1821 1142 γὰο

1032 1155 1083 1181 οὐκ
1096 1154 1190 1190 ἐχθρὸς
1203 1155 1217 1181 ό
1231 1153 1395 1190 Δημόφιλος,
1406 1153 1604 1189 οὺδὲάνέξομαί
1617 1162 1646 1180 σε
1657 1154 1821 1183 πλεονεκτη-

1033 1199 1112 1235 θῆναι
1134 1199 1172 1235 τῷ
1183 1200 1310 1235 Σατανᾷ·
1332 1201 1378 1226 καὶ
1401 1199 1455 1236 γὰρ
1471 1200 1571 1235 ἑκάστη
1592 1199 1645 1226 τῶν
1668 1200 1733 1235 περὶ
1753 1200 1821 1229 Εἐὲν

1033 1245 1211 1280 διακόσμησις
1241 1245 1422 1280 θεοειδεστέρα
1440 1245 1489 1281 τῆς
1512 1245 1610 1281 μᾶλλον
1631 1246 1820 1280 ἀφεστηκυίας

1034 1291 1108 1318 ἔστί·
1133 1292 1179 1318 καὶ
1202 1292 1382 1327 φωτεινότερα
1402 1292 1458 1327 ἅμα
1478 1293 1525 1318 καὶ
1542 1292 1766 1327 φωτιστικώκερα
1785 1292 1820 1318 τὰ

1035 1337 1133 1372 μᾶλλον
1148 1337 1187 1373 τῷ
1203 1337 1296 1373 ἀληθεῖ
1310 1338 1378 1372 φωτὶ
1388 1338 1410 1354 ⁸⁸
1425 1338 1611 1373 πλησιαίτερα.
1634 1338 1690 1364 Καὶ
1713 1337 1750 1372 μὴ
1773 1345 1822 1362 το-

1034 1383 1120 1415 πικῶς
1136 1383 1276 1416 ὲκλάδοις,
1291 1383 1357 1410 ἀλλὰ
1372 1383 1442 1410 κατά
1455 1384 1505 1418 τὴν
1524 1383 1645 1418 θεοδόχον
1666 1382 1815 1417 ἐπιτηδειό-

1032 1438 1118 1465 τητα,
1137 1430 1182 1456 τὸν
1197 1429 1375 1465 πλησιασμόν.
1393 1430 1424 1455 El
1440 1429 1554 1464 τοίνυνὴ
1569 1428 1623 1455 τῶν
1645 1428 1740 1464 ἱερέων
1758 1427 1818 1454 δια-

1033 1476 1166 1512 κόσμησις
1181 1476 1254 1502 ecl-rw
1269 1476 1285 1511 ὴ
1301 1474 1460 1510 φωτιστικὴ,
1476 1473 1613 1504 παντελῶς
1633 1473 1817 1502 ἀποπεπτωκε

1032 1523 1082 1558 τῆς
1098 1522 1237 1558 ἱερατικῆς
1257 1521 1358 1553 τάξεως
1372 1521 1419 1547 καὶ
1435 1520 1573 1556 δυνάμεως
1593 1520 1608 1545 ὁ
1632 1518 1669 1554 μὴ
1691 1526 1819 1552 (persta-ct—

1033 1569 1097 1600 κός·
1119 1566 1138 1604 ἦ
1161 1567 1212 1595 πού
1234 1575 1266 1601 γε
1290 1567 1387 1602 μᾶλλον
1404 1567 1419 1593 ὁ
1436 1565 1596 1600 ἀφώτιστος.
1612 1565 1667 1591 Καὶ
1682 1563 1818 1599 τολμηρὸς

1033 1614 1127 1650 ἔμοιγε
1143 1613 1216 1640 δοκεῖ
1230 1614 1286 1644 τοῖς
1306 1621 1336 1639 τε
1352 1613 1499 1648 ἱερατικοῖς
1512 1612 1526 1637 ὸ
1538 1610 1656 1642 τοιοῦτος
1671 1609 1816 1645 ἐγχειρῶν,

1032 1660 1080 1687 καὶ
1093 1659 1123 1686 οὔ
1141 1659 1258 1686 δέδοικεν
1276 1658 1337 1685 οὐδὲ
1353 1657 1507 1692 αἰσχύνεται
1528 1657 1562 1683 τὰ
1584 1657 1644 1684 θεῖα
1667 1656 1744 1692 παρά
1765 1656 1816 1691 τὴν

1033 1705 1110 1738 ἀξίαν
1123 1704 1237 1736 διώκων,
1252 1704 1299 1731 καὶ
1314 1703 1434 1738 οίὸμενος
1447 1703 1513 1729 Θεὸν
1523 1703 1638 1736 ἀγνοεῖν,
1650 1702 1721 1738 ἅπερ
1735 1701 1816 1734 αὐτὸς

1032 1750 1121 1786 ἑαυτῷ
1137 1744 1302 1784 συνέγνωκε,
1319 1750 1367 1776 καὶ
1383 1749 1489 1783 ἀπατᾷν
1501 1747 1605 1783 νομίζει
1620 1747 1665 1774 τὸν
1680 1747 1816 1782 ψευδωνύ-

1034 1804 1091 1832 μως
1111 1796 1156 1822 ὑπ’
1171 1794 1252 1831 αὐτοῦ
1271 1794 1381 1829 Πατέρα
1398 1793 1572 1829 καλοέμενον,
1593 1792 1641 1819 καὶ
1661 1792 1748 1827 τολμᾷ
1766 1792 1816 1824 τὰς

1031 1842 1138 1875 ἐναγεῖς
1155 1839 1237 1867 αὐτοῦ
1250 1839 1403 1874 δυσφημίας
1412 1839 1434 1854 ⁸⁸
1449 1837 1494 1874 (οὐ
1507 1837 1562 1873 γάρ
1577 1836 1682 1872 εἴποιμι
1701 1844 1817 1871 προσευ-

1031 1886 1109 1922 χάςν)
1135 1886 1183 1912 ἐπὶ
1205 1885 1239 1912 τά
1256 1884 1316 1912 θεῖα
1332 1884 1452 1920 σύμϐολα
1475 1882 1647 1919 χριστοειδῶς
1669 1881 1815 1915 ἐπιλέγειν.

1033 1933 1090 1960 υὺκ
1105 1932 1178 1959 ἐστιν
1193 1929 1271 1963 οὗτος
1287 1931 1392 1967 ἱερεὺς,
1404 1930 1456 1957 οὐκ
1471 1929 1553 1961 ἔστιν,
1575 1927 1642 1955 ἀλλά
1663 1927 1816 1963 δυσμενὴς,

1031 1978 1130 2011 δόλιος,
1147 1978 1302 2013 ὲμπαίκτης
1323 1975 1437 2008 ἑαυτοῦ,
1457 1975 1505 2002 καὶ
1526 1974 1606 2006 λύκος
1625 1974 1671 2000 ἐπὶ
1685 1973 1730 2000 τὸν
1745 1973 1817 2000 θεῖον

201 2020 293 2048 steriis
317 2019 545 2048 Cltristil'ormiter
569 2022 758 2056 pronuntiare.
781 2021 840 2049 Non
863 2027 906 2050 est
929 2023 982 2050 iste

1035 2023 1091 2050 λαὸν
1106 2023 1146 2058 τῷ
1159 2023 1182 2040 ’⁸
1197 2022 1285 2058 κωδίῳ
1301 2021 1532 2056 καθωπλισμένος.

201 2065 339 2097 sacerdos,
374 2073 428 2093 non
459 2069 515 2098 est,
539 2066 586 2093 sed
611 2065 748 2099 inimicus,
773 2066 895 2100 dolosus,
919 2066 1015 2095 illusor
1030 2068 1089 2102 sui,
1112 2072 1140 2095 et
1165 2067 1244 2102 lupus
1265 2067 1292 2094 in
1325 2066 1492 2094 Dotniuicum
1516 2072 1625 2100 gregem
1650 2064 1729 2092 ovina
1748 2063 1818 2098 pelle

201 2115 320 2139 armatus
331 2115 354 2139 ⁵.

968 2150 982 2187 5
1002 2148 1054 2179 ιιι.

237 2208 270 2235 At
284 2207 442 2243 Demophilo
468 2209 508 2236 fas
524 2217 577 2236 non
604 2213 648 2237 est
664 2209 716 2237 ista
731 2209 880 2245 corrigere.
909 2208 976 2236 Nam

201 2253 223 2280 si
240 2252 346 2280 divinus
359 2260 448 2281 sermo
460 2253 534 2289 justa
559 2254 630 2289 iuste
654 2254 780 2289 prosequi
805 2253 977 2289 jubet(juste

1035 2254 1084 2290 γὰρ
1093 2255 1109 2289 ὴ
1118 2252 1240 2287 θεολογία
1251 2251 1361 2283 δικαίως
1373 2250 1408 2277 τὰ
1416 2251 1506 2277 δίκαια
1517 2248 1621 2276 κελεύει
1638 2248 1818 2284 μεταδιώκειν

200 2304 266 2324 vero
281 2298 416 2332 prosequi,
435 2303 478 2326 est
493 2299 638 2334 unicuique
666 2299 737 2334 quod
760 2307 836 2327 suum
855 2304 897 2327 est
929 2307 978 2334 pro

1035 2300 1131 2336 [δίκαια
1143 2299 1171 2326 δέ
1188 2300 1245 2325 ἐστι
1261 2296 1447 2333 μεταδιώκειν,
1458 2297 1521 2323 ὅταν
1538 2295 1682 2329 ἀπονέμειν
1693 2294 1782 2321 ἐθέλοι
1795 2296 1816 2310 ¹¹

202 2343 307 2370 meritis
318 2344 531 2379 reddere),juste
545 2345 608 2373 illud
618 2346 744 2374 omnibus
757 2347 982 2380 prosequendum,

1035 2354 1074 2378 τις
1091 2345 1197 2380 ἑκάστῳ
1209 2344 1242 2371 τὰ
1250 2344 1309 2371 κατ’
1323 2343 1400 2376 ἀξίαν
1410 2342 1429 2378 ·)
1443 2341 1553 2373 δικαίως
1565 2341 1644 2367 τοῦτο
1659 2341 1726 2367 πᾶσι
1737 2348 1822 2374 μετατ

202 2395 255 2416 non
272 2393 369 2423 praeter
389 2397 466 2426 suam
486 2389 645 2425 dignitatem
661 2395 708 2418 aut
721 2391 862 2423 ordinem;
879 2398 940 2418 nam
952 2396 979 2419 et

1035 2390 1166 2423 διωκτέον,
1179 2390 1209 2416 οὐ
1224 2389 1298 2425 παρά
1315 2389 1364 2424 τὴν
1383 2388 1485 2415 ἑαυτῶν
1510 2386 1588 2420 ἀξίαν
1610 2386 1627 2421 ἤ
1643 2386 1738 2419 τάξιν·
1755 2386 1821 2412 ἐπεὶ

203 2433 307 2468 angelis
328 2433 432 2469 justum
449 2439 492 2462 est
502 2434 589 2462 oﬂicia
605 2436 751 2463 secundum
766 2436 863 2464 merita
887 2436 978 2467 tribui.

1035 2437 1077 2463 καὶ
1093 2436 1216 2471 ἀγγέλοις
1233 2435 1335 2462 δίκαιον
1349 2433 1532 2468 ἀπονέμεσθαι
1547 2432 1581 2458 τά
1591 2432 1650 2459 κατ’
1664 2431 1755 2463 ἀξίαν,
1769 2432 1817 2458 καὶ

203 2486 236 2506 ac
257 2478 374 2513 deliniri,
393 2487 446 2507 non
463 2484 554 2507 tamen
568 2487 583 2507 a
609 2481 696 2513 nobis,
714 2488 731 2508 ο
749 2480 920 2517 Demophile,
932 2482 979 2509 sed

1035 2480 1206 2516 ἀφορίζεσθαι
1218 2480 1241 2496 ⁹¹
1251 2499 1258 2510 ,
1271 2479 1338 2514 πλὴν
1352 2479 1381 2506 οὺ
1393 2479 1461 2514 πρὸς
1474 2477 1563 2512 ἡμῶν,
1578 2473 1601 2503 ὧ
1618 2475 1769 2511 Δημόφιλε,
1782 2475 1816 2501 δι’

203 2531 251 2558 per
263 2531 311 2553 eos
326 2524 404 2552 nobis
416 2532 450 2552 ex
465 2525 530 2558 Deo,
546 2530 574 2553 et
600 2525 665 2560 ipsis
693 2526 728 2554 ab
742 2526 845 2561 angelis
858 2527 981 2561 superio—

1035 2526 1119 2554 αὐτῶν
1131 2526 1159 2553 δὲ
1173 2526 1238 2561 ἡμῖν
1247 2525 1278 2552 ὲκ
1293 2524 1369 2556 Θεοῦ,
1382 2525 1428 2551 καὶ
1439 2524 1529 2555 αὺτοῖς
1547 2522 1591 2549 διὰ
1605 2522 1660 2549 τῶν
1675 2522 1715 2548 ἔτι
1729 2522 1816 2557 προὺ-

204 2569 290 2598 ribus.
321 2572 361 2598 Ac
388 2570 546 2606 simpliciter
554 2571 698 2606 loquendo,
715 2571 742 2599 in
755 2572 881 2600 omnibus
899 2573 980 2600 rebus

1035 2571 1131 2608 χόντων
1151 2571 1283 2606 ἀγγέλων.
1306 2570 1362 2597 Καὶ
1381 2569 1474 2601 ἁπλῶς
1502 2569 1598 2600 είπεῖν,
1622 2568 1651 2593 ὲν
1677 2567 1744 2594 πᾶσι
1760 2566 1816 2598 τοῖς

1071 2207 1140 2234 Ἀλλ’
1158 2207 1188 2233 οὺ
1213 2205 1357 2242 Δημοφίλῳ
1378 2204 1463 2232 ταῦτα
1491 2204 1598 2240 θεμιτὸν
1623 2203 1755 2230 εὐθύνειν.
1784 2204 1817 2230 Εἰ

295 2645 305 2665 ι
322 2648 377 2677 Jer.
394 2656 474 2681 xxut,
490 2648 534 2676 21.
572 2652 591 2664 ·
609 2647 670 2675 lsai.
688 2656 763 2679 LXVI.
781 2649 808 2676 5.
847 2653 861 2668 ιι
878 2648 975 2676 Matth.
994 2656 1041 2680 vn,
1057 2648 1103 2676 23.
1141 2647 1175 2675 οι
1191 2647 1257 2682 Reg.
1276 2654 1320 2679 xv,
1340 2645 1385 2674 22.
1437 2651 1452 2671 P
1468 2645 1546 2674 Rom.
1565 2653 1602 2678 xI,
1628 2644 1674 2678 20;
1692 2653 1742 2675 xu,
1768 2645 1795 2672 5.

204 2690 219 2711 ς
235 2684 313 2712 Rom.
330 2691 360 2717 ιι,
376 2684 422 2711 23.
461 2689 473 2703 ι
489 2684 550 2711 Act.
568 2691 624 2716 xix,
641 2683 669 2710 2.
707 2689 718 2703 ’
736 2683 832 2711 Matth.
852 2692 900 2716 vn,
920 2683 962 2710 t5.

848 2761 963 2789 VARle
983 2759 1181 2788 LECTIONES.

229 2816 234 2819 ξ
257 2829 280 2847 ⁵⁷
295 2818 492 2864 ὲξαγγὲλλούσι,
511 2829 539 2857 S.
558 2829 588 2856 Ρ.
627 2828 703 2864 "ﬁt
719 2828 836 2864 ἀληθινῷ
851 2827 972 2864 φωτί,νὶ
1058 2827 1080 2842 ¹⁹
1098 2825 1281 2864 βλασφημίας,
1298 2825 1328 2854 C.
1366 2825 1432 2861 ὀτῷ
1445 2832 1497 2854 non
1514 2828 1557 2853 est
1572 2825 1600 2853 in
1618 2823 1648 2852 S.
1683 2823 1704 2841 ⁹¹
1723 2823 1810 2855 ἐθέλῃ,

207 2865 238 2893 D.
289 2861 428 2897 ’ίδίκαιος
444 2863 618 2900 ἀφορίζεσθαι
633 2863 667 2892 τὰ
683 2861 743 2892 κατ’
760 2861 848 2898 ἀξίαν,
859 2861 911 2891 καὶ
927 2861 1103 2898 ἀφορίζεταις
1114 2861 1133 2888 S
