1914 3061
113 178 126 205 Ι
133 178 186 206 095

824 175 997 204 EPISTOLA
1010 175 1077 204 Vl".

1681 178 1749 208 1094

108 237 172 265 οὖσι
185 238 229 266 διὰ
240 237 295 266 τῶν
313 238 429 274 πρῶτων
447 238 503 269 τοῖς
514 237 649 273 δευτέροις
663 237 860 273 ἀπονέμεταιη
869 237 899 264 τὰ

957 243 1005 271 per
1021 235 1125 270 primas
1138 235 1275 268 secundis,
1289 243 1304 263 a
1315 240 1392 263 recta
1403 235 1616 271 aequissimaque
1627 237 1748 265 omnium

109 285 172 312 κατ’
184 285 262 317 ἀξίαν
276 284 329 311 ὑπὸ
341 285 392 319 τῆς
408 284 516 311 πάντων
531 284 664 311 εὐτάκτου
675 284 723 310 καὶ
731 283 905 319 δικαιοτάτης

109 331 239 367 προνοίας
253 339 259 346 ·
278 331 301 357 οἱ
320 330 370 366 μὲν
382 328 428 358 οὖν
441 331 489 357 καὶ
504 330 592 358 ἄλλων
607 330 738 366 ἐπάρχειν
763 329 816 357 ὑπὸ
836 330 904 357 Θεοῦ

108 377 256 412 ταχθέντες
268 375 438 412 ἀπονείμωσι
450 376 475 392 ’⁸
504 376 564 412 μεθ’
576 377 688 408 ἑαυτοὺς
705 377 752 403 καὶ
765 377 823 408 τοῖς
833 376 905 412 ὑπη-

108 424 185 455 κόοις
198 424 233 450 τὰ
251 424 312 450 κατ’
331 423 420 455 ἀξίαν.
443 423 597 459 Δημόφιλος
616 422 644 450 δὲ
662 423 732 460 λόγῳ
752 429 800 451 καλ.
815 423 902 459 θυμῷ,

109 470 159 497 καὶ
174 469 306 506 ἐπιθυμίᾳ
313 469 348 496 τὰ
366 469 427 497 κατ’
438 469 517 503 ἀξίαν
539 469 705 505 ἀφοριζέτω,
731 470 779 497 καὶ
795 470 832 505 μὴ
847 469 905 497 ἀδι-

105 516 194 544 κείτω
209 517 258 552 τὴν
274 516 374 544 ἑαυτοῦ
393 516 482 550 τάξιν,
512 516 570 543 ἀλλ’
592 516 736 553 ὲπαρχὲτω
758 516 813 544 τῶν
825 517 903 550 ὑφει-

111 563 199 598 μένων
213 563 227 589 ὁ
246 563 445 599 ὑπερκείμενος
471 563 561 597 λόγος.
587 563 620 589 Εἰ
649 563 704 599 γὰρ
727 563 771 589 ἐπ’
799 563 904 599 ἀγορᾶς

111 608 211 640 [δόντες
224 608 246 625 η
262 609 369 644 οἰκέτην
379 609 506 646 δεσπότῃ,
520 609 567 636 καὶ
578 609 754 645 πρεσὸυτέρῳ
762 608 902 645 νεώτερον,

108 652 126 688 ἦ
147 653 194 680 xui.
208 653 266 681 υἱὸν
278 654 362 693 πατρὶ
368 653 531 689 διαλοιδορού
537 661 626 688 μενον,
641 654 699 689 ἅμα
710 654 757 681 καὶ
778 654 901 686 ἐπιόντα,

109 700 158 726 καὶ
184 700 292 736 πληγὰς
306 699 462 727 ἐπιτιθέντα
475 701 510 733 ⁸⁵,
525 701 572 728 καὶ
586 701 696 727 ἀσεϐεῖν
709 701 863 737 ἐδοκοῦμεν,
878 703 902 729 εί

111 746 161 781 μὴ,
171 747 227 778 τοῖς
241 746 395 782 κρείττοσιν
408 746 614 782 ἐπιδραμόντες,
630 746 828 783 ὲῦοηθήσαμεν,
841 747 902 774 καί-

108 799 151 817 τοι
164 799 195 825 γε
211 791 275 824 ἴσως
292 792 390 818 ἐκεῖνοι
405 792 585 828 προηδίκηντο
599 801 606 807 ·
624 792 683 824 πῶς
697 793 746 820 οὐκ
758 793 904 829 αίσχυνθη-

111 837 216 873 σόμεθα
237 838 418 874 παρορῶντες
440 839 492 866 ὑπὸ
504 839 591 875 θυμοῦ
605 840 652 867 καὶ
674 840 822 875 ἐπιθυμίας
846 841 903 867 ἀδι-

109 883 244 919 κούμενον
260 883 350 919 λόγον,
365 885 410 912 καὶ
437 885 486 921 τῆς
509 886 542 913 ἐκ
570 886 638 913 Θεοῦ
667 886 791 922 δοθείσης
816 887 903 923 ἀρχῆς

109 929 320 965 ἐκϐαλλόμενον,
355 931 402 957 καὶ
426 931 456 958 ὲν
485 931 590 964 ἑαυτοῖς
626 932 712 967 ἀσεϐῆ
733 932 781 959 καὶ
806 932 898 960 ἄδικον

107 975 233 1008 ἀταξίαν,
248 976 294 1002 καὶ
311 976 414 1009 στάσιν,
428 977 475 1004 καὶ
487 977 624 1012 ἀκοσμίαν
635 978 786 1014 ἐγείροντες
799 987 806 1011 ;
820 979 899 1006 Elud-

106 1030 164 1054 τως
178 1022 193 1048 ὀ
209 1023 343 1058 μακάριος
356 1023 436 1059 ἡμῶν
459 1025 491 1051 ὲκ
508 1024 576 1051 Θεοῦ
588 1025 735 1061 νομοθέτης
763 1026 813 1053 οὐκ
828 1026 900 1060 ἀξιοῖ

107 1067 158 1102 τῆς
174 1067 338 1104 Ἔκκλησίας
355 1068 402 1095 τοῦ
422 1069 489 1096 Θεοῦ
514 1070 694 1105 προΐστασθαι
724 1071 770 1098 τὸν
800 1072 836 1108 μὴ
850 1072 898 1099 τοῦ

109 1113 176 1140 ἰδίου
189 1113 263 1141 οἴκου
276 1114 365 1146 καλῶς
379 1115 429 1151 ἤδη
443 1115 633 1151 προεστηκότα
643 1125 649 1131 ’
663 1117 710 1144 καὶ
725 1116 779 1152 γὰρ
793 1117 898 1151 ὁτάξας

109 1159 205 1186 ἐαυτδν
214 1160 263 1186 καὶ
280 1160 372 1195 ἕτερον
383 1161 458 1194 τάξει
470 1169 477 1176 ·
493 1162 539 1188 καὶ
551 1162 566 1188 ό
581 1161 675 1197 ἕτερον
686 1162 734 1189 καὶ
745 1160 818 1189 οἷκον
827 1170 836 1177 ‘
850 1163 897 1190 καὶ

108 1205 124 1231 ὁ
137 1203 210 1232 οἶκον
224 1207 270 1232 καὶ
282 1205 358 1233 πόλιν
371 1215 377 1221 ·
392 1208 439 1234 καὶ
456 1207 470 1233 ὁ
485 1207 561 1234 πόλιν
577 1207 624 1234 καὶ
640 1207 715 1239 ἔθνος
726 1216 733 1223 ο
743 1208 790 1235 καὶ
804 1207 897 1240 ἁπλῶς

109 1251 207 1283 εἰπεῖν,
218 1252 256 1284 ὼς
269 1251 303 1278 τὰ
317 1252 396 1287 λόγιά
408 1262 500 1289 φησιν,
514 1255 529 1281 ό
539 1255 567 1280 ὲν
585 1253 668 1290 ὀλίγῳ
680 1253 789 1286 πιστὸς,
807 1255 854 1282 καὶ
868 1256 898 1282 ὲν

109 1297 201 1333 πολλῷ
217 1298 312 1331 πιστός
340 1300 398 1326 ἐστι
409 1308 416 1314 ·
433 1300 480 1327 καὶ
490 1300 544 1327 ὀὲν
565 1300 648 1337 ὀλίγῳ
674 1301 853 1335 ἄπιστος,κώ
868 1303 898 1330 ὲν

109 1343 200 1380 πολλῷ
212 1345 324 1377 ἄπιστός
345 1346 429 1372 ἐστιν.

955 282 1138 318 providentia,
1156 283 1256 318 cuique
1280 283 1356 318 justa
1384 291 1434 319 pro
1452 284 1560 311 meritis
1580 284 1748 318 tribuuntur.

956 333 986 356 ut
1005 329 1134 356 nimirum
1158 329 1175 356 ii
1190 329 1235 364 qui
1259 337 1273 356 a
1298 330 1353 357 Deo
1381 329 1500 358 ordinati
1526 335 1590 358 sunt
1615 331 1748 366 pmsides

955 375 1082 408 aliorum,
1102 375 1278 404 inferioribus
1294 384 1404 412 quoque
1427 378 1599 413 subditisque
1614 379 1671 406 suis
1694 386 1745 414 pro

951 421 1062 449 meritis
1080 421 1255 449 distribuant.
1275 422 1452 458 Demophilus
1467 423 1559 459 itaque
1575 425 1694 451 sermoni
1711 433 1747 453 ac

953 467 1042 495 furori
1060 468 1346 503 concupiscentiaaque
1362 477 1428 500 suae.
1441 469 1613 504 sicutdecel,
1636 471 1747 499 modum

955 518 1070 546 statuat,
1095 521 1184 548 neque
1205 514 1328 542 ordinem
1342 515 1438 547 violet.
1454 515 1501 543 sed
1532 516 1603 543 ratio
1620 517 1748 552 superior

955 560 1132 588 inferioribus
1146 560 1313 589 dominetur.
1336 560 1404 589 Nam
1420 561 1455 593 si.
1470 569 1531 588 cum
1548 562 1574 589 in
1589 562 1647 590 foro
1672 563 1749 591 vide—

955 615 1014 635 mus
1029 607 1159 634 famulum
1173 607 1297 640 domino,
1312 607 1415 635 seniOri
1426 607 1675 641 adolescentulum,
1688 610 1748 638 sive

954 652 1036 680 etiam
1065 651 1150 679 lilium
1178 651 1250 686 patri
1279 652 1461 684 maledicere,
1482 652 1619 687 simulque
1642 654 1745 688 impetu

954 698 1030 726 facto
1046 697 1139 733 plagas
1156 697 1269 730 inferre,
1293 698 1422 732 pietatem
1436 698 1538 726 violare
1548 698 1681 732 videmur,
1694 700 1746 728 nisi

953 749 1140 777 accurrentes,
1153 745 1391 779 praestantioribus
1399 752 1478 780 opem
1485 745 1562 773 terre
1573 746 1744 779 studeatnus,

953 790 1152 826 quantumlibet
1167 789 1204 817 illi
1224 789 1341 818 fortasse
1357 790 1432 825 prius
1447 790 1589 818 intulerint
1599 790 1743 825 iniuriam:

952 845 1002 865 cur
1017 845 1070 864 non
1085 836 1285 869 erubescimus.
1302 837 1348 871 qui
1374 837 1508 864 rationem
1523 838 1557 865 ab
1573 837 1613 865 ira
1625 842 1653 865 et
1677 845 1744 866 con—

953 881 1121 916 cupiscentia
1138 881 1247 913 violari,
1269 886 1297 908 et
1310 889 1326 908 a
1340 882 1439 908 tradito
1453 881 1505 909 sibi
1523 882 1652 910 divinitus
1666 883 1744 918 prin-

950 927 1040 961 cipatu
1057 926 1135 962 dejici
1147 927 1271 954 videmus
1280 931 1361 962 atque
1378 927 1551 963 negligimus,
1568 934 1650 964 atque
1670 929 1743 956 intra

953 973 1145 1008 nosmetipsos.
1159 973 1243 1009 602
1256 973 1369 1008 impiam
1389 974 1575 1009 iniustamque
1599 975 1744 1003 temerita—

953 1024 1006 1047 tem
1032 1027 1064 1047 ac
1097 1020 1258 1047 seditionem
1292 1019 1537 1055 contusionemque
1566 1020 1744 1048 excitamus?

952 1065 1051 1093 Merito
1069 1073 1136 1094 sane
1161 1065 1271 1093 divinus
1301 1071 1394 1093 noster
1415 1066 1519 1101 legifer,
1547 1066 1677 1094 Ecclesiae
1696 1067 1743 1095 Dei

951 1111 1053 1145 praeﬁci
1077 1111 1203 1146 prohibet
1225 1112 1310 1139 eutnt
1327 1113 1372 1147 qni
1388 1118 1472 1140 antea
1496 1113 1589 1140 domui
1611 1121 1667 1141 suae
1689 1122 1742 1141 non

950 1156 1201 1192 benepraai‘uitu:
1224 1157 1269 1193 qui
1284 1158 1356 1185 enim
1381 1159 1501 1193 seipsum
1526 1166 1622 1194 regere
1655 1160 1742 1192 novit,

951 1208 978 1231 et
989 1203 1105 1230 alterum
1122 1208 1217 1238 reget;
1232 1203 1279 1238 qui
1296 1204 1424 1236 alterum.
1452 1205 1535 1232 etiam
1549 1205 1677 1238 domum;
1695 1206 1743 1240 qui

951 1250 1073 1282 domum,
1088 1249 1171 1276 etiam
1185 1249 1326 1276 civitatem
1340 1257 1347 1282 ;
1367 1254 1394 1277 et
1418 1249 1465 1285 qui
1492 1250 1644 1281 civitatein.
1659 1251 1743 1278 etiam

952 1299 1077 1330 gentem;
1101 1299 1193 1330 atque,
1207 1299 1238 1321 ut
1253 1295 1410 1322 summatim
1431 1295 1533 1327 dicam,
1547 1295 1624 1330 juxta
1647 1303 1742 1323 vocem

953 1341 1096 1374 Veritatis,
1117 1341 1163 1377 qui
1177 1342 1201 1368 in
1218 1341 1327 1368 modico
1344 1340 1431 1369 ﬁdelis
1445 1346 1498 1374 est,
1514 1341 1597 1369 etiam
1613 1341 1640 1369 in
1657 1342 1743 1369 multo

954 1388 1044 1416 ﬁdelis
1057 1389 1129 1420 erit;
1144 1393 1172 1415 et
1187 1388 1233 1423 qui
1257 1388 1284 1415 in
1302 1387 1417 1415 modico
1429 1388 1559 1421 inﬁdelis,
1572 1393 1600 1416 et
1613 1388 1640 1416 in
1657 1388 1742 1415 multo

952 1442 1062 1471 quoque
1077 1433 1194 1462 inﬁdelis
1208 1434 1262 1462 erit
1276 1438 1303 1457 '-

887 1516 902 1553 ᾗ
924 1515 980 1546 IV.

145 1587 230 1620 Δὺτδς
251 1587 300 1623 μὲν
318 1585 365 1615 οὖν
384 1588 526 1625 ἐπιθυμίᾳ,
541 1586 588 1615 καὶ
607 1587 696 1624 θυμῷ,
714 1588 761 1616 καὶ
773 1588 846 1624 λόγῳ
864 1587 899 1615 τὰ
913 1597 937 1628 (τ

107 1634 171 1660 κατ’
190 1633 413 1670 ἀξίανάφόριζε,
434 1635 475 1662 σοι
493 1635 522 1662 δὲ
542 1636 566 1662 οἱ
586 1635 652 1662 θεῖοι
671 1635 836 1671 λειτουργοὶ,
852 1635 899 1662 καὶ

107 1679 214 1712 τούτοις
232 1681 256 1706 οἱ
276 1681 368 1716 ἱερεῖς,
385 1681 508 1717 ίεράρχαι
524 1681 552 1707 δὲ
570 1682 626 1713 τοῖς
641 1681 753 1716 ἱερεῦσι,
779 1681 826 1707 καὶ
843 1682 899 1713 τοῖς

109 1724 253 1760 ἱεράρχαις
269 1726 295 1751 οἱ
315 1725 469 1757 ἀπόστολοι,
488 1725 535 1752 καὶ
553 1727 577 1752 oi
591 1726 645 1752 τῶν
664 1725 821 1752 ἀποστόλων
839 1725 898 1752 διά-

108 1769 191 1804 δοχοι.
212 1770 267 1796 Καὶ
274 1770 301 1796 εί
310 1770 359 1797 πού
369 1779 412 1802 τις
423 1771 452 1797 ὲν
460 1771 573 1802 ἐκείνοις
583 1770 629 1797 τοῦ
640 1771 824 1807 προσήκοντος
831 1771 899 1797 ἀπο-

110 1815 235 1850 σφαλείη,
242 1815 317 1851 παρὰ
327 1815 382 1842 τῶν
389 1815 531 1850 ὁμοταγῶν
537 1815 622 1850 ἁγίων
633 1815 896 1851 ἐπανορθωθήσεται,

109 1861 156 1888 καὶ
163 1861 193 1887 οὐ
203 1861 451 1897 περιστραφήσεται
459 1860 534 1894 τάξις
541 1861 586 1888 ἐπὶ
592 1860 738 1894 τάξιν,ἀλλ⁵
748 1861 860 1893 ἕκαστος
869 1863 898 1889 ἐν

108 1908 142 1942 τῇ
151 1907 225 1940 τάξει
232 1907 314 1934 αὑτοῦ
323 1909 369 1934 καὶ
379 1908 407 1934 ὲν
414 1909 445 1943 τῇ
455 1908 608 1944 λειτουργίᾳ
618 1907 699 1935 αὑτοῦ
706 1908 791 1935 ἔσται.
799 1908 899 1935 Τοσαῦ-

108 1952 143 1979 τά
154 1961 193 1979 σοι
204 1954 267 1989 παρ’
276 1953 353 1989 ἡμῶν
367 1954 436 1989 ὑπὲρ
444 1953 490 1980 τοῦ
504 1954 601 1981 εἰδέναι
609 1954 656 1981 καὶ
667 1956 732 1991 δρᾷν
742 1954 777 1982 τὰ
790 1954 895 1982 ἑαυτοῦ.

109 1999 177 2034 Περὶ
196 1999 224 2026 ὀὲ
238 2000 287 2035 τῆς
304 2001 344 2031 είς
356 2000 402 2026 τὸν
427 2000 511 2036 ἄνδρα
526 2000 581 2033 τὸν,
606 2000 643 2033 ὡς
663 2002 725 2038 φῂς,
745 2001 830 2038 ἀσεϐῆ
850 2002 898 2028 κιιι)⁸

109 2045 247 2081 ἀλιτήριον
262 2046 470 2082 ἀπανθρωπίας,
486 2048 536 2074 οὐκ
564 2045 613 2074 οἷδ’
627 2048 701 2079 ὅπως
711 2048 733 2064 ⁸⁷
744 2048 896 2083 κλαύσομαι

109 2091 140 2117 τὺ
159 2090 316 2127 σύντριμμα
329 2091 377 2118 τοῦ
397 2092 539 2128 ἀγαπητοῦ
560 2101 630 2129 μου·
649 2092 722 2125 τίνος
740 2094 795 2129 γὰρ
814 2093 856 2130 οἴῃ
874 2095 897 2110 ⁸⁸

109 2136 280 2173 θεραπευτὴς
300 2138 345 2172 ὑφ’
356 2137 434 2174 ἡμῶν
453 2138 586 2174 ταχθῆναι
597 2147 603 2172 ;
616 2139 662 2166 καὶ
677 2139 742 2175 γὰρ.
757 2141 780 2166 εἰ
800 2140 837 2176 μὴ
849 2140 896 2167 τοῦ

109 2183 221 2218 ἀγαθοῦ,
235 2185 344 2217 πάντως
363 2185 409 2211 τοῦ
429 2185 475 2212 καὶ
494 2185 573 2221 ἡμῶν
593 2186 700 2223 ἀνάγκη
721 2195 751 2213 σε
767 2185 834 2214 εῖναι
850 2186 897 2214 καὶ

108 2230 158 2265 τῆς
171 2229 230 2257 καθ’
244 2231 317 2266 ἡμᾶς
332 2229 479 2267 θεραπείας
493 2230 556 2267 ὅλης
570 2231 717 2268 ἀλλότριον,
728 2233 774 2260 καὶ
784 2232 842 2269 ὥρα
856 2242 896 2260 σοι

987 1587 1046 1622 Ipse
1058 1594 1124 1622 ergo
1139 1585 1280 1621 cupiditati
1299 1591 1333 1614 ac
1348 1584 1447 1619 furori,
1461 1587 1610 1622 rationique
1626 1584 1663 1612 uti
1691 1591 1741 1626 par

950 1638 1002 1665 cst.
1019 1640 1066 1660 sua
1087 1633 1186 1668 cuique
1200 1632 1466 1668 munia‘prtnscribe,
1486 1632 1534 1659 tibi
1556 1632 1664 1660 interim
1694 1632 1743 1659 da-

950 1681 1025 1711 coni.
1038 1679 1066 1707 et
1078 1679 1120 1706 his
1132 1680 1299 1713 sacerdotes,
1314 1679 1444 1714 praesules
1456 1686 1522 1706 vero
1537 1679 1742 1709 sacerdotibus,

950 1732 1031 1762 atque
1045 1727 1206 1762 praesulibus
1223 1727 1353 1762 apostoli,
1368 1733 1597 1760 successoresque
1624 1730 1735 1760 aposto-

949 1772 1047 1801 lorum.
1066 1774 1134 1801 Atsi
1151 1774 1211 1809 quis
1232 1774 1301 1801 forte
1315 1773 1397 1800 etiam
1420 1772 1492 1799 inter
1515 1772 1575 1799 illos
1595 1780 1610 1799 a
1639 1772 1741 1800 decoro

949 1820 1095 1852 aberrarit,
1115 1820 1139 1848 is
1152 1824 1176 1847 'a
1190 1819 1294 1847 sanctis
1318 1820 1359 1847 sui
1380 1818 1485 1846 ordinis
1511 1818 1676 1853 corrigatur.
1696 1819 1738 1845 sic

949 1874 1037 1901 neque
1052 1866 1120 1893 ordo
1134 1865 1222 1893 ordini
1239 1865 1461 1901 permiscebitur,
1485 1871 1580 1891 verum
1596 1864 1623 1891 in
1638 1863 1741 1897 ordine

949 1913 1063 1948 quisque
1076 1920 1126 1940 suo
1150 1917 1176 1940 et
1193 1912 1283 1940 ollicio
1298 1910 1464 1940 versabitur.
1482 1910 1571 1945 Atque
1597 1910 1654 1937 haec
1676 1909 1739 1945 qni-

949 1960 1010 1986 dem
1027 1959 1074 1987 tibi
1095 1967 1110 1986 a
1128 1958 1208 1986 nobis
1232 1959 1305 1986 dicta
1319 1962 1392 1991 sunt,
1414 1961 1444 1984 ut
1464 1961 1492 1984 et
1519 1957 1592 1983 scias
1612 1960 1639 1983 et
1654 1955 1740 1982 facias

948 2011 1009 2039 qua:
1025 2005 1062 2032 tui
1087 2009 1151 2032 sunt
1167 2004 1299 2032 muneris.
1327 2003 1413 2032 Porro
1431 2003 1465 2030 de
1480 2002 1526 2030 illa
1550 2002 1577 2029 in
1591 2001 1679 2028 virum
1690 2006 1699 2036 (
1711 2006 1741 2028 ιιι

949 2050 1002 2086 ais)
1018 2050 1131 2086 impium
1159 2057 1192 2078 ac
1206 2050 1343 2085 perditum
1368 2049 1549 2082 immanitate,
1578 2047 1672 2075 nescio
1687 2054 1741 2081 quo

947 2096 1013 2124 ﬁetu
1026 2096 1154 2132 plangam
1177 2096 1368 2124 contritionem
1393 2094 1562 2122 dilectissimi
1583 2093 1648 2124 mei,
1661 2092 1740 2127 cujus

948 2143 1055 2171 scilicet
1067 2144 1201 2171 cultorem
1218 2146 1244 2170 te
1261 2142 1407 2170 arbitraris
1424 2149 1438 2169 a
1455 2140 1535 2169 nobis
1559 2139 1739 2168 constitutum

948 2196 1020 2222 esse.
1049 2190 1099 2217 nisi
1129 2194 1205 2218 certe
1219 2189 1291 2217 illius
1305 2188 1404 2216 summi
1429 2187 1492 2216 boni
1509 2187 1598 2215 cultor
1616 2193 1645 2214 es
1656 2205 1664 2218 ,
1676 2192 1741 2221 pro-

948 2234 1022 2263 fecit)
1045 2241 1072 2263 et
1087 2244 1101 2263 ει
1120 2236 1210 2267 nobis.
1236 2235 1348 2263 omnino
1366 2236 1402 2262 et'
1416 2235 1451 2261 ab
1481 2233 1557 2261 omni
1572 2238 1674 2260 nostra:
1700 2239 1740 2258 re-

109 2277 156 2304 καὶ
167 2277 233 2303 Θεὸν
243 2277 369 2313 ζητῆσαι,
389 2278 437 2305 καὶ
447 2278 538 2314 ἱερέας
555 2277 674 2315 ἑτέρους,
689 2280 735 2307 καὶ
750 2282 816 2317 παρ’
826 2281 897 2308 ὲκεί-

951 2281 1058 2317 ligionis
1081 2282 1154 2310 cultu
1175 2282 1280 2310 alienus
1305 2282 1342 2310 sis
1360 2288 1473 2309 necesse
1484 2286 1540 2313 est;
1560 2280 1662 2314 tibique
1681 2277 1738 2313 jam

109 2332 163 2355 νοις
182 2324 349 2360 θηριωθῆναι
371 2325 469 2359 μᾶλλον
487 2324 503 2360 ἢ
523 2325 691 2361 τελεσθῆναι,
704 2329 751 2354 καὶ
769 2326 838 2355 εἷναι
848 2329 897 2365 τῆς

109 2369 189 2404 φίλης
207 2369 404 2404 ἀπανθρωπίας
415 2369 572 2406 ἀμείλικτον
591 2371 741 2408 ὑπηρέτην.
761 2370 833 2409 Ἀρα
843 2373 897 2410 γὰρ

109 2416 188 2451 ἡμεῖς
208 2416 284 2442 αὐτοὶ¹
310 2416 377 2451 πρὸς
396 2416 426 2443 τὸ
446 2417 533 2452 πάντη
554 2417 631 2451 ἆγιον
651 2418 896 2455 ἀποτετελέσμεθα,

109 2462 156 2488 καὶ
167 2461 197 2488 οὐ
216 2461 332 2497 δεόμεθα
339 2462 389 2495 τῆς
408 2462 483 2494 θείας
502 2463 545 2497 ἐφ’
559 2464 665 2496 ἑαυτοῖς
675 2464 896 2501 φιλανθρωπίας;

109 2508 126 2544 ἦ
144 2507 193 2543 τὴν
210 2507 305 2543 διπλῆν
327 2508 484 2544 ἁμαρτίαν,
503 2509 541 2541 ὡς
559 2509 593 2538 τά
616 2509 694 2545 λόγιά
718 2520 795 2547 φησι,
824 2512 896 2540 κατά

109 2555 171 2586 τοὺς
188 2554 295 2586 ἀσεϐεῖς
307 2555 509 2591 ἁμαρτάνομεν,
526 2557 576 2584 οὐκ
602 2558 702 2590 εἰδότες
716 2559 745 2585 ὲν
760 2559 813 2586 τίνι
822 2569 902 2594 προσ-

112 2596 273 2634 κόπτομεν,
306 2598 372 2626 ἀλλά
403 2599 450 2626 καὶ
486 2600 652 2633 δικαιοῦντες
684 2603 813 2635 ἑαυτοὺς,
848 2604 895 2631 καὶ

109 2648 224 2680 οιόμενοι
242 2644 359 2680 βλέπειν,
376 2645 482 2681 ἀληθῶς
500 2646 529 2673 δὲ
545 2647 575 2673 οὐ
595 2647 757 2682 βλέποντες;
785 2649 895 2686 Ἐξέστη

109 2692 124 2718 ό
150 2690 263 2727 οὐρανὸς
293 2691 339 2718 ἐπὶ
367 2691 466 2727 τούτῳ,
487 2692 535 2720 καὶ
566 2692 663 2730 ἔφριξα
681 2695 747 2730 ἐγὼ,
772 2696 820 2723 καὶ
838 2697 896 2724 δια-

156 2771 165 2788 ι
185 2770 193 2798 1
210 2770 282 2798 Τίιιι.
301 2778 331 2804 ιι,
346 2771 375 2799 Ξ.
421 2775 435 2790 ιι
451 2770 505 2799 Tit.
521 2781 544 2800 ι.
580 2777 594 2791 '
610 2772 676 2802 Luc.
695 2782 750 2806 ιιι,
769 2775 812 2802 10.

950 2327 1021 2357 Deus
1040 2329 1110 2357 alius
1134 2330 1296 2364 quaerendus
1311 2333 1363 2362 est,
1391 2333 1472 2364 atque
1498 2328 1544 2354 alii
1571 2326 1739 2357 SﬂCCI’dOlt‘S,

951 2382 980 2404 ut
1001 2376 1072 2412 apud
1085 2376 1146 2404 illos
1155 2375 1277 2404 eﬁereris
1289 2377 1379 2411 potius
1393 2383 1475 2411 quam
1487 2373 1615 2405 initieris,
1630 2371 1739 2400 evadas-

951 2430 1004 2457 que
1019 2422 1114 2450 amicae
1131 2422 1178 2449 tibi
1194 2421 1366 2450 crudelitatis
1391 2420 1520 2449 minister
1545 2418 1738 2454 implacabilis.

951 2468 1062 2496 Scilicet
1079 2475 1128 2496 nos
1143 2468 1192 2503 ipsi
1215 2468 1295 2503 plane
1317 2467 1404 2496 sancti
1416 2472 1444 2494 et
1458 2465 1571 2501 perfecti
1592 2472 1696 2495 sumus,
1710 2469 1738 2491 et

950 2513 1050 2541 divinat
1064 2513 1216 2541 clementiae
1233 2514 1345 2541 minime
1357 2520 1480 2549 egemus.
1496 2511 1622 2545 Nunquid
1639 2510 1738 2545 duplici

950 2565 1063 2595 peccato
1079 2561 1121 2596 (ut
1138 2561 1247 2589 oracula
1267 2561 1428 2596 loquuntur)
1441 2559 1586 2595 impiorum
1603 2565 1679 2586 more
1692 2558 1739 2585 de-

949 2605 1108 2641 linquimus.
1125 2606 1189 2635 dum
1207 2607 1361 2635 nescientes
1373 2606 1399 2634 in
1415 2613 1469 2640 quo
1483 2604 1657 2637 oﬁ‘endimus,
1674 2611 1738 2631 nos-

949 2653 1079 2688 metipsos
1100 2654 1607 2689 insuperjustilicamus,putamusque
1631 2658 1682 2678 nos
1698 2650 1737 2676 vi-

949 2698 1033 2733 dere,
1056 2707 1117 2727 cum
1137 2700 1250 2728 minime
1275 2698 1444 2728 videamus?
1465 2697 1610 2733 Obstupuit
1636 2696 1735 2725 cmlum

759 2833 876 2862 VARl/E
897 2834 1098 2864 LECTIONES.

160 2880 183 2924 '_'
198 2887 339 2924 ἀπονέμει,
363 2888 392 2917 S.

445 2889 467 2906 "
485 2889 652 2926 ἀπονέμωτι,
671 2889 700 2918 S.

111 2921 133 2937 "
151 2922 209 2956 τίει,
228 2923 259 2952 Β.
284 2921 291 2924 ⁷
332 2921 335 2922 ⁷
431 2926 436 2927 ⁷

754 2891 777 2908 ⁸³
794 2891 903 2924 εἰδότες,
929 2892 957 2921 S.
978 2894 1007 2921 ιι.

1060 2895 1082 2911 ἐ
1104 2894 1244 2926 ἐπιθέντα,
1270 2893 1298 2922 S.
1324 2893 1353 2922 Ρ,
1407 2893 1429 2909 "
1456 2892 1505 2920 οἰκ
1527 2890 1585 2921 eiad
1609 2895 1683 2927 τῦκ,
1707 2895 1728 2923 ι)
