1914 3061
181 161 253 189 γωδ

770 161 801 189 ε.
820 161 969 190 υιοΝιειι
988 161 1220 191 ΑΒΕΟΡΑΕΙΤΕ

1755 159 1831 191 1096

183 224 265 252 super
280 217 342 252 hoc,
355 221 384 246 et
393 217 525 246 exhorrui
540 223 603 252 ego.
619 216 741 252 mihique
753 217 803 253 ipsi
818 218 865 246 vix
875 219 969 246 credo.

1022 220 1110 246 πιστῶ
1137 219 1257 255 ἐμαυτῷ.
1278 219 1332 246 Καὶ
1354 220 1379 246 εἰ
1399 218 1437 255 μὴ
1464 219 1520 252 τοῖς
1548 219 1604 251 σοῖς
1624 220 1766 255 ὲνὲτυχσν,
1786 219 1830 252 ὼς

184 263 307 298 llludque
324 264 373 292 tibi
407 268 514 291 certum
545 263 599 295 sit.
621 262 674 290 nisi
695 267 756 291 tuas
785 264 844 299 ipse
868 264 974 292 litteras

186 312 312 346 legissem
328 311 409 347 (quas
425 312 529 339 utinam
552 310 683 338 vidissem
715 312 867 345 nunquam)
892 317 974 339 nemo

186 365 253 386 sane
273 358 337 386 ullis
361 358 531 394 argumentis
574 359 609 388 de
635 364 663 388 te
687 359 716 387 id
743 357 814 386 mihi
859 363 974 392 persua-

182 404 275 437 sisset,
289 408 318 432 ut
330 405 468 432 crederem
478 403 665 439 Demophilnm
680 410 733 430 non
745 402 876 430 arbitrari
889 403 972 430 Deum

183 457 268 484 super
282 451 374 478 omnia
395 451 433 486 (in
447 450 552 484 omnes)
572 449 672 477 bonum
683 453 712 476 et
727 448 874 483 benignum
901 456 973 480 esse,

183 495 293 530 sibique
308 501 404 530 putare
420 495 468 523 Dei
484 495 642 523 miserantis
661 498 710 521 aut
731 494 864 522 salvantis
880 494 971 529 gratia

182 549 237 568 non
265 548 334 576 opus
357 549 438 574 esse;
465 543 588 577 quinimo
623 541 782 569 sacerdotes
808 540 971 576 degradare,

181 588 228 622 qui
247 593 406 615 meruerunt
420 596 471 623 pro
486 596 533 616 sua
555 588 722 624 benignitate
738 587 825 622 plebis
842 587 975 622 ignoran-

182 635 235 662 tias
252 634 381 667 tolerare,
404 635 488 669 probe
503 639 710 670 cognoscentes,
725 633 854 668 quoniam
868 637 896 659 et
913 633 964 668 ipsi

181 680 342 708 circumdati
356 686 422 708 sunt
439 680 608 708 inﬁrmitate.
635 681 670 706 At
700 679 972 716 divino-principalis

182 726 226 755 ille
244 727 367 762 pontifex
383 726 463 763 longe
484 727 564 754 aliam
582 727 652 754 viam
668 727 749 762 603
761 727 902 764 ingressus
917 734 972 760 est.

182 772 263 807 idque
278 780 351 804 cum,
373 777 404 800 ut
421 780 500 800 sacra
519 777 655 801 testantur
677 773 797 808 eloquia,
814 779 974 809 segregatus

180 823 252 846 esset
273 826 287 845 a
301 819 488 852 peccatoribus
504 825 530 852 ι,
545 824 572 846 ει
596 819 648 847 hoc
670 819 779 846 eximiae
802 827 866 854 erga
884 827 915 847 se
929 820 972 846 di-

181 864 306 892 lectionis
320 868 511 900 argumentum
526 866 632 898 statuit,
647 865 669 893 si
685 873 752 893 oves
767 865 826 899 ejus
847 873 974 894 mansuc-

1023 266 1074 293 οὐκ
1092 265 1212 300 ὥφελονξ
1232 263 1263 292 εὖ
1290 265 1543 301 ῐσθι,γράμμασιν,
1565 265 1615 292 οὐκ
1637 264 1672 292 ἀν
1695 264 1829 296 ἔπεισαν,

1024 310 1105 346 εἴπερ
1125 310 1200 337 ἀλλοι
1221 309 1255 345 μέ
1276 318 1349 342 τινες
1368 311 1433 346 περὶ
1461 309 1508 336 σοῦ
1528 310 1634 337 πείθειν
1648 309 1765 345 ἠξίουν,
1782 310 1829 336 ὅτι

1024 356 1178 392 Δημόφιλος
1194 356 1280 383 οἴεται
1299 356 1345 383 τὸν
1359 356 1460 391 ἀγαθὸν
1478 356 1526 383 ἐπὶ
1543 356 1633 384 πάντα
1641 356 1665 372 θ’
1685 355 1756 383 Θεὸν
1774 356 1828 382 οὐκ

1024 399 1094 429 εἶναι
1121 403 1169 429 καὶ
1198 402 1389 438 φιλάνθρωπον
1418 403 1452 418 ¹⁰⁰
1465 421 1473 435 ,
1493 401 1556 429 οὔτε
1589 401 1686 429 ἑαυτὸν
1715 402 1826 429 δεῖσθαι

1023 445 1071 472 τοῦ
1090 445 1228 478 ἱλεοῦντος
1246 446 1263 481 ἦ
1287 446 1419 479 σώζοντος
1436 447 1445 463 ¹
1461 454 1469 462 “
1489 446 1558 474 ἀλλὰ
1576 446 1624 473 καὶ
1648 446 1713 479 τοὺς
1736 447 1826 483 ἱερεῖς

1024 492 1226 528 ἀποχειροτονεῖ
1239 493 1301 524 τοὺς
1316 492 1484 528 ἠξιωμένους
1503 492 1651 528 suomet
1671 492 1768 528 φέρειν
1786 492 1824 520 τὲ

1023 539 1110 574 ἀγνοή
1115 547 1187 574 ματα
1211 538 1259 565 τοῦ
1274 538 1351 571 λαοῦ,
1365 539 1412 566 καὶ
1437 537 1467 566 εὖ
1481 539 1584 570 εἰδότας
1595 540 1617 571 ⁸,
1629 539 1671 566 ότι
1681 539 1729 565 καὶ
1742 539 1823 565 αὐτοὶ

1025 584 1192 620 περίκεινται
1200 585 1351 612 ἀσθένειαν.
1370 584 1439 612 Ἀλλ’
1448 585 1463 612 ό
1473 584 1616 621 θεαρχικδς
1630 585 1822 621 ἱεροτελεστὴς

1025 630 1120 666 ἑτέραν
1126 630 1292 666 πεπόρευται
1303 639 1310 646 ·
1323 630 1460 658 καὶταῦτα
1470 630 1524 658 τῶν
1538 630 1719 667 ἁμαρτωλῶν,
1733 631 1772 662 ὡς
1783 630 1821 657 τὰ

1025 675 1086 711 ἱερά
1100 675 1178 711 λόγιά
1188 684 1281 712 φησιν,
1293 676 1484 712 ἀφωρισμένος
1499 696 1507 710 ,
1534 677 1582 704 καὶ
1594 677 1645 712 τῆς
1664 678 1706 708 εἰς
1721 676 1820 703 ἐαυτὸν

1024 721 1135 757 ἀγάπης
1149 721 1288 755 ἀπόδειξιν
1306 724 1421 749 ποιεῖται
1439 723 1489 758 τὴν
1503 722 1558 749 τῶν
1569 721 1715 758 προϐάτων
1728 723 1819 748 επιει-

1024 767 1159 801 κεστάτην
1177 768 1368 803 ποιμαντικήν.
1389 767 1444 794 Καὶ
1461 767 1578 803 πονηρὸν
1606 767 1656 802 μὲν
1680 767 1818 794 ἀποκαλεῖ

1023 812 1069 838 τὸν
1086 812 1123 848 μὴ
1134 812 1236 847 ἀφέντα
1249 812 1288 848 τῷ
1301 813 1442 850 συνοικέτῃ
1458 813 1508 849 τὴν
1518 813 1638 849 ὀφειλὴν,
1654 814 1722 849 μήτε
1738 822 1818 849 μερι-

1025 858 1080 891 κῶς
1101 859 1249 894 μεταδόντα
1273 860 1284 875 ³
1302 859 1352 894 τῆς
1373 859 1540 896 δωρηθείσης
1559 859 1633 895 αὐτῷ
1652 860 1817 895 παμπόλλης

181 910 283 937 tissima
298 910 500 945 gubernatione
524 918 668 946 pascamus
684 915 710 938 7.
736 911 826 947 Atque
851 919 968 946 nequam

1022 905 1191 942 ἀγαθότητος
1201 915 1208 921 υ
1219 906 1319 933 δικαιοῖ
1327 906 1355 933 δὲ
1365 905 1418 933 τῶν
1428 906 1536 933 οἰκείων
1545 905 1693 933 ἀπολαύειν
1700 906 1782 933 αὑτδν
1792 906 1815 939 ⁸,

181 962 242 983 sum
254 956 382 990 appellat,
408 957 454 992 qui
477 965 613 985 conservo
631 966 680 986 suo
709 958 830 986 debitum
860 959 972 986 minime

179 1001 322 1029 dimiserat
334 1006 357 1034 ⁸,
376 1009 465 1037 neque
499 1002 525 1029 in
535 1007 641 1038 partem
668 1004 764 1030 saltem
789 1003 900 1030 indulta:
918 1004 970 1030 sibi

180 1047 339 1081 largissimas
374 1048 549 1083 benignitatis
579 1049 631 1076 sibi
662 1049 755 1077 venire
785 1050 971 1084 permiserat;

176 1092 305 1128 justeque
323 1101 385 1121 eum
405 1095 523 1129 propriis
535 1099 699 1122 contentum
715 1102 777 1122 esse
789 1095 876 1130 jubet,
899 1097 972 1130 quod

178 1145 206 1166 et
231 1139 298 1167 mihi
322 1141 405 1167 etiam
430 1140 593 1175 Demophilo
624 1146 747 1169 metuere
779 1149 894 1169 necesse
916 1146 967 1168 est.

179 1185 284 1220 Quippe
307 1185 365 1213 suis
388 1186 471 1213 etiam
491 1187 660 1214 occisorihus
683 1186 811 1215 Christus
832 1186 969 1222 passionis

180 1236 300 1266 tempore
325 1232 434 1259 veniam
458 1239 473 1258 a
500 1233 580 1261 Patre
606 1233 768 1268 precabatur
778 1239 804 1266 ι,
821 1233 969 1267 discipulos

180 1284 246 1305 vero
262 1277 430 1312 increpabat,
445 1279 517 1314 quod
542 1283 739 1315 persequentes
764 1287 794 1308 se
814 1280 967 1307 Samarita-

1020 953 1090 989 ὅπερ
1103 953 1250 987 ἀναγκαῖον
1263 952 1444 988 εὐλαϐηθῆναι
1457 953 1504 980 καὶ
1521 952 1570 988 ἐμὲ
1581 953 1630 979 καὶ
1647 952 1815 988 Δημόφιλον.

1021 1000 1077 1027 Kal.
1095 999 1150 1035 γάρ
1163 1000 1210 1026 καὶ
1231 1001 1288 1031 τοῖς
1309 1000 1350 1032 είς
1370 999 1451 1026 αὑτὸν
1468 998 1611 1026 ἀσεϐοῦσιν
1630 1000 1660 1026 ὲν
1681 999 1756 1035 αὐτῷ
1775 999 1816 1035 τῷ

1022 1046 1137 1082 πάσχειν
1151 1046 1248 1081 ἄφεσιν
1273 1047 1389 1082 προάγει
1407 1046 1482 1082 παρὰ
1496 1045 1544 1073 τοῦ
1563 1046 1685 1082 Πατρδς,
1699 1047 1816 1083 ἐπιτιμᾷ

1022 1091 1050 1118 δὲ
1063 1093 1111 1119 καὶ
1131 1093 1188 1124 τοῖς
1204 1092 1346 1129 μαθηταῖς,
1359 1092 1400 1119 ὅτι
1415 1093 1462 1120 καὶ
1475 1091 1602 1124 ἀσεϐείας
1617 1091 1740 1128 ἀνηλεῶς
1755 1092 1816 1127 ὴξί-

1022 1149 1096 1167 ωσαν
1115 1141 1204 1175 κρῖναι
1228 1140 1290 1171 τοὺς
1307 1139 1498 1170 ὲκδεδιωκότας
1526 1139 1607 1165 αὐτὸν
1627 1138 1813 1174 Σαμαρείτας.

1022 1185 1108 1213 Τοῦτο
1119 1185 1151 1221 δὴ
1163 1185 1194 1212 τὸ
1209 1185 1383 1220 μυριόλεκτόν
1398 1193 1445 1212 σου
1453 1185 1503 1221 τῆς
1517 1184 1646 1221 θρασείας
1655 1184 1814 1220 ἐπιπολῆς,

1023 1234 1080 1261 ἀνω
1090 1233 1144 1268 γὰρ
1159 1232 1205 1260 καὶ
1217 1232 1291 1259 κάτω
1302 1231 1434 1268 θρυλλείς,
1449 1231 1487 1264 ὡς
1499 1231 1547 1267 οὐχ
1561 1231 1668 1263 ἑαυτὸν,
1679 1230 1750 1258 ἀλλά
1769 1230 1815 1257 τὸν

1023 1279 1089 1306 Θεὸν
1105 1278 1263 1315 ὲξιδίκησας
1273 1286 1280 1293 ·
1288 1278 1298 1294 ⁵
1310 1277 1354 1304 διὰ
1366 1278 1476 1310 κακίας,
1486 1278 1546 1304 εἰπέ
1560 1286 1615 1313 μοι,
1631 1277 1677 1305 τδν
1690 1277 1814 1312 ἀγαθόν;

180 1332 231 1352 nos
255 1325 403 1360 impietatis
416 1326 565 1354 crudeliter
577 1327 754 1354 condemnari
786 1326 950 1362 petivissent
974 1325 1000 1352 δ.
1019 1325 1079 1353 Hoc
1103 1325 1196 1360 utique
1211 1325 1309 1353 millies
1334 1325 1360 1352 in
1379 1323 1528 1359 impudenti
1555 1325 1607 1352 ista
1636 1324 1752 1359 epistola
1769 1330 1812 1352 tua

180 1371 342 1405 inculcatur,
356 1372 419 1400 dum
438 1380 538 1407 susque
557 1372 646 1408 deque
669 1373 781 1408 repetis,
814 1377 841 1400 te
867 1381 920 1401 non
940 1378 967 1400 te
985 1373 1086 1407 ipsum,
1119 1372 1166 1400 sed
1196 1372 1279 1399 Deum
1297 1371 1383 1399 ultqu
1405 1378 1477 1398 esse.
1507 1371 1607 1398 Verum
1630 1370 1675 1398 dic
1699 1371 1813 1401 amabo,

179 1425 229 1453 per
253 1417 383 1445 malitiam
412 1426 473 1447 eum
498 1418 546 1454 qui
576 1426 684 1447 summe
709 1419 798 1447 bonus
818 1423 860 1447 est
884 1418 1038 1446 vindicas?

953 1497 1024 1534 ξιτ.

215 1569 304 1602 Absit,
331 1577 384 1596 non
404 1569 530 1596 habemus
549 1569 699 1604 pontiﬁcem
709 1569 755 1605 qui
776 1570 893 1602 cempati
917 1578 968 1597 non
983 1577 1004 1606 ε

177 1616 259 1650 possit
277 1615 479 1649 inﬁrmitatibus
492 1616 588 1642 nostris
599 1621 624 1647 ι,
641 1616 689 1643 sed
699 1620 727 1643 et
745 1615 877 1643 innocens
888 1616 970 1644 mise-

179 1662 265 1689 ricors
279 1665 331 1688 est.
348 1659 410 1688 Non
428 1661 577 1694 contendet,
597 1669 679 1695 neque
700 1661 828 1689 clamabit
843 1661 876 1695 d;
892 1663 968 1697 atqui

179 1707 238 1742 ipse
254 1706 328 1734 mitis
342 1712 396 1739 est,
411 1706 466 1734 into
487 1706 543 1742 ipse
558 1712 598 1734 est
613 1708 766 1742 propitiatio
787 1716 834 1742 pro
853 1709 969 1742 peccatis

179 1750 489 1786 nostrianequaquam
528 1751 621 1787 itaque
652 1753 828 1787 probabimus
857 1754 969 1781 minime

179 1795 307 1823 zelandos
320 1801 434 1823 conatus
455 1801 525 1830 tuos,
539 1797 647 1825 etiamsi
663 1797 761 1825 millies
785 1797 916 1826 Pltineem
941 1803 970 1826 ct

179 1840 282 1868 lleliam
294 1840 423 1875 jactites:
438 1842 498 1869 haec
513 1843 586 1870 enim
601 1842 676 1874 Iesu,
689 1851 704 1871 a
731 1844 873 1879 discipulis
891 1852 969 1872 man-

179 1889 251 1915 sueti
268 1889 358 1917 adhuc
381 1889 554 1925 benigneque
587 1891 700 1926 spiritus
725 1891 893 1926 expertibus,
920 1899 969 1919 au-

179 1935 264 1962 dienti
286 1935 397 1963 minime
415 1937 586 1972 placuerunt.
615 1936 685 1970 Quin
715 1942 743 1965 et
759 1942 851 1966 noster
862 1945 968 1973 quoque

179 1981 364 2010 divinissimus
378 1982 533 2018 Praeceptor
547 1983 574 2010 in
593 1984 804 2012 Inausuctudine
818 1985 899 2012 docet
918 1991 966 2012 eos

179 2027 226 2063 qui
253 2028 298 2056 Dei
324 2029 456 2057 doctrinae
479 2029 659 2058 adversantur
683 2028 694 2049 ι
720 2036 728 2055 :
752 2029 843 2056 doceri
866 2030 967 2064 quippe

178 2074 288 2109 ignaros
303 2076 389 2109 decet,
406 2083 460 2103 non
478 2076 618 2111 suppliciis
634 2074 721 2109 allici;
734 2074 964 2109 quemadmodum

177 2123 203 2146 et
223 2127 310 2148 amcos
329 2121 441 2148 minime
461 2121 628 2153 cruciamus,
650 2121 697 2149 sed
722 2128 804 2148 manu
828 2120 965 2149 ducimus.

176 2161 279 2189 Contra
306 2172 370 2191 vero
396 2170 424 2192 tu
441 2166 502 2193 viro
519 2167 655 2202 respirare
671 2167 699 2195 in
717 2166 805 2195 lucem
829 2167 965 2195 inchoanti

175 2207 320 2242 colaphum
352 2210 527 2246 impingeudo
553 2213 706 2247 obstitisti,
737 2213 966 2248 aceedentemque

1059 1570 1176 1605 Ἄπαγε,
1189 1569 1239 1597 οὐκ
1253 1570 1350 1605 ἔχομεν
1367 1569 1500 1605 ἀρχιερέα
1519 1569 1557 1605 μὴ
1575 1568 1724 1605 δυνάμενον
1744 1577 1814 1604 συμ-

1021 1616 1141 1653 παθῆσαι
1156 1617 1216 1649 ταῖς
1227 1616 1380 1648 ἀσθενείαις
1393 1616 1482 1652 ἡμῶν,
1495 1615 1562 1643 ἀλλά
1575 1617 1623 1642 καὶ
1638 1615 1742 1647 ἀκακός
1752 1616 1812 1642 ἐστι

1019 1664 1153 1699 ἐλεήμων.
1180 1664 1237 1690 Οὺκ
1259 1663 1344 1699 ὲρίσει
1378 1663 1439 1689 οὐδὲ
1463 1662 1633 1699 κραυγάσει,
1656 1662 1704 1689 καὶ
1729 1662 1813 1695 αὐτὸς

1019 1711 1123 1747 πραῢς,
1141 1710 1188 1738 καὶ
1206 1709 1288 1741 αὐτὸς
1308 1709 1420 1745 ἱλασμός
1438 1709 1496 1735 ἐστι
1513 1709 1578 1744 περὶ
1594 1708 1648 1735 τῶν
1666 1708 1813 1744 ἁμαρτιῶν

1019 1756 1108 1793 ἡμῶν.
1130 1757 1210 1783 Ὥστε
1229 1756 1279 1782 οὐκ
1307 1754 1493 1790 ἀποδεξόμεθά
1517 1762 1563 1781 σου
1583 1753 1633 1786 τὰς
1650 1753 1813 1788 ἀζηλώτους

1018 1803 1117 1839 ὁρμὰς,
1136 1803 1191 1829 οὐδ’
1205 1804 1229 1829 εί
1246 1802 1374 1838 μυριάκις
1392 1800 1538 1832 ἀναλάϐοις
1549 1801 1559 1816 ⁸
1576 1800 1622 1827 τδν
1646 1801 1741 1832 Φινεὲς
1759 1796 1814 1827 καὶ

1019 1851 1065 1877 τὸν
1094 1850 1187 1877 Ἠλίαν
1199 1858 1205 1865 ·
1225 1848 1313 1876 ταῦτα
1331 1848 1386 1884 γὰρ
1406 1847 1540 1875 ἀκούοντα
1558 1847 1604 1874 τὸν
1631 1846 1736 1881 Ἰησοῦν
1758 1847 1811 1873 οὐκ

1017 1897 1146 1932 ἤρεσκον,
1157 1896 1181 1922 οἱ
1199 1894 1246 1921 τοῦ
1266 1894 1368 1930 πραὲος
1386 1893 1446 1921 τότε
1466 1893 1512 1920 καὶ
1530 1891 1633 1927 ἀγαθοῦ
1652 1891 1812 1927 πνεύματος

1017 1939 1144 1974 ἀμέτοχοι
1165 1937 1293 1973 μαθηταί.
1325 1937 1381 1964 Καὶ
1403 1936 1458 1972 γὰρ
1476 1936 1524 1963 καὶ
1539 1937 1554 1963 ό
1573 1935 1710 1966 θειότατος
1729 1934 1812 1970 ἡμῶν

1017 1984 1156 2021 ἱεροθέτης
1180 1984 1209 2011 ἐν
1234 1983 1369 2020 πραότητι
1393 1982 1513 2009 διδάσκει
1537 1982 1600 2013 τοὺς
1619 1979 1810 2015 ἀντιδιαθεμέ-

1016 2041 1079 2064 νους
1089 2033 1099 2048 ⁷
1109 2033 1142 2068 τῇ
1154 2031 1312 2067 διδασκαλίᾳ
1317 2030 1364 2058 τοῦ
1378 2030 1444 2057 Θεοῦ
1455 2038 1460 2045 ·
1472 2028 1644 2057 διδάσκεσθαι
1652 2027 1717 2062 γὰρ,
1729 2027 1760 2054 οὐ
1769 2035 1812 2053 τι-

1019 2077 1169 2114 μωρεῖσθαι
1182 2077 1235 2114 χρὴ
1248 2078 1313 2109 τοὺς
1329 2076 1504 2111 ἀγνοοῦντας,
1519 2074 1615 2110 ὥσπερ
1627 2074 1676 2101 καὶ
1688 2073 1811 2108 τυφλοὺς

1014 2123 1047 2150 οὐ
1074 2123 1232 2158 κολάζομεν,
1254 2123 1323 2149 ἀλλά
1341 2123 1389 2150 καὶ
1407 2121 1640 2158 χειραγωγοῦμεν.
1661 2120 1698 2147 Σὺ
1715 2119 1746 2146 δὲ
1761 2120 1811 2147 καὶ

1017 2167 1157 2195 ἀνανεύειν
1170 2168 1216 2194 ἐπὶ
1224 2168 1255 2195 τὸ
1268 2167 1326 2203 φῶς
1340 2167 1483 2203 ἀρχομένῳ
1499 2166 1594 2202 τάνδρὶ
1605 2165 1675 2192 κατά
1685 2165 1738 2200 τῆς
1748 2165 1812 2201 χόρ-

1020 2214 1069 2250 ρης
1088 2213 1175 2244 διδοὺς
1193 2213 1332 2245 ἀντώθεις,
1353 2213 1401 2240 καὶ
1411 2212 1478 2248 μετά
1490 2210 1590 2247 πολλῆς
1609 2210 1702 2242 αἰδοῦς
1721 2219 1811 2247 προσ.

179 2260 285 2281 summa
302 2255 475 2289 verecundia.
493 2258 637 2286 temerarie
653 2259 777 2294 repulisti
790 2256 965 2293 illum,quem

1022 2258 1091 2285 ιόντα
1098 2257 1220 2294 θρασέως
1231 2257 1411 2290 ἀπελάκτιζες
1423 2257 1429 2284 l
1445 2256 1534 2293 (τοῦτο
1544 2256 1576 2292 δὴ
1588 2256 1619 2283 τὸ
1630 2255 1733 2291 πολλῆς
1751 2256 1811 2291 φρί-

178 2298 262 2331 tquod
295 2299 410 2329 horrore
427 2302 540 2336 dignum
556 2304 617 2334 est)
631 2304 757 2333 Christus
784 2304 812 2331 in
828 2303 965 2331 montibus

178 2344 360 2373 errabundum
376 2346 580 2384 fugientemque
597 2353 716 2383 revocat,
739 2351 841 2386 vixque
869 2356 965 2384 reper-

179 2394 234 2417 tqu
249 2390 275 2418 in
299 2393 428 2421 humeros
449 2394 519 2422 tollit
532 2397 555 2422 κ.
572 2395 622 2428 Νε,
641 2404 744 2431 quaeso.
758 2401 814 2424 tam
831 2395 901 2424 male
918 2403 966 2424 no-

178 2436 220 2464 bis
236 2435 304 2473 ipsis
315 2438 500 2474 consulamus,
511 2448 599 2476 neque
611 2442 730 2477 gladium
745 2443 771 2470 in
783 2442 963 2477 nosmetipsos

214 2572 228 2586 ι
249 2565 331 2594 llebr.
343 2574 393 2600 vn,
409 2567 456 2596 26.
495 2572 509 2593 1
525 2567 605 2595 Joan.
624 2575 651 2600 ι,
669 2566 713 2600 Ης
730 2566 797 2600 Luc.
816 2575 862 2599 xv,
880 2567 906 2594 6.

210 2601 294 2629 llebr.
316 2610 354 2635 tv,
372 2598 416 2631 t5.
449 2603 465 2624 ἀ
482 2603 578 2631 Matth.
596 2598 648 2636 xu,
665 2598 723 2636 l9‘;
744 2598 798 2628 lsa.
825 2609 891 2636 aut,
914 2602 942 2630 2.
960 2605 970 2617 ⁶

1022 2602 1094 2630 loan.
1112 2611 1142 2636 ιι,
1154 2598 1183 2631 9..

1018 2312 1070 2339 κης
1087 2303 1176 2336 ἀξιονί
1191 2304 1200 2339 )
1220 2304 1249 2331 ὃν
1272 2305 1287 2330 ό
1305 2303 1421 2340 Χριστὸς
1432 2323 1439 2335 ,
1459 2303 1561 2338 ἀγαθὸς
1576 2303 1625 2335 ὢν,
1642 2302 1689 2329 ἐπὶ
1704 2301 1741 2329 τὰ
1756 2302 1809 2339 ὅρη

1018 2349 1192 2386 πλανώμενον
1198 2349 1329 2385 ἐπιζητεῖ,
1338 2350 1386 2376 καὶ
1391 2349 1590 2384 ἀποφεύγοντα,
1600 2348 1808 2385 προσκαλεῖται,

1016 2397 1063 2422 καὶ
1078 2396 1222 2432 εὑρεθέντα
1239 2395 1314 2432 μόλις
1329 2395 1376 2422 ἐπὶ
1389 2394 1442 2421 τῶν
1457 2393 1540 2430 ὤμων
1556 2393 1638 2430 αῐρει.
1654 2393 1702 2429 Μὴ
1717 2402 1808 2430 παρα-

1015 2442 1090 2470 καλῶ
1101 2463 1109 2477 ,
1128 2443 1166 2479 μὴ
1182 2442 1274 2474 κακῶς
1289 2441 1360 2469 οὕτω
1384 2441 1449 2477 περὶ
1465 2440 1569 2468 ἑαυτῶν
1593 2439 1788 2476 βουλευώμεθα
1798 2459 1806 2472 ,

947 2573 958 2586 ι
976 2566 1072 2595 Matth.
1089 2575 1168 2600 ινιιι,
1185 2567 1231 2595 54.
1279 2573 1291 2588 ι
1309 2567 1373 2595 Luc.
1392 2575 1469 2597 ut",
1485 2566 1531 2596 ω.
1580 2565 1595 2586 δ
1611 2564 1680 2593 Luc.
1698 2573 1738 2600 ix,
1758 2564 1804 2593 54.

1232 2602 1242 2622 ¹
1273 2602 1283 2630 l
1300 2604 1371 2631 'lim.
1399 2611 1420 2636 ι,
1438 2603 1484 2631 lo.
1524 2602 1537 2622 ⁸
1554 2600 1621 2629 Luc.
1638 2608 1684 2631 xv.
1697 2599 1724 2627 5.

826 2679 944 2709 VARIE
963 2680 1164 2709 LECTIONES.

212 2748 234 2764 "
252 2748 290 2780 είς
307 2748 347 2778 πά
377 2757 420 2781 ας.
461 2749 495 2766 ³⁸⁸
512 2749 558 2777 καί
575 2757 629 2778 non
645 2753 687 2778 est
703 2750 730 2777 in
747 2749 780 2777 1).
818 2750 826 2765 ¹
843 2750 891 2777 καὶ
907 2747 1048 2782 σώζοντος,
1067 2748 1099 2775 D.
1138 2749 1148 2764 '
1165 2748 1211 2775 καὶ
1229 2747 1397 2781 ἱλάσκεσθαι,
1415 2748 1466 2777 Cll.
1486 2748 1519 2776 D.
1537 2748 1574 2780 ὡς
1590 2746 1620 2776 εὖ
1638 2747 1755 2780 εἰδότας,
1769 2749 1800 2776 D.

178 2781 189 2819 ἒ
206 2783 388 2818 μεταδιδόντα,
406 2784 435 2812 S.
474 2784 485 2800 ⁸
500 2785 600 2817 αὐτῶν,
617 2784 667 2812 Ch.
698 2785 709 2801 '
726 2785 801 2813 Finis
821 2789 862 2813 est
885 2785 1037 2815 sententias,
1060 2788 1244 2819 punctumque
1261 2784 1470 2818 Sulnjiciendum,
1490 2789 1520 2811 ut
1536 2792 1570 2819 po

179 2818 375 2856 interrogandi,
392 2825 419 2848 ct
435 2821 528 2849 statim
545 2826 676 2856 sequatur
691 2820 791 2855 ἄπαγε.
810 2820 856 2849 Sic
873 2820 976 2849 habent
991 2819 1055 2848 boui
1073 2818 1208 2848 codices.’
1223 2849 1227 2852 ,

178 2859 250 2884 νους,
267 2851 296 2884 Ρ,

1261 2784 1470 2818 subjiciendum,
1490 2789 1520 2811 ut
1536 2789 1598 2819 post
1615 2783 1718 2817 ἀγαθόν
1736 2788 1800 2810 nota

1246 2820 1258 2836 ⁸
1274 2819 1465 2852 ἐπαναλάὸοις,
1485 2819 1513 2847 5.
1552 2820 1562 2836 ⁷
1579 2818 1800 2855 ἀντιδιατιθεμὲ.
