1914 3061
69 164 138 191 1097

784 149 952 183 EPISTULA
972 149 1038 178 Vlll.

1634 149 1704 177 £098

69 220 137 257 μηδὲ
154 220 195 252 είς
211 219 324 251 ἑαυτοὺς
339 214 501 254 ὼθῶμεν.τδ
517 215 592 252 ξίφος
603 225 609 231 α
627 217 652 242 οἱ
671 215 719 251 μὲν
732 214 786 250 γὰρ
805 213 862 241 ἀδι-

916 208 1087 245 impellamus
1100 216 1108 234 :
1123 206 1257 241 siquidem
1273 207 1319 243 qui
1331 207 1403 237 alios
1417 207 1528 244 injuriis
1546 207 1648 238 violare
1660 210 1704 237 vel

65 265 124 291 κεῖν
140 264 152 280 ⁸
169 271 256 296 τινας,
272 263 290 298 ἢ
306 263 460 290 τούναντίον
482 262 635 298 εὐεργετεῖν
650 260 861 297 ἐπιχειροῦντες.

66 309 188 340 ἐκείνους
206 308 256 344 μὲν
266 308 296 334 οὺ
307 307 416 338 πάντως
426 306 542 342 ἔδρασαν
559 306 631 342 ἅπερ
646 305 793 341 ἠθέλησαν,
803 305 862 332 sau-

66 356 123 387 τοῖς
138 354 168 382 δὲ
184 353 284 382 κακίαν
299 353 317 388 ἢ
328 353 484 388 ἀγαθότητα
498 352 704 388 συνοικήσαντες
714 351 764 387 ’,ἢ
781 351 861 378 θείων

67 400 184 434 ἀρετῶν,
200 399 216 435 ἢ
232 399 385 426 ἀτιθὰσσων
401 397 544 434 ἔμπλεοιὀ
565 398 659 425 παθῶν
673 397 790 425 ἔσονται.
805 397 861 424 Καὶ

66 442 139 472 οὗτοι
157 446 205 482 μὲν
220 445 343 480 ἀγγέλων
364 444 475 480 ἀγαθῶν
490 444 585 472 ὀπαδοὶ
605 445 651 471 καὶ
666 443 863 480 ξυνοδοιπόροι,.

67 492 114 519 καὶ
129 492 224 526 ἐνθάδε
240 492 288 519 καὶ
301 492 359 519 ἐκεῖ
374 493 423 519 σὺν
443 491 520 528 πάσῃ
536 491 632 527 εἰρήνῃ
646 491 694 517 καὶ
719 490 862 525 ἐλευθερίᾳ

67 539 176 566 πάντων
191 539 295 570 κακῶν,
311 539 352 570 εἰς
364 538 410 566 τὸν
424 538 467 565 ἀεὶ⁵
481 538 545 565 ὄντα
559 537 645 565 αἰῶνα
658 536 707 568 τὰς
724 545 862 573 μακαριω-

67 585 151 617 τάτας
180 584 424 621 ἀποκληρώσονται
453 584 554 621 λήξεις,
569 584 617 611 καὶ
633 583 702 619 μετά
732 582 799 609 Θεοῦ
816 583 860 609 ἀεὶ

66 631 223 663 laevam“,
236 631 267 657 τὺ
281 631 390 658 πάντων
411 630 522 665 ἀγαθῶν
539 630 680 666 μέγιστον·
729 625 802 656 οῦτοι
831 628 860 655 δὲ

66 678 270 706 ἀποπεσοῦνται
282 678 332 714 τῆς
347 677 422 709 θείας
435 677 494 713 ἅμα
504 677 551 704 καὶ
564 677 613 712 τῆς
626 676 730 704 ἑαυτῶν
737 675 859 710 εἰρήνης,

66 725 114 752 καὶ
128 724 222 751 ἐνθάδε
233 724 280 752 καὶ
296 723 366 759 μετά
380 723 494 750 θάνατον
503 722 562 759 ἅμα
571 724 628 756 τοῖς
643 722 795 759 ἀνημέροις
803 721 860 738 ¹¹⁵¹³

66 771 191 806 δαίμοσιν
204 770 322 798 ἔσονται.
337 767 376 797 οὗ
389 770 422 806 δὴ
438 769 519 797 ἕνεκα
537 770 603 805 ἡμῖν
616 769 634 805 ἡ
658 767 741 804 πολλὴ
758 768 859 804 σπουδὴ

68 817 139 852 μετά
152 817 220 844 Θεοῦ
230 816 278 844 τοῦ
293 815 396 851 ἀγαθοῦ
411 815 536 850 γενέσθαι
545 815 578 847 ¹⁸,
593 814 641 842 καὶ
653 812 724 842 εἶναι
739 815 787 842 σὺν
803 815 858 841 Κυ-

67 863 120 899 ρίῳ
137 863 263 895 πάντοτε,
280 863 326 890 καὶ
342 863 379 898 μὴ
393 863 449 894 τοῖς
464 863 558 893 κακοῖς
572 862 605 888 ὲκ
617 860 664 888 τοῦ
680 859 824 888 δικαιωτοῦ
837 861 858 876 ¹⁵

914 260 1010 287 contra
1026 254 1121 281 fovere
1136 252 1276 280 beneﬁciis
1293 253 1428 287 nituntur,
1445 253 1468 283 si
1479 254 1549 283 forte
1575 262 1636 290 qute
1655 264 1704 285 vo-

914 300 1024 333 luerim,
1039 299 1134 326 lacere
1151 299 1334 333 nequiverint,
1360 300 1411 327 sibi
1441 305 1532 328 tamen
1561 306 1609 329 aut
1626 303 1703 330 mali-

914 348 991 379 tiam,
1014 345 1163 378 secundum
1177 345 1346 380 propositum
1375 353 1470 379 suum,
1489 351 1538 374 aut
1553 347 1701 376 bonitatem

913 392 1223 427 consciscunt.adeoque
1235 392 1276 420 vel
1291 392 1437 420 virtutibus
1450 394 1559 426 divinis.
1576 395 1618 423 vel
1632 394 1690 422 iero

913 439 990 467 cibus
1017 437 1191 473 passionibus
1216 436 1411 474 implebuntur.
1437 438 1526 474 Atque
1543 439 1580 468 illi
1594 440 1702 475 quidetn

911 490 1071 514 sanctorum
1089 484 1248 520 angelorum
1265 488 1417 512 sectatores
1436 492 1468 512 ac
1482 487 1597 515 comites
1613 492 1640 515 et
1656 487 1703 516 hic

911 536 939 559 et
953 531 992 559 ibi
1007 538 1068 559 cum
1078 531 1154 559 omni
1168 535 1335 566 pace,atque
1349 539 1365 559 ει
1382 531 1462 560 malis
1479 533 1604 562 omnibus
1621 533 1702 562 liber-

920 580 995 610 tate,
1011 576 1038 604 in
1058 577 1226 611 sempiterno
1237 576 1337 604 sarculo
1352 577 1540 607 beatissimam
1566 578 1639 606 illam
1658 587 1702 607 re-

911 622 1002 656 quiem
1026 622 1239 654 haereditabunt.
1253 622 1336 659 604
1350 624 1479 659 quodque
1496 624 1645 652 maximum
1660 630 1704 653 est

913 669 1042 696 bonorum
1052 670 1188 701 omnium,
1199 676 1263 697 cum
1278 669 1334 697 Deo
1348 677 1455 705 semper
1462 676 1564 704 erunt;
1582 672 1609 699 bi
1625 679 1704 706 vero,

912 715 956 750 qui
972 723 986 741 a
1003 715 1094 742 divina
1103 715 1182 742 simul
1196 723 1228 743 ac
1236 723 1284 742 sua
1295 723 1360 750 pace
1370 716 1507 751 decidunt,
1518 725 1580 746 cum
1589 718 1704 753 hic,tum

913 766 976 796 post
990 766 1107 788 mortem
1123 769 1185 789 cum
1207 762 1346 790 atrocibus
1362 762 1425 790 istis
1438 762 1608 793 daemonibus
1617 765 1704 793 futuri

911 811 984 834 sunt.
1000 806 1181 841 Quamobrem
1202 807 1281 835 nobis
1310 815 1418 836 summo
1433 808 1524 838 studio
1549 811 1703 840 curandum

910 856 963 885 est,
978 856 1007 879 ut
1021 851 1093 879 bono
1104 851 1159 880 Deo
1174 852 1374 886 adhaereamus,
1393 860 1557 889 semperque
1573 862 1634 882 cum
1650 855 1705 883 Do-

67 891 299 945 συναφορισθῆναι
325 891 379 936 τά⁸
393 891 460 936 κατ’
488 891 566 941 ἀξίαν
596 907 626 940 ἐξ
661 907 765 935 ἑαυτῶν
792 907 859 934 ὑπο-

916 897 987 925 mino
1003 905 1154 931 versemur,
1171 902 1199 926 et
1213 905 1268 926 non
1284 905 1347 926 cum
1377 898 1457 927 malis
1481 898 1638 934 iustissimo
1654 901 1704 929 Dei

68 956 208 992 μένοντας,
221 956 290 992 ὅπερ
306 954 362 990 ἐγὼ
378 955 486 983 πάντων
497 956 518 971 ¹⁶
534 954 802 990 μάλισταξφοὸοῦμαι
812 954 860 981 καὶ

67 1002 180 1038 εὔχομαι
198 1001 268 1030 εἶναι
287 1002 396 1030 πάντων
412 1002 505 1030 κακῶν
522 1002 664 1038 ἀμέτοχος.
679 1002 735 1028 Καὶ
754 1001 778 1028 εἰ
798 1001 860 1036 βού-

63 1051 124 1081 λει,
142 1049 189 1077 καὶ
202 1049 278 1082 θείας
299 1049 421 1086 ὁράσεως
441 1049 518 1084 ἁγίου
542 1048 615 1080 τινὸς
633 1047 727 1084 ἀνδρὸς
743 1048 859 1084 ἐπιμνη-

69 1095 204 1131 σθήσομαι
216 1105 223 1112 ·
241 1095 342 1132 κανμὴ
357 1095 484 1132 γελάσῃς,
500 1094 586 1131 ἀληθῆ
602 1094 657 1130 γὰρ
667 1095 688 1110 ¹⁷
703 1094 767 1130 ἐρῶ.

910 943 1015 978 judicio
1028 951 1211 979 scgregemur,
1234 949 1316 979 atque
1342 952 1375 974 ex
1398 945 1478 973 nobis
1506 945 1575 980 ipsis
1606 954 1704 981 pcenas

914 989 1019 1018 debitas
1029 990 1186 1022 subeamus,
1198 990 1270 1025 quod
1282 998 1332 1025 ego
1343 990 1461 1020 maxime
1473 992 1596 1020 omnium
1609 992 1704 1024 timeo.

914 1037 1103 1072 malorumque
1125 1037 1246 1065 omnium
1263 1045 1359 1066 exsors
1381 1045 1443 1066 esse
1467 1039 1608 1074 percupio.
1626 1038 1706 1073 Quod

912 1082 935 1109 si
951 1081 1048 1118 placet,
1066 1082 1186 1110 divinam
1202 1090 1311 1117 quoque
1327 1082 1416 1110 sancti
1430 1082 1571 1117 cujusdam
1597 1083 1649 1111 viri
1663 1083 1706 1110 vi-

912 1128 1017 1155 sionem
1030 1128 1189 1156 memorabo
1206 1137 1213 1155 :
1230 1135 1317 1164 neque
1337 1135 1403 1156 vero
1422 1128 1523 1162 rideas,
1552 1137 1616 1158 vera
1630 1130 1705 1158 enim

911 1175 1011 1203 dicam.

837 1256 851 1293 9
866 1255 920 1287 Vl.

103 1326 250 1362 Γενόμενόν
266 1326 300 1362 μέ
314 1334 380 1353 ποτε
402 1326 473 1353 κατὰ
497 1326 547 1361 τὴν
564 1325 687 1362 Κρήτην,
701 1326 715 1352 ὁ
735 1324 807 1361 ίερὸς
832 1326 862 1352 ὲ-

70 1373 246 1409 ξεναγώγησε
261 1372 385 1408 Κάρπος,
397 1372 531 1408 ἀνὴρ,καὶ
540 1373 567 1399 εἴ
576 1380 618 1404 τις
633 1371 722 1404 ἄλλος,
736 1371 780 1398 διὰ
794 1371 859 1398 πολ-

67 1420 116 1456 λὴν
130 1419 303 1455 καθαρότητα
316 1418 363 1445 νοῦ
380 1417 448 1454 πρὸς
471 1417 612 1445 θεοπτείαν
632 1418 858 1454 ἐπιτηδειότατος.

67 1466 124 1493 Καὶ
136 1465 201 1500 γοῦν
224 1464 284 1492 οὐδὲ
298 1465 358 1496 ταῖς
372 1464 465 1499 ἁγίαις
479 1464 534 1491 τῶν
555 1465 712 1500 μυστηρίων
738 1464 861 1497 τελεταῖς

67 1512 212 1548 ἐνεχείρει,
231 1512 268 1548 μὴ
285 1511 417 1548 πρότερον
440 1511 514 1547 αὑτῷ
530 1511 602 1539 κατά
616 1512 666 1544 τὰς
686 1511 861 1548 προτελείους

66 1546 318 1596 εὐίάςίερὰξκαῖ
342 1546 476 1594 εὐμενοῦς
488 1546 609 1594 ὁράσεως
637 1546 860 1594 ἐπιφαινομένης.
877 1546 901 1578 c

68 1607 184 1641 Ἔλεγεν
199 1604 258 1640 οὖν,
273 1606 314 1633 ὄτι
339 1606 521 1641 λελυπηκότος
537 1605 617 1633 αὐτόν
632 1614 697 1632 ποτε
722 1605 776 1632 τῶν
797 1605 862 1632 ἀπί-

68 1663 140 1681 στων
159 1653 232 1686 τινός
243 1663 250 1669 ·
263 1654 280 1689 ἡ
296 1652 367 1689 λύπη
378 1653 406 1679 δὲ
421 1651 516 1688 ἦν,ὂτι
530 1652 580 1688 τῆς
595 1652 743 1688 ἐκκλησίας
759 1652 862 1683 ἐκεῖνός

67 1709 131 1728 τινα
147 1701 214 1736 πρὸς
228 1700 258 1727 τὸ
276 1701 355 1728 ἄθεον
374 1699 583 1735 ἀπεπλάνησεν,
611 1698 651 1725 ἔτι
678 1698 733 1726 τῶν
750 1698 862 1734 ἱλαρίων

69 1746 180 1783 ἡμερῶν
191 1746 265 1782 αὐτῷ
281 1745 464 1780 τελουμένων·
489 1745 548 1772 δέον
570 1744 734 1781 ἀμφοτέρων
760 1744 861 1779 ἀγαθο-

71 1794 186 1831 πρεπῶς
201 1792 412 1828 ὑπερεύξασθαι,
423 1793 470 1819 καὶ
483 1792 549 1819 Θεὸν
565 1792 676 1828 σωτῆρα
691 1791 863 1828 συλλήπτορα

70 1841 198 1873 λαϐόντα,
215 1840 260 1867 τὸν
278 1840 326 1875 μὲν
340 1838 513 1875 ἐπιπρέψαι,
528 1838 574 1865 τὸν
588 1838 616 1865 δὲ
629 1837 777 1872 ἀγαθότητι
790 1837 864 1872 νικῆ-

65 1887 132 1914 ’σαιο
151 1887 198 1913 καὶ
215 1885 252 1921 μὴ
261 1884 394 1912 διαλιπεῖν
415 1883 593 1911 νουθετοῦντα
619 1882 662 1909 διὰ
679 1882 737 1917 βίου
752 1881 862 1913 παντὸς,

71 1933 151 1968 ἄχρις
177 1928 208 1958 οὗ
221 1931 252 1957 τὸ
281 1930 411 1966 σήμερον,
428 1929 476 1956 καὶ⁴
490 1927 576 1960 οὕτως
595 1927 641 1954 ἐπὶ
656 1927 705 1963 τὴν
722 1926 796 1953 θείαν
812 1926 862 1952 αὐ-

69 1976 134 2007 τοὺς
153 1975 266 2009 ἀγαγεῖν
284 1973 395 2009 γνῶσιν,
411 1972 450 2005 ὡς
463 1973 497 2000 ἂν
513 1972 563 2008 ῆδη
580 1972 627 1999 καὶ
656 1972 710 1999 τῶν
725 1971 864 2007 ἀμφισϐη-

71 2021 194 2058 τησίμων
210 2021 303 2053 αὐτοῖς
318 2019 496 2056 κρινομένων,
514 2019 561 2047 καὶ
575 2019 630 2046 τῶν
643 2018 748 2053 ἀλόγως
762 2017 863 2054 θρασυ-

70 2069 191 2104 νομένων
220 2067 325 2103 ἐννόμῳ
346 2066 408 2102 δίκῃ
438 2067 585 2102 σωφρονεῖν
615 2064 861 2100 ἀναγκαζομένων-

72 2113 129 2141 ἀλλ”
152 2114 181 2141 ὲν
204 2112 292 2149 ἑαυτῷ
317 2111 355 2148 μὴ
380 2111 511 2147 πρότερον
534 2110 612 2138 τοῦτο
628 2109 733 2142 παθὼν,
750 2110 800 2136 οὐκ
815 2107 864 2136 οἶδ’

72 2160 149 2191 ὁπως
164 2159 236 2192 τότε,
254 2157 356 2193 πολλήν
371 2165 433 2183 τινα
448 2156 497 2193 τὴν
511 2156 672 2192 δυσμένειαν
691 2156 738 2183 καὶ
753 2156 803 2191 τὴν
819 2164 864 2181 πι-

72 2205 153 2241 κρίαν
165 2205 187 2221 ’⁸
201 2204 325 2242 ὲντήξας,
339 2202 485 2239 ἐκοιμήθη,
509 2202 661 2238 κατεδάρθη
678 2202 699 2218 ¹⁹
718 2202 777 2238 μὲν,
794 2201 865 2228 οὕτω

73 2251 168 2283 κακῶς
184 2251 265 2287 ἔχων,
282 2250 399 2286 (ἑσπέρα
415 2249 470 2285 γὰρ
490 2246 552 2284 ἦν’)
579 2248 643 2284 περὶ
658 2248 686 2275 δὲ
703 2249 788 2284 μέσας
816 2247 859 2274 νύ-

73 2302 151 2327 κτας,
167 2294 330 2330 (εἰώθειγάρ
346 2295 385 2326 εἰς
401 2293 474 2320 τόνδε
488 2293 534 2320 τὸν
547 2292 641 2329 καιρὸν
651 2293 732 2325 αὐτὸς
747 2294 789 2328 ἐφ’
801 2293 866 2320 ἑαυ-

73 2341 120 2368 τοῦ
131 2342 200 2378 πρὸς
215 2342 278 2374 τοὺς
297 2341 385 2373 θείους
401 2341 501 2377 ὕμνους
515 2340 718 2377 ἐγρηγορέναι),
731 2340 865 2367 διανίστα-

73 2397 118 2415 ται
135 2388 185 2422 μὲν
203 2387 263 2414 οὐδὲ
278 2387 332 2414 τῶν
355 2387 445 2413 ὕπνων
473 2385 573 2418 αὐτῶν,
602 2385 707 2416 πολλῶν
723 2394 754 2420 γε
770 2385 863 2418 ὄντων,

75 2435 122 2462 καὶ
138 2435 181 2461 ἀεὶ
195 2433 404 2469 ὲγκοπτομένων
414 2434 448 2465 ²⁰,
472 2433 524 2466 ἔξω
534 2432 656 2469 ταραχῆς
687 2431 865 2468 παραπολαύ-

76 2492 144 2516 σας·
180 2483 265 2515 ἑστὼς
290 2483 318 2510 δὲ
339 2483 415 2518 ὅμως
444 2484 483 2515 είς
506 2483 556 2518 τὴν
582 2482 657 2509 θείαν
686 2481 792 2517 ὁμιλίαν
817 2482 867 2508 οὐκ

76 2529 182 2564 εὐαγῶς
203 2529 299 2564 ἠνιᾶτο
316 2548 323 2560 ,
347 2529 395 2555 καὶ
422 2528 627 2564 ἐδυσχέραινεν,
655 2528 705 2555 οὐκ
737 2526 806 2555 εἶναι
828 2528 868 2555 δί-

76 2585 153 2605 καιον
180 2576 277 2611 λέγων,
291 2576 326 2602 ἐί
353 2574 422 2610 ζῷεν
443 2574 538 2611 ἄνδρες
564 2574 649 2607 ἄθεοι,
670 2575 717 2602 καὶ
740 2574 866 2610 διαστρέ-

77 2633 173 2659 φοντες
188 2622 238 2655 τὰς
254 2622 329 2653 ὀδοὺς
355 2622 458 2657 Κυρίου
474 2621 524 2653 τὰς
548 2621 663 2653 εὐθείας.
688 2622 742 2648 Καὶ
779 2620 865 2648 ταῦτα

952 1326 1019 1355 Cum
1043 1325 1188 1361 aliquando
1218 1326 1245 1353 in
1268 1325 1378 1355 Cretam
1406 1327 1563 1361 venissem,
1594 1334 1707 1357 sanctus

916 1372 1021 1408 Carpus
1034 1380 1078 1401 me
1092 1371 1210 1407 hospitio
1225 1372 1341 1408 excepit,
1357 1373 1410 1406 vir,
1437 1374 1461 1402 si
1488 1373 1550 1409 quis
1562 1373 1643 1408 alius.
1671 1375 1707 1402 ob

916 1419 1050 1455 insignem
1066 1420 1165 1449 mentis
1186 1420 1344 1456 puritatem.
1361 1421 1396 1448 ad
1424 1420 1472 1448 Dei
1499 1420 1708 1456 contemplatio-

917 1473 978 1494 nem
1001 1466 1171 1501 aptissimus.
1194 1467 1287 1503 Neque
1300 1468 1374 1496 enim
1397 1474 1492 1496 sacros
1508 1467 1705 1503 mysteriorum

916 1513 986 1541 ritus
999 1514 1204 1549 auspicabatur,
1221 1514 1274 1542 nisi
1288 1515 1364 1550 prius
1380 1515 1432 1550 ipsi
1446 1515 1517 1543 inter
1537 1518 1706 1550 praeparato-

916 1560 971 1588 rias
984 1560 1122 1588 orationes
1136 1567 1215 1588 sacra
1224 1561 1350 1596 quaedam
1362 1565 1390 1588 et
1405 1561 1521 1596 propitia
1538 1560 1609 1588 visio
1620 1568 1707 1595 appa-

914 1606 1024 1634 ruisset.
1041 1604 1131 1639 lpsum
1145 1613 1211 1642 ergo
1234 1606 1285 1641 (uti
1315 1606 1463 1642 referebat)
1489 1606 1607 1634 inﬁdelis
1631 1607 1708 1641 quis-

914 1650 986 1686 piam
1002 1651 1212 1679 contristaverat
1236 1651 1394 1686 aliquando,
1411 1651 1594 1687 ,tristitiazque
1620 1658 1706 1679 causa

914 1703 986 1730 erat,
999 1698 1071 1732 quod
1084 1698 1128 1725 ille
1147 1698 1183 1726 ab
1199 1697 1323 1725 Ecclesia
1338 1698 1484 1733 quemdam
1506 1697 1540 1725 ad
1557 1697 1707 1725 inﬁdelita-

917 1745 951 1772 tis
976 1751 1097 1772 errorem
1124 1744 1278 1772 seduxisset
1299 1752 1306 1777 ;
1329 1752 1392 1772 cum
1424 1744 1514 1772 adhuc
1537 1744 1707 1772 celebritatis

915 1799 976 1826 qua:
1000 1791 1034 1819 ab
1049 1791 1187 1818 hilaritate
1212 1797 1312 1818 nomen
1341 1790 1457 1826 accepit,
1470 1790 1529 1818 dies
1547 1795 1705 1826 agerentur.

915 1839 955 1865 Ac
972 1845 1021 1873 pro
1037 1839 1159 1873 utrisque
1183 1837 1315 1865 benevole
1330 1837 1401 1865 Deus
1431 1836 1527 1864 luisset
1551 1838 1708 1865 exorandus

917 1887 946 1910 ut
959 1883 1059 1910 auxilio
1072 1882 1184 1911 salutari
1196 1882 1312 1910 alterum
1339 1881 1449 1917 quidem
1464 1881 1499 1909 ab
1523 1888 1617 1910 errore
1639 1888 1707 1910 con-

916 1933 1045 1963 verteret,
1057 1930 1173 1957 alterum
1187 1936 1252 1957 vero
1281 1928 1403 1957 bonitate
1427 1933 1591 1963 superaret;
1617 1935 1707 1964 neque

915 1976 1101 2004 dcs’SIendum
1115 1975 1211 2004 fuisset
1227 1975 1261 2003 ab
1276 1982 1370 2003 eorum
1387 1982 1435 2010 per
1452 1980 1535 2002 totam
1551 1974 1634 2002 vitam
1656 1974 1707 2002 ad-

917 2022 1080 2056 monitione,
1095 2023 1181 2051 donec
1196 2022 1305 2050 tandem
1320 2021 1401 2049 hodie
1415 2022 1458 2048 vel
1474 2021 1513 2048 sic
1530 2020 1565 2048 ad
1584 2019 1705 2048 divinam

916 2068 1100 2103 cognitionem
1120 2072 1356 2104 promoverentur,
1378 2071 1490 2101 tumque
1513 2066 1621 2094 demum
1650 2066 1707 2094 illis

916 2123 977 2150 quae
1003 2114 1128 2150 ambigua
1146 2115 1307 2143 videbantur
1327 2119 1354 2141 et
1368 2113 1504 2146 obscura,
1521 2117 1704 2148 patescerent,

916 2165 944 2187 et
959 2161 993 2187 ab
1011 2160 1045 2188 iis
1062 2167 1123 2196 qua:
1137 2165 1235 2196 prteter
1245 2160 1380 2188 rationem
1397 2159 1543 2187 temerarie
1561 2159 1708 2187 commise-

917 2210 990 2238 rant,
1005 2205 1169 2241 resipiscere
1192 2205 1313 2241 legitima
1327 2205 1443 2232 veritate
1457 2209 1641 2240 cogerentur;
1656 2212 1707 2232 ne-

916 2252 974 2280 scio
989 2259 1043 2287 quo
1054 2255 1146 2286 pacto,
1159 2258 1221 2278 cum
1241 2250 1268 2278 id
1280 2251 1318 2278 illi
1332 2256 1410 2278 antea
1436 2258 1575 2286 nunquam
1601 2251 1708 2278 evertis-

918 2302 970 2332 set,
995 2302 1060 2326 tunc
1084 2297 1238 2325 vehementi
1255 2298 1373 2333 quadam
1389 2297 1576 2334 indignatione
1588 2303 1616 2326 et
1629 2305 1708 2326 ama-

920 2343 1040 2371 ritudine
1055 2347 1185 2378 concepta
1204 2343 1388 2371 obdormierat
1404 2344 1513 2379 (vesper
1534 2344 1608 2372 enim
1622 2345 1705 2379 erat);

920 2390 992 2417 circa
1005 2388 1121 2417 mediam
1134 2395 1198 2416 vero
1213 2393 1333 2422 noctem,
1349 2397 1402 2423 quo
1417 2394 1538 2425 tempore
1552 2390 1587 2418 ad
1598 2390 1706 2418 divinos

921 2435 1038 2471 hymnos
1054 2434 1182 2471 evigilare
1195 2441 1387 2467 consueverat.
1399 2443 1580 2471 experrectus
1595 2437 1706 2472 quidem

919 2482 1015 2518 surgit,
1031 2489 1093 2510 cum
1108 2489 1220 2510 somnos
1247 2489 1344 2516 parum
1367 2481 1474 2517 quietos
1494 2482 1648 2518 crebroque
1663 2483 1690 2510 in

919 2532 1068 2563 terruptos,
1081 2535 1131 2556 nec
1143 2528 1246 2563 absque
1262 2527 1468 2562 perturbatione
1482 2529 1617 2563 cepisset;
1628 2533 1690 2556 stati

919 2580 1010 2603 tamen
1036 2575 1071 2603 ad
1099 2575 1190 2603 divina
1213 2574 1371 2615 colloquia,
1401 2582 1454 2602 non
1492 2575 1559 2603 satis
1582 2575 1692 2610 religios

919 2621 1090 2655 tristabatur,
1108 2621 1282 2656 graviterque
1302 2621 1433 2653 lerebat,’
1451 2621 1574 2656 iniquum
1590 2627 1651 2649 esse
1666 2620 1702 2649 di-

721 2709 837 2737 γΑιιιλε
859 2708 1061 2737 LECTIONES.

111 2783 121 2799 ⁸
137 2780 293 2813 ἀδικοῦντες
305 2800 312 2812 ,
331 2780 362 2807 D.
399 2779 410 2794 ⁹
428 2779 484 2813 lege
502 2778 718 2812 συνοικίσαντες,
736 2785 766 2807 ut
781 2779 865 2808 habet
882 2780 912 2808 D.
953 2780 974 2795 '°
991 2779 1099 2807 ἓκπλεοι
1110 2799 1116 2811 ,
1145 2779 1176 2807 S.
1194 2779 1224 2807 P.
1242 2779 1274 2808 Ι).

80 2819 112 2856 ρ,
126 2813 320 2856 ¹¹ς¹ἀνιέροιςέ
334 2815 409 2856 in‘D.
425 2814 455 2844 S.
472 2814 593 2856 legituf._
614 2814 791 2856 ‘f‘ytveceat,
859 2815 889 2842 Ρ.

79 2853 129 2880 Cb.
154 2851 184 2878 D.
236 2849 258 2867 ’³
274 2851 321 2877 καὶ
341 2850 391 2885 τὴν
412 2851 530 2885 πικράν,
549 2849 593 2876 5.’

81 2888 103 2904 ’⁸
121 2887 336 2927 ὲκκοπτομένων,
354 2884 403 2913 Cll.
422 2884 451 2912 S.
469 2884 502 2912 Ρ.

221 2935 357 2964 ΡΑΤιιοῐι.
376 2934 424 2965 Gn
452 2933 508 2965 ΙΙΙ.

1327 2779 1347 2794 ¹¹
1365 2780 1411 2805 καὶ
1427 2779 1470 2805 ἀεὶ
1487 2779 1608 2811 ἔσονται,
1626 2778 1656 2806 S.
1673 2780 1704 2808 P.

943 2815 964 2830 ¹⁵
981 2815 1176 2855 δικαιοτάτου3
1312 2814 1333 2855 ’ξ
1348 2814 1412 2840 τῶν.
1453 2815 1473 2829 ¹⁷
1490 2814 1618 2855 ἀλήθειαν
1627 2815 1705 2855 γάρ,

629 2850 650 2866 ¹⁹
672 2851 749 2886 prius
771 2851 885 2879 verbum
907 2858 960 2878 non
983 2856 1024 2879 est
1050 2852 1076 2879 in
1101 2851 1134 2877 ι).
1159 2850 1232 2885 P.;in
1255 2849 1284 2876 ὃ.
1307 2849 1444 2884 glossema
1466 2854 1510 2877 est
1534 2849 1708 2884 posterioris.

1508 2931 1547 2962 35
