1914 3061
214 146 284 173 1099

796 143 825 172 S.
848 143 997 173 DIONYSII
1013 141 1246 172 AREOPAGITE

1777 147 1849 176 Ηοο

213 212 278 233 cens
289 203 387 240 impios
404 203 493 231 adhuc
509 203 644 237 homines,
661 208 807 240 rectasque
823 205 930 233 Domini
943 205 989 233 via:

1054 206 1140 240 λέγων
1160 207 1243 233 ἐδεῖτο
1257 205 1304 233 τοῦ
1327 205 1394 233 Θεοῦ
1414 206 1550 242 πρηστῆρί
1574 213 1627 233 τινι
1652 206 1704 239 τὰς
1722 207 1848 243 ἀμφοτέ-

211 256 398 287 pervertentes
426 251 528 279 vivere.
565 251 598 278 Et
626 252 684 279 haec
700 252 806 284 dicens,
833 253 997 287 precabatur

211 297 295 324 Deum
315 301 345 324 ut
370 297 450 324 simul
477 297 618 325 amborum
633 297 718 324 vitam
735 296 854 332 fulgetro
869 297 995 332 quopiam

214 343 471 372 immisericorditer
490 343 676 377 abrumperet.
703 341 752 370 His
777 343 869 375 dictis,
885 347 997 377 repente

209 399 239 419 se
264 390 365 418 vidisse
380 389 516 417 referebat
538 390 658 422 domum,
691 389 720 417 in
743 397 796 424 qua
813 390 990 424 consistebat,

210 435 326 470 primum
344 439 553 469 conquassatam
568 442 583 461 a
593 441 699 462 summo
710 435 792 470 605
806 436 907 463 vertice
921 435 994 463 bifa-

209 483 333 517 riamque
349 482 477 515 divisam,
500 485 526 508 et
538 481 682 516 quemdam
695 487 759 509 antc
784 489 813 509 se
830 483 945 518 ingentis
959 482 996 510 lu-

208 528 291 555 minis
317 535 423 562 rogum,
436 535 552 562 eumque
567 527 629 562 (sub
644 527 689 554 dio
703 528 775 555 enim
790 528 846 563 jam
857 528 934 556 locus
951 528 995 557 ille

208 574 391 608 videbatur)e
415 573 485 601 caelo
511 573 546 600 ad
576 580 606 601 se
626 580 712 608 usque
736 573 993 607 delatum;ccelum

207 624 298 648 autem
315 620 404 655 ipsum
422 623 559 654 apertum,
573 623 601 646 et
616 619 643 646 in
671 619 735 646 caeli
757 620 870 647 cardine
899 619 993 648 Jesum

206 666 356 693 innumeris
383 665 421 693 illi
449 666 567 693 humana
594 665 686 700 specie
708 666 812 701 angelis
831 667 992 695 astantibus.

205 713 295 748 Atque
309 713 360 740 ista
374 712 483 748 quidem
499 719 608 739 sursum
628 713 804 748 conspexisse
816 733 824 746 ,
851 714 993 742 miratum-

206 768 259 796 que
274 760 368 788 fuisse.
387 760 472 788 Porro
493 759 620 787 deorsum
650 760 829 794 respectando
845 759 949 796 Carpus
964 768 994 789 se

205 807 306 835 vidisse
319 806 471 838 asserebat,
483 805 570 840 ipsum
583 813 691 840 quoque
709 806 894 840 pavimentum
909 807 994 835 instar

205 858 290 881 vastae
305 852 445 886 cujusdam
472 851 923 887 tenebricosissimzequevoraginis
943 852 993 880 dif-

1049 260 1103 286 ρων
1117 251 1234 284 εἰσάπαξ
1256 251 1375 287 ἀνηλεῶς
1399 251 1558 278 ἀποπαῦσαι
1583 251 1665 284 ζωάς.
1693 252 1793 280 Ταῦτα
1820 255 1847 281 δὲ

1047 296 1141 329 εἰπὼν,
1159 297 1235 331 ἔλεγε
1254 296 1327 329 δόξαι
1346 296 1409 323 ἰδεῖν
1436 297 1513 332 ἄφνω
1538 297 1584 323 τὸν
1599 295 1674 324 οἶκον
1685 318 1693 330 ,
1711 297 1742 325 ὲν
1768 295 1846 334 ᾧπερ

1047 343 1176 379 εἱστήκει,
1191 343 1379 380 διαδονηθέντα
1394 345 1526 380 πρότερον
1536 365 1543 377 ,
1559 345 1607 372 καὶ
1622 346 1644 361 ¹¹¹
1669 346 1703 372 ἐκ
1718 347 1771 381 τῆς
1788 346 1848 382 ὀρο-

1046 391 1099 426 φῆς
1115 391 1154 422 εὶς
1168 390 1214 417 δύο
1232 391 1313 426 μέσον
1340 391 1522 426 διαιρεθέντα,
1539 392 1586 419 καί
1606 401 1668 420 τινα
1683 393 1778 429 πυρὰν
1795 402 1845 419 πο-

1046 435 1167 470 λύφωτον
1182 436 1347 472 ἐπίπροσθεν
1361 436 1444 464 αὐτοῦ
1455 438 1477 452 ²¹
1493 436 1541 463 xui.
1558 436 1660 472 ταύτην
1671 437 1774 472 (ἐδόκει
1788 437 1845 473 γὰρ

1046 482 1138 509 λοιπὸν
1166 482 1299 519 ὕπαιθρος
1321 483 1449 521 ὀρότιος)
1467 483 1498 509 ὲκ
1522 482 1569 509 τοῦ
1594 484 1721 519 οὐρανίου
1748 484 1844 520 χώρου

1047 528 1143 563 μέχρις
1157 527 1238 555 αὑτοῦ
1250 529 1473 565 καταφερομένην
1485 538 1492 544 ·
1509 529 1555 556 τὸν
1576 529 1604 555 δὲ
1620 530 1734 566 οὐρανὸν
1758 529 1844 556 αὑτὸν

1045 573 1270 610 ἀναπεπταμένον
1281 595 1289 607 ,
1306 576 1353 602 xui
1374 576 1420 602 ἐπὶ
1439 575 1479 611 τῷ
1498 575 1574 611 νώτῳ
1592 576 1640 602 τοῦ
1658 576 1778 612 οὐρανοῦ
1794 577 1844 603 τὸν

1052 619 1164 655 Ἰησοῦν,
1178 621 1298 657 ἀπείρων
1317 621 1523 658 ἀνθρωποειδῶς
1537 622 1610 658 αὐτῷ
1625 624 1842 658 παρεστηκότων

1044 666 1176 701 ἀγγέλων.
1195 668 1249 695 Καὶ
1263 668 1350 695 ταῦτα
1367 668 1416 704 μὲν
1432 668 1534 696 ἄνωθεν
1551 669 1676 704 ὁρᾶσθαι,
1687 670 1735 696 καὶ
1753 669 1841 695 αὐτὸν

1044 712 1204 749 θαυμάζειν.
1222 714 1305 741 Κάτω
1318 714 1346 741 δὲ
1364 714 1453 748 κύψας
1465 715 1480 741 ὁ
1495 714 1619 750 Κάρπος,
1638 715 1700 741 ἰδεῖν
1720 715 1773 751 ἔφη
1791 715 1841 742 καὶ

1043 758 1174 793 τοῦδαφος
1192 759 1257 786 αὐτὸ
1268 759 1336 795 πρὸς
1351 759 1449 794 ἀχανές
1467 767 1494 786 τι
1512 760 1605 795 χάσμα
1633 760 1681 786 xui.
1699 761 1839 787 σκοτεινὸν

1043 804 1248 841 διερρηγμένον,
1269 805 1386 838 καὶτοὺς
1417 806 1466 841 μὲν
1493 805 1592 842 ἄνδρας
1623 806 1765 840 ἐκείνους,
1795 804 1839 838 οἷς

1044 852 1175 888 ἐπηρᾶτο,
1195 851 1248 888 πρὸ
1262 851 1344 878 αὐτοῦ
1360 851 1432 878 κατά
1447 851 1477 878 τὸ
1493 852 1602 887 στόμιον
1623 853 1768 888 ἑστηκέναι
1787 852 1838 879 τοῦ

204 899 312 930 ﬁssum,
329 897 442 931 illosque
455 896 529 924 viros
545 903 614 931 quos
628 896 695 924 diris
712 897 869 930 devoverat,
886 901 949 925 ante
964 905 989 926 se

1044 897 1183 932 χάσματος
1200 895 1380 932 ὑποτρόμους,
1398 896 1530 928 ἐλεεινοὺς
1541 916 1549 928 ,
1569 896 1630 923 ὅσον
1648 896 1725 923 οὔπω
1749 906 1836 924 κατα-

203 945 237 972 ad
252 951 284 972 os
306 942 446 978 voraginis
470 947 618 970 trementes
644 947 727 974 stare,
751 950 783 970 ac
809 944 991 978 miserabiles,

204 995 334 1025 tanquam
346 990 403 1024 jam
416 988 527 1023 jamque
544 995 600 1022 pne
615 987 712 1023 pedum
734 988 887 1016 lubricitate
909 989 992 1017 colla-

203 1043 300 1071 psuros
319 1044 326 1062 :
343 1034 449 1062 inferne
463 1038 553 1065 autem
569 1041 584 1060 e
599 1034 728 1068 voragine
742 1038 884 1069 serpentes
903 1041 994 1061 emer-

202 1090 267 1118 gere
291 1081 432 1114 cernebat,
463 1081 539 1109 circa
566 1085 620 1108 tam
638 1080 733 1108 labiles
766 1080 874 1108 illorum
897 1081 991 1115 pedes,

203 1130 283 1157 modo
301 1129 411 1165 quidem
427 1129 455 1155 in
468 1135 564 1164 gyrum
584 1132 671 1159 actos,
683 1133 711 1154 et
740 1126 888 1163 implicitos
911 1127 992 1154 simul

201 1174 402 1209 pertrahentes,
418 1175 498 1201 modo
511 1179 621 1208 quoque
636 1172 766 1200 dentibus
791 1177 818 1199 et
833 1172 928 1200 caudis
949 1173 991 1200 in-

201 1219 348 1247 candentes
362 1226 394 1246 ac
405 1218 600 1251 demulcentes,
615 1218 795 1253 omnibusque
806 1218 892 1245 modis
902 1225 949 1246 eos
963 1218 991 1245 in

201 1265 358 1300 voraginem
374 1264 527 1300 praccipites
537 1263 604 1291 dare
619 1263 763 1290 molientes
777 1274 782 1290 :
800 1262 886 1290 fuisse
900 1268 991 1291 autem

200 1315 229 1339 et
241 1311 315 1338 viros
328 1309 461 1345 quosdam
486 1310 512 1336 in
538 1309 638 1343 medio,
656 1309 703 1344 qui
718 1309 849 1336 adversus
870 1315 917 1336 eos
936 1317 990 1337 una

200 1363 262 1384 cum
278 1355 451 1389 serpentibus
465 1354 595 1389 impetum
610 1349 998 1389 facerent,exagitandouna,'

199 1405 230 1429 et
252 1401 418 1436 impellendo
442 1404 524 1436 atque
546 1399 686 1433 feriendo;
710 1401 783 1428 visos
815 1406 905 1428 autem
930 1409 991 1429 esse

200 1450 276 1478 viros
297 1449 360 1477 illos
382 1449 469 1484 lapsui
493 1449 725 1484 appropinquare,
752 1449 851 1484 partim
875 1450 989 1485 quidem

200 1496 311 1528 invitos,
324 1496 423 1534 partim
449 1502 513 1522 vero
527 1499 632 1530 sponte,
650 1502 665 1522 a
680 1495 752 1523 malo
774 1496 811 1523 ita
827 1496 927 1524 sensim
939 1503 987 1524 co-

200 1547 277 1570 actos
291 1546 319 1569 et
333 1541 413 1569 simul
427 1548 585 1576 persuasos.
606 1540 752 1569 Referebat
766 1546 857 1570 autem
871 1541 987 1577 Carpus,

1044 942 1210 978 φερομένους
1226 941 1278 967 ὑπὸ
1294 941 1344 976 τῆς
1368 941 1421 969 τῶν
1439 941 1546 968 οἰκείων
1570 941 1659 970 ποδῶν
1680 942 1814 974 ἀστασίας
1826 951 1833 957 ·

1044 986 1167 1014 κάτωθεν
1181 986 1210 1012 δὲ
1225 986 1278 1012 ἀπὸ
1297 985 1344 1013 τοῦ
1360 986 1500 1021 χάσματος
1515 986 1591 1022 ὄφεις
1616 987 1762 1024 ἀνέρπειν,
1786 988 1836 1014 καὶ

1044 1033 1109 1069 περὶ
1124 1033 1188 1065 τοὺς
1204 1031 1286 1064 πόδας
1300 1032 1388 1058 αὐτῶν
1398 1032 1421 1047 ¹³
1438 1033 1676 1068 ὑποκινουμένους,
1699 1034 1765 1060 ποτὲ
1783 1034 1835 1069 μὲν

1043 1079 1200 1115 ἀποσύρειν,
1218 1078 1458 1114 ὲπανειλουμένους
1477 1079 1534 1115 ἅμα
1556 1080 1604 1106 xui
1623 1079 1834 1116 ἐπιϐαροῦντας,

1043 1126 1090 1152 καὶ
1106 1124 1302 1158 έπανέλκοντας
1310 1126 1343 1159 ’⁵,
1357 1125 1422 1153 ποτὲ
1440 1125 1468 1152 δὲ
1481 1127 1538 1158 τοῖς
1553 1125 1668 1158 ὀδοῦσιν,
1684 1126 1702 1162 ἢ
1719 1128 1777 1159 τοῖς
1789 1127 1836 1153 οὐ-

1044 1170 1131 1206 ραίοις
1161 1170 1356 1205 ὑποτύφοντας,
1381 1171 1398 1205 ἢ
1423 1170 1701 1206 ὐπογαργαλίζοντας,
1721 1172 1770 1199 xui.
1790 1171 1835 1198 διὰ

1042 1216 1142 1249 παντὸς
1157 1218 1197 1249 εἰς
1211 1217 1242 1243 τὺ
1258 1217 1357 1253 ἀχανὲς
1374 1217 1500 1253 ἐμϐαλεῖν
1516 1218 1745 1253 μηχανωμένους·
1764 1216 1834 1245 εἶναι

1041 1263 1069 1290 δὲ
1085 1264 1132 1290 καὶ
1145 1263 1245 1299 ἄνδρας
1260 1263 1337 1295 τινάς
1362 1264 1390 1290 ὲν
1417 1263 1492 1299 μέσῳ
1507 1264 1564 1295 τοῖς
1584 1263 1674 1298 ὕφεσι,
1691 1263 1762 1290 κατά
1779 1263 1834 1290 τῶν

1042 1309 1147 1344 ἀνδρῶν
1173 1308 1447 1345 συνεπιτιθεμένους,
1475 1308 1661 1341 διαδονοῦντας
1700 1310 1759 1345 ἅμα
1787 1310 1835 1337 καὶ

1042 1355 1215 1387 ὐωθοῦντας
1227 1356 1274 1383 xui.
1284 1356 1484 1387 καταπαιοντας
1495 1364 1501 1370 ·
1511 1354 1618 1382 ἐδόκουν
1634 1355 1662 1382 δὲ
1677 1354 1748 1382 εἶναι
1764 1356 1834 1391 πρὸς

1040 1402 1070 1428 τὸ
1089 1403 1183 1428 πεσεῖν
1199 1402 1308 1433 ἐκεῖνοι,
1335 1401 1369 1427 τὰ
1390 1401 1438 1436 μὲν
1452 1400 1575 1433 ἄκοντες,
1605 1401 1640 1427 τά
1658 1400 1687 1427 δὲ
1709 1401 1832 1433 ἑκόντες,

1041 1447 1093 1474 ὑπὸ
1108 1447 1155 1474 τοῦ
1171 1446 1256 1474 κακοῦ
1273 1448 1334 1474 κατ’
1356 1447 1446 1482 ὀλίγον
1466 1447 1620 1483 βιαζόμενοι
1636 1447 1694 1484 ἅμα
1708 1449 1757 1475 καὶ
1773 1457 1835 1475 πει-

1041 1493 1159 1529 θόμενοι.
1176 1493 1271 1528 Ἔλεγε
1288 1493 1316 1520 δὲ
1335 1494 1349 1520 ὁ
1363 1494 1486 1529 Κάρπος,
1503 1494 1599 1521 ἑαυτὸν
1618 1494 1731 1530 ἥδεσθαι
1757 1495 1834 1522 κάτω

1041 1538 1184 1574 βλέποντα,
1210 1538 1264 1565 τῶν
1279 1539 1336 1566 άνω
1352 1539 1380 1566 δὲ
1393 1539 1503 1575 ἀμελεῖν
1513 1548 1520 1555 ·
1542 1539 1729 1576 δυσχεραίνειν
1745 1540 1774 1567 δὲ
1785 1541 1834 1568 καὶ

199 1595 250 1621 se,
271 1587 334 1615 dum
359 1587 489 1615 inferiora
511 1587 677 1622 respiceret,
702 1587 787 1615 fuisse
811 1587 985 1621 delectatum,

1042 1583 1189 1620 ὀλιγωρεῖν,
1205 1584 1246 1611 ὃτι
1256 1584 1292 1620 μὴ
1310 1584 1486 1612 πεπτώκασιν
1506 1585 1566 1621 ἤδη,
1582 1586 1629 1612 καὶ
1638 1585 1677 1621 τῷ
1687 1587 1832 1622 πράγματι

199 1634 340 1668 superiora
355 1633 518 1669 negligenda
529 1641 536 1666 ;
549 1641 611 1661 cum
624 1641 688 1661 vero
702 1633 823 1668 graviter
835 1639 862 1661 et
879 1633 989 1669 indigne

199 1677 285 1705 ferret
298 1677 360 1704 illos
375 1677 489 1705 necdum
503 1677 651 1710 cecidisse,
670 1682 752 1713 atque
776 1679 809 1706 ad
834 1678 906 1706 hanc
931 1686 988 1707 rem

198 1730 270 1758 saepe
284 1722 388 1751 frustra
404 1723 586 1756 incubuisset,
605 1724 775 1758 indignatum
797 1724 831 1752 iis
843 1729 870 1752 et
888 1724 991 1760 impre-

198 1774 289 1796 catum
303 1777 373 1797 esse.
399 1769 506 1798 Etcum
518 1770 565 1797 vix
589 1769 697 1797 tandem
714 1770 849 1798 revocatis
875 1771 910 1798 ad
937 1778 987 1799 su-

198 1823 283 1851 perna
299 1814 459 1847 luminibus,
470 1815 585 1843 vidisset
599 1815 707 1850 quidem
728 1815 816 1843 denuo
832 1815 903 1843 sicut
913 1816 988 1851 prius

198 1861 310 1894 malum,
323 1860 416 1889 Jesum
431 1868 507 1895 vero,
523 1861 683 1888 miseratum
697 1861 771 1896 quod
795 1861 888 1896 ﬁebat,
902 1863 986 1890 desu-

198 1916 246 1943 per
276 1908 380 1936 ccelesti
407 1908 505 1935 throno
532 1907 726 1940 descendisse,
750 1913 833 1942 atque
857 1908 890 1935 ad
913 1909 986 1944 ipsos

198 1955 372 1982 accedentem
384 1954 530 1989 benignam
561 1954 595 1982 iis
620 1961 730 1982 manum
754 1954 920 1989 porrexisse,
938 1963 988 1982 an-

198 2001 329 2036 gelosque
345 2007 399 2027 una
411 2007 490 2034 opem
515 1999 699 2034 conferentes,
721 1999 836 2027 alterum
863 2001 986 2028 virorum

196 2053 232 2073 ex
254 2045 339 2073 altera
361 2050 438 2081 parte
464 2045 624 2078 retinuisse,
641 2044 789 2079 Jesumque
819 2046 869 2080 ipsi
896 2046 985 2080 Carpo

196 2091 301 2119 dixisse
317 2101 324 2119 :
342 2091 421 2118 Manu
434 2091 490 2125 iam
501 2097 614 2119 extensa
630 2095 742 2126 percute
769 2099 822 2122 me.
852 2092 985 2126 siquidem

196 2139 286 2165 adhuc
303 2143 414 2173 paratus
431 2145 491 2165 sum
511 2138 599 2166 denuo
615 2145 663 2173 pro
679 2138 834 2166 hominibus
846 2136 985 2166 salvandis

195 2184 264 2220 pati,
279 2185 399 2219 illudque
413 2184 605 2217 libentissime,
622 2192 655 2212 ne
670 2185 778 2212 demum
797 2185 842 2212 alii
860 2185 985 2212 homines

195 2235 319 2266 peccent.
344 2230 477 2257 Caeterum
504 2231 667 2264 considera,
687 2238 750 2258 num
780 2231 829 2258 tibi
858 2231 984 2266 expediat

196 2277 267 2303 hanc
282 2276 434 2303 istiusmodi
450 2277 540 2304 hiatus
555 2280 657 2304 etcum
673 2277 847 2312 serpentibus
863 2277 982 2304 mansio-

195 2331 256 2350 nem
278 2321 325 2349 Dei
345 2329 376 2349 ac
396 2322 530 2349 bonorum
555 2322 886 2357 clementissimorumque
901 2330 984 2357 ange-

195 2369 282 2396 lorum
299 2368 438 2395 consortio
453 2367 594 2402 praeferre.
609 2368 672 2396 Haec
683 2373 758 2402 sunt,
778 2376 838 2404 qua:
855 2376 906 2403 ego
920 2376 981 2396 cum

195 2414 330 2441 audierim
359 2421 422 2441 vera
443 2420 504 2441 esse
518 2414 611 2441 credo.

1040 1628 1169 1660 πολλάκις
1187 1629 1347 1664 ἐπιθέμενον
1367 1630 1415 1656 xui.
1442 1630 1657 1666 άδυνατήσαντα,
1673 1632 1720 1658 καὶ
1750 1631 1832 1667 ἀχθε-

1041 1674 1137 1710 σθῆναι
1159 1674 1207 1701 xui.
1223 1674 1423 1710 ἐπαράσασθαι.
1443 1675 1498 1702 Καὶ
1524 1676 1709 1703 ἀνανεύσαντα
1738 1677 1831 1712 μόλις,

1040 1721 1102 1748 ιδεῖν
1118 1720 1167 1756 μὲν
1183 1718 1261 1752 αὖθις
1282 1721 1329 1747 τὸν
1347 1721 1476 1757 οὐρανὸν,
1507 1721 1602 1758 ὥσπερ
1623 1723 1671 1749 xui.
1696 1723 1833 1758 πρότερον

1038 1767 1165 1802 ἑωράκει,
1195 1767 1242 1794 τὸν
1252 1767 1281 1793 δὲ
1303 1767 1417 1803 Ἰησοῦν,
1434 1767 1581 1803 ἐλεήσαντα
1605 1768 1636 1794 τὸ
1655 1768 1830 1803 γιγνόμενον,

1038 1813 1216 1850 ἐξαναστῆναι
1227 1812 1274 1839 τοῦ
1291 1812 1488 1848 ὐπερουρανίου
1512 1812 1616 1848 θρόνου,
1648 1814 1695 1840 καὶ
1708 1813 1763 1845 ἕως
1779 1814 1831 1840 αὑ-

1037 1858 1092 1886 τῶν
1113 1859 1290 1891 καταϐάντα,
1317 1859 1365 1886 xui.
1392 1859 1470 1894 χεῖρα
1497 1858 1604 1894 ἀγαθὴν
1631 1858 1758 1895 ὀρέγειν,
1784 1860 1833 1886 καὶ

1037 1905 1100 1938 τοὺς
1116 1905 1248 1940 ἀγγέλους
1263 1904 1336 1941 αὺτῷ
1351 1905 1678 1941 συνεπιλαμϐανομένους,
1695 1905 1775 1933 ἄλλον
1785 1906 1833 1934 ἆλ-

1037 1953 1113 1980 λοθεν
1130 1952 1287 1988 ἀντέχεσθαι
1297 1953 1352 1978 τοῖν
1370 1951 1487 1988 ἀνδροῖν,
1504 1952 1551 1979 καὶ
1568 1953 1655 1978 εἰπεῖν
1665 1952 1705 1988 τῷ
1719 1953 1832 1990 Κάρπῳ

1037 1999 1083 2026 τὸν
1103 1998 1222 2035 Ἰησοῦν·
1253 1997 1310 2033 Τῆς
1332 1997 1422 2034 χειρὸς
1451 1998 1501 2034 ήδη
1525 1999 1744 2034 ιπροτετςιμένηςν
1766 2002 1832 2027 παῖε

1036 2046 1096 2072 κατ’
1116 2045 1184 2080 ἐμοῦ
1197 2044 1289 2071 λοιπόν
1304 2052 1311 2059 ’
1328 2044 1436 2079 ἕτοιμος
1454 2043 1509 2080 γάρ
1528 2045 1586 2081 εἰμι
1600 2044 1647 2071 καὶ
1662 2043 1743 2077 αὖθις
1760 2046 1832 2082 ὑπὲρ

1036 2091 1186 2128 ἀνθρώπων
1201 2090 1415 2126 ἀνασωζομένων
1431 2091 1537 2124 παθεῖν,
1557 2092 1603 2118 xui.
1619 2092 1772 2127 προσφιλές
1786 2101 1832 2128 μοι

1035 2139 1123 2172 τοῦτο,
1149 2139 1187 2175 μὴ
1216 2139 1304 2166 ἄλλων
1336 2138 1547 2174 ἁμαρτανόντων
1566 2138 1731 2175 ἀνθρώπων.
1756 2140 1832 2175 Πλὴν

1034 2187 1085 2222 ὅρα
1110 2187 1132 2202 ³³
1145 2187 1169 2213 ει
1184 2185 1274 2218 καλῶς
1296 2186 1352 2221 ἔχει
1374 2194 1416 2212 σοι
1441 2185 1491 2220 τὴν
1521 2187 1551 2212 έν
1561 2185 1600 2220 τῷ
1629 2186 1753 2221 χάσματι
1782 2188 1833 2214 καὶ

1038 2231 1106 2268 μετὰ
1131 2231 1186 2258 τῶν
1210 2231 1298 2266 ὄφεων
1329 2231 1412 2267 μονὴν
1442 2230 1656 2263 ἀνταλλάξασθαι
1680 2232 1733 2267 τῆς
1761 2233 1833 2268 μετά

999 2261 1021 2288 D
1035 2261 1103 2305 δὶεοῦ
1128 2278 1175 2304 xui.
1204 2261 1258 2304 των
1289 2261 1398 2312 ἀγαθῶν
1432 2276 1480 2303 xui.
1509 2261 1730 2312 φιλανθρώπων.-
1747 2261 1832 2314 ἐγγέ-

1034 2325 1098 2351 λων.
1136 2323 1229 2351 Ταῦτά
1247 2325 1322 2351 ἐστιν
1340 2323 1358 2352 ἃ
1380 2322 1435 2358 ἐγὼ
1454 2321 1581 2358 ἀκηκοὼς
1600 2323 1723 2351 πιστεύω
1739 2325 1829 2362 ἀληθῆ

1034 2367 1115 2396 εῖναι.

739 2516 822 2551 eos
839 2508 1105 2545 AD’NOTATIONES
1123 2513 1292 2543 CORDERli.

231 2572 647 2611 §l.Heb_rteorumIlistoriw,etc.
662 2573 763 2611 Alludit
779 2574 811 2611 ad
834 2574 912 2603 Num.
938 2584 1000 2611 cap.
1024 2583 1076 2608 xu,
1100 2575 1128 2606 5,
1144 2574 1189 2602 ubi
1208 2573 1241 2602 de
1264 2572 1469 2611 mansuetudine
1489 2571 1739 2611 Moysisdegitur:
1759 2574 1826 2601 Era:

196 2607 301 2643 Moyses
316 2609 355 2635 uir
370 2609 528 2645 mitissimus
540 2607 619 2641 super
634 2617 723 2635 omnes
740 2609 856 2637 homines
873 2611 917 2645 qui
929 2607 1103 2638 morabamur
1119 2611 1147 2636 in
1165 2614 1246 2645 terra.
1258 2610 1349 2645 Atque,
1362 2608 1432 2641 ideo,
1447 2607 1544 2645 inquit,
1558 2608 1604 2645 Dei
1621 2607 1739 2645 famulus
1754 2618 1823 2636 nuu-

198 2642 325 2679 cupatur,
342 2644 503 2678 catterisque
517 2645 656 2679 prophetis
671 2644 779 2677 dignior
795 2646 828 2671 ad
844 2642 989 2674 videndum
1006 2645 1102 2676 Deum,
1118 2645 1156 2671 uti
1175 2644 1273 2671 ibidem
1292 2643 1437 2679 Scriptura,
1445 2642 1583 2679 subiungit
1596 2651 1653 2671 ver.
1668 2644 1685 2670 6
1698 2652 1706 2670 :
1719 2643 1750 2670 Si
1763 2646 1823 2679 quis

193 2677 274 2714 fuerit
287 2679 360 2715 inter
374 2687 420 2705 vos
435 2677 699 2715 prop/teta'Domini,
712 2679 739 2705 in
757 2680 857 2707 visione
872 2682 1003 2715 apparebo
1017 2681 1051 2712 ei,
1069 2680 1107 2707 vel
1120 2679 1250 2706 somnium
1267 2679 1360 2715 loquar
1373 2679 1408 2715 ad
1429 2677 1515 2715 illum.
1530 2678 1639 2713 Ali'non
1657 2679 1719 2705 talis
1732 2677 1822 2706 sci-rus

193 2712 266 2740 sum
283 2712 399 2751 Moyses,
416 2714 503 2751 qui_in
521 2715 592 2751 omni
608 2715 686 2751 domo
701 2722 758 2742 mea
771 2712 942 2749 ﬁdelissiinus
957 2721 1020 2751 est:
1037 2723 1082 2742 ore
1096 2715 1165 2742 enim
1179 2715 1214 2741 ad
1230 2722 1258 2741 οι
1274 2712 1366 2749 loquor
1381 2713 1416 2746 ei,
1431 2717 1456 2740 et
1470 2712 1570 2748 palam,
1585 2719 1609 2740 et
1624 2721 1677 2741 non
1692 2721 1739 2749 per
1758 2715 1823 2741 mri-

192 2755 282 2784 gmata
296 2754 320 2775 et
335 2749 436 2784 ﬁguras
453 2748 596 2776 Dominum
611 2750 690 2777 videt.

836 2797 952 2826 VARUS
972 2796 1171 2826 LECTIONES.

245 2841 267 2858 ¹¹
299 2841 346 2869 καί
377 2848 430 2871 non
455 2846 498 2870 est
527 2841 554 2871 iu
571 2840 600 2872 S.
617 2820 685 2875 1).”.

191 2876 252 2910 ὅρα,
270 2876 299 2905 S.

704 2843 727 2859 “
742 2843 854 2881 ἑαυτοῦ,
868 2843 899 2872 D.
918 2844 946 2873 S.
963 2843 996 2873 P.
1032 2844 1055 2862 ³³
1071 2843 1161 2876 αὐτόν,
1180 2841 1221 2879 5.Δ
1250 2841 1287 2879 ..³⁸
1302 2841 1438 2876 ἕλκοντας,
1465 2840 1498 2870 D.
1520 2840 1550 2870 S.
1587 2841 1612 2859 "
1634 2841 1705 2877 πλὴν
1736 2840 1770 2868 σὺ
1791 2841 1820 2868 6k
