1914 3061
70 174 149 204 “05

791 185 962 216 EPISTOLA
991 188 1035 217 IX.

1661 198 1728 227 11οῧ

69 232 200 287 Ξούῗηξ,
230 237 283 264 καὶ
309 237 424 270 κόλπους
446 238 616 273 θεογονικοὺς
630 241 882 278 ὲναγκαλιζομένουι

942 243 1008 272 lium
1024 245 1071 273 Dei
1083 246 1307 282 complectentes,
1322 248 1351 276 in
1363 250 1472 278 modum
1493 252 1616 287 corporis
1629 254 1729 282 collau-

68 277 147 305 Θεοῦ
165 280 256 314 Υἱὺν,
284 284 509 320 σωματοπρεπῶς
523 287 590 321 ἡμῖν
612 277 823 324 ἐξυμνοὺσης,ἦ
838 297 889 324 φυ-

70 325 167 359 σικῶς
188 328 289 356 ταῦτα
308 330 533 367 διαπλαττούσης,
559 333 606 359 καὶ
631 333 726 370 δένδρα
748 334 819 367 τινὰ,
842 335 889 362 καὶ

69 371 233 409 βλαστοὺς,
252 377 304 404 καὶ
319 377 396 412 ἄνθη,
413 379 459 404 καὶ
475 378 550 413 ῥίζας
560 379 790 417 προϐαλλομένης,
805 381 822 417 ἢ
836 391 890 418 πη-

69 420 131 454 γὰς
157 422 277 451 ὑδάτων
300 424 551 462 ἀναϐλυζούσας,ἢ
574 427 800 464 ἀπαυγασμάτων
821 438 889 466 προ-

69 469 233 503 αγωγικὰς
257 471 437 506 φωτογονίας,
464 471 480 508 ἢ
505 472 588 505 ἄλλας
615 473 692 506 τινὰς
719 475 888 511 ὑπερουσίων

72 512 238 549 θεολογιῶν
250 516 452 552 ὲκφαντορικὰς
463 518 649 554 ἱερογραφίας.
658 519 719 546 Ἐπὶ
727 519 756 547 δὲ
763 520 817 547 τῶν
826 530 889 557 νοη-

70 559 132 587 τῶν
140 560 193 587 τοῦ
204 561 279 588 Θεοῦ
286 562 427 597 προνοιῶν,
436 563 452 598 ἢ
460 563 578 599 δωρεῶν,
588 565 604 601 ἢ
613 565 780 600 ὲκφάνσεων,
788 567 804 602 ἢ
812 567 889 594 δυνά-

73 615 168 642 μεων,
187 606 206 643 ἢ
232 608 384 645 ἰδιοτήτων,
400 609 416 646 ἢ
433 609 571 647 λήξεων,ἢ
582 612 679 646 μονῶν,
695 612 711 648 ἢ
729 613 885 650 προόδων,ἢ

70 653 267 690 διακρίσεων,
282 655 299 690 ἢ
316 654 448 688 ἐνώσεων,
464 656 677 692 ἀνδροπλαστίαν
692 658 732 694 τῷ
746 658 816 694 Θεῷ,
839 659 886 686 καὶ

69 697 200 734 θηριων,
218 700 270 726 καὶ
284 699 361 732 ζώων
377 700 474 733 ἄλλων,
491 702 538 728 καὶ
554 702 656 736 φυτῶν,
673 703 719 730 καὶ
735 703 816 730 λίθων
827 712 886 732 ποι-

73 744 272 781 διιλομορφίαν
286 746 520 783 περιπλαττούσης
531 756 537 763 ·
555 748 601 774 καὶ
615 748 735 785 κόσμους
750 750 825 786 αὐτῷ
835 759 885 785 γυ-

74 791 241 824 ναικείους,
264 792 281 829 ἢ
305 792 474 828 βαρϐαρικὰς
500 793 660 827 ὁπλοποιίας
682 796 884 832 περιτιθείσης·

76 838 128 864 καὶ
144 838 301 873 κεραμίαν,
320 839 365 865 καὶ
379 839 570 875 χωνευτήριον,
585 840 623 872 ὡς
638 840 672 867 ἂν
689 840 815 877 βαναύσῳ
830 843 885 869 τινὶ

75 882 285 918 προστιθείσης
299 883 322 899 ³⁰
334 892 341 899 ·
357 884 404 910 καὶ
419 884 519 917 ἵππους
534 885 620 921 αὐτῷ,
635 887 683 913 καὶ
702 886 823 922 ἅρματα,
837 888 885 915 καὶ

76 928 200 965 θρόνους
216 929 445 966 ὑποστρωννύσης
454 939 460 945 ·
477 931 524 957 καὶ
537 931 630 964 δαῖτας
640 933 662 948 ³¹
675 941 750 965 τινας
760 933 883 969 όψοποιη-
899 940 920 968 Β

79 974 163 1006 τικὰς
180 975 205 991 ³³
221 975 464 1012 ἐπισκευαζούσης,
479 978 526 1004 καὶ
541 979 697 1011 πεπωκότα,
713 980 760 1006 καὶ
776 979 888 1015 μεθύον-

81 1029 127 1052 τα,
144 1021 197 1049 val.
208 1021 395 1055 ὑπνώττοντα,
408 1024 455 1050 καὶ
463 1024 655 1060 κραιπαλῶντα
662 1025 885 1062 διαπλαττούσης.

77 1067 114 1095 Τί
122 1067 158 1095 ἄν
169 1076 215 1100 τις
225 1068 296 1095 εἴποι
305 1069 355 1101 τὰς
363 1070 458 1106 ὀργὰς,
467 1070 516 1102 τὰς
525 1071 622 1104 λύπας,
630 1072 693 1104 τοὺς
705 1073 888 1106 παντοδαποὺς

79 1114 198 1150 ὅρκους,
210 1115 259 1147 τὰς
283 1116 472 1152 μεταμελείας,
486 1117 534 1149 τὰς
551 1118 631 1154 ἀρὰς,
650 1118 699 1150 τὰς
715 1119 836 1155 μήνιδας,
852 1119 887 1147 τὰ

80 1161 217 1197 πολυειδῆ
226 1162 272 1188 καὶ
279 1162 342 1195 λοξὰ
349 1163 400 1198 τῆς
410 1164 546 1200 ἁμαρτίας
555 1164 609 1191 τῶν
617 1165 786 1200 ἐπαγγελιῶν
799 1167 888 1202 σοφίσ-

80 1216 173 1243 ματα,
191 1207 241 1243 τὴν
255 1209 285 1235 ὲν
298 1210 332 1245 τῇ
347 1209 454 1236 Γενέσει
465 1212 689 1247 γιγαντομαχίαν,
704 1213 764 1240 καθ’
780 1214 813 1249 ἦν
828 1214 887 1240 ὲπι-

81 1253 226 1281 ϐουλεύειν
236 1256 268 1282 ὲκ
283 1255 365 1291 φόϐου
381 1256 488 1290 λέγεται
503 1259 559 1289 τοῖς
573 1258 695 1291 δυνατοῖς
708 1260 822 1292 ἐκείνοις
837 1261 886 1287 ἀν-

82 1301 180 1338 δράσι,
193 1303 240 1329 καὶ
253 1302 340 1329 ταῦτα
355 1303 405 1339 τὴν
421 1303 574 1340 οἰκοδομὴν,
585 1304 637 1331 οὐκ
646 1305 689 1331 ἐπ’
700 1305 792 1342 ἀδικίᾳ
806 1306 886 1333 τινῶν

82 1348 202 1384 ιτέρων,
213 1347 269 1375 ἀλλ’
279 1349 348 1385 ὑπὲρ
363 1349 500 1385 σωτηρίας
510 1349 560 1385 τῆς
569 1350 672 1378 ἑαυτῶν
690 1353 886 1388 μεμηχανημέ-

83 1403 152 1426 νοις,
167 1395 215 1421 καὶ
228 1394 258 1421 τὸ
269 1394 430 1430 ωμῆοὑλιον
438 1396 524 1423 ἐκεῖνο
534 1396 565 1423 τὸ
572 1397 632 1424 κατ’
641 1398 754 1434 οὐρανὸν
764 1399 810 1425 ἐπὶ
817 1399 886 1436 δόλῳ

83 1442 132 1468 καὶ
146 1441 240 1478 ἀπάτῃ
256 1440 303 1468 τοῦ
325 1442 426 1478 Ἀχαὰῦ
441 1442 637 1479 σκευαζόμενον
647 1443 669 1460 ³³
679 1452 685 1458 ·
703 1445 751 1471 καὶ
763 1444 814 1477 τὰς
830 1445 885 1472 τῶν

83 1487 220 1523 ᾀσμάτων
234 1488 385 1523 προσύλους
407 1489 455 1515 καὶ
477 1489 617 1525 ὲταιρικὰς
631 1489 824 1523 πολυπαθείας,
840 1492 886 1518 καὶ

82 1535 135 1561 ὃσα
151 1534 221 1561 ἄλλα
236 1535 286 1570 τῆς
299 1535 389 1562 πάντα
402 1535 545 1572 τολμώσης
558 1537 616 1563 ἐστὶ
632 1536 810 1570 θεοπλαστίας
826 1538 886 1574 ιερὰ

81 1580 250 1616 συνθήματα
276 1582 423 1618 φαινόμενα
447 1582 500 1609 τῶν
530 1582 652 1618 κρυφίων
676 1583 885 1620 προϐεϐλημὲνα

82 1627 133 1654 καὶ
159 1616 395 1664 πεπληθυσμένα,
412 1628 460 1654 κα)⁸
483 1616 598 1664 μεριστὰ
621 1628 676 1655 τῶν
698 1616 823 1656 ’ἑνιαίων
836 1631 883 1656 καὶ
897 1616 918 1644 C‘

84 1673 256 1710 ἀμερίστων,
269 1674 316 1701 καὶ
330 1673 483 1706 τυπωτικὰ,
497 1675 545 1701 καὶ
559 1674 722 1710 πολύμορφα
736 1675 789 1702 τῶν
798 1676 885 1712 ἀμορ-

85 1718 187 1755 φώτων
203 1719 251 1746 ναὶ
263 1719 430 1747 ἀτυπώτων⁸
448 1716 486 1747 ὧν
500 1720 527 1746 sl
547 1729 590 1752 τις
614 1721 676 1748 ἰδεῖν
696 1721 820 1758 δυνηθείη
835 1723 884 1758 τὴν

85 1765 166 1798 ἐντὸς
181 1765 431 1802 ἀποκεκρυαμένην
448 1766 624 1802 εὐπρέπειαν,
640 1768 749 1803 εὑρήσει
768 1769 884 1804 μυστικὰ

86 1811 136 1839 καὶ
152 1811 255 1847 θεο;,ιδῆ
269 1811 370 1843 πάντα,
385 1813 431 1838 καὶ
448 1812 546 1839 πολλοῦ
562 1812 609 1840 τοῦ
625 1813 780 1848 θεοληγικοῦ
797 1815 885 1850 φωτὸς

86 1856 324 1893 ὲναπεπλησμένα
350 1858 396 1894 Μὴ
411 1858 465 1894 γὰρ
480 1858 599 1894 οἰώμεθα
613 1859 648 1886 τὰ
669 1861 817 1896 φαινόμενα
831 1862 884 1889 τῶν

88 1903 271 1940 συνθημάτων
287 1904 359 1941 ὑπὲρ
374 1904 475 1931 ἑαυτῶν
491 1905 707 1939 ἀναπεπλάσθαι,
732 1907 884 1943 προὸεσλῆ-

90 1949 153 1976 σθαι
160 1950 407 1987 δὲτῆςάποῤῥῆτου
418 1951 464 1978 καὶ
473 1951 586 1978 ἁθεάτου
597 1954 653 1984 τοῖς
660 1952 767 1985 πολλοῖς
775 1954 884 1989 ἐπιστή-

91 2005 156 2032 μης,
163 1996 201 2029 ὡς
207 1996 244 2033 μὴ
251 1998 337 2034 reis,“
345 1997 469 2034 βῖὸήλοις
479 1998 627 2034 εὑχείρωτα
636 1996 705 2026 εἶναι
714 1999 748 2026 τὰ
758 2000 883 2036 πανίερα·

91 2043 182 2078 μόνοις
194 2043 223 2070 δὲ
237 2044 472 2072 ἀνακαλύπτεσθαι
491 2046 547 2077 τοῖς
568 2045 619 2081 τῆς
634 2046 771 2081 ὁσιότητος
779 2047 802 2062 ³³
818 2054 883 2083 γνη-

91 2089 158 2122 σίοις
172 2090 309 2126 ἐρασταῖς,
325 2092 362 2123 ὡς
382 2092 471 2118 πᾶσαν
487 2091 536 2128 τὴν
550 2091 716 2129 παιδαριώδη
735 2093 884 2127 φαντασίαν

89 2136 138 2163 ἐπὶ
145 2136 198 2164 τῶν
208 2137 286 2173 ἱερῶν
296 2137 437 2173 συμϐόλων
447 2138 773 2175 ἀποσκευαζομένοις,καὶ
784 2139 885 2171 ἱκανοῖς

90 2182 237 2212 διαῦαίνειν
253 2183 384 2220 ἁπλότητι
399 2184 446 2211 νοῦ
461 2203 469 2216 ,
492 2184 538 2211 καὶ
560 2185 729 2221 θεωρητικῆς
744 2185 885 2221 δυνάμεως

91 2229 300 2265 ἐπιτηδειότητι,
307 2230 375 2266 πρὸς
385 2230 434 2267 τὴν
444 2230 542 2266 ἁπλῆν,
550 2232 597 2258 καὶ
605 2232 742 2268 ὑπερφυῆ,
751 2232 798 2259 καὶ
806 2233 884 2268 ὑπερ-

95 2275 237 2314 ιδρυμένην
244 2277 297 2305 τῶν
306 2286 337 2304 συ
341 2277 446 2313 μϐόλων
456 2276 592 2323 ἀλήθειαν.
602 2277 704 2310 ’Ἄλλως
713 2286 743 2305 τε
752 2279 798 2305 καὶ¹
807 2278 884 2306 τοῦτο
900 2295 922 2323 D

94 2322 217 2359 ἐννοῆσαι
233 2323 296 2360 χρὴ,
312 2323 343 2350 τὸ
357 2324 447 2360 διττὴν
463 2321 532 2350 εἶναι
546 2323 595 2360 τὴν
608 2325 662 2351 τῶν
677 2324 809 2358 θεολόγων
830 2334 882 2352 πα-

95 2369 210 2405 ράδοσιν,
226 2369 275 2405 τὴν
300 2370 350 2406 μὲν
372 2370 529 2407 ἀπόρρητον
552 2371 598 2398 καὶ
626 2370 769 2406 μυστικὴν,
789 2371 839 2406 τὴν
854 2371 883 2397 δὲ

95 2415 203 2450 ἐμφανῆ
217 2417 264 2442 καὶ
278 2417 491 2454 γνωριμωτέραν
501 2425 507 2431 ·
526 2417 573 2443 καὶ
587 2415 636 2452 τὴν
653 2416 701 2452 μὲν
718 2416 884 2452 συμϐολικὴν

95 2462 140 2490 καὶ
150 2461 317 2497 τελεστικὴν.
334 2462 383 2498 τὴν
398 2462 425 2489 δὲ
448 2462 591 2498 φιλόσοφον
611 2463 658 2489 κα)⁴
680 2462 881 2498 ἀποδεικτικὴν,

94 2507 140 2534 καὶ
156 2507 358 2543 συμπέπλεκται
372 2508 411 2544 τῷ
428 2508 502 2545 ῥητῷ
523 2509 554 2536 τὸ
576 2508 703 2545 ἄρρητον.
720 2508 774 2535 Καὶ
787 2508 817 2535 τὸ
835 2509 883 2544 μὲν

95 2553 181 2580 πείθει
197 2553 244 2580 καὶ
259 2554 414 2582 καταδεῖται
429 2554 483 2583 τῶν
504 2555 657 2591 λεγομένων
672 2555 722 2591 τὴν
743 2554 882 2590 ἀλήθειαν,

94 2599 124 2627 τὸ
135 2599 164 2628 δὲ
185 2599 236 2636 δρᾷ
256 2600 303 2627 καὶ
318 2601 433 2637 ὲνιδρύει
447 2601 485 2636 τιξλ
500 2601 559 2637 Θεῷ
580 2603 640 2633 ταῖς
655 2600 806 2632 ἀδιδάκτοις
831 2609 882 2636 μυ-

96 2647 270 2681 σταγωγίαις.
286 2647 340 2674 Καὶ
357 2646 410 2683 μὴν
423 2647 483 2674 οὐδὲ
498 2647 568 2675 κατὰ
588 2648 638 2679 τὰς
651 2647 705 2674 τῶν
722 2646 880 2682 ἁγιωτάτων

134 2747 143 2766 ι
158 2745 193 2773 ιιι
205 2745 273 2782 Reg.
287 2754 363 2774 uxr.
401 2751 421 2764 ιιι
437 2747 514 2775 Cant.
533 2754 557 2773 IV
571 2750 598 2774 et
613 2754 639 2773 ν.

940 291 998 324 dat,
1019 295 1066 319 aut
1084 292 1110 319 in
1128 293 1237 320 modum
1251 294 1343 329 stirpis
1357 296 1414 324 haec
1429 297 1486 332 ipsa
1499 299 1629 335 depingit,
1646 305 1672 328 et
1684 309 1729 329 ar-

939 337 1020 365 bores
1033 338 1181 378 quasdam,
1197 343 1225 366 et
1242 340 1375 374 surculos,
1389 346 1416 369 et
1431 342 1511 372 ﬂores
1526 349 1608 380 atque
1622 347 1729 376 radices

939 384 1080 418 proponit;
1093 388 1140 410 aut
1152 383 1243 412 fontes
1262 386 1340 420 aquis
1360 392 1513 422 manantes,
1526 395 1574 417 aut
1589 390 1729 427 lucigenas

939 428 1115 464 splendorum
1125 429 1319 465 fecunditates,
1330 437 1375 459 aut
1383 434 1514 468 quasdam
1525 435 1592 464 alias
1600 445 1729 472 superna-

938 473 1040 502 turales
1048 482 1140 503 sacras
1151 482 1240 503 rerum
1251 475 1403 505 divinarum
1416 479 1617 514 explanatorias
1625 484 1728 511 descri-

938 520 1056 555 ptiones.
1078 520 1106 548 ln
1126 521 1295 555 spiritalibus
1317 527 1406 550 autem
1419 523 1466 551 Dei
1481 526 1671 562 providentiis,
1684 529 1728 556 vel

938 567 1017 596 donis
1035 568 1076 595 vel
1091 568 1368 603 manifestationibus,
1380 570 1422 598 vel
1436 571 1596 606 virtutibus,
1608 579 1655 601 aut
1666 583 1729 609 pro-

937 613 1108 648 prietatibus,
1120 618 1167 642 ant
1179 614 1306 647 statibus,
1319 619 1365 642 aut
1382 616 1581 650 mansionibus,
1597 622 1643 645 aut
1654 625 1728 646 ema-

938 659 1106 692 nationibus,
1116 663 1163 686 aut
1173 660 1381 693 secretionibus,
1390 667 1437 689 aut
1453 663 1600 690 unionibus
1612 663 1726 692 fonnant

936 705 987 732 viri
999 705 1054 733 Deo
1064 709 1092 732 et
1103 705 1236 739 ferarum,
1249 706 1418 742 aliorumque
1432 709 1612 737 animantium
1625 715 1654 738 et
1665 711 1728 738 stir-

936 749 1010 785 pium
1023 753 1104 785 atque
1116 749 1235 786 lapidum
1252 751 1499 781 multiformitatem
1518 754 1634 791 afﬁngit;
1661 755 1727 790 quin

936 796 1018 824 etiam
1035 800 1147 824 ornatus
1159 796 1316 831 muliebres,
1332 803 1361 825 et
1376 799 1508 828 barbaras
1521 807 1675 830 amiaturas
1688 803 1726 831 illi

935 841 1132 876 circumponit:
1141 847 1169 869 et
1179 842 1299 878 ﬁglinam
1309 843 1553 881 conﬂatoriamque
1561 853 1661 882 artem,
1672 853 1728 876 tan-

936 894 1016 921 quam
1031 886 1122 922 opilici
1136 888 1256 923 cuipiam
1273 890 1434 918 mechanico
1446 892 1586 924 attribuit:
1603 899 1630 921 et
1641 902 1728 926 equos

936 933 999 969 ipsi,
1008 937 1150 968 etcurrus,
1159 940 1185 962 et
1194 935 1272 963 sedes
1280 937 1419 971 supponit,
1428 941 1456 964 et
1464 939 1589 966 convivia
1602 941 1725 975 quaedam

937 980 1026 1016 epulis
1046 981 1178 1008 instructa
1193 987 1318 1017 apparat,
1332 988 1416 1018 atque
1428 984 1565 1012 bibentem
1575 986 1726 1020 etebrium,

937 1030 966 1053 et
989 1025 1225 1053 dormiturientetn
1249 1034 1281 1054 ac
1308 1027 1497 1063 crapulantem
1518 1029 1639 1057 exhibet.
1656 1030 1726 1064 Quid

937 1070 1036 1098 attinet
1051 1071 1142 1098 dicere
1153 1071 1219 1104 iras,
1234 1071 1351 1104 dolores,
1369 1072 1443 1100 varia
1456 1073 1624 1108 juramenta,
1641 1075 1728 1108 pani-

939 1117 1039 1145 tentias
1058 1116 1142 1153 609
1156 1121 1184 1145 et
1201 1117 1407 1146 maledictioues
1419 1137 1427 1151 ,
1445 1118 1502 1146 iras
1520 1119 1685 1147 inveteratas
1698 1125 1728 1147 et

938 1162 1113 1198 multiplices,
1128 1167 1157 1191 et
1171 1163 1297 1199 obliquas
1316 1164 1436 1193 rationes
1449 1164 1597 1193 frustrandi
1609 1165 1727 1200 promis-

937 1210 1044 1243 siones;
1062 1210 1126 1237 item
1150 1209 1224 1237 illam
1249 1210 1275 1237 in
1301 1210 1400 1238 Genesi
1421 1219 1482 1238 cum
1497 1211 1652 1247 gigantibus
1674 1220 1726 1248 pu~

936 1264 1029 1292 gnam,
1041 1256 1068 1284 in
1078 1263 1130 1291 qua
1140 1256 1240 1284 dicitur
1251 1256 1323 1285 Deus
1337 1257 1456 1286 robustis
1469 1257 1523 1286 illis
1534 1257 1602 1285 viris
1613 1262 1726 1293 propter

937 1308 1040 1330 metum
1056 1303 1219 1337 insidiatus,
1235 1311 1298 1332 cum
1315 1304 1446 1340 alioquin,
1469 1312 1523 1332 non
1543 1310 1573 1333 ut
1592 1305 1660 1333 alios
1679 1305 1726 1333 lae-

937 1351 1044 1383 derent,
1060 1350 1109 1378 sed
1126 1354 1157 1377 ut
1173 1357 1202 1378 se
1217 1350 1371 1378 incolumes
1386 1356 1541 1384 servarent,
1559 1351 1627 1379 illud
1638 1351 1725 1379 aedili-

936 1397 1008 1425 cium
1033 1398 1118 1426 moliti
1136 1401 1228 1426 essent
1243 1406 1250 1424 :
1267 1401 1294 1424 et
1310 1396 1457 1424 concilium
1482 1396 1547 1424 illud
1561 1397 1588 1424 in
1603 1397 1674 1425 calo
1691 1398 1725 1425 ad

936 1442 1128 1477 decipiendum
1142 1442 1236 1469 Achab
1255 1441 1419 1469 fabricatum
1435 1440 1461 1474 l;
1477 1446 1504 1469 et
1517 1441 1577 1469 illas
1599 1441 1726 1470 Cantico-

938 1496 996 1515 rum
1014 1488 1098 1516 veluti
1118 1495 1267 1523 corporeas
1291 1494 1320 1516 et
1341 1488 1515 1516 meretricias
1532 1488 1674 1516 illecebras
1688 1493 1724 1517 ¹·;

936 1539 964 1562 et
976 1542 1146 1570 quaecunque
1163 1535 1216 1563 alia
1238 1542 1317 1563 sacra
1340 1535 1418 1569 signa
1440 1535 1469 1562 in
1493 1535 1550 1562 Deo
1566 1535 1663 1563 audaci
1692 1536 1725 1562 ti-

937 1582 1027 1609 ctione
1037 1581 1147 1614 format,
1159 1582 1280 1615 potentia
1291 1581 1421 1615 occultis;
1437 1581 1614 1616 multiplicata
1626 1587 1653 1609 et
1663 1589 1726 1616 par-

937 1627 985 1654 tita
1000 1627 1167 1662 simplicibus
1180 1632 1261 1662 atque
1276 1627 1422 1655 individuis
1445 1627 1585 1662 ﬁgurativa
1607 1633 1636 1656 et
1657 1629 1726 1656 ntul-

937 1672 1075 1706 liformia,
1097 1673 1190 1708 figurat
1212 1673 1363 1708 formaeque
1386 1674 1544 1709 expertibus
1566 1673 1723 1707 obducens;

935 1726 1050 1754 quorum
1065 1719 1296 1754 pulchritudinem
1318 1721 1392 1747 intus
1409 1721 1538 1748 latentem
1555 1720 1578 1748 si
1597 1721 1660 1755 quis
1683 1722 1723 1748 in-

937 1764 1005 1791 tueri
1028 1764 1123 1799 possit,
1141 1766 1260 1799 reperiet
1279 1765 1370 1792 omnia
1395 1766 1510 1800 mystica
1535 1770 1563 1793 et
1585 1766 1677 1793 divina
1696 1771 1724 1794 et

937 1810 1022 1838 multo
1037 1810 1141 1838 lumine
1154 1811 1307 1845 theologico
1321 1813 1433 1847 repleta.
1447 1811 1538 1847 Neque
1550 1819 1615 1839 vero
1629 1813 1724 1840 existi-

936 1862 1043 1884 memus
1065 1856 1142 1891 signa
1167 1856 1317 1884 formarum
1336 1859 1525 1892 apparentium
1549 1866 1598 1885 sua
1619 1863 1723 1886 tantum

935 1908 1017 1929 causa
1039 1906 1068 1929 et
1084 1901 1192 1930 ratione
1216 1901 1304 1930 edicta
1331 1910 1402 1937 esse,
1429 1904 1477 1930 sed
1503 1903 1591 1938 potius
1617 1904 1724 1939 integu-

936 1953 1029 1976 menta
1044 1956 1108 1976 esse
1128 1948 1252 1977 scientiae
1272 1955 1400 1982 arcanae,
1425 1954 1453 1976 et
1478 1949 1557 1985 vulgo
1582 1950 1723 1977 hominum

934 1995 1058 2029 occultae,
1072 2000 1146 2023 utea
1159 2003 1220 2031 qua
1232 1996 1405 2024 sanctissima
1429 2001 1501 2028 sunt,
1518 2003 1572 2023 non
1590 1996 1645 2024 sint
1661 2003 1724 2031 pro-

935 2041 1008 2071 fanis
1032 2042 1124 2071 facilia
1150 2042 1183 2070 ad
1209 2041 1504 2078 inlelligendum;-sed
1524 2047 1630 2070 tantum
1661 2050 1724 2070 vere

935 2089 1065 2117 studiosis
1090 2089 1247 2117 sanctitatis
1264 2089 1446 2124 .aperiantur,
1472 2093 1565 2123 utpote
1587 2089 1724 2122 expeditis

935 2137 970 2164 ab
984 2136 1059 2164 omni
1075 2135 1173 2171 puerili
1191 2135 1359 2171 cogitatione
1377 2135 1405 2163 in
1426 2136 1512 2163 sacris
1535 2135 1677 2171 symbolis,
1697 2141 1724 2164 et

935 2181 981 2217 qui
998 2182 1170 2217 acievmentis
1186 2186 1214 2210 et
1226 2181 1328 2217 ingenii
1339 2180 1470 2209 facultate
1484 2181 1519 2209 ad
1533 2182 1722 2218 contemplan-

935 2229 1000 2256 dum
1015 2228 1126 2260 idonea,
1141 2229 1285 2256 veritatem
1305 2228 1472 2263 simplicem,
1494 2232 1522 2256 et
1543 2236 1625 2263 supra
1642 2234 1725 2256 natu-

937 2283 997 2302 ram
1009 2274 1193 2311 symbolorum
1216 2274 1391 2307 collocatam,
1412 2275 1522 2310 assequi
1535 2275 1652 2309 possint.
1665 2277 1723 2304 Ca:-

938 2326 1026 2349 terum
1040 2321 1091 2349 hoc
1103 2321 1301 2348 advertendum
1328 2325 1379 2355 est,
1397 2321 1532 2355 duplicem
1553 2329 1616 2350 esse
1638 2323 1724 2350 tradi-

936 2368 1040 2396 tionem
1065 2368 1271 2404 theologorum,
1294 2375 1377 2396 unam
1400 2367 1508 2403 quidem
1542 2376 1671 2397 arcanatn
1696 2374 1723 2397 et

937 2413 1090 2449 mysticam,
1103 2414 1216 2442 alteram
1228 2421 1292 2442 vero
1306 2419 1433 2449 apertam
1447 2419 1475 2442 et
1489 2415 1721 2448 manifestiorem;

937 2459 1011 2486 illam
1031 2459 1140 2495 quidem
1165 2460 1343 2496 symbolicam
1369 2466 1397 2489 et
1423 2461 1457 2489 ad
1483 2463 1613 2497 mysteria
1639 2462 1723 2497 perti-

939 2511 1059 2540 nentem,
1079 2507 1149 2534 hanc
1174 2515 1240 2535 vero
1256 2507 1470 2543 philosophicam
1484 2516 1517 2537 ac
1530 2508 1722 2537 demonstran-

938 2556 1006 2586 tem;
1020 2557 1117 2588 estque
1129 2561 1258 2581 arcanum
1271 2561 1333 2582 cum
1347 2559 1443 2589 aperto
1455 2563 1618 2583 connexum.
1632 2557 1721 2590 Atque

936 2599 988 2627 ltoc
1002 2599 1110 2635 quidem
1133 2599 1213 2628 [idem
1234 2600 1312 2634 facit,
1325 2606 1353 2629 et
1373 2601 1500 2637 astringit
1515 2602 1658 2629 veritatem
1672 2609 1720 2629 eo-

934 2654 993 2674 rum
1005 2653 1067 2682 qute
1084 2647 1224 2681 dicuntur,
1243 2647 1308 2676 illud
1321 2655 1387 2676 vero
1399 2646 1481 2676 eﬁicit
1495 2653 1523 2676 et
1548 2648 1574 2676 in
1598 2649 1663 2681 Deo,
1686 2648 1720 2676 iis

746 2804 863 2833 νΑιιιΑῖ
884 2803 1078 2835 LECTIONES.

147 2877 169 2893 '°
183 2876 370 2917 Epoftegictqg,
387 2876 419 2904 D.

182 2911 264 2946 ³⁸⁷τῆς
280 2911 417 2948 θεότητος,
437 2912 466 2940 S.
491 2912 522 2940 ιι.

147 2877 169 2893 ⁸ο
184 2876 370 2913 προτιθείσης,
387 2876 419 2904 D.
440 2876 469 2905 S.
490 2876 519 2904 Ρ.
597 2876 618 2893 ¹¹
634 2875 750 2910 διαίτας,
775 2878 803 2907 S,

98 2911 126 2938 ι).
182 2912 204 2928 ³⁸
216 2912 264 2938 τῆς
280 2911 417 2938 θεότητος.
437 2912 466 2938 S.
491 2912 522 2938 ιι.

861 2879 882 2896 ³²
896 2879 1028 2915 ὀψοιῑκόις,
1043 2879 1071 2907 S.
1088 2879 1118 2907 Ρ.

1187 2879 1208 2896 ³⁸
1224 2879 1501 2914 κατασκευαζόμενον.
1556 2878 1577 2893 ³⁸
1588 2877 1654 2913 μηδὶ
1666 2878 1719 2908 τοῖς
