1914 3061
188 145 256 175 1107

772 147 799 175 S.
818 147 968 177 DIONYSII
985 151 1216 180 AREOPAGITIE

1757 157 1841 186 “08

187 211 248 239 qua:
259 210 312 231 non
326 203 472 236 docentur,
489 203 703 233 institutionibus
718 205 818 235 ﬁrmat.
829 207 910 243 Atqui
923 216 973 237 nec

1032 213 1182 248 ιυστηρίων
1196 211 1315 245 τελετὰς,
1332 213 1357 240 οἱ
1370 214 1419 250 τῆς
1434 213 1495 241 καθ’
1506 214 1589 250 ἡμᾶς,
1604 214 1621 250 ἢ
1639 214 1692 250 τῆς
1702 216 1840 251 νομικῆς

187 249 215 277 in
232 248 413 276 sanctissimis
426 249 563 284 mysteriis
585 251 673 278 sancti
689 252 812 287 magistri
831 253 890 281 sive
919 262 974 283 no.

187 294 314 323 straesive
323 294 451 323 Mosaicae
464 296 612 331 disciplinae
627 304 642 324 a
657 298 787 333 symbolis
804 299 858 327 Deo
872 307 974 329 conve-

187 341 339 374 nientibus,
355 342 567 376 abstinuerunt;
583 343 648 379 quin
668 345 757 380 potius
780 345 904 374 videmus
925 354 974 375 an-

186 389 260 425 gelos
285 389 359 417 omni
384 390 531 418 sanctitate
553 390 667 426 plenos,
688 399 738 426 per
760 395 905 428 aznigtnata
928 401 973 422 res

187 436 295 463 divinas
308 436 422 472 mystice
435 444 571 471 promere,
584 441 612 464 et
626 436 719 465 Jesum
732 438 759 466 in
776 439 926 474 parabolis,
940 440 974 468 de

186 482 288 510 divinis
303 482 388 518 loqui,
414 489 446 510 ac
472 482 568 510 deitiea
592 488 765 512 sacramenta
788 491 838 520 per
854 485 974 520 typicum

184 536 288 558 mensae
303 535 465 565 apparatum
483 532 602 559 tradere.
619 530 673 559 Par
687 532 759 560 enim
783 537 853 565 erat,
868 537 899 560 ut
921 539 974 560 non

186 577 274 605 solum
286 576 387 606 Sancta
402 583 559 606 sanctorum
575 586 752 608 servarentur
768 580 847 616 vulgo
859 581 974 610 inteme-

186 627 268 656 rata,
297 624 348 651 sed
373 629 403 651 ut
426 624 483 659 ipsa
500 624 554 652 vita
578 625 717 660 humana,
740 634 800 662 quzc
835 628 975 656 individua

186 670 267 698 simul
292 674 320 699 et
342 670 450 698 dividua
477 678 537 705 eet,
562 671 649 700 lucetn
681 672 779 700 divinae
811 674 975 708 cognitionis

186 717 381 745 convenienter
395 718 448 746 sibi
464 722 592 754 caperet;
611 723 639 746 et
661 725 693 746 ea
719 726 782 754 pars
803 720 900 748 animae
916 728 976 756 quae

186 769 201 788 ε
218 762 340 796 patiendi
367 763 531 791 necessitate
558 763 643 792 libera
669 769 728 798 est,
753 765 923 801 simplicibus
947 771 976 794 et

186 807 290 835 intimis
302 807 456 836 divinarum
474 808 621 844 imaginum
635 810 778 845 speciebus
792 813 977 848 contemplan-

186 853 229 881 dis
254 854 448 889 destinaretur,
465 855 512 883 illa
539 864 604 884 vero
627 863 687 892 qute
712 858 885 892 passionibus
911 860 976 888 sub-

186 899 258 934 iecta
276 904 330 934 est,
348 905 377 929 ut
393 906 499 930 natura:
509 903 591 939 διο
602 903 660 937 ejus
676 905 816 939 convenit,
833 911 976 934 curaretur
992 924 1013 952 Β

187 946 278 980 simul,
297 951 324 975 et
340 948 367 975 in
384 948 570 978 divinissimas
587 958 632 978 res
647 958 697 986 per
723 952 813 987 typica
836 952 972 988 symbola,

187 993 227 1020 eis
244 993 391 1022 artificiose
408 994 527 1024 abducta
543 997 761 1031 protenderetur,
773 1003 802 1025 ut
817 999 861 1026 cui
880 999 974 1026 istius-

187 1039 258 1066 modi
285 1039 469 1076 integumenta
502 1047 618 1078 cognata
650 1043 723 1078 sint,
746 1045 972 1080 quemadmodum

1026 258 1200 294 παραδόσεως
1224 259 1392 295 ἰερομύσται,
1413 259 1468 286 τῶν
1492 260 1652 297 θεοπρεπῶν
1667 261 1840 297 ἀπέσχοντο

1026 304 1181 339 συμϐόλων·
1200 305 1267 332 ἀλλά
1291 306 1337 332 καὶ
1359 306 1422 337 τοὺς
1445 306 1663 342 πανιερωτάτους
1686 307 1840 342 ἀγγέλους

1024 350 1057 377 δι’
1072 351 1239 386 αἰνιγμάτων
1253 351 1287 378 τὰ
1298 351 1356 379 θεῖα
1369 352 1507 388 μυστικῶς
1517 353 1688 388 προάγοντας
1697 354 1836 390 ὁρῶμεν,

1024 397 1072 423 καὶ
1095 397 1176 424 αὐτὸν
1197 397 1219 414 ³⁸
1242 398 1345 433 Ἰησοῦν
1368 399 1398 425 ὲν
1429 399 1597 435 παραϐολαῖς
1626 399 1834 435 θεολογοῦντα,

1025 444 1071 470 καὶ
1086 444 1120 470 τὰ
1136 443 1252 480 θεουργά
1267 447 1402 482 μυστήρια
1417 446 1596 482 παραδιδόντα
1607 447 1651 474 διὰ
1663 447 1797 483 τυπικῆς
1809 448 1834 464 ³⁷

1024 490 1232 525 τραπεξώσεως.
1250 492 1304 519 Καὶ
1317 492 1371 528 γὰρ
1393 491 1427 529 ἧν
1441 493 1524 525 εἰκὸς,
1548 494 1579 520 οὐ
1597 494 1675 529 μόνον
1694 494 1835 530 ἄκραντα

1024 538 1081 569 τοῖς
1098 537 1204 570 πολλοῖς
1218 538 1408 566 ἀποσεσῶσθαι
1423 539 1457 566 τὰ
1473 540 1556 574 ’Ἅγια
1571 540 1625 567 τῶν
1641 539 1740 575 ἁγίων,
1753 540 1833 567 ἀλλὰ

1025 584 1072 610 καὶ
1096 583 1162 610 αὐτὸ
1185 585 1234 620 τὴν
1251 584 1274 600 ⁸⁵
1298 585 1469 621 ἀνθρωπίνην
1494 586 1567 621 ζωὴν
1589 587 1738 622 ἀμέριστον
1765 587 1831 622 ἅμα

1025 629 1071 656 καὶ
1089 630 1220 666 μεριστὴν
1234 631 1419 667 ὑπάρχουσαν,
1436 632 1544 664 οἰκείως
1566 632 1649 669 ἑαυτῇ
1671 633 1722 665 τὰς
1745 633 1828 668 θείας

1025 675 1210 712 ὲλλάμπεσθαι
1225 677 1354 712 γνώσειςι
1371 679 1417 706 καὶ
1432 679 1462 706 τὸ
1479 679 1528 715 μὲν
1542 679 1646 712 ἀπαθὲς
1656 680 1707 715 τῆς
1715 679 1828 716 ψυχῆς,

1026 722 1066 753 εἰς
1080 721 1114 748 τὰ
1130 722 1203 749 ἀπλᾶ
1219 723 1266 750 καὶ
1288 723 1416 750 ὲνδότατα
1434 723 1489 750 τῶν
1508 724 1630 752 θεοειδῶν
1653 724 1831 761 ἀγαλμάτων

1025 767 1153 803 ἀφορίσαι
1177 768 1319 804 θεάματα·
1343 770 1374 796 τὸ
1399 770 1548 806 παθητικὸν
1570 770 1598 797 δὲ
1623 771 1722 806 αὐτῆς,
1752 779 1832 807 συμ-¹

1026 813 1102 849 φυῶς
1116 815 1278 851 θεραπεύειν
1294 816 1352 853 ἅμα
1367 817 1415 843 καὶ
1430 816 1578 844 ἀνατείνειν
1595 817 1641 843 ἐπὶ
1663 816 1697 843 τὰ
1713 817 1828 844 Θειότα-

1025 869 1069 893 τα,
1086 863 1142 893 τοῖς
1159 863 1453 898 προμεμηχανημένοις
1466 863 1520 890 τῶν
1542 863 1665 891 τυπικῶν
1677 864 1700 880 ³³
1716 864 1816 899 συμόὀ

1026 907 1080 934 λων
1104 908 1302 944 ἀναπλασμοῖς,
1324 910 1362 942 ὼς
1384 909 1502 945 συγγενῆ
1527 910 1562 937 τὰ
1586 909 1697 936 τοιαῦτα
1713 910 1827 945 πέφυκε

1027 956 1277 991 παραπετάσματα,
1295 956 1343 984 καὶ
1358 957 1482 993 δηλοῦσιν
1504 958 1572 989 ὅσοι,
1590 957 1637 984 καὶ
1660 957 1828 993 προκαλυμ-

1029 1000 1122 1035 μάτων
1138 1002 1216 1034 ὲκτὺς
1230 1002 1367 1038 θεολογίας
1383 1003 1485 1038 σαφοῦς
1500 1003 1696 1039 ἀκηκοότες,ὲν
1713 1003 1826 1032 ἑαυτοῖς

1026 1047 1226 1075 ἀναπλάττουσι
1239 1049 1324 1076 τύπον
1339 1049 1399 1077 τινὰ
1416 1049 1483 1085 πρὸς
1492 1049 1540 1085 τὴν
1554 1049 1646 1086 νόησιν
1660 1049 1761 1081 αὐτοὺς
1772 1049 1823 1084 τῆς

188 1083 336 1118 declarant,
354 1085 437 1114 etiam
463 1087 522 1122 qui,
541 1087 634 1115 audita
651 1094 745 1124 aperta
762 1090 894 1126 theologia
911 1091 971 1120 sine

1032 1094 1084 1129 alp'q
1089 1093 1171 1130 μένης
1188 1094 1325 1130 θεολογίας
1339 1083 1570 1132 χειραγωγοῦντα.

185 1131 344 1167 involucris,
371 1133 500 1171 ellingunt
523 1135 551 1163 in
568 1143 597 1164 se
614 1141 706 1172 typum
722 1139 866 1173 quemdam
877 1159 884 1173 ,
901 1139 946 1174 qui
964 1140 1025 1168 illos
1041 1142 1075 1169 ad
1091 1143 1227 1177 pmdictae
1243 1143 1384 1179 theologia:
1408 1144 1612 1179 intelligentiam
1640 1144 1819 1172 manuducat.

959 1200 973 1236 ᾗ
994 1197 1034 1229 ll.

971 1240 991 1260 \

223 1269 294 1304 Quin
308 1273 336 1297 et
350 1269 437 1305 ipsius
452 1277 561 1306 quoque
573 1270 666 1298 mundi
679 1271 853 1307 aspectabilis
870 1271 975 1299 fabrica

186 1315 369 1345 iuvisibilibus
378 1317 424 1344 Dei
443 1316 562 1345 obducta
574 1321 626 1350 est,
649 1317 722 1346 sicut
741 1318 844 1346 Paulus
855 1319 892 1352 ﬁet
911 1326 976 1346 vera

189 1363 259 1391 ratio
271 1367 398 1392 testatur.
411 1363 594 1398 Quamobrem
609 1365 690 1392 etiam
707 1365 827 1401 theologi
849 1365 902 1393 alia
914 1365 976 1400 qui-

189 1410 248 1437 dem
267 1411 386 1438 civiliter
409 1411 587 1447 legalitcrque
611 1411 801 1444 considerant,
830 1410 883 1438 alia
908 1419 974 1439 vero

189 1462 256 1490 pure
276 1461 305 1484 et
332 1457 517 1491 intemerate;
537 1462 620 1492 atque
645 1457 692 1485 illa
717 1458 828 1493 quidem
851 1458 973 1486 humano

189 1510 332 1545 medioque
344 1509 436 1541 modo,
451 1507 510 1536 haec
522 1512 613 1535 autem
637 1508 852 1543 supramundiali
868 1516 901 1536 ac
913 1516 975 1544 per-

188 1557 270 1585 fecto.
285 1556 375 1591 Atque
388 1554 526 1582 interdum
539 1554 649 1589 quidem
670 1561 703 1582 ex
722 1555 915 1590 apparentibus
936 1555 975 1583 le-

188 1602 278 1639 gibus,
298 1601 434 1629 interdum
453 1607 518 1627 vero
540 1607 575 1627 ex
597 1599 714 1627 occultis
736 1600 871 1632 oraculis,
896 1604 977 1636 prout
991 1620 1012 1648 ο

189 1647 319 1682 subjectis
332 1646 416 1674 rebus
427 1647 523 1675 sacris.
543 1645 738 1681 mentibusque
753 1650 782 1673 et
795 1647 895 1675 animis
908 1653 976 1674 con-

188 1695 281 1730 gruit;
294 1694 385 1722 omnis
399 1693 472 1720 enim
488 1699 591 1726 sermo,
610 1692 657 1727 qui
680 1692 734 1719 illis
751 1693 853 1727 ubique
877 1700 977 1728 propo-

189 1742 260 1769 situs
271 1745 322 1774 est,
338 1748 392 1768 non
402 1739 502 1767 exilem
524 1738 644 1774 aliquam
664 1738 820 1771 historiam,
836 1739 886 1767 sed
906 1739 976 1766 vivi-

190 1787 270 1815 ﬁcam
283 1786 406 1814 continet
413 1785 622 1821 perfectionem.
634 1784 725 1818 Quare
736 1785 819 1812 etiam
831 1792 882 1813 nos
895 1792 979 1819 opor—

191 1837 241 1867 tet,
256 1833 359 1861 omissa
374 1831 498 1868 populari
513 1831 546 1859 de
562 1831 606 1859 his
621 1830 760 1865 opinione,
771 1831 887 1865 ipsumet
898 1837 978 1858 sacra

191 1880 280 1915 signa,
293 1886 384 1913 sacra,
401 1879 438 1906 uti
456 1885 508 1913 par
524 1882 576 1912 est,
601 1877 707 1905 ratione
719 1882 877 1912 penetrare,
892 1883 979 1912 neque

191 1926 288 1954 eadem
300 1926 479 1959 inbonorare,
491 1933 553 1953 cum
572 1925 664 1952 nativa
677 1925 733 1952 sint
747 1929 775 1951 et
785 1931 917 1958 expressa
935 1931 979 1951 re-

191 1979 252 2000 rum
267 1971 422 1999 divinarum
437 1971 593 2004 simulacra,
608 1978 659 1999 nec
683 1978 736 1999 non
761 1970 893 2005 imagines
914 1975 978 2004 per-

192 2017 294 2052 spicua:
308 2024 472 2044 arcanorum
486 2021 514 2044 et
534 2015 786 2052 supranaturalium
808 2014 980 2050 spectaculo-

193 2072 266 2093 rum.
280 2064 387 2092 Etenim
406 2071 459 2091 non
479 2063 567 2091 solum
581 2061 870 2098 suprasubstantialia,
886 2066 913 2089 et
936 2062 980 2089 in-

194 2111 346 2142 tellectilia,
359 2114 386 2138 et
396 2109 559 2144 simpliciter
575 2109 667 2137 divina
681 2109 782 2136 lumina
805 2108 935 2144 symbolis
948 2108 980 2135 ti-

193 2158 297 2192 guratis
307 2158 490 2192 variegantur,
504 2161 533 2184 ut
546 2164 608 2184 cum
623 2156 893 2192 suprasubstantialis
910 2156 981 2184 Deus

193 2205 265 2239 ignis
279 2204 380 2232 dicitur
391 2208 417 2237 ³,
434 2209 462 2232 et
474 2212 534 2239 quae
551 2203 691 2232 intellectu
707 2204 898 2239 percipiuntur
920 2204 982 2232 Elo-

193 2251 258 2286 quia
273 2250 321 2278 Dei
336 2250 415 2286 ignea
427 2254 454 2283 °,
471 2251 517 2278 sed
533 2255 665 2285 praeterea
676 2251 760 2279 etiam
776 2251 860 2278 divini
870 2251 981 2279 ordines

1066 1275 1120 1302 Καὶ
1135 1275 1203 1311 αὑτὴ
1215 1275 1243 1302 δὲ
1257 1275 1306 1302 τοῦ
1323 1275 1486 1311 φαινομένου
1501 1275 1599 1307 παντὸς
1617 1276 1634 1311 ή
1649 1275 1821 1311 κοσμουργίο

1028 1321 1083 1349 τῶν
1102 1322 1225 1359 ἀοράτων
1243 1323 1291 1350 τοῦ
1312 1323 1380 1350 Θεοῦ
1402 1323 1594 1359 προὸέϐληται,
1607 1321 1735 1356 καθάπερ
1754 1323 1820 1356 φησὶ

1028 1368 1134 1400 Παῦλός
1146 1377 1175 1394 τε
1186 1369 1232 1396 καὶ
1246 1370 1260 1395 ό
1272 1368 1373 1404 ἀληθὴς
1388 1368 1475 1403 λόγος.
1492 1368 1538 1395 Διὸ
1549 1369 1596 1395 κα)⁴
1609 1368 1633 1394 οἱ
1649 1367 1771 1401 θεολόγοι
1787 1367 1820 1393 τὰ

1028 1415 1078 1451 μὲν
1093 1416 1238 1448 πολιτικῶς
1259 1416 1306 1443 καὶ
1328 1415 1448 1450 ἐννόμως
1467 1413 1658 1445 ἐπισκοποῦσι,
1678 1413 1712 1440 τὰ
1727 1414 1756 1440 δὲ
1771 1421 1819 1439 κα-

1026 1463 1161 1498 θαρτικῶς
1175 1463 1221 1490 καί
1230 1463 1380 1499 ἀχράντως,
1387 1462 1477 1490 καὶτὰ
1490 1463 1537 1498 μὲν
1547 1460 1729 1498 ἀνθρωπικῶς
1741 1460 1763 1476 ⁸ο
1774 1461 1819 1486 καὶ

1032 1509 1131 1545 μέσως,
1145 1509 1179 1537 τὰ
1191 1509 1219 1536 δὲ
1235 1509 1427 1545 ὑπερκοσμίως
1443 1509 1491 1536 καὶ
1503 1508 1742 1544 τελεσιουργικῶς.
1764 1506 1820 1534 Ka‘.

1029 1557 1090 1583 τοτὲ
1113 1557 1161 1591 μὲν
1180 1556 1234 1583 ἀπὸ
1250 1556 1305 1582 τῶν
1324 1556 1413 1592 νόμων
1429 1556 1482 1582 τῶν
1505 1555 1686 1590 φαινομένων,
1710 1553 1772 1586 τοτε
1792 1552 1820 1579 δὲ

1029 1603 1083 1631 ἀπὸ
1092 1604 1146 1631 τῶν
1158 1603 1268 1638 ἀφανῶν
1284 1602 1393 1639 Θεσμῶν
1407 1602 1478 1629 κατά
1487 1602 1517 1629 τὺ
1529 1601 1666 1638 προσῆκον
1680 1602 1739 1632 τοῖς
1750 1601 1820 1626 ὑπο-

1029 1649 1165 1685 κειμένοις
1179 1650 1260 1685 ίεροῖς
1272 1649 1418 1685 γράμμασι
1430 1648 1451 1664 θ’
1463 1648 1510 1674 καὶ
1526 1649 1581 1679 νοῖς
1596 1648 1643 1673 καὶ
1655 1646 1770 1681 ψυχαῖς·
1787 1646 1818 1672 οὐ

1028 1694 1082 1730 γὰρ
1103 1695 1222 1730 ἱστορίαν
1241 1695 1332 1731 ψιλὴν,
1351 1693 1419 1721 ἀλλὰ
1439 1693 1557 1729 ζωτικὴν
1576 1693 1632 1728 ἔχει
1653 1692 1791 1718 τελείωσιν
1804 1692 1820 1717 ὸ

1027 1741 1207 1777 προκείμενος
1227 1742 1319 1773 αὐτοῖς
1341 1741 1413 1773 ἄπας
1431 1749 1461 1767 τε
1480 1740 1527 1767 καὶ
1545 1739 1589 1766 διὰ
1608 1739 1715 1766 πάντων
1729 1738 1818 1773 λόγος,

1028 1785 1089 1821 Χρὴ
1103 1785 1192 1812 τοίνυν
1204 1786 1251 1812 καὶ
1263 1786 1345 1822 ἡμᾶς,
1363 1785 1424 1812 ἀντὶ
1436 1785 1486 1820 τῆς
1498 1783 1638 1820 δημώδους
1651 1784 1715 1819 περὶ
1728 1784 1818 1810 αὐτῶν

1030 1832 1198 1868 ὑπολήψεως,
1206 1831 1271 1858 εἰσω
1281 1831 1335 1858 τῶν
1348 1831 1427 1867 ἱερῶν
1439 1831 1460 1847 ⁵¹
1469 1831 1608 1866 συμϐόλων
1618 1831 1788 1867 ἱεροπρεπῶς
1797 1832 1819 1848 υ

1029 1877 1195 1909 διαϐαίνειν,
1217 1877 1264 1903 καὶ
1291 1876 1357 1912 μηδὲ
1383 1875 1527 1911 ἀτιμάζειν
1550 1874 1640 1907 αὐτὰ,
1661 1874 1716 1901 τῶν
1740 1874 1820 1901 θείων

1030 1925 1095 1952 δντα
1111 1924 1293 1960 χαρακτήρων
1314 1923 1414 1957 ἔκγονα
1429 1923 1452 1938 ⁸⁸
1472 1922 1519 1950 καὶ
1538 1921 1756 1957 ἀπστυπώματα,
1773 1922 1820 1948 καὶ

1030 1971 1138 2002 εἰκόνας
1149 1972 1281 2006 ἐμφανεῖς
1294 1970 1348 1997 τῶν
1359 1970 1522 2005 ἀπορρήτων
1537 1969 1584 1995 καὶ
1600 1967 1747 2004 ὑπερφυῶν
1762 1967 1819 1994 θεα-

1033 2017 1135 2052 μάτων.
1151 2016 1206 2043 Καὶ
1217 2015 1272 2052 γὰρ
1285 2016 1314 2042 οὐ
1333 2015 1411 2051 μόνον
1428 2014 1449 2031 ⁵⁵
1460 2014 1494 2040 τὰ
1510 2013 1662 2049 ὑπερούσια
1675 2013 1761 2047 φῶτα,
1772 2013 1819 2040 καὶ

1031 2064 1065 2090 τὰ
1080 2064 1173 2098 νοητὰ,
1193 2063 1239 2090 καὶ
1263 2062 1354 2094 ἁπλῶς
1375 2061 1410 2087 τὰ
1429 2061 1489 2088 θεῖα
1509 2062 1565 2092 τοῖς
1582 2061 1745 2090 τυπωτικοῖς
1763 2059 1819 2085 δια-

1032 2111 1198 2138 ποικίλλεται
1215 2118 1245 2136 συ
1249 2109 1367 2145 μὸόλοις,
1382 2109 1418 2140 ὼς
1433 2108 1488 2143 πῦρ
1499 2109 1512 2134 ό
1526 2107 1688 2143 ὑπερούσιος
1701 2106 1766 2137 Θεὸς
1777 2105 1819 2131 λε-

1032 2158 1158 2193 γόμενος,
1177 2157 1224 2183 καί
1237 2155 1271 2182 τὰ
1286 2154 1370 2191 νοητὰ
1384 2154 1431 2180 τοῦ
1443 2153 1510 2180 Θεοῦ
1524 2153 1601 2187 λόγια
1614 2151 1798 2188 πεπυρωμένα
1809 2160 1817 2167 ”

1033 2202 1145 2238 προσέτι
1160 2202 1188 2228 δὲ
1200 2202 1247 2228 καὶ⁴
1262 2201 1315 2227 τῶν
1330 2199 1432 2234 νοητῶν
1449 2199 1507 2235 ἅμα
1521 2199 1569 2226 καὶ
1578 2199 1679 2234 νοερῶν
1699 2198 1819 2233 ἀγγέλων

1033 2249 1058 2275 οἱ
1070 2247 1196 2279 θεοειδεῖς
1209 2247 1351 2281 διάκοσμοι
1364 2245 1499 2277 ποικίλαις
1521 2245 1638 2280 μορφαῖς
1656 2244 1819 2280 διαγράφειν-ν

195 2295 364 2330 angelorum,
384 2296 430 2330 qui
442 2295 522 2323 simul
530 2301 593 2324 sunt
605 2296 776 2324 iutellectiles
784 2300 812 2324 et
824 2296 976 2331 intelligen-

1032 2303 1077 2322 ται
1090 2295 1137 2321 καὶ
1150 2293 1310 2325 πολυειδέσι,
1325 2293 1372 2319 καὶ
1390 2291 1533 2327 ὲμπυρίοις
1548 2292 1757 2326 σχηματισμοῖς.
1767 2291 1819 2317 Καὶ

196 2343 342 2374 tes,variis
356 2342 452 2370 formis
464 2350 496 2370 ac
510 2343 656 2378 multiplici
673 2343 776 2378 specie,
793 2347 821 2370 et
844 2343 931 2378 igneis
951 2343 981 2370 [io

195 2389 272 2425 guris
297 2389 489 2424 depinguntur.
515 2389 658 2425 Aliterque
681 2389 805 2417 eamdem
835 2389 981 2424 imaginem

196 2436 266 2471 ignis
280 2435 405 2469 accipere
417 2439 536 2470 oportet,
559 2442 621 2462 cum
637 2435 671 2463 de
683 2435 739 2462 Deo
758 2435 861 2462 dicitur
873 2436 918 2469 qui
938 2436 981 2462 in-

197 2481 376 2518 telligentiam
401 2485 533 2516 superat;
554 2481 634 2509 aliter
654 2488 715 2509 cum
741 2482 773 2508 de
803 2481 982 2516 providentiis

197 2529 265 2563 ejus,
279 2536 348 2564 quas
363 2528 541 2563 intelligentia
554 2528 730 2563 percipimus,
743 2533 791 2556 aut
806 2529 839 2556 de
848 2529 982 2556 sermoni-

197 2576 263 2608 bus;
279 2579 307 2602 et
320 2574 399 2602 aliter
414 2582 475 2602 cum
494 2574 527 2601 de
544 2574 658 2607 angelis.
678 2574 767 2609 Atque
786 2573 858 2601 illam
871 2574 981 2609 quidem

198 2622 345 2657 imaginem
366 2622 437 2656 ignis
449 2621 484 2648 de
505 2620 560 2648 Deo
572 2621 684 2654 dictam,
704 2621 854 2649 secundum
867 2628 981 2649 causam

199 2697 213 2712 ιδ
229 2692 309 2720 Deut.
321 2700 358 2718 1v.
397 2695 409 2708 °
425 2691 496 2718 Psal.
516 2699 583 2724 xv",
603 2691 648 2718 5|.

1035 2338 1122 2370 ἄλλως
1138 2338 1187 2374 τὴν
1207 2338 1290 2373 αὐτὴν
1311 2336 1357 2364 τοῦ
1379 2337 1464 2372 πυρὸς
1482 2336 1574 2363 εἰκόνα
1592 2336 1662 2363 κατά
1681 2336 1728 2362 τοῦ
1752 2337 1819 2372 ὑπὲρ

1035 2385 1126 2420 νόησιν
1148 2384 1170 2400 ⁸⁸
1186 2384 1253 2411 Θεοῦ
1277 2383 1426 2419 λεγομένην
1441 2382 1581 2409 ὲκλαϐεῐν“
1597 2382 1683 2414 ἄλλως
1703 2382 1731 2409 δὲ
1753 2384 1820 2411 κατὰ

1036 2433 1089 2460 τῶν
1104 2431 1205 2468 νοητῶν
1223 2432 1245 2447 ⁸⁷
1265 2430 1346 2458 αὑτοῦ
1366 2429 1528 2466 προνοιῶνῆ
1544 2429 1645 2464 λόγων·
1671 2430 1719 2456 καὶ
1736 2430 1819 2462 ἄλλως

1037 2482 1083 2508 ἐπὶ
1102 2480 1155 2507 τῶν
1170 2479 1300 2514 ἀγγέλων.
1323 2478 1379 2504 Καὶ
1398 2477 1448 2513 τὴν
1471 2478 1518 2512 μὲν
1538 2477 1597 2503 κατ’
1609 2476 1709 2508 αἰτίαν,
1732 2477 1781 2513 τὴν
1793 2478 1820 2504 δὲ

1038 2526 1097 2554 καθ’
1111 2525 1295 2561 ῦπαρξιν,τὴν
1308 2524 1336 2550 δὲ
1355 2522 1424 2550 κατὰ
1439 2521 1555 2558 μέθεξιν,
1572 2523 1618 2549 καὶ
1637 2522 1703 2549 ἄλλα
1725 2522 1818 2555 ἄλλως,

1035 2573 1072 2604 ὼς
1092 2574 1108 2608 ἡ
1131 2571 1190 2598 κατ’
1205 2570 1274 2597 αὐτὰ
1291 2569 1392 2604 θεωρία
1414 2569 1461 2595 καὶ
1483 2568 1681 2604 ἐπιστημονικὴ
1703 2568 1819 2603 διάταξις

1035 2619 1165 2655 ὁροθετεῖ.
1184 2618 1239 2644 Καὶ
1257 2617 1293 2653 μὴ
1311 2617 1348 2649 ὡς
1359 2616 1437 2652 ἔτυχε
1454 2616 1488 2643 τὰ
1501 2616 1562 2652 ἱερά
1580 2616 1703 2652 σύμϐολα
1718 2617 1811 2652 συμφύ-

852 2748 968 2777 VARIAE
986 2744 1185 2776 LECTlONES.

234 2811 256 2826 ³⁸
271 2812 326 2838 τὸν.
367 2811 387 2827 ⁸⁷
404 2810 568 2847 τυπωτικῆς,
587 2810 615 2837 S.
653 2810 674 2827 "
690 2810 764 2842 αὐτό,
783 2809 814 2836 D.
832 2808 916 2844 αὐτὴν
931 2809 990 2847 τήν]
1008 2807 1038 2833 Ρ.

234 2855 296 2870 tam.
317 2848 347 2870 ἰ),
366 2847 386 2870 S
415 2847 442 2870 S.
482 2847 504 2863 “
520 2849 573 2870 τῶν
592 2847 771 2870 ἰεαοποεπῶν.
789 2846 838 2870 (111.
893 2845 916 2859 ⁸³
934 2844 1023 2870 iam};
1041 2842 1071 2870 Cl

944 2852 1023 2870 εῡωε.
1041 2852 1049 2868 1
1058 2852 1091 2870 -ΙΙ,

650 2855 771 2882 πρεπων.
789 2852 838 2872 (ΑΙ.
893 2852 916 2859 ’⁸“¹
934 2852 1023 2878 ιερως,
1041 2852 1091 2870 ειη.
1141 2852 1162 2857 "
1179 2852 1286 2876 εγγονα,
1307 2852 1384 2881 ὖ..Ι”.
1430 2852 1438 2855 ‘

649 2882 677 2909 ἰ).
716 2882 736 2897 ⁸⁷
755 2881 825 2911 κατὰ
841 2880 889 2914 τὴν
905 2880 968 2911 τῶν,
987 2878 1017 2908 S.
1036 2877 1065 2906 P.
1083 2877 1196 2911 νοητῶν,
1215 2885 1268 2905 non
1284 2882 1327 2905 est
1344 2884 1371 2904 tu
1388 2877 1438 2906 Ch.

200 2855 296 2881 γμασι,
317 2848 347 2873 ῑ).
366 2847 395 2874 S.
415 2847 442 2874 S.
482 2847 504 2863 “
520 2849 573 2873 τῶν
592 2847 771 2908 ἰεδοοπρεπῶν,
789 2846 838 2872 CII.

202 2882 363 2908 {artemonem
380 2883 437 2908 τοῦ.
455 2881 486 2908 Ι).
505 2882 573 2908 κατὰ
590 2891 604 2908 τ
623 2901 630 2908 .
649 2882 677 2908 Ρ.
716 2882 736 2897 ’⁸⁷
755 2881 825 2908 κατὰ

202 2882 363 2917 ὑπερνόησιν
380 2883 437 2915 τοῦ,
455 2881 486 2910 D.
505 2882 573 2909 κατὰ
590 2881 630 2914 τό,

1092 2807 1114 2824 ³⁸
1129 2806 1300 2837 τυπωτικῶν,
1320 2805 1350 2833 S.
1402 2805 1425 2820 λθ
1441 2805 1490 2832 ἀνθ

1494 2805 1626 2840 ρωπίνως.
1646 2804 1675 2831 S.
1715 2805 1736 2820 “
1756 2805 1816 2840 πρά-

1141 2843 1162 2857 “
1179 2841 1286 2876 ἔγγονα,
1306 2841 1334 2868 S.
1355 2840 1384 2868 Ρ.

1430 2841 1451 2856 ³⁸
1470 2841 1547 2875 μόνα.
1567 2841 1595 2868 S.
1650 2841 1671 2855 δέ
1690 2840 1758 2868 κατὰ
1775 2849 1816 2877 την
