  <div class='ocr_page' id='page_1' title='image "/cluster/home/n/w/nwhite01/storage/ocr_20150623/3/njp.32101077772356/668.png"; bbox 0 0 1914 3061; ppageno 0'>
   <div class='ocr_carea' id='block_1_1' title="bbox 62 168 162 197">
    <p class='ocr_par' dir='ltr' id='par_1_1' title="bbox 62 168 162 197">
     <span class='ocr_line' id='line_1_1' title="bbox 62 168 162 197; baseline 0.03 -3"><span class='ocrx_word' id='word_1_1' title='bbox 62 168 162 197; x_wconf 67' lang='grc' dir='ltr'>ιιυθ</span> 
     </span>
    </p>
   </div>
   <div class='ocr_carea' id='block_1_2' title="bbox 800 177 1030 209">
    <p class='ocr_par' dir='ltr' id='par_1_2' title="bbox 800 177 1030 209">
     <span class='ocr_line' id='line_1_2' title="bbox 800 177 1030 209; baseline 0.017 -4"><span class='ocrx_word' id='word_1_2' title='bbox 800 177 968 208; x_wconf 66' lang='grc' dir='ltr'><strong>ΕΡᾸΞΤΟΕΔ</strong></span> <span class='ocrx_word' id='word_1_3' title='bbox 987 180 1030 209; x_wconf 82' lang='lat' dir='ltr'><strong>IX.</strong></span> 
     </span>
    </p>
   </div>
   <div class='ocr_carea' id='block_1_3' title="bbox 1646 192 1713 222">
    <p class='ocr_par' dir='ltr' id='par_1_3' title="bbox 1646 192 1713 222">
     <span class='ocr_line' id='line_1_3' title="bbox 1646 192 1713 222; baseline 0.045 -3"><span class='ocrx_word' id='word_1_4' title='bbox 1646 192 1713 222; x_wconf 75' lang='lat'><strong>“10</strong></span> 
     </span>
    </p>
   </div>
   <div class='ocr_carea' id='block_1_4' title="bbox 64 228 872 279">
    <p class='ocr_par' dir='ltr' id='par_1_4' title="bbox 64 228 872 279">
     <span class='ocr_line' id='line_1_4' title="bbox 64 228 872 279; baseline 0.014 -26"><span class='ocrx_word' id='word_1_5' title='bbox 64 234 158 279; x_wconf 56' lang='grc' dir='ltr'>ρετ-ν,</span> <span class='ocrx_word' id='word_1_6' title='bbox 171 228 250 279; x_wconf 40' lang='grc' dir='ltr'>’ἀλλά</span> <span class='ocrx_word' id='word_1_7' title='bbox 266 231 467 279; x_wconf 33' lang='grc' dir='ltr'>ιπροσηκόντως</span> <span class='ocrx_word' id='word_1_8' title='bbox 489 232 559 260; x_wconf 85' lang='grc' dir='ltr'>αὑτά</span> <span class='ocrx_word' id='word_1_9' title='bbox 575 234 635 267; x_wconf 86' lang='grc' dir='ltr'>ταῖς</span> <span class='ocrx_word' id='word_1_10' title='bbox 652 235 762 269; x_wconf 79' lang='grc' dir='ltr'><strong>αἰτίαις,</strong></span> <span class='ocrx_word' id='word_1_11' title='bbox 786 236 872 273; x_wconf 80' lang='grc' dir='ltr'><strong>ἢταῖς</strong></span> 
     </span>
    </p>
   </div>
   <div class='ocr_carea' id='block_1_5' title="bbox 926 228 1712 279">
    <p class='ocr_par' dir='ltr' id='par_1_5' title="bbox 929 239 1712 279">
     <span class='ocr_line' id='line_1_5' title="bbox 929 239 1712 279; baseline 0.009 -13"><span class='ocrx_word' id='word_1_12' title='bbox 929 239 1056 274; x_wconf 87' lang='lat' dir='ltr'><strong>accipere</strong></span> <span class='ocrx_word' id='word_1_13' title='bbox 1081 245 1211 276; x_wconf 87' lang='lat' dir='ltr'><strong>oportet;</strong></span> <span class='ocrx_word' id='word_1_14' title='bbox 1239 242 1319 271; x_wconf 85' lang='lat' dir='ltr'><strong>aliam</strong></span> <span class='ocrx_word' id='word_1_15' title='bbox 1345 244 1491 273; x_wconf 90' lang='lat' dir='ltr'><strong>secundum</strong></span> <span class='ocrx_word' id='word_1_16' title='bbox 1507 244 1712 279; x_wconf 77' lang='lat' dir='ltr'><strong>exsistentiam,</strong></span> 
     </span>
    </p>
   </div>
   <div class='ocr_carea' id='block_1_6' title="bbox 65 271 872 325">
    <p class='ocr_par' dir='ltr' id='par_1_6' title="bbox 65 271 872 325">
     <span class='ocr_line' id='line_1_6' title="bbox 65 271 872 325; baseline 0.015 -27"><span class='ocrx_word' id='word_1_17' title='bbox 65 271 250 325; x_wconf 49' lang='lat' dir='ltr'><strong>via-Klépgsaw,</strong></span> <span class='ocrx_word' id='word_1_18' title='bbox 263 274 280 310; x_wconf 85' lang='grc' dir='ltr'>ἢ</span> <span class='ocrx_word' id='word_1_19' title='bbox 292 276 352 307; x_wconf 81' lang='grc' dir='ltr'>ταῖς</span> <span class='ocrx_word' id='word_1_20' title='bbox 362 275 516 325; x_wconf 67' lang='grc' dir='ltr'>δυνάμεσιν,</span> <span class='ocrx_word' id='word_1_21' title='bbox 537 278 553 313; x_wconf 81' lang='grc' dir='ltr'>ἢ</span> <span class='ocrx_word' id='word_1_22' title='bbox 569 281 630 312; x_wconf 88' lang='grc' dir='ltr'>ταῖς</span> <span class='ocrx_word' id='word_1_23' title='bbox 650 280 768 315; x_wconf 77' lang='grc' dir='ltr'><strong>τάξεσιν,</strong></span> <span class='ocrx_word' id='word_1_24' title='bbox 819 285 872 315; x_wconf 73' lang='grc' dir='ltr'>ταῖς</span> 
     </span>
    </p>
   </div>
   <div class='ocr_carea' id='block_1_7' title="bbox 926 271 1711 325">
    <p class='ocr_par' dir='ltr' id='par_1_7' title="bbox 932 284 1711 325">
     <span class='ocr_line' id='line_1_7' title="bbox 932 284 1711 325; baseline 0.01 -14"><span class='ocrx_word' id='word_1_25' title='bbox 932 284 1013 312; x_wconf 87' lang='lat' dir='ltr'><strong>aliam</strong></span> <span class='ocrx_word' id='word_1_26' title='bbox 1028 292 1093 313; x_wconf 90' lang='lat' dir='ltr'><strong>vero</strong></span> <span class='ocrx_word' id='word_1_27' title='bbox 1104 287 1254 314; x_wconf 90' lang='lat' dir='ltr'><strong>secundum</strong></span> <span class='ocrx_word' id='word_1_28' title='bbox 1273 289 1532 325; x_wconf 68' lang='lat' dir='ltr'><strong>participationem;</strong></span> <span class='ocrx_word' id='word_1_29' title='bbox 1551 295 1579 318; x_wconf 90' lang='lat' dir='ltr'><strong>et</strong></span> <span class='ocrx_word' id='word_1_30' title='bbox 1594 291 1647 319; x_wconf 87' lang='lat' dir='ltr'><strong>alia</strong></span> <span class='ocrx_word' id='word_1_31' title='bbox 1660 292 1711 319; x_wconf 86' lang='lat' dir='ltr'><strong>ali-</strong></span> 
     </span>
    </p>
   </div>
   <div class='ocr_carea' id='block_1_8' title="bbox 65 317 881 364">
    <p class='ocr_par' dir='ltr' id='par_1_8' title="bbox 65 317 881 364">
     <span class='ocr_line' id='line_1_8' title="bbox 65 317 881 364; baseline 0.012 -19"><span class='ocrx_word' id='word_1_32' title='bbox 65 317 179 351; x_wconf 79' lang='grc' dir='ltr'>ἀξίαις</span> <span class='ocrx_word' id='word_1_33' title='bbox 188 320 378 353; x_wconf 81' lang='grc' dir='ltr'><strong>ἀναπτύσσειν,</strong></span> <span class='ocrx_word' id='word_1_34' title='bbox 390 318 428 348; x_wconf 87' lang='grc' dir='ltr'>ὧν</span> <span class='ocrx_word' id='word_1_35' title='bbox 441 323 488 350; x_wconf 79' lang='grc' dir='ltr'>καὶ</span> <span class='ocrx_word' id='word_1_36' title='bbox 500 324 574 352; x_wconf 74' lang='grc' dir='ltr'>ἐστιν</span> <span class='ocrx_word' id='word_1_37' title='bbox 587 327 769 363; x_wconf 80' lang='grc' dir='ltr'>ὲκφαντορικά</span> <span class='ocrx_word' id='word_1_38' title='bbox 782 328 881 364; x_wconf 84' lang='grc' dir='ltr'>συνθή-</span> 
     </span>
    </p>
   </div>
   <div class='ocr_carea' id='block_1_9' title="bbox 68 366 877 409">
    <p class='ocr_par' dir='ltr' id='par_1_9' title="bbox 68 366 877 409">
     <span class='ocr_line' id='line_1_9' title="bbox 68 366 877 409; baseline 0.015 -19"><span class='ocrx_word' id='word_1_39' title='bbox 68 372 173 399; x_wconf 85' lang='grc' dir='ltr'>ματα.</span> <span class='ocrx_word' id='word_1_40' title='bbox 188 366 242 392; x_wconf 76' lang='grc' dir='ltr'><strong>Καὶ</strong></span> <span class='ocrx_word' id='word_1_41' title='bbox 249 366 323 399; x_wconf 82' lang='grc' dir='ltr'>ὅπως</span> <span class='ocrx_word' id='word_1_42' title='bbox 332 367 369 403; x_wconf 91' lang='grc' dir='ltr'><strong>μὴ</strong></span> <span class='ocrx_word' id='word_1_43' title='bbox 382 369 453 404; x_wconf 88' lang='grc' dir='ltr'>πέρα</span> <span class='ocrx_word' id='word_1_44' title='bbox 460 370 506 396; x_wconf 83' lang='grc' dir='ltr'>τοῦ</span> <span class='ocrx_word' id='word_1_45' title='bbox 515 371 619 404; x_wconf 84' lang='grc' dir='ltr'>δέοντος</span> <span class='ocrx_word' id='word_1_46' title='bbox 633 373 836 409; x_wconf 75' lang='grc' dir='ltr'>ἐπιστέλλοιμεν</span> <span class='ocrx_word' id='word_1_47' title='bbox 845 375 877 408; x_wconf 78' lang='grc'><strong>⁸⁸,</strong></span> 
     </span>
    </p>
   </div>
   <div class='ocr_carea' id='block_1_10' title="bbox 66 410 878 456">
    <p class='ocr_par' dir='ltr' id='par_1_10' title="bbox 66 410 878 456">
     <span class='ocr_line' id='line_1_10' title="bbox 66 410 878 456; baseline 0.014 -20"><span class='ocrx_word' id='word_1_48' title='bbox 66 410 124 437; x_wconf 73' lang='grc' dir='ltr'><strong>ἐπ’</strong></span> <span class='ocrx_word' id='word_1_49' title='bbox 150 411 238 448; x_wconf 79' lang='grc' dir='ltr'>αὐτὴν</span> <span class='ocrx_word' id='word_1_50' title='bbox 257 412 307 448; x_wconf 80' lang='grc' dir='ltr'><strong>ἢδη</strong></span> <span class='ocrx_word' id='word_1_51' title='bbox 327 412 376 449; x_wconf 87' lang='grc' dir='ltr'><strong>τὴν</strong></span> <span class='ocrx_word' id='word_1_52' title='bbox 402 416 580 450; x_wconf 78' lang='grc' dir='ltr'><strong>προτεθεῖσαν</strong></span> <span class='ocrx_word' id='word_1_53' title='bbox 601 418 646 452; x_wconf 85' lang='grc' dir='ltr'><strong>ὑφ’</strong></span> <span class='ocrx_word' id='word_1_54' title='bbox 664 419 742 454; x_wconf 85' lang='grc' dir='ltr'>ὑμῶν</span> <span class='ocrx_word' id='word_1_55' title='bbox 765 419 878 456; x_wconf 82' lang='grc' dir='ltr'>ζήτησιν</span> 
     </span>
    </p>
   </div>
   <div class='ocr_carea' id='block_1_11' title="bbox 68 456 877 501">
    <p class='ocr_par' dir='ltr' id='par_1_11' title="bbox 68 456 877 501">
     <span class='ocr_line' id='line_1_11' title="bbox 68 456 877 501; baseline 0.014 -19"><span class='ocrx_word' id='word_1_56' title='bbox 68 456 169 487; x_wconf 69' lang='grc' dir='ltr'>ἰτέον,</span> <span class='ocrx_word' id='word_1_57' title='bbox 183 458 237 485; x_wconf 81' lang='grc' dir='ltr'><strong>Καὶ</strong></span> <span class='ocrx_word' id='word_1_58' title='bbox 248 458 372 495; x_wconf 88' lang='grc' dir='ltr'>λέγομεν,</span> <span class='ocrx_word' id='word_1_59' title='bbox 384 461 425 488; x_wconf 80' lang='grc' dir='ltr'>ὅτι</span> <span class='ocrx_word' id='word_1_60' title='bbox 440 463 515 489; x_wconf 75' lang='grc' dir='ltr'>πᾶσα</span> <span class='ocrx_word' id='word_1_61' title='bbox 521 464 606 500; x_wconf 83' lang='grc' dir='ltr'>τροφὴ</span> <span class='ocrx_word' id='word_1_62' title='bbox 618 464 806 501; x_wconf 82' lang='grc' dir='ltr'>τελεσιουργός</span> <span class='ocrx_word' id='word_1_63' title='bbox 819 467 877 493; x_wconf 75' lang='grc' dir='ltr'>ἐστι</span> 
     </span>
    </p>
   </div>
   <div class='ocr_carea' id='block_1_12' title="bbox 64 500 876 547">
    <p class='ocr_par' dir='ltr' id='par_1_12' title="bbox 64 500 876 547">
     <span class='ocr_line' id='line_1_12' title="bbox 64 500 876 547; baseline 0.017 -21"><span class='ocrx_word' id='word_1_64' title='bbox 64 500 137 547; x_wconf 56' lang='grc' dir='ltr'>’τῶν</span> <span class='ocrx_word' id='word_1_65' title='bbox 154 504 339 539; x_wconf 80' lang='grc' dir='ltr'><strong>τρεφομένων,</strong></span> <span class='ocrx_word' id='word_1_66' title='bbox 356 506 404 542; x_wconf 90' lang='grc' dir='ltr'><strong>τὴν</strong></span> <span class='ocrx_word' id='word_1_67' title='bbox 417 507 538 535; x_wconf 78' lang='grc' dir='ltr'><strong>ἀτέλειαν</strong></span> <span class='ocrx_word' id='word_1_68' title='bbox 553 509 643 537; x_wconf 84' lang='grc' dir='ltr'>αὐτῶν</span> <span class='ocrx_word' id='word_1_69' title='bbox 657 511 705 538; x_wconf 76' lang='grc' dir='ltr'><strong>καὶ</strong></span> <span class='ocrx_word' id='word_1_70' title='bbox 715 500 765 547; x_wconf 87' lang='grc' dir='ltr'><strong>τὴν</strong></span> <span class='ocrx_word' id='word_1_71' title='bbox 773 511 876 539; x_wconf 85' lang='grc' dir='ltr'>ἔνδειαν</span> 
     </span>
    </p>
   </div>
   <div class='ocr_carea' id='block_1_13' title="bbox 67 546 877 594">
    <p class='ocr_par' dir='ltr' id='par_1_13' title="bbox 67 546 877 594">
     <span class='ocr_line' id='line_1_13' title="bbox 67 546 877 594; baseline 0.015 -21"><span class='ocrx_word' id='word_1_72' title='bbox 67 546 296 594; x_wconf 51' lang='grc' dir='ltr'>ἀπο-πληροῦσα,</span> <span class='ocrx_word' id='word_1_73' title='bbox 317 551 363 578; x_wconf 74' lang='grc' dir='ltr'><strong>καὶ</strong></span> <span class='ocrx_word' id='word_1_74' title='bbox 379 552 410 579; x_wconf 84' lang='grc' dir='ltr'>τὸ</span> <span class='ocrx_word' id='word_1_75' title='bbox 423 552 536 586; x_wconf 84' lang='grc' dir='ltr'>ἀσθενὲς</span> <span class='ocrx_word' id='word_1_76' title='bbox 551 546 748 590; x_wconf 68' lang='grc' dir='ltr'>θεραπεύουσα,</span> <span class='ocrx_word' id='word_1_77' title='bbox 767 557 815 584; x_wconf 86' lang='grc' dir='ltr'><strong>καὶ</strong></span> <span class='ocrx_word' id='word_1_78' title='bbox 828 557 877 594; x_wconf 88' lang='grc' dir='ltr'><strong>τὴν</strong></span> 
     </span>
    </p>
   </div>
   <div class='ocr_carea' id='block_1_14' title="bbox 68 591 877 636">
    <p class='ocr_par' dir='ltr' id='par_1_14' title="bbox 68 591 877 636">
     <span class='ocr_line' id='line_1_14' title="bbox 68 591 877 636; baseline 0.015 -18"><span class='ocrx_word' id='word_1_79' title='bbox 68 591 160 628; x_wconf 79' lang='grc' dir='ltr'>ζωὴν</span> <span class='ocrx_word' id='word_1_80' title='bbox 177 595 266 622; x_wconf 84' lang='grc' dir='ltr'>αὐτῶν</span> <span class='ocrx_word' id='word_1_81' title='bbox 280 597 447 634; x_wconf 80' lang='grc' dir='ltr'><strong>φρουροῦσα,</strong></span> <span class='ocrx_word' id='word_1_82' title='bbox 460 600 507 626; x_wconf 84' lang='grc' dir='ltr'><strong>καὶ</strong></span> <span class='ocrx_word' id='word_1_83' title='bbox 520 600 678 628; x_wconf 87' lang='grc' dir='ltr'>ἀναθάλλειν</span> <span class='ocrx_word' id='word_1_84' title='bbox 691 602 814 636; x_wconf 83' lang='grc' dir='ltr'>ποιοῦσα,</span> <span class='ocrx_word' id='word_1_85' title='bbox 829 591 877 630; x_wconf 76' lang='grc' dir='ltr'><strong>καὶ</strong></span> 
     </span>
    </p>
   </div>
   <div class='ocr_carea' id='block_1_15' title="bbox 69 639 877 683">
    <p class='ocr_par' dir='ltr' id='par_1_15' title="bbox 69 639 877 683">
     <span class='ocr_line' id='line_1_15' title="bbox 69 639 877 683; baseline 0.01 -16"><span class='ocrx_word' id='word_1_86' title='bbox 69 639 285 674; x_wconf 81' lang='grc' dir='ltr'>ἀνανεάζουσα,</span> <span class='ocrx_word' id='word_1_87' title='bbox 303 643 349 670; x_wconf 80' lang='grc' dir='ltr'><strong>καὶ</strong></span> <span class='ocrx_word' id='word_1_88' title='bbox 363 643 481 680; x_wconf 83' lang='grc' dir='ltr'>ζωτικὴν</span> <span class='ocrx_word' id='word_1_89' title='bbox 497 645 589 678; x_wconf 79' lang='grc' dir='ltr'>αὐτοῖς</span> <span class='ocrx_word' id='word_1_90' title='bbox 607 646 755 674; x_wconf 84' lang='grc' dir='ltr'>εὐπάθειαν</span> <span class='ocrx_word' id='word_1_91' title='bbox 776 647 877 683; x_wconf 80' lang='grc' dir='ltr'>δωρου-</span> 
     </span>
    </p>
   </div>
   <div class='ocr_carea' id='block_1_16' title="bbox 71 686 876 726">
    <p class='ocr_par' dir='ltr' id='par_1_16' title="bbox 71 686 876 726">
     <span class='ocr_line' id='line_1_16' title="bbox 71 686 876 726; baseline 0.011 -14"><span class='ocrx_word' id='word_1_92' title='bbox 71 686 168 722; x_wconf 83' lang='grc' dir='ltr'>μένη,</span> <span class='ocrx_word' id='word_1_93' title='bbox 183 688 230 714; x_wconf 80' lang='grc' dir='ltr'><strong>καὶ</strong></span> <span class='ocrx_word' id='word_1_94' title='bbox 240 689 334 722; x_wconf 85' lang='grc' dir='ltr'>ἁπλῶς</span> <span class='ocrx_word' id='word_1_95' title='bbox 347 690 394 717; x_wconf 85' lang='grc' dir='ltr'><strong>τοῦ</strong></span> <span class='ocrx_word' id='word_1_96' title='bbox 407 691 537 724; x_wconf 82' lang='grc' dir='ltr'>ἀνιῶντος</span> <span class='ocrx_word' id='word_1_97' title='bbox 555 693 602 720; x_wconf 82' lang='grc' dir='ltr'><strong>καὶ</strong></span> <span class='ocrx_word' id='word_1_98' title='bbox 619 693 667 720; x_wconf 82' lang='grc' dir='ltr'><strong>τοῦ</strong></span> <span class='ocrx_word' id='word_1_99' title='bbox 682 693 793 726; x_wconf 79' lang='grc' dir='ltr'>ἀτελοῦς</span> <span class='ocrx_word' id='word_1_100' title='bbox 814 694 876 721; x_wconf 78' lang='grc' dir='ltr'>ἐλά-</span> 
     </span>
    </p>
   </div>
   <div class='ocr_carea' id='block_1_17' title="bbox 70 733 876 776">
    <p class='ocr_par' dir='ltr' id='par_1_17' title="bbox 70 733 876 776">
     <span class='ocr_line' id='line_1_17' title="bbox 70 733 876 776; baseline 0.012 -18"><span class='ocrx_word' id='word_1_101' title='bbox 70 740 176 768; x_wconf 86' lang='grc' dir='ltr'>τειρα,</span> <span class='ocrx_word' id='word_1_102' title='bbox 192 733 238 760; x_wconf 78' lang='grc' dir='ltr'>καὶ</span> <span class='ocrx_word' id='word_1_103' title='bbox 249 735 299 770; x_wconf 87' lang='grc' dir='ltr'>τῆς</span> <span class='ocrx_word' id='word_1_104' title='bbox 313 736 481 773; x_wconf 72' lang='grc' dir='ltr'>εὐφροσύνης</span> <span class='ocrx_word' id='word_1_105' title='bbox 495 738 584 765; x_wconf 80' lang='grc' dir='ltr'>αὐτῶν</span> <span class='ocrx_word' id='word_1_106' title='bbox 593 739 702 776; x_wconf 78' lang='grc' dir='ltr'>καὶτῆς</span> <span class='ocrx_word' id='word_1_107' title='bbox 710 740 876 776; x_wconf 82' lang='grc' dir='ltr'>τελειότητος</span> 
     </span>
    </p>
   </div>
   <div class='ocr_carea' id='block_1_18' title="bbox 71 779 218 814">
    <p class='ocr_par' dir='ltr' id='par_1_18' title="bbox 71 779 218 814">
     <span class='ocr_line' id='line_1_18' title="bbox 71 779 218 814; baseline -0.014 -1"><span class='ocrx_word' id='word_1_108' title='bbox 71 779 218 814; x_wconf 83' lang='grc' dir='ltr'>χορηγός.</span> 
     </span>
    </p>
   </div>
   <div class='ocr_carea' id='block_1_19' title="bbox 931 333 1716 368">
    <p class='ocr_par' dir='ltr' id='par_1_19' title="bbox 931 333 1716 368">
     <span class='ocr_line' id='line_1_19' title="bbox 931 333 1716 368; baseline 0.011 -12"><span class='ocrx_word' id='word_1_109' title='bbox 931 334 982 362; x_wconf 86' lang='lat' dir='ltr'><strong>ter,</strong></span> <span class='ocrx_word' id='word_1_110' title='bbox 996 334 1026 357; x_wconf 94' lang='lat' dir='ltr'><strong>ut</strong></span> <span class='ocrx_word' id='word_1_111' title='bbox 1041 338 1135 358; x_wconf 91' lang='lat' dir='ltr'><strong>eorum</strong></span> <span class='ocrx_word' id='word_1_112' title='bbox 1153 333 1347 368; x_wconf 76' lang='lat' dir='ltr'><strong>contemplatio</strong></span> <span class='ocrx_word' id='word_1_113' title='bbox 1368 339 1396 362; x_wconf 86' lang='lat' dir='ltr'><strong>et</strong></span> <span class='ocrx_word' id='word_1_114' title='bbox 1415 336 1576 364; x_wconf 83' lang='lat' dir='ltr'><strong>constitutio</strong></span> <span class='ocrx_word' id='word_1_115' title='bbox 1594 337 1716 365; x_wconf 91' lang='lat' dir='ltr'><strong>scienter</strong></span> 
     </span>
    </p>
   </div>
   <div class='ocr_carea' id='block_1_20' title="bbox 929 375 1715 414">
    <p class='ocr_par' dir='ltr' id='par_1_20' title="bbox 929 375 1715 414">
     <span class='ocr_line' id='line_1_20' title="bbox 929 375 1715 414; baseline 0.009 -11"><span class='ocrx_word' id='word_1_116' title='bbox 929 375 1000 403; x_wconf 75' lang='lat' dir='ltr'><strong>facta</strong></span> <span class='ocrx_word' id='word_1_117' title='bbox 1008 377 1168 411; x_wconf 82' lang='lat' dir='ltr'><strong>praescribit.</strong></span> <span class='ocrx_word' id='word_1_118' title='bbox 1178 377 1234 405; x_wconf 89' lang='lat' dir='ltr'><strong>Nec</strong></span> <span class='ocrx_word' id='word_1_119' title='bbox 1247 379 1318 406; x_wconf 90' lang='lat' dir='ltr'><strong>enim</strong></span> <span class='ocrx_word' id='word_1_120' title='bbox 1332 384 1440 414; x_wconf 90' lang='lat' dir='ltr'><strong>oportet</strong></span> <span class='ocrx_word' id='word_1_121' title='bbox 1453 381 1602 409; x_wconf 76' lang='lat' dir='ltr'><strong>fortuitoac</strong></span> <span class='ocrx_word' id='word_1_122' title='bbox 1610 386 1715 410; x_wconf 88' lang='lat' dir='ltr'><strong>temere</strong></span> 
     </span>
    </p>
   </div>
   <div class='ocr_carea' id='block_1_21' title="bbox 931 422 1714 462">
    <p class='ocr_par' dir='ltr' id='par_1_21' title="bbox 931 422 1714 462">
     <span class='ocr_line' id='line_1_21' title="bbox 931 422 1714 462; baseline 0.009 -13"><span class='ocrx_word' id='word_1_123' title='bbox 931 422 1046 450; x_wconf 87' lang='lat' dir='ltr'><strong>miscere</strong></span> <span class='ocrx_word' id='word_1_124' title='bbox 1053 424 1187 459; x_wconf 87' lang='lat' dir='ltr'><strong>symbola,</strong></span> <span class='ocrx_word' id='word_1_125' title='bbox 1194 426 1241 453; x_wconf 89' lang='lat' dir='ltr'><strong>sed</strong></span> <span class='ocrx_word' id='word_1_126' title='bbox 1249 425 1338 460; x_wconf 81' lang='lat' dir='ltr'><strong>potius</strong></span> <span class='ocrx_word' id='word_1_127' title='bbox 1348 426 1495 462; x_wconf 85' lang='lat' dir='ltr'><strong>explanare</strong></span> <span class='ocrx_word' id='word_1_128' title='bbox 1507 435 1538 455; x_wconf 84' lang='lat' dir='ltr'><strong>ea</strong></span> <span class='ocrx_word' id='word_1_129' title='bbox 1547 429 1714 456; x_wconf 86' lang='lat' dir='ltr'><strong>convenien-</strong></span> 
     </span>
    </p>
   </div>
   <div class='ocr_carea' id='block_1_22' title="bbox 929 470 1716 507">
    <p class='ocr_par' dir='ltr' id='par_1_22' title="bbox 929 470 1716 507">
     <span class='ocr_line' id='line_1_22' title="bbox 929 470 1716 507; baseline 0.008 -11"><span class='ocrx_word' id='word_1_130' title='bbox 929 473 972 496; x_wconf 92' lang='lat' dir='ltr'><strong>ter</strong></span> <span class='ocrx_word' id='word_1_131' title='bbox 981 470 1071 497; x_wconf 88' lang='lat' dir='ltr'><strong>causis</strong></span> <span class='ocrx_word' id='word_1_132' title='bbox 1091 475 1139 498; x_wconf 88' lang='lat' dir='ltr'><strong>aut</strong></span> <span class='ocrx_word' id='word_1_133' title='bbox 1151 470 1328 505; x_wconf 79' lang='lat' dir='ltr'><strong>exsistentiis,</strong></span> <span class='ocrx_word' id='word_1_134' title='bbox 1345 477 1391 499; x_wconf 83' lang='lat' dir='ltr'><strong>aut</strong></span> <span class='ocrx_word' id='word_1_135' title='bbox 1406 474 1598 507; x_wconf 83' lang='lat' dir='ltr'><strong>potestatibus,</strong></span> <span class='ocrx_word' id='word_1_136' title='bbox 1610 478 1656 501; x_wconf 85' lang='lat' dir='ltr'><strong>aut</strong></span> <span class='ocrx_word' id='word_1_137' title='bbox 1671 482 1716 501; x_wconf 87' lang='lat' dir='ltr'><strong>or-</strong></span> 
     </span>
    </p>
   </div>
   <div class='ocr_carea' id='block_1_23' title="bbox 930 515 1716 554">
    <p class='ocr_par' dir='ltr' id='par_1_23' title="bbox 930 515 1716 554">
     <span class='ocr_line' id='line_1_23' title="bbox 930 515 1716 554; baseline 0.005 -10"><span class='ocrx_word' id='word_1_138' title='bbox 930 515 1049 549; x_wconf 87' lang='lat' dir='ltr'><strong>dinibus,</strong></span> <span class='ocrx_word' id='word_1_139' title='bbox 1065 520 1111 543; x_wconf 92' lang='lat' dir='ltr'><strong>aut</strong></span> <span class='ocrx_word' id='word_1_140' title='bbox 1133 516 1324 551; x_wconf 74' lang='lat' dir='ltr'><strong>dignitatibus,</strong></span> <span class='ocrx_word' id='word_1_141' title='bbox 1341 525 1401 552; x_wconf 77' lang='lat' dir='ltr'><strong>qua:</strong></span> <span class='ocrx_word' id='word_1_142' title='bbox 1415 519 1506 546; x_wconf 86' lang='lat' dir='ltr'><strong>omnia</strong></span> <span class='ocrx_word' id='word_1_143' title='bbox 1521 519 1607 554; x_wconf 76' lang='lat' dir='ltr'><strong>signis</strong></span> <span class='ocrx_word' id='word_1_144' title='bbox 1623 520 1716 548; x_wconf 86' lang='lat' dir='ltr'><strong>decla-</strong></span> 
     </span>
    </p>
   </div>
   <div class='ocr_carea' id='block_1_24' title="bbox 929 561 1713 598">
    <p class='ocr_par' dir='ltr' id='par_1_24' title="bbox 929 561 1713 598">
     <span class='ocr_line' id='line_1_24' title="bbox 929 561 1713 598; baseline 0.008 -10"><span class='ocrx_word' id='word_1_145' title='bbox 929 566 1034 589; x_wconf 84' lang='lat' dir='ltr'><strong>rantur.</strong></span> <span class='ocrx_word' id='word_1_146' title='bbox 1048 561 1182 590; x_wconf 64' lang='lat' dir='ltr'><strong>Cmterum</strong></span> <span class='ocrx_word' id='word_1_147' title='bbox 1201 571 1236 591; x_wconf 91' lang='lat' dir='ltr'><strong>ne</strong></span> <span class='ocrx_word' id='word_1_148' title='bbox 1255 564 1378 598; x_wconf 72' lang='lat' dir='ltr'><strong>epistolae</strong></span> <span class='ocrx_word' id='word_1_149' title='bbox 1402 564 1514 593; x_wconf 90' lang='lat' dir='ltr'><strong>modum</strong></span> <span class='ocrx_word' id='word_1_150' title='bbox 1538 566 1713 598; x_wconf 83' lang='lat' dir='ltr'><strong>excedamus,</strong></span> 
     </span>
    </p>
   </div>
   <div class='ocr_carea' id='block_1_25' title="bbox 926 607 1714 646">
    <p class='ocr_par' dir='ltr' id='par_1_25' title="bbox 926 607 1714 646">
     <span class='ocr_line' id='line_1_25' title="bbox 926 607 1714 646; baseline 0.008 -12"><span class='ocrx_word' id='word_1_151' title='bbox 926 607 983 642; x_wconf 89' lang='lat' dir='ltr'><strong>jam</strong></span> <span class='ocrx_word' id='word_1_152' title='bbox 996 608 1029 635; x_wconf 85' lang='lat' dir='ltr'><strong>ad</strong></span> <span class='ocrx_word' id='word_1_153' title='bbox 1045 608 1131 643; x_wconf 87' lang='lat' dir='ltr'><strong>ipsam</strong></span> <span class='ocrx_word' id='word_1_154' title='bbox 1147 610 1314 645; x_wconf 87' lang='lat' dir='ltr'><strong>propositam</strong></span> <span class='ocrx_word' id='word_1_155' title='bbox 1335 618 1351 638; x_wconf 87' lang='lat' dir='ltr'><strong>a</strong></span> <span class='ocrx_word' id='word_1_156' title='bbox 1375 611 1454 639; x_wconf 86' lang='lat' dir='ltr'><strong>nobis</strong></span> <span class='ocrx_word' id='word_1_157' title='bbox 1475 612 1652 646; x_wconf 79' lang='lat' dir='ltr'><strong>quaestionem</strong></span> <span class='ocrx_word' id='word_1_158' title='bbox 1665 620 1714 640; x_wconf 89' lang='lat' dir='ltr'><strong>ve-</strong></span> 
     </span>
    </p>
   </div>
   <div class='ocr_carea' id='block_1_26' title="bbox 929 654 1714 691">
    <p class='ocr_par' dir='ltr' id='par_1_26' title="bbox 929 654 1714 691">
     <span class='ocr_line' id='line_1_26' title="bbox 929 654 1714 691; baseline 0.006 -10"><span class='ocrx_word' id='word_1_159' title='bbox 929 654 1047 682; x_wconf 81' lang='lat' dir='ltr'><strong>niamus.</strong></span> <span class='ocrx_word' id='word_1_160' title='bbox 1063 654 1184 683; x_wconf 88' lang='lat' dir='ltr'><strong>Dicimus</strong></span> <span class='ocrx_word' id='word_1_161' title='bbox 1202 656 1303 691; x_wconf 82' lang='lat' dir='ltr'><strong>itaque,</strong></span> <span class='ocrx_word' id='word_1_162' title='bbox 1321 664 1429 684; x_wconf 90' lang='lat' dir='ltr'><strong>omnem</strong></span> <span class='ocrx_word' id='word_1_163' title='bbox 1443 664 1534 685; x_wconf 88' lang='lat' dir='ltr'><strong>escam</strong></span> <span class='ocrx_word' id='word_1_164' title='bbox 1547 658 1600 685; x_wconf 90' lang='lat' dir='ltr'><strong>vim</strong></span> <span class='ocrx_word' id='word_1_165' title='bbox 1613 658 1714 686; x_wconf 83' lang='lat' dir='ltr'><strong>habere</strong></span> 
     </span>
    </p>
   </div>
   <div class='ocr_carea' id='block_1_27' title="bbox 930 700 1715 739">
    <p class='ocr_par' dir='ltr' id='par_1_27' title="bbox 930 700 1715 739">
     <span class='ocr_line' id='line_1_27' title="bbox 930 700 1715 739; baseline 0.004 -11"><span class='ocrx_word' id='word_1_166' title='bbox 930 700 1089 735; x_wconf 71' lang='lat' dir='ltr'><strong>perficiendi</strong></span> <span class='ocrx_word' id='word_1_167' title='bbox 1110 701 1171 729; x_wconf 88' lang='lat' dir='ltr'><strong>illos</strong></span> <span class='ocrx_word' id='word_1_168' title='bbox 1190 709 1259 736; x_wconf 89' lang='lat' dir='ltr'><strong>quos</strong></span> <span class='ocrx_word' id='word_1_169' title='bbox 1271 703 1368 737; x_wconf 83' lang='lat' dir='ltr'><strong>nutrit,</strong></span> <span class='ocrx_word' id='word_1_170' title='bbox 1384 704 1449 731; x_wconf 94' lang='lat' dir='ltr'><strong>dum</strong></span> <span class='ocrx_word' id='word_1_171' title='bbox 1462 703 1653 739; x_wconf 81' lang='lat' dir='ltr'><strong>imperfectum</strong></span> <span class='ocrx_word' id='word_1_172' title='bbox 1667 712 1715 732; x_wconf 94' lang='lat' dir='ltr'><strong>eo-</strong></span> 
     </span>
    </p>
   </div>
   <div class='ocr_carea' id='block_1_28' title="bbox 930 745 1712 785">
    <p class='ocr_par' dir='ltr' id='par_1_28' title="bbox 930 745 1712 785">
     <span class='ocr_line' id='line_1_28' title="bbox 930 745 1712 785; baseline 0.008 -14"><span class='ocrx_word' id='word_1_173' title='bbox 930 752 990 772; x_wconf 87' lang='lat' dir='ltr'><strong>rum</strong></span> <span class='ocrx_word' id='word_1_174' title='bbox 1012 750 1040 773; x_wconf 92' lang='lat' dir='ltr'><strong>et</strong></span> <span class='ocrx_word' id='word_1_175' title='bbox 1066 745 1243 782; x_wconf 77' lang='lat' dir='ltr'><strong>indigentiam</strong></span> <span class='ocrx_word' id='word_1_176' title='bbox 1267 747 1365 782; x_wconf 87' lang='lat' dir='ltr'><strong>replet,</strong></span> <span class='ocrx_word' id='word_1_177' title='bbox 1379 752 1407 775; x_wconf 92' lang='lat' dir='ltr'><strong>et</strong></span> <span class='ocrx_word' id='word_1_178' title='bbox 1419 748 1608 777; x_wconf 78' lang='lat' dir='ltr'><strong>infirmitatem</strong></span> <span class='ocrx_word' id='word_1_179' title='bbox 1631 749 1712 785; x_wconf 76' lang='lat'><strong>611</strong></span> 
     </span>
    </p>
   </div>
   <div class='ocr_carea' id='block_1_29' title="bbox 930 790 1716 825">
    <p class='ocr_par' dir='ltr' id='par_1_29' title="bbox 930 790 1716 825">
     <span class='ocr_line' id='line_1_29' title="bbox 930 790 1716 825; baseline 0.006 -9"><span class='ocrx_word' id='word_1_180' title='bbox 930 794 1021 824; x_wconf 89' lang='lat' dir='ltr'><strong>curat,</strong></span> <span class='ocrx_word' id='word_1_181' title='bbox 1046 790 1185 825; x_wconf 82' lang='lat' dir='ltr'><strong>vitamque</strong></span> <span class='ocrx_word' id='word_1_182' title='bbox 1210 796 1312 825; x_wconf 86' lang='lat' dir='ltr'><strong>servat,</strong></span> <span class='ocrx_word' id='word_1_183' title='bbox 1341 796 1369 820; x_wconf 80' lang='lat' dir='ltr'><strong>et</strong></span> <span class='ocrx_word' id='word_1_184' title='bbox 1392 792 1570 822; x_wconf 82' lang='lat' dir='ltr'><strong>reﬂorescere</strong></span> <span class='ocrx_word' id='word_1_185' title='bbox 1596 793 1662 822; x_wconf 77' lang='lat' dir='ltr'><strong>facit</strong></span> <span class='ocrx_word' id='word_1_186' title='bbox 1681 801 1716 821; x_wconf 88' lang='lat' dir='ltr'><strong>ac</strong></span> 
     </span>
    </p>
   </div>
   <div class='ocr_carea' id='block_1_30' title="bbox 74 827 1716 876">
    <p class='ocr_par' dir='ltr' id='par_1_30' title="bbox 74 827 1716 876">
     <span class='ocr_line' id='line_1_30' title="bbox 74 827 1716 876; baseline 0.012 -26"><span class='ocrx_word' id='word_1_187' title='bbox 74 829 215 876; x_wconf 63' lang='lat' dir='ltr'><strong>renovat,</strong></span> <span class='ocrx_word' id='word_1_188' title='bbox 246 827 404 876; x_wconf 37' lang='lat' dir='ltr'><strong>et‘vitalem</strong></span> <span class='ocrx_word' id='word_1_189' title='bbox 420 829 476 858; x_wconf 87' lang='lat' dir='ltr'><strong>illis</strong></span> <span class='ocrx_word' id='word_1_190' title='bbox 510 830 637 859; x_wconf 82' lang='lat' dir='ltr'><strong>atl&#39;ectum</strong></span> <span class='ocrx_word' id='word_1_191' title='bbox 672 832 766 867; x_wconf 87' lang='lat' dir='ltr'><strong>donat,</strong></span> <span class='ocrx_word' id='word_1_192' title='bbox 802 833 1018 872; x_wconf 87' lang='lat' dir='ltr'><strong>simpliciterque</strong></span> <span class='ocrx_word' id='word_1_193' title='bbox 1042 837 1182 865; x_wconf 83' lang='lat' dir='ltr'><strong>tristitiam</strong></span> <span class='ocrx_word' id='word_1_194' title='bbox 1201 842 1229 866; x_wconf 83' lang='lat' dir='ltr'><strong>et</strong></span> <span class='ocrx_word' id='word_1_195' title='bbox 1249 838 1485 875; x_wconf 85' lang='lat' dir='ltr'><strong>imperfectionem</strong></span> <span class='ocrx_word' id='word_1_196' title='bbox 1507 841 1602 876; x_wconf 78' lang='lat' dir='ltr'><strong>abigit,</strong></span> <span class='ocrx_word' id='word_1_197' title='bbox 1632 845 1716 876; x_wconf 85' lang='lat' dir='ltr'><strong>atque</strong></span> 
     </span>
    </p>
   </div>
   <div class='ocr_carea' id='block_1_31' title="bbox 73 868 634 912">
    <p class='ocr_par' dir='ltr' id='par_1_31' title="bbox 73 868 634 912">
     <span class='ocr_line' id='line_1_31' title="bbox 73 868 634 912; baseline 0.02 -16"><span class='ocrx_word' id='word_1_198' title='bbox 73 868 212 899; x_wconf 69' lang='lat' dir='ltr'><strong>laetitiam</strong></span> <span class='ocrx_word' id='word_1_199' title='bbox 228 873 480 912; x_wconf 79' lang='lat' dir='ltr'><strong>perfectionemque</strong></span> <span class='ocrx_word' id='word_1_200' title='bbox 496 879 634 908; x_wconf 90' lang='lat' dir='ltr'><strong>conciliat.</strong></span> 
     </span>
    </p>
   </div>
   <div class='ocr_carea' id='block_1_32' title="bbox 850 939 940 978">
    <p class='ocr_par' dir='ltr' id='par_1_32' title="bbox 850 939 940 978">
     <span class='ocr_line' id='line_1_32' title="bbox 850 939 940 978; baseline 0 -8"><span class='ocrx_word' id='word_1_201' title='bbox 850 941 863 978; x_wconf 65' lang='grc' dir='ltr'>θ</span> <span class='ocrx_word' id='word_1_202' title='bbox 884 939 940 971; x_wconf 83' lang='lat' dir='ltr'><strong>ur.</strong></span> 
     </span>
    </p>
   </div>
   <div class='ocr_carea' id='block_1_33' title="bbox 120 988 872 1039">
    <p class='ocr_par' dir='ltr' id='par_1_33' title="bbox 120 988 872 1039">
     <span class='ocr_line' id='line_1_33' title="bbox 120 988 872 1039; baseline 0.017 -23"><span class='ocrx_word' id='word_1_203' title='bbox 120 989 224 1039; x_wconf 71' lang='grc' dir='ltr'>καλῶς</span> <span class='ocrx_word' id='word_1_204' title='bbox 237 988 284 1019; x_wconf 77' lang='grc' dir='ltr'><strong>οὖν</strong></span> <span class='ocrx_word' id='word_1_205' title='bbox 295 992 318 1010; x_wconf 77' lang='grc'><strong>⁸³</strong></span> <span class='ocrx_word' id='word_1_206' title='bbox 330 994 347 1029; x_wconf 84' lang='grc' dir='ltr'>ἡ</span> <span class='ocrx_word' id='word_1_207' title='bbox 364 994 516 1032; x_wconf 81' lang='grc' dir='ltr'>ὕπέρσοφος</span> <span class='ocrx_word' id='word_1_208' title='bbox 533 999 579 1025; x_wconf 77' lang='grc' dir='ltr'>καὶ</span> <span class='ocrx_word' id='word_1_209' title='bbox 598 999 687 1036; x_wconf 85' lang='grc' dir='ltr'>ἀγαθὴ</span> <span class='ocrx_word' id='word_1_210' title='bbox 710 1000 791 1035; x_wconf 80' lang='grc' dir='ltr'>σοφία</span> <span class='ocrx_word' id='word_1_211' title='bbox 807 1001 872 1037; x_wconf 76' lang='grc' dir='ltr'>πρὸς</span> 
     </span>
    </p>
   </div>
   <div class='ocr_carea' id='block_1_34' title="bbox 926 988 1713 1039">
    <p class='ocr_par' dir='ltr' id='par_1_34' title="bbox 961 1000 1713 1039">
     <span class='ocr_line' id='line_1_34' title="bbox 961 1000 1713 1039; baseline 0.001 -10"><span class='ocrx_word' id='word_1_212' title='bbox 961 1000 1145 1035; x_wconf 84' lang='lat' dir='ltr'><strong>Quamobrem</strong></span> <span class='ocrx_word' id='word_1_213' title='bbox 1168 1006 1247 1030; x_wconf 86' lang='lat' dir='ltr'><strong>recte.</strong></span> <span class='ocrx_word' id='word_1_214' title='bbox 1274 1009 1439 1039; x_wconf 80' lang='lat' dir='ltr'><strong>supraquam</strong></span> <span class='ocrx_word' id='word_1_215' title='bbox 1458 1002 1569 1037; x_wconf 79' lang='lat' dir='ltr'><strong>sapiens</strong></span> <span class='ocrx_word' id='word_1_216' title='bbox 1582 1002 1660 1037; x_wconf 86' lang='lat' dir='ltr'><strong>juxta</strong></span> <span class='ocrx_word' id='word_1_217' title='bbox 1678 1011 1713 1031; x_wconf 88' lang='lat' dir='ltr'><strong>ac</strong></span> 
     </span>
    </p>
   </div>
   <div class='ocr_carea' id='block_1_35' title="bbox 76 1036 878 1080">
    <p class='ocr_par' dir='ltr' id='par_1_35' title="bbox 76 1036 878 1080">
     <span class='ocr_line' id='line_1_35' title="bbox 76 1036 878 1080; baseline 0.015 -18"><span class='ocrx_word' id='word_1_218' title='bbox 76 1036 141 1063; x_wconf 84' lang='grc' dir='ltr'><strong>τῶν</strong></span> <span class='ocrx_word' id='word_1_219' title='bbox 154 1036 251 1072; x_wconf 87' lang='grc' dir='ltr'>λογίων</span> <span class='ocrx_word' id='word_1_220' title='bbox 264 1039 397 1075; x_wconf 82' lang='grc' dir='ltr'>ὑμνεῖται,</span> <span class='ocrx_word' id='word_1_221' title='bbox 418 1043 544 1079; x_wconf 84' lang='grc' dir='ltr'>κρατῆρα</span> <span class='ocrx_word' id='word_1_222' title='bbox 559 1046 690 1080; x_wconf 86' lang='grc' dir='ltr'>μυστικὸν</span> <span class='ocrx_word' id='word_1_223' title='bbox 706 1046 816 1079; x_wconf 71' lang='grc' dir='ltr'>ἑστῶσα,</span> <span class='ocrx_word' id='word_1_224' title='bbox 829 1036 878 1074; x_wconf 49' lang='grc' dir='ltr'>οιαὶ</span> 
     </span>
    </p>
   </div>
   <div class='ocr_carea' id='block_1_36' title="bbox 76 1081 877 1127">
    <p class='ocr_par' dir='ltr' id='par_1_36' title="bbox 76 1081 877 1127">
     <span class='ocr_line' id='line_1_36' title="bbox 76 1081 877 1127; baseline 0.016 -20"><span class='ocrx_word' id='word_1_225' title='bbox 76 1081 114 1107; x_wconf 76' lang='grc' dir='ltr'>τὸ</span> <span class='ocrx_word' id='word_1_226' title='bbox 135 1082 210 1118; x_wconf 77' lang='grc' dir='ltr'>ἱερὸν</span> <span class='ocrx_word' id='word_1_227' title='bbox 233 1083 316 1111; x_wconf 81' lang='grc' dir='ltr'>αὑτοῦ</span> <span class='ocrx_word' id='word_1_228' title='bbox 333 1086 408 1121; x_wconf 84' lang='grc' dir='ltr'>πόμα</span> <span class='ocrx_word' id='word_1_229' title='bbox 427 1088 580 1124; x_wconf 85' lang='grc' dir='ltr'>προχέουσα</span> <span class='ocrx_word' id='word_1_230' title='bbox 597 1090 631 1123; x_wconf 80' lang='grc' dir='ltr'><strong>⁵ο,</strong></span> <span class='ocrx_word' id='word_1_231' title='bbox 651 1091 750 1126; x_wconf 85' lang='grc' dir='ltr'>μᾶλλον</span> <span class='ocrx_word' id='word_1_232' title='bbox 770 1092 799 1119; x_wconf 81' lang='grc' dir='ltr'>δὲ</span> <span class='ocrx_word' id='word_1_233' title='bbox 824 1093 877 1127; x_wconf 82' lang='grc' dir='ltr'><strong>πρὸ</strong></span> 
     </span>
    </p>
   </div>
   <div class='ocr_carea' id='block_1_37' title="bbox 77 1129 877 1175">
    <p class='ocr_par' dir='ltr' id='par_1_37' title="bbox 77 1129 877 1175">
     <span class='ocr_line' id='line_1_37' title="bbox 77 1129 877 1175; baseline 0.015 -20"><span class='ocrx_word' id='word_1_234' title='bbox 77 1129 189 1156; x_wconf 78' lang='grc' dir='ltr'>τούτων</span> <span class='ocrx_word' id='word_1_235' title='bbox 211 1130 260 1163; x_wconf 89' lang='grc' dir='ltr'>τὰς</span> <span class='ocrx_word' id='word_1_236' title='bbox 285 1133 398 1167; x_wconf 78' lang='grc' dir='ltr'>στερεάς</span> <span class='ocrx_word' id='word_1_237' title='bbox 420 1135 525 1170; x_wconf 84' lang='grc' dir='ltr'>τροφὰς</span> <span class='ocrx_word' id='word_1_238' title='bbox 548 1137 717 1172; x_wconf 85' lang='grc' dir='ltr'>προτιθεῖσα,</span> <span class='ocrx_word' id='word_1_239' title='bbox 739 1139 786 1166; x_wconf 76' lang='grc' dir='ltr'><strong>καὶ</strong></span> <span class='ocrx_word' id='word_1_240' title='bbox 808 1140 877 1175; x_wconf 84' lang='grc' dir='ltr'><strong>μετά</strong></span> 
     </span>
    </p>
   </div>
   <div class='ocr_carea' id='block_1_38' title="bbox 79 1175 876 1221">
    <p class='ocr_par' dir='ltr' id='par_1_38' title="bbox 79 1175 876 1221">
     <span class='ocr_line' id='line_1_38' title="bbox 79 1175 876 1221; baseline 0.016 -20"><span class='ocrx_word' id='word_1_241' title='bbox 79 1175 190 1211; x_wconf 74' lang='grc' dir='ltr'>ὑψηλοῦ</span> <span class='ocrx_word' id='word_1_242' title='bbox 210 1177 385 1214; x_wconf 83' lang='grc' dir='ltr'><strong>κηρύγματος</strong></span> <span class='ocrx_word' id='word_1_243' title='bbox 400 1181 467 1217; x_wconf 84' lang='grc' dir='ltr'>αὑτὴ</span> <span class='ocrx_word' id='word_1_244' title='bbox 484 1182 538 1209; x_wconf 88' lang='grc' dir='ltr'><strong>τῶν</strong></span> <span class='ocrx_word' id='word_1_245' title='bbox 558 1183 692 1219; x_wconf 85' lang='grc' dir='ltr'>δεομένων</span> <span class='ocrx_word' id='word_1_246' title='bbox 706 1185 790 1221; x_wconf 82' lang='grc' dir='ltr'>αὐτῆς</span> <span class='ocrx_word' id='word_1_247' title='bbox 806 1186 876 1220; x_wconf 83' lang='grc' dir='ltr'>ἀγα-</span> 
     </span>
    </p>
   </div>
   <div class='ocr_carea' id='block_1_39' title="bbox 80 1221 876 1267">
    <p class='ocr_par' dir='ltr' id='par_1_39' title="bbox 80 1221 876 1267">
     <span class='ocr_line' id='line_1_39' title="bbox 80 1221 876 1267; baseline 0.016 -20"><span class='ocrx_word' id='word_1_248' title='bbox 80 1221 232 1258; x_wconf 83' lang='grc' dir='ltr'>θοπρεπῶς</span> <span class='ocrx_word' id='word_1_249' title='bbox 242 1224 389 1260; x_wconf 80' lang='grc' dir='ltr'>ἐφιεμένην</span> <span class='ocrx_word' id='word_1_250' title='bbox 403 1227 436 1253; x_wconf 84' lang='grc'><strong>⁸¹.</strong></span> <span class='ocrx_word' id='word_1_251' title='bbox 452 1228 548 1264; x_wconf 85' lang='grc' dir='ltr'>Διττὴν</span> <span class='ocrx_word' id='word_1_252' title='bbox 561 1227 607 1256; x_wconf 76' lang='grc' dir='ltr'>οὖν</span> <span class='ocrx_word' id='word_1_253' title='bbox 622 1230 671 1266; x_wconf 79' lang='grc' dir='ltr'><strong>τὴν</strong></span> <span class='ocrx_word' id='word_1_254' title='bbox 679 1231 805 1267; x_wconf 83' lang='grc' dir='ltr'>τροφὴνή</span> <span class='ocrx_word' id='word_1_255' title='bbox 817 1232 876 1260; x_wconf 87' lang='grc' dir='ltr'>θεία</span> 
     </span>
    </p>
   </div>
   <div class='ocr_carea' id='block_1_40' title="bbox 81 1268 875 1314">
    <p class='ocr_par' dir='ltr' id='par_1_40' title="bbox 81 1268 875 1314">
     <span class='ocr_line' id='line_1_40' title="bbox 81 1268 875 1314; baseline 0.015 -21"><span class='ocrx_word' id='word_1_256' title='bbox 81 1268 169 1302; x_wconf 82' lang='grc' dir='ltr'>σοφία</span> <span class='ocrx_word' id='word_1_257' title='bbox 189 1269 340 1305; x_wconf 82' lang='grc' dir='ltr'>προτίθησι,</span> <span class='ocrx_word' id='word_1_258' title='bbox 360 1271 409 1308; x_wconf 88' lang='grc' dir='ltr'><strong>τὴν</strong></span> <span class='ocrx_word' id='word_1_259' title='bbox 431 1273 480 1308; x_wconf 84' lang='grc' dir='ltr'>μὲν</span> <span class='ocrx_word' id='word_1_260' title='bbox 495 1274 608 1310; x_wconf 87' lang='grc' dir='ltr'>στερεὰν</span> <span class='ocrx_word' id='word_1_261' title='bbox 621 1276 668 1302; x_wconf 77' lang='grc' dir='ltr'>καὶ</span> <span class='ocrx_word' id='word_1_262' title='bbox 688 1277 810 1312; x_wconf 81' lang='grc' dir='ltr'>μόνιμον,</span> <span class='ocrx_word' id='word_1_263' title='bbox 826 1278 875 1314; x_wconf 88' lang='grc' dir='ltr'><strong>τὴν</strong></span> 
     </span>
    </p>
   </div>
   <div class='ocr_carea' id='block_1_41' title="bbox 79 1314 876 1359">
    <p class='ocr_par' dir='ltr' id='par_1_41' title="bbox 79 1314 876 1359">
     <span class='ocr_line' id='line_1_41' title="bbox 79 1314 876 1359; baseline 0.014 -19"><span class='ocrx_word' id='word_1_264' title='bbox 79 1314 113 1340; x_wconf 83' lang='grc' dir='ltr'><strong>δὲ</strong></span> <span class='ocrx_word' id='word_1_265' title='bbox 123 1314 213 1349; x_wconf 76' lang='grc' dir='ltr'>ὑγρὰν</span> <span class='ocrx_word' id='word_1_266' title='bbox 222 1316 268 1342; x_wconf 74' lang='grc' dir='ltr'><strong>καὶ</strong></span> <span class='ocrx_word' id='word_1_267' title='bbox 282 1318 469 1354; x_wconf 87' lang='grc' dir='ltr'>προχεομένην</span> <span class='ocrx_word' id='word_1_268' title='bbox 478 1328 485 1334; x_wconf 94' lang='grc'><strong>·</strong></span> <span class='ocrx_word' id='word_1_269' title='bbox 502 1320 549 1347; x_wconf 79' lang='grc' dir='ltr'>καὶ</span> <span class='ocrx_word' id='word_1_270' title='bbox 565 1321 612 1348; x_wconf 80' lang='grc' dir='ltr'>ἐπὶ</span> <span class='ocrx_word' id='word_1_271' title='bbox 631 1323 750 1358; x_wconf 81' lang='grc' dir='ltr'>κρατῆρι</span> <span class='ocrx_word' id='word_1_272' title='bbox 763 1325 876 1359; x_wconf 85' lang='grc' dir='ltr'>χορηγεῖ</span> 
     </span>
    </p>
   </div>
   <div class='ocr_carea' id='block_1_42' title="bbox 79 1359 874 1406">
    <p class='ocr_par' dir='ltr' id='par_1_42' title="bbox 79 1359 874 1406">
     <span class='ocr_line' id='line_1_42' title="bbox 79 1359 874 1406; baseline 0.015 -21"><span class='ocrx_word' id='word_1_273' title='bbox 79 1359 136 1406; x_wconf 80' lang='grc' dir='ltr'><strong>τάς</strong></span> <span class='ocrx_word' id='word_1_274' title='bbox 144 1362 326 1397; x_wconf 85' lang='grc' dir='ltr'>προνοητικάς</span> <span class='ocrx_word' id='word_1_275' title='bbox 338 1363 423 1399; x_wconf 82' lang='grc' dir='ltr'>αὐτῆς</span> <span class='ocrx_word' id='word_1_276' title='bbox 434 1365 614 1402; x_wconf 84' lang='grc' dir='ltr'>ἀγαθότητας.</span> <span class='ocrx_word' id='word_1_277' title='bbox 637 1368 665 1395; x_wconf 91' lang='lat'><strong>&#39;0</strong></span> <span class='ocrx_word' id='word_1_278' title='bbox 681 1369 729 1404; x_wconf 79' lang='grc' dir='ltr'>μὲν</span> <span class='ocrx_word' id='word_1_279' title='bbox 745 1367 791 1396; x_wconf 86' lang='grc' dir='ltr'><strong>οὖν</strong></span> <span class='ocrx_word' id='word_1_280' title='bbox 805 1378 874 1406; x_wconf 90' lang='grc' dir='ltr'>κρα-</span> 
     </span>
    </p>
   </div>
   <div class='ocr_carea' id='block_1_43' title="bbox 81 1405 874 1449">
    <p class='ocr_par' dir='ltr' id='par_1_43' title="bbox 81 1405 874 1449">
     <span class='ocr_line' id='line_1_43' title="bbox 81 1405 874 1449; baseline 0.015 -19"><span class='ocrx_word' id='word_1_281' title='bbox 81 1405 150 1440; x_wconf 84' lang='grc' dir='ltr'>τὴρ,</span> <span class='ocrx_word' id='word_1_282' title='bbox 173 1407 323 1443; x_wconf 83' lang='grc' dir='ltr'>περιφερὴς</span> <span class='ocrx_word' id='word_1_283' title='bbox 341 1407 378 1436; x_wconf 84' lang='grc' dir='ltr'><strong>ὢν</strong></span> <span class='ocrx_word' id='word_1_284' title='bbox 402 1410 449 1436; x_wconf 82' lang='grc' dir='ltr'><strong>καὶ</strong></span> <span class='ocrx_word' id='word_1_285' title='bbox 472 1411 713 1447; x_wconf 80' lang='grc' dir='ltr'>ἀναπεπταμένος,</span> <span class='ocrx_word' id='word_1_286' title='bbox 742 1405 874 1449; x_wconf 81' lang='grc' dir='ltr'>σύμϐολον</span> 
     </span>
    </p>
   </div>
   <div class='ocr_carea' id='block_1_44' title="bbox 81 1450 874 1496">
    <p class='ocr_par' dir='ltr' id='par_1_44' title="bbox 81 1450 874 1496">
     <span class='ocr_line' id='line_1_44' title="bbox 81 1450 874 1496; baseline 0.015 -20"><span class='ocrx_word' id='word_1_287' title='bbox 81 1450 157 1477; x_wconf 71' lang='grc' dir='ltr'>ἔστω</span> <span class='ocrx_word' id='word_1_288' title='bbox 174 1452 224 1488; x_wconf 87' lang='grc' dir='ltr'><strong>τῆς</strong></span> <span class='ocrx_word' id='word_1_289' title='bbox 241 1453 439 1492; x_wconf 83' lang='grc' dir='ltr'>ἀνηπλωμένης</span> <span class='ocrx_word' id='word_1_290' title='bbox 456 1456 514 1491; x_wconf 73' lang='grc' dir='ltr'>ἅμα</span> <span class='ocrx_word' id='word_1_291' title='bbox 528 1457 574 1484; x_wconf 76' lang='grc' dir='ltr'><strong>καὶ</strong></span> <span class='ocrx_word' id='word_1_292' title='bbox 590 1458 635 1485; x_wconf 73' lang='grc' dir='ltr'><strong>ἐπὶ</strong></span> <span class='ocrx_word' id='word_1_293' title='bbox 657 1459 744 1486; x_wconf 85' lang='grc' dir='ltr'>πάντα</span> <span class='ocrx_word' id='word_1_294' title='bbox 761 1469 874 1496; x_wconf 85' lang='grc' dir='ltr'>περιπο-</span> 
     </span>
    </p>
   </div>
   <div class='ocr_carea' id='block_1_45' title="bbox 84 1497 873 1543">
    <p class='ocr_par' dir='ltr' id='par_1_45' title="bbox 84 1497 873 1543">
     <span class='ocr_line' id='line_1_45' title="bbox 84 1497 873 1543; baseline 0.013 -20"><span class='ocrx_word' id='word_1_295' title='bbox 84 1497 237 1534; x_wconf 82' lang='grc' dir='ltr'>ρευομένης</span> <span class='ocrx_word' id='word_1_296' title='bbox 251 1499 368 1537; x_wconf 88' lang='grc' dir='ltr'>ἀνάρχου</span> <span class='ocrx_word' id='word_1_297' title='bbox 388 1501 434 1528; x_wconf 81' lang='grc' dir='ltr'><strong>καὶ</strong></span> <span class='ocrx_word' id='word_1_298' title='bbox 450 1502 628 1540; x_wconf 84' lang='grc' dir='ltr'>ἀτελευτήτου</span> <span class='ocrx_word' id='word_1_299' title='bbox 647 1505 700 1532; x_wconf 87' lang='grc' dir='ltr'><strong>τῶν</strong></span> <span class='ocrx_word' id='word_1_300' title='bbox 719 1505 787 1532; x_wconf 82' lang='grc' dir='ltr'>ὅλων</span> <span class='ocrx_word' id='word_1_301' title='bbox 806 1515 873 1543; x_wconf 87' lang='grc' dir='ltr'>προ-</span> 
     </span>
    </p>
   </div>
   <div class='ocr_carea' id='block_1_46' title="bbox 81 1543 872 1587">
    <p class='ocr_par' dir='ltr' id='par_1_46' title="bbox 81 1543 872 1587">
     <span class='ocr_line' id='line_1_46' title="bbox 81 1543 872 1587; baseline 0.014 -19"><span class='ocrx_word' id='word_1_302' title='bbox 81 1543 170 1576; x_wconf 68' lang='grc' dir='ltr'><strong>νοίαςι</strong></span> <span class='ocrx_word' id='word_1_303' title='bbox 184 1543 256 1580; x_wconf 81' lang='grc' dir='ltr'>Πλὴν</span> <span class='ocrx_word' id='word_1_304' title='bbox 274 1545 366 1581; x_wconf 80' lang='grc' dir='ltr'>ἐπειδὴ</span> <span class='ocrx_word' id='word_1_305' title='bbox 382 1547 429 1573; x_wconf 82' lang='grc' dir='ltr'>καὶ</span> <span class='ocrx_word' id='word_1_306' title='bbox 439 1548 485 1574; x_wconf 76' lang='grc' dir='ltr'><strong>ἐπὶ</strong></span> <span class='ocrx_word' id='word_1_307' title='bbox 498 1548 586 1576; x_wconf 85' lang='grc' dir='ltr'>πάντα</span> <span class='ocrx_word' id='word_1_308' title='bbox 599 1550 740 1586; x_wconf 85' lang='grc' dir='ltr'>προϊοῦσα,</span> <span class='ocrx_word' id='word_1_309' title='bbox 758 1552 832 1587; x_wconf 86' lang='grc' dir='ltr'>μένει</span> <span class='ocrx_word' id='word_1_310' title='bbox 843 1553 872 1579; x_wconf 81' lang='grc' dir='ltr'><strong>ἐν</strong></span> 
     </span>
    </p>
   </div>
   <div class='ocr_carea' id='block_1_47' title="bbox 83 1589 871 1633">
    <p class='ocr_par' dir='ltr' id='par_1_47' title="bbox 83 1589 871 1633">
     <span class='ocr_line' id='line_1_47' title="bbox 83 1589 871 1633; baseline 0.016 -19"><span class='ocrx_word' id='word_1_311' title='bbox 83 1589 170 1630; x_wconf 65' lang='grc' dir='ltr'>ἑαυτῇ</span> <span class='ocrx_word' id='word_1_312' title='bbox 182 1591 227 1617; x_wconf 78' lang='grc' dir='ltr'><strong>καὶ</strong></span> <span class='ocrx_word' id='word_1_313' title='bbox 240 1591 354 1629; x_wconf 73' lang='grc' dir='ltr'>ἕστηκεν</span> <span class='ocrx_word' id='word_1_314' title='bbox 370 1594 399 1620; x_wconf 90' lang='grc' dir='ltr'>ὲν</span> <span class='ocrx_word' id='word_1_315' title='bbox 411 1594 531 1631; x_wconf 85' lang='grc' dir='ltr'>ἀκινήτῳ</span> <span class='ocrx_word' id='word_1_316' title='bbox 545 1597 699 1633; x_wconf 83' lang='grc' dir='ltr'>ταύτότητι,</span> <span class='ocrx_word' id='word_1_317' title='bbox 715 1598 761 1625; x_wconf 78' lang='grc' dir='ltr'><strong>καὶ</strong></span> <span class='ocrx_word' id='word_1_318' title='bbox 772 1608 871 1627; x_wconf 87' lang='grc' dir='ltr'>παντε-</span> 
     </span>
    </p>
   </div>
   <div class='ocr_carea' id='block_1_48' title="bbox 82 1634 870 1681">
    <p class='ocr_par' dir='ltr' id='par_1_48' title="bbox 82 1634 870 1681">
     <span class='ocr_line' id='line_1_48' title="bbox 82 1634 870 1681; baseline 0.015 -21"><span class='ocrx_word' id='word_1_319' title='bbox 82 1634 139 1666; x_wconf 87' lang='grc' dir='ltr'><strong>λῶς</strong></span> <span class='ocrx_word' id='word_1_320' title='bbox 153 1636 338 1673; x_wconf 82' lang='grc' dir='ltr'>ἀνεκφοιτήτῳ</span> <span class='ocrx_word' id='word_1_321' title='bbox 347 1639 445 1675; x_wconf 80' lang='grc' dir='ltr'>ἑαυτῆς</span> <span class='ocrx_word' id='word_1_322' title='bbox 456 1640 595 1678; x_wconf 85' lang='grc' dir='ltr'>ἱδρυμένη,</span> <span class='ocrx_word' id='word_1_323' title='bbox 611 1643 731 1678; x_wconf 79' lang='grc' dir='ltr'>μονίμως</span> <span class='ocrx_word' id='word_1_324' title='bbox 746 1645 792 1671; x_wconf 78' lang='grc' dir='ltr'>καὶ</span> <span class='ocrx_word' id='word_1_325' title='bbox 801 1645 870 1681; x_wconf 88' lang='grc' dir='ltr'>ἀρα-</span> 
     </span>
    </p>
   </div>
   <div class='ocr_carea' id='block_1_49' title="bbox 929 1046 1714 1094">
    <p class='ocr_par' dir='ltr' id='par_1_49' title="bbox 929 1046 1714 1094">
     <span class='ocr_line' id='line_1_49' title="bbox 929 1046 1714 1094; baseline 0.003 -21"><span class='ocrx_word' id='word_1_326' title='bbox 929 1046 1046 1094; x_wconf 64' lang='lat' dir='ltr'><strong>beni§na</strong></span> <span class='ocrx_word' id='word_1_327' title='bbox 1069 1047 1204 1082; x_wconf 88' lang='lat' dir='ltr'><strong>sapientia</strong></span> <span class='ocrx_word' id='word_1_328' title='bbox 1221 1047 1256 1083; x_wconf 79' lang='lat' dir='ltr'><strong>_in</strong></span> <span class='ocrx_word' id='word_1_329' title='bbox 1291 1048 1408 1082; x_wconf 87' lang='lat' dir='ltr'><strong>eloquiis</strong></span> <span class='ocrx_word' id='word_1_330' title='bbox 1427 1047 1528 1076; x_wconf 86' lang='lat' dir='ltr'><strong>divinis</strong></span> <span class='ocrx_word' id='word_1_331' title='bbox 1552 1047 1714 1083; x_wconf 86' lang='lat' dir='ltr'><strong>perhibetur</strong></span> 
     </span>
    </p>
   </div>
   <div class='ocr_carea' id='block_1_50' title="bbox 927 1093 1713 1130">
    <p class='ocr_par' dir='ltr' id='par_1_50' title="bbox 927 1093 1713 1130">
     <span class='ocr_line' id='line_1_50' title="bbox 927 1093 1713 1130; baseline 0.004 -10"><span class='ocrx_word' id='word_1_332' title='bbox 927 1097 1062 1120; x_wconf 86' lang='lat' dir='ltr'><strong>craterem</strong></span> <span class='ocrx_word' id='word_1_333' title='bbox 1078 1093 1224 1128; x_wconf 83' lang='lat' dir='ltr'><strong>mysticum</strong></span> <span class='ocrx_word' id='word_1_334' title='bbox 1243 1101 1407 1129; x_wconf 88' lang='lat' dir='ltr'><strong>proponere,</strong></span> <span class='ocrx_word' id='word_1_335' title='bbox 1423 1100 1456 1121; x_wconf 89' lang='lat' dir='ltr'><strong>ac</strong></span> <span class='ocrx_word' id='word_1_336' title='bbox 1471 1101 1577 1122; x_wconf 86' lang='lat' dir='ltr'><strong>sacram</strong></span> <span class='ocrx_word' id='word_1_337' title='bbox 1593 1094 1651 1130; x_wconf 87' lang='lat' dir='ltr'><strong>ejus</strong></span> <span class='ocrx_word' id='word_1_338' title='bbox 1664 1103 1713 1130; x_wconf 88' lang='lat' dir='ltr'><strong>po-</strong></span> 
     </span>
    </p>
   </div>
   <div class='ocr_carea' id='block_1_51' title="bbox 928 1138 1713 1177">
    <p class='ocr_par' dir='ltr' id='par_1_51' title="bbox 928 1138 1713 1177">
     <span class='ocr_line' id='line_1_51' title="bbox 928 1138 1713 1177; baseline 0.006 -12"><span class='ocrx_word' id='word_1_339' title='bbox 928 1138 1028 1166; x_wconf 84' lang='lat' dir='ltr'><strong>tionem</strong></span> <span class='ocrx_word' id='word_1_340' title='bbox 1041 1139 1197 1174; x_wconf 86' lang='lat' dir='ltr'><strong>propinare,</strong></span> <span class='ocrx_word' id='word_1_341' title='bbox 1214 1139 1293 1174; x_wconf 87' lang='lat' dir='ltr'><strong>prius</strong></span> <span class='ocrx_word' id='word_1_342' title='bbox 1310 1144 1401 1167; x_wconf 86' lang='lat' dir='ltr'><strong>tamen</strong></span> <span class='ocrx_word' id='word_1_343' title='bbox 1419 1140 1496 1168; x_wconf 84' lang='lat' dir='ltr'><strong>cibos</strong></span> <span class='ocrx_word' id='word_1_344' title='bbox 1511 1140 1612 1169; x_wconf 89' lang='lat' dir='ltr'><strong>solidos</strong></span> <span class='ocrx_word' id='word_1_345' title='bbox 1628 1149 1713 1177; x_wconf 89' lang='lat' dir='ltr'><strong>appo-</strong></span> 
     </span>
    </p>
   </div>
   <div class='ocr_carea' id='block_1_52' title="bbox 927 1185 1713 1221">
    <p class='ocr_par' dir='ltr' id='par_1_52' title="bbox 927 1185 1713 1221">
     <span class='ocr_line' id='line_1_52' title="bbox 927 1185 1713 1221; baseline 0.005 -10"><span class='ocrx_word' id='word_1_346' title='bbox 927 1191 1003 1216; x_wconf 91' lang='lat' dir='ltr'><strong>nere,</strong></span> <span class='ocrx_word' id='word_1_347' title='bbox 1017 1188 1100 1218; x_wconf 84' lang='lat' dir='ltr'><strong>atque</strong></span> <span class='ocrx_word' id='word_1_348' title='bbox 1114 1185 1185 1212; x_wconf 88' lang='lat' dir='ltr'><strong>elata</strong></span> <span class='ocrx_word' id='word_1_349' title='bbox 1200 1193 1269 1213; x_wconf 88' lang='lat' dir='ltr'><strong>voce</strong></span> <span class='ocrx_word' id='word_1_350' title='bbox 1282 1193 1377 1214; x_wconf 89' lang='lat' dir='ltr'><strong>omnes</strong></span> <span class='ocrx_word' id='word_1_351' title='bbox 1389 1185 1447 1220; x_wconf 86' lang='lat' dir='ltr'><strong>ejus</strong></span> <span class='ocrx_word' id='word_1_352' title='bbox 1461 1186 1567 1221; x_wconf 76' lang='lat' dir='ltr'><strong>indigos</strong></span> <span class='ocrx_word' id='word_1_353' title='bbox 1579 1186 1713 1216; x_wconf 84' lang='lat' dir='ltr'><strong>benevole</strong></span> 
     </span>
    </p>
   </div>
   <div class='ocr_carea' id='block_1_53' title="bbox 926 1230 1713 1267">
    <p class='ocr_par' dir='ltr' id='par_1_53' title="bbox 926 1230 1713 1267">
     <span class='ocr_line' id='line_1_53' title="bbox 926 1230 1713 1267; baseline 0.001 -9"><span class='ocrx_word' id='word_1_354' title='bbox 926 1231 1054 1258; x_wconf 89' lang='lat' dir='ltr'><strong>invitare.</strong></span> <span class='ocrx_word' id='word_1_355' title='bbox 1071 1230 1208 1265; x_wconf 90' lang='lat' dir='ltr'><strong>Duplicem</strong></span> <span class='ocrx_word' id='word_1_356' title='bbox 1218 1238 1284 1266; x_wconf 74' lang='lat' dir='ltr'><strong>ergo</strong></span> <span class='ocrx_word' id='word_1_357' title='bbox 1293 1238 1383 1259; x_wconf 84' lang='lat' dir='ltr'><strong>escam</strong></span> <span class='ocrx_word' id='word_1_358' title='bbox 1392 1231 1482 1258; x_wconf 85' lang='lat' dir='ltr'><strong>divina</strong></span> <span class='ocrx_word' id='word_1_359' title='bbox 1499 1231 1634 1266; x_wconf 86' lang='lat' dir='ltr'><strong>sapientia</strong></span> <span class='ocrx_word' id='word_1_360' title='bbox 1649 1239 1713 1267; x_wconf 89' lang='lat' dir='ltr'><strong>pro-</strong></span> 
     </span>
    </p>
   </div>
   <div class='ocr_carea' id='block_1_54' title="bbox 926 1277 1712 1312">
    <p class='ocr_par' dir='ltr' id='par_1_54' title="bbox 926 1277 1712 1312">
     <span class='ocr_line' id='line_1_54' title="bbox 926 1277 1712 1312; baseline 0.001 -8"><span class='ocrx_word' id='word_1_361' title='bbox 926 1277 1014 1312; x_wconf 86' lang='lat' dir='ltr'><strong>ponit,</strong></span> <span class='ocrx_word' id='word_1_362' title='bbox 1031 1277 1223 1305; x_wconf 84' lang='lat' dir='ltr'><strong>scilicetunam</strong></span> <span class='ocrx_word' id='word_1_363' title='bbox 1238 1277 1352 1305; x_wconf 89' lang='lat' dir='ltr'><strong>solidam</strong></span> <span class='ocrx_word' id='word_1_364' title='bbox 1362 1281 1444 1312; x_wconf 89' lang='lat' dir='ltr'><strong>atque</strong></span> <span class='ocrx_word' id='word_1_365' title='bbox 1458 1277 1621 1309; x_wconf 81' lang='lat' dir='ltr'><strong>durabilem,</strong></span> <span class='ocrx_word' id='word_1_366' title='bbox 1631 1277 1712 1305; x_wconf 87' lang='lat' dir='ltr'><strong>aliam</strong></span> 
     </span>
    </p>
   </div>
   <div class='ocr_carea' id='block_1_55' title="bbox 924 1324 1713 1360">
    <p class='ocr_par' dir='ltr' id='par_1_55' title="bbox 924 1324 1713 1360">
     <span class='ocr_line' id='line_1_55' title="bbox 924 1324 1713 1360; baseline 0.001 -10"><span class='ocrx_word' id='word_1_367' title='bbox 924 1331 990 1351; x_wconf 86' lang='lat' dir='ltr'><strong>vero</strong></span> <span class='ocrx_word' id='word_1_368' title='bbox 1005 1324 1133 1359; x_wconf 89' lang='lat' dir='ltr'><strong>liquidam</strong></span> <span class='ocrx_word' id='word_1_369' title='bbox 1150 1332 1183 1352; x_wconf 86' lang='lat' dir='ltr'><strong>ac</strong></span> <span class='ocrx_word' id='word_1_370' title='bbox 1196 1324 1304 1352; x_wconf 82' lang='lat' dir='ltr'><strong>fusilem</strong></span> <span class='ocrx_word' id='word_1_371' title='bbox 1327 1325 1355 1352; x_wconf 93' lang='lat' dir='ltr'><strong>in</strong></span> <span class='ocrx_word' id='word_1_372' title='bbox 1375 1328 1484 1352; x_wconf 85' lang='lat' dir='ltr'><strong>cratere</strong></span> <span class='ocrx_word' id='word_1_373' title='bbox 1498 1325 1635 1359; x_wconf 89' lang='lat' dir='ltr'><strong>propinat,</strong></span> <span class='ocrx_word' id='word_1_374' title='bbox 1651 1332 1713 1360; x_wconf 74' lang='lat' dir='ltr'><strong>qua:</strong></span> 
     </span>
    </p>
   </div>
   <div class='ocr_carea' id='block_1_56' title="bbox 924 1370 1713 1407">
    <p class='ocr_par' dir='ltr' id='par_1_56' title="bbox 924 1370 1713 1407">
     <span class='ocr_line' id='line_1_56' title="bbox 924 1370 1713 1407; baseline 0.001 -10"><span class='ocrx_word' id='word_1_375' title='bbox 924 1370 1061 1398; x_wconf 86' lang='lat' dir='ltr'><strong>bcnelicas</strong></span> <span class='ocrx_word' id='word_1_376' title='bbox 1071 1370 1132 1406; x_wconf 88' lang='lat' dir='ltr'><strong>ejus</strong></span> <span class='ocrx_word' id='word_1_377' title='bbox 1146 1371 1334 1406; x_wconf 89' lang='lat' dir='ltr'><strong>providentias</strong></span> <span class='ocrx_word' id='word_1_378' title='bbox 1346 1371 1501 1407; x_wconf 75' lang='lat' dir='ltr'><strong>designant.</strong></span> <span class='ocrx_word' id='word_1_379' title='bbox 1515 1370 1613 1398; x_wconf 88' lang='lat' dir='ltr'><strong>Crater</strong></span> <span class='ocrx_word' id='word_1_380' title='bbox 1628 1371 1713 1406; x_wconf 76' lang='lat' dir='ltr'><strong>igitur</strong></span> 
     </span>
    </p>
   </div>
   <div class='ocr_carea' id='block_1_57' title="bbox 925 1416 1713 1453">
    <p class='ocr_par' dir='ltr' id='par_1_57' title="bbox 925 1416 1713 1453">
     <span class='ocr_line' id='line_1_57' title="bbox 925 1416 1713 1453; baseline 0.003 -10"><span class='ocrx_word' id='word_1_381' title='bbox 925 1423 987 1443; x_wconf 89' lang='lat' dir='ltr'><strong>cum</strong></span> <span class='ocrx_word' id='word_1_382' title='bbox 1004 1416 1041 1444; x_wconf 92' lang='lat' dir='ltr'><strong>sit</strong></span> <span class='ocrx_word' id='word_1_383' title='bbox 1056 1416 1190 1444; x_wconf 88' lang='lat' dir='ltr'><strong>rotundus</strong></span> <span class='ocrx_word' id='word_1_384' title='bbox 1210 1421 1239 1445; x_wconf 91' lang='lat' dir='ltr'><strong>et</strong></span> <span class='ocrx_word' id='word_1_385' title='bbox 1263 1421 1385 1452; x_wconf 88' lang='lat' dir='ltr'><strong>apertus,</strong></span> <span class='ocrx_word' id='word_1_386' title='bbox 1401 1417 1552 1453; x_wconf 87' lang='lat' dir='ltr'><strong>symbolum</strong></span> <span class='ocrx_word' id='word_1_387' title='bbox 1570 1422 1613 1445; x_wconf 89' lang='lat' dir='ltr'><strong>est</strong></span> <span class='ocrx_word' id='word_1_388' title='bbox 1630 1425 1713 1453; x_wconf 77' lang='lat' dir='ltr'><strong>gene-</strong></span> 
     </span>
    </p>
   </div>
   <div class='ocr_carea' id='block_1_58' title="bbox 924 1460 1713 1498">
    <p class='ocr_par' dir='ltr' id='par_1_58' title="bbox 924 1460 1713 1498">
     <span class='ocr_line' id='line_1_58' title="bbox 924 1460 1713 1498; baseline 0.004 -11"><span class='ocrx_word' id='word_1_389' title='bbox 924 1460 989 1488; x_wconf 87' lang='lat' dir='ltr'><strong>ralis</strong></span> <span class='ocrx_word' id='word_1_390' title='bbox 1001 1461 1179 1496; x_wconf 71' lang='lat' dir='ltr'><strong>providentize</strong></span> <span class='ocrx_word' id='word_1_391' title='bbox 1187 1468 1248 1497; x_wconf 71' lang='lat' dir='ltr'><strong>qua:</strong></span> <span class='ocrx_word' id='word_1_392' title='bbox 1261 1461 1397 1498; x_wconf 87' lang='lat' dir='ltr'><strong>principio</strong></span> <span class='ocrx_word' id='word_1_393' title='bbox 1409 1462 1518 1498; x_wconf 85' lang='lat' dir='ltr'><strong>ﬁneque</strong></span> <span class='ocrx_word' id='word_1_394' title='bbox 1529 1467 1616 1496; x_wconf 89' lang='lat' dir='ltr'><strong>caret,</strong></span> <span class='ocrx_word' id='word_1_395' title='bbox 1629 1468 1713 1498; x_wconf 86' lang='lat' dir='ltr'><strong>atque</strong></span> 
     </span>
    </p>
   </div>
   <div class='ocr_carea' id='block_1_59' title="bbox 923 1507 1711 1544">
    <p class='ocr_par' dir='ltr' id='par_1_59' title="bbox 923 1507 1711 1544">
     <span class='ocr_line' id='line_1_59' title="bbox 923 1507 1711 1544; baseline 0.003 -10"><span class='ocrx_word' id='word_1_396' title='bbox 923 1507 1016 1535; x_wconf 92' lang='lat' dir='ltr'><strong>omnia</strong></span> <span class='ocrx_word' id='word_1_397' title='bbox 1031 1507 1152 1535; x_wconf 89' lang='lat' dir='ltr'><strong>continet</strong></span> <span class='ocrx_word' id='word_1_398' title='bbox 1166 1512 1358 1543; x_wconf 88' lang='lat' dir='ltr'><strong>penetratque.</strong></span> <span class='ocrx_word' id='word_1_399' title='bbox 1385 1507 1439 1536; x_wconf 88' lang='lat' dir='ltr'><strong>Sed</strong></span> <span class='ocrx_word' id='word_1_400' title='bbox 1451 1509 1580 1544; x_wconf 88' lang='lat' dir='ltr'><strong>quoniam</strong></span> <span class='ocrx_word' id='word_1_401' title='bbox 1597 1508 1660 1536; x_wconf 92' lang='lat' dir='ltr'><strong>dum</strong></span> <span class='ocrx_word' id='word_1_402' title='bbox 1675 1508 1711 1536; x_wconf 85' lang='lat' dir='ltr'><strong>ad</strong></span> 
     </span>
    </p>
   </div>
   <div class='ocr_carea' id='block_1_60' title="bbox 923 1552 1711 1589">
    <p class='ocr_par' dir='ltr' id='par_1_60' title="bbox 923 1552 1711 1589">
     <span class='ocr_line' id='line_1_60' title="bbox 923 1552 1711 1589; baseline 0.003 -10"><span class='ocrx_word' id='word_1_403' title='bbox 923 1552 1014 1579; x_wconf 89' lang='lat' dir='ltr'><strong>omnia</strong></span> <span class='ocrx_word' id='word_1_404' title='bbox 1031 1552 1166 1587; x_wconf 89' lang='lat' dir='ltr'><strong>procedit,</strong></span> <span class='ocrx_word' id='word_1_405' title='bbox 1192 1553 1220 1580; x_wconf 94' lang='lat' dir='ltr'><strong>in</strong></span> <span class='ocrx_word' id='word_1_406' title='bbox 1247 1554 1394 1589; x_wconf 87' lang='lat' dir='ltr'><strong>semetipsa</strong></span> <span class='ocrx_word' id='word_1_407' title='bbox 1414 1560 1523 1589; x_wconf 90' lang='lat' dir='ltr'><strong>quoque</strong></span> <span class='ocrx_word' id='word_1_408' title='bbox 1543 1557 1644 1586; x_wconf 86' lang='lat' dir='ltr'><strong>manet,</strong></span> <span class='ocrx_word' id='word_1_409' title='bbox 1660 1553 1711 1581; x_wconf 76' lang='lat' dir='ltr'><strong>im-</strong></span> 
     </span>
    </p>
   </div>
   <div class='ocr_carea' id='block_1_61' title="bbox 923 1597 1711 1633">
    <p class='ocr_par' dir='ltr' id='par_1_61' title="bbox 923 1597 1711 1633">
     <span class='ocr_line' id='line_1_61' title="bbox 923 1597 1711 1633; baseline 0.001 -8"><span class='ocrx_word' id='word_1_410' title='bbox 923 1597 1028 1628; x_wconf 89' lang='lat' dir='ltr'><strong>mobili,</strong></span> <span class='ocrx_word' id='word_1_411' title='bbox 1043 1605 1058 1624; x_wconf 91' lang='lat' dir='ltr'><strong>a</strong></span> <span class='ocrx_word' id='word_1_412' title='bbox 1070 1605 1123 1632; x_wconf 90' lang='lat' dir='ltr'><strong>qua</strong></span> <span class='ocrx_word' id='word_1_413' title='bbox 1139 1605 1278 1633; x_wconf 85' lang='lat' dir='ltr'><strong>nunquam</strong></span> <span class='ocrx_word' id='word_1_414' title='bbox 1294 1598 1405 1632; x_wconf 80' lang='lat' dir='ltr'><strong>excidit,</strong></span> <span class='ocrx_word' id='word_1_415' title='bbox 1422 1598 1565 1626; x_wconf 88' lang='lat' dir='ltr'><strong>identitate</strong></span> <span class='ocrx_word' id='word_1_416' title='bbox 1582 1597 1711 1633; x_wconf 80' lang='lat' dir='ltr'><strong>formata,</strong></span> 
     </span>
    </p>
   </div>
   <div class='ocr_carea' id='block_1_62' title="bbox 923 1643 1711 1679">
    <p class='ocr_par' dir='ltr' id='par_1_62' title="bbox 923 1643 1711 1679">
     <span class='ocr_line' id='line_1_62' title="bbox 923 1643 1711 1679; baseline 0.001 -9"><span class='ocrx_word' id='word_1_417' title='bbox 923 1647 1014 1671; x_wconf 84' lang='lat' dir='ltr'><strong>crater</strong></span> <span class='ocrx_word' id='word_1_418' title='bbox 1028 1643 1111 1670; x_wconf 87' lang='lat' dir='ltr'><strong>etiam</strong></span> <span class='ocrx_word' id='word_1_419' title='bbox 1136 1647 1294 1671; x_wconf 88' lang='lat' dir='ltr'><strong>constanter</strong></span> <span class='ocrx_word' id='word_1_420' title='bbox 1305 1644 1432 1671; x_wconf 90' lang='lat' dir='ltr'><strong>immotus</strong></span> <span class='ocrx_word' id='word_1_421' title='bbox 1446 1643 1620 1679; x_wconf 88' lang='lat' dir='ltr'><strong>persistebat.</strong></span> <span class='ocrx_word' id='word_1_422' title='bbox 1639 1644 1711 1672; x_wconf 89' lang='lat' dir='ltr'><strong>Dici-</strong></span> 
     </span>
    </p>
   </div>
   <div class='ocr_carea' id='block_1_63' title="bbox 86 1682 872 1726">
    <p class='ocr_par' dir='ltr' id='par_1_63' title="bbox 86 1682 871 1725">
     <span class='ocr_line' id='line_1_63' title="bbox 86 1682 871 1725; baseline 0.014 -18"><span class='ocrx_word' id='word_1_423' title='bbox 86 1682 172 1722; x_wconf 78' lang='grc' dir='ltr'>ρότως</span> <span class='ocrx_word' id='word_1_424' title='bbox 185 1683 207 1699; x_wconf 82' lang='grc'><strong>⁵²</strong></span> <span class='ocrx_word' id='word_1_425' title='bbox 217 1684 298 1716; x_wconf 79' lang='grc' dir='ltr'>αὑτός</span> <span class='ocrx_word' id='word_1_426' title='bbox 309 1693 338 1711; x_wconf 87' lang='grc' dir='ltr'><strong>τε</strong></span> <span class='ocrx_word' id='word_1_427' title='bbox 352 1685 366 1710; x_wconf 91' lang='grc' dir='ltr'>ὁ</span> <span class='ocrx_word' id='word_1_428' title='bbox 381 1686 486 1721; x_wconf 82' lang='grc' dir='ltr'>κρατὴρ</span> <span class='ocrx_word' id='word_1_429' title='bbox 503 1687 626 1724; x_wconf 73' lang='grc' dir='ltr'>ἔστηκεν.</span> <span class='ocrx_word' id='word_1_430' title='bbox 643 1690 828 1725; x_wconf 72' lang='grc' dir='ltr'>Οἰκοδομοῦσα</span> <span class='ocrx_word' id='word_1_431' title='bbox 842 1692 871 1718; x_wconf 84' lang='grc' dir='ltr'><strong>δὲ</strong></span> 
     </span>
    </p>
   </div>
   <div class='ocr_carea' id='block_1_64' title="bbox 926 1682 1711 1726">
    <p class='ocr_par' dir='ltr' id='par_1_64' title="bbox 926 1689 1711 1726">
     <span class='ocr_line' id='line_1_64' title="bbox 926 1689 1711 1726; baseline 0.001 -9"><span class='ocrx_word' id='word_1_432' title='bbox 926 1695 968 1717; x_wconf 86' lang='lat' dir='ltr'><strong>tur</strong></span> <span class='ocrx_word' id='word_1_433' title='bbox 983 1694 1074 1717; x_wconf 89' lang='lat' dir='ltr'><strong>autem</strong></span> <span class='ocrx_word' id='word_1_434' title='bbox 1089 1689 1222 1725; x_wconf 88' lang='lat' dir='ltr'><strong>sapientia</strong></span> <span class='ocrx_word' id='word_1_435' title='bbox 1242 1690 1294 1718; x_wconf 84' lang='lat' dir='ltr'><strong>sibi</strong></span> <span class='ocrx_word' id='word_1_436' title='bbox 1312 1690 1422 1718; x_wconf 93' lang='lat' dir='ltr'><strong>domum</strong></span> <span class='ocrx_word' id='word_1_437' title='bbox 1446 1690 1596 1723; x_wconf 71' lang='lat' dir='ltr'><strong>aediﬁcare,</strong></span> <span class='ocrx_word' id='word_1_438' title='bbox 1613 1691 1640 1718; x_wconf 95' lang='lat' dir='ltr'><strong>in</strong></span> <span class='ocrx_word' id='word_1_439' title='bbox 1657 1698 1711 1726; x_wconf 83' lang='lat' dir='ltr'><strong>qua</strong></span> 
     </span>
    </p>
   </div>
   <div class='ocr_carea' id='block_1_65' title="bbox 84 1729 873 1771">
    <p class='ocr_par' dir='ltr' id='par_1_65' title="bbox 84 1729 873 1771">
     <span class='ocr_line' id='line_1_65' title="bbox 84 1729 873 1771; baseline 0.01 -15"><span class='ocrx_word' id='word_1_440' title='bbox 84 1729 134 1756; x_wconf 73' lang='grc' dir='ltr'>καὶ</span> <span class='ocrx_word' id='word_1_441' title='bbox 149 1730 165 1764; x_wconf 88' lang='grc' dir='ltr'><strong>ή</strong></span> <span class='ocrx_word' id='word_1_442' title='bbox 190 1729 269 1763; x_wconf 74' lang='grc' dir='ltr'>σοφία</span> <span class='ocrx_word' id='word_1_443' title='bbox 285 1730 359 1756; x_wconf 84' lang='grc' dir='ltr'>οἰκον</span> <span class='ocrx_word' id='word_1_444' title='bbox 375 1731 456 1766; x_wconf 81' lang='grc' dir='ltr'>ἑαυτῇ</span> <span class='ocrx_word' id='word_1_445' title='bbox 474 1731 591 1766; x_wconf 65' lang='grc' dir='ltr'><strong>λέγεται⁷</strong></span> <span class='ocrx_word' id='word_1_446' title='bbox 609 1734 656 1760; x_wconf 74' lang='grc' dir='ltr'><strong>καὶ</strong></span> <span class='ocrx_word' id='word_1_447' title='bbox 675 1736 704 1761; x_wconf 83' lang='grc' dir='ltr'>ὲν</span> <span class='ocrx_word' id='word_1_448' title='bbox 725 1735 800 1771; x_wconf 84' lang='grc' dir='ltr'>αὐτῷ</span> <span class='ocrx_word' id='word_1_449' title='bbox 824 1737 873 1764; x_wconf 84' lang='grc' dir='ltr'>καὶ</span> 
     </span>
    </p>
   </div>
   <div class='ocr_carea' id='block_1_66' title="bbox 84 1774 873 1818">
    <p class='ocr_par' dir='ltr' id='par_1_66' title="bbox 84 1774 873 1818">
     <span class='ocr_line' id='line_1_66' title="bbox 84 1774 873 1818; baseline 0.013 -18"><span class='ocrx_word' id='word_1_450' title='bbox 84 1774 136 1806; x_wconf 78' lang='grc' dir='ltr'>τὰς</span> <span class='ocrx_word' id='word_1_451' title='bbox 152 1774 264 1810; x_wconf 82' lang='grc' dir='ltr'>στερεὰς</span> <span class='ocrx_word' id='word_1_452' title='bbox 285 1776 396 1811; x_wconf 70' lang='grc' dir='ltr'>τροφὰς,</span> <span class='ocrx_word' id='word_1_453' title='bbox 423 1777 470 1803; x_wconf 75' lang='grc' dir='ltr'>καὶ</span> <span class='ocrx_word' id='word_1_454' title='bbox 485 1777 519 1803; x_wconf 77' lang='grc' dir='ltr'><strong>τὰ</strong></span> <span class='ocrx_word' id='word_1_455' title='bbox 542 1778 660 1814; x_wconf 82' lang='grc' dir='ltr'>πόματα,</span> <span class='ocrx_word' id='word_1_456' title='bbox 679 1781 725 1807; x_wconf 76' lang='grc' dir='ltr'><strong>καὶ</strong></span> <span class='ocrx_word' id='word_1_457' title='bbox 741 1782 787 1808; x_wconf 83' lang='grc' dir='ltr'><strong>τὸν</strong></span> <span class='ocrx_word' id='word_1_458' title='bbox 804 1791 873 1818; x_wconf 88' lang='grc' dir='ltr'>κρα-</span> 
     </span>
    </p>
   </div>
   <div class='ocr_carea' id='block_1_67' title="bbox 85 1820 874 1864">
    <p class='ocr_par' dir='ltr' id='par_1_67' title="bbox 85 1820 874 1864">
     <span class='ocr_line' id='line_1_67' title="bbox 85 1820 874 1864; baseline 0.014 -19"><span class='ocrx_word' id='word_1_459' title='bbox 85 1820 157 1856; x_wconf 85' lang='grc' dir='ltr'>τῆρα</span> <span class='ocrx_word' id='word_1_460' title='bbox 172 1821 366 1857; x_wconf 77' lang='grc' dir='ltr'>προτιθεμένη,</span> <span class='ocrx_word' id='word_1_461' title='bbox 382 1823 420 1855; x_wconf 82' lang='grc' dir='ltr'>ὡς</span> <span class='ocrx_word' id='word_1_462' title='bbox 435 1821 504 1850; x_wconf 79' lang='grc' dir='ltr'>εἶναι</span> <span class='ocrx_word' id='word_1_463' title='bbox 520 1826 576 1856; x_wconf 86' lang='grc' dir='ltr'>τοῖς</span> <span class='ocrx_word' id='word_1_464' title='bbox 591 1825 625 1852; x_wconf 79' lang='grc' dir='ltr'>τὰ</span> <span class='ocrx_word' id='word_1_465' title='bbox 641 1826 699 1854; x_wconf 86' lang='grc' dir='ltr'>θεῖα</span> <span class='ocrx_word' id='word_1_466' title='bbox 716 1827 874 1864; x_wconf 86' lang='grc' dir='ltr'>θεοπρεπῶς</span> 
     </span>
    </p>
   </div>
   <div class='ocr_carea' id='block_1_68' title="bbox 89 1867 873 1910">
    <p class='ocr_par' dir='ltr' id='par_1_68' title="bbox 89 1867 873 1910">
     <span class='ocr_line' id='line_1_68' title="bbox 89 1867 873 1910; baseline 0.011 -17"><span class='ocrx_word' id='word_1_467' title='bbox 89 1867 270 1903; x_wconf 77' lang='grc' dir='ltr'>συμϐάλλουσι</span> <span class='ocrx_word' id='word_1_468' title='bbox 286 1868 374 1904; x_wconf 83' lang='grc' dir='ltr'>δῆλον,</span> <span class='ocrx_word' id='word_1_469' title='bbox 392 1870 433 1896; x_wconf 82' lang='grc' dir='ltr'><strong>ὅτι</strong></span> <span class='ocrx_word' id='word_1_470' title='bbox 457 1871 503 1897; x_wconf 77' lang='grc' dir='ltr'>καὶ</span> <span class='ocrx_word' id='word_1_471' title='bbox 521 1872 634 1907; x_wconf 87' lang='grc' dir='ltr'>πρόνοια</span> <span class='ocrx_word' id='word_1_472' title='bbox 651 1873 785 1910; x_wconf 82' lang='grc' dir='ltr'>παντελής</span> <span class='ocrx_word' id='word_1_473' title='bbox 800 1876 873 1903; x_wconf 80' lang='grc' dir='ltr'>ἐστιν</span> 
     </span>
    </p>
   </div>
   <div class='ocr_carea' id='block_1_69' title="bbox 87 1911 874 1954">
    <p class='ocr_par' dir='ltr' id='par_1_69' title="bbox 87 1911 874 1954">
     <span class='ocr_line' id='line_1_69' title="bbox 87 1911 874 1954; baseline 0.01 -14"><span class='ocrx_word' id='word_1_474' title='bbox 87 1914 103 1941; x_wconf 81' lang='lat'><strong><em>6</em></strong></span> <span class='ocrx_word' id='word_1_475' title='bbox 117 1913 162 1940; x_wconf 82' lang='grc' dir='ltr'>τοῦ</span> <span class='ocrx_word' id='word_1_476' title='bbox 178 1911 247 1941; x_wconf 75' lang='grc' dir='ltr'>εἶναι</span> <span class='ocrx_word' id='word_1_477' title='bbox 264 1915 311 1941; x_wconf 79' lang='grc' dir='ltr'>καὶ</span> <span class='ocrx_word' id='word_1_478' title='bbox 326 1915 372 1942; x_wconf 84' lang='grc' dir='ltr'><strong>τοῦ</strong></span> <span class='ocrx_word' id='word_1_479' title='bbox 389 1913 418 1942; x_wconf 75' lang='grc' dir='ltr'><strong>εὖ</strong></span> <span class='ocrx_word' id='word_1_480' title='bbox 435 1914 504 1943; x_wconf 75' lang='grc' dir='ltr'>εἶναι</span> <span class='ocrx_word' id='word_1_481' title='bbox 529 1918 563 1944; x_wconf 85' lang='grc' dir='ltr'><strong>τά</strong></span> <span class='ocrx_word' id='word_1_482' title='bbox 588 1918 676 1945; x_wconf 84' lang='grc' dir='ltr'>πάντα</span> <span class='ocrx_word' id='word_1_483' title='bbox 698 1919 799 1954; x_wconf 76' lang='grc' dir='ltr'>αἴτιος,</span> <span class='ocrx_word' id='word_1_484' title='bbox 826 1911 874 1948; x_wconf 71' lang='grc' dir='ltr'><strong>καὶ</strong></span> 
     </span>
    </p>
   </div>
   <div class='ocr_carea' id='block_1_70' title="bbox 89 1960 874 2001">
    <p class='ocr_par' dir='ltr' id='par_1_70' title="bbox 89 1960 874 2001">
     <span class='ocr_line' id='line_1_70' title="bbox 89 1960 874 2001; baseline 0.011 -15"><span class='ocrx_word' id='word_1_485' title='bbox 89 1960 134 1987; x_wconf 62' lang='lat' dir='ltr'><strong>lunt</strong></span> <span class='ocrx_word' id='word_1_486' title='bbox 149 1960 236 1988; x_wconf 85' lang='grc' dir='ltr'>πάντα</span> <span class='ocrx_word' id='word_1_487' title='bbox 252 1962 377 1998; x_wconf 77' lang='grc' dir='ltr'>πρόεισι,</span> <span class='ocrx_word' id='word_1_488' title='bbox 395 1964 441 1990; x_wconf 77' lang='grc' dir='ltr'><strong>καὶ</strong></span> <span class='ocrx_word' id='word_1_489' title='bbox 458 1964 487 1990; x_wconf 81' lang='grc' dir='ltr'><strong>ἐν</strong></span> <span class='ocrx_word' id='word_1_490' title='bbox 502 1964 541 2000; x_wconf 83' lang='grc' dir='ltr'>τῷ</span> <span class='ocrx_word' id='word_1_491' title='bbox 563 1965 643 1992; x_wconf 76' lang='grc' dir='ltr'>παντὶ</span> <span class='ocrx_word' id='word_1_492' title='bbox 664 1966 802 2001; x_wconf 86' lang='grc' dir='ltr'>γίγνεται,</span> <span class='ocrx_word' id='word_1_493' title='bbox 827 1969 874 1995; x_wconf 81' lang='grc' dir='ltr'><strong>καὶ</strong></span> 
     </span>
    </p>
   </div>
   <div class='ocr_carea' id='block_1_71' title="bbox 90 2007 873 2050">
    <p class='ocr_par' dir='ltr' id='par_1_71' title="bbox 90 2007 873 2050">
     <span class='ocr_line' id='line_1_71' title="bbox 90 2007 873 2050; baseline 0.011 -18"><span class='ocrx_word' id='word_1_494' title='bbox 90 2007 209 2042; x_wconf 78' lang='grc' dir='ltr'>περιέχει</span> <span class='ocrx_word' id='word_1_495' title='bbox 231 2007 267 2034; x_wconf 83' lang='grc' dir='ltr'>τὰ</span> <span class='ocrx_word' id='word_1_496' title='bbox 285 2008 384 2040; x_wconf 86' lang='grc' dir='ltr'>πάντα,</span> <span class='ocrx_word' id='word_1_497' title='bbox 409 2010 456 2036; x_wconf 66' lang='grc' dir='ltr'><strong>καὶ</strong></span> <span class='ocrx_word' id='word_1_498' title='bbox 470 2008 549 2043; x_wconf 78' lang='grc' dir='ltr'>αὖθις</span> <span class='ocrx_word' id='word_1_499' title='bbox 564 2011 578 2037; x_wconf 87' lang='grc' dir='ltr'><strong><em>ὁ</em></strong></span> <span class='ocrx_word' id='word_1_500' title='bbox 594 2011 674 2043; x_wconf 79' lang='grc' dir='ltr'>αὐτὸς</span> <span class='ocrx_word' id='word_1_501' title='bbox 695 2013 724 2039; x_wconf 81' lang='grc' dir='ltr'>ἐν</span> <span class='ocrx_word' id='word_1_502' title='bbox 744 2013 784 2048; x_wconf 86' lang='grc' dir='ltr'>τῷ</span> <span class='ocrx_word' id='word_1_503' title='bbox 799 2014 873 2050; x_wconf 77' lang='grc' dir='ltr'>αὐτῷ</span> 
     </span>
    </p>
   </div>
   <div class='ocr_carea' id='block_1_72' title="bbox 91 2053 872 2090">
    <p class='ocr_par' dir='ltr' id='par_1_72' title="bbox 91 2053 872 2090">
     <span class='ocr_line' id='line_1_72' title="bbox 91 2053 872 2090; baseline 0.01 -11"><span class='ocrx_word' id='word_1_504' title='bbox 91 2053 147 2080; x_wconf 85' lang='grc' dir='ltr'>καθ’</span> <span class='ocrx_word' id='word_1_505' title='bbox 158 2054 304 2090; x_wconf 81' lang='grc' dir='ltr'>ὑπεροχὴν,</span> <span class='ocrx_word' id='word_1_506' title='bbox 320 2055 396 2082; x_wconf 82' lang='grc' dir='ltr'>οὐδὲν</span> <span class='ocrx_word' id='word_1_507' title='bbox 410 2056 438 2082; x_wconf 79' lang='grc' dir='ltr'>ὲν</span> <span class='ocrx_word' id='word_1_508' title='bbox 453 2057 540 2083; x_wconf 74' lang='grc' dir='ltr'>οὐδενὶ</span> <span class='ocrx_word' id='word_1_509' title='bbox 553 2058 612 2084; x_wconf 84' lang='grc' dir='ltr'>κατ’</span> <span class='ocrx_word' id='word_1_510' title='bbox 626 2058 702 2085; x_wconf 83' lang='grc' dir='ltr'>οὐδέν</span> <span class='ocrx_word' id='word_1_511' title='bbox 716 2059 799 2086; x_wconf 79' lang='grc' dir='ltr'>ἐστιν·</span> <span class='ocrx_word' id='word_1_512' title='bbox 816 2061 872 2088; x_wconf 87' lang='grc' dir='ltr'>ἀλλ’</span> 
     </span>
    </p>
   </div>
   <div class='ocr_carea' id='block_1_73' title="bbox 91 2099 873 2140">
    <p class='ocr_par' dir='ltr' id='par_1_73' title="bbox 91 2099 873 2140">
     <span class='ocr_line' id='line_1_73' title="bbox 91 2099 873 2140; baseline 0.01 -15"><span class='ocrx_word' id='word_1_513' title='bbox 91 2099 215 2135; x_wconf 80' lang='grc' dir='ltr'>ὲξῄρηται</span> <span class='ocrx_word' id='word_1_514' title='bbox 235 2100 290 2127; x_wconf 90' lang='grc' dir='ltr'><strong>τῶν</strong></span> <span class='ocrx_word' id='word_1_515' title='bbox 310 2101 392 2134; x_wconf 83' lang='grc' dir='ltr'>ὅλων,</span> <span class='ocrx_word' id='word_1_516' title='bbox 417 2102 497 2134; x_wconf 75' lang='grc' dir='ltr'>αὐτὸς</span> <span class='ocrx_word' id='word_1_517' title='bbox 513 2103 542 2129; x_wconf 80' lang='grc' dir='ltr'><strong>ἐν</strong></span> <span class='ocrx_word' id='word_1_518' title='bbox 557 2103 647 2140; x_wconf 81' lang='grc' dir='ltr'>ἑαυτῷ</span> <span class='ocrx_word' id='word_1_519' title='bbox 665 2105 688 2120; x_wconf 79' lang='grc'>⁵³</span> <span class='ocrx_word' id='word_1_520' title='bbox 705 2105 810 2138; x_wconf 76' lang='grc' dir='ltr'>ταύτῶς</span> <span class='ocrx_word' id='word_1_521' title='bbox 826 2107 873 2134; x_wconf 78' lang='grc' dir='ltr'>καὶ</span> 
     </span>
    </p>
   </div>
   <div class='ocr_carea' id='block_1_74' title="bbox 91 2145 874 2185">
    <p class='ocr_par' dir='ltr' id='par_1_74' title="bbox 91 2145 874 2185">
     <span class='ocr_line' id='line_1_74' title="bbox 91 2145 874 2185; baseline 0.011 -14"><span class='ocrx_word' id='word_1_522' title='bbox 91 2145 178 2178; x_wconf 80' lang='grc' dir='ltr'>ἀῑδίως</span> <span class='ocrx_word' id='word_1_523' title='bbox 193 2146 245 2178; x_wconf 83' lang='grc' dir='ltr'>ὢν,</span> <span class='ocrx_word' id='word_1_524' title='bbox 263 2148 310 2175; x_wconf 74' lang='grc' dir='ltr'>καὶ</span> <span class='ocrx_word' id='word_1_525' title='bbox 326 2147 448 2183; x_wconf 81' lang='grc' dir='ltr'>ἑστηκὼς</span> <span class='ocrx_word' id='word_1_526' title='bbox 464 2149 509 2176; x_wconf 76' lang='grc' dir='ltr'><strong>καὶ</strong></span> <span class='ocrx_word' id='word_1_527' title='bbox 532 2150 633 2185; x_wconf 88' lang='grc' dir='ltr'>μένων,</span> <span class='ocrx_word' id='word_1_528' title='bbox 658 2151 705 2178; x_wconf 74' lang='grc' dir='ltr'>καὶ</span> <span class='ocrx_word' id='word_1_529' title='bbox 731 2152 775 2179; x_wconf 73' lang='grc' dir='ltr'>ἀεὶ</span> <span class='ocrx_word' id='word_1_530' title='bbox 803 2153 874 2180; x_wconf 82' lang='grc' dir='ltr'><strong>κατά</strong></span> 
     </span>
    </p>
   </div>
   <div class='ocr_carea' id='block_1_75' title="bbox 91 2192 874 2232">
    <p class='ocr_par' dir='ltr' id='par_1_75' title="bbox 91 2192 874 2232">
     <span class='ocr_line' id='line_1_75' title="bbox 91 2192 874 2232; baseline 0.01 -14"><span class='ocrx_word' id='word_1_531' title='bbox 91 2192 170 2218; x_wconf 82' lang='grc' dir='ltr'>ταὺτά</span> <span class='ocrx_word' id='word_1_532' title='bbox 186 2194 231 2220; x_wconf 79' lang='grc' dir='ltr'><strong>καὶ</strong></span> <span class='ocrx_word' id='word_1_533' title='bbox 246 2194 376 2226; x_wconf 84' lang='grc' dir='ltr'>ὡσαύτως</span> <span class='ocrx_word' id='word_1_534' title='bbox 392 2194 471 2230; x_wconf 76' lang='grc' dir='ltr'>ἔχων,</span> <span class='ocrx_word' id='word_1_535' title='bbox 489 2195 536 2222; x_wconf 68' lang='grc' dir='ltr'><strong>καὶ</strong></span> <span class='ocrx_word' id='word_1_536' title='bbox 551 2196 676 2232; x_wconf 81' lang='grc' dir='ltr'>οὐδαμῶς</span> <span class='ocrx_word' id='word_1_537' title='bbox 692 2197 744 2230; x_wconf 79' lang='grc' dir='ltr'>ἔξω</span> <span class='ocrx_word' id='word_1_538' title='bbox 758 2198 840 2225; x_wconf 76' lang='grc' dir='ltr'>αὐτοῦ</span> <span class='ocrx_word' id='word_1_539' title='bbox 849 2199 874 2215; x_wconf 74' lang='grc'><strong>⁸⁸</strong></span> 
     </span>
    </p>
   </div>
   <div class='ocr_carea' id='block_1_76' title="bbox 92 2239 872 2281">
    <p class='ocr_par' dir='ltr' id='par_1_76' title="bbox 92 2239 872 2281">
     <span class='ocr_line' id='line_1_76' title="bbox 92 2239 872 2281; baseline 0.012 -17"><span class='ocrx_word' id='word_1_540' title='bbox 92 2239 258 2274; x_wconf 78' lang='grc' dir='ltr'>γιγνόμενος,</span> <span class='ocrx_word' id='word_1_541' title='bbox 274 2240 334 2267; x_wconf 77' lang='grc' dir='ltr'><strong>οὐδὲ</strong></span> <span class='ocrx_word' id='word_1_542' title='bbox 351 2241 402 2276; x_wconf 84' lang='grc' dir='ltr'>τῆς</span> <span class='ocrx_word' id='word_1_543' title='bbox 417 2241 519 2273; x_wconf 75' lang='grc' dir='ltr'><strong>οἰκείας</strong></span> <span class='ocrx_word' id='word_1_544' title='bbox 542 2242 622 2279; x_wconf 72' lang='grc' dir='ltr'>ἕδρας</span> <span class='ocrx_word' id='word_1_545' title='bbox 637 2244 660 2260; x_wconf 82' lang='grc'><strong><em>⁸⁵</em></strong></span> <span class='ocrx_word' id='word_1_546' title='bbox 676 2245 724 2272; x_wconf 76' lang='grc' dir='ltr'><strong>καὶ</strong></span> <span class='ocrx_word' id='word_1_547' title='bbox 743 2245 872 2281; x_wconf 81' lang='grc' dir='ltr'>ἀκινήτου</span> 
     </span>
    </p>
   </div>
   <div class='ocr_carea' id='block_1_77' title="bbox 94 2285 873 2328">
    <p class='ocr_par' dir='ltr' id='par_1_77' title="bbox 94 2285 873 2328">
     <span class='ocr_line' id='line_1_77' title="bbox 94 2285 873 2328; baseline 0.012 -18"><span class='ocrx_word' id='word_1_548' title='bbox 94 2285 171 2320; x_wconf 87' lang='grc' dir='ltr'>μονῆς</span> <span class='ocrx_word' id='word_1_549' title='bbox 186 2286 232 2312; x_wconf 81' lang='grc' dir='ltr'><strong>καὶ</strong></span> <span class='ocrx_word' id='word_1_550' title='bbox 243 2286 334 2318; x_wconf 80' lang='grc' dir='ltr'>ἑστίας</span> <span class='ocrx_word' id='word_1_551' title='bbox 350 2286 572 2323; x_wconf 64' lang='grc' dir='ltr'>ἀπολειπόμενος</span> <span class='ocrx_word' id='word_1_552' title='bbox 591 2289 659 2316; x_wconf 88' lang='grc' dir='ltr'><strong>ἀλλά</strong></span> <span class='ocrx_word' id='word_1_553' title='bbox 672 2291 718 2317; x_wconf 75' lang='grc' dir='ltr'>καὶ</span> <span class='ocrx_word' id='word_1_554' title='bbox 727 2291 756 2318; x_wconf 85' lang='grc' dir='ltr'>ὲν</span> <span class='ocrx_word' id='word_1_555' title='bbox 772 2292 840 2328; x_wconf 78' lang='grc' dir='ltr'>αὐτῇ</span> <span class='ocrx_word' id='word_1_556' title='bbox 849 2293 873 2309; x_wconf 78' lang='grc'><strong><em>⁸⁵</em></strong></span> 
     </span>
    </p>
   </div>
   <div class='ocr_carea' id='block_1_78' title="bbox 91 2330 872 2373">
    <p class='ocr_par' dir='ltr' id='par_1_78' title="bbox 91 2330 872 2373">
     <span class='ocr_line' id='line_1_78' title="bbox 91 2330 872 2373; baseline 0.012 -16"><span class='ocrx_word' id='word_1_557' title='bbox 91 2330 136 2362; x_wconf 84' lang='grc' dir='ltr'>τὰς</span> <span class='ocrx_word' id='word_1_558' title='bbox 150 2332 212 2363; x_wconf 80' lang='grc' dir='ltr'>ὅλας</span> <span class='ocrx_word' id='word_1_559' title='bbox 228 2333 274 2358; x_wconf 76' lang='grc' dir='ltr'>καὶ</span> <span class='ocrx_word' id='word_1_560' title='bbox 294 2333 434 2366; x_wconf 80' lang='grc' dir='ltr'>παντελεῖς</span> <span class='ocrx_word' id='word_1_561' title='bbox 457 2335 584 2371; x_wconf 83' lang='grc' dir='ltr'>προνοίας</span> <span class='ocrx_word' id='word_1_562' title='bbox 607 2336 799 2373; x_wconf 85' lang='grc' dir='ltr'>ἀγαθουργῶν,</span> <span class='ocrx_word' id='word_1_563' title='bbox 826 2339 872 2366; x_wconf 74' lang='grc' dir='ltr'><strong>καὶ</strong></span> 
     </span>
    </p>
   </div>
   <div class='ocr_carea' id='block_1_79' title="bbox 93 2377 871 2418">
    <p class='ocr_par' dir='ltr' id='par_1_79' title="bbox 93 2377 871 2418">
     <span class='ocr_line' id='line_1_79' title="bbox 93 2377 871 2418; baseline 0.012 -16"><span class='ocrx_word' id='word_1_564' title='bbox 93 2377 188 2412; x_wconf 85' lang='grc' dir='ltr'>προῖὼν</span> <span class='ocrx_word' id='word_1_565' title='bbox 201 2378 247 2404; x_wconf 73' lang='grc' dir='ltr'>ἐπὶ</span> <span class='ocrx_word' id='word_1_566' title='bbox 261 2378 360 2411; x_wconf 84' lang='grc' dir='ltr'>πάντα,</span> <span class='ocrx_word' id='word_1_567' title='bbox 378 2379 423 2407; x_wconf 75' lang='grc' dir='ltr'><strong>καὶ</strong></span> <span class='ocrx_word' id='word_1_568' title='bbox 441 2381 589 2416; x_wconf 79' lang='grc' dir='ltr'>μένων-ἐφ’</span> <span class='ocrx_word' id='word_1_569' title='bbox 600 2382 708 2415; x_wconf 78' lang='grc' dir='ltr'>ἑαυτοῦ,</span> <span class='ocrx_word' id='word_1_570' title='bbox 724 2384 771 2410; x_wconf 76' lang='grc' dir='ltr'><strong>καὶ</strong></span> <span class='ocrx_word' id='word_1_571' title='bbox 784 2384 871 2418; x_wconf 83' lang='grc' dir='ltr'>ἑστὼς</span> 
     </span>
    </p>
   </div>
   <div class='ocr_carea' id='block_1_80' title="bbox 92 2422 871 2465">
    <p class='ocr_par' dir='ltr' id='par_1_80' title="bbox 92 2422 871 2465">
     <span class='ocr_line' id='line_1_80' title="bbox 92 2422 871 2465; baseline 0.012 -17"><span class='ocrx_word' id='word_1_572' title='bbox 92 2422 132 2449; x_wconf 77' lang='grc' dir='ltr'>ἀεὶ</span> <span class='ocrx_word' id='word_1_573' title='bbox 146 2424 190 2449; x_wconf 77' lang='grc' dir='ltr'>καὶ</span> <span class='ocrx_word' id='word_1_574' title='bbox 206 2423 372 2460; x_wconf 84' lang='grc' dir='ltr'>κινούμενος,</span> <span class='ocrx_word' id='word_1_575' title='bbox 383 2426 429 2453; x_wconf 83' lang='grc' dir='ltr'><strong>καὶ</strong></span> <span class='ocrx_word' id='word_1_576' title='bbox 444 2425 505 2453; x_wconf 77' lang='grc' dir='ltr'>οὔτε</span> <span class='ocrx_word' id='word_1_577' title='bbox 518 2427 614 2459; x_wconf 81' lang='grc' dir='ltr'>ἑστὼς,</span> <span class='ocrx_word' id='word_1_578' title='bbox 624 2427 686 2455; x_wconf 79' lang='grc' dir='ltr'>οὔτε</span> <span class='ocrx_word' id='word_1_579' title='bbox 703 2429 871 2465; x_wconf 81' lang='grc' dir='ltr'>κινούμενος,</span> 
     </span>
    </p>
   </div>
   <div class='ocr_carea' id='block_1_81' title="bbox 93 2468 872 2512">
    <p class='ocr_par' dir='ltr' id='par_1_81' title="bbox 93 2468 872 2512">
     <span class='ocr_line' id='line_1_81' title="bbox 93 2468 872 2512; baseline 0.013 -18"><span class='ocrx_word' id='word_1_580' title='bbox 93 2468 143 2494; x_wconf 81' lang='grc' dir='ltr'>ἀλλ’</span> <span class='ocrx_word' id='word_1_581' title='bbox 151 2468 188 2500; x_wconf 80' lang='grc' dir='ltr'>ὡς</span> <span class='ocrx_word' id='word_1_582' title='bbox 203 2469 235 2496; x_wconf 81' lang='grc' dir='ltr'>ἄν</span> <span class='ocrx_word' id='word_1_583' title='bbox 250 2479 292 2501; x_wconf 90' lang='grc' dir='ltr'><strong>τις</strong></span> <span class='ocrx_word' id='word_1_584' title='bbox 308 2471 373 2507; x_wconf 82' lang='grc' dir='ltr'>φαίη</span> <span class='ocrx_word' id='word_1_585' title='bbox 390 2471 439 2503; x_wconf 85' lang='grc' dir='ltr'>τὰς</span> <span class='ocrx_word' id='word_1_586' title='bbox 455 2473 635 2509; x_wconf 80' lang='grc' dir='ltr'>προνοητιχάς</span> <span class='ocrx_word' id='word_1_587' title='bbox 643 2475 782 2510; x_wconf 75' lang='grc' dir='ltr'>ἐνεργείας</span> <span class='ocrx_word' id='word_1_588' title='bbox 797 2477 826 2503; x_wconf 81' lang='grc' dir='ltr'>ὲν</span> <span class='ocrx_word' id='word_1_589' title='bbox 837 2478 872 2512; x_wconf 81' lang='grc' dir='ltr'>τῇ</span> 
     </span>
    </p>
   </div>
   <div class='ocr_carea' id='block_1_82' title="bbox 96 2516 873 2557">
    <p class='ocr_par' dir='ltr' id='par_1_82' title="bbox 96 2516 873 2557">
     <span class='ocr_line' id='line_1_82' title="bbox 96 2516 873 2557; baseline 0.013 -17"><span class='ocrx_word' id='word_1_590' title='bbox 96 2516 255 2551; x_wconf 80' lang='grc' dir='ltr'>μονιμότητι,</span> <span class='ocrx_word' id='word_1_591' title='bbox 271 2517 318 2543; x_wconf 80' lang='grc' dir='ltr'><strong>καὶ</strong></span> <span class='ocrx_word' id='word_1_592' title='bbox 332 2518 381 2553; x_wconf 90' lang='grc' dir='ltr'><strong>τὴν</strong></span> <span class='ocrx_word' id='word_1_593' title='bbox 399 2518 482 2554; x_wconf 86' lang='grc' dir='ltr'>μονὴν</span> <span class='ocrx_word' id='word_1_594' title='bbox 497 2520 527 2546; x_wconf 83' lang='grc' dir='ltr'>ὲν</span> <span class='ocrx_word' id='word_1_595' title='bbox 543 2519 582 2557; x_wconf 82' lang='grc' dir='ltr'>τῷ</span> <span class='ocrx_word' id='word_1_596' title='bbox 597 2522 729 2556; x_wconf 82' lang='grc' dir='ltr'>προνοεῖν,</span> <span class='ocrx_word' id='word_1_597' title='bbox 741 2523 873 2557; x_wconf 85' lang='grc' dir='ltr'>συμφυῶς</span> 
     </span>
    </p>
   </div>
   <div class='ocr_carea' id='block_1_83' title="bbox 95 2560 460 2600">
    <p class='ocr_par' dir='ltr' id='par_1_83' title="bbox 95 2560 460 2600">
     <span class='ocr_line' id='line_1_83' title="bbox 95 2560 460 2600; baseline 0.011 -13"><span class='ocrx_word' id='word_1_598' title='bbox 95 2560 146 2596; x_wconf 77' lang='grc' dir='ltr'>ἅμα</span> <span class='ocrx_word' id='word_1_599' title='bbox 159 2562 204 2589; x_wconf 76' lang='grc' dir='ltr'>καὶ</span> <span class='ocrx_word' id='word_1_600' title='bbox 220 2562 365 2599; x_wconf 81' lang='grc' dir='ltr'>ὑπερφυῶς</span> <span class='ocrx_word' id='word_1_601' title='bbox 381 2564 460 2600; x_wconf 77' lang='grc' dir='ltr'>έχων.</span> 
     </span>
    </p>
   </div>
   <div class='ocr_carea' id='block_1_84' title="bbox 925 1735 1712 1772">
    <p class='ocr_par' dir='ltr' id='par_1_84' title="bbox 925 1735 1712 1772">
     <span class='ocr_line' id='line_1_84' title="bbox 925 1735 1712 1772; baseline 0.001 -9"><span class='ocrx_word' id='word_1_602' title='bbox 925 1735 1000 1764; x_wconf 84' lang='lat' dir='ltr'><strong>cibos</strong></span> <span class='ocrx_word' id='word_1_603' title='bbox 1015 1736 1126 1769; x_wconf 86' lang='lat' dir='ltr'><strong>solidos,</strong></span> <span class='ocrx_word' id='word_1_604' title='bbox 1147 1741 1175 1764; x_wconf 92' lang='lat' dir='ltr'><strong>et</strong></span> <span class='ocrx_word' id='word_1_605' title='bbox 1187 1736 1295 1771; x_wconf 90' lang='lat' dir='ltr'><strong>pocula,</strong></span> <span class='ocrx_word' id='word_1_606' title='bbox 1312 1740 1504 1771; x_wconf 86' lang='lat' dir='ltr'><strong>crateremque</strong></span> <span class='ocrx_word' id='word_1_607' title='bbox 1524 1737 1665 1772; x_wconf 86' lang='lat' dir='ltr'><strong>proponit,</strong></span> <span class='ocrx_word' id='word_1_608' title='bbox 1680 1740 1712 1764; x_wconf 86' lang='lat' dir='ltr'><strong>ut</strong></span> 
     </span>
    </p>
   </div>
   <div class='ocr_carea' id='block_1_85' title="bbox 924 1780 1709 1828">
    <p class='ocr_par' dir='ltr' id='par_1_85' title="bbox 924 1780 1709 1828">
     <span class='ocr_line' id='line_1_85' title="bbox 924 1780 1709 1828; baseline 0.001 -20"><span class='ocrx_word' id='word_1_609' title='bbox 924 1781 1053 1809; x_wconf 90' lang='lat' dir='ltr'><strong>omnibus</strong></span> <span class='ocrx_word' id='word_1_610' title='bbox 1069 1781 1162 1809; x_wconf 91' lang='lat' dir='ltr'><strong>divina</strong></span> <span class='ocrx_word' id='word_1_611' title='bbox 1175 1782 1228 1810; x_wconf 92' lang='lat' dir='ltr'><strong>rite</strong></span> <span class='ocrx_word' id='word_1_612' title='bbox 1243 1780 1453 1809; x_wconf 79' lang='lat' dir='ltr'><strong>conferentibus</strong></span> <span class='ocrx_word' id='word_1_613' title='bbox 1469 1782 1645 1828; x_wconf 73' lang='lat' dir='ltr'><strong>perspicuum</strong></span> <span class='ocrx_word' id='word_1_614' title='bbox 1662 1782 1709 1816; x_wconf 87' lang='lat' dir='ltr'><strong>sit,</strong></span> 
     </span>
    </p>
   </div>
   <div class='ocr_carea' id='block_1_86' title="bbox 924 1828 1708 1864">
    <p class='ocr_par' dir='ltr' id='par_1_86' title="bbox 924 1828 1708 1864">
     <span class='ocr_line' id='line_1_86' title="bbox 924 1828 1708 1864; baseline 0.001 -10"><span class='ocrx_word' id='word_1_615' title='bbox 924 1835 998 1861; x_wconf 87' lang='lat' dir='ltr'><strong>eum,</strong></span> <span class='ocrx_word' id='word_1_616' title='bbox 1012 1828 1090 1862; x_wconf 85' lang='lat' dir='ltr'><strong>cujus</strong></span> <span class='ocrx_word' id='word_1_617' title='bbox 1106 1834 1149 1856; x_wconf 90' lang='lat' dir='ltr'><strong>est</strong></span> <span class='ocrx_word' id='word_1_618' title='bbox 1162 1828 1344 1864; x_wconf 87' lang='lat' dir='ltr'><strong>providentia,</strong></span> <span class='ocrx_word' id='word_1_619' title='bbox 1354 1828 1500 1863; x_wconf 86' lang='lat' dir='ltr'><strong>pert&#39;ectam</strong></span> <span class='ocrx_word' id='word_1_620' title='bbox 1515 1835 1576 1856; x_wconf 76' lang='lat' dir='ltr'><strong>esse</strong></span> <span class='ocrx_word' id='word_1_621' title='bbox 1585 1836 1708 1860; x_wconf 90' lang='lat' dir='ltr'><strong>causam,</strong></span> 
     </span>
    </p>
   </div>
   <div class='ocr_carea' id='block_1_87' title="bbox 924 1873 1709 1908">
    <p class='ocr_par' dir='ltr' id='par_1_87' title="bbox 924 1873 1709 1908">
     <span class='ocr_line' id='line_1_87' title="bbox 924 1873 1709 1908; baseline 0.003 -8"><span class='ocrx_word' id='word_1_622' title='bbox 924 1878 954 1900; x_wconf 91' lang='lat' dir='ltr'><strong>ut</strong></span> <span class='ocrx_word' id='word_1_623' title='bbox 973 1873 1028 1901; x_wconf 84' lang='lat' dir='ltr'><strong>sint</strong></span> <span class='ocrx_word' id='word_1_624' title='bbox 1047 1878 1073 1901; x_wconf 92' lang='lat' dir='ltr'><strong>et</strong></span> <span class='ocrx_word' id='word_1_625' title='bbox 1092 1873 1162 1902; x_wconf 84' lang='lat' dir='ltr'><strong>bene</strong></span> <span class='ocrx_word' id='word_1_626' title='bbox 1180 1874 1235 1902; x_wconf 93' lang='lat' dir='ltr'><strong>sint</strong></span> <span class='ocrx_word' id='word_1_627' title='bbox 1252 1874 1342 1901; x_wconf 92' lang='lat' dir='ltr'><strong>omnia</strong></span> <span class='ocrx_word' id='word_1_628' title='bbox 1355 1894 1362 1907; x_wconf 96' lang='lat'><strong>,</strong></span> <span class='ocrx_word' id='word_1_629' title='bbox 1383 1881 1503 1908; x_wconf 85' lang='lat' dir='ltr'><strong>eumque</strong></span> <span class='ocrx_word' id='word_1_630' title='bbox 1527 1875 1561 1902; x_wconf 87' lang='lat' dir='ltr'><strong>ad</strong></span> <span class='ocrx_word' id='word_1_631' title='bbox 1581 1875 1709 1902; x_wconf 89' lang='lat' dir='ltr'><strong>universa</strong></span> 
     </span>
    </p>
   </div>
   <div class='ocr_carea' id='block_1_88' title="bbox 924 1919 1711 1955">
    <p class='ocr_par' dir='ltr' id='par_1_88' title="bbox 924 1919 1711 1955">
     <span class='ocr_line' id='line_1_88' title="bbox 924 1919 1711 1955; baseline 0.004 -10"><span class='ocrx_word' id='word_1_632' title='bbox 924 1919 1091 1954; x_wconf 74' lang='lat' dir='ltr'><strong>pertingere,</strong></span> <span class='ocrx_word' id='word_1_633' title='bbox 1115 1924 1142 1948; x_wconf 84' lang='lat' dir='ltr'><strong>et</strong></span> <span class='ocrx_word' id='word_1_634' title='bbox 1161 1919 1188 1946; x_wconf 88' lang='lat' dir='ltr'><strong>in</strong></span> <span class='ocrx_word' id='word_1_635' title='bbox 1209 1920 1336 1947; x_wconf 88' lang='lat' dir='ltr'><strong>omnibus</strong></span> <span class='ocrx_word' id='word_1_636' title='bbox 1345 1920 1490 1953; x_wconf 79' lang='lat' dir='ltr'><strong>exsistere,</strong></span> <span class='ocrx_word' id='word_1_637' title='bbox 1514 1924 1597 1955; x_wconf 90' lang='lat' dir='ltr'><strong>atque</strong></span> <span class='ocrx_word' id='word_1_638' title='bbox 1609 1921 1711 1948; x_wconf 83' lang='lat' dir='ltr'><strong>‘omnia</strong></span> 
     </span>
    </p>
   </div>
   <div class='ocr_carea' id='block_1_89' title="bbox 924 1965 1710 2002">
    <p class='ocr_par' dir='ltr' id='par_1_89' title="bbox 924 1965 1710 2002">
     <span class='ocr_line' id='line_1_89' title="bbox 924 1965 1710 2002; baseline 0.004 -10"><span class='ocrx_word' id='word_1_639' title='bbox 924 1965 1075 1997; x_wconf 89' lang='lat' dir='ltr'><strong>continere,</strong></span> <span class='ocrx_word' id='word_1_640' title='bbox 1093 1974 1242 2002; x_wconf 90' lang='lat' dir='ltr'><strong>rursusque</strong></span> <span class='ocrx_word' id='word_1_641' title='bbox 1256 1967 1393 2001; x_wconf 79' lang='lat' dir='ltr'><strong>eumdem,</strong></span> <span class='ocrx_word' id='word_1_642' title='bbox 1410 1975 1471 1995; x_wconf 92' lang='lat' dir='ltr'><strong>cum</strong></span> <span class='ocrx_word' id='word_1_643' title='bbox 1486 1967 1521 1994; x_wconf 89' lang='lat' dir='ltr'><strong>sit</strong></span> <span class='ocrx_word' id='word_1_644' title='bbox 1533 1967 1559 1994; x_wconf 95' lang='lat' dir='ltr'><strong>in</strong></span> <span class='ocrx_word' id='word_1_645' title='bbox 1573 1974 1603 1996; x_wconf 91' lang='lat' dir='ltr'><strong>se</strong></span> <span class='ocrx_word' id='word_1_646' title='bbox 1617 1967 1710 1995; x_wconf 67' lang='lat' dir='ltr'><strong>excel-</strong></span> 
     </span>
    </p>
   </div>
   <div class='ocr_carea' id='block_1_90' title="bbox 925 2010 1710 2048">
    <p class='ocr_par' dir='ltr' id='par_1_90' title="bbox 925 2010 1710 2048">
     <span class='ocr_line' id='line_1_90' title="bbox 925 2010 1710 2048; baseline 0.004 -10"><span class='ocrx_word' id='word_1_647' title='bbox 925 2010 1022 2045; x_wconf 92' lang='lat' dir='ltr'><strong>lenter,</strong></span> <span class='ocrx_word' id='word_1_648' title='bbox 1033 2011 1100 2039; x_wconf 94' lang='lat' dir='ltr'><strong>nihil</strong></span> <span class='ocrx_word' id='word_1_649' title='bbox 1117 2012 1144 2039; x_wconf 95' lang='lat' dir='ltr'><strong>in</strong></span> <span class='ocrx_word' id='word_1_650' title='bbox 1156 2012 1211 2039; x_wconf 89' lang='lat' dir='ltr'><strong>ulla</strong></span> <span class='ocrx_word' id='word_1_651' title='bbox 1223 2019 1263 2046; x_wconf 91' lang='lat' dir='ltr'><strong>re,</strong></span> <span class='ocrx_word' id='word_1_652' title='bbox 1274 2013 1325 2040; x_wconf 86' lang='lat' dir='ltr'><strong>ulla</strong></span> <span class='ocrx_word' id='word_1_653' title='bbox 1334 2021 1368 2041; x_wconf 79' lang='lat' dir='ltr'><strong>ex</strong></span> <span class='ocrx_word' id='word_1_654' title='bbox 1384 2018 1462 2048; x_wconf 87' lang='lat' dir='ltr'><strong>parte</strong></span> <span class='ocrx_word' id='word_1_655' title='bbox 1473 2021 1543 2045; x_wconf 84' lang='lat' dir='ltr'><strong>esse.</strong></span> <span class='ocrx_word' id='word_1_656' title='bbox 1556 2014 1602 2042; x_wconf 88' lang='lat' dir='ltr'><strong>sed</strong></span> <span class='ocrx_word' id='word_1_657' title='bbox 1617 2021 1710 2042; x_wconf 81' lang='lat' dir='ltr'><strong>secre-</strong></span> 
     </span>
    </p>
   </div>
   <div class='ocr_carea' id='block_1_91' title="bbox 925 2059 1709 2095">
    <p class='ocr_par' dir='ltr' id='par_1_91' title="bbox 925 2059 1709 2095">
     <span class='ocr_line' id='line_1_91' title="bbox 925 2059 1709 2095; baseline 0.005 -11"><span class='ocrx_word' id='word_1_658' title='bbox 925 2061 982 2084; x_wconf 90' lang='lat' dir='ltr'><strong>tum</strong></span> <span class='ocrx_word' id='word_1_659' title='bbox 999 2065 1060 2085; x_wconf 87' lang='lat' dir='ltr'><strong>esse</strong></span> <span class='ocrx_word' id='word_1_660' title='bbox 1077 2059 1112 2086; x_wconf 92' lang='lat' dir='ltr'><strong>ab</strong></span> <span class='ocrx_word' id='word_1_661' title='bbox 1124 2059 1260 2092; x_wconf 90' lang='lat' dir='ltr'><strong>omnibus,</strong></span> <span class='ocrx_word' id='word_1_662' title='bbox 1278 2066 1339 2087; x_wconf 90' lang='lat' dir='ltr'><strong>cum</strong></span> <span class='ocrx_word' id='word_1_663' title='bbox 1354 2060 1379 2086; x_wconf 87' lang='lat' dir='ltr'><strong>in</strong></span> <span class='ocrx_word' id='word_1_664' title='bbox 1397 2067 1426 2087; x_wconf 88' lang='lat' dir='ltr'><strong>se</strong></span> <span class='ocrx_word' id='word_1_665' title='bbox 1446 2059 1505 2095; x_wconf 90' lang='lat' dir='ltr'><strong>ipso</strong></span> <span class='ocrx_word' id='word_1_666' title='bbox 1519 2061 1614 2088; x_wconf 90' lang='lat' dir='ltr'><strong>eodem</strong></span> <span class='ocrx_word' id='word_1_667' title='bbox 1627 2065 1709 2088; x_wconf 64' lang='lat' dir='ltr'><strong>icter-</strong></span> 
     </span>
    </p>
   </div>
   <div class='ocr_carea' id='block_1_92' title="bbox 923 2104 1711 2142">
    <p class='ocr_par' dir='ltr' id='par_1_92' title="bbox 923 2104 1711 2142">
     <span class='ocr_line' id='line_1_92' title="bbox 923 2104 1711 2142; baseline 0.004 -11"><span class='ocrx_word' id='word_1_668' title='bbox 923 2111 1013 2138; x_wconf 78' lang='lat' dir='ltr'><strong>noque</strong></span> <span class='ocrx_word' id='word_1_669' title='bbox 1029 2104 1110 2132; x_wconf 87' lang='lat' dir='ltr'><strong>modo</strong></span> <span class='ocrx_word' id='word_1_670' title='bbox 1124 2105 1171 2138; x_wconf 87' lang='lat' dir='ltr'><strong>sit,</strong></span> <span class='ocrx_word' id='word_1_671' title='bbox 1189 2109 1348 2140; x_wconf 87' lang='lat' dir='ltr'><strong>perstetque</strong></span> <span class='ocrx_word' id='word_1_672' title='bbox 1366 2110 1393 2134; x_wconf 91' lang='lat' dir='ltr'><strong>et</strong></span> <span class='ocrx_word' id='word_1_673' title='bbox 1407 2111 1529 2139; x_wconf 89' lang='lat' dir='ltr'><strong>maneat,</strong></span> <span class='ocrx_word' id='word_1_674' title='bbox 1541 2110 1622 2142; x_wconf 89' lang='lat' dir='ltr'><strong>atque</strong></span> <span class='ocrx_word' id='word_1_675' title='bbox 1639 2113 1711 2134; x_wconf 87' lang='lat' dir='ltr'><strong>sem-</strong></span> 
     </span>
    </p>
   </div>
   <div class='ocr_carea' id='block_1_93' title="bbox 923 2149 1711 2185">
    <p class='ocr_par' dir='ltr' id='par_1_93' title="bbox 923 2149 1711 2185">
     <span class='ocr_line' id='line_1_93' title="bbox 923 2149 1711 2185; baseline 0.004 -10"><span class='ocrx_word' id='word_1_676' title='bbox 923 2156 972 2184; x_wconf 91' lang='lat' dir='ltr'><strong>per</strong></span> <span class='ocrx_word' id='word_1_677' title='bbox 988 2149 1058 2176; x_wconf 74' lang='lat' dir='ltr'><strong>ideui</strong></span> <span class='ocrx_word' id='word_1_678' title='bbox 1073 2150 1120 2182; x_wconf 89' lang='lat' dir='ltr'><strong>sit,</strong></span> <span class='ocrx_word' id='word_1_679' title='bbox 1134 2150 1288 2185; x_wconf 89' lang='lat' dir='ltr'><strong>eodemque</strong></span> <span class='ocrx_word' id='word_1_680' title='bbox 1307 2151 1387 2178; x_wconf 84' lang='lat' dir='ltr'><strong>modo</strong></span> <span class='ocrx_word' id='word_1_681' title='bbox 1411 2158 1441 2178; x_wconf 90' lang='lat' dir='ltr'><strong>se</strong></span> <span class='ocrx_word' id='word_1_682' title='bbox 1457 2151 1569 2184; x_wconf 82' lang='lat' dir='ltr'><strong>habeat,</strong></span> <span class='ocrx_word' id='word_1_683' title='bbox 1587 2158 1638 2178; x_wconf 90' lang='lat' dir='ltr'><strong>uec</strong></span> <span class='ocrx_word' id='word_1_684' title='bbox 1654 2151 1711 2179; x_wconf 93' lang='lat' dir='ltr'><strong>ullo</strong></span> 
     </span>
    </p>
   </div>
   <div class='ocr_carea' id='block_1_94' title="bbox 923 2195 1711 2232">
    <p class='ocr_par' dir='ltr' id='par_1_94' title="bbox 923 2195 1711 2232">
     <span class='ocr_line' id='line_1_94' title="bbox 923 2195 1711 2232; baseline 0.004 -10"><span class='ocrx_word' id='word_1_685' title='bbox 923 2195 1004 2222; x_wconf 92' lang='lat' dir='ltr'><strong>modo</strong></span> <span class='ocrx_word' id='word_1_686' title='bbox 1018 2202 1048 2222; x_wconf 88' lang='lat' dir='ltr'><strong>se</strong></span> <span class='ocrx_word' id='word_1_687' title='bbox 1063 2195 1120 2230; x_wconf 91' lang='lat' dir='ltr'><strong>ipse</strong></span> <span class='ocrx_word' id='word_1_688' title='bbox 1139 2195 1256 2229; x_wconf 87' lang='lat' dir='ltr'><strong>deserat,</strong></span> <span class='ocrx_word' id='word_1_689' title='bbox 1271 2204 1360 2232; x_wconf 88' lang='lat' dir='ltr'><strong>neque</strong></span> <span class='ocrx_word' id='word_1_690' title='bbox 1374 2197 1465 2224; x_wconf 84' lang='lat' dir='ltr'><strong>sedem</strong></span> <span class='ocrx_word' id='word_1_691' title='bbox 1482 2205 1561 2225; x_wconf 89' lang='lat' dir='ltr'><strong>suam</strong></span> <span class='ocrx_word' id='word_1_692' title='bbox 1583 2198 1711 2226; x_wconf 89' lang='lat' dir='ltr'><strong>immobi-</strong></span> 
     </span>
    </p>
   </div>
   <div class='ocr_carea' id='block_1_95' title="bbox 923 2242 1710 2281">
    <p class='ocr_par' dir='ltr' id='par_1_95' title="bbox 923 2242 1710 2281">
     <span class='ocr_line' id='line_1_95' title="bbox 923 2242 1710 2281; baseline 0.005 -12"><span class='ocrx_word' id='word_1_693' title='bbox 923 2242 1032 2278; x_wconf 91' lang='lat' dir='ltr'><strong>lemque</strong></span> <span class='ocrx_word' id='word_1_694' title='bbox 1051 2243 1233 2277; x_wconf 88' lang='lat' dir='ltr'><strong>mansionem,</strong></span> <span class='ocrx_word' id='word_1_695' title='bbox 1255 2248 1283 2271; x_wconf 92' lang='lat' dir='ltr'><strong>et</strong></span> <span class='ocrx_word' id='word_1_696' title='bbox 1302 2244 1381 2281; x_wconf 87' lang='lat' dir='ltr'><strong>quasi</strong></span> <span class='ocrx_word' id='word_1_697' title='bbox 1396 2244 1482 2271; x_wconf 88' lang='lat' dir='ltr'><strong>larem</strong></span> <span class='ocrx_word' id='word_1_698' title='bbox 1497 2244 1645 2280; x_wconf 84' lang='lat' dir='ltr'><strong>relinquat,</strong></span> <span class='ocrx_word' id='word_1_699' title='bbox 1661 2246 1710 2273; x_wconf 87' lang='lat' dir='ltr'><strong>sed</strong></span> 
     </span>
    </p>
   </div>
   <div class='ocr_carea' id='block_1_96' title="bbox 924 2287 1709 2324">
    <p class='ocr_par' dir='ltr' id='par_1_96' title="bbox 924 2287 1709 2324">
     <span class='ocr_line' id='line_1_96' title="bbox 924 2287 1709 2324; baseline 0.004 -9"><span class='ocrx_word' id='word_1_700' title='bbox 924 2287 951 2315; x_wconf 92' lang='lat' dir='ltr'><strong>in</strong></span> <span class='ocrx_word' id='word_1_701' title='bbox 967 2296 1000 2316; x_wconf 87' lang='lat' dir='ltr'><strong>ea</strong></span> <span class='ocrx_word' id='word_1_702' title='bbox 1011 2289 1103 2317; x_wconf 89' lang='lat' dir='ltr'><strong>omnia</strong></span> <span class='ocrx_word' id='word_1_703' title='bbox 1123 2288 1303 2324; x_wconf 79' lang='lat' dir='ltr'><strong>perfectaque</strong></span> <span class='ocrx_word' id='word_1_704' title='bbox 1322 2290 1504 2324; x_wconf 68' lang='lat' dir='ltr'><strong>providentia:</strong></span> <span class='ocrx_word' id='word_1_705' title='bbox 1519 2298 1575 2318; x_wconf 71' lang='lat' dir='ltr'><strong>suae</strong></span> <span class='ocrx_word' id='word_1_706' title='bbox 1596 2298 1709 2318; x_wconf 88' lang='lat' dir='ltr'><strong>munera</strong></span> 
     </span>
    </p>
   </div>
   <div class='ocr_carea' id='block_1_97' title="bbox 923 2336 1711 2371">
    <p class='ocr_par' dir='ltr' id='par_1_97' title="bbox 923 2336 1711 2371">
     <span class='ocr_line' id='line_1_97' title="bbox 923 2336 1711 2371; baseline 0.001 -8"><span class='ocrx_word' id='word_1_707' title='bbox 923 2336 1059 2370; x_wconf 83' lang='lat' dir='ltr'><strong>perﬁciat,</strong></span> <span class='ocrx_word' id='word_1_708' title='bbox 1074 2340 1102 2364; x_wconf 88' lang='lat' dir='ltr'><strong>et</strong></span> <span class='ocrx_word' id='word_1_709' title='bbox 1115 2336 1246 2371; x_wconf 88' lang='lat' dir='ltr'><strong>procedat</strong></span> <span class='ocrx_word' id='word_1_710' title='bbox 1262 2336 1295 2364; x_wconf 85' lang='lat' dir='ltr'><strong>ad</strong></span> <span class='ocrx_word' id='word_1_711' title='bbox 1304 2336 1406 2369; x_wconf 87' lang='lat' dir='ltr'><strong>omnia,</strong></span> <span class='ocrx_word' id='word_1_712' title='bbox 1421 2336 1485 2364; x_wconf 87' lang='lat' dir='ltr'><strong>etin</strong></span> <span class='ocrx_word' id='word_1_713' title='bbox 1502 2344 1532 2365; x_wconf 88' lang='lat' dir='ltr'><strong>se</strong></span> <span class='ocrx_word' id='word_1_714' title='bbox 1547 2343 1671 2370; x_wconf 90' lang='lat' dir='ltr'><strong>maneat;</strong></span> <span class='ocrx_word' id='word_1_715' title='bbox 1683 2342 1711 2365; x_wconf 91' lang='lat' dir='ltr'><strong>et</strong></span> 
     </span>
    </p>
   </div>
   <div class='ocr_carea' id='block_1_98' title="bbox 923 2383 1711 2422">
    <p class='ocr_par' dir='ltr' id='par_1_98' title="bbox 923 2383 1711 2422">
     <span class='ocr_line' id='line_1_98' title="bbox 923 2383 1711 2422; baseline 0.001 -12"><span class='ocrx_word' id='word_1_716' title='bbox 923 2383 1033 2410; x_wconf 86' lang='lat' dir='ltr'><strong>insistat</strong></span> <span class='ocrx_word' id='word_1_717' title='bbox 1043 2389 1152 2422; x_wconf 83' lang='lat' dir='ltr'><strong>semper</strong></span> <span class='ocrx_word' id='word_1_718' title='bbox 1167 2390 1200 2415; x_wconf 81' lang='lat' dir='ltr'><strong>ac</strong></span> <span class='ocrx_word' id='word_1_719' title='bbox 1211 2386 1362 2415; x_wconf 88' lang='lat' dir='ltr'><strong>moveatur;</strong></span> <span class='ocrx_word' id='word_1_720' title='bbox 1374 2383 1613 2417; x_wconf 89' lang='lat' dir='ltr'><strong>etnequeinsistat</strong></span> <span class='ocrx_word' id='word_1_721' title='bbox 1621 2390 1711 2418; x_wconf 88' lang='lat' dir='ltr'><strong>neque</strong></span> 
     </span>
    </p>
   </div>
   <div class='ocr_carea' id='block_1_99' title="bbox 924 2428 1710 2464">
    <p class='ocr_par' dir='ltr' id='par_1_99' title="bbox 924 2428 1710 2464">
     <span class='ocr_line' id='line_1_99' title="bbox 924 2428 1710 2464; baseline -0.001 -7"><span class='ocrx_word' id='word_1_722' title='bbox 924 2434 1082 2463; x_wconf 79' lang='lat' dir='ltr'><strong>moveatur;</strong></span> <span class='ocrx_word' id='word_1_723' title='bbox 1094 2429 1142 2457; x_wconf 89' lang='lat' dir='ltr'><strong>sed</strong></span> <span class='ocrx_word' id='word_1_724' title='bbox 1153 2435 1186 2456; x_wconf 88' lang='lat' dir='ltr'><strong>ac</strong></span> <span class='ocrx_word' id='word_1_725' title='bbox 1198 2428 1221 2456; x_wconf 91' lang='lat' dir='ltr'><strong>si</strong></span> <span class='ocrx_word' id='word_1_726' title='bbox 1236 2429 1296 2463; x_wconf 88' lang='lat' dir='ltr'><strong>quis</strong></span> <span class='ocrx_word' id='word_1_727' title='bbox 1314 2428 1397 2462; x_wconf 88' lang='lat' dir='ltr'><strong>dicat,</strong></span> <span class='ocrx_word' id='word_1_728' title='bbox 1412 2433 1442 2455; x_wconf 90' lang='lat' dir='ltr'><strong>ut</strong></span> <span class='ocrx_word' id='word_1_729' title='bbox 1453 2429 1501 2464; x_wconf 89' lang='lat' dir='ltr'><strong>qui</strong></span> <span class='ocrx_word' id='word_1_730' title='bbox 1519 2428 1641 2456; x_wconf 90' lang='lat' dir='ltr'><strong>actiones</strong></span> <span class='ocrx_word' id='word_1_731' title='bbox 1653 2436 1710 2456; x_wconf 70' lang='lat' dir='ltr'><strong>sua:</strong></span> 
     </span>
    </p>
   </div>
   <div class='ocr_carea' id='block_1_100' title="bbox 923 2475 1710 2515">
    <p class='ocr_par' dir='ltr' id='par_1_100' title="bbox 923 2475 1710 2515">
     <span class='ocr_line' id='line_1_100' title="bbox 923 2475 1710 2515; baseline 0 -13"><span class='ocrx_word' id='word_1_732' title='bbox 923 2475 1101 2511; x_wconf 77' lang='lat' dir='ltr'><strong>providentiae</strong></span> <span class='ocrx_word' id='word_1_733' title='bbox 1116 2475 1143 2503; x_wconf 90' lang='lat' dir='ltr'><strong>in</strong></span> <span class='ocrx_word' id='word_1_734' title='bbox 1159 2475 1366 2515; x_wconf 85' lang='lat' dir='ltr'><strong>perseverantia</strong></span> <span class='ocrx_word' id='word_1_735' title='bbox 1376 2495 1385 2509; x_wconf 89' lang='lat'><strong>,</strong></span> <span class='ocrx_word' id='word_1_736' title='bbox 1398 2480 1425 2505; x_wconf 85' lang='lat' dir='ltr'><strong>et</strong></span> <span class='ocrx_word' id='word_1_737' title='bbox 1436 2477 1667 2512; x_wconf 86' lang='lat' dir='ltr'><strong>perseverantiam</strong></span> <span class='ocrx_word' id='word_1_738' title='bbox 1681 2475 1710 2502; x_wconf 93' lang='lat' dir='ltr'><strong>in</strong></span> 
     </span>
    </p>
   </div>
   <div class='ocr_carea' id='block_1_101' title="bbox 923 2522 1709 2559">
    <p class='ocr_par' dir='ltr' id='par_1_101' title="bbox 923 2522 1709 2559">
     <span class='ocr_line' id='line_1_101' title="bbox 923 2522 1709 2559; baseline 0 -9"><span class='ocrx_word' id='word_1_739' title='bbox 923 2522 1094 2557; x_wconf 77' lang='lat' dir='ltr'><strong>providentia</strong></span> <span class='ocrx_word' id='word_1_740' title='bbox 1107 2522 1335 2559; x_wconf 41' lang='lat' dir='ltr'><strong>connaturaliter.</strong></span> <span class='ocrx_word' id='word_1_741' title='bbox 1346 2522 1428 2551; x_wconf 84' lang='lat' dir='ltr'><strong>simul</strong></span> <span class='ocrx_word' id='word_1_742' title='bbox 1438 2530 1472 2551; x_wconf 85' lang='lat' dir='ltr'><strong>ac</strong></span> <span class='ocrx_word' id='word_1_743' title='bbox 1485 2530 1569 2559; x_wconf 84' lang='lat' dir='ltr'><strong>supra</strong></span> <span class='ocrx_word' id='word_1_744' title='bbox 1581 2526 1709 2551; x_wconf 89' lang='lat' dir='ltr'><strong>naturam</strong></span> 
     </span>
    </p>
   </div>
   <div class='ocr_carea' id='block_1_102' title="bbox 924 2569 1034 2600">
    <p class='ocr_par' dir='ltr' id='par_1_102' title="bbox 924 2569 1034 2600">
     <span class='ocr_line' id='line_1_102' title="bbox 924 2569 1034 2600; baseline 0.018 -4"><span class='ocrx_word' id='word_1_745' title='bbox 924 2569 1034 2600; x_wconf 78' lang='lat' dir='ltr'><strong>haheat.</strong></span> 
     </span>
    </p>
   </div>
   <div class='ocr_carea' id='block_1_103' title="bbox 848 2631 938 2669">
    <p class='ocr_par' dir='ltr' id='par_1_103' title="bbox 848 2631 938 2669">
     <span class='ocr_line' id='line_1_103' title="bbox 848 2631 938 2669; baseline 0.056 -9"><span class='ocrx_word' id='word_1_746' title='bbox 848 2632 863 2669; x_wconf 84' lang='lat'><strong>§</strong></span> <span class='ocrx_word' id='word_1_747' title='bbox 884 2631 938 2665; x_wconf 72' lang='lat' dir='ltr'><strong>IY.</strong></span> 
     </span>
    </p>
   </div>
   <div class='ocr_carea' id='block_1_104' title="bbox 132 2682 871 2726">
    <p class='ocr_par' dir='ltr' id='par_1_104' title="bbox 132 2682 871 2726">
     <span class='ocr_line' id='line_1_104' title="bbox 132 2682 871 2726; baseline 0.012 -17"><span class='ocrx_word' id='word_1_748' title='bbox 132 2682 206 2710; x_wconf 83' lang='grc' dir='ltr'>Ἀλλά</span> <span class='ocrx_word' id='word_1_749' title='bbox 220 2683 262 2715; x_wconf 82' lang='grc' dir='ltr'><strong>τίς</strong></span> <span class='ocrx_word' id='word_1_750' title='bbox 277 2684 294 2720; x_wconf 83' lang='grc' dir='ltr'>ἡ</span> <span class='ocrx_word' id='word_1_751' title='bbox 311 2685 409 2720; x_wconf 88' lang='grc' dir='ltr'>στερεά</span> <span class='ocrx_word' id='word_1_752' title='bbox 417 2686 514 2723; x_wconf 85' lang='grc' dir='ltr'>τροφὴ,</span> <span class='ocrx_word' id='word_1_753' title='bbox 532 2688 578 2715; x_wconf 78' lang='grc' dir='ltr'><strong>καὶ</strong></span> <span class='ocrx_word' id='word_1_754' title='bbox 591 2688 632 2721; x_wconf 82' lang='grc' dir='ltr'><strong>τίς</strong></span> <span class='ocrx_word' id='word_1_755' title='bbox 641 2690 658 2725; x_wconf 84' lang='grc' dir='ltr'><strong>ή</strong></span> <span class='ocrx_word' id='word_1_756' title='bbox 669 2690 755 2726; x_wconf 72' lang='grc' dir='ltr'>ὑγράς</span> <span class='ocrx_word' id='word_1_757' title='bbox 771 2689 871 2724; x_wconf 80' lang='grc' dir='ltr'>ταύτας</span> 
     </span>
    </p>
   </div>
   <div class='ocr_carea' id='block_1_105' title="bbox 96 2729 871 2774">
    <p class='ocr_par' dir='ltr' id='par_1_105' title="bbox 96 2729 871 2774">
     <span class='ocr_line' id='line_1_105' title="bbox 96 2729 871 2774; baseline 0.012 -19"><span class='ocrx_word' id='word_1_758' title='bbox 96 2729 142 2765; x_wconf 80' lang='grc' dir='ltr'>γὰρ</span> <span class='ocrx_word' id='word_1_759' title='bbox 165 2730 182 2766; x_wconf 83' lang='grc' dir='ltr'><strong>ὴ</strong></span> <span class='ocrx_word' id='word_1_760' title='bbox 210 2729 300 2766; x_wconf 87' lang='grc' dir='ltr'>ἀγαθὴ</span> <span class='ocrx_word' id='word_1_761' title='bbox 328 2732 409 2766; x_wconf 88' lang='grc' dir='ltr'>σοφία</span> <span class='ocrx_word' id='word_1_762' title='bbox 433 2732 576 2769; x_wconf 85' lang='grc' dir='ltr'>δωρεῖσθαι</span> <span class='ocrx_word' id='word_1_763' title='bbox 595 2735 653 2770; x_wconf 76' lang='grc' dir='ltr'>ἅμα</span> <span class='ocrx_word' id='word_1_764' title='bbox 676 2737 723 2763; x_wconf 77' lang='grc' dir='ltr'><strong>καὶ</strong></span> <span class='ocrx_word' id='word_1_765' title='bbox 747 2738 871 2774; x_wconf 82' lang='grc' dir='ltr'>προνοεῖν</span> 
     </span>
    </p>
   </div>
   <div class='ocr_carea' id='block_1_106' title="bbox 960 2690 1707 2729">
    <p class='ocr_par' dir='ltr' id='par_1_106' title="bbox 960 2690 1707 2729">
     <span class='ocr_line' id='line_1_106' title="bbox 960 2690 1707 2729; baseline 0.003 -10"><span class='ocrx_word' id='word_1_766' title='bbox 960 2690 1059 2720; x_wconf 83' lang='lat' dir='ltr'><strong>Verum</strong></span> <span class='ocrx_word' id='word_1_767' title='bbox 1078 2692 1204 2728; x_wconf 88' lang='lat' dir='ltr'><strong>quisnam</strong></span> <span class='ocrx_word' id='word_1_768' title='bbox 1225 2693 1329 2722; x_wconf 89' lang='lat' dir='ltr'><strong>solidus</strong></span> <span class='ocrx_word' id='word_1_769' title='bbox 1348 2693 1436 2726; x_wconf 87' lang='lat' dir='ltr'><strong>cibus,</strong></span> <span class='ocrx_word' id='word_1_770' title='bbox 1456 2699 1484 2722; x_wconf 88' lang='lat' dir='ltr'><strong>et</strong></span> <span class='ocrx_word' id='word_1_771' title='bbox 1503 2693 1566 2729; x_wconf 88' lang='lat' dir='ltr'><strong>quis</strong></span> <span class='ocrx_word' id='word_1_772' title='bbox 1588 2693 1707 2729; x_wconf 86' lang='lat' dir='ltr'><strong>liquidus</strong></span> 
     </span>
    </p>
   </div>
   <div class='ocr_carea' id='block_1_107' title="bbox 924 2738 1710 2776">
    <p class='ocr_par' dir='ltr' id='par_1_107' title="bbox 924 2738 1710 2776">
     <span class='ocr_line' id='line_1_107' title="bbox 924 2738 1710 2776; baseline 0.001 -10"><span class='ocrx_word' id='word_1_773' title='bbox 924 2739 984 2766; x_wconf 85' lang='lat' dir='ltr'><strong>est?</strong></span> <span class='ocrx_word' id='word_1_774' title='bbox 994 2738 1044 2767; x_wconf 86' lang='lat' dir='ltr'><strong>hos</strong></span> <span class='ocrx_word' id='word_1_775' title='bbox 1055 2740 1129 2767; x_wconf 91' lang='lat' dir='ltr'><strong>enim</strong></span> <span class='ocrx_word' id='word_1_776' title='bbox 1143 2740 1259 2776; x_wconf 81' lang='lat' dir='ltr'><strong>benigna</strong></span> <span class='ocrx_word' id='word_1_777' title='bbox 1271 2740 1505 2776; x_wconf 78' lang='lat' dir='ltr'><strong>sapientialargiri</strong></span> <span class='ocrx_word' id='word_1_778' title='bbox 1516 2739 1596 2768; x_wconf 89' lang='lat' dir='ltr'><strong>simul</strong></span> <span class='ocrx_word' id='word_1_779' title='bbox 1607 2744 1634 2769; x_wconf 88' lang='lat' dir='ltr'><strong>et</strong></span> <span class='ocrx_word' id='word_1_780' title='bbox 1645 2748 1710 2775; x_wconf 66' lang='lat' dir='ltr'><strong>pro“</strong></span> 
     </span>
    </p>
   </div>
   <div class='ocr_carea' id='block_1_108' title="bbox 738 2818 1071 2850">
    <p class='ocr_par' dir='ltr' id='par_1_108' title="bbox 738 2818 1071 2850">
     <span class='ocr_line' id='line_1_108' title="bbox 738 2818 1071 2850; baseline 0.009 -4"><span class='ocrx_word' id='word_1_781' title='bbox 738 2818 855 2847; x_wconf 74' lang='lat' dir='ltr'><strong>VARUE</strong></span> <span class='ocrx_word' id='word_1_782' title='bbox 874 2819 1071 2850; x_wconf 84' lang='lat' dir='ltr'><strong>LECTIONES.</strong></span> 
     </span>
    </p>
   </div>
   <div class='ocr_carea' id='block_1_109' title="bbox 123 2868 1708 2916">
    <p class='ocr_par' dir='ltr' id='par_1_109' title="bbox 123 2868 1708 2916">
     <span class='ocr_line' id='line_1_109' title="bbox 123 2868 1708 2916; baseline 0.006 -20"><span class='ocrx_word' id='word_1_783' title='bbox 156 2870 398 2916; x_wconf 56' lang='grc' dir='ltr'>ὲπιστέλλωμςνρ.</span> <span class='ocrx_word' id='word_1_784' title='bbox 476 2870 522 2916; x_wconf 73' lang='grc' dir='ltr'>οὖν</span> <span class='ocrx_word' id='word_1_785' title='bbox 540 2874 693 2916; x_wconf 46' lang='lat' dir='ltr'><strong>nominata</strong></span> <span class='ocrx_word' id='word_1_786' title='bbox 761 2876 804 2916; x_wconf 31' lang='lat'><strong>“51°</strong></span> <span class='ocrx_word' id='word_1_787' title='bbox 822 2877 998 2916; x_wconf 58' lang='grc' dir='ltr'><strong>προνοὶουςιτιἈ</strong></span> <span class='ocrx_word' id='word_1_788' title='bbox 1006 2879 1034 2906; x_wconf 83' lang='lat' dir='ltr'><strong>S.</strong></span> <span class='ocrx_word' id='word_1_789' title='bbox 1053 2879 1083 2907; x_wconf 82' lang='grc' dir='ltr'><strong>Ρ.</strong></span> <span class='ocrx_word' id='word_1_790' title='bbox 1101 2879 1152 2916; x_wconf 65' lang='lat' dir='ltr'><strong>Ch.</strong></span> <span class='ocrx_word' id='word_1_791' title='bbox 1170 2880 1201 2907; x_wconf 89' lang='lat' dir='ltr'><strong>D.</strong></span> <span class='ocrx_word' id='word_1_792' title='bbox 1239 2879 1418 2916; x_wconf 26' lang='lat' dir='ltr'><strong>‘ﬂécpitsttév-rg,</strong></span> <span class='ocrx_word' id='word_1_793' title='bbox 1431 2879 1462 2907; x_wconf 88' lang='grc'><strong>1).</strong></span> <span class='ocrx_word' id='word_1_794' title='bbox 1477 2877 1506 2906; x_wconf 89' lang='lat' dir='ltr'><strong>S.</strong></span> <span class='ocrx_word' id='word_1_795' title='bbox 1516 2879 1546 2907; x_wconf 86' lang='grc' dir='ltr'><strong>Ρ.</strong></span> <span class='ocrx_word' id='word_1_796' title='bbox 1584 2878 1607 2894; x_wconf 83' lang='lat'>&quot;</span> <span class='ocrx_word' id='word_1_797' title='bbox 1623 2877 1708 2913; x_wconf 68' lang='grc' dir='ltr'>ἀσράα</span> 
     </span>
    </p>
   </div>
   <div class='ocr_carea' id='block_1_110' title="bbox 98 2905 1012 2947">
    <p class='ocr_par' dir='ltr' id='par_1_110' title="bbox 98 2905 1012 2947">
     <span class='ocr_line' id='line_1_110' title="bbox 98 2905 1012 2947; baseline 0.012 -17"><span class='ocrx_word' id='word_1_798' title='bbox 98 2910 150 2936; x_wconf 71' lang='grc' dir='ltr'><strong>τως.</strong></span> <span class='ocrx_word' id='word_1_799' title='bbox 189 2905 212 2921; x_wconf 68' lang='grc' dir='ltr'>ιδ</span> <span class='ocrx_word' id='word_1_800' title='bbox 229 2907 258 2933; x_wconf 80' lang='grc' dir='ltr'><strong>ὲν</strong></span> <span class='ocrx_word' id='word_1_801' title='bbox 274 2905 393 2943; x_wconf 66' lang='grc' dir='ltr'><strong>αὖτῴ,ἰ).</strong></span> <span class='ocrx_word' id='word_1_802' title='bbox 434 2909 455 2924; x_wconf 68' lang='grc' dir='ltr'><strong>ιι</strong></span> <span class='ocrx_word' id='word_1_803' title='bbox 474 2909 581 2942; x_wconf 76' lang='grc' dir='ltr'>ἑαυτοῦ,</span> <span class='ocrx_word' id='word_1_804' title='bbox 601 2910 630 2940; x_wconf 86' lang='lat' dir='ltr'><strong>n,</strong></span> <span class='ocrx_word' id='word_1_805' title='bbox 651 2911 680 2939; x_wconf 90' lang='lat' dir='ltr'><strong>s.</strong></span> <span class='ocrx_word' id='word_1_806' title='bbox 719 2912 741 2928; x_wconf 80' lang='grc' dir='ltr'>ι·</span> <span class='ocrx_word' id='word_1_807' title='bbox 761 2911 828 2944; x_wconf 77' lang='grc' dir='ltr'>ἰδίας</span> <span class='ocrx_word' id='word_1_808' title='bbox 844 2905 963 2947; x_wconf 65' lang='grc' dir='ltr'>ἑδραίας,</span> <span class='ocrx_word' id='word_1_809' title='bbox 981 2905 1012 2942; x_wconf 84' lang='lat' dir='ltr'><strong>&#39;s.</strong></span> 
     </span>
    </p>
   </div>
   <div class='ocr_carea' id='block_1_111' title="bbox 1060 2915 1337 2950">
    <p class='ocr_par' dir='ltr' id='par_1_111' title="bbox 1060 2915 1337 2950">
     <span class='ocr_line' id='line_1_111' title="bbox 1060 2915 1337 2950; baseline 0.004 -9"><span class='ocrx_word' id='word_1_810' title='bbox 1060 2915 1083 2931; x_wconf 78' lang='lat'><strong>&#39;°</strong></span> <span class='ocrx_word' id='word_1_811' title='bbox 1100 2916 1128 2942; x_wconf 75' lang='grc' dir='ltr'>ἐν</span> <span class='ocrx_word' id='word_1_812' title='bbox 1146 2915 1238 2950; x_wconf 75' lang='grc' dir='ltr'>ἑαυτῆ,</span> <span class='ocrx_word' id='word_1_813' title='bbox 1258 2915 1286 2944; x_wconf 85' lang='lat' dir='ltr'><strong>S.</strong></span> <span class='ocrx_word' id='word_1_814' title='bbox 1307 2915 1337 2943; x_wconf 85' lang='lat' dir='ltr'><strong>P.</strong></span> 
     </span>
    </p>
   </div>
  </div>
