  <div class='ocr_page' id='page_1' title='image "/cluster/home/n/w/nwhite01/storage/ocr_20150623/3/njp.32101077772356/669.png"; bbox 0 0 1914 3061; ppageno 0'>
   <div class='ocr_carea' id='block_1_1' title="bbox 215 155 283 183">
    <p class='ocr_par' dir='ltr' id='par_1_1' title="bbox 215 155 283 183">
     <span class='ocr_line' id='line_1_1' title="bbox 215 155 283 183; baseline -0.015 0"><span class='ocrx_word' id='word_1_1' title='bbox 215 155 283 183; x_wconf 81' lang='lat' dir='ltr'><strong>HM</strong></span> 
     </span>
    </p>
   </div>
   <div class='ocr_carea' id='block_1_2' title="bbox 796 157 1267 191">
    <p class='ocr_par' dir='ltr' id='par_1_2' title="bbox 796 157 1267 191">
     <span class='ocr_line' id='line_1_2' title="bbox 796 157 1267 191; baseline 0.015 -6"><span class='ocrx_word' id='word_1_2' title='bbox 796 157 825 187; x_wconf 93' lang='lat' dir='ltr'><strong>S.</strong></span> <span class='ocrx_word' id='word_1_3' title='bbox 858 158 1007 188; x_wconf 78' lang='lat' dir='ltr'><strong>DIONYSII</strong></span> <span class='ocrx_word' id='word_1_4' title='bbox 1036 161 1267 191; x_wconf 68' lang='lat' dir='ltr'><strong>AREOPAGITAE</strong></span> 
     </span>
    </p>
   </div>
   <div class='ocr_carea' id='block_1_3' title="bbox 1802 170 1879 196">
    <p class='ocr_par' dir='ltr' id='par_1_3' title="bbox 1802 170 1879 196">
     <span class='ocr_line' id='line_1_3' title="bbox 1802 170 1879 196; baseline -0.013 0"><span class='ocrx_word' id='word_1_5' title='bbox 1802 170 1879 196; x_wconf 69' lang='grc'><strong>1112</strong></span> 
     </span>
    </p>
   </div>
   <div class='ocr_carea' id='block_1_4' title="bbox 211 213 998 262">
    <p class='ocr_par' dir='ltr' id='par_1_4' title="bbox 211 213 998 251">
     <span class='ocr_line' id='line_1_4' title="bbox 211 213 998 251; baseline 0.004 -10"><span class='ocrx_word' id='word_1_6' title='bbox 211 214 306 243; x_wconf 80' lang='lat' dir='ltr'><strong>videre</strong></span> <span class='ocrx_word' id='word_1_7' title='bbox 321 214 497 251; x_wconf 69' lang='lat' dir='ltr'><strong>praedicatur.</strong></span> <span class='ocrx_word' id='word_1_8' title='bbox 515 213 642 243; x_wconf 77' lang='lat' dir='ltr'><strong>Arbitror</strong></span> <span class='ocrx_word' id='word_1_9' title='bbox 657 215 749 250; x_wconf 88' lang='lat' dir='ltr'><strong>itaque</strong></span> <span class='ocrx_word' id='word_1_10' title='bbox 760 235 769 248; x_wconf 88' lang='lat'><strong>,</strong></span> <span class='ocrx_word' id='word_1_11' title='bbox 789 215 906 244; x_wconf 81' lang='lat' dir='ltr'><strong>solidum</strong></span> <span class='ocrx_word' id='word_1_12' title='bbox 926 216 998 244; x_wconf 86' lang='lat' dir='ltr'><strong>illum</strong></span> 
     </span>
    </p>
   </div>
   <div class='ocr_carea' id='block_1_5' title="bbox 1053 213 1878 262">
    <p class='ocr_par' dir='ltr' id='par_1_5' title="bbox 1055 218 1878 262">
     <span class='ocr_line' id='line_1_5' title="bbox 1055 218 1878 262; baseline 0.01 -17"><span class='ocrx_word' id='word_1_13' title='bbox 1055 218 1189 254; x_wconf 84' lang='grc' dir='ltr'>ὑμνεῖται.</span> <span class='ocrx_word' id='word_1_14' title='bbox 1216 220 1272 256; x_wconf 81' lang='grc' dir='ltr'><strong>Τὴν</strong></span> <span class='ocrx_word' id='word_1_15' title='bbox 1294 221 1343 256; x_wconf 80' lang='grc' dir='ltr'><strong>μὲν</strong></span> <span class='ocrx_word' id='word_1_16' title='bbox 1364 219 1411 248; x_wconf 76' lang='grc' dir='ltr'>οὖν</span> <span class='ocrx_word' id='word_1_17' title='bbox 1432 223 1545 258; x_wconf 77' lang='grc' dir='ltr'>στερεὰν</span> <span class='ocrx_word' id='word_1_18' title='bbox 1571 225 1693 260; x_wconf 80' lang='grc' dir='ltr'>τροφὴν,</span> <span class='ocrx_word' id='word_1_19' title='bbox 1725 225 1878 262; x_wconf 74' lang='grc' dir='ltr'>σύνθημα</span> 
     </span>
    </p>
   </div>
   <div class='ocr_carea' id='block_1_6' title="bbox 211 260 1001 297">
    <p class='ocr_par' dir='ltr' id='par_1_6' title="bbox 211 260 1001 297">
     <span class='ocr_line' id='line_1_6' title="bbox 211 260 1001 297; baseline 0.004 -9"><span class='ocrx_word' id='word_1_20' title='bbox 211 260 302 288; x_wconf 83' lang='lat' dir='ltr'><strong>cibum</strong></span> <span class='ocrx_word' id='word_1_21' title='bbox 325 260 492 289; x_wconf 84' lang='lat' dir='ltr'><strong>intellectilis</strong></span> <span class='ocrx_word' id='word_1_22' title='bbox 509 269 542 289; x_wconf 91' lang='lat' dir='ltr'><strong>ac</strong></span> <span class='ocrx_word' id='word_1_23' title='bbox 557 261 762 297; x_wconf 67' lang='lat' dir='ltr'><strong>perseverantis</strong></span> <span class='ocrx_word' id='word_1_24' title='bbox 777 260 956 297; x_wconf 71' lang='lat' dir='ltr'><strong>perfectionis</strong></span> <span class='ocrx_word' id='word_1_25' title='bbox 973 268 1001 291; x_wconf 90' lang='lat' dir='ltr'><strong>et</strong></span> 
     </span>
    </p>
   </div>
   <div class='ocr_carea' id='block_1_7' title="bbox 212 307 1001 345">
    <p class='ocr_par' dir='ltr' id='par_1_7' title="bbox 212 307 1001 345">
     <span class='ocr_line' id='line_1_7' title="bbox 212 307 1001 345; baseline 0.004 -11"><span class='ocrx_word' id='word_1_26' title='bbox 212 307 365 336; x_wconf 88' lang='lat' dir='ltr'><strong>identitatis</strong></span> <span class='ocrx_word' id='word_1_27' title='bbox 377 308 484 344; x_wconf 74' lang='lat' dir='ltr'><strong>signum</strong></span> <span class='ocrx_word' id='word_1_28' title='bbox 496 316 553 344; x_wconf 69' lang='lat' dir='ltr'><strong>pra;</strong></span> <span class='ocrx_word' id='word_1_29' title='bbox 568 315 600 336; x_wconf 84' lang='lat' dir='ltr'><strong>se</strong></span> <span class='ocrx_word' id='word_1_30' title='bbox 623 308 708 341; x_wconf 81' lang='lat' dir='ltr'><strong>ferre,</strong></span> <span class='ocrx_word' id='word_1_31' title='bbox 731 316 786 343; x_wconf 91' lang='lat' dir='ltr'><strong>quo</strong></span> <span class='ocrx_word' id='word_1_32' title='bbox 806 309 944 345; x_wconf 73' lang='lat' dir='ltr'><strong>spiritales</strong></span> <span class='ocrx_word' id='word_1_33' title='bbox 955 310 1001 338; x_wconf 92' lang='lat' dir='ltr'><strong>isti</strong></span> 
     </span>
    </p>
   </div>
   <div class='ocr_carea' id='block_1_8' title="bbox 210 355 999 391">
    <p class='ocr_par' dir='ltr' id='par_1_8' title="bbox 210 355 999 391">
     <span class='ocr_line' id='line_1_8' title="bbox 210 355 999 391; baseline 0.004 -10"><span class='ocrx_word' id='word_1_34' title='bbox 210 360 307 382; x_wconf 79' lang='lat' dir='ltr'><strong>sensus</strong></span> <span class='ocrx_word' id='word_1_35' title='bbox 323 355 474 383; x_wconf 86' lang='lat' dir='ltr'><strong>secundum</strong></span> <span class='ocrx_word' id='word_1_36' title='bbox 487 359 658 384; x_wconf 84' lang='lat' dir='ltr'><strong>constantem</strong></span> <span class='ocrx_word' id='word_1_37' title='bbox 671 363 703 384; x_wconf 90' lang='lat' dir='ltr'><strong>ac</strong></span> <span class='ocrx_word' id='word_1_38' title='bbox 711 355 882 391; x_wconf 90' lang='lat' dir='ltr'><strong>potissimam</strong></span> <span class='ocrx_word' id='word_1_39' title='bbox 897 360 926 384; x_wconf 88' lang='lat' dir='ltr'><strong>ct</strong></span> <span class='ocrx_word' id='word_1_40' title='bbox 941 357 999 384; x_wconf 84' lang='lat' dir='ltr'><strong>sin-</strong></span> 
     </span>
    </p>
   </div>
   <div class='ocr_carea' id='block_1_9' title="bbox 210 402 1000 438">
    <p class='ocr_par' dir='ltr' id='par_1_9' title="bbox 210 402 1000 438">
     <span class='ocr_line' id='line_1_9' title="bbox 210 402 1000 438; baseline 0.001 -8"><span class='ocrx_word' id='word_1_41' title='bbox 210 402 332 438; x_wconf 69' lang='lat' dir='ltr'><strong>gularem</strong></span> <span class='ocrx_word' id='word_1_42' title='bbox 346 402 418 431; x_wconf 82' lang='lat' dir='ltr'><strong>illam</strong></span> <span class='ocrx_word' id='word_1_43' title='bbox 434 402 601 430; x_wconf 81' lang='lat' dir='ltr'><strong>individuam</strong></span> <span class='ocrx_word' id='word_1_44' title='bbox 615 403 759 431; x_wconf 77' lang='lat' dir='ltr'><strong>scientiam</strong></span> <span class='ocrx_word' id='word_1_45' title='bbox 777 403 869 431; x_wconf 84' lang='lat' dir='ltr'><strong>divina</strong></span> <span class='ocrx_word' id='word_1_46' title='bbox 883 403 1000 438; x_wconf 85' lang='lat' dir='ltr'><strong>partici-</strong></span> 
     </span>
    </p>
   </div>
   <div class='ocr_carea' id='block_1_10' title="bbox 209 449 1000 484">
    <p class='ocr_par' dir='ltr' id='par_1_10' title="bbox 209 449 1000 484">
     <span class='ocr_line' id='line_1_10' title="bbox 209 449 1000 484; baseline 0.004 -8"><span class='ocrx_word' id='word_1_47' title='bbox 209 452 288 484; x_wconf 86' lang='lat' dir='ltr'><strong>pant,</strong></span> <span class='ocrx_word' id='word_1_48' title='bbox 304 456 374 484; x_wconf 90' lang='lat' dir='ltr'><strong>quos</strong></span> <span class='ocrx_word' id='word_1_49' title='bbox 395 449 584 477; x_wconf 88' lang='lat' dir='ltr'><strong>divinissimus</strong></span> <span class='ocrx_word' id='word_1_50' title='bbox 597 456 706 484; x_wconf 86' lang='lat' dir='ltr'><strong>quoque</strong></span> <span class='ocrx_word' id='word_1_51' title='bbox 725 449 827 478; x_wconf 81' lang='lat' dir='ltr'><strong>Paulus</strong></span> <span class='ocrx_word' id='word_1_52' title='bbox 836 449 916 478; x_wconf 88' lang='lat' dir='ltr'><strong>solidi</strong></span> <span class='ocrx_word' id='word_1_53' title='bbox 933 457 1000 479; x_wconf 82' lang='lat' dir='ltr'><strong>vere</strong></span> 
     </span>
    </p>
   </div>
   <div class='ocr_carea' id='block_1_11' title="bbox 209 493 998 530">
    <p class='ocr_par' dir='ltr' id='par_1_11' title="bbox 209 493 998 530">
     <span class='ocr_line' id='line_1_11' title="bbox 209 493 998 530; baseline 0.001 -8"><span class='ocrx_word' id='word_1_54' title='bbox 209 493 264 522; x_wconf 87' lang='lat' dir='ltr'><strong>cibi</strong></span> <span class='ocrx_word' id='word_1_55' title='bbox 277 502 293 522; x_wconf 89' lang='lat' dir='ltr'><strong>a</strong></span> <span class='ocrx_word' id='word_1_56' title='bbox 309 494 445 530; x_wconf 79' lang='lat' dir='ltr'><strong>sapientia</strong></span> <span class='ocrx_word' id='word_1_57' title='bbox 461 494 565 530; x_wconf 85' lang='lat' dir='ltr'><strong>accepti</strong></span> <span class='ocrx_word' id='word_1_58' title='bbox 583 494 731 530; x_wconf 87' lang='lat' dir='ltr'><strong>participes</strong></span> <span class='ocrx_word' id='word_1_59' title='bbox 755 494 832 522; x_wconf 82' lang='lat' dir='ltr'><strong>facit.</strong></span> <span class='ocrx_word' id='word_1_60' title='bbox 852 494 998 530; x_wconf 87' lang='lat' dir='ltr'><strong>Liquidum</strong></span> 
     </span>
    </p>
   </div>
   <div class='ocr_carea' id='block_1_12' title="bbox 209 539 998 575">
    <p class='ocr_par' dir='ltr' id='par_1_12' title="bbox 209 539 998 575">
     <span class='ocr_line' id='line_1_12' title="bbox 209 539 998 575; baseline 0.001 -8"><span class='ocrx_word' id='word_1_61' title='bbox 209 547 276 568; x_wconf 87' lang='lat' dir='ltr'><strong>vero</strong></span> <span class='ocrx_word' id='word_1_62' title='bbox 295 540 388 568; x_wconf 86' lang='lat' dir='ltr'><strong>cibum</strong></span> <span class='ocrx_word' id='word_1_63' title='bbox 405 540 563 575; x_wconf 70' lang='lat' dir='ltr'><strong>signiﬁcare</strong></span> <span class='ocrx_word' id='word_1_64' title='bbox 584 539 739 568; x_wconf 84' lang='lat' dir='ltr'><strong>doctrinam</strong></span> <span class='ocrx_word' id='word_1_65' title='bbox 757 539 832 567; x_wconf 88' lang='lat' dir='ltr'><strong>illam</strong></span> <span class='ocrx_word' id='word_1_66' title='bbox 847 539 998 575; x_wconf 83' lang='lat' dir='ltr'><strong>profusam,</strong></span> 
     </span>
    </p>
   </div>
   <div class='ocr_carea' id='block_1_13' title="bbox 208 587 1000 624">
    <p class='ocr_par' dir='ltr' id='par_1_13' title="bbox 208 587 1000 624">
     <span class='ocr_line' id='line_1_13' title="bbox 208 587 1000 624; baseline 0.001 -10"><span class='ocrx_word' id='word_1_67' title='bbox 208 594 270 622; x_wconf 68' lang='lat' dir='ltr'><strong>qua:</strong></span> <span class='ocrx_word' id='word_1_68' title='bbox 281 587 344 615; x_wconf 91' lang='lat' dir='ltr'><strong>dum</strong></span> <span class='ocrx_word' id='word_1_69' title='bbox 356 587 439 623; x_wconf 74' lang='lat'><strong>612</strong></span> <span class='ocrx_word' id='word_1_70' title='bbox 454 595 502 623; x_wconf 88' lang='lat' dir='ltr'><strong>per</strong></span> <span class='ocrx_word' id='word_1_71' title='bbox 515 587 608 616; x_wconf 88' lang='lat' dir='ltr'><strong>omnia</strong></span> <span class='ocrx_word' id='word_1_72' title='bbox 623 592 748 624; x_wconf 73' lang='lat' dir='ltr'><strong>vagatur,</strong></span> <span class='ocrx_word' id='word_1_73' title='bbox 762 587 843 615; x_wconf 81' lang='lat' dir='ltr'><strong>simul</strong></span> <span class='ocrx_word' id='word_1_74' title='bbox 857 587 939 615; x_wconf 91' lang='lat' dir='ltr'><strong>etiam</strong></span> <span class='ocrx_word' id='word_1_75' title='bbox 950 595 1000 623; x_wconf 88' lang='lat' dir='ltr'><strong>per</strong></span> 
     </span>
    </p>
   </div>
   <div class='ocr_carea' id='block_1_14' title="bbox 209 632 999 670">
    <p class='ocr_par' dir='ltr' id='par_1_14' title="bbox 209 632 999 670">
     <span class='ocr_line' id='line_1_14' title="bbox 209 632 999 670; baseline 0.003 -10"><span class='ocrx_word' id='word_1_76' title='bbox 209 632 285 661; x_wconf 88' lang='lat' dir='ltr'><strong>varia</strong></span> <span class='ocrx_word' id='word_1_77' title='bbox 299 633 346 661; x_wconf 89' lang='lat' dir='ltr'><strong>illa</strong></span> <span class='ocrx_word' id='word_1_78' title='bbox 361 633 577 670; x_wconf 83' lang='lat' dir='ltr'><strong>multipliciaque</strong></span> <span class='ocrx_word' id='word_1_79' title='bbox 588 633 667 669; x_wconf 79' lang='lat' dir='ltr'><strong>signa</strong></span> <span class='ocrx_word' id='word_1_80' title='bbox 679 633 713 662; x_wconf 89' lang='lat' dir='ltr'><strong>ad</strong></span> <span class='ocrx_word' id='word_1_81' title='bbox 725 632 880 668; x_wconf 85' lang='lat' dir='ltr'><strong>simplicem</strong></span> <span class='ocrx_word' id='word_1_82' title='bbox 896 639 924 662; x_wconf 90' lang='lat' dir='ltr'><strong>et</strong></span> <span class='ocrx_word' id='word_1_83' title='bbox 934 641 999 662; x_wconf 56' lang='lat' dir='ltr'><strong>conv</strong></span> 
     </span>
    </p>
   </div>
   <div class='ocr_carea' id='block_1_15' title="bbox 209 678 995 714">
    <p class='ocr_par' dir='ltr' id='par_1_15' title="bbox 209 678 995 714">
     <span class='ocr_line' id='line_1_15' title="bbox 209 678 995 714; baseline 0.001 -9"><span class='ocrx_word' id='word_1_84' title='bbox 209 682 326 706; x_wconf 80' lang='lat' dir='ltr'><strong>stantem</strong></span> <span class='ocrx_word' id='word_1_85' title='bbox 343 678 391 707; x_wconf 87' lang='lat' dir='ltr'><strong>Dei</strong></span> <span class='ocrx_word' id='word_1_86' title='bbox 409 678 604 714; x_wconf 75' lang='lat' dir='ltr'><strong>cognitionem,</strong></span> <span class='ocrx_word' id='word_1_87' title='bbox 627 685 675 706; x_wconf 87' lang='lat' dir='ltr'><strong>eos</strong></span> <span class='ocrx_word' id='word_1_88' title='bbox 692 685 762 713; x_wconf 90' lang='lat' dir='ltr'><strong>quos</strong></span> <span class='ocrx_word' id='word_1_89' title='bbox 775 679 872 712; x_wconf 90' lang='lat' dir='ltr'><strong>nutrit,</strong></span> <span class='ocrx_word' id='word_1_90' title='bbox 887 686 937 714; x_wconf 90' lang='lat' dir='ltr'><strong>per</strong></span> <span class='ocrx_word' id='word_1_91' title='bbox 953 685 995 706; x_wconf 86' lang='lat' dir='ltr'><strong>ac-</strong></span> 
     </span>
    </p>
   </div>
   <div class='ocr_carea' id='block_1_16' title="bbox 209 725 997 762">
    <p class='ocr_par' dir='ltr' id='par_1_16' title="bbox 209 725 997 762">
     <span class='ocr_line' id='line_1_16' title="bbox 209 725 997 762; baseline 0.003 -10"><span class='ocrx_word' id='word_1_92' title='bbox 209 726 409 754; x_wconf 85' lang='lat' dir='ltr'><strong>commodatam</strong></span> <span class='ocrx_word' id='word_1_93' title='bbox 419 726 552 762; x_wconf 84' lang='lat' dir='ltr'><strong>cujusque</strong></span> <span class='ocrx_word' id='word_1_94' title='bbox 562 725 654 760; x_wconf 77' lang='lat' dir='ltr'><strong>eaptui</strong></span> <span class='ocrx_word' id='word_1_95' title='bbox 665 725 815 753; x_wconf 86' lang='lat' dir='ltr'><strong>bonitatem</strong></span> <span class='ocrx_word' id='word_1_96' title='bbox 829 726 997 754; x_wconf 79' lang='lat' dir='ltr'><strong>manuducit.</strong></span> 
     </span>
    </p>
   </div>
   <div class='ocr_carea' id='block_1_17' title="bbox 210 770 1000 808">
    <p class='ocr_par' dir='ltr' id='par_1_17' title="bbox 210 770 1000 808">
     <span class='ocr_line' id='line_1_17' title="bbox 210 770 1000 808; baseline 0 -8"><span class='ocrx_word' id='word_1_97' title='bbox 210 771 287 800; x_wconf 86' lang='lat' dir='ltr'><strong>Hanc</strong></span> <span class='ocrx_word' id='word_1_98' title='bbox 299 771 335 800; x_wconf 92' lang='lat' dir='ltr'><strong>ob</strong></span> <span class='ocrx_word' id='word_1_99' title='bbox 348 779 459 800; x_wconf 86' lang='lat' dir='ltr'><strong>causam</strong></span> <span class='ocrx_word' id='word_1_100' title='bbox 471 771 578 807; x_wconf 83' lang='lat' dir='ltr'><strong>eloquia</strong></span> <span class='ocrx_word' id='word_1_101' title='bbox 592 770 636 798; x_wconf 86' lang='lat' dir='ltr'><strong>illa</strong></span> <span class='ocrx_word' id='word_1_102' title='bbox 649 771 743 799; x_wconf 87' lang='lat' dir='ltr'><strong>divina</strong></span> <span class='ocrx_word' id='word_1_103' title='bbox 759 771 958 808; x_wconf 87' lang='lat' dir='ltr'><strong>spiritaliaque,</strong></span> <span class='ocrx_word' id='word_1_104' title='bbox 972 777 1000 800; x_wconf 86' lang='lat' dir='ltr'><strong>et</strong></span> 
     </span>
    </p>
   </div>
   <div class='ocr_carea' id='block_1_18' title="bbox 210 817 999 853">
    <p class='ocr_par' dir='ltr' id='par_1_18' title="bbox 210 817 999 853">
     <span class='ocr_line' id='line_1_18' title="bbox 210 817 999 853; baseline -0.003 -6"><span class='ocrx_word' id='word_1_105' title='bbox 210 819 278 852; x_wconf 85' lang='lat' dir='ltr'><strong>rori,</strong></span> <span class='ocrx_word' id='word_1_106' title='bbox 287 822 316 847; x_wconf 87' lang='lat' dir='ltr'><strong>et</strong></span> <span class='ocrx_word' id='word_1_107' title='bbox 325 825 416 853; x_wconf 73' lang='lat' dir='ltr'><strong>aqum,</strong></span> <span class='ocrx_word' id='word_1_108' title='bbox 431 822 460 846; x_wconf 90' lang='lat' dir='ltr'><strong>et</strong></span> <span class='ocrx_word' id='word_1_109' title='bbox 472 817 547 850; x_wconf 82' lang='lat' dir='ltr'><strong>lacti,</strong></span> <span class='ocrx_word' id='word_1_110' title='bbox 560 821 588 845; x_wconf 87' lang='lat' dir='ltr'><strong>et</strong></span> <span class='ocrx_word' id='word_1_111' title='bbox 602 817 667 845; x_wconf 91' lang='lat' dir='ltr'><strong>vino</strong></span> <span class='ocrx_word' id='word_1_112' title='bbox 679 825 712 845; x_wconf 88' lang='lat' dir='ltr'><strong>ac</strong></span> <span class='ocrx_word' id='word_1_113' title='bbox 727 817 801 845; x_wconf 83' lang='lat' dir='ltr'><strong>melli</strong></span> <span class='ocrx_word' id='word_1_114' title='bbox 818 819 917 846; x_wconf 89' lang='lat' dir='ltr'><strong>merito</strong></span> <span class='ocrx_word' id='word_1_115' title='bbox 928 819 999 847; x_wconf 85' lang='lat' dir='ltr'><strong>assi-</strong></span> 
     </span>
    </p>
   </div>
   <div class='ocr_carea' id='block_1_19' title="bbox 210 862 998 901">
    <p class='ocr_par' dir='ltr' id='par_1_19' title="bbox 210 862 998 901">
     <span class='ocr_line' id='line_1_19' title="bbox 210 862 998 901; baseline -0.001 -8"><span class='ocrx_word' id='word_1_116' title='bbox 210 865 352 897; x_wconf 83' lang='lat' dir='ltr'><strong>milantur,</strong></span> <span class='ocrx_word' id='word_1_117' title='bbox 368 864 431 900; x_wconf 85' lang='lat' dir='ltr'><strong>quia</strong></span> <span class='ocrx_word' id='word_1_118' title='bbox 442 863 597 891; x_wconf 81' lang='lat' dir='ltr'><strong>viviﬁcaudi</strong></span> <span class='ocrx_word' id='word_1_119' title='bbox 610 870 643 890; x_wconf 89' lang='lat' dir='ltr'><strong>ac</strong></span> <span class='ocrx_word' id='word_1_120' title='bbox 651 862 816 891; x_wconf 78' lang='lat' dir='ltr'><strong>fecundandi</strong></span> <span class='ocrx_word' id='word_1_121' title='bbox 830 869 860 891; x_wconf 94' lang='lat' dir='ltr'><strong>ut</strong></span> <span class='ocrx_word' id='word_1_122' title='bbox 875 864 903 892; x_wconf 83' lang='lat' dir='ltr'><strong>in</strong></span> <span class='ocrx_word' id='word_1_123' title='bbox 915 872 998 901; x_wconf 90' lang='lat' dir='ltr'><strong>aqua,</strong></span> 
     </span>
    </p>
   </div>
   <div class='ocr_carea' id='block_1_20' title="bbox 210 909 999 946">
    <p class='ocr_par' dir='ltr' id='par_1_20' title="bbox 210 909 999 946">
     <span class='ocr_line' id='line_1_20' title="bbox 210 909 999 946; baseline -0.001 -6"><span class='ocrx_word' id='word_1_124' title='bbox 210 918 238 940; x_wconf 89' lang='lat' dir='ltr'><strong>ct</strong></span> <span class='ocrx_word' id='word_1_125' title='bbox 255 912 288 940; x_wconf 93' lang='lat' dir='ltr'><strong>ad</strong></span> <span class='ocrx_word' id='word_1_126' title='bbox 304 913 506 940; x_wconf 86' lang='lat' dir='ltr'><strong>incrementum</strong></span> <span class='ocrx_word' id='word_1_127' title='bbox 522 909 690 946; x_wconf 86' lang='lat' dir='ltr'><strong>perducendi</strong></span> <span class='ocrx_word' id='word_1_128' title='bbox 710 915 741 938; x_wconf 90' lang='lat' dir='ltr'><strong>ut</strong></span> <span class='ocrx_word' id='word_1_129' title='bbox 762 910 790 938; x_wconf 88' lang='lat' dir='ltr'><strong>in</strong></span> <span class='ocrx_word' id='word_1_130' title='bbox 815 910 896 945; x_wconf 90' lang='lat' dir='ltr'><strong>lacte,</strong></span> <span class='ocrx_word' id='word_1_131' title='bbox 913 916 941 939; x_wconf 90' lang='lat' dir='ltr'><strong>et</strong></span> <span class='ocrx_word' id='word_1_132' title='bbox 956 920 999 939; x_wconf 87' lang='lat' dir='ltr'><strong>re-</strong></span> 
     </span>
    </p>
   </div>
   <div class='ocr_carea' id='block_1_21' title="bbox 209 957 999 993">
    <p class='ocr_par' dir='ltr' id='par_1_21' title="bbox 209 957 999 993">
     <span class='ocr_line' id='line_1_21' title="bbox 209 957 999 993; baseline -0.001 -7"><span class='ocrx_word' id='word_1_133' title='bbox 209 958 321 986; x_wconf 82' lang='lat' dir='ltr'><strong>creandi</strong></span> <span class='ocrx_word' id='word_1_134' title='bbox 341 963 372 985; x_wconf 92' lang='lat' dir='ltr'><strong>ut</strong></span> <span class='ocrx_word' id='word_1_135' title='bbox 391 958 418 985; x_wconf 96' lang='lat' dir='ltr'><strong>in</strong></span> <span class='ocrx_word' id='word_1_136' title='bbox 440 958 519 990; x_wconf 86' lang='lat' dir='ltr'><strong>vino,</strong></span> <span class='ocrx_word' id='word_1_137' title='bbox 533 957 724 993; x_wconf 75' lang='lat' dir='ltr'><strong>purgandique</strong></span> <span class='ocrx_word' id='word_1_138' title='bbox 738 958 820 985; x_wconf 81' lang='lat' dir='ltr'><strong>simul</strong></span> <span class='ocrx_word' id='word_1_139' title='bbox 835 965 868 985; x_wconf 92' lang='lat' dir='ltr'><strong>ac</strong></span> <span class='ocrx_word' id='word_1_140' title='bbox 886 965 999 986; x_wconf 88' lang='lat' dir='ltr'><strong>conser-</strong></span> 
     </span>
    </p>
   </div>
   <div class='ocr_carea' id='block_1_22' title="bbox 210 1003 998 1033">
    <p class='ocr_par' dir='ltr' id='par_1_22' title="bbox 210 1003 998 1033">
     <span class='ocr_line' id='line_1_22' title="bbox 210 1003 998 1033; baseline 0 -1"><span class='ocrx_word' id='word_1_141' title='bbox 210 1005 290 1033; x_wconf 87' lang='lat' dir='ltr'><strong>vandi</strong></span> <span class='ocrx_word' id='word_1_142' title='bbox 305 1008 336 1032; x_wconf 92' lang='lat' dir='ltr'><strong>ut</strong></span> <span class='ocrx_word' id='word_1_143' title='bbox 352 1004 379 1032; x_wconf 88' lang='lat' dir='ltr'><strong>in</strong></span> <span class='ocrx_word' id='word_1_144' title='bbox 395 1003 472 1032; x_wconf 88' lang='lat' dir='ltr'><strong>melle</strong></span> <span class='ocrx_word' id='word_1_145' title='bbox 485 1004 540 1032; x_wconf 90' lang='lat' dir='ltr'><strong>vim</strong></span> <span class='ocrx_word' id='word_1_146' title='bbox 555 1004 658 1032; x_wconf 82' lang='lat' dir='ltr'><strong>habent</strong></span> <span class='ocrx_word' id='word_1_147' title='bbox 672 1011 681 1030; x_wconf 87' lang='lat'><strong>:</strong></span> <span class='ocrx_word' id='word_1_148' title='bbox 699 1003 749 1032; x_wconf 88' lang='lat' dir='ltr'><strong>ista</strong></span> <span class='ocrx_word' id='word_1_149' title='bbox 766 1004 894 1032; x_wconf 90' lang='lat' dir='ltr'><strong>nimirum</strong></span> <span class='ocrx_word' id='word_1_150' title='bbox 907 1004 998 1032; x_wconf 88' lang='lat' dir='ltr'><strong>divina</strong></span> 
     </span>
    </p>
   </div>
   <div class='ocr_carea' id='block_1_23' title="bbox 209 1049 999 1087">
    <p class='ocr_par' dir='ltr' id='par_1_23' title="bbox 209 1049 999 1087">
     <span class='ocr_line' id='line_1_23' title="bbox 209 1049 999 1087; baseline 0.001 -9"><span class='ocrx_word' id='word_1_151' title='bbox 209 1050 343 1087; x_wconf 76' lang='lat' dir='ltr'><strong>sapientia</strong></span> <span class='ocrx_word' id='word_1_152' title='bbox 358 1051 444 1079; x_wconf 92' lang='lat' dir='ltr'><strong>donat</strong></span> <span class='ocrx_word' id='word_1_153' title='bbox 455 1051 512 1078; x_wconf 84' lang='lat' dir='ltr'><strong>suis</strong></span> <span class='ocrx_word' id='word_1_154' title='bbox 529 1049 652 1082; x_wconf 82' lang='lat' dir='ltr'><strong>asseclis,</strong></span> <span class='ocrx_word' id='word_1_155' title='bbox 668 1051 732 1078; x_wconf 90' lang='lat' dir='ltr'><strong>dum</strong></span> <span class='ocrx_word' id='word_1_156' title='bbox 746 1050 958 1078; x_wconf 75' lang='lat' dir='ltr'><strong>redundantium</strong></span> <span class='ocrx_word' id='word_1_157' title='bbox 969 1056 999 1080; x_wconf 90' lang='lat' dir='ltr'><strong>et</strong></span> 
     </span>
    </p>
   </div>
   <div class='ocr_carea' id='block_1_24' title="bbox 210 1096 999 1126">
    <p class='ocr_par' dir='ltr' id='par_1_24' title="bbox 210 1096 999 1126">
     <span class='ocr_line' id='line_1_24' title="bbox 210 1096 999 1126; baseline 0 -1"><span class='ocrx_word' id='word_1_158' title='bbox 210 1097 426 1126; x_wconf 85' lang='lat' dir='ltr'><strong>tndeﬂcientium</strong></span> <span class='ocrx_word' id='word_1_159' title='bbox 453 1096 615 1125; x_wconf 88' lang='lat' dir='ltr'><strong>deliciarum</strong></span> <span class='ocrx_word' id='word_1_160' title='bbox 641 1103 754 1124; x_wconf 89' lang='lat' dir='ltr'><strong>suarum</strong></span> <span class='ocrx_word' id='word_1_161' title='bbox 771 1096 936 1125; x_wconf 80' lang='lat' dir='ltr'><strong>allluentiam</strong></span> <span class='ocrx_word' id='word_1_162' title='bbox 957 1098 999 1125; x_wconf 84' lang='lat' dir='ltr'><strong>eis</strong></span> 
     </span>
    </p>
   </div>
   <div class='ocr_carea' id='block_1_25' title="bbox 210 1142 998 1180">
    <p class='ocr_par' dir='ltr' id='par_1_25' title="bbox 210 1142 998 1180">
     <span class='ocr_line' id='line_1_25' title="bbox 210 1142 998 1180; baseline -0.003 -8"><span class='ocrx_word' id='word_1_163' title='bbox 210 1144 324 1180; x_wconf 55' lang='lat' dir='ltr'><strong>praebet,</strong></span> <span class='ocrx_word' id='word_1_164' title='bbox 341 1148 369 1172; x_wconf 89' lang='lat' dir='ltr'><strong>et</strong></span> <span class='ocrx_word' id='word_1_165' title='bbox 380 1145 469 1172; x_wconf 85' lang='lat' dir='ltr'><strong>adhuc</strong></span> <span class='ocrx_word' id='word_1_166' title='bbox 482 1142 663 1178; x_wconf 82' lang='lat' dir='ltr'><strong>supereﬂluit.</strong></span> <span class='ocrx_word' id='word_1_167' title='bbox 680 1142 753 1170; x_wconf 91' lang='lat' dir='ltr'><strong>lstud</strong></span> <span class='ocrx_word' id='word_1_168' title='bbox 779 1151 876 1178; x_wconf 87' lang='lat' dir='ltr'><strong>nempe</strong></span> <span class='ocrx_word' id='word_1_169' title='bbox 891 1144 998 1171; x_wconf 86' lang='lat' dir='ltr'><strong>veraci-</strong></span> 
     </span>
    </p>
   </div>
   <div class='ocr_carea' id='block_1_26' title="bbox 210 1190 998 1226">
    <p class='ocr_par' dir='ltr' id='par_1_26' title="bbox 210 1190 998 1226">
     <span class='ocr_line' id='line_1_26' title="bbox 210 1190 998 1226; baseline -0.003 -7"><span class='ocrx_word' id='word_1_170' title='bbox 210 1197 250 1219; x_wconf 91' lang='lat' dir='ltr'><strong>ter</strong></span> <span class='ocrx_word' id='word_1_171' title='bbox 264 1195 307 1220; x_wconf 91' lang='lat' dir='ltr'><strong>est</strong></span> <span class='ocrx_word' id='word_1_172' title='bbox 329 1191 450 1226; x_wconf 84' lang='lat' dir='ltr'><strong>epulari:</strong></span> <span class='ocrx_word' id='word_1_173' title='bbox 468 1197 505 1225; x_wconf 89' lang='lat' dir='ltr'><strong>et,</strong></span> <span class='ocrx_word' id='word_1_174' title='bbox 527 1192 631 1219; x_wconf 90' lang='lat' dir='ltr'><strong>idcirco</strong></span> <span class='ocrx_word' id='word_1_175' title='bbox 651 1195 680 1218; x_wconf 89' lang='lat' dir='ltr'><strong>ut</strong></span> <span class='ocrx_word' id='word_1_176' title='bbox 697 1190 844 1218; x_wconf 77' lang='lat' dir='ltr'><strong>vivificaris</strong></span> <span class='ocrx_word' id='word_1_177' title='bbox 867 1190 950 1218; x_wconf 89' lang='lat' dir='ltr'><strong>simul</strong></span> <span class='ocrx_word' id='word_1_178' title='bbox 970 1195 998 1218; x_wconf 92' lang='lat' dir='ltr'><strong>et</strong></span> 
     </span>
    </p>
   </div>
   <div class='ocr_carea' id='block_1_27' title="bbox 210 1237 999 1273">
    <p class='ocr_par' dir='ltr' id='par_1_27' title="bbox 210 1237 999 1273">
     <span class='ocr_line' id='line_1_27' title="bbox 210 1237 999 1273; baseline 0 -8"><span class='ocrx_word' id='word_1_179' title='bbox 210 1237 340 1273; x_wconf 81' lang='lat' dir='ltr'><strong>parvulos</strong></span> <span class='ocrx_word' id='word_1_180' title='bbox 356 1238 493 1269; x_wconf 85' lang='lat' dir='ltr'><strong>nutriens.</strong></span> <span class='ocrx_word' id='word_1_181' title='bbox 517 1245 708 1273; x_wconf 84' lang='lat' dir='ltr'><strong>renovansque</strong></span> <span class='ocrx_word' id='word_1_182' title='bbox 724 1245 756 1265; x_wconf 88' lang='lat' dir='ltr'><strong>ac</strong></span> <span class='ocrx_word' id='word_1_183' title='bbox 771 1238 918 1273; x_wconf 83' lang='lat' dir='ltr'><strong>perliciens</strong></span> <span class='ocrx_word' id='word_1_184' title='bbox 931 1237 999 1265; x_wconf 86' lang='lat' dir='ltr'><strong>cele-</strong></span> 
     </span>
    </p>
   </div>
   <div class='ocr_carea' id='block_1_28' title="bbox 210 1288 314 1314">
    <p class='ocr_par' dir='ltr' id='par_1_28' title="bbox 210 1288 314 1314">
     <span class='ocr_line' id='line_1_28' title="bbox 210 1288 314 1314; baseline 0.019 -2"><span class='ocrx_word' id='word_1_185' title='bbox 210 1288 314 1314; x_wconf 87' lang='lat' dir='ltr'><strong>bratur.</strong></span> 
     </span>
    </p>
   </div>
   <div class='ocr_carea' id='block_1_29' title="bbox 1053 265 1877 307">
    <p class='ocr_par' dir='ltr' id='par_1_29' title="bbox 1053 265 1877 307">
     <span class='ocr_line' id='line_1_29' title="bbox 1053 265 1877 307; baseline 0.008 -15"><span class='ocrx_word' id='word_1_186' title='bbox 1053 265 1146 301; x_wconf 79' lang='grc' dir='ltr'>φέρειν</span> <span class='ocrx_word' id='word_1_187' title='bbox 1163 267 1253 303; x_wconf 84' lang='grc' dir='ltr'>οῐομαι</span> <span class='ocrx_word' id='word_1_188' title='bbox 1263 268 1312 303; x_wconf 83' lang='grc' dir='ltr'><strong>τῆς</strong></span> <span class='ocrx_word' id='word_1_189' title='bbox 1322 270 1418 304; x_wconf 82' lang='grc' dir='ltr'><strong>νοερᾶς</strong></span> <span class='ocrx_word' id='word_1_190' title='bbox 1428 270 1475 296; x_wconf 77' lang='grc' dir='ltr'>καὶ</span> <span class='ocrx_word' id='word_1_191' title='bbox 1491 270 1606 306; x_wconf 83' lang='grc' dir='ltr'><strong>μονίμου</strong></span> <span class='ocrx_word' id='word_1_192' title='bbox 1620 272 1817 307; x_wconf 78' lang='grc' dir='ltr'><strong>τελειότητος</strong></span> <span class='ocrx_word' id='word_1_193' title='bbox 1826 275 1877 299; x_wconf 66' lang='grc' dir='ltr'>καὶ</span> 
     </span>
    </p>
   </div>
   <div class='ocr_carea' id='block_1_30' title="bbox 1053 312 1875 350">
    <p class='ocr_par' dir='ltr' id='par_1_30' title="bbox 1053 312 1875 350">
     <span class='ocr_line' id='line_1_30' title="bbox 1053 312 1875 350; baseline 0.01 -12"><span class='ocrx_word' id='word_1_194' title='bbox 1053 312 1226 348; x_wconf 79' lang='grc' dir='ltr'>ταύτότητος,</span> <span class='ocrx_word' id='word_1_195' title='bbox 1238 314 1299 341; x_wconf 88' lang='grc' dir='ltr'>καθ’</span> <span class='ocrx_word' id='word_1_196' title='bbox 1309 314 1343 350; x_wconf 77' lang='grc' dir='ltr'><strong>ἢν</strong></span> <span class='ocrx_word' id='word_1_197' title='bbox 1352 315 1387 342; x_wconf 84' lang='grc' dir='ltr'>τὰ</span> <span class='ocrx_word' id='word_1_198' title='bbox 1403 315 1463 343; x_wconf 75' lang='grc' dir='ltr'>θεῖα</span> <span class='ocrx_word' id='word_1_199' title='bbox 1478 317 1549 344; x_wconf 84' lang='grc' dir='ltr'>κατὰ</span> <span class='ocrx_word' id='word_1_200' title='bbox 1565 318 1689 345; x_wconf 77' lang='grc' dir='ltr'>ἑστῶσαν</span> <span class='ocrx_word' id='word_1_201' title='bbox 1706 320 1764 345; x_wconf 78' lang='grc' dir='ltr'><strong>καὶ</strong></span> <span class='ocrx_word' id='word_1_202' title='bbox 1784 320 1875 346; x_wconf 86' lang='grc' dir='ltr'>δυνα-</span> 
     </span>
    </p>
   </div>
   <div class='ocr_carea' id='block_1_31' title="bbox 1052 357 1873 401">
    <p class='ocr_par' dir='ltr' id='par_1_31' title="bbox 1052 357 1873 401">
     <span class='ocr_line' id='line_1_31' title="bbox 1052 357 1873 401; baseline 0.011 -17"><span class='ocrx_word' id='word_1_203' title='bbox 1052 357 1102 393; x_wconf 85' lang='grc' dir='ltr'><strong>τὴν</strong></span> <span class='ocrx_word' id='word_1_204' title='bbox 1123 359 1171 386; x_wconf 76' lang='grc' dir='ltr'>καὶ</span> <span class='ocrx_word' id='word_1_205' title='bbox 1193 360 1297 387; x_wconf 76' lang='grc' dir='ltr'>ἑνιαίαν</span> <span class='ocrx_word' id='word_1_206' title='bbox 1320 362 1367 388; x_wconf 77' lang='grc' dir='ltr'>καὶ</span> <span class='ocrx_word' id='word_1_207' title='bbox 1391 362 1544 399; x_wconf 84' lang='grc' dir='ltr'>ἀδιαίρετον</span> <span class='ocrx_word' id='word_1_208' title='bbox 1573 364 1675 398; x_wconf 81' lang='grc' dir='ltr'>γνῶσιν</span> <span class='ocrx_word' id='word_1_209' title='bbox 1703 365 1873 401; x_wconf 75' lang='grc' dir='ltr'>μετέχεται</span> 
     </span>
    </p>
   </div>
   <div class='ocr_carea' id='block_1_32' title="bbox 1052 404 1866 445">
    <p class='ocr_par' dir='ltr' id='par_1_32' title="bbox 1052 404 1866 445">
     <span class='ocr_line' id='line_1_32' title="bbox 1052 404 1866 445; baseline 0.011 -15"><span class='ocrx_word' id='word_1_210' title='bbox 1052 404 1120 440; x_wconf 77' lang='grc' dir='ltr'>πρὸς</span> <span class='ocrx_word' id='word_1_211' title='bbox 1135 405 1189 432; x_wconf 91' lang='grc' dir='ltr'>τῶν</span> <span class='ocrx_word' id='word_1_212' title='bbox 1204 407 1304 443; x_wconf 90' lang='grc' dir='ltr'>νοερῶν</span> <span class='ocrx_word' id='word_1_213' title='bbox 1318 407 1502 445; x_wconf 77' lang='grc' dir='ltr'><strong>αἰσθητηρίων</strong></span> <span class='ocrx_word' id='word_1_214' title='bbox 1517 410 1639 444; x_wconf 78' lang='grc' dir='ltr'>ἐκείνων,</span> <span class='ocrx_word' id='word_1_215' title='bbox 1656 409 1699 444; x_wconf 77' lang='grc' dir='ltr'>οἷς</span> <span class='ocrx_word' id='word_1_216' title='bbox 1714 412 1730 438; x_wconf 81' lang='grc' dir='ltr'><strong>ό</strong></span> <span class='ocrx_word' id='word_1_217' title='bbox 1746 411 1866 438; x_wconf 83' lang='grc' dir='ltr'>θειότα-</span> 
     </span>
    </p>
   </div>
   <div class='ocr_carea' id='block_1_33' title="bbox 1051 451 1872 494">
    <p class='ocr_par' dir='ltr' id='par_1_33' title="bbox 1051 451 1872 494">
     <span class='ocr_line' id='line_1_33' title="bbox 1051 451 1872 494; baseline 0.01 -17"><span class='ocrx_word' id='word_1_218' title='bbox 1051 459 1096 483; x_wconf 87' lang='grc' dir='ltr'><strong>τος</strong></span> <span class='ocrx_word' id='word_1_219' title='bbox 1111 451 1217 484; x_wconf 80' lang='grc' dir='ltr'><strong>Παῦλος</strong></span> <span class='ocrx_word' id='word_1_220' title='bbox 1225 453 1257 480; x_wconf 74' lang='grc' dir='ltr'>ἐκ</span> <span class='ocrx_word' id='word_1_221' title='bbox 1272 453 1321 489; x_wconf 82' lang='grc' dir='ltr'>τῆς</span> <span class='ocrx_word' id='word_1_222' title='bbox 1331 455 1426 489; x_wconf 79' lang='grc' dir='ltr'>σοφίας</span> <span class='ocrx_word' id='word_1_223' title='bbox 1440 455 1568 491; x_wconf 82' lang='grc' dir='ltr'>εἰληφὼς,</span> <span class='ocrx_word' id='word_1_224' title='bbox 1582 457 1631 493; x_wconf 86' lang='grc' dir='ltr'>τῆς</span> <span class='ocrx_word' id='word_1_225' title='bbox 1638 457 1726 490; x_wconf 76' lang='grc' dir='ltr'>ὃντως</span> <span class='ocrx_word' id='word_1_226' title='bbox 1735 459 1872 494; x_wconf 73' lang='grc' dir='ltr'>στερεᾶς</span> 
     </span>
    </p>
   </div>
   <div class='ocr_carea' id='block_1_34' title="bbox 1050 499 1871 540">
    <p class='ocr_par' dir='ltr' id='par_1_34' title="bbox 1050 499 1871 540">
     <span class='ocr_line' id='line_1_34' title="bbox 1050 499 1871 540; baseline 0.011 -17"><span class='ocrx_word' id='word_1_227' title='bbox 1050 499 1154 534; x_wconf 78' lang='grc' dir='ltr'>τροφῆς</span> <span class='ocrx_word' id='word_1_228' title='bbox 1176 499 1348 535; x_wconf 80' lang='grc' dir='ltr'>μεταδίδωσι.</span> <span class='ocrx_word' id='word_1_229' title='bbox 1366 502 1422 538; x_wconf 85' lang='grc' dir='ltr'>Τὴν</span> <span class='ocrx_word' id='word_1_230' title='bbox 1443 503 1472 530; x_wconf 76' lang='grc' dir='ltr'><strong>δὲ</strong></span> <span class='ocrx_word' id='word_1_231' title='bbox 1496 503 1594 539; x_wconf 83' lang='grc' dir='ltr'>ὑγρὰν,</span> <span class='ocrx_word' id='word_1_232' title='bbox 1620 504 1672 540; x_wconf 78' lang='grc' dir='ltr'>τῆς</span> <span class='ocrx_word' id='word_1_233' title='bbox 1685 504 1871 540; x_wconf 80' lang='grc' dir='ltr'>διαχυτικῆς</span> 
     </span>
    </p>
   </div>
   <div class='ocr_carea' id='block_1_35' title="bbox 1051 543 1867 587">
    <p class='ocr_par' dir='ltr' id='par_1_35' title="bbox 1051 543 1867 587">
     <span class='ocr_line' id='line_1_35' title="bbox 1051 543 1867 587; baseline 0.012 -17"><span class='ocrx_word' id='word_1_234' title='bbox 1051 543 1111 580; x_wconf 76' lang='grc' dir='ltr'>ἅμα</span> <span class='ocrx_word' id='word_1_235' title='bbox 1127 545 1174 572; x_wconf 83' lang='grc' dir='ltr'>καὶ</span> <span class='ocrx_word' id='word_1_236' title='bbox 1189 545 1236 573; x_wconf 79' lang='grc' dir='ltr'><strong>ἐπὶ</strong></span> <span class='ocrx_word' id='word_1_237' title='bbox 1258 546 1346 574; x_wconf 82' lang='grc' dir='ltr'>πάντα</span> <span class='ocrx_word' id='word_1_238' title='bbox 1361 548 1485 585; x_wconf 82' lang='grc' dir='ltr'><strong>προϊέναι</strong></span> <span class='ocrx_word' id='word_1_239' title='bbox 1504 549 1673 586; x_wconf 78' lang='grc' dir='ltr'><strong>σπευδούσης</strong></span> <span class='ocrx_word' id='word_1_240' title='bbox 1693 551 1867 587; x_wconf 77' lang='grc' dir='ltr'>ὲπιῤῥοῆς,</span> 
     </span>
    </p>
   </div>
   <div class='ocr_carea' id='block_1_36' title="bbox 1052 590 1868 633">
    <p class='ocr_par' dir='ltr' id='par_1_36' title="bbox 1052 590 1868 633">
     <span class='ocr_line' id='line_1_36' title="bbox 1052 590 1868 633; baseline 0.012 -18"><span class='ocrx_word' id='word_1_241' title='bbox 1052 591 1099 616; x_wconf 79' lang='grc' dir='ltr'>καὶ</span> <span class='ocrx_word' id='word_1_242' title='bbox 1115 590 1155 618; x_wconf 78' lang='grc' dir='ltr'><strong>ἔτι</strong></span> <span class='ocrx_word' id='word_1_243' title='bbox 1171 591 1215 618; x_wconf 84' lang='grc' dir='ltr'><strong>διὰ</strong></span> <span class='ocrx_word' id='word_1_244' title='bbox 1232 593 1363 620; x_wconf 81' lang='grc' dir='ltr'><strong>ποικίλων</strong></span> <span class='ocrx_word' id='word_1_245' title='bbox 1378 595 1426 622; x_wconf 78' lang='grc' dir='ltr'>καὶ</span> <span class='ocrx_word' id='word_1_246' title='bbox 1442 595 1548 623; x_wconf 78' lang='grc' dir='ltr'>πολλῶν</span> <span class='ocrx_word' id='word_1_247' title='bbox 1563 597 1611 624; x_wconf 78' lang='grc' dir='ltr'><strong>καὶ</strong></span> <span class='ocrx_word' id='word_1_248' title='bbox 1628 597 1792 633; x_wconf 82' lang='grc' dir='ltr'>μεριστῶν,</span> <span class='ocrx_word' id='word_1_249' title='bbox 1814 599 1868 625; x_wconf 74' lang='grc' dir='ltr'><strong>ἐπὶ</strong></span> 
     </span>
    </p>
   </div>
   <div class='ocr_carea' id='block_1_37' title="bbox 1050 636 1865 679">
    <p class='ocr_par' dir='ltr' id='par_1_37' title="bbox 1050 636 1865 679">
     <span class='ocr_line' id='line_1_37' title="bbox 1050 636 1865 679; baseline 0.012 -17"><span class='ocrx_word' id='word_1_250' title='bbox 1050 636 1100 672; x_wconf 80' lang='grc' dir='ltr'>τὴν</span> <span class='ocrx_word' id='word_1_251' title='bbox 1115 637 1205 674; x_wconf 78' lang='grc' dir='ltr'>ἁπλῆν</span> <span class='ocrx_word' id='word_1_252' title='bbox 1221 639 1268 666; x_wconf 82' lang='grc' dir='ltr'><strong>καὶ</strong></span> <span class='ocrx_word' id='word_1_253' title='bbox 1284 639 1391 676; x_wconf 83' lang='grc' dir='ltr'>ἀτρεμῆ</span> <span class='ocrx_word' id='word_1_254' title='bbox 1408 641 1572 676; x_wconf 84' lang='grc' dir='ltr'>θεογνωσίαν</span> <span class='ocrx_word' id='word_1_255' title='bbox 1588 643 1609 659; x_wconf 85' lang='grc'><strong>⁸⁷</strong></span> <span class='ocrx_word' id='word_1_256' title='bbox 1628 644 1693 675; x_wconf 80' lang='grc' dir='ltr'>τοὺς</span> <span class='ocrx_word' id='word_1_257' title='bbox 1707 644 1865 679; x_wconf 79' lang='grc' dir='ltr'>τρεφομέ-</span> 
     </span>
    </p>
   </div>
   <div class='ocr_carea' id='block_1_38' title="bbox 1051 685 1865 728">
    <p class='ocr_par' dir='ltr' id='par_1_38' title="bbox 1051 685 1865 728">
     <span class='ocr_line' id='line_1_38' title="bbox 1051 685 1865 728; baseline 0.011 -19"><span class='ocrx_word' id='word_1_258' title='bbox 1051 691 1113 715; x_wconf 85' lang='grc' dir='ltr'>νους</span> <span class='ocrx_word' id='word_1_259' title='bbox 1133 685 1242 718; x_wconf 75' lang='grc' dir='ltr'><strong>οἰκείως</strong></span> <span class='ocrx_word' id='word_1_260' title='bbox 1262 687 1355 720; x_wconf 83' lang='grc' dir='ltr'>αὐτοῖς</span> <span class='ocrx_word' id='word_1_261' title='bbox 1379 688 1536 725; x_wconf 84' lang='grc' dir='ltr'>ἀγαθότητα</span> <span class='ocrx_word' id='word_1_262' title='bbox 1565 690 1589 707; x_wconf 73' lang='grc'><strong>⁸⁴⁸</strong></span> <span class='ocrx_word' id='word_1_263' title='bbox 1611 690 1865 728; x_wconf 65' lang='grc' dir='ltr'>χειμγωγοὺσης.</span> 
     </span>
    </p>
   </div>
   <div class='ocr_carea' id='block_1_39' title="bbox 1050 730 1860 772">
    <p class='ocr_par' dir='ltr' id='par_1_39' title="bbox 1050 730 1860 772">
     <span class='ocr_line' id='line_1_39' title="bbox 1050 730 1860 772; baseline 0.007 -15"><span class='ocrx_word' id='word_1_264' title='bbox 1050 730 1096 757; x_wconf 78' lang='grc' dir='ltr'><strong>Διὸ</strong></span> <span class='ocrx_word' id='word_1_265' title='bbox 1120 732 1166 758; x_wconf 81' lang='grc' dir='ltr'><strong>καὶ</strong></span> <span class='ocrx_word' id='word_1_266' title='bbox 1188 732 1276 769; x_wconf 78' lang='grc' dir='ltr'>δρόσῳ</span> <span class='ocrx_word' id='word_1_267' title='bbox 1291 734 1339 761; x_wconf 81' lang='grc' dir='ltr'>καὶ</span> <span class='ocrx_word' id='word_1_268' title='bbox 1355 734 1431 763; x_wconf 87' lang='grc' dir='ltr'>’ύδατι</span> <span class='ocrx_word' id='word_1_269' title='bbox 1445 734 1481 762; x_wconf 83' lang='grc' dir='ltr'>τὰ</span> <span class='ocrx_word' id='word_1_270' title='bbox 1496 735 1556 763; x_wconf 74' lang='grc' dir='ltr'>θεία</span> <span class='ocrx_word' id='word_1_271' title='bbox 1577 736 1625 762; x_wconf 81' lang='grc' dir='ltr'><strong>καὶ</strong></span> <span class='ocrx_word' id='word_1_272' title='bbox 1647 736 1733 772; x_wconf 77' lang='grc' dir='ltr'>νοητὰ</span> <span class='ocrx_word' id='word_1_273' title='bbox 1749 736 1860 770; x_wconf 74' lang='grc' dir='ltr'>λόγια.</span> 
     </span>
    </p>
   </div>
   <div class='ocr_carea' id='block_1_40' title="bbox 1051 777 1860 819">
    <p class='ocr_par' dir='ltr' id='par_1_40' title="bbox 1051 777 1860 819">
     <span class='ocr_line' id='line_1_40' title="bbox 1051 777 1860 819; baseline 0.005 -14"><span class='ocrx_word' id='word_1_274' title='bbox 1051 778 1097 805; x_wconf 79' lang='grc' dir='ltr'>καὶ</span> <span class='ocrx_word' id='word_1_275' title='bbox 1112 777 1238 812; x_wconf 83' lang='grc' dir='ltr'>γάλακτι,</span> <span class='ocrx_word' id='word_1_276' title='bbox 1256 780 1303 807; x_wconf 77' lang='grc' dir='ltr'>καὶ</span> <span class='ocrx_word' id='word_1_277' title='bbox 1318 781 1382 816; x_wconf 73' lang='grc' dir='ltr'>οἴνῳ</span> <span class='ocrx_word' id='word_1_278' title='bbox 1396 782 1443 808; x_wconf 73' lang='grc' dir='ltr'>καὶ</span> <span class='ocrx_word' id='word_1_279' title='bbox 1461 781 1549 817; x_wconf 83' lang='grc' dir='ltr'>μέλιτι</span> <span class='ocrx_word' id='word_1_280' title='bbox 1564 782 1779 819; x_wconf 74' lang='grc' dir='ltr'>παρεικάζεται,</span> <span class='ocrx_word' id='word_1_281' title='bbox 1808 782 1860 810; x_wconf 75' lang='grc' dir='ltr'><strong>διὰ</strong></span> 
     </span>
    </p>
   </div>
   <div class='ocr_carea' id='block_1_41' title="bbox 1049 825 1859 864">
    <p class='ocr_par' dir='ltr' id='par_1_41' title="bbox 1049 825 1859 864">
     <span class='ocr_line' id='line_1_41' title="bbox 1049 825 1859 864; baseline 0.005 -13"><span class='ocrx_word' id='word_1_282' title='bbox 1049 825 1099 861; x_wconf 81' lang='grc' dir='ltr'>τὴν</span> <span class='ocrx_word' id='word_1_283' title='bbox 1115 825 1248 860; x_wconf 78' lang='grc' dir='ltr'>ζωογόνον</span> <span class='ocrx_word' id='word_1_284' title='bbox 1264 826 1354 855; x_wconf 76' lang='grc' dir='ltr'>αὐτῶν</span> <span class='ocrx_word' id='word_1_285' title='bbox 1369 827 1408 859; x_wconf 86' lang='grc' dir='ltr'>ὼς</span> <span class='ocrx_word' id='word_1_286' title='bbox 1422 828 1452 854; x_wconf 88' lang='grc' dir='ltr'><strong>ὲν</strong></span> <span class='ocrx_word' id='word_1_287' title='bbox 1468 827 1543 855; x_wconf 79' lang='grc' dir='ltr'>ὕδατι</span> <span class='ocrx_word' id='word_1_288' title='bbox 1558 828 1684 864; x_wconf 83' lang='grc' dir='ltr'>δύναμιν,</span> <span class='ocrx_word' id='word_1_289' title='bbox 1701 828 1750 855; x_wconf 80' lang='grc' dir='ltr'>καὶ</span> <span class='ocrx_word' id='word_1_290' title='bbox 1765 827 1859 864; x_wconf 74' lang='grc' dir='ltr'>αὐξη-</span> 
     </span>
    </p>
   </div>
   <div class='ocr_carea' id='block_1_42' title="bbox 1050 872 1854 911">
    <p class='ocr_par' dir='ltr' id='par_1_42' title="bbox 1050 872 1854 911">
     <span class='ocr_line' id='line_1_42' title="bbox 1050 872 1854 911; baseline 0.004 -13"><span class='ocrx_word' id='word_1_291' title='bbox 1050 872 1129 908; x_wconf 84' lang='grc' dir='ltr'>τικὴν</span> <span class='ocrx_word' id='word_1_292' title='bbox 1142 872 1181 904; x_wconf 83' lang='grc' dir='ltr'><strong>ὡς</strong></span> <span class='ocrx_word' id='word_1_293' title='bbox 1201 873 1230 899; x_wconf 83' lang='grc' dir='ltr'><strong>ὲν</strong></span> <span class='ocrx_word' id='word_1_294' title='bbox 1252 873 1378 908; x_wconf 78' lang='grc' dir='ltr'>γάλακτι,</span> <span class='ocrx_word' id='word_1_295' title='bbox 1401 875 1448 901; x_wconf 77' lang='grc' dir='ltr'>καὶ</span> <span class='ocrx_word' id='word_1_296' title='bbox 1470 875 1644 911; x_wconf 79' lang='grc' dir='ltr'>ἀναζωτικὴν</span> <span class='ocrx_word' id='word_1_297' title='bbox 1665 875 1704 907; x_wconf 82' lang='grc' dir='ltr'>ὡς</span> <span class='ocrx_word' id='word_1_298' title='bbox 1720 875 1752 902; x_wconf 78' lang='grc' dir='ltr'>ὲν</span> <span class='ocrx_word' id='word_1_299' title='bbox 1768 874 1854 910; x_wconf 74' lang='grc' dir='ltr'>οϊνῳ,</span> 
     </span>
    </p>
   </div>
   <div class='ocr_carea' id='block_1_43' title="bbox 1053 919 1852 957">
    <p class='ocr_par' dir='ltr' id='par_1_43' title="bbox 1053 919 1852 957">
     <span class='ocr_line' id='line_1_43' title="bbox 1053 919 1852 957; baseline 0.004 -11"><span class='ocrx_word' id='word_1_300' title='bbox 1053 921 1099 947; x_wconf 79' lang='grc' dir='ltr'>καὶ</span> <span class='ocrx_word' id='word_1_301' title='bbox 1115 919 1284 957; x_wconf 83' lang='grc' dir='ltr'>καθαρτικὴν</span> <span class='ocrx_word' id='word_1_302' title='bbox 1300 920 1358 956; x_wconf 78' lang='grc' dir='ltr'><strong>ἃμα</strong></span> <span class='ocrx_word' id='word_1_303' title='bbox 1374 921 1422 948; x_wconf 83' lang='grc' dir='ltr'>καὶ</span> <span class='ocrx_word' id='word_1_304' title='bbox 1438 921 1624 957; x_wconf 82' lang='grc' dir='ltr'>φρουρητικὴν</span> <span class='ocrx_word' id='word_1_305' title='bbox 1640 922 1678 954; x_wconf 83' lang='grc' dir='ltr'>ὡς</span> <span class='ocrx_word' id='word_1_306' title='bbox 1695 923 1724 949; x_wconf 82' lang='grc' dir='ltr'>ὲν</span> <span class='ocrx_word' id='word_1_307' title='bbox 1743 921 1852 957; x_wconf 78' lang='grc' dir='ltr'>μέλιτι·</span> 
     </span>
    </p>
   </div>
   <div class='ocr_carea' id='block_1_44' title="bbox 1051 967 1854 1005">
    <p class='ocr_par' dir='ltr' id='par_1_44' title="bbox 1051 967 1854 1005">
     <span class='ocr_line' id='line_1_44' title="bbox 1051 967 1854 1005; baseline 0 -11"><span class='ocrx_word' id='word_1_308' title='bbox 1051 967 1137 994; x_wconf 81' lang='grc' dir='ltr'>ταῦτα</span> <span class='ocrx_word' id='word_1_309' title='bbox 1152 967 1207 1003; x_wconf 81' lang='grc' dir='ltr'>γὰρ</span> <span class='ocrx_word' id='word_1_310' title='bbox 1229 968 1246 1004; x_wconf 88' lang='grc' dir='ltr'>ὴ</span> <span class='ocrx_word' id='word_1_311' title='bbox 1268 967 1328 998; x_wconf 85' lang='grc' dir='ltr'>θεία</span> <span class='ocrx_word' id='word_1_312' title='bbox 1351 968 1430 1003; x_wconf 83' lang='grc' dir='ltr'>σοφία</span> <span class='ocrx_word' id='word_1_313' title='bbox 1453 969 1579 1004; x_wconf 83' lang='grc' dir='ltr'>δωρεῖται</span> <span class='ocrx_word' id='word_1_314' title='bbox 1603 970 1659 1001; x_wconf 83' lang='grc' dir='ltr'>τοῖς</span> <span class='ocrx_word' id='word_1_315' title='bbox 1683 968 1854 1005; x_wconf 75' lang='grc' dir='ltr'>προσιοῦσιν</span> 
     </span>
    </p>
   </div>
   <div class='ocr_carea' id='block_1_45' title="bbox 1050 1013 1854 1051">
    <p class='ocr_par' dir='ltr' id='par_1_45' title="bbox 1050 1013 1854 1051">
     <span class='ocr_line' id='line_1_45' title="bbox 1050 1013 1854 1051; baseline 0 -9"><span class='ocrx_word' id='word_1_316' title='bbox 1050 1013 1174 1049; x_wconf 82' lang='grc' dir='ltr'>ἀφθόνων</span> <span class='ocrx_word' id='word_1_317' title='bbox 1189 1014 1290 1047; x_wconf 84' lang='grc' dir='ltr'>αὐτοῖς,</span> <span class='ocrx_word' id='word_1_318' title='bbox 1308 1015 1355 1041; x_wconf 79' lang='grc' dir='ltr'>καὶ</span> <span class='ocrx_word' id='word_1_319' title='bbox 1370 1015 1552 1042; x_wconf 83' lang='grc' dir='ltr'>ἀνεκλείπτων</span> <span class='ocrx_word' id='word_1_320' title='bbox 1562 1015 1683 1051; x_wconf 83' lang='grc' dir='ltr'><strong>εὐωχιῶν</strong></span> <span class='ocrx_word' id='word_1_321' title='bbox 1699 1015 1854 1051; x_wconf 78' lang='grc' dir='ltr'>ὲπίρῤοιαν</span> 
     </span>
    </p>
   </div>
   <div class='ocr_carea' id='block_1_46' title="bbox 1049 1061 1855 1098">
    <p class='ocr_par' dir='ltr' id='par_1_46' title="bbox 1049 1061 1855 1098">
     <span class='ocr_line' id='line_1_46' title="bbox 1049 1061 1855 1098; baseline -0.002 -9"><span class='ocrx_word' id='word_1_322' title='bbox 1049 1061 1208 1098; x_wconf 70' lang='grc' dir='ltr'><strong>χορηγοῦσα</strong></span> <span class='ocrx_word' id='word_1_323' title='bbox 1227 1062 1275 1089; x_wconf 75' lang='grc' dir='ltr'>καὶ</span> <span class='ocrx_word' id='word_1_324' title='bbox 1296 1061 1511 1097; x_wconf 75' lang='grc' dir='ltr'>ὑπερϐλύζουσα.</span> <span class='ocrx_word' id='word_1_325' title='bbox 1533 1061 1620 1088; x_wconf 79' lang='grc' dir='ltr'>Τοῦτο</span> <span class='ocrx_word' id='word_1_326' title='bbox 1639 1062 1672 1098; x_wconf 86' lang='grc' dir='ltr'><strong>δὴ</strong></span> <span class='ocrx_word' id='word_1_327' title='bbox 1688 1062 1719 1089; x_wconf 80' lang='grc' dir='ltr'>τὸ</span> <span class='ocrx_word' id='word_1_328' title='bbox 1737 1061 1855 1097; x_wconf 80' lang='grc' dir='ltr'>ἀληθῶς</span> 
     </span>
    </p>
   </div>
   <div class='ocr_carea' id='block_1_47' title="bbox 1051 1109 1854 1147">
    <p class='ocr_par' dir='ltr' id='par_1_47' title="bbox 1051 1109 1854 1147">
     <span class='ocr_line' id='line_1_47' title="bbox 1051 1109 1854 1147; baseline -0.006 -9"><span class='ocrx_word' id='word_1_329' title='bbox 1051 1111 1164 1147; x_wconf 84' lang='grc' dir='ltr'><strong>εὐωχεῖν</strong></span> <span class='ocrx_word' id='word_1_330' title='bbox 1180 1112 1212 1127; x_wconf 77' lang='grc'><strong>⁸⁸·</strong></span> <span class='ocrx_word' id='word_1_331' title='bbox 1230 1111 1277 1138; x_wconf 74' lang='grc' dir='ltr'>καὶ</span> <span class='ocrx_word' id='word_1_332' title='bbox 1294 1110 1338 1137; x_wconf 89' lang='grc' dir='ltr'>διὰ</span> <span class='ocrx_word' id='word_1_333' title='bbox 1353 1109 1440 1136; x_wconf 79' lang='grc' dir='ltr'>ταῦτα</span> <span class='ocrx_word' id='word_1_334' title='bbox 1455 1109 1586 1143; x_wconf 61' lang='lat' dir='ltr'><strong>(mortem;</strong></span> <span class='ocrx_word' id='word_1_335' title='bbox 1602 1109 1661 1145; x_wconf 81' lang='grc' dir='ltr'><strong>ἃμα</strong></span> <span class='ocrx_word' id='word_1_336' title='bbox 1675 1110 1724 1137; x_wconf 79' lang='grc' dir='ltr'>καὶ</span> <span class='ocrx_word' id='word_1_337' title='bbox 1746 1115 1854 1144; x_wconf 75' lang='grc' dir='ltr'>κουροο</span> 
     </span>
    </p>
   </div>
   <div class='ocr_carea' id='block_1_48' title="bbox 1050 1155 1846 1196">
    <p class='ocr_par' dir='ltr' id='par_1_48' title="bbox 1050 1155 1846 1196">
     <span class='ocr_line' id='line_1_48' title="bbox 1050 1155 1846 1196; baseline -0.004 -10"><span class='ocrx_word' id='word_1_338' title='bbox 1050 1160 1164 1196; x_wconf 83' lang='grc' dir='ltr'>τρόφος,</span> <span class='ocrx_word' id='word_1_339' title='bbox 1181 1159 1229 1186; x_wconf 77' lang='grc' dir='ltr'>καὶ</span> <span class='ocrx_word' id='word_1_340' title='bbox 1251 1156 1435 1193; x_wconf 73' lang='grc' dir='ltr'>ἀνανεωτικὴ,</span> <span class='ocrx_word' id='word_1_341' title='bbox 1459 1157 1507 1184; x_wconf 77' lang='grc' dir='ltr'>καὶ</span> <span class='ocrx_word' id='word_1_342' title='bbox 1528 1156 1717 1193; x_wconf 77' lang='grc' dir='ltr'>τελεσιουργὸς</span> <span class='ocrx_word' id='word_1_343' title='bbox 1742 1155 1846 1191; x_wconf 79' lang='grc' dir='ltr'>ὑμνου-</span> 
     </span>
    </p>
   </div>
   <div class='ocr_carea' id='block_1_49' title="bbox 1053 1206 1132 1241">
    <p class='ocr_par' dir='ltr' id='par_1_49' title="bbox 1053 1206 1132 1241">
     <span class='ocr_line' id='line_1_49' title="bbox 1053 1206 1132 1241; baseline -0.013 -8"><span class='ocrx_word' id='word_1_344' title='bbox 1053 1206 1120 1241; x_wconf 78' lang='grc' dir='ltr'>μένη</span> <span class='ocrx_word' id='word_1_345' title='bbox 1126 1225 1132 1232; x_wconf 90' lang='grc'><strong>.</strong></span> 
     </span>
    </p>
   </div>
   <div class='ocr_carea' id='block_1_50' title="bbox 990 1345 1066 1383">
    <p class='ocr_par' dir='ltr' id='par_1_50' title="bbox 990 1345 1066 1383">
     <span class='ocr_line' id='line_1_50' title="bbox 990 1345 1066 1383; baseline 0.013 -8"><span class='ocrx_word' id='word_1_346' title='bbox 990 1345 1066 1383; x_wconf 66' lang='grc' dir='ltr'><strong>δν.</strong></span> 
     </span>
    </p>
   </div>
   <div class='ocr_carea' id='block_1_51' title="bbox 244 1426 998 1463">
    <p class='ocr_par' dir='ltr' id='par_1_51' title="bbox 244 1426 998 1463">
     <span class='ocr_line' id='line_1_51' title="bbox 244 1426 998 1463; baseline -0.001 -8"><span class='ocrx_word' id='word_1_347' title='bbox 244 1426 429 1463; x_wconf 76' lang='lat' dir='ltr'><strong>Nempejuxta</strong></span> <span class='ocrx_word' id='word_1_348' title='bbox 446 1427 518 1455; x_wconf 83' lang='lat' dir='ltr'><strong>hanc</strong></span> <span class='ocrx_word' id='word_1_349' title='bbox 536 1435 643 1456; x_wconf 83' lang='lat' dir='ltr'><strong>sacram</strong></span> <span class='ocrx_word' id='word_1_350' title='bbox 658 1428 776 1457; x_wconf 86' lang='lat' dir='ltr'><strong>convivii</strong></span> <span class='ocrx_word' id='word_1_351' title='bbox 797 1426 998 1463; x_wconf 79' lang='lat' dir='ltr'><strong>expositionem</strong></span> 
     </span>
    </p>
   </div>
   <div class='ocr_carea' id='block_1_52' title="bbox 211 1474 998 1509">
    <p class='ocr_par' dir='ltr' id='par_1_52' title="bbox 211 1474 998 1509">
     <span class='ocr_line' id='line_1_52' title="bbox 211 1474 998 1509; baseline -0.003 -6"><span class='ocrx_word' id='word_1_352' title='bbox 211 1474 293 1503; x_wconf 86' lang='lat' dir='ltr'><strong>etiam</strong></span> <span class='ocrx_word' id='word_1_353' title='bbox 311 1474 426 1509; x_wconf 86' lang='lat' dir='ltr'><strong>ipsemet</strong></span> <span class='ocrx_word' id='word_1_354' title='bbox 446 1474 579 1503; x_wconf 89' lang='lat' dir='ltr'><strong>bonorum</strong></span> <span class='ocrx_word' id='word_1_355' title='bbox 600 1475 723 1503; x_wconf 92' lang='lat' dir='ltr'><strong>omnium</strong></span> <span class='ocrx_word' id='word_1_356' title='bbox 741 1480 838 1503; x_wconf 87' lang='lat' dir='ltr'><strong>auctor</strong></span> <span class='ocrx_word' id='word_1_357' title='bbox 850 1474 923 1502; x_wconf 88' lang='lat' dir='ltr'><strong>Deus</strong></span> <span class='ocrx_word' id='word_1_358' title='bbox 940 1474 998 1502; x_wconf 91' lang='lat' dir='ltr'><strong>ine-</strong></span> 
     </span>
    </p>
   </div>
   <div class='ocr_carea' id='block_1_53' title="bbox 208 1519 997 1556">
    <p class='ocr_par' dir='ltr' id='par_1_53' title="bbox 208 1519 997 1556">
     <span class='ocr_line' id='line_1_53' title="bbox 208 1519 997 1556; baseline -0.003 -7"><span class='ocrx_word' id='word_1_359' title='bbox 208 1519 294 1550; x_wconf 89' lang='lat' dir='ltr'><strong>briari</strong></span> <span class='ocrx_word' id='word_1_360' title='bbox 306 1520 415 1554; x_wconf 89' lang='lat' dir='ltr'><strong>dicitur,</strong></span> <span class='ocrx_word' id='word_1_361' title='bbox 427 1525 538 1556; x_wconf 88' lang='lat' dir='ltr'><strong>propter</strong></span> <span class='ocrx_word' id='word_1_362' title='bbox 550 1520 748 1556; x_wconf 83' lang='lat' dir='ltr'><strong>plenissimam,</strong></span> <span class='ocrx_word' id='word_1_363' title='bbox 762 1525 799 1554; x_wconf 87' lang='lat' dir='ltr'><strong>et,</strong></span> <span class='ocrx_word' id='word_1_364' title='bbox 816 1528 877 1556; x_wconf 61' lang='lat' dir='ltr'><strong>quae</strong></span> <span class='ocrx_word' id='word_1_365' title='bbox 888 1527 997 1548; x_wconf 91' lang='lat' dir='ltr'><strong>omnem</strong></span> 
     </span>
    </p>
   </div>
   <div class='ocr_carea' id='block_1_54' title="bbox 1088 1423 1850 1460">
    <p class='ocr_par' dir='ltr' id='par_1_54' title="bbox 1088 1423 1850 1460">
     <span class='ocr_line' id='line_1_54' title="bbox 1088 1423 1850 1460; baseline -0.005 -7"><span class='ocrx_word' id='word_1_366' title='bbox 1088 1426 1167 1453; x_wconf 81' lang='grc' dir='ltr'>Κατὰ</span> <span class='ocrx_word' id='word_1_367' title='bbox 1182 1425 1282 1460; x_wconf 80' lang='grc' dir='ltr'>ταύτην</span> <span class='ocrx_word' id='word_1_368' title='bbox 1297 1425 1326 1452; x_wconf 80' lang='grc' dir='ltr'><strong>δὲ</strong></span> <span class='ocrx_word' id='word_1_369' title='bbox 1341 1425 1390 1460; x_wconf 81' lang='grc' dir='ltr'>τὴν</span> <span class='ocrx_word' id='word_1_370' title='bbox 1406 1423 1481 1460; x_wconf 79' lang='grc' dir='ltr'>ἱερὰν</span> <span class='ocrx_word' id='word_1_371' title='bbox 1496 1423 1546 1459; x_wconf 85' lang='grc' dir='ltr'>τῆς</span> <span class='ocrx_word' id='word_1_372' title='bbox 1562 1423 1678 1459; x_wconf 78' lang='grc' dir='ltr'><strong>εὐωχίας</strong></span> <span class='ocrx_word' id='word_1_373' title='bbox 1695 1423 1850 1456; x_wconf 59' lang='grc' dir='ltr'>ἀνάπτυξις</span> 
     </span>
    </p>
   </div>
   <div class='ocr_carea' id='block_1_55' title="bbox 1053 1469 1848 1506">
    <p class='ocr_par' dir='ltr' id='par_1_55' title="bbox 1053 1469 1848 1506">
     <span class='ocr_line' id='line_1_55' title="bbox 1053 1469 1848 1506; baseline -0.004 -7"><span class='ocrx_word' id='word_1_374' title='bbox 1053 1473 1100 1499; x_wconf 76' lang='grc' dir='ltr'>καὶ</span> <span class='ocrx_word' id='word_1_375' title='bbox 1110 1472 1190 1504; x_wconf 79' lang='grc' dir='ltr'>αὐτὸς</span> <span class='ocrx_word' id='word_1_376' title='bbox 1207 1472 1221 1498; x_wconf 83' lang='grc' dir='ltr'>ὁ</span> <span class='ocrx_word' id='word_1_377' title='bbox 1238 1471 1348 1499; x_wconf 83' lang='grc' dir='ltr'>πάντων</span> <span class='ocrx_word' id='word_1_378' title='bbox 1365 1471 1475 1505; x_wconf 80' lang='grc' dir='ltr'><strong>ἀγαθῶν</strong></span> <span class='ocrx_word' id='word_1_379' title='bbox 1492 1471 1577 1502; x_wconf 73' lang='grc' dir='ltr'>αἴτιος</span> <span class='ocrx_word' id='word_1_380' title='bbox 1589 1470 1656 1501; x_wconf 83' lang='grc' dir='ltr'><strong>Θεὸς</strong></span> <span class='ocrx_word' id='word_1_381' title='bbox 1672 1470 1788 1506; x_wconf 82' lang='grc' dir='ltr'>μεθύειν</span> <span class='ocrx_word' id='word_1_382' title='bbox 1805 1469 1848 1496; x_wconf 82' lang='grc' dir='ltr'><strong>λέ-</strong></span> 
     </span>
    </p>
   </div>
   <div class='ocr_carea' id='block_1_56' title="bbox 1053 1517 1847 1555">
    <p class='ocr_par' dir='ltr' id='par_1_56' title="bbox 1053 1517 1847 1555">
     <span class='ocr_line' id='line_1_56' title="bbox 1053 1517 1847 1555; baseline -0.004 -9"><span class='ocrx_word' id='word_1_383' title='bbox 1053 1527 1147 1554; x_wconf 83' lang='grc' dir='ltr'>γεται,</span> <span class='ocrx_word' id='word_1_384' title='bbox 1176 1518 1220 1546; x_wconf 78' lang='grc' dir='ltr'>διὰ</span> <span class='ocrx_word' id='word_1_385' title='bbox 1244 1519 1293 1555; x_wconf 83' lang='grc' dir='ltr'><strong>τὴν</strong></span> <span class='ocrx_word' id='word_1_386' title='bbox 1316 1518 1480 1554; x_wconf 83' lang='grc' dir='ltr'>ὑπερπλήρη</span> <span class='ocrx_word' id='word_1_387' title='bbox 1503 1517 1550 1545; x_wconf 79' lang='grc' dir='ltr'>καὶ</span> <span class='ocrx_word' id='word_1_388' title='bbox 1579 1517 1650 1553; x_wconf 82' lang='grc' dir='ltr'><strong>ὑπὲρ</strong></span> <span class='ocrx_word' id='word_1_389' title='bbox 1676 1517 1772 1552; x_wconf 75' lang='grc' dir='ltr'>νόησιν</span> <span class='ocrx_word' id='word_1_390' title='bbox 1796 1517 1847 1552; x_wconf 79' lang='grc' dir='ltr'>τῆς</span> 
     </span>
    </p>
   </div>
   <div class='ocr_carea' id='block_1_57' title="bbox 211 1563 998 1606">
    <p class='ocr_par' dir='ltr' id='par_1_57' title="bbox 211 1566 997 1604">
     <span class='ocr_line' id='line_1_57' title="bbox 211 1566 997 1604; baseline -0.003 -10"><span class='ocrx_word' id='word_1_391' title='bbox 211 1566 418 1602; x_wconf 70' lang='lat' dir='ltr'><strong>intelligentiam</strong></span> <span class='ocrx_word' id='word_1_392' title='bbox 440 1572 569 1604; x_wconf 88' lang='lat' dir='ltr'><strong>superat,</strong></span> <span class='ocrx_word' id='word_1_393' title='bbox 593 1567 694 1595; x_wconf 72' lang='lat' dir='ltr'><strong>divina:</strong></span> <span class='ocrx_word' id='word_1_394' title='bbox 717 1566 904 1603; x_wconf 86' lang='lat' dir='ltr'><strong>epulationis,</strong></span> <span class='ocrx_word' id='word_1_395' title='bbox 935 1566 997 1599; x_wconf 88' lang='lat' dir='ltr'><strong>vel,</strong></span> 
     </span>
    </p>
   </div>
   <div class='ocr_carea' id='block_1_58' title="bbox 1053 1563 1847 1606">
    <p class='ocr_par' dir='ltr' id='par_1_58' title="bbox 1053 1563 1847 1601">
     <span class='ocr_line' id='line_1_58' title="bbox 1053 1563 1847 1601; baseline -0.003 -9"><span class='ocrx_word' id='word_1_396' title='bbox 1053 1566 1178 1601; x_wconf 81' lang='grc' dir='ltr'><strong>εὐωχίας,</strong></span> <span class='ocrx_word' id='word_1_397' title='bbox 1195 1565 1212 1600; x_wconf 87' lang='grc' dir='ltr'>ἢ</span> <span class='ocrx_word' id='word_1_398' title='bbox 1227 1565 1390 1601; x_wconf 80' lang='grc' dir='ltr'>κυριώτερον</span> <span class='ocrx_word' id='word_1_399' title='bbox 1400 1565 1496 1596; x_wconf 74' lang='grc' dir='ltr'>εἰπεῖν,</span> <span class='ocrx_word' id='word_1_400' title='bbox 1508 1563 1612 1597; x_wconf 82' lang='grc' dir='ltr'>εὐεξίας</span> <span class='ocrx_word' id='word_1_401' title='bbox 1627 1564 1674 1591; x_wconf 83' lang='grc' dir='ltr'>τοῦ</span> <span class='ocrx_word' id='word_1_402' title='bbox 1690 1563 1761 1590; x_wconf 79' lang='grc' dir='ltr'>Θεοῦ</span> <span class='ocrx_word' id='word_1_403' title='bbox 1779 1573 1847 1590; x_wconf 85' lang='grc' dir='ltr'>παν-</span> 
     </span>
    </p>
   </div>
   <div class='ocr_carea' id='block_1_59' title="bbox 211 1611 999 1648">
    <p class='ocr_par' dir='ltr' id='par_1_59' title="bbox 211 1611 999 1648">
     <span class='ocr_line' id='line_1_59' title="bbox 211 1611 999 1648; baseline 0.003 -9"><span class='ocrx_word' id='word_1_404' title='bbox 211 1612 299 1648; x_wconf 77' lang='lat' dir='ltr'><strong>magis</strong></span> <span class='ocrx_word' id='word_1_405' title='bbox 312 1613 423 1648; x_wconf 88' lang='lat' dir='ltr'><strong>proprie</strong></span> <span class='ocrx_word' id='word_1_406' title='bbox 435 1611 583 1648; x_wconf 90' lang='lat' dir='ltr'><strong>loquendo,</strong></span> <span class='ocrx_word' id='word_1_407' title='bbox 597 1612 676 1641; x_wconf 83' lang='lat' dir='ltr'><strong>bonae</strong></span> <span class='ocrx_word' id='word_1_408' title='bbox 693 1612 862 1640; x_wconf 88' lang='lat' dir='ltr'><strong>habitudinis</strong></span> <span class='ocrx_word' id='word_1_409' title='bbox 878 1612 925 1640; x_wconf 82' lang='lat' dir='ltr'><strong>Dei</strong></span> <span class='ocrx_word' id='word_1_410' title='bbox 937 1619 999 1647; x_wconf 88' lang='lat' dir='ltr'><strong>per-</strong></span> 
     </span>
    </p>
   </div>
   <div class='ocr_carea' id='block_1_60' title="bbox 211 1655 1000 1688">
    <p class='ocr_par' dir='ltr' id='par_1_60' title="bbox 211 1655 1000 1688">
     <span class='ocr_line' id='line_1_60' title="bbox 211 1655 1000 1688; baseline 0.004 -3"><span class='ocrx_word' id='word_1_411' title='bbox 211 1655 389 1686; x_wconf 75' lang='lat' dir='ltr'><strong>fectissimam</strong></span> <span class='ocrx_word' id='word_1_412' title='bbox 415 1663 444 1686; x_wconf 83' lang='lat' dir='ltr'><strong>et</strong></span> <span class='ocrx_word' id='word_1_413' title='bbox 469 1658 635 1687; x_wconf 73' lang='lat' dir='ltr'><strong>ineffabilem</strong></span> <span class='ocrx_word' id='word_1_414' title='bbox 671 1659 894 1688; x_wconf 88' lang='lat' dir='ltr'><strong>immensitatem.</strong></span> <span class='ocrx_word' id='word_1_415' title='bbox 923 1659 1000 1688; x_wconf 84' lang='lat' dir='ltr'><strong>Sicut</strong></span> 
     </span>
    </p>
   </div>
   <div class='ocr_carea' id='block_1_61' title="bbox 211 1703 998 1740">
    <p class='ocr_par' dir='ltr' id='par_1_61' title="bbox 211 1703 998 1740">
     <span class='ocr_line' id='line_1_61' title="bbox 211 1703 998 1740; baseline 0.003 -10"><span class='ocrx_word' id='word_1_416' title='bbox 211 1703 283 1731; x_wconf 85' lang='lat' dir='ltr'><strong>enim</strong></span> <span class='ocrx_word' id='word_1_417' title='bbox 297 1711 329 1731; x_wconf 90' lang='lat' dir='ltr'><strong>ea</strong></span> <span class='ocrx_word' id='word_1_418' title='bbox 344 1711 405 1739; x_wconf 72' lang='lat' dir='ltr'><strong>quae</strong></span> <span class='ocrx_word' id='word_1_419' title='bbox 417 1705 491 1740; x_wconf 86' lang='lat' dir='ltr'><strong>apud</strong></span> <span class='ocrx_word' id='word_1_420' title='bbox 512 1712 563 1733; x_wconf 88' lang='lat' dir='ltr'><strong>nos</strong></span> <span class='ocrx_word' id='word_1_421' title='bbox 575 1710 620 1732; x_wconf 87' lang='lat' dir='ltr'><strong>est</strong></span> <span class='ocrx_word' id='word_1_422' title='bbox 633 1705 765 1739; x_wconf 87' lang='lat' dir='ltr'><strong>ebrietas,</strong></span> <span class='ocrx_word' id='word_1_423' title='bbox 788 1706 815 1732; x_wconf 88' lang='lat' dir='ltr'><strong>in</strong></span> <span class='ocrx_word' id='word_1_424' title='bbox 833 1705 998 1733; x_wconf 84' lang='lat' dir='ltr'><strong>deteriorem</strong></span> 
     </span>
    </p>
   </div>
   <div class='ocr_carea' id='block_1_62' title="bbox 211 1750 1000 1786">
    <p class='ocr_par' dir='ltr' id='par_1_62' title="bbox 211 1750 1000 1786">
     <span class='ocr_line' id='line_1_62' title="bbox 211 1750 1000 1786; baseline 0.001 -10"><span class='ocrx_word' id='word_1_425' title='bbox 211 1753 318 1784; x_wconf 86' lang='lat' dir='ltr'><strong>partem</strong></span> <span class='ocrx_word' id='word_1_426' title='bbox 330 1750 450 1785; x_wconf 89' lang='lat' dir='ltr'><strong>capitur,</strong></span> <span class='ocrx_word' id='word_1_427' title='bbox 463 1755 559 1785; x_wconf 86' lang='lat' dir='ltr'><strong>estque</strong></span> <span class='ocrx_word' id='word_1_428' title='bbox 575 1751 721 1779; x_wconf 89' lang='lat' dir='ltr'><strong>immodica</strong></span> <span class='ocrx_word' id='word_1_429' title='bbox 741 1751 867 1786; x_wconf 89' lang='lat' dir='ltr'><strong>repletio,</strong></span> <span class='ocrx_word' id='word_1_430' title='bbox 888 1755 1000 1786; x_wconf 86' lang='lat' dir='ltr'><strong>propter</strong></span> 
     </span>
    </p>
   </div>
   <div class='ocr_carea' id='block_1_63' title="bbox 212 1797 998 1831">
    <p class='ocr_par' dir='ltr' id='par_1_63' title="bbox 212 1797 998 1831">
     <span class='ocr_line' id='line_1_63' title="bbox 212 1797 998 1831; baseline 0.003 -9"><span class='ocrx_word' id='word_1_431' title='bbox 212 1802 294 1830; x_wconf 85' lang='lat' dir='ltr'><strong>quant</strong></span> <span class='ocrx_word' id='word_1_432' title='bbox 315 1800 406 1824; x_wconf 84' lang='lat' dir='ltr'><strong>tuente</strong></span> <span class='ocrx_word' id='word_1_433' title='bbox 427 1803 568 1831; x_wconf 84' lang='lat' dir='ltr'><strong>sensuque</strong></span> <span class='ocrx_word' id='word_1_434' title='bbox 590 1797 783 1830; x_wconf 88' lang='lat' dir='ltr'><strong>destituimur;</strong></span> <span class='ocrx_word' id='word_1_435' title='bbox 799 1797 840 1825; x_wconf 89' lang='lat' dir='ltr'><strong>sic</strong></span> <span class='ocrx_word' id='word_1_436' title='bbox 859 1797 886 1824; x_wconf 95' lang='lat' dir='ltr'><strong>in</strong></span> <span class='ocrx_word' id='word_1_437' title='bbox 903 1797 957 1825; x_wconf 86' lang='lat' dir='ltr'><strong>Deo</strong></span> <span class='ocrx_word' id='word_1_438' title='bbox 976 1798 998 1824; x_wconf 89' lang='lat' dir='ltr'><strong>si</strong></span> 
     </span>
    </p>
   </div>
   <div class='ocr_carea' id='block_1_64' title="bbox 212 1839 999 1876">
    <p class='ocr_par' dir='ltr' id='par_1_64' title="bbox 212 1839 999 1876">
     <span class='ocr_line' id='line_1_64' title="bbox 212 1839 999 1876; baseline 0.005 -10"><span class='ocrx_word' id='word_1_439' title='bbox 212 1839 354 1868; x_wconf 89' lang='lat' dir='ltr'><strong>meliorem</strong></span> <span class='ocrx_word' id='word_1_440' title='bbox 375 1841 402 1868; x_wconf 90' lang='lat' dir='ltr'><strong>in</strong></span> <span class='ocrx_word' id='word_1_441' title='bbox 419 1844 524 1875; x_wconf 89' lang='lat' dir='ltr'><strong>partem</strong></span> <span class='ocrx_word' id='word_1_442' title='bbox 539 1841 665 1876; x_wconf 89' lang='lat' dir='ltr'><strong>capiatur</strong></span> <span class='ocrx_word' id='word_1_443' title='bbox 679 1842 814 1876; x_wconf 84' lang='lat' dir='ltr'><strong>ebrietas,</strong></span> <span class='ocrx_word' id='word_1_444' title='bbox 834 1843 904 1870; x_wconf 91' lang='lat' dir='ltr'><strong>nihil</strong></span> <span class='ocrx_word' id='word_1_445' title='bbox 924 1842 999 1870; x_wconf 89' lang='lat' dir='ltr'><strong>aliud</strong></span> 
     </span>
    </p>
   </div>
   <div class='ocr_carea' id='block_1_65' title="bbox 212 1886 999 1923">
    <p class='ocr_par' dir='ltr' id='par_1_65' title="bbox 212 1886 999 1923">
     <span class='ocr_line' id='line_1_65' title="bbox 212 1886 999 1923; baseline 0.005 -10"><span class='ocrx_word' id='word_1_446' title='bbox 212 1891 253 1914; x_wconf 87' lang='lat' dir='ltr'><strong>est</strong></span> <span class='ocrx_word' id='word_1_447' title='bbox 267 1886 454 1922; x_wconf 72' lang='lat' dir='ltr'><strong>intelligenda,</strong></span> <span class='ocrx_word' id='word_1_448' title='bbox 465 1894 546 1922; x_wconf 79' lang='lat' dir='ltr'><strong>quam</strong></span> <span class='ocrx_word' id='word_1_449' title='bbox 560 1887 719 1923; x_wconf 88' lang='lat' dir='ltr'><strong>plenissima</strong></span> <span class='ocrx_word' id='word_1_450' title='bbox 730 1889 866 1917; x_wconf 90' lang='lat' dir='ltr'><strong>bonorum</strong></span> <span class='ocrx_word' id='word_1_451' title='bbox 875 1889 999 1917; x_wconf 86' lang='lat' dir='ltr'><strong>omnium</strong></span> 
     </span>
    </p>
   </div>
   <div class='ocr_carea' id='block_1_66' title="bbox 212 1933 997 1971">
    <p class='ocr_par' dir='ltr' id='par_1_66' title="bbox 212 1933 997 1971">
     <span class='ocr_line' id='line_1_66' title="bbox 212 1933 997 1971; baseline 0.005 -11"><span class='ocrx_word' id='word_1_452' title='bbox 212 1933 392 1968; x_wconf 67' lang='lat' dir='ltr'><strong>immensitas,</strong></span> <span class='ocrx_word' id='word_1_453' title='bbox 413 1941 474 1969; x_wconf 66' lang='lat' dir='ltr'><strong>quae</strong></span> <span class='ocrx_word' id='word_1_454' title='bbox 497 1934 561 1963; x_wconf 90' lang='lat' dir='ltr'><strong>dum</strong></span> <span class='ocrx_word' id='word_1_455' title='bbox 575 1939 698 1969; x_wconf 83' lang='lat' dir='ltr'><strong>emanat,</strong></span> <span class='ocrx_word' id='word_1_456' title='bbox 723 1936 751 1963; x_wconf 95' lang='lat' dir='ltr'><strong>in</strong></span> <span class='ocrx_word' id='word_1_457' title='bbox 773 1936 833 1971; x_wconf 87' lang='lat' dir='ltr'><strong>ipso</strong></span> <span class='ocrx_word' id='word_1_458' title='bbox 847 1936 997 1965; x_wconf 87' lang='lat' dir='ltr'><strong>secundum</strong></span> 
     </span>
    </p>
   </div>
   <div class='ocr_carea' id='block_1_67' title="bbox 212 1981 998 2017">
    <p class='ocr_par' dir='ltr' id='par_1_67' title="bbox 212 1981 998 2017">
     <span class='ocr_line' id='line_1_67' title="bbox 212 1981 998 2017; baseline 0.004 -10"><span class='ocrx_word' id='word_1_459' title='bbox 212 1987 321 2008; x_wconf 69' lang='lat' dir='ltr'><strong>causam</strong></span> <span class='ocrx_word' id='word_1_460' title='bbox 331 1981 506 2016; x_wconf 65' lang='lat' dir='ltr'><strong>praeexsistit.</strong></span> <span class='ocrx_word' id='word_1_461' title='bbox 517 1981 587 2015; x_wconf 87' lang='lat' dir='ltr'><strong>Quin</strong></span> <span class='ocrx_word' id='word_1_462' title='bbox 603 1987 631 2010; x_wconf 89' lang='lat' dir='ltr'><strong>et</strong></span> <span class='ocrx_word' id='word_1_463' title='bbox 643 1982 731 2017; x_wconf 88' lang='lat' dir='ltr'><strong>ipsum</strong></span> <span class='ocrx_word' id='word_1_464' title='bbox 740 1989 837 2011; x_wconf 81' lang='lat' dir='ltr'><strong>sensus</strong></span> <span class='ocrx_word' id='word_1_465' title='bbox 845 1989 998 2016; x_wconf 81' lang='lat' dir='ltr'><strong>excessum,</strong></span> 
     </span>
    </p>
   </div>
   <div class='ocr_carea' id='block_1_68' title="bbox 213 2026 998 2064">
    <p class='ocr_par' dir='ltr' id='par_1_68' title="bbox 213 2026 998 2064">
     <span class='ocr_line' id='line_1_68' title="bbox 213 2026 998 2064; baseline 0.004 -11"><span class='ocrx_word' id='word_1_466' title='bbox 213 2026 258 2061; x_wconf 66' lang='lat' dir='ltr'><strong>qui</strong></span> <span class='ocrx_word' id='word_1_467' title='bbox 276 2026 437 2054; x_wconf 88' lang='lat' dir='ltr'><strong>ebrietatem</strong></span> <span class='ocrx_word' id='word_1_468' title='bbox 449 2026 609 2060; x_wconf 86' lang='lat' dir='ltr'><strong>comitatur,</strong></span> <span class='ocrx_word' id='word_1_469' title='bbox 622 2028 748 2064; x_wconf 89' lang='lat' dir='ltr'><strong>accipere</strong></span> <span class='ocrx_word' id='word_1_470' title='bbox 757 2033 867 2063; x_wconf 88' lang='lat' dir='ltr'><strong>oportet</strong></span> <span class='ocrx_word' id='word_1_471' title='bbox 877 2036 928 2064; x_wconf 92' lang='lat' dir='ltr'><strong>pro</strong></span> <span class='ocrx_word' id='word_1_472' title='bbox 945 2030 998 2056; x_wconf 82' lang='lat' dir='ltr'><strong>ista</strong></span> 
     </span>
    </p>
   </div>
   <div class='ocr_carea' id='block_1_69' title="bbox 212 2072 998 2110">
    <p class='ocr_par' dir='ltr' id='par_1_69' title="bbox 212 2072 998 2110">
     <span class='ocr_line' id='line_1_69' title="bbox 212 2072 998 2110; baseline 0.004 -10"><span class='ocrx_word' id='word_1_473' title='bbox 212 2072 260 2101; x_wconf 92' lang='lat' dir='ltr'><strong>Dei</strong></span> <span class='ocrx_word' id='word_1_474' title='bbox 279 2073 463 2108; x_wconf 71' lang='lat' dir='ltr'><strong>praecellentia</strong></span> <span class='ocrx_word' id='word_1_475' title='bbox 489 2082 550 2110; x_wconf 64' lang='lat' dir='ltr'><strong>quae</strong></span> <span class='ocrx_word' id='word_1_476' title='bbox 570 2079 718 2110; x_wconf 87' lang='lat' dir='ltr'><strong>exsuperat</strong></span> <span class='ocrx_word' id='word_1_477' title='bbox 738 2082 846 2103; x_wconf 91' lang='lat' dir='ltr'><strong>omnem</strong></span> <span class='ocrx_word' id='word_1_478' title='bbox 869 2082 998 2110; x_wconf 82' lang='lat' dir='ltr'><strong>sensum,</strong></span> 
     </span>
    </p>
   </div>
   <div class='ocr_carea' id='block_1_70' title="bbox 211 2121 998 2157">
    <p class='ocr_par' dir='ltr' id='par_1_70' title="bbox 211 2121 998 2157">
     <span class='ocr_line' id='line_1_70' title="bbox 211 2121 998 2157; baseline 0.003 -9"><span class='ocrx_word' id='word_1_479' title='bbox 211 2127 352 2156; x_wconf 78' lang='lat' dir='ltr'><strong>perquam</strong></span> <span class='ocrx_word' id='word_1_480' title='bbox 368 2121 402 2149; x_wconf 91' lang='lat' dir='ltr'><strong>ab</strong></span> <span class='ocrx_word' id='word_1_481' title='bbox 424 2121 596 2157; x_wconf 79' lang='lat' dir='ltr'><strong>intelligendi</strong></span> <span class='ocrx_word' id='word_1_482' title='bbox 622 2122 728 2150; x_wconf 88' lang='lat' dir='ltr'><strong>ratione</strong></span> <span class='ocrx_word' id='word_1_483' title='bbox 750 2123 920 2156; x_wconf 87' lang='lat' dir='ltr'><strong>secernitur,</strong></span> <span class='ocrx_word' id='word_1_484' title='bbox 935 2130 998 2150; x_wconf 90' lang='lat' dir='ltr'><strong>cum</strong></span> 
     </span>
    </p>
   </div>
   <div class='ocr_carea' id='block_1_71' title="bbox 212 2166 998 2205">
    <p class='ocr_par' dir='ltr' id='par_1_71' title="bbox 212 2166 998 2205">
     <span class='ocr_line' id='line_1_71' title="bbox 212 2166 998 2205; baseline 0.004 -11"><span class='ocrx_word' id='word_1_485' title='bbox 212 2166 249 2194; x_wconf 64' lang='lat' dir='ltr'><strong>sit</strong></span> <span class='ocrx_word' id='word_1_486' title='bbox 260 2174 343 2202; x_wconf 83' lang='lat' dir='ltr'><strong>supra</strong></span> <span class='ocrx_word' id='word_1_487' title='bbox 359 2167 385 2195; x_wconf 94' lang='lat' dir='ltr'><strong>id</strong></span> <span class='ocrx_word' id='word_1_488' title='bbox 397 2169 468 2202; x_wconf 89' lang='lat' dir='ltr'><strong>quod</strong></span> <span class='ocrx_word' id='word_1_489' title='bbox 482 2168 610 2204; x_wconf 78' lang='lat' dir='ltr'><strong>intelligit</strong></span> <span class='ocrx_word' id='word_1_490' title='bbox 624 2173 652 2196; x_wconf 92' lang='lat' dir='ltr'><strong>et</strong></span> <span class='ocrx_word' id='word_1_491' title='bbox 665 2169 835 2205; x_wconf 75' lang='lat' dir='ltr'><strong>intelligitur,</strong></span> <span class='ocrx_word' id='word_1_492' title='bbox 851 2170 906 2198; x_wconf 92' lang='lat' dir='ltr'><strong>imo</strong></span> <span class='ocrx_word' id='word_1_493' title='bbox 915 2177 998 2205; x_wconf 88' lang='lat' dir='ltr'><strong>supra</strong></span> 
     </span>
    </p>
   </div>
   <div class='ocr_carea' id='block_1_72' title="bbox 211 2214 999 2252">
    <p class='ocr_par' dir='ltr' id='par_1_72' title="bbox 211 2214 999 2252">
     <span class='ocr_line' id='line_1_72' title="bbox 211 2214 999 2252; baseline 0.003 -10"><span class='ocrx_word' id='word_1_494' title='bbox 211 2214 239 2242; x_wconf 82' lang='lat' dir='ltr'><strong>id</strong></span> <span class='ocrx_word' id='word_1_495' title='bbox 249 2215 321 2250; x_wconf 88' lang='lat' dir='ltr'><strong>quod</strong></span> <span class='ocrx_word' id='word_1_496' title='bbox 336 2220 388 2244; x_wconf 85' lang='lat' dir='ltr'><strong>est.</strong></span> <span class='ocrx_word' id='word_1_497' title='bbox 399 2215 434 2243; x_wconf 83' lang='lat' dir='ltr'><strong>Et</strong></span> <span class='ocrx_word' id='word_1_498' title='bbox 444 2224 505 2244; x_wconf 91' lang='lat' dir='ltr'><strong>cum</strong></span> <span class='ocrx_word' id='word_1_499' title='bbox 522 2216 685 2252; x_wconf 87' lang='lat' dir='ltr'><strong>simpliciter</strong></span> <span class='ocrx_word' id='word_1_500' title='bbox 696 2218 767 2246; x_wconf 90' lang='lat' dir='ltr'><strong>Deus</strong></span> <span class='ocrx_word' id='word_1_501' title='bbox 778 2217 859 2245; x_wconf 89' lang='lat' dir='ltr'><strong>bonis</strong></span> <span class='ocrx_word' id='word_1_502' title='bbox 873 2217 999 2245; x_wconf 90' lang='lat' dir='ltr'><strong>omnibus</strong></span> 
     </span>
    </p>
   </div>
   <div class='ocr_carea' id='block_1_73' title="bbox 1050 1610 1844 1648">
    <p class='ocr_par' dir='ltr' id='par_1_73' title="bbox 1050 1610 1844 1648">
     <span class='ocr_line' id='line_1_73' title="bbox 1050 1610 1844 1648; baseline -0.003 -10"><span class='ocrx_word' id='word_1_503' title='bbox 1050 1612 1113 1648; x_wconf 86' lang='grc' dir='ltr'>τελῆ</span> <span class='ocrx_word' id='word_1_504' title='bbox 1131 1612 1178 1638; x_wconf 75' lang='grc' dir='ltr'>καὶ</span> <span class='ocrx_word' id='word_1_505' title='bbox 1199 1612 1301 1647; x_wconf 82' lang='grc' dir='ltr'>ἄφατον</span> <span class='ocrx_word' id='word_1_506' title='bbox 1318 1610 1461 1647; x_wconf 87' lang='grc' dir='ltr'>ἀμετρίαν.</span> <span class='ocrx_word' id='word_1_507' title='bbox 1485 1611 1529 1642; x_wconf 84' lang='grc' dir='ltr'>Ὠς</span> <span class='ocrx_word' id='word_1_508' title='bbox 1543 1611 1598 1647; x_wconf 74' lang='grc' dir='ltr'><strong>γὰρ</strong></span> <span class='ocrx_word' id='word_1_509' title='bbox 1617 1611 1660 1645; x_wconf 74' lang='grc' dir='ltr'><strong>ἐφ’</strong></span> <span class='ocrx_word' id='word_1_510' title='bbox 1677 1611 1757 1646; x_wconf 84' lang='grc' dir='ltr'>ἡμῶν</span> <span class='ocrx_word' id='word_1_511' title='bbox 1775 1610 1844 1637; x_wconf 81' lang='grc' dir='ltr'>κατὰ</span> 
     </span>
    </p>
   </div>
   <div class='ocr_carea' id='block_1_74' title="bbox 1050 1657 1844 1694">
    <p class='ocr_par' dir='ltr' id='par_1_74' title="bbox 1050 1657 1844 1694">
     <span class='ocr_line' id='line_1_74' title="bbox 1050 1657 1844 1694; baseline -0.003 -9"><span class='ocrx_word' id='word_1_512' title='bbox 1050 1658 1080 1685; x_wconf 78' lang='grc' dir='ltr'>τὸ</span> <span class='ocrx_word' id='word_1_513' title='bbox 1095 1660 1185 1694; x_wconf 83' lang='grc' dir='ltr'>χεῖρον</span> <span class='ocrx_word' id='word_1_514' title='bbox 1198 1659 1215 1693; x_wconf 87' lang='grc' dir='ltr'>ὴ</span> <span class='ocrx_word' id='word_1_515' title='bbox 1233 1658 1302 1694; x_wconf 88' lang='grc' dir='ltr'><strong>μέθη</strong></span> <span class='ocrx_word' id='word_1_516' title='bbox 1319 1658 1367 1684; x_wconf 74' lang='grc' dir='ltr'>καὶ</span> <span class='ocrx_word' id='word_1_517' title='bbox 1382 1657 1558 1693; x_wconf 86' lang='grc' dir='ltr'>ἀσύμμετρος</span> <span class='ocrx_word' id='word_1_518' title='bbox 1566 1657 1764 1693; x_wconf 82' lang='grc' dir='ltr'>ἀποπλήρωσίς</span> <span class='ocrx_word' id='word_1_519' title='bbox 1775 1657 1844 1689; x_wconf 75' lang='grc' dir='ltr'>ἐστι,</span> 
     </span>
    </p>
   </div>
   <div class='ocr_carea' id='block_1_75' title="bbox 1051 1702 1845 1740">
    <p class='ocr_par' dir='ltr' id='par_1_75' title="bbox 1051 1702 1845 1740">
     <span class='ocr_line' id='line_1_75' title="bbox 1051 1702 1845 1740; baseline -0.003 -9"><span class='ocrx_word' id='word_1_520' title='bbox 1051 1705 1098 1732; x_wconf 78' lang='grc' dir='ltr'>καὶ</span> <span class='ocrx_word' id='word_1_521' title='bbox 1110 1704 1156 1731; x_wconf 85' lang='grc' dir='ltr'>νοῦ</span> <span class='ocrx_word' id='word_1_522' title='bbox 1172 1705 1219 1731; x_wconf 80' lang='grc' dir='ltr'><strong>καὶ</strong></span> <span class='ocrx_word' id='word_1_523' title='bbox 1232 1703 1338 1740; x_wconf 83' lang='grc' dir='ltr'>φρενῶν</span> <span class='ocrx_word' id='word_1_524' title='bbox 1353 1703 1490 1736; x_wconf 67' lang='grc' dir='ltr'>ἔκστασιςο</span> <span class='ocrx_word' id='word_1_525' title='bbox 1508 1703 1579 1730; x_wconf 83' lang='grc' dir='ltr'>οὕτω</span> <span class='ocrx_word' id='word_1_526' title='bbox 1591 1702 1662 1730; x_wconf 85' lang='grc' dir='ltr'>κατὰ</span> <span class='ocrx_word' id='word_1_527' title='bbox 1673 1703 1703 1729; x_wconf 86' lang='grc' dir='ltr'>τὺ</span> <span class='ocrx_word' id='word_1_528' title='bbox 1717 1705 1845 1739; x_wconf 80' lang='grc' dir='ltr'>κρεῖττον</span> 
     </span>
    </p>
   </div>
   <div class='ocr_carea' id='block_1_76' title="bbox 1050 1749 1843 1787">
    <p class='ocr_par' dir='ltr' id='par_1_76' title="bbox 1050 1749 1843 1787">
     <span class='ocr_line' id='line_1_76' title="bbox 1050 1749 1843 1787; baseline -0.004 -9"><span class='ocrx_word' id='word_1_529' title='bbox 1050 1752 1097 1778; x_wconf 76' lang='grc' dir='ltr'><strong>ἐπὶ</strong></span> <span class='ocrx_word' id='word_1_530' title='bbox 1111 1751 1178 1778; x_wconf 80' lang='grc' dir='ltr'>Θεοῦ</span> <span class='ocrx_word' id='word_1_531' title='bbox 1193 1751 1242 1787; x_wconf 83' lang='grc' dir='ltr'>τὴν</span> <span class='ocrx_word' id='word_1_532' title='bbox 1259 1751 1344 1786; x_wconf 81' lang='grc' dir='ltr'><strong>μέθην</strong></span> <span class='ocrx_word' id='word_1_533' title='bbox 1356 1751 1406 1777; x_wconf 87' lang='grc' dir='ltr'>οὐκ</span> <span class='ocrx_word' id='word_1_534' title='bbox 1416 1749 1480 1777; x_wconf 77' lang='grc' dir='ltr'>ἄλλο</span> <span class='ocrx_word' id='word_1_535' title='bbox 1491 1758 1517 1777; x_wconf 89' lang='grc' dir='ltr'><strong>τι</strong></span> <span class='ocrx_word' id='word_1_536' title='bbox 1530 1750 1583 1786; x_wconf 82' lang='grc' dir='ltr'><strong>χρὴ</strong></span> <span class='ocrx_word' id='word_1_537' title='bbox 1594 1749 1758 1777; x_wconf 85' lang='grc' dir='ltr'>διανοεῖσθαι</span> <span class='ocrx_word' id='word_1_538' title='bbox 1768 1749 1843 1785; x_wconf 74' lang='grc' dir='ltr'>παρὰ</span> 
     </span>
    </p>
   </div>
   <div class='ocr_carea' id='block_1_77' title="bbox 1050 1795 1843 1834">
    <p class='ocr_par' dir='ltr' id='par_1_77' title="bbox 1050 1795 1843 1834">
     <span class='ocr_line' id='line_1_77' title="bbox 1050 1795 1843 1834; baseline -0.003 -10"><span class='ocrx_word' id='word_1_539' title='bbox 1050 1798 1099 1834; x_wconf 79' lang='grc' dir='ltr'><strong>τὴν</strong></span> <span class='ocrx_word' id='word_1_540' title='bbox 1113 1797 1345 1834; x_wconf 79' lang='grc' dir='ltr'>ὑπερπλήρη’κατ’</span> <span class='ocrx_word' id='word_1_541' title='bbox 1358 1796 1446 1824; x_wconf 73' lang='grc' dir='ltr'>αἰτίαν</span> <span class='ocrx_word' id='word_1_542' title='bbox 1460 1796 1596 1832; x_wconf 82' lang='grc' dir='ltr'>προοῦσαν</span> <span class='ocrx_word' id='word_1_543' title='bbox 1612 1797 1634 1812; x_wconf 75' lang='grc'><strong>⁸⁸</strong></span> <span class='ocrx_word' id='word_1_544' title='bbox 1647 1796 1675 1823; x_wconf 73' lang='grc' dir='ltr'><strong>ἐν</strong></span> <span class='ocrx_word' id='word_1_545' title='bbox 1687 1795 1762 1831; x_wconf 83' lang='grc' dir='ltr'><strong>αὑτῷ</strong></span> <span class='ocrx_word' id='word_1_546' title='bbox 1776 1796 1843 1822; x_wconf 77' lang='grc' dir='ltr'><strong>πάν-</strong></span> 
     </span>
    </p>
   </div>
   <div class='ocr_carea' id='block_1_78' title="bbox 1049 1842 1843 1880">
    <p class='ocr_par' dir='ltr' id='par_1_78' title="bbox 1049 1842 1843 1880">
     <span class='ocr_line' id='line_1_78' title="bbox 1049 1842 1843 1880; baseline -0.006 -7"><span class='ocrx_word' id='word_1_547' title='bbox 1049 1854 1103 1873; x_wconf 87' lang='grc' dir='ltr'><strong>των</strong></span> <span class='ocrx_word' id='word_1_548' title='bbox 1117 1845 1171 1873; x_wconf 87' lang='grc' dir='ltr'><strong>τῶν</strong></span> <span class='ocrx_word' id='word_1_549' title='bbox 1185 1844 1294 1880; x_wconf 84' lang='grc' dir='ltr'>ἀγαθῶν</span> <span class='ocrx_word' id='word_1_550' title='bbox 1308 1843 1450 1880; x_wconf 81' lang='grc' dir='ltr'>ἀμετρίαν.</span> <span class='ocrx_word' id='word_1_551' title='bbox 1476 1842 1556 1870; x_wconf 82' lang='grc' dir='ltr'>Ἀλλὰ</span> <span class='ocrx_word' id='word_1_552' title='bbox 1571 1842 1618 1870; x_wconf 74' lang='grc' dir='ltr'>καὶ</span> <span class='ocrx_word' id='word_1_553' title='bbox 1633 1842 1682 1878; x_wconf 83' lang='grc' dir='ltr'>τὴν</span> <span class='ocrx_word' id='word_1_554' title='bbox 1694 1842 1843 1869; x_wconf 74' lang='grc' dir='ltr'>ἐπακολου-</span> 
     </span>
    </p>
   </div>
   <div class='ocr_carea' id='block_1_79' title="bbox 1050 1888 1829 1929">
    <p class='ocr_par' dir='ltr' id='par_1_79' title="bbox 1050 1888 1829 1929">
     <span class='ocr_line' id='line_1_79' title="bbox 1050 1888 1829 1929; baseline -0.008 -9"><span class='ocrx_word' id='word_1_555' title='bbox 1050 1893 1150 1920; x_wconf 74' lang='grc' dir='ltr'>θοῦσαν</span> <span class='ocrx_word' id='word_1_556' title='bbox 1165 1893 1199 1928; x_wconf 79' lang='grc' dir='ltr'>τῇ</span> <span class='ocrx_word' id='word_1_557' title='bbox 1214 1892 1284 1929; x_wconf 83' lang='grc' dir='ltr'>μέθῃ</span> <span class='ocrx_word' id='word_1_558' title='bbox 1299 1890 1346 1918; x_wconf 79' lang='grc' dir='ltr'>τοῦ</span> <span class='ocrx_word' id='word_1_559' title='bbox 1366 1891 1473 1926; x_wconf 83' lang='grc' dir='ltr'>φρονεῖν</span> <span class='ocrx_word' id='word_1_560' title='bbox 1488 1890 1509 1906; x_wconf 79' lang='grc'><strong>⁸³</strong></span> <span class='ocrx_word' id='word_1_561' title='bbox 1521 1889 1662 1920; x_wconf 77' lang='grc' dir='ltr'>ἔκστασιν,</span> <span class='ocrx_word' id='word_1_562' title='bbox 1677 1889 1727 1924; x_wconf 81' lang='grc' dir='ltr'><strong>τὴν</strong></span> <span class='ocrx_word' id='word_1_563' title='bbox 1742 1888 1829 1923; x_wconf 84' lang='grc' dir='ltr'>ὑπερο</span> 
     </span>
    </p>
   </div>
   <div class='ocr_carea' id='block_1_80' title="bbox 1050 1935 1842 1976">
    <p class='ocr_par' dir='ltr' id='par_1_80' title="bbox 1050 1935 1842 1976">
     <span class='ocr_line' id='line_1_80' title="bbox 1050 1935 1842 1976; baseline -0.009 -9"><span class='ocrx_word' id='word_1_564' title='bbox 1050 1940 1101 1976; x_wconf 84' lang='grc' dir='ltr'><strong>χὴν</strong></span> <span class='ocrx_word' id='word_1_565' title='bbox 1110 1938 1158 1966; x_wconf 83' lang='grc' dir='ltr'>τοῦ</span> <span class='ocrx_word' id='word_1_566' title='bbox 1168 1939 1236 1966; x_wconf 84' lang='grc' dir='ltr'>Θεοῦ</span> <span class='ocrx_word' id='word_1_567' title='bbox 1246 1939 1296 1975; x_wconf 82' lang='grc' dir='ltr'><strong>τὴν</strong></span> <span class='ocrx_word' id='word_1_568' title='bbox 1309 1937 1380 1972; x_wconf 82' lang='grc' dir='ltr'>ὑπὲρ</span> <span class='ocrx_word' id='word_1_569' title='bbox 1395 1936 1488 1973; x_wconf 81' lang='grc' dir='ltr'>νόησιν</span> <span class='ocrx_word' id='word_1_570' title='bbox 1502 1936 1617 1972; x_wconf 71' lang='grc' dir='ltr'>οἰητέον,</span> <span class='ocrx_word' id='word_1_571' title='bbox 1631 1935 1691 1962; x_wconf 83' lang='grc' dir='ltr'>καθ’</span> <span class='ocrx_word' id='word_1_572' title='bbox 1699 1935 1733 1970; x_wconf 78' lang='grc' dir='ltr'><strong>ἢν</strong></span> <span class='ocrx_word' id='word_1_573' title='bbox 1743 1935 1842 1971; x_wconf 79' lang='grc' dir='ltr'><strong>ἐξῄρη-</strong></span> 
     </span>
    </p>
   </div>
   <div class='ocr_carea' id='block_1_81' title="bbox 1049 1982 1840 2021">
    <p class='ocr_par' dir='ltr' id='par_1_81' title="bbox 1049 1982 1840 2021">
     <span class='ocr_line' id='line_1_81' title="bbox 1049 1982 1840 2021; baseline -0.005 -9"><span class='ocrx_word' id='word_1_574' title='bbox 1049 1995 1094 2013; x_wconf 91' lang='grc' dir='ltr'><strong>ται</strong></span> <span class='ocrx_word' id='word_1_575' title='bbox 1109 1985 1156 2012; x_wconf 84' lang='grc' dir='ltr'><strong>τοῦ</strong></span> <span class='ocrx_word' id='word_1_576' title='bbox 1168 1986 1238 2012; x_wconf 79' lang='grc' dir='ltr'>νοεῖν</span> <span class='ocrx_word' id='word_1_577' title='bbox 1255 1985 1325 2021; x_wconf 82' lang='grc' dir='ltr'>ὑπὲρ</span> <span class='ocrx_word' id='word_1_578' title='bbox 1337 1984 1367 2011; x_wconf 80' lang='grc' dir='ltr'>τὸ</span> <span class='ocrx_word' id='word_1_579' title='bbox 1381 1984 1450 2011; x_wconf 79' lang='grc' dir='ltr'>νοεῖν</span> <span class='ocrx_word' id='word_1_580' title='bbox 1463 1983 1510 2015; x_wconf 81' lang='grc' dir='ltr'>ὢν,</span> <span class='ocrx_word' id='word_1_581' title='bbox 1527 1983 1574 2010; x_wconf 76' lang='grc' dir='ltr'>καὶ</span> <span class='ocrx_word' id='word_1_582' title='bbox 1584 1982 1655 2018; x_wconf 80' lang='grc' dir='ltr'>ὑπὲρ</span> <span class='ocrx_word' id='word_1_583' title='bbox 1668 1982 1699 2009; x_wconf 81' lang='grc' dir='ltr'><strong>τὸ</strong></span> <span class='ocrx_word' id='word_1_584' title='bbox 1711 1982 1840 2014; x_wconf 82' lang='grc' dir='ltr'>νοεῖσθαι,</span> 
     </span>
    </p>
   </div>
   <div class='ocr_carea' id='block_1_82' title="bbox 1050 2029 1841 2068">
    <p class='ocr_par' dir='ltr' id='par_1_82' title="bbox 1050 2029 1841 2068">
     <span class='ocr_line' id='line_1_82' title="bbox 1050 2029 1841 2068; baseline -0.004 -9"><span class='ocrx_word' id='word_1_585' title='bbox 1050 2033 1097 2060; x_wconf 76' lang='grc' dir='ltr'>καὶ</span> <span class='ocrx_word' id='word_1_586' title='bbox 1114 2032 1184 2068; x_wconf 83' lang='grc' dir='ltr'>ὑπὲρ</span> <span class='ocrx_word' id='word_1_587' title='bbox 1197 2032 1261 2059; x_wconf 79' lang='grc' dir='ltr'>αὐτὸ</span> <span class='ocrx_word' id='word_1_588' title='bbox 1271 2031 1301 2058; x_wconf 86' lang='grc' dir='ltr'>τὸ</span> <span class='ocrx_word' id='word_1_589' title='bbox 1311 2029 1390 2063; x_wconf 76' lang='grc' dir='ltr'>εἶναι,</span> <span class='ocrx_word' id='word_1_590' title='bbox 1403 2030 1450 2057; x_wconf 74' lang='grc' dir='ltr'>καὶ</span> <span class='ocrx_word' id='word_1_591' title='bbox 1461 2029 1554 2062; x_wconf 81' lang='grc' dir='ltr'>ἁπλῶς</span> <span class='ocrx_word' id='word_1_592' title='bbox 1564 2029 1691 2056; x_wconf 84' lang='grc' dir='ltr'>ἁπάντων</span> <span class='ocrx_word' id='word_1_593' title='bbox 1706 2029 1757 2056; x_wconf 84' lang='grc' dir='ltr'>ὅσα</span> <span class='ocrx_word' id='word_1_594' title='bbox 1768 2029 1841 2056; x_wconf 73' lang='grc' dir='ltr'>ἐστὶν</span> 
     </span>
    </p>
   </div>
   <div class='ocr_carea' id='block_1_83' title="bbox 1050 2075 1839 2114">
    <p class='ocr_par' dir='ltr' id='par_1_83' title="bbox 1050 2075 1839 2114">
     <span class='ocr_line' id='line_1_83' title="bbox 1050 2075 1839 2114; baseline -0.006 -8"><span class='ocrx_word' id='word_1_595' title='bbox 1050 2079 1141 2114; x_wconf 79' lang='grc' dir='ltr'>ἀγαθὰ</span> <span class='ocrx_word' id='word_1_596' title='bbox 1154 2078 1358 2114; x_wconf 60' lang='grc' dir='ltr'>μεμεθυσμένκ</span> <span class='ocrx_word' id='word_1_597' title='bbox 1365 2078 1422 2113; x_wconf 75' lang='grc' dir='ltr'>ἅμα</span> <span class='ocrx_word' id='word_1_598' title='bbox 1432 2077 1479 2104; x_wconf 77' lang='grc' dir='ltr'>καὶ</span> <span class='ocrx_word' id='word_1_599' title='bbox 1488 2075 1642 2112; x_wconf 75' lang='grc' dir='ltr'>ἐξεστηκὼς</span> <span class='ocrx_word' id='word_1_600' title='bbox 1653 2077 1727 2102; x_wconf 75' lang='grc' dir='ltr'>ἔστιν</span> <span class='ocrx_word' id='word_1_601' title='bbox 1737 2076 1752 2101; x_wconf 87' lang='grc' dir='ltr'><strong>ό</strong></span> <span class='ocrx_word' id='word_1_602' title='bbox 1765 2075 1839 2107; x_wconf 72' lang='grc' dir='ltr'>Θεὸς,</span> 
     </span>
    </p>
   </div>
   <div class='ocr_carea' id='block_1_84' title="bbox 1049 2122 1840 2160">
    <p class='ocr_par' dir='ltr' id='par_1_84' title="bbox 1049 2122 1840 2160">
     <span class='ocr_line' id='line_1_84' title="bbox 1049 2122 1840 2160; baseline -0.006 -7"><span class='ocrx_word' id='word_1_603' title='bbox 1049 2126 1087 2158; x_wconf 82' lang='grc' dir='ltr'>ὡς</span> <span class='ocrx_word' id='word_1_604' title='bbox 1103 2125 1213 2152; x_wconf 80' lang='grc' dir='ltr'>πάντων</span> <span class='ocrx_word' id='word_1_605' title='bbox 1224 2124 1313 2152; x_wconf 77' lang='grc' dir='ltr'>αὐτῶν</span> <span class='ocrx_word' id='word_1_606' title='bbox 1327 2124 1386 2160; x_wconf 75' lang='grc' dir='ltr'><strong>ἃμα</strong></span> <span class='ocrx_word' id='word_1_607' title='bbox 1395 2123 1443 2150; x_wconf 71' lang='grc' dir='ltr'>καὶ</span> <span class='ocrx_word' id='word_1_608' title='bbox 1453 2123 1632 2159; x_wconf 85' lang='grc' dir='ltr'>ὑπερπλήρης</span> <span class='ocrx_word' id='word_1_609' title='bbox 1646 2122 1695 2153; x_wconf 83' lang='grc' dir='ltr'>ὢν,</span> <span class='ocrx_word' id='word_1_610' title='bbox 1708 2122 1840 2158; x_wconf 72' lang='grc' dir='ltr'>ἀμετρίας</span> 
     </span>
    </p>
   </div>
   <div class='ocr_carea' id='block_1_85' title="bbox 1051 2168 1839 2208">
    <p class='ocr_par' dir='ltr' id='par_1_85' title="bbox 1051 2168 1839 2208">
     <span class='ocr_line' id='line_1_85' title="bbox 1051 2168 1839 2208; baseline -0.005 -9"><span class='ocrx_word' id='word_1_611' title='bbox 1051 2173 1142 2208; x_wconf 82' lang='grc' dir='ltr'>πάσης</span> <span class='ocrx_word' id='word_1_612' title='bbox 1164 2170 1310 2208; x_wconf 75' lang='grc' dir='ltr'>ὑπερϐολὴ,</span> <span class='ocrx_word' id='word_1_613' title='bbox 1335 2170 1381 2198; x_wconf 76' lang='grc' dir='ltr'>καὶ</span> <span class='ocrx_word' id='word_1_614' title='bbox 1403 2168 1479 2202; x_wconf 79' lang='grc' dir='ltr'>αὖθις</span> <span class='ocrx_word' id='word_1_615' title='bbox 1501 2169 1554 2203; x_wconf 75' lang='grc' dir='ltr'><strong>ἔξω</strong></span> <span class='ocrx_word' id='word_1_616' title='bbox 1575 2169 1622 2196; x_wconf 72' lang='grc' dir='ltr'>καὶ</span> <span class='ocrx_word' id='word_1_617' title='bbox 1636 2169 1766 2196; x_wconf 76' lang='grc' dir='ltr'>ἐπέκεινα</span> <span class='ocrx_word' id='word_1_618' title='bbox 1787 2169 1839 2196; x_wconf 80' lang='grc' dir='ltr'><strong>τῶν</strong></span> 
     </span>
    </p>
   </div>
   <div class='ocr_carea' id='block_1_86' title="bbox 1051 2214 1839 2254">
    <p class='ocr_par' dir='ltr' id='par_1_86' title="bbox 1051 2214 1839 2254">
     <span class='ocr_line' id='line_1_86' title="bbox 1051 2214 1839 2254; baseline -0.004 -9"><span class='ocrx_word' id='word_1_619' title='bbox 1051 2218 1120 2245; x_wconf 83' lang='grc' dir='ltr'>ὅλων</span> <span class='ocrx_word' id='word_1_620' title='bbox 1129 2217 1322 2254; x_wconf 82' lang='grc' dir='ltr'>ἀνῳκισμένος·</span> <span class='ocrx_word' id='word_1_621' title='bbox 1338 2216 1392 2243; x_wconf 83' lang='grc' dir='ltr'>ἀπὸ</span> <span class='ocrx_word' id='word_1_622' title='bbox 1405 2216 1437 2252; x_wconf 85' lang='grc' dir='ltr'><strong>δὴ</strong></span> <span class='ocrx_word' id='word_1_623' title='bbox 1448 2216 1550 2243; x_wconf 83' lang='grc' dir='ltr'>τούτων</span> <span class='ocrx_word' id='word_1_624' title='bbox 1567 2214 1734 2252; x_wconf 83' lang='grc' dir='ltr'>ὁρμώμενοι,</span> <span class='ocrx_word' id='word_1_625' title='bbox 1748 2216 1795 2242; x_wconf 75' lang='grc' dir='ltr'>καὶ</span> <span class='ocrx_word' id='word_1_626' title='bbox 1808 2215 1839 2243; x_wconf 77' lang='grc' dir='ltr'><strong>τὰ</strong></span> 
     </span>
    </p>
   </div>
   <div class='ocr_carea' id='block_1_87' title="bbox 210 2254 998 2300">
    <p class='ocr_par' dir='ltr' id='par_1_87' title="bbox 210 2263 998 2300">
     <span class='ocr_line' id='line_1_87' title="bbox 210 2263 998 2300; baseline 0.004 -11"><span class='ocrx_word' id='word_1_627' title='bbox 210 2269 271 2297; x_wconf 61' lang='lat' dir='ltr'><strong>quae</strong></span> <span class='ocrx_word' id='word_1_628' title='bbox 286 2267 361 2297; x_wconf 84' lang='lat' dir='ltr'><strong>sunt,</strong></span> <span class='ocrx_word' id='word_1_629' title='bbox 377 2263 528 2292; x_wconf 86' lang='lat' dir='ltr'><strong>inebriatus</strong></span> <span class='ocrx_word' id='word_1_630' title='bbox 543 2271 606 2292; x_wconf 85' lang='lat' dir='ltr'><strong>esse</strong></span> <span class='ocrx_word' id='word_1_631' title='bbox 625 2264 735 2299; x_wconf 89' lang='lat' dir='ltr'><strong>dicitur,</strong></span> <span class='ocrx_word' id='word_1_632' title='bbox 749 2265 896 2300; x_wconf 88' lang='lat' dir='ltr'><strong>omniaque</strong></span> <span class='ocrx_word' id='word_1_633' title='bbox 919 2271 998 2292; x_wconf 89' lang='lat' dir='ltr'><strong>exce-</strong></span> 
     </span>
    </p>
   </div>
   <div class='ocr_carea' id='block_1_88' title="bbox 1053 2254 1839 2300">
    <p class='ocr_par' dir='ltr' id='par_1_88' title="bbox 1053 2262 1839 2300">
     <span class='ocr_line' id='line_1_88' title="bbox 1053 2262 1839 2300; baseline -0.004 -9"><span class='ocrx_word' id='word_1_634' title='bbox 1053 2266 1080 2292; x_wconf 80' lang='grc' dir='ltr'><strong>ὲν</strong></span> <span class='ocrx_word' id='word_1_635' title='bbox 1095 2266 1129 2300; x_wconf 82' lang='grc' dir='ltr'>τῇ</span> <span class='ocrx_word' id='word_1_636' title='bbox 1152 2263 1274 2300; x_wconf 84' lang='grc' dir='ltr'>βασιλείᾳ</span> <span class='ocrx_word' id='word_1_637' title='bbox 1292 2262 1340 2290; x_wconf 81' lang='grc' dir='ltr'><strong>τοῦ</strong></span> <span class='ocrx_word' id='word_1_638' title='bbox 1358 2262 1426 2290; x_wconf 88' lang='grc' dir='ltr'><strong>Θεοῦ</strong></span> <span class='ocrx_word' id='word_1_639' title='bbox 1441 2262 1495 2290; x_wconf 85' lang='grc' dir='ltr'>τῶν</span> <span class='ocrx_word' id='word_1_640' title='bbox 1509 2262 1590 2289; x_wconf 82' lang='grc' dir='ltr'>ὁσίων</span> <span class='ocrx_word' id='word_1_641' title='bbox 1610 2262 1750 2298; x_wconf 87' lang='grc' dir='ltr'>συμπόσια</span> <span class='ocrx_word' id='word_1_642' title='bbox 1771 2262 1839 2289; x_wconf 75' lang='grc' dir='ltr'>κατὰ</span> 
     </span>
    </p>
   </div>
   <div class='ocr_carea' id='block_1_89' title="bbox 210 2310 998 2344">
    <p class='ocr_par' dir='ltr' id='par_1_89' title="bbox 210 2310 998 2344">
     <span class='ocr_line' id='line_1_89' title="bbox 210 2310 998 2344; baseline 0.001 -8"><span class='ocrx_word' id='word_1_643' title='bbox 210 2310 288 2342; x_wconf 90' lang='lat' dir='ltr'><strong>dere,</strong></span> <span class='ocrx_word' id='word_1_644' title='bbox 305 2313 400 2344; x_wconf 88' lang='lat' dir='ltr'><strong>utpote</strong></span> <span class='ocrx_word' id='word_1_645' title='bbox 415 2310 461 2343; x_wconf 90' lang='lat' dir='ltr'><strong>qui</strong></span> <span class='ocrx_word' id='word_1_646' title='bbox 476 2310 517 2338; x_wconf 87' lang='lat' dir='ltr'><strong>eis</strong></span> <span class='ocrx_word' id='word_1_647' title='bbox 538 2310 684 2344; x_wconf 89' lang='lat' dir='ltr'><strong>omnibus,</strong></span> <span class='ocrx_word' id='word_1_648' title='bbox 701 2311 786 2340; x_wconf 90' lang='lat' dir='ltr'><strong>totius</strong></span> <span class='ocrx_word' id='word_1_649' title='bbox 802 2310 998 2339; x_wconf 86' lang='lat' dir='ltr'><strong>immensitatis</strong></span> 
     </span>
    </p>
   </div>
   <div class='ocr_carea' id='block_1_90' title="bbox 210 2355 998 2393">
    <p class='ocr_par' dir='ltr' id='par_1_90' title="bbox 210 2355 998 2393">
     <span class='ocr_line' id='line_1_90' title="bbox 210 2355 998 2393; baseline 0.001 -11"><span class='ocrx_word' id='word_1_650' title='bbox 210 2362 266 2383; x_wconf 70' lang='lat' dir='ltr'><strong>suae</strong></span> <span class='ocrx_word' id='word_1_651' title='bbox 281 2355 466 2391; x_wconf 64' lang='lat' dir='ltr'><strong>praecellentia</strong></span> <span class='ocrx_word' id='word_1_652' title='bbox 483 2363 650 2392; x_wconf 88' lang='lat' dir='ltr'><strong>supraquam</strong></span> <span class='ocrx_word' id='word_1_653' title='bbox 674 2356 770 2393; x_wconf 90' lang='lat' dir='ltr'><strong>plenus</strong></span> <span class='ocrx_word' id='word_1_654' title='bbox 793 2358 846 2390; x_wconf 85' lang='lat' dir='ltr'><strong>sit,</strong></span> <span class='ocrx_word' id='word_1_655' title='bbox 869 2362 897 2385; x_wconf 90' lang='lat' dir='ltr'><strong>et</strong></span> <span class='ocrx_word' id='word_1_656' title='bbox 919 2361 998 2384; x_wconf 82' lang='lat' dir='ltr'><strong>extra</strong></span> 
     </span>
    </p>
   </div>
   <div class='ocr_carea' id='block_1_91' title="bbox 210 2401 1000 2436">
    <p class='ocr_par' dir='ltr' id='par_1_91' title="bbox 210 2401 1000 2436">
     <span class='ocr_line' id='line_1_91' title="bbox 210 2401 1000 2436; baseline 0.004 -8"><span class='ocrx_word' id='word_1_657' title='bbox 210 2401 312 2435; x_wconf 85' lang='lat' dir='ltr'><strong>omnia,</strong></span> <span class='ocrx_word' id='word_1_658' title='bbox 328 2405 356 2429; x_wconf 91' lang='lat' dir='ltr'><strong>et</strong></span> <span class='ocrx_word' id='word_1_659' title='bbox 371 2408 455 2436; x_wconf 87' lang='lat' dir='ltr'><strong>supra</strong></span> <span class='ocrx_word' id='word_1_660' title='bbox 476 2402 568 2429; x_wconf 87' lang='lat' dir='ltr'><strong>omnia</strong></span> <span class='ocrx_word' id='word_1_661' title='bbox 588 2409 699 2431; x_wconf 86' lang='lat' dir='ltr'><strong>sursum</strong></span> <span class='ocrx_word' id='word_1_662' title='bbox 719 2403 825 2432; x_wconf 88' lang='lat' dir='ltr'><strong>habitet</strong></span> <span class='ocrx_word' id='word_1_663' title='bbox 841 2413 849 2432; x_wconf 91' lang='lat'><strong>:</strong></span> <span class='ocrx_word' id='word_1_664' title='bbox 865 2404 941 2432; x_wconf 82' lang='lat' dir='ltr'><strong>hisce</strong></span> <span class='ocrx_word' id='word_1_665' title='bbox 959 2404 1000 2431; x_wconf 85' lang='lat' dir='ltr'><strong>lo-</strong></span> 
     </span>
    </p>
   </div>
   <div class='ocr_carea' id='block_1_92' title="bbox 211 2446 997 2482">
    <p class='ocr_par' dir='ltr' id='par_1_92' title="bbox 211 2446 997 2482">
     <span class='ocr_line' id='line_1_92' title="bbox 211 2446 997 2482; baseline 0.004 -8"><span class='ocrx_word' id='word_1_666' title='bbox 211 2446 313 2482; x_wconf 87' lang='lat' dir='ltr'><strong>quendi</strong></span> <span class='ocrx_word' id='word_1_667' title='bbox 338 2447 492 2475; x_wconf 84' lang='lat' dir='ltr'><strong>rationibus</strong></span> <span class='ocrx_word' id='word_1_668' title='bbox 519 2447 642 2480; x_wconf 87' lang='lat' dir='ltr'><strong>inducti,</strong></span> <span class='ocrx_word' id='word_1_669' title='bbox 673 2454 832 2477; x_wconf 88' lang='lat' dir='ltr'><strong>sanctorum</strong></span> <span class='ocrx_word' id='word_1_670' title='bbox 861 2449 943 2476; x_wconf 87' lang='lat' dir='ltr'><strong>etiam</strong></span> <span class='ocrx_word' id='word_1_671' title='bbox 971 2449 997 2477; x_wconf 92' lang='lat' dir='ltr'><strong>in</strong></span> 
     </span>
    </p>
   </div>
   <div class='ocr_carea' id='block_1_93' title="bbox 211 2493 998 2531">
    <p class='ocr_par' dir='ltr' id='par_1_93' title="bbox 211 2493 998 2531">
     <span class='ocr_line' id='line_1_93' title="bbox 211 2493 998 2531; baseline 0.004 -10"><span class='ocrx_word' id='word_1_672' title='bbox 211 2500 296 2528; x_wconf 71' lang='lat' dir='ltr'><strong>regno</strong></span> <span class='ocrx_word' id='word_1_673' title='bbox 305 2493 351 2522; x_wconf 89' lang='lat' dir='ltr'><strong>Dei</strong></span> <span class='ocrx_word' id='word_1_674' title='bbox 363 2493 499 2527; x_wconf 85' lang='lat' dir='ltr'><strong>convivia,</strong></span> <span class='ocrx_word' id='word_1_675' title='bbox 507 2493 602 2521; x_wconf 90' lang='lat' dir='ltr'><strong>eodem</strong></span> <span class='ocrx_word' id='word_1_676' title='bbox 615 2494 695 2523; x_wconf 91' lang='lat' dir='ltr'><strong>modo</strong></span> <span class='ocrx_word' id='word_1_677' title='bbox 705 2496 882 2531; x_wconf 89' lang='lat' dir='ltr'><strong>accipiemus.</strong></span> <span class='ocrx_word' id='word_1_678' title='bbox 894 2496 998 2524; x_wconf 86' lang='lat' dir='ltr'><strong>Trans-</strong></span> 
     </span>
    </p>
   </div>
   <div class='ocr_carea' id='block_1_94' title="bbox 211 2539 997 2576">
    <p class='ocr_par' dir='ltr' id='par_1_94' title="bbox 211 2539 997 2576">
     <span class='ocr_line' id='line_1_94' title="bbox 211 2539 997 2576; baseline 0.005 -9"><span class='ocrx_word' id='word_1_679' title='bbox 211 2539 271 2567; x_wconf 85' lang='lat' dir='ltr'><strong>iens</strong></span> <span class='ocrx_word' id='word_1_680' title='bbox 287 2540 492 2576; x_wconf 76' lang='lat' dir='ltr'><strong>enim,iinquit,</strong></span> <span class='ocrx_word' id='word_1_681' title='bbox 509 2541 567 2576; x_wconf 86' lang='lat' dir='ltr'><strong>ipse</strong></span> <span class='ocrx_word' id='word_1_682' title='bbox 582 2549 641 2576; x_wconf 81' lang='lat' dir='ltr'><strong>rex,</strong></span> <span class='ocrx_word' id='word_1_683' title='bbox 663 2542 747 2570; x_wconf 84' lang='lat' dir='ltr'><strong>faciet</strong></span> <span class='ocrx_word' id='word_1_684' title='bbox 769 2550 817 2570; x_wconf 91' lang='lat' dir='ltr'><strong>eos</strong></span> <span class='ocrx_word' id='word_1_685' title='bbox 840 2543 997 2571; x_wconf 82' lang='lat' dir='ltr'><strong>discumbe-</strong></span> 
     </span>
    </p>
   </div>
   <div class='ocr_carea' id='block_1_95' title="bbox 211 2588 997 2625">
    <p class='ocr_par' dir='ltr' id='par_1_95' title="bbox 211 2588 997 2625">
     <span class='ocr_line' id='line_1_95' title="bbox 211 2588 997 2625; baseline 0.006 -12"><span class='ocrx_word' id='word_1_686' title='bbox 211 2593 252 2618; x_wconf 87' lang='lat' dir='ltr'><strong>re,</strong></span> <span class='ocrx_word' id='word_1_687' title='bbox 266 2593 294 2614; x_wconf 92' lang='lat' dir='ltr'><strong>et</strong></span> <span class='ocrx_word' id='word_1_688' title='bbox 305 2588 469 2616; x_wconf 83' lang='lat' dir='ltr'><strong>ministrabit</strong></span> <span class='ocrx_word' id='word_1_689' title='bbox 488 2589 565 2623; x_wconf 77' lang='lat' dir='ltr'><strong>eisr;</strong></span> <span class='ocrx_word' id='word_1_690' title='bbox 579 2597 640 2625; x_wconf 70' lang='lat' dir='ltr'><strong>qua:</strong></span> <span class='ocrx_word' id='word_1_691' title='bbox 659 2590 753 2625; x_wconf 88' lang='lat' dir='ltr'><strong>utique</strong></span> <span class='ocrx_word' id='word_1_692' title='bbox 768 2590 909 2618; x_wconf 86' lang='lat' dir='ltr'><strong>declarant</strong></span> <span class='ocrx_word' id='word_1_693' title='bbox 921 2599 997 2618; x_wconf 86' lang='lat' dir='ltr'><strong>com-</strong></span> 
     </span>
    </p>
   </div>
   <div class='ocr_carea' id='block_1_96' title="bbox 212 2636 999 2669">
    <p class='ocr_par' dir='ltr' id='par_1_96' title="bbox 212 2636 999 2669">
     <span class='ocr_line' id='line_1_96' title="bbox 212 2636 999 2669; baseline 0.008 -10"><span class='ocrx_word' id='word_1_694' title='bbox 212 2641 320 2662; x_wconf 87' lang='lat' dir='ltr'><strong>munem</strong></span> <span class='ocrx_word' id='word_1_695' title='bbox 333 2636 477 2669; x_wconf 88' lang='lat' dir='ltr'><strong>quamdam</strong></span> <span class='ocrx_word' id='word_1_696' title='bbox 493 2641 519 2663; x_wconf 92' lang='lat' dir='ltr'><strong>et</strong></span> <span class='ocrx_word' id='word_1_697' title='bbox 537 2638 698 2665; x_wconf 86' lang='lat' dir='ltr'><strong>concordem</strong></span> <span class='ocrx_word' id='word_1_698' title='bbox 715 2642 873 2666; x_wconf 88' lang='lat' dir='ltr'><strong>sanctorum</strong></span> <span class='ocrx_word' id='word_1_699' title='bbox 891 2638 918 2665; x_wconf 90' lang='lat' dir='ltr'><strong>in</strong></span> <span class='ocrx_word' id='word_1_700' title='bbox 931 2638 999 2665; x_wconf 85' lang='lat' dir='ltr'><strong>divi-</strong></span> 
     </span>
    </p>
   </div>
   <div class='ocr_carea' id='block_1_97' title="bbox 252 2713 481 2747">
    <p class='ocr_par' dir='ltr' id='par_1_97' title="bbox 252 2713 481 2747">
     <span class='ocr_line' id='line_1_97' title="bbox 252 2713 481 2747; baseline 0.009 -7"><span class='ocrx_word' id='word_1_701' title='bbox 252 2718 267 2740; x_wconf 75' lang='grc' dir='ltr'><strong>ιι</strong></span> <span class='ocrx_word' id='word_1_702' title='bbox 283 2713 351 2742; x_wconf 87' lang='lat' dir='ltr'><strong>Luc.</strong></span> <span class='ocrx_word' id='word_1_703' title='bbox 367 2722 418 2747; x_wconf 88' lang='lat' dir='ltr'><strong>xu,</strong></span> <span class='ocrx_word' id='word_1_704' title='bbox 435 2714 481 2742; x_wconf 82' lang='lat'><strong>&#39;57.</strong></span> 
     </span>
    </p>
   </div>
   <div class='ocr_carea' id='block_1_98' title="bbox 1051 2307 1837 2345">
    <p class='ocr_par' dir='ltr' id='par_1_98' title="bbox 1051 2307 1837 2345">
     <span class='ocr_line' id='line_1_98' title="bbox 1051 2307 1837 2345; baseline -0.004 -8"><span class='ocrx_word' id='word_1_705' title='bbox 1051 2311 1098 2338; x_wconf 82' lang='grc' dir='ltr'><strong>τὸν</strong></span> <span class='ocrx_word' id='word_1_706' title='bbox 1112 2310 1192 2337; x_wconf 84' lang='grc' dir='ltr'>αὑτὸν</span> <span class='ocrx_word' id='word_1_707' title='bbox 1206 2309 1379 2345; x_wconf 79' lang='grc' dir='ltr'>ὲκληψόμεθα</span> <span class='ocrx_word' id='word_1_708' title='bbox 1392 2309 1502 2345; x_wconf 83' lang='grc' dir='ltr'>τρόπον.</span> <span class='ocrx_word' id='word_1_709' title='bbox 1518 2307 1665 2344; x_wconf 84' lang='grc' dir='ltr'>Παρελθὼν</span> <span class='ocrx_word' id='word_1_710' title='bbox 1679 2308 1734 2343; x_wconf 82' lang='grc' dir='ltr'><strong>γάρ</strong></span> <span class='ocrx_word' id='word_1_711' title='bbox 1749 2317 1837 2344; x_wconf 80' lang='grc' dir='ltr'>φησιν,</span> 
     </span>
    </p>
   </div>
   <div class='ocr_carea' id='block_1_99' title="bbox 1053 2352 1838 2392">
    <p class='ocr_par' dir='ltr' id='par_1_99' title="bbox 1053 2352 1838 2392">
     <span class='ocr_line' id='line_1_99' title="bbox 1053 2352 1838 2392; baseline -0.003 -8"><span class='ocrx_word' id='word_1_712' title='bbox 1053 2357 1135 2389; x_wconf 77' lang='grc' dir='ltr'>αὐτὸς</span> <span class='ocrx_word' id='word_1_713' title='bbox 1147 2357 1161 2383; x_wconf 84' lang='grc' dir='ltr'>ὁ</span> <span class='ocrx_word' id='word_1_714' title='bbox 1173 2356 1299 2392; x_wconf 83' lang='grc' dir='ltr'>βασιλεὺς</span> <span class='ocrx_word' id='word_1_715' title='bbox 1313 2355 1450 2384; x_wconf 84' lang='grc' dir='ltr'>ἀνακλινεῖ</span> <span class='ocrx_word' id='word_1_716' title='bbox 1461 2355 1483 2371; x_wconf 84' lang='grc'>⁶¹</span> <span class='ocrx_word' id='word_1_717' title='bbox 1496 2352 1607 2385; x_wconf 75' lang='grc' dir='ltr'><strong>αὐτοὺς,</strong></span> <span class='ocrx_word' id='word_1_718' title='bbox 1630 2356 1678 2382; x_wconf 76' lang='grc' dir='ltr'>καὶ</span> <span class='ocrx_word' id='word_1_719' title='bbox 1692 2355 1772 2387; x_wconf 82' lang='grc' dir='ltr'>αὐτὸς</span> <span class='ocrx_word' id='word_1_720' title='bbox 1784 2356 1838 2383; x_wconf 85' lang='grc' dir='ltr'>δια-</span> 
     </span>
    </p>
   </div>
   <div class='ocr_carea' id='block_1_100' title="bbox 1053 2402 1838 2440">
    <p class='ocr_par' dir='ltr' id='par_1_100' title="bbox 1053 2402 1838 2440">
     <span class='ocr_line' id='line_1_100' title="bbox 1053 2402 1838 2440; baseline -0.004 -9"><span class='ocrx_word' id='word_1_721' title='bbox 1053 2405 1162 2440; x_wconf 85' lang='grc' dir='ltr'>κονήσει</span> <span class='ocrx_word' id='word_1_722' title='bbox 1183 2405 1288 2436; x_wconf 86' lang='grc' dir='ltr'>αὐτοῖς·</span> <span class='ocrx_word' id='word_1_723' title='bbox 1306 2403 1432 2440; x_wconf 75' lang='grc' dir='ltr'>ἐμφαίνει</span> <span class='ocrx_word' id='word_1_724' title='bbox 1453 2402 1481 2429; x_wconf 85' lang='grc' dir='ltr'><strong>δὲ</strong></span> <span class='ocrx_word' id='word_1_725' title='bbox 1501 2402 1588 2429; x_wconf 80' lang='grc' dir='ltr'>ταῦτα</span> <span class='ocrx_word' id='word_1_726' title='bbox 1607 2403 1700 2438; x_wconf 81' lang='grc' dir='ltr'>κοινήν</span> <span class='ocrx_word' id='word_1_727' title='bbox 1715 2411 1774 2429; x_wconf 87' lang='grc' dir='ltr'>τινα</span> <span class='ocrx_word' id='word_1_728' title='bbox 1795 2403 1838 2429; x_wconf 84' lang='grc' dir='ltr'>καὶ</span> 
     </span>
    </p>
   </div>
   <div class='ocr_carea' id='block_1_101' title="bbox 1054 2448 1837 2487">
    <p class='ocr_par' dir='ltr' id='par_1_101' title="bbox 1054 2448 1837 2487">
     <span class='ocr_line' id='line_1_101' title="bbox 1054 2448 1837 2487; baseline -0.003 -10"><span class='ocrx_word' id='word_1_729' title='bbox 1054 2451 1236 2487; x_wconf 81' lang='grc' dir='ltr'>ὁμονοητικὴν</span> <span class='ocrx_word' id='word_1_730' title='bbox 1267 2450 1321 2477; x_wconf 85' lang='grc' dir='ltr'>τῶν</span> <span class='ocrx_word' id='word_1_731' title='bbox 1345 2450 1430 2485; x_wconf 84' lang='grc' dir='ltr'>ἁγίων</span> <span class='ocrx_word' id='word_1_732' title='bbox 1455 2450 1501 2476; x_wconf 81' lang='grc' dir='ltr'><strong>ἐπὶ</strong></span> <span class='ocrx_word' id='word_1_733' title='bbox 1534 2450 1591 2480; x_wconf 89' lang='grc' dir='ltr'>τοῖς</span> <span class='ocrx_word' id='word_1_734' title='bbox 1618 2448 1702 2480; x_wconf 86' lang='grc' dir='ltr'>θείοις</span> <span class='ocrx_word' id='word_1_735' title='bbox 1731 2448 1837 2484; x_wconf 83' lang='grc' dir='ltr'>ἀγαθοῖς</span> 
     </span>
    </p>
   </div>
   <div class='ocr_carea' id='block_1_102' title="bbox 1056 2495 1837 2532">
    <p class='ocr_par' dir='ltr' id='par_1_102' title="bbox 1056 2495 1837 2532">
     <span class='ocr_line' id='line_1_102' title="bbox 1056 2495 1837 2532; baseline -0.006 -7"><span class='ocrx_word' id='word_1_736' title='bbox 1056 2498 1210 2530; x_wconf 78' lang='grc' dir='ltr'>κοινωνίαν,</span> <span class='ocrx_word' id='word_1_737' title='bbox 1226 2498 1273 2525; x_wconf 76' lang='grc' dir='ltr'>καὶ</span> <span class='ocrx_word' id='word_1_738' title='bbox 1296 2495 1459 2532; x_wconf 84' lang='grc' dir='ltr'>Ἐκκλησίαν</span> <span class='ocrx_word' id='word_1_739' title='bbox 1472 2495 1651 2532; x_wconf 84' lang='grc' dir='ltr'>πρωτοτόκων</span> <span class='ocrx_word' id='word_1_740' title='bbox 1665 2495 1837 2531; x_wconf 81' lang='grc' dir='ltr'>ἀπογεγραμ-</span> 
     </span>
    </p>
   </div>
   <div class='ocr_carea' id='block_1_103' title="bbox 1057 2542 1836 2581">
    <p class='ocr_par' dir='ltr' id='par_1_103' title="bbox 1057 2542 1836 2581">
     <span class='ocr_line' id='line_1_103' title="bbox 1057 2542 1836 2581; baseline -0.005 -9"><span class='ocrx_word' id='word_1_741' title='bbox 1057 2545 1145 2581; x_wconf 80' lang='grc' dir='ltr'>μένων</span> <span class='ocrx_word' id='word_1_742' title='bbox 1159 2545 1181 2561; x_wconf 76' lang='grc'><strong>⁶³</strong></span> <span class='ocrx_word' id='word_1_743' title='bbox 1195 2546 1224 2571; x_wconf 80' lang='grc' dir='ltr'><strong>ὲν</strong></span> <span class='ocrx_word' id='word_1_744' title='bbox 1242 2544 1381 2579; x_wconf 82' lang='grc' dir='ltr'>οὐρανοῖς,</span> <span class='ocrx_word' id='word_1_745' title='bbox 1403 2543 1450 2570; x_wconf 72' lang='grc' dir='ltr'><strong>καὶ</strong></span> <span class='ocrx_word' id='word_1_746' title='bbox 1469 2543 1613 2578; x_wconf 81' lang='grc' dir='ltr'>πνεύματα</span> <span class='ocrx_word' id='word_1_747' title='bbox 1627 2542 1739 2569; x_wconf 85' lang='grc' dir='ltr'>δικαίων</span> <span class='ocrx_word' id='word_1_748' title='bbox 1761 2543 1836 2569; x_wconf 78' lang='grc' dir='ltr'>πᾶσιν</span> 
     </span>
    </p>
   </div>
   <div class='ocr_carea' id='block_1_104' title="bbox 1055 2589 1835 2627">
    <p class='ocr_par' dir='ltr' id='par_1_104' title="bbox 1055 2589 1835 2627">
     <span class='ocr_line' id='line_1_104' title="bbox 1055 2589 1835 2627; baseline -0.005 -8"><span class='ocrx_word' id='word_1_749' title='bbox 1055 2592 1168 2626; x_wconf 86' lang='grc' dir='ltr'>ἀγαθοῖς</span> <span class='ocrx_word' id='word_1_750' title='bbox 1180 2590 1388 2627; x_wconf 75' lang='grc' dir='ltr'>τετελειωμένα,</span> <span class='ocrx_word' id='word_1_751' title='bbox 1413 2590 1460 2616; x_wconf 73' lang='grc' dir='ltr'>καὶ</span> <span class='ocrx_word' id='word_1_752' title='bbox 1481 2589 1590 2616; x_wconf 83' lang='grc' dir='ltr'>πάντων</span> <span class='ocrx_word' id='word_1_753' title='bbox 1610 2589 1722 2623; x_wconf 83' lang='grc' dir='ltr'>ἀγαθῶν</span> <span class='ocrx_word' id='word_1_754' title='bbox 1738 2589 1835 2616; x_wconf 82' lang='grc' dir='ltr'>ἀποπε-</span> 
     </span>
    </p>
   </div>
   <div class='ocr_carea' id='block_1_105' title="bbox 1055 2635 1833 2674">
    <p class='ocr_par' dir='ltr' id='par_1_105' title="bbox 1055 2635 1833 2674">
     <span class='ocr_line' id='line_1_105' title="bbox 1055 2635 1833 2674; baseline -0.004 -9"><span class='ocrx_word' id='word_1_755' title='bbox 1055 2639 1198 2674; x_wconf 84' lang='grc' dir='ltr'>πλησμένα</span> <span class='ocrx_word' id='word_1_756' title='bbox 1213 2638 1246 2665; x_wconf 63' lang='grc'><strong>⁵⁵.</strong></span> <span class='ocrx_word' id='word_1_757' title='bbox 1263 2637 1317 2664; x_wconf 73' lang='grc' dir='ltr'><strong>Καὶ</strong></span> <span class='ocrx_word' id='word_1_758' title='bbox 1331 2637 1381 2673; x_wconf 87' lang='grc' dir='ltr'><strong>τὴν</strong></span> <span class='ocrx_word' id='word_1_759' title='bbox 1398 2636 1539 2663; x_wconf 80' lang='grc' dir='ltr'>ἀνάκλισιν</span> <span class='ocrx_word' id='word_1_760' title='bbox 1553 2635 1714 2663; x_wconf 77' lang='grc' dir='ltr'>ἀνάπαυλαν</span> <span class='ocrx_word' id='word_1_761' title='bbox 1733 2635 1833 2671; x_wconf 70' lang='grc' dir='ltr'>οἰόμεθα</span> 
     </span>
    </p>
   </div>
   <div class='ocr_carea' id='block_1_106' title="bbox 863 2776 1198 2804">
    <p class='ocr_par' dir='ltr' id='par_1_106' title="bbox 863 2776 1198 2804">
     <span class='ocr_line' id='line_1_106' title="bbox 863 2776 1198 2804; baseline -0.003 0"><span class='ocrx_word' id='word_1_762' title='bbox 863 2776 981 2804; x_wconf 67' lang='grc' dir='ltr'><strong>νΑιυΑς</strong></span> <span class='ocrx_word' id='word_1_763' title='bbox 1000 2776 1198 2804; x_wconf 85' lang='lat' dir='ltr'><strong>LECTIONES.</strong></span> 
     </span>
    </p>
   </div>
   <div class='ocr_carea' id='block_1_107' title="bbox 267 2832 482 2863">
    <p class='ocr_par' dir='ltr' id='par_1_107' title="bbox 267 2832 482 2863">
     <span class='ocr_line' id='line_1_107' title="bbox 267 2832 482 2863; baseline 0.014 -5"><span class='ocrx_word' id='word_1_764' title='bbox 267 2832 289 2848; x_wconf 89' lang='lat'><strong>&quot;</strong></span> <span class='ocrx_word' id='word_1_765' title='bbox 307 2832 432 2863; x_wconf 76' lang='grc' dir='ltr'>θεωρίαν.</span> <span class='ocrx_word' id='word_1_766' title='bbox 449 2832 482 2861; x_wconf 89' lang='lat' dir='ltr'><strong>D.</strong></span> 
     </span>
    </p>
   </div>
   <div class='ocr_carea' id='block_1_108' title="bbox 215 2867 323 2897">
    <p class='ocr_par' dir='ltr' id='par_1_108' title="bbox 215 2867 323 2897">
     <span class='ocr_line' id='line_1_108' title="bbox 215 2867 323 2897; baseline 0 -4"><span class='ocrx_word' id='word_1_767' title='bbox 215 2875 275 2897; x_wconf 79' lang='grc' dir='ltr'>σαν.</span> <span class='ocrx_word' id='word_1_768' title='bbox 293 2867 323 2894; x_wconf 82' lang='grc' dir='ltr'><strong>Ρ.</strong></span> 
     </span>
    </p>
   </div>
   <div class='ocr_carea' id='block_1_109' title="bbox 216 2903 479 2941">
    <p class='ocr_par' dir='ltr' id='par_1_109' title="bbox 216 2903 479 2941">
     <span class='ocr_line' id='line_1_109' title="bbox 216 2903 479 2941; baseline 0.008 -11"><span class='ocrx_word' id='word_1_769' title='bbox 216 2903 432 2941; x_wconf 61' lang='grc' dir='ltr'>πεπληρωμένα,</span> <span class='ocrx_word' id='word_1_770' title='bbox 451 2903 479 2932; x_wconf 84' lang='grc'><strong>5.</strong></span> 
     </span>
    </p>
   </div>
   <div class='ocr_carea' id='block_1_110' title="bbox 374 2833 1830 2885">
    <p class='ocr_par' dir='ltr' id='par_1_110' title="bbox 374 2833 1830 2885">
     <span class='ocr_line' id='line_1_110' title="bbox 374 2833 1830 2885; baseline 0.001 -26"><span class='ocrx_word' id='word_1_771' title='bbox 374 2833 432 2874; x_wconf 49' lang='grc' dir='ltr'><strong>ιίαν.ε</strong></span> <span class='ocrx_word' id='word_1_772' title='bbox 449 2833 482 2861; x_wconf 89' lang='lat' dir='ltr'><strong>D.</strong></span> <span class='ocrx_word' id='word_1_773' title='bbox 534 2834 556 2850; x_wconf 79' lang='grc'><strong>⁸⁸</strong></span> <span class='ocrx_word' id='word_1_774' title='bbox 571 2834 727 2871; x_wconf 83' lang='grc' dir='ltr'>ἀγαθότητι.</span> <span class='ocrx_word' id='word_1_775' title='bbox 744 2834 775 2862; x_wconf 90' lang='lat' dir='ltr'><strong>D.</strong></span> <span class='ocrx_word' id='word_1_776' title='bbox 794 2835 824 2862; x_wconf 94' lang='lat' dir='ltr'>P.</span> <span class='ocrx_word' id='word_1_777' title='bbox 864 2836 888 2852; x_wconf 75' lang='grc'><strong>⁵⁸</strong></span> <span class='ocrx_word' id='word_1_778' title='bbox 904 2835 1003 2871; x_wconf 78' lang='grc' dir='ltr'>ἀληθὲς</span> <span class='ocrx_word' id='word_1_779' title='bbox 1019 2833 1048 2862; x_wconf 82' lang='grc' dir='ltr'>εὖ</span> <span class='ocrx_word' id='word_1_780' title='bbox 1065 2836 1153 2870; x_wconf 78' lang='grc' dir='ltr'>ἔχειν,</span> <span class='ocrx_word' id='word_1_781' title='bbox 1172 2835 1220 2863; x_wconf 76' lang='lat' dir='ltr'><strong>Cll.</strong></span> <span class='ocrx_word' id='word_1_782' title='bbox 1240 2833 1268 2862; x_wconf 83' lang='grc' dir='ltr'>εὖ</span> <span class='ocrx_word' id='word_1_783' title='bbox 1286 2835 1368 2876; x_wconf 64' lang='grc' dir='ltr'>ἔχειν,</span> <span class='ocrx_word' id='word_1_784' title='bbox 1387 2835 1416 2862; x_wconf 88' lang='lat' dir='ltr'><strong>S.</strong></span> <span class='ocrx_word' id='word_1_785' title='bbox 1453 2835 1476 2850; x_wconf 78' lang='grc'><strong>⁶⁰</strong></span> <span class='ocrx_word' id='word_1_786' title='bbox 1493 2833 1662 2869; x_wconf 79' lang='grc' dir='ltr'>προσοῦσαν,</span> <span class='ocrx_word' id='word_1_787' title='bbox 1687 2833 1716 2859; x_wconf 88' lang='lat' dir='ltr'><strong>S.</strong></span> <span class='ocrx_word' id='word_1_788' title='bbox 1736 2833 1830 2885; x_wconf 57' lang='grc' dir='ltr'>προϊοῦ-</span> 
     </span>
     <span class='ocr_line' id='line_1_111' title="bbox 374 2868 1828 2885; baseline 0.001 -2"><span class='ocrx_word' id='word_1_789' title='bbox 374 2868 381 2883; x_wconf 87' lang='lat' dir='ltr'><strong>I</strong></span> <span class='ocrx_word' id='word_1_790' title='bbox 399 2877 452 2885; x_wconf 65' lang='lat' dir='ltr'><strong>&#39;l.\ul</strong></span> <span class='ocrx_word' id='word_1_791' title='bbox 469 2869 576 2885; x_wconf 59' lang='grc' dir='ltr'>ιλιι-...τιιι</span> <span class='ocrx_word' id='word_1_792' title='bbox 605 2870 642 2885; x_wconf 74' lang='grc' dir='ltr'><strong>ΓΙ.</strong></span> <span class='ocrx_word' id='word_1_793' title='bbox 693 2871 716 2885; x_wconf 73' lang='lat' dir='ltr'><strong>Il</strong></span> <span class='ocrx_word' id='word_1_794' title='bbox 733 2871 893 2885; x_wconf 65' lang='lat'><strong>..---..\....&#39;.‘</strong></span> <span class='ocrx_word' id='word_1_795' title='bbox 921 2872 940 2885; x_wconf 90' lang='lat' dir='ltr'><strong>n</strong></span> <span class='ocrx_word' id='word_1_796' title='bbox 969 2871 988 2885; x_wconf 68' lang='grc' dir='ltr'><strong>ι’)</strong></span> <span class='ocrx_word' id='word_1_797' title='bbox 1033 2871 1054 2885; x_wconf 74' lang='grc'><strong>61</strong></span> <span class='ocrx_word' id='word_1_798' title='bbox 1073 2873 1122 2885; x_wconf 78' lang='grc' dir='ltr'>..Ι;..</span> <span class='ocrx_word' id='word_1_799' title='bbox 1143 2872 1221 2885; x_wconf 58' lang='grc' dir='ltr'><strong>1....ιί..</strong></span> <span class='ocrx_word' id='word_1_800' title='bbox 1238 2875 1348 2885; x_wconf 50' lang='lat' dir='ltr'><strong>unum“...</strong></span> <span class='ocrx_word' id='word_1_801' title='bbox 1361 2879 1387 2885; x_wconf 73' lang='grc' dir='ltr'><strong>ι..</strong></span> <span class='ocrx_word' id='word_1_802' title='bbox 1407 2871 1427 2885; x_wconf 83' lang='lat' dir='ltr'><strong>l&#39;\</strong></span> <span class='ocrx_word' id='word_1_803' title='bbox 1446 2869 1697 2885; x_wconf 60' lang='grc' dir='ltr'><strong>ιιι-υ-υΑ-ι-ηιιυου</strong></span> <span class='ocrx_word' id='word_1_804' title='bbox 1748 2869 1757 2884; x_wconf 68' lang='grc' dir='ltr'><strong>ε</strong></span> <span class='ocrx_word' id='word_1_805' title='bbox 1778 2877 1828 2885; x_wconf 54' lang='lat' dir='ltr'><strong>nm</strong></span> 
     </span>
    </p>
   </div>
   <div class='ocr_carea' id='block_1_111' title="bbox 399 2869 1828 2908">
    <p class='ocr_par' dir='ltr' id='par_1_111' title="bbox 399 2869 1828 2908">
     <span class='ocr_line' id='line_1_112' title="bbox 399 2869 1828 2908; baseline 0.001 -14"><span class='ocrx_word' id='word_1_806' title='bbox 399 2869 586 2908; x_wconf 66' lang='lat' dir='ltr'><strong>rrbv_cpptv¢3v,</strong></span> <span class='ocrx_word' id='word_1_807' title='bbox 605 2870 654 2899; x_wconf 83' lang='lat' dir='ltr'><strong>Cb.</strong></span> <span class='ocrx_word' id='word_1_808' title='bbox 684 2869 716 2887; x_wconf 77' lang='grc'><strong>’⁸³</strong></span> <span class='ocrx_word' id='word_1_809' title='bbox 733 2871 906 2904; x_wconf 80' lang='grc' dir='ltr'>κατακλινεῖ,</span> <span class='ocrx_word' id='word_1_810' title='bbox 920 2869 954 2899; x_wconf 66' lang='grc' dir='ltr'><strong>ῡζ</strong></span> <span class='ocrx_word' id='word_1_811' title='bbox 969 2871 999 2899; x_wconf 82' lang='grc' dir='ltr'><strong>Ρ.</strong></span> <span class='ocrx_word' id='word_1_812' title='bbox 1033 2871 1054 2888; x_wconf 81' lang='grc'><strong>⁶³</strong></span> <span class='ocrx_word' id='word_1_813' title='bbox 1071 2873 1123 2899; x_wconf 77' lang='lat' dir='ltr'><strong>alia</strong></span> <span class='ocrx_word' id='word_1_814' title='bbox 1142 2872 1221 2900; x_wconf 81' lang='lat' dir='ltr'><strong>lectio</strong></span> <span class='ocrx_word' id='word_1_815' title='bbox 1238 2869 1387 2908; x_wconf 69' lang='lat' dir='ltr'><strong>notaturin</strong></span> <span class='ocrx_word' id='word_1_816' title='bbox 1406 2869 1706 2905; x_wconf 77' lang='grc' dir='ltr'>Ι).ἀπογεγραμμιίνην.</span> <span class='ocrx_word' id='word_1_817' title='bbox 1748 2869 1828 2896; x_wconf 65' lang='lat' dir='ltr'><strong>“am</strong></span> 
     </span>
    </p>
   </div>
  </div>
