1914 3061
79 178 93 206 1
103 180 161 208 121
738 177 878 207 EPISTOI.

934 178 979 207 XI.
1648 185 1721 213 ΗΞΞ

79 246 139 274 que
151 243 250 271 natus,
264 242 290 265 et
303 242 331 265 tu
349 238 414 274 mihi
429 236 510 272 ferme
522 237 639 274 campus)
648 237 690 265 die
710 239 825 272 quadam
848 243 932 271 sexta,
954 243 978 266 et
995 238 1067 274 hora,
1082 239 1142 266 item
1161 240 1216 274 fere
1235 245 1318 271 sexta,
1336 240 1377 267 sol
1400 240 1572 273 horribiliter,
1594 242 1721 270 subeunte

81 273 171 306 luna,
186 274 344 300 obscuratus
361 273 440 307 fuerit
456 273 519 308 (non
537 273 606 307 quod
629 272 708 305 Deus,
723 274 769 300 sed
788 274 858 308 quod
876 274 925 300 Dei
945 282 1011 307 opus
1027 273 1084 307 (66)
1097 275 1124 301 in
1145 272 1212 302 vero:
1231 276 1315 308 ipsius
1330 275 1398 303 lucis
1419 275 1540 303 occubitu
1560 276 1648 304 lucere
1667 285 1720 305 non

81 308 236 347 quiuerit),
256 315 362 342 tumque
372 313 639 347 ez‘tepercunctatus
653 309 800 347 sim,_quid
813 310 870 347 tibi,
893 309 933 336 vir
946 309 1166 347 prudentissime,_
1176 318 1254 347 super
1267 311 1314 337 hoc
1335 311 1478 347 videretur,
1498 316 1526 338 tu
1543 317 1629 338 autem
1645 312 1720 347 ejus-

82 343 169 381 ἶνις)ᾴὶ
193 343 345 381 responsum
365 343 480 381 dederis,
495 343 565 381 quod
579 344 658 370 menti
670 344 771 381 penitus
787 345 910 381 inﬁxum,
926 344 1001 381 nulla
1011 353 1123 381 prorsus
1140 345 1280 381 oblivione.
1296 345 1369 371 nulla
1384 346 1421 372 vel
1439 347 1530 373 mortis
1546 343 1665 381 imagine
1675 347 1720 373 di-

82 378 148 415 labi
162 378 334 415 possit.Cum
346 379 413 404 enim
422 383 491 405 totus
501 379 570 405 orbis
579 382 646 405 tetra
657 379 821 415 tenebrarum
831 379 943 412 caligine
955 378 1124 415 uniformiter
1137 380 1266 407 obductus
1278 380 1383 415 fuisset,
1394 381 1490 415 acjam
1506 378 1643 415 repurgari
1655 383 1720 410 solis

82 413 193 446 globus
206 420 229 441 et
239 414 392 451 ren'itescere
402 414 554 451 accepisset,
564 419 618 451 tum
628 420 762 448 assumpta
773 413 888 448 Philippi
902 414 1002 451 Aridtei
1015 414 1116 451 regula,
1126 418 1150 440 et
1163 413 1343 451 contemplatis
1352 415 1408 442 caeli
1422 413 1720 451 orbibus'deprelteudi-

82 456 166 484 "sus,
182 450 256 484 quod
264 453 319 476 erat
330 457 432 483 quoque
443 448 511 476 alios
524 449 700 480 notissimum,
713 457 764 476 non
775 452 890 483 potuisse
903 449 932 476 id
948 451 1070 483 temporis
1085 450 1256 483 defectionem
1268 450 1331 477 solis
1349 451 1449 477 evenire
1462 458 1471 477 :
1483 448 1584 478 deinde
1597 452 1719 480 obserua-

82 483 196 520 vimus,
212 484 303 511 lunam
317 484 349 511 ab
361 484 462 511 oriente
477 484 559 511 solem
580 484 717 515 subivisse.
733 484 840 520 eiusque
853 485 942 511 radios
952 485 1123 516 obstruxisse,
1137 486 1218 511 donec
1229 489 1313 511 totum
1327 485 1468 517 occuleret,
1480 494 1538 520 quia
1552 490 1637 514 tamen
1652 487 1719 515 alias

84 518 122 544 ab
132 520 281 556 _occidente
295 519 371 556 solita
384 523 619 556 essetroccurrere;
637 520 701 554 quin
717 518 909 556 illam’quaque
923 519 1081 552 notavimus,
1095 528 1153 546 cum
1177 520 1211 546 ad
1222 525 1340 556 extrema
1356 520 1418 546 solis
1433 518 1599 554 pervenisset,
1613 523 1719 556 ejusque

83 554 250 582 universum
273 555 359 581 orbem
374 554 523 591 obteIisset,
546 559 601 581 tum
623 555 833 591 retrororientgm
852 563 939 591 versus
955 555 1106 586 recurrisse,
1122 555 1240 589 quamvis
1253 556 1281 582 id
1293 561 1357 582 esset
1374 559 1484 589 tempus,
1506 557 1575 591 quod
1589 554 1634 584 nec
1648 554 1719 585 Iunce

82 590 282 626 praesentiam,
298 597 344 616 nec
355 589 420 626 solis
438 598 596 626 concursum
614 590 769 626 postularet.
783 589 840 626 Ego
852 590 944 624 igitur.
960 598 974 616 o
994 590 1152 622 multiplicis
1165 591 1322 617 eruditionis
1337 591 1498 626 sacrarium,
1512 589 1592 618 ‘tanti
1608 593 1718 626 mysteri

84 625 204 660 nescius
217 633 276 651 cum
289 632 381 654 essem.
397 625 435 651 sic
447 629 470 652 te
482 625 635 660 alloquebar
647 632 657 652 :
673 624 744 656 Quid
757 625 808 651 sibi
824 627 878 652 vult
895 626 944 652 hoc
958 625 995 651 rei
1009 645 1016 655 .
1030 633 1045 651 ο
1060 625 1188 652 doctrinm
1209 625 1343 659 speculum
1363 625 1558 659 Apollophancs
1570 627 1583 653 Ρ
1603 624 1719 654 Insolita

83 658 146 685 ista
166 665 290 694 portenta
304 667 507 695 ecquprumnam
520 658 567 686 tibi
585 661 770 694 mysteriorum
787 660 909 686 videntur
924 660 1022 686 indicia
1035 660 1047 686 Ζ)
1060 659 1098 686 Tu
1113 666 1211 693 autem,
1223 658 1277 686 Vore
1295 660 1383 687 diuino
1395 660 1478 695 magis
1494 669 1573 695 quam
1596 662 1719 690 humanm

84 695 166 722 vocis
180 703 309 727 sermone,
325 693 342 720 «⁷
359 693 409 720 Ha:
425 699 496 728 sunt,
513 703 528 721 o
544 693 744 730 bone’Dionysi,
766 695 912 730 inquiebas,
928 696 1078 721 divinarum
1094 704 1182 721 rerum
1206 696 1375 722 mutationes.
1395 704 1404 721 ι
1429 693 1556 730 Denique,
1572 704 1631 722 cum
1650 697 1718 724 diem

84 736 251 764 annumque
262 729 442 765 adnotassem,
457 734 484 765 et,
494 735 595 764 tempus
606 729 744 756 illud'cum
759 729 804 762 eo,
814 731 884 765 quod
897 730 1001 757 Paulus
1014 730 1077 756 mihi
1092 731 1226 765 quondam
1236 731 1268 756 ab
1284 738 1329 757 ore
1344 738 1391 765 suo
1429 729 1550 763 pendenti
1577 730 1721 758 annuntia-

84 770 167 800 τρι-ιιι
176 786 183 794 ,
195 766 278 800 signis
296 764 522 792 conclamantibus
537 766 698 792 concordare
712 764 860 798 sensissem,
873 770 928 792 tum
940 771 964 792 et
978 765 1083 793 veritati
1096 773 1189 792 manus
1201 766 1272 797 dedi,
1285 770 1310 792 et
1324 773 1364 791 me
1376 764 1505 798 falsitatis
1517 766 1628 793 nexibus
1639 774 1718 800 expe-

83 798 142 827 dii.
159 798 248 832 Quam
260 801 370 836 proinde
383 800 527 836 veritatem,
539 805 563 836 et
576 800 688 834 miriﬁce
701 800 827 834 pra’dico,
842 806 865 827 et
879 802 928 828 tibi
939 802 1040 834 iugero,
1052 809 1110 835 qum
1123 805 1161 827 est
1175 801 1226 827 vita
1240 805 1263 827 et
1276 801 1316 827 via
1329 805 1352 826 et
1366 799 1412 826 tua:
1425 808 1497 836 vera,
1507 808 1568 836 quae
1578 798 1719 828 illuminat

85 842 209 862 mttnem
229 835 364 862 hominem
378 835 532 862 venientem
551 834 579 862 in
594 835 665 862 hunc
681 836 811 862 mundum
827 837 848 862 ί.
870 835 920 862 Cui
934 840 958 862 et
973 841 1001 862 tu
1016 834 1133 869 tandem,
1155 841 1183 862 ut
1198 843 1256 862 vere
1273 836 1390 869 sapiens,
1402 834 1600 862 cessistiINam
1615 837 1718 863 cessisti

86 870 168 903 uiue,
191 879 250 897 cum
273 875 382 897 mortem
411 869 553 898 abdicasti.
576 870 728 905 Etroptime
749 879 812 898 sane
831 871 953 905 deinceps
973 871 1077 905 feceris,
1094 871 1116 897 si
1139 871 1222 897 eidem
1239 871 1343 897 veritati
1363 877 1473 903 prorsus
1494 870 1656 903 adita-seris;
1679 872 1718 898 ita

84 906 203 939 quidem
219 904 293 932 nobis
308 906 408 931 arctius
423 905 592 940 conjungere.
614 904 688 931 Illud
709 907 790 938 enim,
805 905 872 932 illud
893 904 927 933 os
946 904 1080 932 nobiscum
1105 905 1212 938 posthac
1235 907 1296 937 erit,
1320 904 1396 939 cujus
1412 905 1548 937 splendore
1569 906 1717 937 verborum,

86 941 193 966 mentis
206 948 270 966 mete
283 941 460 975 perstringens
473 941 567 972 aciem,
580 941 673 967 solitus
684 948 754 972 eras,
769 941 904 968 accersitis
915 942 975 968 Itinc
992 941 1054 968 inde
1070 940 1212 972 coloribus,
1233 945 1257 967 et
1279 941 1368 975 fucato
1383 940 1537 974 eloquentia:
1554 941 1638 967 nitore
1651 941 1717 968 inti-

86 983 150 1002 mos
170 975 284 1009 pectoris
300 975 383 1002 nostri
397 983 514 1002 recessus
528 981 688 1008 pertentare,
702 975 754 1002 imo
767 981 792 1002 et
806 976 943 1003 nonnullis
958 977 1092 1002 interdum
1104 975 1295 1002 maledicentia:
1306 974 1403 1001 aculeis
1418 983 1465 1001 nos
1479 976 1570 1001 acrius
1586 975 1714 1009 fodicare.

89 1010 190 1042 Quare
212 1010 432 1045 quemadmodum
449 1011 573 1043 antehac,
601 1016 628 1037 ut
649 1015 703 1037 tute
725 1010 854 1045 fatebare,
875 1012 1003 1037 doctrinm
1019 1009 1187 1042 Cltristianw,
1212 1018 1401 1042 sacrarumque
1428 1010 1576 1037 litterarum
1598 1011 1717 1044 quamvis

86 1045 192 1078 sapido
203 1045 319 1080 cognitio
335 1045 382 1071 tibi
404 1053 457 1072 non
470 1046 600 1080 sapiebat,
616 1045 662 1072 sed
677 1054 736 1072 cum
752 1046 786 1072 ad
803 1054 861 1072 eam
880 1046 919 1073 vel
936 1046 1126 1080 degustandum
1138 1049 1242 1072 tantum
1257 1046 1405 1075 accederes,
1424 1052 1440 1070 a
1455 1045 1546 1071 mentis
1563 1049 1616 1072 tum
1627 1045 1717 1080 palato

87 1079 277 1111 resiliens,'ac
291 1080 358 1106 velut
374 1079 519 1116 dedignaris
532 1081 560 1108 in
574 1087 678 1113 pectore
701 1086 745 1107 tuo
764 1084 850 1107 sedem
871 1079 1116 1116 ponet-eiresistebat
1132 1089 1142 1108 :
1159 1081 1196 1107 ita
1210 1080 1287 1107 modo
1304 1086 1440 1114 postquam
1456 1088 1501 1116 cor
1519 1079 1669 1115 intelligens
1684 1088 1717 1106 ac

88 1115 236 1149 providum
253 1123 279 1141 es
299 1121 402 1148 nactus,
425 1120 475 1142 tete
488 1117 522 1142 ad
538 1124 651 1151 superna
665 1116 743 1150 erige,
763 1124 844 1150 neque
855 1125 903 1151 pro
917 1117 950 1143 iis
960 1124 1019 1150 quae
1040 1123 1091 1142 non
1112 1120 1184 1149 sunt,
1198 1123 1229 1142 ea
1243 1123 1301 1150 qua:
1314 1123 1371 1142 vere
1384 1120 1444 1141 sunt
1460 1115 1578 1148 dimitte;
1600 1115 1717 1150 adeoque

87 1155 190 1177 contra
211 1158 267 1181 eos.
288 1151 374 1185 qui-te
392 1151 427 1178 ad
451 1151 520 1185 falsa
542 1152 751 1185 provocaverint.
776 1155 850 1178 tanta
868 1152 895 1178 in
912 1157 1044 1185 posterum
1062 1156 1117 1177 esto
1137 1151 1307 1183 pertinacior,
1329 1155 1427 1185 quanto
1447 1154 1475 1175 tu
1494 1150 1578 1181 nobis,
1597 1158 1657 1176 cum
1681 1150 1716 1176 ad

88 1185 231 1221 veritatem
248 1186 314 1221 votis
327 1186 448 1213 omnibus
463 1186 644 1219 invitarentus,
656 1186 778 1213 exstitisti
791 1187 962 1220 pervicaciar.
979 1186 1025 1213 Sic
1035 1187 1104 1212 enim
1114 1193 1159 1221 ego
1175 1186 1202 1213 in
1220 1185 1330 1212 Domino
1340 1185 1416 1217 Jesu,
1434 1185 1488 1219 (qui
1499 1190 1536 1212 est
1550 1193 1606 1212 esse
1616 1193 1717 1213 mecum

87 1225 113 1246 et
138 1220 234 1255 virere)
253 1220 330 1247 ltztus
345 1221 438 1248 dehinc
449 1221 561 1254 moriar,
578 1221 790 1257 quandoquidem
803 1226 827 1248 et
841 1226 869 1248 tu
885 1222 915 1249 in
928 1230 956 1248 eo
970 1222 1052 1248 vivus.

701 1298 805 1326 PETRI
823 1298 1002 1328 LANSSELII
1016 1299 1136 1328 NOTAE].

128 1366 191 1403 (64)
209 1366 326 1402 Jamjam
344 1367 380 1395 ad
402 1370 426 1393 te
447 1367 534 1395 cordis
548 1376 633 1401 amor,
646 1372 702 1395 etc.
720 1366 769 1395 Illa
790 1367 880 1396 sancti
893 1371 919 1400 Α
932 1368 1076 1403 aliquando
1088 1368 1226 1400 incidisse,
1238 1366 1284 1396 sed
1299 1375 1371 1394 nunc
1386 1366 1512 1395 eamdem
1530 1366 1714 1395 intercidisse.

90 1412 218 1449 Dioaysii
230 1413 349 1448 Epistola
360 1413 393 1441 ad
401 1414 616 1449 Apollophanem
626 1414 682 1449 jam
694 1414 880 1442 Christianum

91 1459 289 1495 rudiorevslylo
301 1459 428 1494 primitus
438 1467 454 1487 e
463 1459 560 1489 Graeco
571 1460 598 1487 in
611 1459 738 1487 Latinum
750 1468 881 1489 conversa

91 1506 158 1538 fuit,
173 1510 203 1532 ut
216 1505 326 1540 quidem
342 1511 554 1540 reprasentatur
574 1506 608 1533 ab
630 1504 758 1534 llilduino
771 1506 879 1543 abbate,

90 1551 118 1579 in
134 1551 195 1579 Vita
215 1548 246 1578 S.
261 1552 383 1588 Dionysii
393 1552 443 1588 (a),
464 1552 629 1588 octingentis
641 1557 706 1580 ante
721 1553 799 1581 annis
811 1553 880 1581 scri‘

91 1601 151 1632 pta.
168 1596 201 1624 Et
211 1597 299 1632 stylus
314 1598 360 1624 vix
375 1598 499 1632 Latinus,
515 1605 548 1626 ac
561 1606 597 1627 ne
610 1599 656 1626 vix
669 1599 778 1634 quidem
790 1600 881 1635 arguit

90 1651 108 1671 e
125 1644 222 1672 Grmco
236 1651 297 1672 esse
309 1652 428 1672 versam.
704 1669 707 1672 .

127 1690 290 1726 Exemplum
311 1697 403 1719 autem
431 1691 558 1719 Graecum
586 1691 694 1719 venisse
716 1692 825 1719 videtur
849 1690 879 1719 in

90 1744 192 1765 manus
214 1736 244 1764 S.
267 1737 391 1770 Maximi,
407 1737 455 1765 sed
479 1742 571 1772 postea
595 1737 737 1770 amissum,
759 1746 821 1766 cum
847 1738 880 1766 ad

92 1782 244 1818 Epistolam
267 1783 389 1819 Dionysii
411 1783 456 1814 l0,
480 1791 540 1817 qua:
561 1783 654 1810 estad
678 1782 820 1817 Joannem,
840 1783 878 1811 ita

92 1830 210 1856 scribat:
226 1828 405 1864 Ὑποθώμεθα
418 1829 496 1855 δὲτὺν
504 1828 573 1855 θεῖον
585 1829 782 1862 Διονύσιον,ὃτε
789 1829 823 1856 τὰ
833 1830 880 1856 ἐπὶ

93 1874 132 1910 τῷ
147 1874 256 1910 σταυρῷ
265 1874 313 1901 τοῦ
325 1875 428 1910 Κυρίου
436 1872 515 1907 εἶδεν,
523 1872 592 1902 εἶναι
606 1878 644 1901 κε’
655 1875 733 1908 ἐτῶν,
745 1875 792 1903 ire
802 1873 878 1912 οἶμαι

93 1921 140 1947 καὶ
159 1920 199 1946 ἐτι
212 1919 444 1955 ἀναγινώσκοντα.
463 1920 649 1956 Supponamus
664 1926 763 1955 autem,
780 1922 877 1958 inquit,

93 1971 211 1993 sanctum
234 1966 393 2002 Dionysium
408 1986 416 2000 ,
441 1968 547 2002 quando
570 1966 622 1994 ista
646 1972 751 2002 propter
771 1967 878 1996 Domini

93 2018 196 2037 crucem
221 2011 345 2047 prodigia
370 2013 514 2045 conspexit,
536 2011 621 2046 fuisse
648 2013 740 2047 viginti
764 2015 877 2049 quinque

94 2064 234 2091 annorum,
249 2058 471 2092 quemadmodum
487 2067 528 2086 me
541 2059 628 2086 adhuc
644 2060 736 2095 legisse
750 2060 874 2088 arbitror.

94 2102 139 2129 Sic
151 2102 206 2130 ille.
220 2103 287 2130 Cum
308 2109 397 2132 autem
415 2105 442 2132 id
457 2105 559 2134 diserte
578 2106 606 2134 in
626 2106 678 2133 hac
696 2106 730 2134 ad
748 2105 875 2142 Appollo-

89 2147 211 2182 phanem
231 2148 352 2185 Epistola
378 2158 538 2186 expressum
566 2153 731 2187 reperiatur,
761 2157 789 2180 et
810 2153 875 2181 alibi

90 2200 226 2229 nusquam
241 2196 373 2225 credibile
388 2202 431 2225 est
442 2196 589 2226 Maximum
604 2199 632 2227 in
650 2207 711 2228 eam
726 2199 874 2234 Epistolam

129 2275 140 2293 ‘
155 2272 233 2302 Joan.
248 2282 269 2308 ι,
287 2273 317 2301 9.

123 2363 159 2427 tu}
168 2362 322 2400 Patrologiatl
330 2364 450 2401 Lattnw}.
463 2365 522 2394 CVI,
534 2365 580 2400 col.
592 2365 632 2390 55.

135 2399 148 2419 υ
171 2394 251 2420 Aliter
260 2402 358 2420 omnino
367 2398 481 2427 plerique
503 2398 615 2422 sentiunt

931 1415 1054 1448 Accedit,
1080 1415 1153 1449 quod
1179 1419 1233 1442 tam
1256 1417 1446 1449 argumentum
1469 1414 1556 1448 ipsius
1577 1413 1715 1448 Epistolas,

931 1468 1013 1496 quam
1026 1461 1089 1496 styli
1102 1461 1189 1489 Graeci
1204 1460 1316 1495 vestigia
1335 1460 1408 1495 (quae
1427 1460 1515 1495 magis
1530 1460 1558 1487 in
1575 1459 1635 1487 rudi
1655 1467 1717 1487 ver-

930 1508 1008 1535 sione
1028 1508 1115 1535 notari
1132 1512 1246 1543 possunt
1267 1511 1295 1534 et
1317 1507 1417 1540 solent,
1433 1513 1514 1542 quam
1536 1506 1562 1533 in
1576 1506 1714 1542 politiore)

929 1554 1056 1589 spiritum
1070 1558 1099 1582 et
1115 1554 1268 1582 orationem
1282 1553 1388 1588 spirent
1403 1553 1491 1580 sancti
1520 1551 1644 1587 Dionysii
1664 1551 1713 1587 (ι).

966 1599 1025 1635 (65)
1040 1599 1116 1634 Swpe
1131 1600 1200 1627 enim
1215 1599 1262 1626 tibi
1282 1604 1305 1626 et
1321 1599 1425 1634 quidem
1446 1602 1569 1626 accurate
1590 1599 1712 1631 exposui,

930 1650 984 1674 etc.
997 1645 1060 1673 Haec
1072 1645 1194 1673 indicant
1212 1645 1369 1679 frequentes
1388 1643 1510 1679 Dionysii
1527 1651 1587 1671 cum
1601 1643 1714 1679 Apollo-

930 1692 1022 1726 phane
1040 1691 1250 1726 congressiones
1272 1695 1300 1718 et
1324 1690 1533 1724 disputationes,
1554 1691 1593 1718 uti
1616 1695 1644 1718 et
1666 1690 1714 1718 illa

929 1744 990 1772 quae
1004 1741 1064 1771 post
1079 1736 1172 1764 subdit
1184 1745 1190 1763 :
1207 1736 1308 1769 Quibus
1320 1736 1383 1764 mihi
1394 1743 1446 1762 non
1457 1735 1547 1768 semel,
1559 1735 1604 1763 sed
1618 1737 1715 1771 sapius

930 1783 1098 1818 respondisti,
1112 1788 1166 1815 etc,

965 1828 1021 1864 (66)
1038 1828 1099 1856 Non
1111 1829 1182 1864 quod
1197 1828 1279 1862 Deus,
1293 1828 1339 1855 sed
1352 1829 1423 1864 quod
1440 1827 1489 1855 Dei
1505 1836 1582 1862 opus,
1596 1832 1650 1856 etc.
1666 1827 1715 1855 Est

930 1875 1050 1911 Dionysii
1066 1876 1100 1903 ad
1119 1875 1339 1911 Apolloplranem
1350 1875 1507 1910 occupatio,
1523 1882 1577 1910 qua
1592 1874 1715 1902 occurrit

930 1922 1020 1949 tacita:
1042 1922 1199 1957 objectioni,
1214 1929 1296 1957 quam
1320 1929 1429 1949 movere
1449 1921 1583 1956 potuisset
1603 1920 1714 1955 Apollo-

928 1968 1043 2003 phanes,
1051 1969 1157 2002 dicens,
1164 1968 1413 1996 extraordinarium
1425 1968 1524 1996 sollset
1535 1967 1606 1994 lunas
1614 1974 1713 1994 occur-

928 2022 987 2042 sum
1018 2022 1079 2042 cum
1098 2015 1191 2043 densis
1205 2014 1334 2048 tenebris,
1345 2014 1437 2042 vocari
1451 2013 1606 2041 divinarum
1622 2019 1712 2040 rerum

929 2062 1112 2095 mutationes;
1127 2062 1192 2097 quia
1204 2061 1310 2089 scilicet
1320 2061 1360 2089 sol
1378 2065 1406 2088 et
1423 2060 1486 2087 luna
1501 2060 1539 2088 dli
1554 2060 1609 2087 sint
1621 2063 1649 2087 et
1660 2059 1713 2086 ha-

929 2108 1062 2141 beantur;
1090 2108 1204 2143 ideoque
1236 2114 1331 2135 eorum
1356 2107 1525 2142 prodigiosa
1548 2105 1712 2133 mutationes

928 2161 1019 2182 rerum
1042 2161 1104 2182 esse
1123 2154 1277 2182 divinarum
1300 2154 1503 2182 conversiones.
1529 2153 1568 2180 De
1589 2159 1644 2187 quo
1654 2151 1711 2186 jam

928 2200 972 2235 egi
985 2201 1065 2228 initio
1078 2201 1175 2242 capitis
1189 2200 1287 2228 fusius.

135 2393 158 2426 ο)
171 2394 251 2420 Aliter
260 2393 358 2420 duman
367 2397 481 2427 plerique
503 2395 615 2422 sentiunt
633 2397 743 2422 editores
764 2397 875 2429 Operum
889 2394 916 2420 S.
928 2394 1051 2428 Dionysii.
1065 2396 1127 2422 Vide
1138 2396 1328 2428 Prolegomena,
1338 2395 1385 2420 col.
1397 2394 1437 2421 56.
1449 2394 1516 2420 Enrr.
1530 2393 1606 2419 Pun.
