1914 3061
203 165 273 194 H25

789 157 818 183 ὃ.
839 155 988 182 υιυΜδιι
1014 152 1246 179 ΑΙιΕυΡΑϋιΤιΕ

1800 146 1867 172 H‘M

204 228 1230 255 ᾧ

801 231 1252 237 Wa

466 297 856 369 LITURGIA
886 294 1170 361 SANCT'I
1208 292 1564 357 DIONYSII

779 403 999 435 ATHENARUM
1020 401 1174 430 EPlSCOPl
1194 402 1244 438 (ι).

223 486 399 520 (Liturgiarum
411 482 571 510 Orientalium
583 478 696 507 collectio
707 483 783 509 opera
794 479 821 502 et

374 623 499 652 Primum
517 620 610 649 Oratio
625 623 684 646 ante
700 617 809 644 Pacem.

839 475 921 499 studio
936 470 1038 497 Eusebii
1050 470 1203 502 insnum":
1220 471 1335 502 Parisiui,
1351 471 1412 497 edit.
1429 471 1546 502 secunda,
1559 471 1703 497 Francfurti
1716 473 1751 497 ad
1779 472 1848 498 lice-

832 513 901 536 num,
918 503 989 529 18H.
1003 504 1024 526 t.
1036 501 1068 532 Il,
1080 509 1104 533 ρ.
1126 502 1197 533 20L)

1003 615 1026 643 Α
1041 598 1243 638 ετηηῖεηιονιιπη
1259 608 1468 642 viviﬁcantium,
1488 616 1536 644 per
1550 609 1714 643 pontiﬁcem
1764 607 1857 635 caele-

237 672 380 702 Sacerdos.
410 670 526 698 Domine
550 667 621 694 Deus
647 665 694 700 qui
719 671 749 692 es
775 661 909 696 simplex,
939 665 993 686 non
1043 655 1209 685 stemJesum
1223 656 1363 684 Christum
1378 657 1549 691 unigenitum
1566 654 1667 684 Filium
1685 662 1786 690 tuum,
1805 664 1860 692 per

201 719 369 754 compositus
400 714 632 748 absconditusque
660 711 686 738 in
718 709 836 736 essentia
865 705 995 754 sublimi,

202 752 273 797 Deus
291 764 373 792 Pater
390 770 404 789 a
424 768 478 796 quo
506 766 604 787 nomen
628 757 709 784 habet
732 754 821 783 omnis
845 752 997 788 paternitas

201 819 262 846 qua:
277 811 304 838 in
318 809 388 837 coelo
402 812 445 835 est
465 811 492 834 et
511 805 537 833 in
551 809 634 835 terra,
651 802 819 836 Principium
835 797 995 830 divinitatis,

205 845 302 884 eorum
319 856 366 890 qui
381 858 484 881 natnrce
501 852 599 880 divinae
615 849 792 884 participant,
812 851 839 873 et
862 845 998 881 perfector

206 910 301 930 eorum
317 901 362 935 qui
378 898 575 934 perfectionem
593 898 800 929 consequuntur
817 901 824 919 :
846 892 934 919 bonus
949 898 998 917 su-

209 956 258 984 per
275 947 367 975 omnia
386 947 458 974 bona
479 943 648 979 pulcherque
661 948 744 976 supra
757 939 848 967 omnia
865 937 976 974 pulchra
991 946 997 964 :

205 993 390 1027 tranquillitas
404 991 527 1027 paciﬁca,
552 997 615 1024 pax,
626 985 772 1015 concordia
801 991 828 1012 et
853 984 918 1011 unio
934 989 999 1010 om-

209 1043 282 1069 nium
295 1041 459 1068 animorum.
472 1036 610 1070 Compone
621 1034 732 1061 dissidia
744 1039 806 1067 quae
818 1038 867 1058 nos
883 1030 1000 1057 invicem

212 1085 349 1116 dividunt,
358 1088 386 1111 et
397 1083 481 1110 reduc
494 1089 524 1108 ca
531 1081 565 1108 ad
576 1081 702 1107 unionem
715 1077 867 1109 charitatis,
876 1083 937 1110 quze
950 1074 1002 1102 ali-

205 1139 288 1167 quam
297 1129 424 1158 essentia:
432 1133 484 1155 tute
495 1127 619 1155 sublimis
629 1124 837 1153 similitudinem
850 1123 959 1150 habeat.
969 1121 1002 1148 Et

206 1179 279 1205 sicut
293 1183 363 1203 unus
376 1180 494 1209 essuper
504 1172 606 1203 omnia,
618 1171 659 1198 l‘ac
673 1178 724 1198 nos
738 1177 832 1202 unum,
843 1167 1002 1204 perunani-

207 1224 329 1251 unitatem
343 1222 421 1249 bonae
434 1220 544 1251 mentis,
559 1223 588 1245 ut
602 1217 748 1252 simplices,
762 1220 789 1243 et
803 1222 854 1242 non
867 1214 946 1242 divisi
962 1214 1003 1240 in-

207 1269 351 1297 veniamur
371 1273 464 1294 coram
482 1269 508 1292 te
528 1264 555 1292 in
574 1270 696 1298 tempore
713 1263 762 1290 hoc
779 1261 900 1297 mysterii
922 1267 1004 1295 pera-

161 1311 165 1316 ”
210 1313 307 1348 genui:
321 1317 404 1347 utque
416 1318 465 1346 per
476 1310 616 1344 amplexus
630 1309 782 1341 charitatis,
794 1312 821 1334 et
837 1314 922 1334 nexus
936 1306 1003 1334 dile-

211 1359 322 1391 ctionis,
331 1356 509 1393 spiritualiter
517 1363 600 1383 unum
608 1355 704 1386 simus,
713 1360 766 1381 tam
777 1354 917 1381 nobiscum
925 1352 1000 1387 ipsis,

210 1412 292 1440 quam
307 1405 341 1432 a'd
358 1404 485 1434 invicem,
498 1409 547 1435 per
560 1409 654 1437 pacem
666 1401 740 1427 illam
757 1405 831 1427 tuam
843 1399 936 1427 omnia
953 1406 1002 1433 pa-

210 1456 330 1483 eantem,
349 1458 399 1486 per
419 1449 535 1485 gratiam
553 1453 580 1476 et
594 1447 810 1475 misericordiam
823 1452 1001 1480 amoremque

211 1505 275 1532 erga
290 1497 417 1524 homines
429 1495 561 1530 unigenili
576 1494 639 1521 Filii
659 1493 711 1525 tui,
739 1500 789 1527 per
806 1500 886 1527 quem
899 1496 928 1519 et
942 1499 1003 1519 cum

213 1552 266 1579 quo
278 1548 303 1571 te
319 1544 396 1571 decet
410 1542 508 1579 gloria,
520 1542 606 1570 honor
615 1545 643 1568 et
654 1540 809 1576 imperium,
825 1546 886 1567 cum
899 1538 1003 1574 Spiritu

213 1597 260 1618 tuo
275 1589 460 1617 sanctissimo.

246 1635 378 1671 Populus.
395 1636 494 1664 Amen.

247 1681 390 1710 Sacerdos.
403 1681 471 1709 Pax.

247 1727 379 1761 Populus.
397 1727 430 1754 Et
447 1734 510 1754 cum
529 1727 626 1762 spiritu
643 1730 700 1754 tuo.

248 1775 394 1802 Diaconos.
412 1774 460 1801 Det
471 1780 565 1808 pacein
578 1773 774 1809 unusquisque.

248 1820 380 1856 Populus.
396 1819 511 1848 Omnes.

248 1867 394 1894 Diaconus.
409 1865 485 1894 Post.

250 1912 380 1948 Populus.
394 1912 493 1940 Coram
510 1916 536 1939 te
551 1911 676 1940 Domine.

250 1958 392 1987 Sacerdos.
406 1958 490 1986 Dator
503 1956 659 1986 sanctitatis
672 1961 699 1985 ct
711 1956 828 1993 largitor
836 1957 926 1986 omnis
939 1957 1001 1985 hom

215 2005 341 2039 Domine,
352 2005 398 2040 qui
414 2013 523 2033 omnem
540 2010 697 2033 creaturam
720 2004 882 2033 rationalem
899 2006 1002 2033 sancti-

216 2056 271 2079 tate
288 2059 349 2086 qnte
363 2060 378 2078 a
396 2056 423 2078 te
434 2056 486 2085 est,
504 2052 660 2080 sanctiﬁcas
675 2059 683 2078 :
697 2052 836 2080 sanetilica
853 2059 902 2087 per
917 2052 1004 2088 Spiri-

216 2103 273 2125 tum
297 2103 372 2125 tuum
390 2102 526 2130 sanctum,
542 2106 591 2126 nos
614 2106 707 2126 servos
730 2104 804 2132 tuos,
827 2099 874 2134 qui
888 2099 1004 2127 inclina-

216 2152 277 2171 mur
291 2152 384 2171 coram
404 2148 430 2172 te
443 2154 450 2172 :
465 2144 552 2172 libera
568 2152 618 2172 nos
633 2145 667 2172 ab
683 2146 811 2173 omnibus
827 2146 1004 2180 passionibus

216 2190 362 2218 servilibus
383 2190 501 2225 peccati,
529 2191 564 2218 ab
591 2191 709 2223 invidia,
734 2190 806 2224 dolo,
832 2191 1004 2225 deceptione,

216 2235 292 2268 odio,
309 2236 471 2271 inimicitiis,
488 2242 516 2265 et
535 2237 571 2264 ab
586 2245 619 2265 eo
637 2237 685 2273 qni
705 2237 799 2265 eadem
824 2242 962 2272 operatur,
976 2242 1006 2264 ut

218 2289 371 2310 mereamur
386 2288 480 2311 sancte
494 2284 626 2319 perlicere
639 2284 822 2312 ministerium
844 2283 942 2311 horum
959 2291 1006 2311 sa-

216 2350 230 2367 ’⁵
248 2347 292 2389 .(l)
305 2348 497 2389 Areopagitam
522 2350 567 2389 hic
589 2349 906 2389 J‘acobitaaintelligunt,
924 2357 1004 2389 quem

217 2383 301 2411 etiam
328 2383 446 2410 Arabice
475 2384 620 2417 Baulousi,
653 2384 795 2412 Paulinum
821 2383 1006 2412 v‘ocant‘sive

218 2418 296 2446 Pauli
320 2419 493 2453 discipulum.
517 2419 581 2453 Ejus
602 2419 674 2446 enim
703 2420 787 2447 libros
811 2428 860 2454 pro
880 2420 1006 2455 genuinis

220 2455 333 2491 habent,
359 2459 386 2480 et
410 2454 644 2491 majoresieoruin
667 2454 939 2491 Monophysiquni
956 2456 1006 2491 sub

218 2488 384 2523 Justiniano,
401 2497 473 2516 anno
490 2488 515 2516 J.
533 2490 563 2517 C.
581 2489 643 2521 552,
656 2488 891 2525 Constantinopoli
905 2488 940 2517 de
955 2490 1006 2517 ﬁde

219 2525 391 2552 collationem
415 2532 477 2552 cum
506 2525 666 2552 orthodoxis
691 2525 865 2557 habuerunt.
898 2525 1004 2552 illorum

219 2560 302 2594 primi
317 2560 483 2587 testimoniis
499 2560 541 2587 nsi
554 2565 630 2592 sunt,
643 2561 715 2595 quod
728 2568 742 2586 a
760 2561 825 2587 viris
841 2561 1007 2588 doctissimis

220 2595 321 2622 dudum
345 2594 397 2622 fuit
417 2595 592 2622 observatum
610 2594 659 2630 (a).
681 2594 709 2622 in
726 2595 810 2622 variis
827 2595 1007 2623 Collectaneis

221 2630 420 2666 sententiartnn
447 2638 481 2657 ex
508 2631 627 2665 antiquis
656 2630 791 2662 Patrihns,
816 2632 849 2658 ad
870 2632 1005 2666 opinionis

220 2672 277 2692 sua:
291 2665 490 2697 defensionem.
504 2671 614 2693 exstant
630 2666 766 2694 nonnulla:
779 2673 812 2693 ex
830 2665 961 2700 ejusmodi
974 2667 1006 2694 li-

221 2701 278 2728 bris
295 2709 302 2727 :
317 2706 344 2737 et
358 2709 394 2737 ea
410 2701 529 2737 ratione,
548 2702 692 2737 Dionysius
709 2701 779 2728 inter
794 2702 923 2729 Ecclesia:
952 2703 1005 2730 Du-

221 2741 314 2763 ctores
326 2736 352 2763 in
365 2735 506 2771 Diplychis
519 2735 677 2771 frequenter
686 2743 852 2766 numeratur.
863 2738 952 2772 Atque
962 2739 1006 2766 illa

222 2771 377 2810 verisimilis
394 2780 476 2798 causa
499 2777 551 2804 est,
564 2780 619 2810 cur
642 2773 701 2808 ejus
723 2775 833 2810 nomine
853 2771 1005 2810 Liturgiam

222 2806 386 2845 singularem
403 2808 615 2845 composuerint,
635 2806 688 2845 non
707 2808 786 2845 quod
804 2809 888 2836 multa
911 2806 945 2845 ad
963 2818 1006 2845 sa~

222 2848 283 2868 eros
301 2842 369 2868 ritus
383 2843 536 2876 spectantia
558 2842 700 2871 hauserint
718 2852 752 2870 ex
769 2844 848 2872 libris
863 2845 897 2871 de
913 2843 1006 2872 Eccle-

253 2897 288 2930 (a)
307 2899 366 2924 Mor.
380 2899 414 2926 De
430 2906 493 2926 sacr.
512 2900 566 2926 ord.
581 2906 603 2932 ρ.
616 2902 640 2933 2,

1016 1967 1037 1996 C

1047 709 1128 738 quem
1141 707 1241 729 etcum
1256 709 1311 738 quo
1331 706 1358 729 te
1374 701 1453 730 decet
1463 701 1549 738 gloria
1560 705 1588 729 et
1604 703 1705 731 honor.

1092 754 1218 790 Populus.
1236 754 1327 781 Amen.

1089 804 1233 833 Sacerdos.
1249 804 1391 833 Exsislens
1412 804 1595 832 essentialiter
1622 809 1650 832 et
1671 805 1704 832 ab
1727 809 1854 836 aeterno,

1047 850 1127 885 cujus
1141 856 1240 878 natura
1258 850 1547 886 incomprehensibilis
1561 855 1615 885 est,
1631 851 1678 886 qui
1699 859 1793 886 prope
1809 859 1854 882 es.

1049 902 1205 934 etprmsens
1220 897 1358 930 omnibus,
1375 897 1480 933 absque
1505 897 1560 925 ulla
1585 897 1772 926 sublimitatis
1797 903 1855 926 tuae

1050 944 1221 972 mutatione:
1238 943 1317 978 cujus
1342 943 1494 971 bonitatem
1522 943 1627 979 appetit
1649 948 1677 971 et
1701 943 1854 971 desiderat

1051 991 1232 1024 quodcunque
1259 990 1381 1022 exsistit;
1392 989 1578 1024 intelligibiles
1598 989 1709 1025 quidem
1723 994 1752 1017 et
1765 989 1853 1017 intel-

1054 1036 1128 1064 lectu
1146 1036 1267 1071 praedilte
1280 1039 1423 1069 creaturae,
1440 1035 1657 1071 intelligibiliter,
1673 1043 1759 1063 sensu
1781 1043 1853 1063 vero

1053 1082 1175 1118 prazditte
1186 1102 1193 1114 ,
1205 1081 1384 1109 sensibiliter.
1404 1079 1455 1115 Qui
1469 1089 1530 1110 cum
1547 1090 1617 1111 unus
1636 1082 1674 1110 sis
1690 1082 1854 1110 essentiaii-

1055 1134 1109 1163 ter,
1136 1132 1228 1157 tamen
1256 1129 1322 1156 ades
1348 1128 1490 1155 nobiscum
1516 1133 1544 1156 et
1558 1129 1630 1156 inter
1645 1136 1706 1161 nos,
1740 1120 1770 1156 in
1798 1129 1851 1157 hac

1053 1175 1132 1208 hora,
1145 1182 1198 1209 qua
1215 1173 1248 1201 ad
1261 1173 1319 1201 haec
1331 1173 1459 1208 mysteria
1477 1177 1522 1199 tua
1534 1177 1629 1200 sancta
1642 1172 1750 1200 vocasti
1761 1178 1790 1200 et
1800 1173 1851 1200 ad-

1054 1220 1155 1248 duxisti
1171 1227 1240 1248 nos:
1254 1224 1281 1247 et
1296 1218 1387 1246 standi
1404 1226 1497 1246 coram
1517 1218 1627 1246 sublimi
1645 1218 1763 1246 Throno
1787 1226 1851 1246 ma-

1052 1266 1161 1302 jestatis
1185 1270 1238 1293 tua:
1261 1265 1359 1300 dignos
1386 1264 1487 1297 fecisti,
1506 1269 1589 1299 atque
1622 1265 1762 1292 tractandi
1783 1272 1849 1292 vasa

1055 1317 1149 1342 sancta
1163 1312 1307 1340 ministerii
1322 1311 1359 1340 tui
1372 1311 1498 1339 manibus
1511 1311 1612 1339 nostris
1624 1311 1753 1346 impuris.
1764 1311 1851 1339 Aufer

1054 1365 1147 1388 autem
1176 1367 1191 1387 a
1221 1359 1310 1392 nobis,
1333 1358 1459 1392 Domine,
1483 1363 1588 1385 vestem
1615 1357 1773 1392 iniquitatis
1797 1366 1850 1394 qua

1055 1405 1149 1432 amicti
1176 1412 1273 1432 sumus
1286 1424 1295 1438 ,
1317 1409 1346 1431 ut
1370 1411 1385 1431 a
1409 1402 1472 1431 Jesu
1489 1403 1545 1430 ﬁlio
1565 1402 1682 1430 Josedek
1703 1403 1851 1431 sacerdote

1055 1459 1153 1486 magno
1175 1450 1338 1478 vestimenta
1361 1449 1472 1477 sordida
1496 1448 1635 1476 abstulisti
1660 1456 1667 1474 :
1693 1453 1721 1476 et
1747 1448 1852 1484 pietate

1055 1501 1138 1532 atque
1149 1496 1255 1531 justitia
1278 1503 1380 1524 exorna
1397 1503 1459 1528 nos.
1481 1495 1552 1523 sicut
1573 1495 1649 1523 illum
1677 1495 1850 1522 vestimento

1055 1543 1150 1578 gloriae
1167 1543 1289 1576 ornasti;
1309 1547 1339 1570 ut
1356 1546 1384 1571 te
1399 1541 1457 1570 solo
1476 1546 1605 1576 tanquam
1629 1545 1796 1576 legumento
1810 1541 1837 1568 in

1057 1589 1127 1623 duti,
1144 1594 1172 1617 et
1186 1589 1258 1616 sicut
1271 1588 1370 1623 templa
1391 1592 1521 1615 coronata
1531 1587 1616 1623 gloria
1630 1587 1811 1620 exsistentes,
1825 1593 1850 1615 te

1058 1636 1163 1668 absque
1186 1635 1319 1662 velamine
1341 1634 1494 1667 videamus,
1515 1638 1605 1662 mente
1626 1633 1763 1668 divinitus
1788 1633 1850 1661 illu-

1058 1686 1192 1714 strata,et
1211 1682 1246 1709 ad
1260 1688 1381 1708 mensam
1397 1682 1472 1715 regni
1489 1680 1526 1707 tui
1542 1679 1697 1715 epulemur,
1715 1680 1781 1708 dum
1798 1680 1849 1707 hoc

1060 1728 1197 1756 sacriﬁcio
1221 1734 1314 1755 coram
1339 1726 1418 1754 nobis
1445 1726 1586 1761 proposito
1612 1725 1850 1753 communicantes

1060 1774 1244 1811 perfruemur,
1261 1780 1289 1801 et
1307 1772 1458 1801 referemus
1480 1773 1527 1800 tibi
1550 1772 1666 1808 gloriam
1685 1776 1716 1800 et
1731 1771 1850 1800 laudem.

1093 1821 1222 1856 Populus.
1238 1821 1334 1848 Amen.

1094 1867 1237 1895 Diaconos.
1252 1866 1362 1895 Stemus
1377 1865 1516 1893 decenter.

1095 1915 1223 1950 Populus.
1238 1913 1432 1942 Misericordia:
1446 1912 1504 1941 Dei.

1090 1961 1229 1989 Sacerdos.
1250 1960 1386 1990 Charitas.

1091 2006 1222 2041 Papulas.
1236 2005 1269 2032 Et
1282 2013 1343 2033 cum
1356 2005 1453 2040 spiritu
1466 2009 1525 2033 tuo.

1093 2052 1235 2081 Sacerdos.
1251 2052 1366 2079 Sursum
1382 2051 1476 2079 corda.

1092 2099 1222 2133 Populus.
1239 2097 1379 2125 Habemus
1395 2098 1428 2125 ad
1444 2098 1598 2125 Dominum.

1092 2146 1234 2174 Sacerdos.
1247 2145 1359 2173 Gratias
1374 2152 1488 2180 agamus
1503 2144 1629 2172 Domino.

1092 2190 1224 2226 Populus.
1244 2191 1358 2226 Dignum
1371 2190 1510 2224 etjustum
1524 2195 1576 2218 est.

1055 2260 1057 2263 .
1092 2238 1224 2266 Sacerdos
1239 2237 1393 2264 inclinatus.
1409 2235 1479 2264 Vere
1493 2236 1567 2264 enim
1580 2236 1693 2270 mentis,
1709 2238 1845 2265 sermonis

1057 2289 1085 2313 et
1097 2284 1272 2320 cogitationis
1287 2283 1361 2311 vires
1371 2283 1478 2312 excedit
1489 2282 1637 2311 celebratio
1651 2281 1843 2310 beneﬁciorum

1055 2353 1164 2380 siastica
1184 2352 1351 2382 lucrare/tia;
1384 2358 1447 2378 nam
1470 2355 1603 2386 quantum
1620 2349 1654 2386 ad
1675 2349 1842 2386 disciplinam

1057 2388 1270 2415 eucharisttcam
1296 2391 1412 2421 spectat,
1429 2387 1472 2414 vix
1493 2394 1612 2420 unquam
1627 2385 1736 2421 illorum
1751 2387 1841 2413 tuemi-

1057 2426 1166 2450 tterunt.
1186 2422 1288 2449 Eodem
1311 2420 1422 2449 nomine
1443 2422 1513 2449 edita
1530 2426 1571 2448 est
1595 2422 1622 2447 in
1646 2420 1749 2448 Missali
1768 2421 1843 2447 Chal-

1056 2458 1135 2485 daico
1151 2457 1284 2492 Liturgia.
1305 2457 1352 2484 sed
1374 2465 1434 2492 qitze
1457 2461 1557 2491 praeter
1580 2455 1690 2492 titulum
1712 2462 1775 2492 cum
1793 2458 1840 2482 ista

1057 2500 1202 2520 commune
1227 2491 1294 2519 nihil
1320 2491 1413 2524 habet,
1441 2500 1503 2520 cum
1532 2491 1558 2518 in
1585 2491 1687 2518 Missali
1712 2491 1842 2517 tribuatur

1062 2529 1195 2563 Dionysio
1211 2527 1344 2554 Barsalibi
1363 2529 1491 2562 episcopo
1507 2527 1643 2554 Antideno
1661 2526 1791 2563 Jacobitte
1805 2527 1842 2563 fas

1059 2563 1229 2596 mosusimo,
1249 2563 1282 2590 de
1303 2570 1356 2598 quo
1375 2565 1482 2590 dicetur
1507 2563 1533 2589 in
1546 2562 1788 2598 robservationibus
1809 2562 1840 2587 ad

1057 2600 1180 2626 earundem
1194 2598 1356 2631 Liturgiam,
1367 2603 1393 2624 et
1410 2597 1511 2633 passim
1526 2597 1589 2624 alihi
1601 2597 1704 2625 dictum
1720 2601 1770 2628 est,
1783 2603 1838 2623 cuin

1021 2634 1129 2675 Dillius
1144 2634 1305 2675 testimoniis
1325 2634 1350 2660 in
1369 2632 1425 2661 toto
1445 2634 1496 2675 hoc
1509 2640 1595 2675 opere
1611 2632 1767 2674 saepissime
1781 2637 1837 2671 uta-

1061 2677 1131 2696 mur.
1148 2669 1242 2703 Neque
1255 2669 1324 2695 ullus
1340 2675 1381 2696 est
1401 2668 1574 2703 ambiguitati
1590 2666 1678 2701 locus,
1694 2672 1742 2695 aut
1756 2666 1833 2701 suspi-

1061 2705 1133 2733 cioni
1149 2707 1182 2732 de
1198 2704 1302 2730 incuria
1319 2704 1497 2732 librariorum
1509 2711 1517 2731 :
1529 2711 1591 2730 cum
1610 2704 1636 2731 in
1659 2704 1754 2731 iisdem
1769 2703 1838 2730 codi-

1058 2740 1136 2767 cibus
1154 2745 1267 2773 utraque
1278 2739 1399 2775 Liturgia
1415 2746 1485 2774 saepe
1499 2738 1662 2775 reperiatur.
1676 2739 1703 2766 ln
1721 2740 1769 2765 ista
1781 2745 1837 2775 vero

1058 2783 1144 2838 Bauca
1157 2780 1306 2803 occurrunt
1320 2774 1380 2811 qua:
1394 2776 1515 2811 aliquam
1538 2774 1752 2810 explicationem
1773 2774 1836 2802 desi-

1077 2816 1162 2838 erent.

1077 2816 1162 2839 erent.

683 2902 705 2926 1.
721 2901 827 2934 Launoy.
847 2903 881 2929 De
893 2902 983 2930 duobus
995 2904 1095 2934 Diones.
