1914 3061
171 165 241 193 H27

752 165 780 194 S.
799 163 947 193 DIONYSII
965 163 1198 194 AREOPAGIT/E

1745 164 1805 194 “28

170 221 215 250 iila
231 222 312 258 plena
330 223 449 257 timoris,
470 227 497 251 et.
520 223 722 259 trepidationis,
750 225 958 260 congregationi
974 229 1187 260 Apeccatorutn
1209 227 1237 251 et
1261 223 1344 250 vitam
1374 226 1504 250 aeternam
1533 229 1565 249 ea
1591 220 1807 256 suscipientibus.

170 269 235 296 huic
264 270 438 298 adorantium
464 277 499 305 te,
529 276 557 299 et
583 272 712 300 omnibus
739 272 802 300 ﬁliis
834 273 964 301 Ecclesiae

169 321 273 344 sancta:
294 318 444 352 redemplm
465 319 597 353 sanguine
609 319 729 353 pretioso
744 323 801 346 tuo.
816 319 962 354 Depellan-

169 369 215 391 tur
231 364 366 392 carbones
383 364 454 400 ignis
467 365 501 392 ab
527 365 580 392 illis
593 365 640 400 qui
660 366 735 393 tincti
749 371 814 394 sunt
827 368 963 400 sanguine

168 416 227 442 tuo,
249 414 277 438 et
288 410 387 445 signati
408 410 593 439 Sacramentis
610 412 663 439 tuis
676 413 725 447 (ὅ),
739 413 765 439 in
785 414 896 441 nomine
916 418 962 441 tuo

168 462 274 491 sancto,
289 457 366 485 velut
381 457 447 485 olim
461 457 570 485 flamma
584 459 762 495 Babylonica,
779 467 792 487 a
809 461 901 495 pueris
913 461 963 489 do-

167 510 228 530 mus
241 503 383 531 Hananiae.
396 503 490 538 Neque
503 504 575 531 enim
591 504 658 531 alios
673 509 774 540 praeter
784 510 809 533 te
825 505 960 539 novimus,

166 549 250 583 Deus,
267 558 355 585 neque
371 550 400 578 in
417 550 473 577 alio
497 558 572 584 spem
598 550 732 578 habemus
754 551 850 579 salutis
864 560 961 580 conse-

166 597 296 632 quendaa,
319 597 342 624 si
365 597 476 631 quidem
493 597 652 629 attxiliator,
672 602 700 624 et
716 598 836 626 salvator
849 599 960 633 generis

166 643 253 671 nostri
273 647 300 670 tu
319 650 360 671 es.
377 643 411 670 Et
428 647 574 678 eapropter
584 644 693 679 sapiens
706 644 826 671 Ecclesia
842 649 899 677 tua,
911 652 960 679 per

165 697 213 716 ora
227 694 254 717 et
269 689 374 724 linguas
400 689 522 716 omnium
543 693 668 716 nostrum
695 689 859 724 deprecatur
881 695 918 724 te,
932 695 959 719 et

165 743 214 770 per
228 741 264 768 te,
279 741 308 763 et
321 740 409 763 tecum
428 736 536 763 Patrem
554 740 642 764 tuum.
660 736 775 764 dicens:

201 781 331 816 Populus.
350 781 491 810 Miserere.

200 829 343 856 Sacerdos.
361 828 417 855 Nos
434 835 556 862 quoque.

199 874 345 901 Diaconus.
358 873 444 907 Quam
458 873 577 901 timenda
591 877 634 902 est
650 873 709 902 haec
724 875 803 904 hora.

165 930 295 958 Sacerdos
322 930 471 958 inclinatus
497 931 563 958 dicit
589 929 746 959 Orationem
773 931 956 962 Invocationis

443 965 565 1000 Spiritus
579 967 678 993 sancti.

196 1009 236 1039 Te
252 1011 360 1045 invoco,
376 1010 449 1038 Deus
463 1010 563 1039 Pater:
581 1010 712 1039 miserere
724 1013 823 1046 nostri,
837 1018 866 1041 et
878 1013 957 1042 ablue

163 1064 212 1092 per
224 1058 443 1092 gratiamtuam,
470 1057 673 1085 immunditiam
697 1066 811 1094 operum
834 1068 956 1088 meorum

164 1104 308 1138 malorum;
326 1103 397 1136 dele,
413 1111 463 1138 per
477 1103 696 1132 misericordiam
717 1110 806 1140 tuam,
818 1114 879 1141 quae
893 1107 957 1134 odio

162 1151 242 1186 digna
254 1150 392 1178 commisi.
413 1149 523 1178 Etenim
544 1157 598 1177 non
612 1151 731 1178 extendo
751 1152 784 1178 ad
803 1157 828 1180 te
848 1160 909 1180 cum
926 1154 958 1180 li-

161 1197 241 1224 ducia
258 1203 355 1223 manus
376 1203 464 1229 meas;
483 1203 572 1230 neque
589 1197 663 1224 enim
686 1205 796 1232 possum
814 1198 841 1226 in
856 1199 957 1227 coelum

161 1243 294 1277 aspicere,
322 1246 436 1276 propter
451 1241 655 1270 multitudinem
681 1243 859 1278 iniquitatum
882 1253 957 1274 mea-

161 1296 232 1321 rum,
249 1292 276 1316 et
287 1287 450 1324 spurcitiam
464 1287 622 1316 facinorum
640 1296 776 1317 meorum.
794 1289 849 1318 Sed
866 1292 893 1319 in
906 1292 954 1320 be-

160 1335 304 1371 nignitate,
330 1335 418 1369 gratia
456 1338 484 1362 et
511 1333 722 1370 longanimitate
749 1341 807 1370 tua,
834 1338 956 1366 animum

161 1380 337 1414 conﬁrmans,
351 1380 485 1415 Spiritum
499 1384 576 1407 tuutn
589 1385 713 1409 sanctum
727 1387 804 1416 peto,
819 1388 849 1410 ut
861 1385 956 1413 mittas

160 1436 222 1455 eum
241 1434 325 1462 super
340 1434 394 1460 me,
412 1432 440 1454 et
455 1434 539 1461 super
555 1426 607 1454 has
621 1426 775 1456 oblationes
787 1431 953 1465 propositas,

160 1474 345 1509 populumque
363 1477 440 1501 tuum
453 1473 570 1500 ﬁdelem.

195 1519 335 1548 Sacerdos.
349 1519 454 1547 Exaudi
469 1526 523 1553 me,
539 1519 665 1548 Domine.

1051 270 1181 306 Populus.
1196 270 1296 297 Amen.

1053 315 1196 343 Sacerdos.
1219 313 1375 343 Secundum
1393 318 1484 341 autem
1500 313 1674 342 traditionem
1695 319 1725 343 et
1737 322 1805 343 eom-

1014 361 1220 389 mendationem
1236 360 1356 388 divinam
1373 366 1481 391 eorum,
1501 360 1548 394 qui
1566 364 1735 394 spectatores
1748 360 1802 387 fue-

1015 413 1081 435 runt
1090 407 1285 443 mysteriorum
1297 411 1418 438 tuorum,
1426 410 1455 433 et
1468 405 1634 440 interpretes
1645 406 1802 434 mirabilium

1015 459 1137 487 tuorum,
1162 452 1359 481 eucharistiam
1385 452 1456 480 banc
1480 451 1623 479 offerimus
1650 460 1744 480 coram
1770 457 1795 480 te

1014 501 1138 532 Domine.
1148 506 1176 529 et
1183 507 1230 536 per
1238 507 1297 527 eam
1307 506 1554 527 commemoramus
1562 498 1724 526 cbaritatem
1732 503 1802 526 tuam

1012 556 1077 585 erga
1096 554 1160 580 nos,
1183 547 1393 580 universamque
1413 544 1642 580 dispensationem
1673 544 1802 579 unigeniti

1011 596 1051 623 tui
1068 595 1094 622 in
1108 595 1158 622 hoc
1172 593 1285 626 mundo,
1300 596 1331 620 nt
1345 595 1372 619 tu
1383 591 1465 619 etiam
1479 591 1629 630 recorderis
1650 599 1700 627 per
1724 599 1796 623 eam,

1011 641 1209 669 misericordiae
1228 640 1280 668 tibi
1299 639 1452 674 congenitaa
1464 643 1491 666 et
1505 638 1650 670 naturalis,
1661 645 1724 673 quae
1737 637 1801 666 hora

1015 693 1177 721 quacunque
1200 693 1282 722 super
1292 691 1435 714 creaturas
1446 690 1509 713 tuas
1525 684 1686 713 diﬁ‘unditur
1695 704 1703 717 ,
1716 688 1743 712 et
1755 691 1802 712 nos

1013 734 1114 769 eripias
1125 733 1160 761 ab
1174 734 1214 761 ira
1229 733 1331 768 iniquis
1347 737 1496 765 reservata,
1510 736 1538 760 et
1550 739 1565 759 a
1581 731 1722 766 suppliciis
1738 738 1800 766 ope-

1011 782 1134 810 rantium
1149 772 1314 817 nequitiam,
1327 784 1355 807 et
1367 788 1381 807 a
1397 779 1502 808 crudeli
1520 778 1724 814 impugnatione
1749 778 1802 805 dar.-

1007 835 1131 859 monum,
1149 827 1195 862 qui
1215 830 1377 862 oppugnant
1396 825 1502 852 animas
1523 828 1644 857 nostras,
1658 831 1719 852 cum
1739 823 1802 851 hinc

1007 874 1144 903 exibimus
1163 883 1170 902 :
1186 880 1290 908 nosque
1306 873 1405 908 dignos
1421 871 1526 900 elﬁcias
1540 878 1624 906 regno
1643 876 1700 902 tuo,
1713 874 1740 897 et
1751 870 1800 897 ha-

972 901 994 930 B
1008 920 1139 948 bitaculis
1150 901 1257 953 eorum:
1275 919 1322 954 qui
1337 901 1524 946 servaverunt
1548 901 1684 952 praecepta
1700 921 1756 950 tua,
1773 920 1801 944 et

1008 967 1161 995 referemus
1174 967 1222 995 tibi
1240 966 1356 1002 gloriam
1371 969 1399 994 et
1417 965 1568 997 gratiarum
1585 964 1731 998 actionem,
1747 969 1800 992 etc.

1046 1013 1174 1048 Populus.
1190 1013 1287 1040 Amen.

1046 1059 1176 1087 Sacerdos
1190 1058 1346 1086 inclinatus.
1361 1056 1460 1085 Verbis
1476 1058 1530 1085 tuis
1546 1065 1599 1085 non
1614 1056 1799 1090 mendacibus,

1008 1105 1196 1140 doctrinisque
1208 1104 1392 1132 veracissimis
1401 1105 1454 1132 tuis
1465 1103 1568 1136 dixisti,
1578 1103 1702 1136 Domine,
1717 1103 1801 1131 maxi-

1007 1160 1081 1180 mum
1096 1159 1157 1180 esse
1170 1151 1297 1188 gaudium
1316 1151 1342 1178 in
1367 1150 1438 1179 caelo
1461 1155 1490 1178 et
1513 1151 1540 1178 in
1556 1154 1628 1178 terra
1649 1157 1732 1185 super
1747 1158 1801 1178 uno

1007 1205 1152 1237 peccatore
1163 1200 1356 1235 paenitentiam
1372 1202 1479 1234 agente.
1494 1197 1602 1225 Laetare
1623 1196 1707 1232 igitur
1717 1203 1799 1225 nunc.

1007 1249 1131 1280 Domine.
1145 1248 1172 1276 in
1184 1247 1362 1275 conversione
1379 1252 1521 1274 servorum
1544 1248 1664 1276 tuorum,
1687 1242 1734 1278 qui
1751 1250 1798 1270 co-

1013 1302 1072 1323 ram
1084 1298 1112 1322 te
1129 1294 1174 1322 hic
1187 1293 1354 1325 causistunt;
1371 1290 1489 1327 adjunge
1500 1290 1583 1319 etiam
1590 1289 1798 1317 exsultationem

1008 1339 1041 1367 de
1065 1339 1156 1371 nobis,
1171 1339 1316 1366 animabus
1331 1338 1438 1373 piorum
1455 1342 1483 1365 et
1501 1336 1653 1371 iustorum,
1674 1334 1798 1366 Patrum,

1009 1386 1248 1418 Patriarcharum,
1260 1384 1473 1420 Prophetarum,
1484 1382 1685 1419 Apostolorum,
1696 1381 1798 1409 Prtedie

1006 1437 1142 1465 calorum,
1154 1431 1404 1466 Evangelistarum,
1419 1429 1580 1465 Martyrum,
1592 1427 1797 1459 Confessorum,

1006 1479 1158 1507 zelatorum
1171 1477 1263 1506 cultus
1277 1477 1360 1505 divini
1373 1498 1380 1510 ,
1400 1477 1596 1508 beneﬁcorum,
1610 1474 1799 1509 eleemosynas

1005 1525 1179 1557 facientium,
1205 1530 1302 1551 eorum
1333 1523 1380 1558 qui
1408 1522 1621 1551 necessitatibus
1648 1528 1798 1556 pauperum

194 1565 323 1602 Populus.
340 1565 423 1601 Kyrie
437 1566 551 1601 eleison,
564 1565 649 1603 Kyrie
662 1567 775 1602 eleison,
793 1568 876 1605 Kyrie
888 1570 953 1599 elei-
966 1581 988 1610 ο
1005 1570 1223 1603 communicant,
1237 1574 1265 1598 et
1277 1570 1311 1597 ab
1324 1569 1462 1603 omnibus,
1476 1577 1529 1597 una
1544 1567 1664 1596 laudatio
1687 1567 1723 1594 sit
1749 1567 1800 1594 bo-

159 1621 219 1641 SOII.

193 1659 333 1687 Sacerdos.
350 1659 402 1687 Per
418 1659 543 1695 illapsum
555 1665 659 1694 autem,
672 1666 700 1690 et
711 1663 951 1695 obumbratiouem

161 1715 240 1735 suam
255 1707 307 1742 (6).
323 1706 426 1734 efﬁciat
439 1715 537 1742 panem
550 1708 660 1744 quidem
676 1709 757 1737 istum
773 1710 793 1745 -ι-
804 1719 902 1746 corpus
915 1712 953 1739 vi-

160 1762 224 1781 vum
241 1759 270 1782 et
283 1754 367 1781 vitam
385 1758 519 1788 praestans
535 1754 681 1784 animabus
692 1757 802 1788 nostris.
816 1757 836 1792 -ι-
851 1765 952 1794 corpus

157 1799 287 1832 salutare,
303 1801 323 1834 ’ζμ
334 1807 434 1835 corpus
449 1801 564 1827 caeleste
583 1808 590 1826 :
608 1807 707 1835 corpus
724 1801 833 1829 salvans
845 1803 952 1830 animas

156 1851 186 1873 et
197 1853 312 1880 corpora
335 1849 440 1877 nostra,
457 1852 557 1880 corpus
570 1845 679 1873 Domini
692 1847 739 1874 Dei
754 1852 782 1874 et
798 1848 951 1877 Salvatoris

157 1891 242 1919 nostri
254 1891 318 1919 Jesu
333 1891 448 1924 Christi,
465 1891 498 1918 ad
516 1892 705 1919 remissionem
722 1899 909 1928 peccatorum,
922 1900 950 1923 et

156 1940 239 1968 vitam
256 1945 396 1971 aeternam.
415 1938 480 1966 illud
493 1940 715 1975 suscipientibus.

191 1985 324 2021 Populus.
339 1986 436 2014 Amen.

187 2032 330 2062 Sacerdos.
350 2032 384 2059 Et
401 2032 511 2060 mistum
531 2039 592 2059 cum
619 2033 646 2061 in
664 2033 717 2062 hoc
732 2035 819 2064 calice
832 2041 875 2064 est
886 2036 948 2065 efﬁ-

155 2081 211 2109 ciat
225 2081 245 2116 -ι-
258 2080 421 2115 sanguincm
444 2079 538 2108 vivum
553 2086 581 2109 et
599 2082 682 2110 vitam
698 2088 832 2117 praestans
845 2084 949 2112 anima-

154 2127 207 2155 bus
229 2131 356 2155 nostrum
373 2128 508 2161 omnium,
523 2129 543 2164 1~
556 2129 717 2164 sanguinem
743 2129 902 2162 salutarem,
928 2130 949 2166 1-

153 2173 314 2208 sanguinem
329 2173 482 2207 ccelestem,
496 2175 658 2210 sanguinem
672 2175 824 2203 salvantem
839 2177 947 2205 animas

154 2224 264 2247 nostras
293 2223 322 2247 et
351 2227 484 2254 corpora,
512 2221 671 2256 sanguinem
706 2220 816 2249 Domini
847 2222 894 2250 Dei
920 2227 948 2250 et

1004 1618 1049 1645 die
1063 1625 1157 1645 coram
1173 1621 1213 1650 te,
1230 1616 1264 1644 ad
1279 1616 1367 1644 altare
1381 1616 1432 1643 hoc
1447 1619 1572 1643 sanctum
1595 1618 1623 1641 et
1641 1613 1668 1641 in
1683 1612 1799 1641 Jerusa-

1004 1663 1057 1690 lem
1071 1661 1188 1690 caelesti.

1039 1709 1155 1737 Elevans
1170 1717 1269 1737 vocem.
1288 1708 1322 1736 Et
1334 1712 1447 1744 propter
1471 1708 1529 1736 haec
1547 1711 1630 1743 atque
1652 1706 1705 1734 alia
1723 1706 1799 1742 ejus-

1003 1756 1075 1784 modi
1092 1756 1250 1784 stabiliatur
1272 1754 1396 1783 Ecclesia
1413 1759 1459 1782 tua
1475 1759 1571 1782 sancta
1583 1774 1592 1788 ,
1607 1760 1667 1788 quac
1681 1757 1724 1781 est
1735 1760 1750 1779 a
1762 1752 1799 1779 li-

1003 1802 1085 1830 uibus
1102 1809 1187 1837 usque
1201 1801 1234 1829 ad
1252 1801 1320 1828 ﬁnes
1329 1805 1420 1833 terrae,
1436 1804 1666 1835 conserveturque
1678 1799 1704 1826 in
1717 1803 1799 1826 tran-

1002 1848 1142 1884 quillitate
1173 1852 1201 1876 et
1226 1855 1311 1883 pace,
1348 1847 1533 1882 doctrinisque
1559 1846 1745 1881 evangelicis.
1768 1850 1800 1873 et

1002 1895 1158 1930 apostolicis
1172 1914 1180 1928 ,
1195 1902 1243 1930 per
1256 1894 1396 1922 antistites
1408 1893 1515 1921 divinos
1531 1898 1605 1921 recte
1630 1892 1799 1928 dispensan-

1002 1946 1044 1969 tes
1071 1941 1185 1970 verbum
1215 1940 1351 1973 veritatis,
1380 1945 1408 1968 et
1429 1940 1598 1968 instruentes
1620 1938 1798 1974 dogmatibus

1001 1993 1073 2014 verae
1099 1985 1325 2021 religionis:per
1340 1985 1494 2012 sacerdotes
1519 1989 1641 2017 sanctos,
1657 1983 1704 2019 qui
1732 1991 1798 2011 am-

1003 2033 1162 2068 plectuntur
1175 2031 1291 2059 verbum
1314 2031 1388 2063 vitae,
1406 2036 1435 2059 et
1449 2030 1584 2066 praeclare
1598 2038 1627 2059 se
1648 2035 1749 2066 gerunt
1765 2030 1798 2058 in

1000 2079 1192 2115 dispensandis
1219 2078 1358 2114 mysteriis
1380 2078 1435 2106 tuis
1458 2077 1619 2106 cmlestibus
1634 2086 1641 2104 :
1659 2085 1710 2114 per
1728 2078 1797 2104 dia-

1000 2133 1083 2154 conos
1094 2126 1245 2159 modestos,
1256 2124 1432 2161 perﬁcientes
1446 2124 1629 2152 ministerium
1645 2131 1746 2160 purum
1765 2129 1798 2152 et

1000 2177 1090 2211 regale
1102 2175 1205 2210 absque
1217 2173 1323 2202 macula
1339 2182 1346 2201 :
1363 2180 1412 2208 per
1423 2172 1516 2200 fideles
1533 2179 1626 2204 veros,
1640 2171 1687 2207 qui
1706 2178 1797 2198 occur

999 2228 1098 2258 patitur
1112 2222 1240 2256 operibus
1256 2226 1284 2249 et
1304 2220 1410 2248 actibus
1435 2218 1593 2248 Christiano
1612 2217 1720 2253 dignis;
1740 2225 1796 2252 per

155 2265 308 2293 Salvatoris
333 2266 420 2293 nostri
447 2264 509 2294 Jesu
541 2266 663 2301 Christi,
695 2268 729 2295 ad
757 2268 944 2296 remissionem
961 2256 984 2284 θ
1000 2256 1116 2297 choreas
1130 2267 1266 2303 virginum
1280 2267 1423 2302 utriusque
1443 2272 1536 2298 sexus,
1548 2263 1794 2292 mortificationem

190 2334 229 2370 (3)
251 2333 306 2361 Ora
330 2334 448 2370 ﬁdelium
469 2342 518 2369 per
541 2336 715 2363 cucbaristite
743 2335 943 2370 susceptionem

155 2370 222 2405 tingi
237 2370 369 2405 sanguine
383 2369 501 2405 gliristi,
519 2375 548 2397 ut
562 2375 655 2405 postes
666 2371 810 2398 domorum
825 2369 939 2398 Israeli-

159 2403 209 2441 tici
220 2403 310 2441 populi
327 2404 354 2430 in
370 2403 489 2441 [Egypto
503 2403 604 2441 tinctos
615 2406 758 2441 sanguine
783 2407 846 2441 agni
890 2405 941 2433 Pa-

151 2438 477 2476 schalis.c_ommpnisiest
498 2438 687 2476 Orientaliuuf
701 2438 834 2472 doctrina,
859 2448 940 2476 quam

153 2474 214 2500 inse
225 2474 340 2510 explicat
355 2473 472 2510 Severus
480 2475 625 2509 episcopus
636 2475 814 2509 Aschmonin,
822 2476 849 2503 in
859 2473 940 2510 opere

155 2510 187 2535 de
199 2509 277 2548 {agno
293 2508 415 2548 Paschali
441 2514 469 2536 et
489 2508 686 2548 Eucharistia.”
699 2511 771 2538 Idem
791 2508 892 2546 legitur
912 2513 939 2539 in

153 2544 237 2584 variis
261 2544 441 2584 orationibus,
471 2546 623 2584 praesertim
649 2545 703 2573 illis
724 2554 784 2584 quae
810 2544 940 2574 dicuntur

153 2583 214 2613 past
239 2580 471 2611 communionem,
492 2581 524 2606 ad
541 2580 692 2614 gratiarum
716 2582 862 2609 actionem.
893 2583 938 2610 Si—

154 2614 229 2649 gnati
254 2614 435 2642 sacramentis
450 2615 581 2653 dicun_tu_r
599 2616 746 2653 Christiani
770 2625 819 2652 per
846 2618 937 2653 bapti-

153 2648 252 2681 smum,
270 2656 422 2689 permyron
439 2657 486 2689 seu
501 2648 938 2689 _chris_matis_itnpressionem,et

153 2693 200 2719 per
218 2684 424 2711 eucharistiam.
439 2685 478 2713 Ea
501 2684 638 2714 locutione
656 2684 727 2714 nihil
741 2689 769 2715 in
787 2688 848 2716 istis
875 2684 938 2716 ofﬁ-

153 2720 205 2747 ciis
216 2719 396 2754 frequentius.

188 2755 227 2795 (tia)
241 2755 282 2795 De
295 2755 404 2795 vocibus
419 2763 486 2795 quae
509 2755 536 2783 in
557 2757 607 2795 hac
627 2758 751 2795 oratione
773 2765 939 2795 usurpantur

154 2791 188 2817 ab
202 2790 396 2822 Orientalibus,
409 2791 512 2817 dictum
527 2796 568 2818 est
583 2791 670 2820 fusius
685 2794 709 2820 in
727 2795 799 2822 notis
810 2790 846 2822 ad
865 2796 938 2822 hunc

153 2825 242 2852 locum
263 2825 392 2860 Liturgitc
414 2826 509 2853 Basilii
531 2827 649 2862 Coptica:
676 2829 725 2865 (a).
753 2830 939 2865 Ἐπιφοίτησιν

183 2895 220 2957 to;
236 2895 297 2919 Vide
309 2895 334 2919 S.
346 2896 433 2929 Basilii
443 2896 525 2927 Opera
538 2899 655 2923 editionis
667 2901 760 2923 nostra
783 2898 852 2923 EDl't'.
866 2898 935 2924 ΡΑι-ις
944 2917 950 2924 .

196 2925 208 2949 b
232 2924 301 2949 lium.
318 2927 366 2950 2m
378 2927 498 2953 Hexaem.

196 2924 218 2953 ὁ)
232 2924 301 2949 lium.
318 2927 332 2950 2
343 2925 366 2950 in
378 2924 498 2953 Hexaefn.

997 2345 1049 2373 qua
1069 2344 1135 2365 voce
1149 2336 1236 2364 (ιηεεὶ
1259 2335 1429 2373 potissimum
1447 2334 1487 2362 uti
1509 2337 1611 2373 solent,
1626 2333 1795 2373 exprimunt

997 2369 1058 2409 Syri
1079 2380 1129 2405 per
1140 2379 1201 2409 eam
1215 2369 1299 2409 quamq
1310 2371 1436 2409 iilapeurrt
1456 2369 1684 2409 vertimus-aqua
1701 2369 1794 2409 etiam

999 2404 1124 2440 u'tuntur,
1142 2407 1206 2435 dum
1223 2404 1374 2434 mirabilem
1397 2406 1543 2433 adventum
1559 2404 1680 2439 Spiritus
1698 2405 1794 2433 sancti

996 2442 1214 2478 supervenientis
1237 2442 1266 2469 in
1290 2441 1319 2469 B.
1347 2440 1559 2478 ‘Yirgincm,__in
1588 2440 1793 2478 Incamationis

995 2473 1138 2514 mysterio,
1155 2478 1322 2514 exprimunt.
1339 2473 1433 2514 Altera
1445 2483 1498 2504 vox
1509 2473 1652 2514 Hebraicae
1668 2475 1795 2514 originis

994 2510 1047 2545 esi,
1077 2510 1234 2549 legiturque
1260 2512 1338 2540 initio
1363 2511 1500 2539 Geneseos
1520 2518 1553 2538 eo
1568 2510 1627 2549 loco
1643 2519 1650 2538 :
1667 2510 1795 2549 Spiritus

995 2545 1254 2583 Domini'fereb'atur
1266 2555 1344 2582 super
1358 2555 1452 2582 aquas,
1468 2552 1596 2580 tanquam
1610 2545 1748 2573 incubans
1763 2550 1795 2573 et

994 2585 1100 2616 fovens,
1113 2582 1317 2620 genitalemque
1332 2583 1385 2610 vim
1402 2582 1554 2609 imminens
1564 2591 1570 2608 :
1580 2589 1662 2616 quam
1672 2583 1793 2642 exlposi-

994 2620 1094 2642 tionem
1112 2619 1145 2642 ah
1162 2619 1296 2642 Enhremn
1312 2622 1449 2642 acrentam
1466 2616 1584 2642 laudavit
1597 2620 1624 2642 et
1640 2623 1704 2642 amn
1717 2624 1793 2642 exus

994 2620 1094 2647 tionem
1112 2616 1145 2646 ab
1161 2616 1296 2653 Ephrenio
1312 2622 1449 2653 acceptam
1466 2616 1586 2653 laudavit
1597 2620 1624 2653 et
1640 2616 1794 2653 amplexus

992 2660 1034 2682 est
1048 2654 1167 2682 Basilius
1182 2651 1232 2690 (ὁ).
1252 2654 1299 2690 llis
1315 2651 1398 2690 igitur
1412 2652 1503 2680 verbis
1518 2651 1674 2690 signiﬁcant
1686 2651 1793 2679 Orien-

994 2690 1062 2718 tales
1076 2687 1466 2719 virtuter‘n'cmlitus'missam,
1488 2695 1548 2720 qua:
1572 2687 1600 2714 in
1621 2687 1692 2714 dona
1719 2695 1793 2719 pr.)-

993 2726 1081 2759 posita
1102 2725 1266 2752 mirabiliter
1282 2729 1423 2759 operetur,
1442 2728 1470 2751 ut
1486 2724 1514 2750 in
1531 2722 1680 2750 creationis
1701 2721 1791 2749 initio

992 2766 1020 2787 et
1035 2760 1224 2788 lncarnatione
1239 2760 1340 2788 factum
1356 2764 1416 2787 est:
1431 2766 1493 2786 nam
1507 2763 1624 2792 utraque
1636 2765 1792 2792 compara-

995 2796 1077 2828 tione,
1095 2795 1256 2823 miraculum
1270 2795 1392 2830 quotidie
1411 2795 1438 2822 in
1457 2794 1628 2821 eucharistia
1644 2792 1705 2821 ﬁeri
1724 2792 1795 2820 soli-

995 2836 1052 2859 tum
1065 2831 1209 2866 explicant.
1228 2836 1255 2859 et
1268 2832 1365 2859 iisdem
1381 2830 1471 2858 verbis
1487 2834 1608 2857 utuntur.
