1914 3061
63 189 139 218 “29

802 189 977 219 LITURGIA.

1630 191 1700 221 “3'3

61 251 207 279 viviﬁcam
237 251 372 288 unigeniti
386 250 448 279 Filii
464 250 505 279 tui
533 250 561 278 in
578 250 709 279 membris
727 250 785 278 suis
808 250 864 278 cir—
878 251 902 280 Α
953 248 1068 277 Elecans
1085 256 1182 277 vocem.
1198 249 1231 277 Et
1251 251 1360 285 quando
1371 250 1480 286 quidem
1505 253 1583 286 potes
1597 253 1698 282 omnia,

61 298 270 328 cttmferentes.
295 300 387 334 Atque
409 298 474 326 hinc
505 305 560 326 uno
586 297 696 334 agmine
722 297 866 325 mittamur

60 350 166 374 omnes
189 346 226 373 ad
242 345 400 374 Ecclesiam
418 344 497 373 illam
518 344 683 376 Jerusalem.
698 341 866 379 primogeni-

61 395 157 420 torum
169 392 382 428 deseriptorum
398 392 426 420 in
440 390 532 425 eisiis,
546 395 631 426 atque
645 390 702 418 illic
716 389 866 424 spirituali-

62 441 109 464 ter
123 437 325 473 gloriﬁcamus
342 443 378 472 te,
397 438 470 466 Deus
482 437 575 470 Pater,
587 441 616 464 et
632 436 800 473 unigenitum
818 433 867 463 Fi-

62 481 133 511 lium
151 488 246 518 tuum,
258 489 288 512 et
301 485 433 521 Spiritum
443 486 518 513 tuum
529 487 666 513 sanctum.

100 527 241 566 Populus.
255 532 356 560 Amen.

99 571 241 604 Sacerdos
258 577 417 605 inclinatur.
432 575 538 611 Adjuva
558 578 662 609 autem,
680 575 807 609 Domine,
819 582 867 604 eos

61 626 167 650 Omnes
180 623 231 658 qui
248 622 386 658 adjuvant
402 620 552 651 Ecciesiam
568 627 641 650 tuam
665 626 801 654 sanctatn,
817 628 866 649 vo-

61 669 112 701 tis.
147 669 290 702 decimis,
321 669 476 697 ministerio
499 672 526 696 et
550 667 762 696 oblationibus:
785 672 868 703 atque

63 715 130 743 illos
148 715 237 743 etiam
255 715 306 750 qui
329 715 470 751 postulant
488 714 628 742 orationes
651 713 791 741 tenuitatis
819 720 868 740 no-

63 766 144 794 strae,
159 762 196 789 da
211 761 269 789 illis
280 761 360 789 ﬁnem
376 760 590 797 postulationum
606 762 738 795 ipsorum,
753 759 867 787 Domine

62 811 180 835 amator
197 807 354 836 hominum.

82 861 84 863 ν
103 850 249 879 Sacerdos
263 850 369 879 elevans
382 855 481 879 votem.
496 851 574 880 Mitte
587 855 679 879 autern
698 857 791 878 curam
806 858 866 885 per-

66 894 188 930 lectam,
198 898 372 933 salutemque
383 898 502 933 plenam,
514 898 640 926 omnibus
650 898 703 926 illis
714 897 759 933 qui
771 903 866 925 curam
881 917 903 949 Β

67 947 173 979 gerunt
192 949 362 979 pauperum,
374 944 420 978 qui
438 945 568 972 alimenta
588 944 711 980 praebent
735 943 866 979 orphanis

67 995 98 1018 et
113 990 223 1023 viduis,
238 991 408 1026 visitantque
418 991 541 1019 inﬁrmos
553 995 582 1019 et
594 990 722 1019 alliictos.
735 989 868 1019 Retribue

67 1035 138 1068 illis,
154 1035 203 1064 hic
222 1035 336 1070 quidem
361 1037 555 1064 abundantiam
578 1041 608 1065 et
627 1037 715 1069 bona,
732 1036 788 1064 illic
801 1042 868 1064 vero

62 1081 188 1110 delicias
201 1082 437 1117 incorruptibiles,
450 1084 515 1118 quia
529 1088 556 1111 tu
569 1083 700 1112 Dominus
717 1090 748 1111 es
763 1082 868 1110 utrius-

66 1134 126 1163 que
137 1127 249 1160 seculi,
264 1132 293 1157 et
306 1127 420 1164 largitor
434 1129 575 1156 immensae
591 1128 735 1161 mercedis,
761 1127 868 1163 tibique

65 1171 205 1198 convenit
217 1171 408 1205 beneﬁcentia,
422 1176 477 1199 tam
495 1172 540 1200 hic
554 1179 636 1207 quam
654 1171 721 1206 illic,
735 1177 764 1200 et
775 1173 868 1208 unige-

68 1217 131 1245 nito
148 1216 222 1245 Filio
240 1221 299 1245 tuo.

107 1261 245 1297 Populus.
260 1261 358 1290 Arnen.

106 1307 246 1336 Sacerdos
266 1308 426 1337 inclinatus.
451 1308 522 1338 Iram
548 1317 642 1345 regum
667 1311 833 1346 comprime,
850 1319 868 1339 o

69 1354 132 1383 Rex
154 1359 273 1390 regum,
292 1355 411 1383 furorem
433 1356 549 1384 militum
572 1361 731 1392 compesce;
754 1358 825 1385 bella
840 1362 868 1385 et

68 1401 229 1430 seditiones
253 1401 342 1434 aufer,
368 1402 470 1430 fastum
496 1403 689 1432 haereticorum
713 1404 813 1439 dejice,
841 1409 870 1432 et

69 1448 229 1476 sententias
249 1455 264 1476 a
276 1448 384 1483 iustitia
409 1454 454 1476 tua
473 1454 572 1477 contra
594 1457 644 1478 nos
659 1451 866 1485 pronuntiatas.

69 1498 188 1531 superet
204 1502 282 1522 amor
296 1501 362 1530 erga
382 1495 506 1524 homines
528 1503 601 1529 tuus,
623 1502 650 1525 et
672 1501 816 1526 convertat
832 1498 862 1527 in

70 1541 320 1570 mansuetudinem
335 1542 514 1577 benignitatis
525 1547 588 1571 tum.

918 295 1037 323 cratibus
1052 294 1160 322 illorum
1174 295 1349 328 dilectorttm.
1368 300 1396 324 et
1410 295 1623 324 domesticorum
1643 302 1703 324 tuo-

918 348 979 369 rum
999 339 1116 374 adiunge
1131 338 1320 367 inﬁrmitatem
1340 344 1472 372 nostram,
1491 339 1604 367 Domine
1617 347 1625 367 :
1637 346 1703 368 ceu-

918 385 1068 423 gregationi
1087 386 1125 413 illi
1140 386 1237 418 beatae,
1253 385 1325 421 parti
1340 385 1405 413 huic
1420 385 1529 418 divinae.
1542 390 1572 413 ut
1587 392 1637 422 per
1653 393 1703 414 eos

918 432 1106 468 suscipiantur
1117 431 1272 459 oblationes
1285 435 1313 459 et
1336 431 1478 459 orationes
1496 435 1598 460 nostra:
1609 435 1702 460 coram

919 478 1018 506 throno
1031 477 1140 505 excelso
1155 476 1307 511 maiestatis
1323 479 1386 510 tute,
1400 483 1434 504 eo
1447 477 1520 512 quod
1535 477 1658 506 imbelles
1676 480 1704 505 et

918 523 1021 552 inﬁrmi
1046 530 1151 556 sumus,
1167 522 1377 558 indigentesque
1398 522 1495 551 ﬁducia
1517 524 1588 559 apud
1602 528 1639 552 te.
1656 520 1705 551 Ni-

918 568 1018 597 mirum
1045 572 1187 604 peccatum
1209 572 1334 595 nostrum
1350 567 1496 602 etjustitia
1522 572 1616 596 nostra
1635 569 1704 598 nihil

919 619 994 647 sunt,
1009 613 1044 641 ad
1060 613 1176 648 pelagus
1189 612 1305 641 ellusum
1320 617 1348 641 et
1365 613 1527 641 immensum
1547 614 1705 642 misericor-

918 660 971 688 diae
986 664 1050 687 tute.
1063 658 1093 687 in
1109 660 1193 687 corda
1222 659 1309 695 igitur
1334 659 1504 695 singulorum
1525 660 1706 695 perspiciens,

918 705 1114 734 retributiones
1130 706 1218 734 bonas
1233 706 1398 741 petitionum
1421 712 1533 734 suarum
1557 707 1707 742 unicuique

918 752 1006 785 mitte,
1022 755 1052 779 ut
1066 752 1093 779 in
1105 752 1235 780 omnibus
1247 756 1275 779 et
1290 752 1317 779 in
1333 751 1448 788 singulis
1464 753 1596 781 adoretur
1609 757 1637 781 et
1648 753 1708 781 lau-

918 798 1000 826 detur
1012 798 1142 834 majestas
1155 802 1201 826 tua
1214 802 1242 826 et
1255 798 1388 834 unigeniti
1404 792 1467 827 Filii
1485 799 1534 828 tui.

955 843 1087 879 Populus.
1103 844 1200 872 Amen.

953 889 1088 918 Sacerdos
1113 890 1269 920 inclinatus.
1285 889 1431 924 Memento,
1445 890 1571 925 Domine,
1584 891 1706 920 omnium

916 934 1108 970 episcoporum
1119 954 1128 968 ,
1143 935 1287 963 doctorum
1309 940 1336 962 et
1354 928 1500 970 praemium
1513 936 1706 965 Ecclesiaetnae

916 983 1020 1007 sanctae
1031 987 1127 1008 eorum
1140 979 1186 1015 qui
1206 987 1222 1007 a
1239 978 1340 1008 Iacobo
1359 978 1399 1016 (5)
1419 981 1560 1016 apostolo,
1577 981 1708 1017 episcopo

917 1029 946 1054 et
966 1030 1088 1062 martyre
1107 1033 1195 1061 usque
1207 1025 1242 1054 ad
1261 1026 1426 1055 hodiernum
1443 1027 1525 1061 diem,
1541 1027 1707 1063 placuerunt

917 1075 946 1100 et
958 1070 1066 1107 placent
1079 1071 1140 1100 tibi.

955 1117 1068 1146 Eleum
1075 1127 1172 1147 vocent.
1182 1117 1275 1147 insere
1285 1119 1375 1154 nobis,
1382 1119 1508 1152 Domine,
1517 1117 1597 1148 ﬁdem
1608 1125 1704 1148 eorum

917 1171 1024 1198 veram,
1037 1170 1065 1193 et
1075 1165 1162 1193 selum
1176 1172 1272 1193 eorum
1283 1172 1333 1201 pro
1347 1173 1410 1194 vera
1428 1166 1569 1202 religione,
1584 1165 1705 1195 cbarita-

918 1215 974 1239 tem
989 1217 1085 1239 eorum
1099 1210 1236 1239 sinceram
1248 1231 1256 1244 ,
1271 1213 1300 1239 et
1320 1211 1385 1239 nulli
1407 1211 1526 1239 del‘ectui
1546 1211 1703 1246 obnoxiam,

918 1262 1009 1284 mores
1024 1263 1119 1284 eorum
1140 1256 1321 1293 inculpabiles
1337 1266 1344 1285 ε
1360 1261 1391 1286 ιιι
1403 1257 1529 1294 vestigiis
1543 1264 1638 1287 eorum
1662 1258 1705 1286 ina

918 1302 1064 1335 harentes,
1084 1302 1233 1338 participes
1250 1303 1385 1332 mercedis
1397 1311 1493 1332 eorum
1508 1305 1606 1338 simus,
1621 1309 1649 1333 et
1659 1312 1706 1333 co-

920 1356 1049 1377 ronarum
1068 1349 1198 1381 victoriae,
1216 1357 1276 1385 quis
1300 1349 1353 1378 illis
1370 1355 1471 1385 paratae
1484 1351 1598 1379 sunt‘in
1621 1358 1705 1387 regno

919 1401 966 1424 tuo
977 1395 1083 1424 ccelesti
1102 1404 1110 1423 :
1128 1396 1237 1432 illicque
1255 1396 1338 1425 simul
1356 1404 1418 1426 cum
1445 1397 1500 1424 illis
1510 1404 1642 1427 canamus
1657 1398 1704 1426 tibi

919 1441 1032 1477 gloriam
1049 1442 1260 1478 indesinentem,
1275 1448 1304 1473 et
1318 1443 1458 1480 unigenito
1472 1443 1542 1472 Filio
1556 1448 1612 1472 tuo.

952 1488 1081 1524 Populus.
1095 1489 1194 1518 Arnen.

955 1545 1087 1574 Sacerdos
1109 1546 1263 1575 inclinatus.
1284 1546 1434 1580 Memento,
1446 1546 1571 1579 Domine,
1583 1546 1703 1574 omnium

108 1588 233 1616 Elwans
244 1596 345 1615 vacem.
359 1588 597 1625 Tranquillitutcm
615 1595 644 1618 et
664 1598 759 1625 pacem
781 1599 841 1627 quae
854 1599 869 1619 a
883 1598 905 1628 ο
921 1591 1112 1620 defunctorum
1127 1593 1175 1628 qui
1190 1593 1453 1620 decubucruntcum
1469 1599 1519 1627 spe
1531 1596 1586 1626 tua,
1605 1591 1632 1619 in
1651 1592 1704 1620 ﬁde

71 1639 101 1663 te
112 1639 169 1668 est,
177 1635 300 1663 concede
312 1639 393 1663 term
404 1639 432 1663 et
444 1636 570 1663 omnibus
582 1635 781 1665 habitatoribus
792 1636 863 1672 ejus,

71 1681 159 1709 visita
176 1687 238 1709 eam
250 1688 300 1716 per
319 1681 453 1710 beneﬁcia
470 1687 528 1714 tua,
548 1687 577 1710 et
595 1689 690 1709 curam
710 1683 867 1711 misericor-

71 1727 127 1755 diae
141 1732 207 1759 tuaa,
223 1734 272 1762 per
284 1727 386 1755 bonam
401 1732 429 1755 et
441 1732 622 1763 temperatam
641 1728 714 1756 aeris
735 1729 867 1756 constitu-

73 1773 192 1806 tionem,
209 1772 346 1801 i'ructuum
361 1773 524 1808 ubertatem,
540 1774 703 1808 frugumque
727 1773 866 1801 abundan-

73 1819 158 1851 tiam,
185 1819 400 1854 varietatemque
438 1818 545 1848 ﬁorum.
578 1818 716 1846 Pracserva
740 1826 803 1847 eam
831 1820 865 1847 ab

72 1864 206 1893 munibus
220 1864 308 1900 plagis
322 1863 435 1897 furoris,
447 1870 476 1892 et
489 1864 523 1892 ab
535 1863 681 1892 insultibus
700 1863 803 1899 iniquis
817 1864 866 1892 ini-

75 1913 226 1943 micorum,
244 1913 298 1937 tam
322 1909 506 1945 spiritualium
529 1916 610 1945 qum
637 1909 821 1943 sensibilium,
837 1913 866 1937 ut

74 1958 184 1992 absque
211 1956 264 1983 ulla
289 1956 447 1992 passionum
470 1963 551 1988 noxa,
581 1960 728 1990 perpetuos
749 1955 866 1991 hymnos

75 2003 175 2041 gloria:
187 2010 318 2030 canamus
336 2001 395 2034 tibi,
407 2006 435 2028 et
450 2001 591 2036 uuigeuito
607 2001 679 2036 Filio
690 2006 746 2029 tuo.

113 2049 246 2084 Populus.
259 2049 358 2076 Arnen.

114 2095 248 2124 Sacerdos
272 2095 427 2123 inclinatus.
448 2095 490 2123 Ad
512 2094 600 2122 altare
616 2094 678 2128 hoc,
695 2099 722 2122 et
747 2094 782 2122 ad
799 2094 866 2122 illud

76 2144 151 2173 ecelo
162 2143 317 2175 sublimius,
330 2142 462 2170 memoria
476 2142 548 2170 bona
564 2142 602 2170 sit
614 2141 669 2170 illis
681 2141 808 2170 omnibus
818 2141 864 2176 qui

75 2197 112 2217 ex
130 2189 233 2217 mundo
249 2189 298 2217 tibi
311 2188 485 2224 placuerunt;
507 2188 649 2223 Praecipue
673 2193 739 2215 Vero
764 2192 865 2215 sanctae

74 2234 228 2263 Genitricis
248 2234 314 2268 Dei,
330 2233 446 2262 Joannis
469 2234 574 2268 nuntii,
590 2232 721 2269 Baptista:
744 2237 772 2261 et
795 2240 865 2268 prae-

917 1647 980 1668 vera
996 1646 1003 1668 ι
1017 1640 1168 1675 przesertim
1182 1645 1248 1667 vero
1259 1644 1288 1666 et
1302 1638 1464 1666 nominatim
1475 1659 1482 1672 ,
1499 1643 1619 1675 patrum,
1644 1638 1704 1666 fra-

917 1689 1008 1718 trum,
1038 1684 1286 1719 rnagistrorutnque
1319 1689 1493 1718 nostrorum,
1519 1684 1704 1719 corporalium

916 1735 962 1757 aut
975 1728 1170 1764 spiritualium,
1195 1733 1223 1756 et
1240 1736 1334 1756 eerum
1354 1737 1403 1764 pro
1426 1729 1527 1765 quibus
1540 1733 1568 1757 et
1583 1734 1703 1765 quorum

916 1775 1016 1810 gratia,
1030 1774 1133 1802 oblatio
1148 1775 1207 1802 haec
1224 1778 1318 1802 sancta
1330 1774 1422 1802 oblata
1436 1779 1488 1803 est.

954 1819 1067 1848 Eleuans
1079 1827 1176 1847 vocem.
1189 1819 1325 1855 Adjunge,
1336 1819 1460 1855 Domine,
1470 1820 1580 1849 nomina
1594 1820 1703 1849 illorum

917 1873 978 1894 curn
994 1865 1151 1894 nominibus
1172 1870 1333 1893 sanctorum
1357 1869 1468 1894 tuorum
1485 1866 1512 1894 in
1534 1866 1703 1894 habitatione

920 1912 1001 1940 beata
1023 1919 1116 1939 eorum
1132 1912 1178 1946 qui
1207 1911 1306 1939 festum
1321 1915 1406 1947 agunt
1423 1916 1452 1940 et
1469 1911 1600 1940 laetantur
1617 1912 1643 1940 in
1658 1917 1701 1944 te;

916 1965 971 1986 non
986 1965 1118 1986 revocans
1137 1957 1189 1986 illis
1204 1959 1364 1986 memoriam
1382 1963 1557 1993 peccatorum
1576 1966 1700 1990 suorum,

916 2010 1005 2040 neque
1015 2009 1233 2033 commemorans
1245 2005 1314 2040 ipsis
1323 2013 1383 2041 qua:
1397 2005 1559 2041 insipienter
1569 2009 1699 2041 egerunt;

917 2050 983 2085 quia
1003 2051 1095 2079 nullus
1109 2055 1151 2079 est
1166 2051 1241 2079 carni
1259 2051 1397 2087 alligatus,
1415 2056 1444 2079 et
1456 2052 1586 2078 innocens
1605 2058 1700 2079 coram

917 2099 945 2123 te
969 2104 976 2123 :
990 2102 1060 2123 unus
1075 2095 1148 2123 enim
1165 2096 1353 2124 tantummodo
1363 2103 1444 2131 super
1457 2100 1558 2124 terram
1572 2096 1646 2124 visus
1658 2101 1701 2124 est

916 2143 1021 2178 absque
1035 2146 1160 2177 peccato,
1186 2141 1265 2170 Iesus
1285 2142 1412 2169 Christus
1435 2141 1592 2176 unigenitus
1615 2141 1701 2169 Filius

916 2192 979 2215 tuus
994 2195 1001 2215 :
1015 2187 1129 2223 simplex
1150 2187 1197 2222 qui
1210 2188 1244 2215 ad
1258 2187 1484 2222 compositionem
1499 2187 1574 2215 venit
1584 2186 1636 2222 (6),
1652 2195 1701 2222 per

915 2241 996 2270 quem
1015 2241 1064 2262 nos
1082 2240 1190 2269 quoque
1206 2233 1399 2261 misericordiae
1409 2234 1609 2268 consequendz
1624 2241 1699 2269 spem

76 2280 203 2309 cursoris
215 2297 223 2313 ,
239 2280 311 2308 Petri
326 2284 354 2307 et
369 2279 457 2311 Pauli,
475 2279 612 2314 totiusque
630 2282 716 2306 cintus
730 2279 864 2314 apostolo-
879 2273 901 2302 Β
916 2279 1055 2308 habemus.

78 2333 155 2361 rum,
182 2326 313 2369 Stephani
341 2333 460 2361 quoque,
486 2329 514 2353 et
534 2325 669 2352 universa:
693 2325 778 2361 turbae
791 2331 864 2352 mar-

79 2378 184 2410 tyrum,
198 2379 226 2402 et
240 2381 334 2402 eorum
349 2373 482 2406 omnium,
497 2372 543 2407 qui
558 2376 621 2401 ante
642 2379 700 2405 eos,
717 2378 779 2399 cum
801 2370 865 2405 illis,

79 2424 109 2448 et
120 2425 186 2456 post
197 2428 244 2449 eos
260 2420 432 2456 placuerunt,
448 2424 477 2448 et
489 2419 598 2455 placent
611 2417 671 2446 tibi.

117 2488 158 2525 (5)
175 2489 317 2524 Sumptum
333 2488 359 2525 id
371 2496 404 2516 ex
419 2488 513 2516 Graeca
528 2486 619 2515 Jacobi
635 2485 755 2525 Liturgia
770 2485 867 2525 Hiero-

84 2520 412 2561 solyinitamériﬂccicsim
436 2524 561 2561 propria,
581 2529 646 2561 quae
665 2520 802 2561 lunt—latas
819 2520 867 2561 aia-

83 2556 153 2588 cobo
169 2559 254 2587 fratre
263 2559 381 2590 Domini.
392 2556 598 2586 successionem
612 2557 673 2585 ﬁdei
685 2562 713 2584 et
724 2556 867 2584 Cathedrae

83 2595 117 2623 ad
134 2602 196 2622 eutn
213 2595 311 2631 merito
329 2594 483 2631 referebat,
498 2600 585 2631 neque
595 2591 704 2631 proprie
717 2591 751 2619 ad
765 2591 868 2631 ,Διί-εἰρ-

83 2631 198 2658 chenam
213 2628 362 2658 Ecclesiam
387 2637 402 2656 a
429 2628 511 2656 Petro
536 2627 676 2655 fundatam
702 2627 866 2662 pertinebat.

85 2666 138 2693 Sed
151 2673 213 2693 curn
229 2672 289 2692 eam
309 2664 460 2693 Lituraiam
484 2664 511 2691 in
532 2663 623 2690 vicina
639 2661 781 2690 Palaestina
797 2661 868 2689 cele-

85 2701 161 2729 brent
176 2701 209 2728 ad
225 2708 254 2728 se
270 2697 483 2731 transtulissent,
498 2698 568 2725 hanc
585 2697 729 2724 formulam
747 2697 868 2724 retinue—

86 2741 170 2764 runt:
186 2740 215 2764 et
226 2743 258 2763 ea
274 2742 391 2770 quoque,
402 2739 436 2770 ut
450 2733 512 2762 alibi
523 2736 652 2770 notatum
666 2737 719 2766 est,
735 2731 869 2770 Jacobitae

86 2772 161 2799 abusi
177 2777 252 2799 sunt.
272 2766 311 2798 lia
332 2766 405 2798 ettiin
422 2768 670 2796 denominationem
685 2775 766 2802 quam
786 2774 800 2802 a
822 2766 869 2793 Ja-

85 2807 153 2834 t'obo
176 2806 312 2834 Baradato
331 2806 389 2833 sive
409 2803 528 2832 Zanaaio
544 2811 591 2830 eos
607 2801 757 2837 accepisse,
779 2801 868 2829 Graeci

85 2847 224 2876 auctores,
238 2849 291 2869 non
314 2842 405 2868 minus
418 2848 499 2874 quant
514 2838 676 2876 Orientales
691 2837 826 2865 blelchitte
840 2841 868 2864 et

85 2873 235 2905 bestoriani
250 2880 394 2908 testantur,
410 2873 445 2902 ad
456 2875 616 2910 Apoatolunt
633 2873 767 2900 referunt.

120 2915 159 2948 to)
178 2912 242 2940 Haec
257 2913 339 2939 verba
353 2906 441 2946 magis
461 2906 598 2938 rhetorice
614 2916 694 2944 quam
716 2906 867 2944 theologlce

220 2959 356 2989 Ῥέη-μοι.
372 2958 430 2988 Gn.
448 2957 501 2988 Ill.

952 2325 1081 2361 Populus.
1095 2326 1219 2360 Quietem
1233 2331 1344 2362 pmsta.

951 2370 1081 2400 Sacerdos
1102 2372 1261 2401 inclinatus.
1283 2372 1400 2400 Peccuta
1427 2376 1519 2399 nostra
1543 2376 1571 2399 et
1595 2369 1700 2399 illorum

916 2418 1081 2452 voluntaria,
1095 2418 1214 2446 scienter
1229 2423 1256 2446 et
1271 2417 1430 2453 iguoranter
1444 2417 1590 2446 commissa
1608 2418 1701 2446 remit-

917 2484 999 2516 dicla,
1021 2483 1110 2519 minus
1137 2487 1212 2512 recte
1230 2483 1416 2512 Jacobitarum
1435 2483 1591 2519 opinionem
1615 2483 1702 2519 explig

917 2524 993 2546 cant.
1019 2518 1075 2546 Nec
1095 2519 1168 2546 enim
1194 2519 1420 2554 compositionem
1451 2518 1620 2554 agnoscunt,
1646 2518 1699 2546 nisi

917 2554 1007 2590 qualis
1020 2559 1063 2590 est
1077 2553 1122 2582 illa
1132 2562 1194 2589 quae
1208 2555 1234 2581 in
1256 2553 1381 2590 symbolo
1396 2553 1539 2581 Athanasii
1553 2553 1635 2590 dicto.
1652 2557 1700 2579 ha-

918 2588 1007 2617 betur.
1022 2588 1100 2617 Sicut
1111 2588 1202 2617 anima
1217 2588 1356 2616 rationalis
1370 2594 1394 2616 et
1409 2596 1471 2622 caro
1482 2596 1549 2615 unus
1560 2593 1598 2615 εει
1610 2588 1698 2621 homo,

917 2624 955 2651 ita
963 2624 1034 2651 Deus
1045 2629 1069 2651 et
1081 2625 1158 2651 homo
1171 2630 1283 2652 unusest
1298 2624 1427 2655 Christus,
1442 2631 1502 2658 quae
1515 2623 1694 2658 comparatio,

918 2660 1044 2694 quamvis
1056 2667 1072 2685 a
1087 2660 1215 2686 nonnulis
1228 2659 1355 2687 l’atribus
1371 2657 1511 2693 usurpata,
1529 2657 1657 2685 Facundo
1672 2663 1700 2684 et

919 2695 980 2721 aliis
996 2702 1048 2721 non
1064 2694 1177 2728 placuitt
1193 2695 1247 2722 Sed
1256 2696 1320 2721 dum
1331 2701 1413 2721 unam
1427 2698 1552 2720 naturain
1568 2695 1699 2727 proiiten-

920 2733 974 2761 tur,
991 2729 1028 2756 ita
1043 2729 1229 2757 confusionem
1253 2729 1464 2764 mislionetnqne
1482 2728 1644 2764 excludunt,
1670 2733 1700 2754 ut

918 2765 1080 2799 compositio
1105 2766 1215 2798 proprie
1239 2765 1312 2791 dicta
1333 2763 1407 2790 nulla
1421 2763 1478 2799 risit,
1497 2763 1549 2790 nisi
1565 2767 1700 2797 quatenus

918 2798 1031 2827 sumina:
1057 2800 1238 2835 perfectaeque
1265 2798 1432 2833 simplicitati
1459 2798 1700 2835 Deihoppomtur,

919 2842 999 2869 quatit
1021 2833 1074 2862 non
1092 2835 1175 2862 habet
1189 2833 1269 2862 homo
1285 2838 1442 2869 assumptus
1462 2841 1496 2860 ex
1513 2833 1634 2868 Virgine,
1648 2840 1699 2869 chi

921 2868 1035 2898 Verbum
1052 2878 1116 2897 caro
1136 2870 1238 2897 iactum
1254 2870 1316 2897 dunt
1334 2868 1439 2896 unitum
1449 2873 1500 2900 est,
1517 2869 1544 2896 iu
1556 2868 1702 2903 quarmlant

919 2906 1139 2940 compositionem
1154 2905 1234 2933 venit.

1506 2951 1545 2982 36
