3748 6314
626 478 1041 487 Μῳκ.ς-ρ-Α
1062 479 1107 483 -η

858 470 2847 812 ΡΒοιΕροΜΕΝΑ.’

2725 428 2906 436 ___.__....
2948 428 2963 435 -
2991 426 3329 436 ..._.._____.-.

2725 438 3329 475 -Ν
2872 468 2935 475 η..
3125 439 3346 475 -μ---.1

1248 1100 2189 1214 DISSERTATIO

467 1342 621 1479 QE
690 1340 1298 1479 egeamus
1371 1341 1468 1429 s.
1549 1336 2109 1429 DIONYSII
2170 1336 3003 1433 AREOPAGITIE.

900 1527 1077 1599 eniti?
1092 1532 1391 1602 Apparatus
1430 1531 1497 1583 ad
1525 1528 1666 1582 Bibl.
1699 1544 1845 1585 mox.
1875 1527 2131 1593 Parisiis,
2164 1528 2323 1595 1705,
2358 1527 2565 1593 in-l'ol.,
2593 1544 2643 1599 p.
2678 1529 2823 1597 169.)

450 1530 453 1531 ⁷
754 1452 1085 1599 ῄοῗξςῗι

614 1848 837 1905 CAPUT
870 1845 1157 1901 PRIMUM.

275 1945 527 2016 Analysis
551 1943 786 1997 omnium
812 1940 874 1995 S.
912 1939 1152 2008 Dionysii
1196 1936 1448 2004 Operam.

164 2039 188 2111 ᾗ
232 2038 269 2093 1.
309 2036 467 2090 Liber
500 2035 575 2089 de.
599 2032 791 2086 calcati
827 2030 1144 2084 hierarchia.
1178 2059 1246 2068 —
1276 2029 1492 2084 Primus
1516 2028 1655 2084 liber

106 2132 315 2203 Dionysii
346 2128 689 2198 AreOpagita:
725 2126 941 2180 nomine
980 2124 1292 2191 inscriptus,
1329 2123 1548 2178 titulum
1579 2122 1656 2177 De

104 2227 272 2281 mlein
304 2223 609 2278 hierarchia
650 2220 886 2293 praefert,
924 2221 1101 2287 isque,
1136 2218 1277 2272 sicut
1314 2228 1368 2271 et
1398 2218 1487 2271 alii
1531 2218 1656 2271 sub-

108 2326 371 2387 sequentes
399 2315 688 2370 Timotheo
712 2310 1151 2383 sympresbytero
1179 2318 1542 2375 nuncupatur.
1572 2309 1654 2363 Ab

104 2410 204 2476 ipso
249 2418 427 2462 autem
490 2405 650 2474 hujus
702 2403 824 2457 libri
882 2403 1109 2456 exordio
1159 2404 1307 2471 (cap.
1354 2402 1407 2457 1i
1463 2410 1656 2455 auctor

104 2516 293 2553 omnem
344 2500 523 2553 lucem
572 2513 601 2551 a
632 2496 743 2551 Deo
780 2495 941 2550 Patre
989 2492 1057 2547 ad
1101 2508 1198 2547 nos
1242 2492 1477 2547 derivari
1526 2507 1656 2561 pro-

108 2592 278 2655 les-us,
317 2592 390 2647 ad
420 2606 580 2647 suum
617 2592 683 2645 de
716 2591 879 2646 rebus
925 2586 1258 2652 coelestibus,
1302 2586 1477 2654 iisque
1518 2582 1655 2638 ditii-

104 2684 316 2750 cillimis,
345 2684 443 2739 sed
474 2697 598 2753 quae
641 2680 1017 2736 materialibus
1055 2689 1109 2732 et
1152 2677 1432 2747 corporeis
1460 2678 1654 2731 adum-

107 2775 247 2828 brata:
278 2783 455 2841 erant,
487 2782 866 2843 argumentum
899 2786 1021 2826 cum
1051 2786 1116 2825 ex
1156 2768 1435 2838 Scriptura
1471 2782 1652 2832 sacra,

108 2876 199 2919 tum
240 2882 303 2921 ex
342 2866 625 2930 Patribus,
674 2866 961 2934 implorata
1004 2864 1157 2935 prius
1194 2863 1394 2918 Christi
1438 2862 1653 2916 Domini

105 2973 205 3026 ope,
244 2959 590 3015 tractandum
630 2956 965 3027 aggreditur.
1014 2956 1355 3023 QuaprOpter
1402 2954 1544 3024 (cap.
1596 2953 1653 3021 Ξ)

108 3048 197 3115 ille,
226 3049 359 3104 facta
404 3048 589 3119 operis
628 3048 713 3104 sui
761 3046 1166 3109 distributione,
1216 3046 1447 3115 primum
1482 3046 1657 3113 aperit

106 3156 186 3195 cur
224 3142 507 3213 Scriptura
545 3142 726 3195 divina
775 3140 998 3209 angelos
1044 3138 1232 3209 figuris
1278 3138 1414 3192 adeo
1447 3137 1654 3208 ignobi-

106 3233 240 3298 libus,
272 3246 440 3304 atque
486 3235 555 3287 ab
596 3248 784 3287 eorum
829 3243 1023 3287 natura
1065 3240 1171 3285 tam
1204 3230 1415 3296 alienis,
1450 3232 1649 3299 ubique

108 3327 241 3380 nobis
278 3334 649 3395 repraascntet.
698 3322 835 3377 Tum
880 3326 1037 3392 (cap.
1071 3323 1138 3392 5)
1180 3337 1394 3377 onmem
1434 3324 1653 3376 univer-

106 3415 191 3469 sim
238 3416 601 3472 hierarchiam
647 3415 837 3469 deﬁnit
883 3414 1219 3482 dividitque;
1273 3428 1334 3466 ac
1375 3414 1501 3483 quis
1541 3414 1658 3482 ejus

108 3507 209 3560 ﬁnis
251 3519 305 3562 et
360 3525 593 3577 scapus,
647 3523 875 3578 quaeque
937 3508 1047 3562 sint
1095 3504 1213 3573 ejus
1264 3506 1571 3560 functiones
1607 3513 1660 3559 ct

106 3603 257 3655 munia
328 3604 616 3657 enucleate
672 3604 1028 3657 demonstrat.
1095 3599 1233 3655 Hinc
1291 3602 1434 3669 (cap.
1483 3600 1539 3667 4)
1591 3600 1656 3652 ad

106 3695 252 3762 ipsius
272 3697 535 3766 angelica:
565 3695 882 3748 ltierarcbiae
910 3693 1324 3761 explicationem
1359 3691 1573 3753 transit,
1602 3699 1658 3744 et

106 3788 312 3841 ostendit
356 3787 530 3840 Deum
557 3802 587 3839 a
617 3785 763 3839 nulla
802 3795 1047 3839 creatura
1091 3781 1445 3837 excellentius
1481 3782 1655 3851 parti-

107 3879 251 3946 cipari
283 3895 450 3948 quam
490 3878 561 3931 ab
592 3878 835 3946 angelis;
879 3876 972 3945 qui
1014 3874 1231 3942 quidem
1278 3874 1406 3941 quia
1439 3872 1572 3925 alios
1604 3872 1657 3925 in

108 3971 381 4027 divinitatis
415 3972 783 4043 cognitionem
827 3971 1122 4034 adducunt,
1157 3967 1276 4021 ideo
1314 3967 1403 4021 illo
1433 3965 1657 4035 angelo-

112 4076 206 4113 rum
229 4063 452 4118 nomine
474 4072 602 4116 sunt
628 4062 838 4116 donati.
870 4060 1047 4129 Atque
1069 4060 1170 4113 hac
1191 4058 1313 4112 data
1344 4058 1654 4118 occasione,

110 4155 242 4207 docet
292 4170 490 4211 eorum
548 4154 855 4208 ministerio
919 4168 1027 4205 non
1088 4151 1261 4205 solum
1329 4150 1545 4203 divinas
1604 4149 1657 4202 itt

112 4239 261 4300 Veteri
304 4248 662 4303 Testamento
716 4246 954 4300 visiones
1000 4244 1274 4298 exhibitas
1318 4242 1509 4305 fuisse,
1560 4241 1655 4294 sed

111 4336 278 4393 Christi
305 4343 475 4395 etiam
506 4338 940 4393 lncarnationem
975 4339 1029 4391 in
1066 4336 1214 4391 Novo
1243 4333 1470 4388 Ftedere
1503 4332 1658 4386 nobis

112 4435 485 4488 autiuutiatam.
511 4432 745 4500 Exponit
775 4432 997 4498 insuper
1036 4430 1178 4497 (cap.
1214 4428 1269 4495 5)
1300 4442 1401 4482 cur
1445 4425 1657 4493 angelo-

1685 1712 1756 1728 νη

1689 1839 1894 1901 Achia:
1940 1838 2117 1894 ordini
2164 1839 2437 1907 peculiare
2488 1848 2591 1901 est,
2641 1836 2948 1906 promiscue
3002 1837 3327 1894 vocitentur.

1757 1930 2055 1988 Nonnullas
2084 1938 2295 1999 postea,
2324 1944 2445 1997 quae
2477 1928 2543 1982 ad
2574 1940 2948 1998 argumentum
2979 1944 3137 1983 suum
3216 1946 3337 1999 spe-

1748 2020 2326 2087 ctabant,dilIicultates
2350 2022 2549 2076 enodat
2571 2028 2621 2075 et
2653 2021 2812 2076 solvit
2835 2022 2979 2092 (cap.
3016 2022 3128 2092 12),
3160 2023 3327 2078 nimi-

1760 2132 1881 2171 rum
1929 2132 2026 2171 cur
2070 2116 2356 2186 episcopus
2398 2116 2609 2169 dicatur
2638 2115 2861 2185 angelus
2894 2114 3107 2170 Domini
3154 2116 3332 2171 omni-

1756 2208 2026 2279 potentis,
2080 2223 2177 2262 cur
2201 2223 2267 2262 ex
2321 2207 2748 2276 Seraphinorum
2809 2208 3002 2263 ordine
3061 2224 3200 2264 unus
3256 2210 3325 2263 ad

1759 2300 1954 2355 Isaiam
2004 2299 2201 2353 missus
2253 2298 2438 2362 fuerit,
2483 2307 2827 2368 quantusque
2872 2300 2944 2353 sit
2992 2299 3321 2370 Angelorum

1757 2408 2017 2449 numerus
2077 2392 2223 2462 (cap.
2260 2389 2372 2459 15).
2442 2390 2681 2457 Denique
2733 2392 2873 2460 (cap.
2913 2392 3000 2460 Η)
3052 2392 3329 2458 corporeis

1760 2483 2107 2554 imaginibus,
2154 2482 2353 2552 quibus
2381 2480 2557 2551 angeli
2606 2481 2658 2534 in
2693 2479 2972 2551 Scriptura
3005 2482 3332 2553 ﬁgurantur,

1760 2564 2073 2649 singillatim
2098 2574 2403 2644 explicatis,
2432 2573 2631 2627 librum
2672 2572 2920 2628 absolvit.

1832 2671 1862 2742 ᾗ
1899 2668 1960 2724 ll.
1990 2668 2144 2722 Liber
2181 2670 2247 2721 de
2285 2665 2643 2721 ecclesiastica
2688 2666 3013 2719 hierarchia.
3053 2695 3120 2704 -—
3153 2666 3207 2719 in
3238 2666 3332 2721 illo

1758 2762 1940 2830 priore
1969 2760 2107 2815 libro
2139 2757 2384 2821 alterius,
2415 2770 2576 2825 quem
2629 2754 2702 2808 De
2732 2756 3083 2810 ecclesiastica
3121 2758 3330 2811 hierar-

1758 2853 1876 2906 chia
1900 2850 2216 2919 inscriptum
2242 2849 2435 2914 voluit,
2469 2847 2817 2901 fundamenta
2842 2847 3057 2915 quidem
3087 2850 3293 2915 jccerat
3318 2867 3334 2915 ;

1759 2940 1853 2997 sed
1890 2941 2004 3011 ipse
2052 2939 2156 2993 nisi
2194 2930 2465 2992 Timothei
2503 2937 2755 3006 precibus
2801 2938 2993 3002 victus,
3025 2953 3240 2991 manum
3284 2942 3336 2992 ei

1759 3049 1816 3088 se
1848 3048 1955 3089 non
2004 3032 2312 3088 admovisse
2359 3030 2707 3085 testiﬁcatur.
2756 3027 2893 3082 lluic
2927 3038 3107 3083 autem
3142 3030 3331 3084 Timo-

1763 3126 1911 3191 theo,
1948 3141 2013 3178 ne
2040 3124 2297 3194 mysteria
2332 3134 2522 3175 uestra
2549 3136 2653 3175 non
2680 3120 2910 3173 initiatis
2942 3120 3171 3189 aperiat,
3211 3136 3334 3174 cum

1765 3231 1795 3268 a
1841 3214 1964 3268 libri
2016 3214 2099 3268 sui
2145 3213 2412 3283 principio
2463 3211 2647 3267 sedulo
2690 3212 3036 3281 prmcepisset
3080 3202 3222 3279 (cap.
3258 3211 3339 3279 ί),

1761 3310 2002 3365 ostendit
2033 3325 2140 3377 quo
2171 3324 2235 3362 ex
2263 3306 2407 3361 fonte
2447 3304 2753 3359 hierarchia
2784 3303 3155 3357 ecclesiastica
3205 3304 3332 3357 illu-

1761 3404 2051 3461 strationes
2096 3416 2222 3455 suas
2245 3398 2481 3463 hauriat,
2528 3398 2579 3450 in
2634 3412 2741 3463 quo
2792 3411 2914 3450 cum
2958 3398 3167 3451 caelesti
3206 3412 3336 3452 con-

1763 3496 1968 3558 veniat,
2010 3492 2095 3547 vel
2128 3493 2196 3545 ab
2230 3503 2293 3543 ea
2320 3488 2615 3558 discrepet,
2652 3502 2773 3555 qua:
2809 3486 2879 3540 sit
2916 3488 3031 3555 ejus
3071 3485 3337 3555 deﬁnitio,

1764 3586 2092 3655 principium
2136 3592 2190 3636 et
2238 3580 2384 3644 ﬁnis,
2427 3595 2491 3634 ac
2534 3579 2751 3633 tandem
2798 3594 2898 3632 cur
2946 3578 3034 3630 illa
3077 3579 3338 3649 symbolis

1766 3676 2060 3746 ligurisque
2110 3668 2387 3740 corporeis
2418 3668 2591 3721 velata
2650 3668 2805 3720 nobis
2864 3655 3126 3721 tradatur'.
3182 3666 3342 3723 Post-

1762 3771 1874 3824 lnec
1900 3768 1966 3821 ad
1998 3765 2207 3835 singula
2251 3777 2370 3832 quae
2409 3760 2475 3814 ad
2514 3776 2633 3813 eam
2676 3766 2944 3828 spectant,
2990 3760 3334 3829 propiusac-

1762 3860 1981 3922 cedens,
2012 3858 2077 3911 tle
2107 3853 2465 3917 sacramentis
2482 3850 2739 3923 baptismi
2774 3852 2917 3921 (cap.
2950 3852 3006 3918 2)
3033 3860 3086 3904 et
3122 3851 3335 3905 Eucha-

1764 3953 1931 4007 ristiae
1988 3949 2129 4016 (cap.
2168 3945 2247 4015 5),
2276 3945 2342 3999 de
2382 3941 2526 3997 sacri
2572 3941 2831 4011 unguenti
2862 3956 2957 3994 seu
2995 3940 3332 4003 chrismatis,

1763 4042 1857 4094 τοῦ
1896 4039 2069 4111 μύρου
2092 4077 2105 4100 ,
2136 4034 2548 4107 consecratione
2590 4036 2730 4102 (cap.
2774 4031 2830 4099 4)
2854 4072 2868 4096 ,
2897 4032 2961 4085 de
2986 4032 3334 4088 ordinatione

1764 4147 2043 4189 sacrorum
2076 4128 2330 4183 Ecclesiae
2372 4127 2747 4180 ministrorum
2801 4128 2945 4193 (cap.
2979 4124 3056 4194 5),
3095 4124 3335 4195 episcopi

1762 4229 1990 4290 scilicet,
2024 4222 2327 4296 presbyteri
2354 4230 2410 4276 et
2434 4220 2673 4284 diaconi,
2700 4235 2764 4272 ac
2792 4220 2857 4273 de
2882 4219 3109 4274 solemni
3141 4235 3334 4273 mona-

1765 4322 1993 4375 chorum
2039 4315 2379 4386 professione
2426 4312 2569 4381 (cap.
2605 4311 2661 4381 6)
2694 4310 3024 4364 articulatim
3072 4311 3333 4379 disputat.

1767 4412 1863 4466 His
1919 4415 2229 4465 accuratam
2282 4403 2564 4472 subiungit
2617 4390 3088 4465 caeremoniarum,
3143 4402 3339 4470 quibus

115 4532 206 4571 rum
259 4539 485 4587 nomen,
546 4494 692 4590 quod
745 4494 937 4574 ultimo
1001 4494 1331 4573 ctnlestium-
1363 4515 1651 4583 spirituum
1685 4537 1727 4591 ο
1764 4511 2100 4560 mortuorum
2158 4513 2384 4567 corpora
2437 4495 2859 4563 sepeliebantur,
2910 4494 3330 4563 descriptionem

114 4610 254 4664 ordini
283 4614 571 4683 speciatim
603 4613 878 4675 convenit,
919 4609 1132 4665 caeteris
1172 4604 1648 4661 indiStzriminatim

116 4696 171 4751 ita
190 4705 468 4770 tribuatur,
496 4715 556 4760 ut
582 4706 683 4775 ipsi
711 4714 889 4759 tamen
913 4702 1144 4756 aliorum
1168 4699 1411 4753 vicissim
1438 4698 1656 4750 nomine

114 4805 352 4863 numtuam
406 4796 770 4866 appellentur.
834 4794 913 4849 Ad
964 4792 1281 4863 angelorum
1334 4787 1652 4843 divisionem

116 4882 215 4939 inde
249 4894 388 4958 (cap.
423 4890 500 4957 6)
530 4889 905 4957 progreditur,
946 4895 1109 4955 atque
1151 4882 1389 4938 ostendit
1437 4893 1534 4935 eos
1599 4878 1652 4928 in

114 4986 203 5032 tres
237 4982 595 5046 hierarchias,
640 4990 695 5034 et
743 4979 991 5049 singulas
1022 4991 1271 5048 quasque
1314 4971 1657 5028 hierarchias

115 5068 155 5122 in
198 5080 297 5128 tres
342 5075 570 5128 ordines
624 5072 704 5130 sic
729 5072 1022 5133 distribui;
1076 5076 1133 5123 ut
1176 5066 1351 5135 prima
1396 5062 1655 5130 Seraphi-

112 5177 270 5217 norunt
322 5168 490 5234 (cap.
551 5165 658 5233 7),
714 5163 1197 5221 Cherubiuorum,
1261 5156 1650 5217 Thronorum;

112 5257 315 5309 secunda
370 5271 505 5310 vero
559 5255 1003 5309 Dnminalionum
1052 5253 1193 5321 (cap.
1232 5247 1332 5314 8),
1363 5244 1652 5307 Virtutum,

115 5341 412 5406 Ροιρειδιυω
438 5370 453 5417 ;
483 5349 643 5405 tertia
676 5348 910 5415 denique
952 5342 1367 5413 Principatuutn
1403 5340 1543 5409 (cap.
1571 5336 1651 5405 9),

120 5438 550 5511 ircbangelorum
598 5451 654 5496 et
696 5441 1023 5510 Angelorum
1066 5437 1285 5490 ordines
1327 5432 1651 5501 complecta-

120 5538 198 5584 tur.
231 5533 433 5588 Deinde
457 5536 602 5603 (cap.
633 5530 720 5600 l0)
752 5531 1025 5599 quomodo
1060 5527 1315 5597 quaelibet
1347 5523 1653 5577 hierarchia

118 5631 357 5691 purgetur,
391 5624 719 5682 illustretur,
750 5637 813 5675 ac
849 5620 1180 5690 perﬁciatur,
1228 5615 1514 5677 enucleat;
1541 5614 1656 5681 pla-

119 5726 319 5783 numque
346 5714 480 5769 facit
508 5714 652 5785 (cap.
688 5713 777 5782 11)
811 5728 908 5767 cur
936 5726 1126 5767 omnes
1171 5708 1361 5778 Angeli
1396 5707 1650 5760 virtutum

120 5802 395 5860 antestium
426 5806 671 5865 nomine,
704 5803 845 5872 quod
872 5802 1114 5858 secundo
1144 5799 1396 5856 secunda:
1438 5796 1651 5852 hierar-

362 5898 627 5957 I’nnoc.
662 5897 779 5957 Ca.
840 5887 944 5947 ΠΙ.

1760 4584 2289 4665 expositionemque;
2313 4599 2364 4641 et
2378 4586 2605 4641 subinde
2622 4587 2689 4639 de
2708 4584 2995 4639 infantium
3014 4584 3338 4653 baptismate

1761 4687 1997 4743 disserit.
2024 4685 2158 4738 Tum
2192 4683 2425 4751 denique
2447 4679 2813 4742 Timotheum,
2842 4677 2885 4731 si
2914 4692 3050 4745 quas
3073 4677 3334 4731 clariores

1762 4782 1956 4834 borum
1987 4773 2371 4845 mysteriorum
2404 4770 2745 4840 cognitiones
2774 4769 2988 4833 habeat,
3015 4770 3098 4821 vel
3135 4768 3337 4821 habere

1760 4869 1950 4939 possit,
1998 4875 2055 4919 ut
2086 4880 2177 4918 eas
2215 4878 2400 4917 secum
2448 4860 2711 4916 benevole
2761 4859 3148 4923 communicet,
3187 4858 3336 4913 obte-

1759 4974 1935 5017 statur
1976 4969 2139 5028 atque
2182 4958 2451 5011 obsecrat.

1831 5052 1859 5122 §
1894 5049 1979 5103 Ill.
2003 5048 2157 5101 Liber
2173 5048 2236 5099 de
2260 5044 2449 5098 divinis
2476 5041 2793 5096 nominibus.
2811 5071 2884 5085 —
2906 5040 2964 5093 In
2996 5040 3156 5093 tertio
3177 5040 3332 5105 libro,

1761 5160 1922 5213 quem
1993 5152 2181 5195 auctor
2252 5147 2437 5192 noster
2494 5146 2615 5205 post
2666 5136 2867 5190 editum
2930 5132 3335 5202 llypotyposeou

1758 5235 2169 5304 theologicarum
2195 5233 2444 5285 volumen
2490 5246 2549 5284 se
2594 5226 2991 5294 conscripsisse
3028 5227 3245 5285 aSserit,
3271 5224 3336 5277 de

1760 5330 2057 5386 nominibus
2104 5327 2293 5404 divinis
2336 5325 2576 5393 disputat
2628 5325 2770 5391 (cap.
2820 5320 2891 5388 i).
2938 5317 3031 5372 llle
3063 5329 3335 5373 autetuex

1761 5422 2065 5490 Scripturis
2094 5419 2287 5483 sacris,
2326 5418 2417 5471 ubi
2449 5418 2635 5472 omnia
2686 5413 2802 5479 Dei,
2830 5413 2924 5482 qui
2970 5412 3252 5483 ἀνώνυμος
3281 5421 3337 5463 et

1760 5513 2112 5583 πολυώνυμος
2156 5521 2260 5574 est,
2299 5511 2516 5565 nomina
2553 5508 2899 5569 exhibentur,
2954 5510 3333 5571 argumentum

1761 5622 1919 5661 suum
1966 5614 2326 5660 tractatu-runt
2374 5617 2434 5655 se
2489 5615 2611 5655 esse
2667 5599 2971 5667 prolitetur.
3029 5595 3091 5648 Et
3116 5596 3330 5663 quidem

1758 5699 1989 5768 duplicis
2023 5696 2236 5766 generis
2264 5709 2383 5749 csse
2412 5691 2543 5745 dicit
2568 5691 2711 5760 (cap.
2740 5689 2797 5759 9.)
2832 5703 2894 5742 ca
2929 5687 3021 5739 Dei
3067 5684 3286 5737 nomina
3321 5700 3333 5734 :

1758 5793 1885 5857 alia,
1912 5793 1985 5845 uti
2019 5798 2233 5853 vocant,
2260 5784 2509 5842 absoluta
2536 5793 2589 5836 et
2620 5783 2959 5844 essentialia,
2986 5794 3105 5846 qum
3130 5786 3339 5831 natura

3034 5869 3065 5930 1
