  <div class='ocr_page' id='page_1' title='image "/cluster/home/n/w/nwhite01/storage/ocr_20150623/3/hvd.32044014713192/013.png"; bbox 0 0 3748 6368; ppageno 0'>
   <div class='ocr_carea' id='block_1_1' title="bbox 448 368 3686 439">
    <p class='ocr_par' dir='ltr' id='par_1_1' title="bbox 448 368 3686 439">
     <span class='ocr_line' id='line_1_1' title="bbox 448 368 3686 439; baseline 0.005 -16"><span class='ocrx_word' id='word_1_1' title='bbox 448 375 467 423; x_wconf 79' lang='lat' dir='ltr'><strong>l</strong></span> <span class='ocrx_word' id='word_1_2' title='bbox 482 372 505 417; x_wconf 76' lang='grc' dir='ltr'><strong>-ι</strong></span> <span class='ocrx_word' id='word_1_3' title='bbox 1572 370 1632 428; x_wconf 89' lang='lat' dir='ltr'><strong>S.</strong></span> <span class='ocrx_word' id='word_1_4' title='bbox 1669 368 1872 427; x_wconf 74' lang='lat' dir='ltr'><strong>DIONY</strong></span> <span class='ocrx_word' id='word_1_5' title='bbox 1884 371 2037 426; x_wconf 79' lang='lat' dir='ltr'>SIUS</span> <span class='ocrx_word' id='word_1_6' title='bbox 2072 372 2534 431; x_wconf 69' lang='lat' dir='ltr'><strong>AREOPAGITA.</strong></span> <span class='ocrx_word' id='word_1_7' title='bbox 3634 388 3686 439; x_wconf 67' lang='grc' dir='ltr'><strong>«ε</strong></span> 
     </span>
    </p>
   </div>
   <div class='ocr_carea' id='block_1_2' title="bbox 444 483 3684 559">
    <p class='ocr_par' dir='ltr' id='par_1_2' title="bbox 444 483 3684 559">
     <span class='ocr_line' id='line_1_2' title="bbox 444 483 3684 559; baseline 0.004 -24"><span class='ocrx_word' id='word_1_8' title='bbox 444 483 646 538; x_wconf 75' lang='lat' dir='ltr'><strong>divina:</strong></span> <span class='ocrx_word' id='word_1_9' title='bbox 696 484 978 553; x_wconf 78' lang='lat' dir='ltr'><strong>tribusque</strong></span> <span class='ocrx_word' id='word_1_10' title='bbox 1040 485 1401 541; x_wconf 71' lang='lat' dir='ltr'><strong>sanctissimae</strong></span> <span class='ocrx_word' id='word_1_11' title='bbox 1450 485 1737 540; x_wconf 79' lang='lat' dir='ltr'><strong>Trinitatis</strong></span> <span class='ocrx_word' id='word_1_12' title='bbox 1782 486 2027 553; x_wconf 72' lang='lat' dir='ltr'><strong>personis</strong></span> <span class='ocrx_word' id='word_1_13' title='bbox 2057 488 2101 544; x_wconf 79' lang='grc' dir='ltr'>Α</span> <span class='ocrx_word' id='word_1_14' title='bbox 2132 487 2297 550; x_wconf 77' lang='lat' dir='ltr'><strong>ditur,</strong></span> <span class='ocrx_word' id='word_1_15' title='bbox 2330 503 2392 541; x_wconf 91' lang='lat' dir='ltr'><strong>ac</strong></span> <span class='ocrx_word' id='word_1_16' title='bbox 2425 488 2802 558; x_wconf 67' lang='lat' dir='ltr'><strong>lngﬂliOlellS</strong></span> <span class='ocrx_word' id='word_1_17' title='bbox 2840 488 3010 559; x_wconf 85' lang='lat' dir='ltr'><strong>magis</strong></span> <span class='ocrx_word' id='word_1_18' title='bbox 3051 507 3213 559; x_wconf 89' lang='lat' dir='ltr'><strong>quam</strong></span> <span class='ocrx_word' id='word_1_19' title='bbox 3247 492 3684 549; x_wconf 84' lang='lat' dir='ltr'><strong>aflirmationibus</strong></span> 
     </span>
    </p>
   </div>
   <div class='ocr_carea' id='block_1_3' title="bbox 444 576 2021 644">
    <p class='ocr_par' dir='ltr' id='par_1_3' title="bbox 444 576 2021 644">
     <span class='ocr_line' id='line_1_3' title="bbox 444 576 2021 644; baseline 0.001 -17"><span class='ocrx_word' id='word_1_20' title='bbox 444 576 647 644; x_wconf 82' lang='lat' dir='ltr'><strong>absque</strong></span> <span class='ocrx_word' id='word_1_21' title='bbox 678 576 942 630; x_wconf 89' lang='lat' dir='ltr'><strong>divisione</strong></span> <span class='ocrx_word' id='word_1_22' title='bbox 974 577 1079 631; x_wconf 90' lang='lat' dir='ltr'><strong>ulla</strong></span> <span class='ocrx_word' id='word_1_23' title='bbox 1114 578 1449 632; x_wconf 89' lang='lat' dir='ltr'><strong>conveniunt</strong></span> <span class='ocrx_word' id='word_1_24' title='bbox 1478 595 1491 642; x_wconf 88' lang='lat'>;</span> <span class='ocrx_word' id='word_1_25' title='bbox 1525 578 1652 643; x_wconf 85' lang='lat' dir='ltr'><strong>alia,</strong></span> <span class='ocrx_word' id='word_1_26' title='bbox 1686 578 1761 630; x_wconf 90' lang='lat' dir='ltr'><strong>uti</strong></span> <span class='ocrx_word' id='word_1_27' title='bbox 1790 577 2021 644; x_wconf 84' lang='lat' dir='ltr'><strong>loquun-</strong></span> 
     </span>
    </p>
   </div>
   <div class='ocr_carea' id='block_1_4' title="bbox 445 667 2018 739">
    <p class='ocr_par' dir='ltr' id='par_1_4' title="bbox 445 667 2018 739">
     <span class='ocr_line' id='line_1_4' title="bbox 445 667 2018 739; baseline 0.001 -20"><span class='ocrx_word' id='word_1_28' title='bbox 445 677 553 729; x_wconf 97' lang='lat' dir='ltr'><strong>tur,</strong></span> <span class='ocrx_word' id='word_1_29' title='bbox 590 668 836 729; x_wconf 85' lang='lat' dir='ltr'><strong>relativa,</strong></span> <span class='ocrx_word' id='word_1_30' title='bbox 887 684 1009 738; x_wconf 72' lang='lat' dir='ltr'><strong>qua:</strong></span> <span class='ocrx_word' id='word_1_31' title='bbox 1059 670 1358 739; x_wconf 83' lang='lat' dir='ltr'><strong>unicuique</strong></span> <span class='ocrx_word' id='word_1_32' title='bbox 1407 684 1655 738; x_wconf 78' lang='lat' dir='ltr'><strong>persona:</strong></span> <span class='ocrx_word' id='word_1_33' title='bbox 1701 667 2018 737; x_wconf 80' lang='lat' dir='ltr'><strong>singillatim</strong></span> 
     </span>
    </p>
   </div>
   <div class='ocr_carea' id='block_1_5' title="bbox 444 758 2016 829">
    <p class='ocr_par' dir='ltr' id='par_1_5' title="bbox 444 758 2016 829">
     <span class='ocr_line' id='line_1_5' title="bbox 444 758 2016 829; baseline 0.003 -20"><span class='ocrx_word' id='word_1_34' title='bbox 444 758 515 810; x_wconf 85' lang='lat' dir='ltr'><strong>ita</strong></span> <span class='ocrx_word' id='word_1_35' title='bbox 555 769 890 827; x_wconf 75' lang='lat' dir='ltr'><strong>competunt,</strong></span> <span class='ocrx_word' id='word_1_36' title='bbox 928 769 986 813; x_wconf 92' lang='lat' dir='ltr'><strong>ut</strong></span> <span class='ocrx_word' id='word_1_37' title='bbox 1030 760 1186 813; x_wconf 84' lang='lat' dir='ltr'><strong>alteri</strong></span> <span class='ocrx_word' id='word_1_38' title='bbox 1243 776 1348 814; x_wconf 92' lang='lat' dir='ltr'><strong>non</strong></span> <span class='ocrx_word' id='word_1_39' title='bbox 1397 762 1607 829; x_wconf 86' lang='lat' dir='ltr'><strong>possint</strong></span> <span class='ocrx_word' id='word_1_40' title='bbox 1643 760 1888 814; x_wconf 91' lang='lat' dir='ltr'><strong>attribui.</strong></span> <span class='ocrx_word' id='word_1_41' title='bbox 1936 759 2016 813; x_wconf 85' lang='lat' dir='ltr'><strong>Ad</strong></span> 
     </span>
    </p>
   </div>
   <div class='ocr_carea' id='block_1_6' title="bbox 442 846 2015 923">
    <p class='ocr_par' dir='ltr' id='par_1_6' title="bbox 442 846 2015 923">
     <span class='ocr_line' id='line_1_6' title="bbox 442 846 2015 923; baseline 0.001 -17"><span class='ocrx_word' id='word_1_42' title='bbox 442 867 498 906; x_wconf 77' lang='lat' dir='ltr'><strong>ea</strong></span> <span class='ocrx_word' id='word_1_43' title='bbox 533 867 696 920; x_wconf 90' lang='lat' dir='ltr'><strong>porro</strong></span> <span class='ocrx_word' id='word_1_44' title='bbox 744 846 1065 921; x_wconf 72' lang='lat' dir='ltr'><strong>e‘xplicanda</strong></span> <span class='ocrx_word' id='word_1_45' title='bbox 1115 850 1395 907; x_wconf 80' lang='lat' dir='ltr'><strong>Ilierothei</strong></span> <span class='ocrx_word' id='word_1_46' title='bbox 1437 852 1722 922; x_wconf 88' lang='lat' dir='ltr'><strong>cujusdam</strong></span> <span class='ocrx_word' id='word_1_47' title='bbox 1772 855 2015 923; x_wconf 85' lang='lat' dir='ltr'><strong>magistri</strong></span> 
     </span>
    </p>
   </div>
   <div class='ocr_carea' id='block_1_7' title="bbox 436 943 2016 1014">
    <p class='ocr_par' dir='ltr' id='par_1_7' title="bbox 436 943 2016 1014">
     <span class='ocr_line' id='line_1_7' title="bbox 436 943 2016 1014; baseline 0.003 -18"><span class='ocrx_word' id='word_1_48' title='bbox 436 944 519 996; x_wconf 78' lang='lat' dir='ltr'><strong>sui</strong></span> <span class='ocrx_word' id='word_1_49' title='bbox 577 943 716 997; x_wconf 84' lang='lat' dir='ltr'><strong>libro</strong></span> <span class='ocrx_word' id='word_1_50' title='bbox 747 943 938 1010; x_wconf 88' lang='lat' dir='ltr'><strong>utitur,</strong></span> <span class='ocrx_word' id='word_1_51' title='bbox 968 944 1152 1014; x_wconf 88' lang='lat' dir='ltr'><strong>ibique</strong></span> <span class='ocrx_word' id='word_1_52' title='bbox 1189 944 1334 1013; x_wconf 90' lang='lat' dir='ltr'><strong>(cap.</strong></span> <span class='ocrx_word' id='word_1_53' title='bbox 1376 946 1430 1013; x_wconf 80' lang='grc'><strong>5)</strong></span> <span class='ocrx_word' id='word_1_54' title='bbox 1459 961 1556 1000; x_wconf 91' lang='lat' dir='ltr'><strong>cur</strong></span> <span class='ocrx_word' id='word_1_55' title='bbox 1585 955 1704 1013; x_wconf 82' lang='lat' dir='ltr'><strong>post</strong></span> <span class='ocrx_word' id='word_1_56' title='bbox 1756 946 2016 1000; x_wconf 82' lang='lat' dir='ltr'><strong>eximium</strong></span> 
     </span>
    </p>
   </div>
   <div class='ocr_carea' id='block_1_8' title="bbox 440 1032 2020 1101">
    <p class='ocr_par' dir='ltr' id='par_1_8' title="bbox 440 1032 2020 1101">
     <span class='ocr_line' id='line_1_8' title="bbox 440 1032 2020 1101; baseline 0.001 -17"><span class='ocrx_word' id='word_1_57' title='bbox 440 1032 589 1084; x_wconf 88' lang='lat' dir='ltr'><strong>illutn</strong></span> <span class='ocrx_word' id='word_1_58' title='bbox 639 1033 839 1095; x_wconf 86' lang='lat' dir='ltr'><strong>virum,</strong></span> <span class='ocrx_word' id='word_1_59' title='bbox 869 1049 1028 1101; x_wconf 88' lang='lat' dir='ltr'><strong>quem</strong></span> <span class='ocrx_word' id='word_1_60' title='bbox 1082 1035 1337 1088; x_wconf 85' lang='lat' dir='ltr'><strong>maximis</strong></span> <span class='ocrx_word' id='word_1_61' title='bbox 1384 1034 1639 1089; x_wconf 78' lang='lat' dir='ltr'><strong>laudibus</strong></span> <span class='ocrx_word' id='word_1_62' title='bbox 1689 1045 1936 1095; x_wconf 73' lang='lat' dir='ltr'><strong>exornat,</strong></span> <span class='ocrx_word' id='word_1_63' title='bbox 1966 1045 2020 1087; x_wconf 88' lang='lat' dir='ltr'><strong>et</strong></span> 
     </span>
    </p>
   </div>
   <div class='ocr_carea' id='block_1_9' title="bbox 436 1123 2017 1191">
    <p class='ocr_par' dir='ltr' id='par_1_9' title="bbox 436 1123 2017 1191">
     <span class='ocr_line' id='line_1_9' title="bbox 436 1123 2017 1191; baseline 0.003 -18"><span class='ocrx_word' id='word_1_64' title='bbox 436 1138 669 1191; x_wconf 87' lang='lat' dir='ltr'><strong>quocum</strong></span> <span class='ocrx_word' id='word_1_65' title='bbox 720 1123 1031 1178; x_wconf 85' lang='lat' dir='ltr'><strong>dortnitioni</strong></span> <span class='ocrx_word' id='word_1_66' title='bbox 1095 1124 1186 1177; x_wconf 85' lang='lat' dir='ltr'><strong>Dei</strong></span> <span class='ocrx_word' id='word_1_67' title='bbox 1239 1124 1531 1180; x_wconf 86' lang='lat' dir='ltr'><strong>Genitricis</strong></span> <span class='ocrx_word' id='word_1_68' title='bbox 1590 1140 1650 1181; x_wconf 90' lang='lat' dir='ltr'><strong>se</strong></span> <span class='ocrx_word' id='word_1_69' title='bbox 1701 1125 2017 1179; x_wconf 81' lang='lat' dir='ltr'><strong>interfuisse</strong></span> 
     </span>
    </p>
   </div>
   <div class='ocr_carea' id='block_1_10' title="bbox 436 1216 2013 1281">
    <p class='ocr_par' dir='ltr' id='par_1_10' title="bbox 436 1216 2013 1281">
     <span class='ocr_line' id='line_1_10' title="bbox 436 1216 2013 1281; baseline 0.002 -13"><span class='ocrx_word' id='word_1_70' title='bbox 436 1216 587 1281; x_wconf 83' lang='lat' dir='ltr'><strong>dicit,</strong></span> <span class='ocrx_word' id='word_1_71' title='bbox 615 1217 680 1270; x_wconf 89' lang='lat' dir='ltr'><strong>ad</strong></span> <span class='ocrx_word' id='word_1_72' title='bbox 703 1217 1096 1270; x_wconf 90' lang='lat' dir='ltr'><strong>conﬁciendam</strong></span> <span class='ocrx_word' id='word_1_73' title='bbox 1123 1217 1554 1274; x_wconf 87' lang='lat' dir='ltr'><strong>lucubrationem</strong></span> <span class='ocrx_word' id='word_1_74' title='bbox 1586 1235 1742 1274; x_wconf 90' lang='lat' dir='ltr'><strong>suam</strong></span> <span class='ocrx_word' id='word_1_75' title='bbox 1770 1218 2013 1272; x_wconf 88' lang='lat' dir='ltr'><strong>animum</strong></span> 
     </span>
    </p>
   </div>
   <div class='ocr_carea' id='block_1_11' title="bbox 436 1306 2010 1380">
    <p class='ocr_par' dir='ltr' id='par_1_11' title="bbox 436 1306 2010 1380">
     <span class='ocr_line' id='line_1_11' title="bbox 436 1306 2010 1380; baseline 0.004 -22"><span class='ocrx_word' id='word_1_76' title='bbox 436 1306 724 1377; x_wconf 88' lang='lat' dir='ltr'><strong>appulerit,</strong></span> <span class='ocrx_word' id='word_1_77' title='bbox 773 1306 965 1374; x_wconf 87' lang='lat' dir='ltr'><strong>paucis</strong></span> <span class='ocrx_word' id='word_1_78' title='bbox 1017 1308 1105 1361; x_wconf 85' lang='lat' dir='ltr'><strong>ille</strong></span> <span class='ocrx_word' id='word_1_79' title='bbox 1153 1309 1411 1363; x_wconf 82' lang='lat' dir='ltr'><strong>declarat.</strong></span> <span class='ocrx_word' id='word_1_80' title='bbox 1448 1310 1580 1363; x_wconf 87' lang='lat' dir='ltr'><strong>Post</strong></span> <span class='ocrx_word' id='word_1_81' title='bbox 1625 1311 1738 1364; x_wconf 60' lang='lat' dir='ltr'><strong>haec</strong></span> <span class='ocrx_word' id='word_1_82' title='bbox 1770 1309 1913 1380; x_wconf 93' lang='lat' dir='ltr'><strong>(cap.</strong></span> <span class='ocrx_word' id='word_1_83' title='bbox 1953 1313 2010 1378; x_wconf 62' lang='lat' dir='ltr'><strong>Is)</strong></span> 
     </span>
    </p>
   </div>
   <div class='ocr_carea' id='block_1_12' title="bbox 435 1396 2013 1468">
    <p class='ocr_par' dir='ltr' id='par_1_12' title="bbox 435 1396 2013 1468">
     <span class='ocr_line' id='line_1_12' title="bbox 435 1396 2013 1468; baseline 0.001 -17"><span class='ocrx_word' id='word_1_84' title='bbox 435 1397 648 1468; x_wconf 86' lang='lat' dir='ltr'><strong>singula</strong></span> <span class='ocrx_word' id='word_1_85' title='bbox 682 1397 773 1450; x_wconf 88' lang='lat' dir='ltr'><strong>Dei</strong></span> <span class='ocrx_word' id='word_1_86' title='bbox 807 1396 1024 1451; x_wconf 90' lang='lat' dir='ltr'><strong>nomina</strong></span> <span class='ocrx_word' id='word_1_87' title='bbox 1059 1396 1335 1460; x_wconf 88' lang='lat' dir='ltr'><strong>edisserit,</strong></span> <span class='ocrx_word' id='word_1_88' title='bbox 1366 1408 1527 1466; x_wconf 87' lang='lat' dir='ltr'><strong>atque</strong></span> <span class='ocrx_word' id='word_1_89' title='bbox 1557 1417 1585 1452; x_wconf 90' lang='lat' dir='ltr'><strong>a</strong></span> <span class='ocrx_word' id='word_1_90' title='bbox 1617 1400 1744 1454; x_wconf 88' lang='lat' dir='ltr'><strong>boni</strong></span> <span class='ocrx_word' id='word_1_91' title='bbox 1773 1411 1827 1455; x_wconf 92' lang='lat' dir='ltr'><strong>et</strong></span> <span class='ocrx_word' id='word_1_92' title='bbox 1863 1402 2013 1454; x_wconf 88' lang='lat' dir='ltr'><strong>honi-</strong></span> 
     </span>
    </p>
   </div>
   <div class='ocr_carea' id='block_1_13' title="bbox 438 1474 2007 1560">
    <p class='ocr_par' dir='ltr' id='par_1_13' title="bbox 438 1474 2007 1560">
     <span class='ocr_line' id='line_1_13' title="bbox 438 1474 2007 1560; baseline 0.001 -15"><span class='ocrx_word' id='word_1_93' title='bbox 438 1492 582 1557; x_wconf 89' lang='lat' dir='ltr'><strong>tatis,</strong></span> <span class='ocrx_word' id='word_1_94' title='bbox 615 1490 827 1560; x_wconf 86' lang='lat' dir='ltr'><strong>pulchri</strong></span> <span class='ocrx_word' id='word_1_95' title='bbox 853 1497 907 1544; x_wconf 87' lang='lat' dir='ltr'><strong>et</strong></span> <span class='ocrx_word' id='word_1_96' title='bbox 935 1474 1379 1559; x_wconf 88' lang='lat' dir='ltr'><strong>pulchritudinis,</strong></span> <span class='ocrx_word' id='word_1_97' title='bbox 1410 1492 1637 1555; x_wconf 87' lang='lat' dir='ltr'><strong>amoris,</strong></span> <span class='ocrx_word' id='word_1_98' title='bbox 1672 1493 2007 1556; x_wconf 90' lang='lat' dir='ltr'><strong>dilectionis,</strong></span> 
     </span>
    </p>
   </div>
   <div class='ocr_carea' id='block_1_14' title="bbox 435 1584 2009 1654">
    <p class='ocr_par' dir='ltr' id='par_1_14' title="bbox 435 1584 2009 1654">
     <span class='ocr_line' id='line_1_14' title="bbox 435 1584 2009 1654; baseline 0 -14"><span class='ocrx_word' id='word_1_99' title='bbox 435 1586 680 1640; x_wconf 81' lang='lat' dir='ltr'><strong>amabilis</strong></span> <span class='ocrx_word' id='word_1_100' title='bbox 705 1585 996 1654; x_wconf 89' lang='lat' dir='ltr'><strong>dilectique</strong></span> <span class='ocrx_word' id='word_1_101' title='bbox 1026 1585 1366 1654; x_wconf 77' lang='lat' dir='ltr'><strong>expositione</strong></span> <span class='ocrx_word' id='word_1_102' title='bbox 1390 1586 1624 1642; x_wconf 82' lang='lat' dir='ltr'><strong>orditur.</strong></span> <span class='ocrx_word' id='word_1_103' title='bbox 1652 1584 1792 1639; x_wconf 86' lang='lat' dir='ltr'><strong>Hinc</strong></span> <span class='ocrx_word' id='word_1_104' title='bbox 1831 1597 2009 1641; x_wconf 89' lang='lat' dir='ltr'><strong>autem</strong></span> 
     </span>
    </p>
   </div>
   <div class='ocr_carea' id='block_1_15' title="bbox 436 1664 2010 1747">
    <p class='ocr_par' dir='ltr' id='par_1_15' title="bbox 436 1664 2010 1747">
     <span class='ocr_line' id='line_1_15' title="bbox 436 1664 2010 1747; baseline 0.001 -16"><span class='ocrx_word' id='word_1_105' title='bbox 436 1686 653 1745; x_wconf 81' lang='lat' dir='ltr'><strong>arrepta</strong></span> <span class='ocrx_word' id='word_1_106' title='bbox 702 1676 1015 1741; x_wconf 82' lang='lat' dir='ltr'><strong>occasione,</strong></span> <span class='ocrx_word' id='word_1_107' title='bbox 1049 1677 1313 1745; x_wconf 88' lang='lat' dir='ltr'><strong>quasdam</strong></span> <span class='ocrx_word' id='word_1_108' title='bbox 1359 1678 1424 1729; x_wconf 88' lang='lat' dir='ltr'><strong>de</strong></span> <span class='ocrx_word' id='word_1_109' title='bbox 1477 1686 1667 1730; x_wconf 88' lang='lat' dir='ltr'><strong>natura</strong></span> <span class='ocrx_word' id='word_1_110' title='bbox 1719 1686 1773 1731; x_wconf 89' lang='lat' dir='ltr'><strong>et</strong></span> <span class='ocrx_word' id='word_1_111' title='bbox 1803 1664 2010 1747; x_wconf 75' lang='lat' dir='ltr'><strong>origine</strong></span> 
     </span>
    </p>
   </div>
   <div class='ocr_carea' id='block_1_16' title="bbox 436 1766 2006 1837">
    <p class='ocr_par' dir='ltr' id='par_1_16' title="bbox 436 1766 2006 1837">
     <span class='ocr_line' id='line_1_16' title="bbox 436 1766 2006 1837; baseline -0.002 -15"><span class='ocrx_word' id='word_1_112' title='bbox 436 1768 559 1822; x_wconf 87' lang='lat' dir='ltr'><strong>tnali</strong></span> <span class='ocrx_word' id='word_1_113' title='bbox 608 1768 933 1837; x_wconf 66' lang='lat' dir='ltr'><strong>quastiones</strong></span> <span class='ocrx_word' id='word_1_114' title='bbox 979 1766 1247 1830; x_wconf 86' lang='lat' dir='ltr'><strong>enucleat,</strong></span> <span class='ocrx_word' id='word_1_115' title='bbox 1288 1774 1341 1820; x_wconf 88' lang='lat' dir='ltr'><strong>et</strong></span> <span class='ocrx_word' id='word_1_116' title='bbox 1379 1767 1650 1835; x_wconf 90' lang='lat' dir='ltr'><strong>quomodo</strong></span> <span class='ocrx_word' id='word_1_117' title='bbox 1684 1766 1734 1819; x_wconf 91' lang='lat' dir='ltr'><strong>in</strong></span> <span class='ocrx_word' id='word_1_118' title='bbox 1784 1768 2006 1832; x_wconf 82' lang='lat' dir='ltr'><strong>angelos</strong></span> 
     </span>
    </p>
   </div>
   <div class='ocr_carea' id='block_1_17' title="bbox 2129 570 3686 658">
    <p class='ocr_par' dir='ltr' id='par_1_17' title="bbox 2129 570 3686 658">
     <span class='ocr_line' id='line_1_17' title="bbox 2129 570 3686 658; baseline 0.005 -25"><span class='ocrx_word' id='word_1_119' title='bbox 2129 583 2377 651; x_wconf 76' lang='lat' dir='ltr'><strong>Cognosci</strong></span> <span class='ocrx_word' id='word_1_120' title='bbox 2423 593 2627 649; x_wconf 52' lang='lat' dir='ltr'><strong>potest,</strong></span> <span class='ocrx_word' id='word_1_121' title='bbox 2674 586 2959 655; x_wconf 87' lang='lat' dir='ltr'><strong>mysticam</strong></span> <span class='ocrx_word' id='word_1_122' title='bbox 3009 570 3525 656; x_wconf 86' lang='lat' dir='ltr'><strong>contemplationem</strong></span> <span class='ocrx_word' id='word_1_123' title='bbox 3576 605 3686 658; x_wconf 82' lang='lat' dir='ltr'><strong>pcr-</strong></span> 
     </span>
    </p>
   </div>
   <div class='ocr_carea' id='block_1_18' title="bbox 2126 666 3685 740">
    <p class='ocr_par' dir='ltr' id='par_1_18' title="bbox 2126 666 3685 740">
     <span class='ocr_line' id='line_1_18' title="bbox 2126 666 3685 740; baseline 0.009 -22"><span class='ocrx_word' id='word_1_124' title='bbox 2126 666 2310 721; x_wconf 88' lang='lat' dir='ltr'><strong>veniat</strong></span> <span class='ocrx_word' id='word_1_125' title='bbox 2347 671 2488 739; x_wconf 89' lang='lat' dir='ltr'><strong>(cap.</strong></span> <span class='ocrx_word' id='word_1_126' title='bbox 2522 670 2603 739; x_wconf 77' lang='lat'><strong>‘2),</strong></span> <span class='ocrx_word' id='word_1_127' title='bbox 2643 686 2807 740; x_wconf 90' lang='lat' dir='ltr'><strong>super</strong></span> <span class='ocrx_word' id='word_1_128' title='bbox 2841 689 2926 728; x_wconf 88' lang='lat' dir='ltr'><strong>res</strong></span> <span class='ocrx_word' id='word_1_129' title='bbox 2956 690 3146 729; x_wconf 88' lang='lat' dir='ltr'><strong>onmes</strong></span> <span class='ocrx_word' id='word_1_130' title='bbox 3192 678 3483 732; x_wconf 86' lang='lat' dir='ltr'><strong>sensibilcs</strong></span> <span class='ocrx_word' id='word_1_131' title='bbox 3524 689 3581 732; x_wconf 90' lang='lat' dir='ltr'><strong>et</strong></span> <span class='ocrx_word' id='word_1_132' title='bbox 3617 682 3685 731; x_wconf 90' lang='lat' dir='ltr'><strong>in-</strong></span> 
     </span>
    </p>
   </div>
   <div class='ocr_carea' id='block_1_19' title="bbox 2126 762 3685 837">
    <p class='ocr_par' dir='ltr' id='par_1_19' title="bbox 2126 762 3685 837">
     <span class='ocr_line' id='line_1_19' title="bbox 2126 762 3685 837; baseline 0.008 -23"><span class='ocrx_word' id='word_1_133' title='bbox 2126 762 2457 818; x_wconf 88' lang='lat' dir='ltr'><strong>tellectuales</strong></span> <span class='ocrx_word' id='word_1_134' title='bbox 2494 780 2613 819; x_wconf 92' lang='lat' dir='ltr'><strong>esse</strong></span> <span class='ocrx_word' id='word_1_135' title='bbox 2655 768 3040 836; x_wconf 86' lang='lat' dir='ltr'><strong>assurgendum</strong></span> <span class='ocrx_word' id='word_1_136' title='bbox 3076 769 3217 837; x_wconf 90' lang='lat' dir='ltr'><strong>(cap.</strong></span> <span class='ocrx_word' id='word_1_137' title='bbox 3243 772 3320 837; x_wconf 77' lang='grc' dir='ltr'><strong>Ξ).</strong></span> <span class='ocrx_word' id='word_1_138' title='bbox 3354 772 3685 827; x_wconf 80' lang='lat' dir='ltr'><strong>Manifestum</strong></span> 
     </span>
    </p>
   </div>
   <div class='ocr_carea' id='block_1_20' title="bbox 2123 853 3684 933">
    <p class='ocr_par' dir='ltr' id='par_1_20' title="bbox 2123 853 3684 933">
     <span class='ocr_line' id='line_1_20' title="bbox 2123 853 3684 933; baseline 0.008 -29"><span class='ocrx_word' id='word_1_139' title='bbox 2123 853 2317 907; x_wconf 87' lang='lat' dir='ltr'><strong>deinde</strong></span> <span class='ocrx_word' id='word_1_140' title='bbox 2365 853 2495 907; x_wconf 82' lang='lat' dir='ltr'><strong>facit</strong></span> <span class='ocrx_word' id='word_1_141' title='bbox 2538 872 2658 923; x_wconf 63' lang='lat' dir='ltr'><strong>qtae</strong></span> <span class='ocrx_word' id='word_1_142' title='bbox 2715 867 2897 909; x_wconf 86' lang='lat' dir='ltr'><strong>essent</strong></span> <span class='ocrx_word' id='word_1_143' title='bbox 2927 858 3032 912; x_wconf 70' lang='lat' dir='ltr'><strong>illa:</strong></span> <span class='ocrx_word' id='word_1_144' title='bbox 3064 862 3403 930; x_wconf 86' lang='lat' dir='ltr'><strong>negationes,</strong></span> <span class='ocrx_word' id='word_1_145' title='bbox 3450 876 3546 918; x_wconf 88' lang='lat' dir='ltr'><strong>seu</strong></span> <span class='ocrx_word' id='word_1_146' title='bbox 3571 878 3684 933; x_wconf 81' lang='lat' dir='ltr'><strong>per-</strong></span> 
     </span>
    </p>
   </div>
   <div class='ocr_carea' id='block_1_21' title="bbox 2124 933 3683 1025">
    <p class='ocr_par' dir='ltr' id='par_1_21' title="bbox 2124 933 3683 1025">
     <span class='ocr_line' id='line_1_21' title="bbox 2124 933 3683 1025; baseline 0.008 -29"><span class='ocrx_word' id='word_1_147' title='bbox 2124 944 2390 999; x_wconf 72' lang='lat' dir='ltr'><strong>fectiones</strong></span> <span class='ocrx_word' id='word_1_148' title='bbox 2434 947 2525 1001; x_wconf 91' lang='lat' dir='ltr'><strong>Dei</strong></span> <span class='ocrx_word' id='word_1_149' title='bbox 2563 950 2847 1017; x_wconf 77' lang='lat' dir='ltr'><strong>negativae,</strong></span> <span class='ocrx_word' id='word_1_150' title='bbox 2892 965 3094 1019; x_wconf 90' lang='lat' dir='ltr'><strong>easque</strong></span> <span class='ocrx_word' id='word_1_151' title='bbox 3130 968 3305 1006; x_wconf 90' lang='lat' dir='ltr'><strong>rerum</strong></span> <span class='ocrx_word' id='word_1_152' title='bbox 3339 969 3460 1008; x_wconf 91' lang='lat' dir='ltr'><strong>cum</strong></span> <span class='ocrx_word' id='word_1_153' title='bbox 3488 933 3683 1025; x_wconf 57' lang='lat' dir='ltr'><strong>corpu.</strong></span> 
     </span>
    </p>
   </div>
   <div class='ocr_carea' id='block_1_22' title="bbox 2121 1040 3684 1111">
    <p class='ocr_par' dir='ltr' id='par_1_22' title="bbox 2121 1040 3684 1111">
     <span class='ocr_line' id='line_1_22' title="bbox 2121 1040 3684 1111; baseline 0.009 -22"><span class='ocrx_word' id='word_1_154' title='bbox 2121 1052 2337 1091; x_wconf 84' lang='lat' dir='ltr'><strong>rearurn</strong></span> <span class='ocrx_word' id='word_1_155' title='bbox 2385 1047 2439 1092; x_wconf 93' lang='lat' dir='ltr'><strong>et</strong></span> <span class='ocrx_word' id='word_1_156' title='bbox 2479 1040 2840 1104; x_wconf 81' lang='lat' dir='ltr'><strong>sensibilium,</strong></span> <span class='ocrx_word' id='word_1_157' title='bbox 2892 1053 3003 1095; x_wconf 90' lang='lat' dir='ltr'><strong>tum</strong></span> <span class='ocrx_word' id='word_1_158' title='bbox 3051 1045 3414 1111; x_wconf 84' lang='lat' dir='ltr'><strong>spiritualium</strong></span> <span class='ocrx_word' id='word_1_159' title='bbox 3442 1056 3496 1101; x_wconf 91' lang='lat' dir='ltr'><strong>et</strong></span> <span class='ocrx_word' id='word_1_160' title='bbox 3527 1049 3684 1103; x_wconf 84' lang='lat' dir='ltr'><strong>intel-</strong></span> 
     </span>
    </p>
   </div>
   <div class='ocr_carea' id='block_1_23' title="bbox 2120 1127 3684 1207">
    <p class='ocr_par' dir='ltr' id='par_1_23' title="bbox 2120 1127 3684 1207">
     <span class='ocr_line' id='line_1_23' title="bbox 2120 1127 3684 1207; baseline 0.008 -27"><span class='ocrx_word' id='word_1_161' title='bbox 2120 1127 2428 1183; x_wconf 88' lang='lat' dir='ltr'><strong>lectualium</strong></span> <span class='ocrx_word' id='word_1_162' title='bbox 2474 1129 2620 1200; x_wconf 88' lang='lat' dir='ltr'><strong>(cap.</strong></span> <span class='ocrx_word' id='word_1_163' title='bbox 2666 1132 2745 1202; x_wconf 81' lang='grc'><strong>4),</strong></span> <span class='ocrx_word' id='word_1_164' title='bbox 2788 1148 2906 1201; x_wconf 86' lang='lat' dir='ltr'><strong>quae</strong></span> <span class='ocrx_word' id='word_1_165' title='bbox 2963 1135 3014 1188; x_wconf 92' lang='lat' dir='ltr'><strong>in</strong></span> <span class='ocrx_word' id='word_1_166' title='bbox 3069 1135 3177 1189; x_wconf 91' lang='lat' dir='ltr'><strong>Deo</strong></span> <span class='ocrx_word' id='word_1_167' title='bbox 3228 1152 3349 1192; x_wconf 91' lang='lat' dir='ltr'><strong>esse</strong></span> <span class='ocrx_word' id='word_1_168' title='bbox 3392 1150 3684 1207; x_wconf 85' lang='lat' dir='ltr'><strong>nequeunt,</strong></span> 
     </span>
    </p>
   </div>
   <div class='ocr_carea' id='block_1_24' title="bbox 2119 1219 3260 1297">
    <p class='ocr_par' dir='ltr' id='par_1_24' title="bbox 2119 1219 3260 1297">
     <span class='ocr_line' id='line_1_24' title="bbox 2119 1219 3260 1297; baseline 0.008 -24"><span class='ocrx_word' id='word_1_169' title='bbox 2119 1219 2260 1273; x_wconf 91' lang='lat' dir='ltr'><strong>nuda</strong></span> <span class='ocrx_word' id='word_1_170' title='bbox 2287 1230 2343 1273; x_wconf 83' lang='lat' dir='ltr'><strong>et</strong></span> <span class='ocrx_word' id='word_1_171' title='bbox 2370 1222 2603 1290; x_wconf 89' lang='lat' dir='ltr'><strong>simplici</strong></span> <span class='ocrx_word' id='word_1_172' title='bbox 2633 1226 2983 1279; x_wconf 87' lang='lat' dir='ltr'><strong>enarratione</strong></span> <span class='ocrx_word' id='word_1_173' title='bbox 3003 1228 3260 1297; x_wconf 80' lang='lat' dir='ltr'><strong>explicat.</strong></span> 
     </span>
    </p>
   </div>
   <div class='ocr_carea' id='block_1_25' title="bbox 2186 1299 3683 1392">
    <p class='ocr_par' dir='ltr' id='par_1_25' title="bbox 2186 1299 3683 1392">
     <span class='ocr_line' id='line_1_25' title="bbox 2186 1299 3683 1392; baseline 0.011 -32"><span class='ocrx_word' id='word_1_174' title='bbox 2186 1307 2218 1379; x_wconf 60' lang='grc' dir='ltr'>ᾗ</span> <span class='ocrx_word' id='word_1_175' title='bbox 2251 1308 2311 1362; x_wconf 85' lang='lat' dir='ltr'><strong>V.</strong></span> <span class='ocrx_word' id='word_1_176' title='bbox 2339 1309 2611 1376; x_wconf 78' lang='lat' dir='ltr'><strong>Epistoltr.</strong></span> <span class='ocrx_word' id='word_1_177' title='bbox 2635 1341 2703 1353; x_wconf 89' lang='lat'><strong>-—-</strong></span> <span class='ocrx_word' id='word_1_178' title='bbox 2727 1314 2919 1369; x_wconf 90' lang='lat' dir='ltr'><strong>Decem</strong></span> <span class='ocrx_word' id='word_1_179' title='bbox 2944 1332 3159 1385; x_wconf 91' lang='lat' dir='ltr'><strong>quoque</strong></span> <span class='ocrx_word' id='word_1_180' title='bbox 3184 1299 3428 1386; x_wconf 61' lang='lat' dir='ltr'><strong>epistola:</strong></span> <span class='ocrx_word' id='word_1_181' title='bbox 3452 1319 3683 1392; x_wconf 80' lang='lat' dir='ltr'><strong>Dionysii</strong></span> 
     </span>
    </p>
   </div>
   <div class='ocr_carea' id='block_1_26' title="bbox 2114 1397 3685 1474">
    <p class='ocr_par' dir='ltr' id='par_1_26' title="bbox 2114 1397 3685 1474">
     <span class='ocr_line' id='line_1_26' title="bbox 2114 1397 3685 1474; baseline 0.01 -23"><span class='ocrx_word' id='word_1_182' title='bbox 2114 1397 2454 1468; x_wconf 68' lang='lat' dir='ltr'><strong>Areopagitae</strong></span> <span class='ocrx_word' id='word_1_183' title='bbox 2471 1414 2663 1456; x_wconf 88' lang='lat' dir='ltr'><strong>nomen</strong></span> <span class='ocrx_word' id='word_1_184' title='bbox 2693 1404 3061 1471; x_wconf 72' lang='lat' dir='ltr'><strong>praeferentes,</strong></span> <span class='ocrx_word' id='word_1_185' title='bbox 3088 1407 3171 1461; x_wconf 87' lang='lat' dir='ltr'><strong>his</strong></span> <span class='ocrx_word' id='word_1_186' title='bbox 3193 1418 3426 1474; x_wconf 79' lang='lat' dir='ltr'><strong>quatuor</strong></span> <span class='ocrx_word' id='word_1_187' title='bbox 3449 1416 3685 1467; x_wconf 81' lang='lat' dir='ltr'><strong>auctoris</strong></span> 
     </span>
    </p>
   </div>
   <div class='ocr_carea' id='block_1_27' title="bbox 2117 1492 3681 1571">
    <p class='ocr_par' dir='ltr' id='par_1_27' title="bbox 2117 1492 3681 1571">
     <span class='ocr_line' id='line_1_27' title="bbox 2117 1492 3681 1571; baseline 0.01 -30"><span class='ocrx_word' id='word_1_188' title='bbox 2117 1494 2290 1543; x_wconf 89' lang='lat' dir='ltr'><strong>nostri</strong></span> <span class='ocrx_word' id='word_1_189' title='bbox 2319 1492 2468 1545; x_wconf 86' lang='lat' dir='ltr'><strong>libris</strong></span> <span class='ocrx_word' id='word_1_190' title='bbox 2497 1494 2913 1549; x_wconf 87' lang='lat' dir='ltr'><strong>subnectuutur.</strong></span> <span class='ocrx_word' id='word_1_191' title='bbox 2958 1495 3162 1552; x_wconf 89' lang='lat' dir='ltr'><strong>llarum</strong></span> <span class='ocrx_word' id='word_1_192' title='bbox 3189 1510 3424 1568; x_wconf 88' lang='lat' dir='ltr'><strong>quatuor</strong></span> <span class='ocrx_word' id='word_1_193' title='bbox 3446 1504 3681 1571; x_wconf 82' lang='lat' dir='ltr'><strong>priores,</strong></span> 
     </span>
    </p>
   </div>
   <div class='ocr_carea' id='block_1_28' title="bbox 2114 1581 3686 1662">
    <p class='ocr_par' dir='ltr' id='par_1_28' title="bbox 2114 1581 3686 1662">
     <span class='ocr_line' id='line_1_28' title="bbox 2114 1581 3686 1662; baseline 0.008 -27"><span class='ocrx_word' id='word_1_194' title='bbox 2114 1584 2182 1657; x_wconf 78' lang='lat' dir='ltr'><strong>ad</strong></span> <span class='ocrx_word' id='word_1_195' title='bbox 2208 1581 2397 1637; x_wconf 84' lang='lat' dir='ltr'><strong>Caium</strong></span> <span class='ocrx_word' id='word_1_196' title='bbox 2422 1587 2788 1654; x_wconf 78' lang='grc' dir='ltr'><strong>θεραπεύτην</strong></span> <span class='ocrx_word' id='word_1_197' title='bbox 2802 1587 2957 1652; x_wconf 67' lang='lat' dir='ltr'><strong>datae,</strong></span> <span class='ocrx_word' id='word_1_198' title='bbox 2984 1589 3317 1645; x_wconf 73' lang='lat' dir='ltr'><strong>brevissima:</strong></span> <span class='ocrx_word' id='word_1_199' title='bbox 3337 1603 3481 1658; x_wconf 90' lang='lat' dir='ltr'><strong>sunt,</strong></span> <span class='ocrx_word' id='word_1_200' title='bbox 3505 1609 3686 1662; x_wconf 67' lang='lat' dir='ltr'><strong>eaeque</strong></span> 
     </span>
    </p>
   </div>
   <div class='ocr_carea' id='block_1_29' title="bbox 2113 1672 3683 1748">
    <p class='ocr_par' dir='ltr' id='par_1_29' title="bbox 2113 1672 3683 1748">
     <span class='ocr_line' id='line_1_29' title="bbox 2113 1672 3683 1748; baseline 0.01 -25"><span class='ocrx_word' id='word_1_201' title='bbox 2113 1672 2462 1741; x_wconf 81' lang='lat' dir='ltr'><strong>epistularum</strong></span> <span class='ocrx_word' id='word_1_202' title='bbox 2502 1676 2681 1742; x_wconf 88' lang='lat' dir='ltr'><strong>potius</strong></span> <span class='ocrx_word' id='word_1_203' title='bbox 2711 1675 3039 1745; x_wconf 86' lang='lat' dir='ltr'><strong>fragmenta,</strong></span> <span class='ocrx_word' id='word_1_204' title='bbox 3074 1692 3235 1747; x_wconf 87' lang='lat' dir='ltr'><strong>quam</strong></span> <span class='ocrx_word' id='word_1_205' title='bbox 3269 1680 3512 1748; x_wconf 67' lang='lat' dir='ltr'><strong>epistolae</strong></span> <span class='ocrx_word' id='word_1_206' title='bbox 3547 1684 3683 1737; x_wconf 82' lang='lat' dir='ltr'><strong>inte-</strong></span> 
     </span>
    </p>
   </div>
   <div class='ocr_carea' id='block_1_30' title="bbox 2114 1764 3683 1837">
    <p class='ocr_par' dir='ltr' id='par_1_30' title="bbox 2114 1764 3683 1837">
     <span class='ocr_line' id='line_1_30' title="bbox 2114 1764 3683 1837; baseline 0.01 -25"><span class='ocrx_word' id='word_1_207' title='bbox 2114 1778 2224 1832; x_wconf 73' lang='lat' dir='ltr'><strong>grte</strong></span> <span class='ocrx_word' id='word_1_208' title='bbox 2265 1764 2535 1819; x_wconf 86' lang='lat' dir='ltr'><strong>videntur.</strong></span> <span class='ocrx_word' id='word_1_209' title='bbox 2570 1765 2625 1819; x_wconf 92' lang='lat' dir='ltr'><strong>lu</strong></span> <span class='ocrx_word' id='word_1_210' title='bbox 2656 1782 2842 1821; x_wconf 90' lang='lat' dir='ltr'><strong>earum</strong></span> <span class='ocrx_word' id='word_1_211' title='bbox 2885 1768 3054 1837; x_wconf 85' lang='lat' dir='ltr'><strong>prima</strong></span> <span class='ocrx_word' id='word_1_212' title='bbox 3097 1770 3561 1837; x_wconf 74' lang='lat' dir='ltr'><strong>perfectissimam</strong></span> <span class='ocrx_word' id='word_1_213' title='bbox 3598 1774 3683 1828; x_wconf 84' lang='lat' dir='ltr'><strong>Dei</strong></span> 
     </span>
    </p>
   </div>
   <div class='ocr_carea' id='block_1_31' title="bbox 432 1834 3686 1930">
    <p class='ocr_par' dir='ltr' id='par_1_31' title="bbox 432 1834 3686 1930">
     <span class='ocr_line' id='line_1_31' title="bbox 432 1834 3686 1930; baseline 0.002 -18"><span class='ocrx_word' id='word_1_214' title='bbox 432 1834 639 1912; x_wconf 78' lang='lat' dir='ltr'><strong>cadere</strong></span> <span class='ocrx_word' id='word_1_215' title='bbox 688 1858 944 1927; x_wconf 87' lang='lat' dir='ltr'><strong>potuerit,</strong></span> <span class='ocrx_word' id='word_1_216' title='bbox 1019 1857 1319 1911; x_wconf 89' lang='lat' dir='ltr'><strong>luculenter</strong></span> <span class='ocrx_word' id='word_1_217' title='bbox 1395 1834 1590 1926; x_wconf 83' lang='lat' dir='ltr'><strong>aperit.</strong></span> <span class='ocrx_word' id='word_1_218' title='bbox 1650 1856 2006 1925; x_wconf 86' lang='lat' dir='ltr'><strong>Prosequitur</strong></span> <span class='ocrx_word' id='word_1_219' title='bbox 2036 1834 2079 1889; x_wconf 71' lang='grc'><strong>⁸</strong></span> <span class='ocrx_word' id='word_1_220' title='bbox 2115 1856 2505 1923; x_wconf 83' lang='lat' dir='ltr'><strong>cognitionem,</strong></span> <span class='ocrx_word' id='word_1_221' title='bbox 2533 1873 2651 1924; x_wconf 79' lang='lat' dir='ltr'><strong>quae</strong></span> <span class='ocrx_word' id='word_1_222' title='bbox 2681 1874 2709 1911; x_wconf 91' lang='lat' dir='ltr'><strong>a</strong></span> <span class='ocrx_word' id='word_1_223' title='bbox 2745 1859 2900 1912; x_wconf 87' lang='lat' dir='ltr'><strong>nobis</strong></span> <span class='ocrx_word' id='word_1_224' title='bbox 2928 1861 3099 1929; x_wconf 85' lang='lat' dir='ltr'><strong>accipi</strong></span> <span class='ocrx_word' id='word_1_225' title='bbox 3128 1862 3315 1930; x_wconf 89' lang='lat' dir='ltr'><strong>possit,</strong></span> <span class='ocrx_word' id='word_1_226' title='bbox 3344 1879 3465 1918; x_wconf 84' lang='lat' dir='ltr'><strong>eam</strong></span> <span class='ocrx_word' id='word_1_227' title='bbox 3493 1878 3686 1920; x_wconf 84' lang='lat' dir='ltr'><strong>auctor</strong></span> 
     </span>
    </p>
   </div>
   <div class='ocr_carea' id='block_1_32' title="bbox 431 1948 2009 2020">
    <p class='ocr_par' dir='ltr' id='par_1_32' title="bbox 431 1948 2009 2020">
     <span class='ocr_line' id='line_1_32' title="bbox 431 1948 2009 2020; baseline -0.001 -17"><span class='ocrx_word' id='word_1_228' title='bbox 431 1951 623 2004; x_wconf 89' lang='lat' dir='ltr'><strong>deinde</strong></span> <span class='ocrx_word' id='word_1_229' title='bbox 654 1952 795 2019; x_wconf 83' lang='lat' dir='ltr'><strong>(cap.</strong></span> <span class='ocrx_word' id='word_1_230' title='bbox 831 1948 885 2020; x_wconf 84' lang='lat'><strong>5)</strong></span> <span class='ocrx_word' id='word_1_231' title='bbox 921 1948 1227 2002; x_wconf 84' lang='lat' dir='ltr'><strong>inchoatam</strong></span> <span class='ocrx_word' id='word_1_232' title='bbox 1276 1950 1554 2002; x_wconf 88' lang='lat' dir='ltr'><strong>nominum</strong></span> <span class='ocrx_word' id='word_1_233' title='bbox 1605 1948 1696 2003; x_wconf 90' lang='lat' dir='ltr'><strong>Dei</strong></span> <span class='ocrx_word' id='word_1_234' title='bbox 1749 1950 2009 2017; x_wconf 80' lang='lat' dir='ltr'><strong>explana-</strong></span> 
     </span>
    </p>
   </div>
   <div class='ocr_carea' id='block_1_33' title="bbox 431 2040 2007 2110">
    <p class='ocr_par' dir='ltr' id='par_1_33' title="bbox 431 2040 2007 2110">
     <span class='ocr_line' id='line_1_33' title="bbox 431 2040 2007 2110; baseline 0.001 -16"><span class='ocrx_word' id='word_1_235' title='bbox 431 2042 653 2107; x_wconf 86' lang='lat' dir='ltr'><strong>tionem,</strong></span> <span class='ocrx_word' id='word_1_236' title='bbox 683 2052 737 2096; x_wconf 91' lang='lat' dir='ltr'><strong>et</strong></span> <span class='ocrx_word' id='word_1_237' title='bbox 775 2056 969 2096; x_wconf 89' lang='lat' dir='ltr'><strong>nomen</strong></span> <span class='ocrx_word' id='word_1_238' title='bbox 1013 2041 1178 2105; x_wconf 90' lang='lat' dir='ltr'><strong>eutis,</strong></span> <span class='ocrx_word' id='word_1_239' title='bbox 1215 2042 1359 2110; x_wconf 89' lang='lat' dir='ltr'><strong>quod</strong></span> <span class='ocrx_word' id='word_1_240' title='bbox 1398 2042 1503 2095; x_wconf 93' lang='lat' dir='ltr'><strong>Deo</strong></span> <span class='ocrx_word' id='word_1_241' title='bbox 1540 2042 1609 2094; x_wconf 91' lang='lat' dir='ltr'><strong>ita</strong></span> <span class='ocrx_word' id='word_1_242' title='bbox 1643 2040 1916 2105; x_wconf 82' lang='lat' dir='ltr'><strong>tribuitur,</strong></span> <span class='ocrx_word' id='word_1_243' title='bbox 1947 2052 2007 2096; x_wconf 91' lang='lat' dir='ltr'><strong>ut</strong></span> 
     </span>
    </p>
   </div>
   <div class='ocr_carea' id='block_1_34' title="bbox 427 2133 2003 2202">
    <p class='ocr_par' dir='ltr' id='par_1_34' title="bbox 427 2133 2003 2202">
     <span class='ocr_line' id='line_1_34' title="bbox 427 2133 2003 2202; baseline 0 -15"><span class='ocrx_word' id='word_1_244' title='bbox 427 2142 742 2187; x_wconf 68' lang='lat' dir='ltr'><strong>cretei-orum</strong></span> <span class='ocrx_word' id='word_1_245' title='bbox 776 2133 1015 2198; x_wconf 75' lang='lat' dir='ltr'><strong>omnium</strong></span> <span class='ocrx_word' id='word_1_246' title='bbox 1045 2133 1223 2202; x_wconf 87' lang='lat' dir='ltr'><strong>ipsum</strong></span> <span class='ocrx_word' id='word_1_247' title='bbox 1256 2133 1329 2187; x_wconf 89' lang='lat' dir='ltr'><strong>sit</strong></span> <span class='ocrx_word' id='word_1_248' title='bbox 1360 2133 1688 2201; x_wconf 90' lang='lat' dir='ltr'><strong>principium</strong></span> <span class='ocrx_word' id='word_1_249' title='bbox 1721 2142 1773 2189; x_wconf 92' lang='lat' dir='ltr'><strong>et</strong></span> <span class='ocrx_word' id='word_1_250' title='bbox 1818 2148 2003 2198; x_wconf 85' lang='lat' dir='ltr'><strong>causa,</strong></span> 
     </span>
    </p>
   </div>
   <div class='ocr_carea' id='block_1_35' title="bbox 426 2223 2004 2297">
    <p class='ocr_par' dir='ltr' id='par_1_35' title="bbox 426 2223 2004 2297">
     <span class='ocr_line' id='line_1_35' title="bbox 426 2223 2004 2297; baseline 0.002 -19"><span class='ocrx_word' id='word_1_251' title='bbox 426 2226 492 2279; x_wconf 86' lang='lat' dir='ltr'><strong>ad</strong></span> <span class='ocrx_word' id='word_1_252' title='bbox 530 2239 651 2279; x_wconf 90' lang='lat' dir='ltr'><strong>eum</strong></span> <span class='ocrx_word' id='word_1_253' title='bbox 708 2234 906 2279; x_wconf 89' lang='lat' dir='ltr'><strong>tractat</strong></span> <span class='ocrx_word' id='word_1_254' title='bbox 936 2225 1153 2280; x_wconf 86' lang='lat' dir='ltr'><strong>modum</strong></span> <span class='ocrx_word' id='word_1_255' title='bbox 1207 2226 1349 2297; x_wconf 87' lang='lat' dir='ltr'><strong>(cap.</strong></span> <span class='ocrx_word' id='word_1_256' title='bbox 1401 2223 1476 2294; x_wconf 83' lang='lat'><strong>6),</strong></span> <span class='ocrx_word' id='word_1_257' title='bbox 1512 2236 1589 2292; x_wconf 90' lang='lat' dir='ltr'><strong>ut,</strong></span> <span class='ocrx_word' id='word_1_258' title='bbox 1644 2228 1917 2295; x_wconf 83' lang='lat' dir='ltr'><strong>quomodo</strong></span> <span class='ocrx_word' id='word_1_259' title='bbox 1950 2229 2004 2281; x_wconf 90' lang='lat' dir='ltr'><strong>in</strong></span> 
     </span>
    </p>
   </div>
   <div class='ocr_carea' id='block_1_36' title="bbox 424 2314 2001 2385">
    <p class='ocr_par' dir='ltr' id='par_1_36' title="bbox 424 2314 2001 2385">
     <span class='ocr_line' id='line_1_36' title="bbox 424 2314 2001 2385; baseline 0.003 -18"><span class='ocrx_word' id='word_1_260' title='bbox 424 2314 532 2367; x_wconf 89' lang='lat' dir='ltr'><strong>Deo</strong></span> <span class='ocrx_word' id='word_1_261' title='bbox 589 2331 763 2367; x_wconf 84' lang='lat' dir='ltr'><strong>rerum</strong></span> <span class='ocrx_word' id='word_1_262' title='bbox 810 2314 1042 2369; x_wconf 85' lang='lat' dir='ltr'><strong>omnium</strong></span> <span class='ocrx_word' id='word_1_263' title='bbox 1071 2315 1391 2383; x_wconf 77' lang='lat' dir='ltr'><strong>exemplaria</strong></span> <span class='ocrx_word' id='word_1_264' title='bbox 1416 2319 1828 2385; x_wconf 74' lang='lat' dir='ltr'><strong>prmcxstiterint</strong></span> <span class='ocrx_word' id='word_1_265' title='bbox 1858 2356 1874 2382; x_wconf 88' lang='lat'><strong>,</strong></span> <span class='ocrx_word' id='word_1_266' title='bbox 1930 2318 2001 2372; x_wconf 88' lang='lat' dir='ltr'><strong>ibi</strong></span> 
     </span>
    </p>
   </div>
   <div class='ocr_carea' id='block_1_37' title="bbox 424 2405 2004 2477">
    <p class='ocr_par' dir='ltr' id='par_1_37' title="bbox 424 2405 2004 2477">
     <span class='ocr_line' id='line_1_37' title="bbox 424 2405 2004 2477; baseline 0.006 -21"><span class='ocrx_word' id='word_1_267' title='bbox 424 2420 641 2476; x_wconf 65' lang='lat' dir='ltr'><strong>«iurique</strong></span> <span class='ocrx_word' id='word_1_268' title='bbox 710 2406 1024 2475; x_wconf 85' lang='lat' dir='ltr'><strong>patefaciat.</strong></span> <span class='ocrx_word' id='word_1_269' title='bbox 1112 2405 1357 2476; x_wconf 76' lang='lat' dir='ltr'><strong>Explicat</strong></span> <span class='ocrx_word' id='word_1_270' title='bbox 1412 2418 1673 2477; x_wconf 85' lang='lat' dir='ltr'><strong>praeterea</strong></span> <span class='ocrx_word' id='word_1_271' title='bbox 1734 2412 2004 2477; x_wconf 91' lang='lat' dir='ltr'><strong>quomodo</strong></span> 
     </span>
    </p>
   </div>
   <div class='ocr_carea' id='block_1_38' title="bbox 424 2497 1999 2571">
    <p class='ocr_par' dir='ltr' id='par_1_38' title="bbox 424 2497 1999 2571">
     <span class='ocr_line' id='line_1_38' title="bbox 424 2497 1999 2571; baseline 0.004 -21"><span class='ocrx_word' id='word_1_272' title='bbox 424 2497 565 2552; x_wconf 88' lang='lat' dir='ltr'><strong>Deus</strong></span> <span class='ocrx_word' id='word_1_273' title='bbox 592 2499 696 2551; x_wconf 86' lang='lat' dir='ltr'><strong>vita</strong></span> <span class='ocrx_word' id='word_1_274' title='bbox 723 2500 813 2561; x_wconf 90' lang='lat' dir='ltr'><strong>sit,</strong></span> <span class='ocrx_word' id='word_1_275' title='bbox 840 2514 870 2552; x_wconf 90' lang='lat' dir='ltr'><strong>a</strong></span> <span class='ocrx_word' id='word_1_276' title='bbox 894 2513 1003 2568; x_wconf 91' lang='lat' dir='ltr'><strong>quo</strong></span> <span class='ocrx_word' id='word_1_277' title='bbox 1025 2512 1177 2552; x_wconf 87' lang='lat' dir='ltr'><strong>suam</strong></span> <span class='ocrx_word' id='word_1_278' title='bbox 1203 2508 1397 2552; x_wconf 60' lang='lat' dir='ltr'><strong>cetera</strong></span> <span class='ocrx_word' id='word_1_279' title='bbox 1428 2500 1660 2554; x_wconf 79' lang='lat' dir='ltr'><strong>viventia</strong></span> <span class='ocrx_word' id='word_1_280' title='bbox 1684 2500 1956 2571; x_wconf 88' lang='lat' dir='ltr'><strong>accipiunt</strong></span> <span class='ocrx_word' id='word_1_281' title='bbox 1984 2519 1999 2556; x_wconf 90' lang='lat'><strong>:</strong></span> 
     </span>
    </p>
   </div>
   <div class='ocr_carea' id='block_1_39' title="bbox 423 2588 1998 2661">
    <p class='ocr_par' dir='ltr' id='par_1_39' title="bbox 423 2588 1998 2661">
     <span class='ocr_line' id='line_1_39' title="bbox 423 2588 1998 2661; baseline 0.005 -22"><span class='ocrx_word' id='word_1_282' title='bbox 423 2588 695 2656; x_wconf 82' lang='lat' dir='ltr'><strong>quomodo</strong></span> <span class='ocrx_word' id='word_1_283' title='bbox 749 2590 891 2660; x_wconf 92' lang='lat' dir='ltr'><strong>(cap.</strong></span> <span class='ocrx_word' id='word_1_284' title='bbox 928 2590 983 2659; x_wconf 86' lang='lat'><strong>7)</strong></span> <span class='ocrx_word' id='word_1_285' title='bbox 1036 2593 1102 2644; x_wconf 90' lang='lat' dir='ltr'><strong>sit</strong></span> <span class='ocrx_word' id='word_1_286' title='bbox 1139 2590 1403 2660; x_wconf 86' lang='lat' dir='ltr'><strong>sapientia</strong></span> <span class='ocrx_word' id='word_1_287' title='bbox 1429 2593 1566 2661; x_wconf 89' lang='lat' dir='ltr'><strong>ipsa,</strong></span> <span class='ocrx_word' id='word_1_288' title='bbox 1600 2592 1766 2645; x_wconf 88' lang='lat' dir='ltr'><strong>omnis</strong></span> <span class='ocrx_word' id='word_1_289' title='bbox 1792 2596 1998 2659; x_wconf 84' lang='lat' dir='ltr'><strong>mentis,</strong></span> 
     </span>
    </p>
   </div>
   <div class='ocr_carea' id='block_1_40' title="bbox 424 2682 2003 2753">
    <p class='ocr_par' dir='ltr' id='par_1_40' title="bbox 424 2682 2003 2753">
     <span class='ocr_line' id='line_1_40' title="bbox 424 2682 2003 2753; baseline 0.004 -21"><span class='ocrx_word' id='word_1_290' title='bbox 424 2682 669 2745; x_wconf 78' lang='lat' dir='ltr'><strong>rationis,</strong></span> <span class='ocrx_word' id='word_1_291' title='bbox 713 2682 1009 2749; x_wconf 76' lang='lat' dir='ltr'><strong>sapientitc,</strong></span> <span class='ocrx_word' id='word_1_292' title='bbox 1062 2683 1438 2752; x_wconf 74' lang='lat' dir='ltr'><strong>intelligentite</strong></span> <span class='ocrx_word' id='word_1_293' title='bbox 1478 2698 1680 2748; x_wconf 88' lang='lat' dir='ltr'><strong>causa;</strong></span> <span class='ocrx_word' id='word_1_294' title='bbox 1729 2687 2003 2753; x_wconf 86' lang='lat' dir='ltr'><strong>quomodo</strong></span> 
     </span>
    </p>
   </div>
   <div class='ocr_carea' id='block_1_41' title="bbox 433 2774 2002 2847">
    <p class='ocr_par' dir='ltr' id='par_1_41' title="bbox 433 2774 2002 2847">
     <span class='ocr_line' id='line_1_41' title="bbox 433 2774 2002 2847; baseline 0.001 -19"><span class='ocrx_word' id='word_1_295' title='bbox 433 2779 578 2844; x_wconf 74' lang='lat' dir='ltr'><strong>(cap.</strong></span> <span class='ocrx_word' id='word_1_296' title='bbox 619 2774 675 2843; x_wconf 91' lang='lat'><strong>8)</strong></span> <span class='ocrx_word' id='word_1_297' title='bbox 710 2775 894 2829; x_wconf 88' lang='lat' dir='ltr'><strong>omnia</strong></span> <span class='ocrx_word' id='word_1_298' title='bbox 934 2785 1248 2846; x_wconf 79' lang='lat' dir='ltr'><strong>cognoscat,</strong></span> <span class='ocrx_word' id='word_1_299' title='bbox 1318 2784 1372 2829; x_wconf 90' lang='lat' dir='ltr'><strong>et</strong></span> <span class='ocrx_word' id='word_1_300' title='bbox 1426 2791 1453 2828; x_wconf 87' lang='lat' dir='ltr'><strong>a</strong></span> <span class='ocrx_word' id='word_1_301' title='bbox 1490 2782 1758 2831; x_wconf 81' lang='lat' dir='ltr'><strong>creaturis</strong></span> <span class='ocrx_word' id='word_1_302' title='bbox 1799 2792 2002 2847; x_wconf 76' lang='lat' dir='ltr'><strong>cogno-</strong></span> 
     </span>
    </p>
   </div>
   <div class='ocr_carea' id='block_1_42' title="bbox 421 2865 2002 2938">
    <p class='ocr_par' dir='ltr' id='par_1_42' title="bbox 421 2865 2002 2938">
     <span class='ocr_line' id='line_1_42' title="bbox 421 2865 2002 2938; baseline 0.003 -17"><span class='ocrx_word' id='word_1_303' title='bbox 421 2874 652 2921; x_wconf 88' lang='lat' dir='ltr'><strong>scatur:</strong></span> <span class='ocrx_word' id='word_1_304' title='bbox 691 2866 961 2935; x_wconf 91' lang='lat' dir='ltr'><strong>quomodo</strong></span> <span class='ocrx_word' id='word_1_305' title='bbox 1012 2865 1272 2930; x_wconf 85' lang='lat' dir='ltr'><strong>Verbum,</strong></span> <span class='ocrx_word' id='word_1_306' title='bbox 1328 2867 1518 2935; x_wconf 73' lang='grc' dir='ltr'><strong>Λόγος,</strong></span> <span class='ocrx_word' id='word_1_307' title='bbox 1572 2869 1644 2922; x_wconf 91' lang='lat' dir='ltr'><strong>sit</strong></span> <span class='ocrx_word' id='word_1_308' title='bbox 1669 2869 1890 2938; x_wconf 90' lang='lat' dir='ltr'><strong>veritas,</strong></span> <span class='ocrx_word' id='word_1_309' title='bbox 1939 2885 2002 2925; x_wconf 90' lang='lat' dir='ltr'><strong>ac</strong></span> 
     </span>
    </p>
   </div>
   <div class='ocr_carea' id='block_1_43' title="bbox 421 2957 1998 3029">
    <p class='ocr_par' dir='ltr' id='par_1_43' title="bbox 421 2957 1998 3029">
     <span class='ocr_line' id='line_1_43' title="bbox 421 2957 1998 3029; baseline 0.005 -19"><span class='ocrx_word' id='word_1_310' title='bbox 421 2958 541 3012; x_wconf 91' lang='lat' dir='ltr'><strong>ﬁdei</strong></span> <span class='ocrx_word' id='word_1_311' title='bbox 580 2970 778 3012; x_wconf 82' lang='lat' dir='ltr'><strong>nostrae</strong></span> <span class='ocrx_word' id='word_1_312' title='bbox 819 2957 1237 3014; x_wconf 80' lang='lat' dir='ltr'><strong>fundamentum</strong></span> <span class='ocrx_word' id='word_1_313' title='bbox 1295 2979 1308 3014; x_wconf 90' lang='lat'><strong>:</strong></span> <span class='ocrx_word' id='word_1_314' title='bbox 1362 2963 1634 3029; x_wconf 82' lang='lat' dir='ltr'><strong>quomodo</strong></span> <span class='ocrx_word' id='word_1_315' title='bbox 1673 2978 1739 3017; x_wconf 84' lang='lat' dir='ltr'><strong>ex</strong></span> <span class='ocrx_word' id='word_1_316' title='bbox 1789 2964 1998 3018; x_wconf 80' lang='lat' dir='ltr'><strong>inﬁnita</strong></span> 
     </span>
    </p>
   </div>
   <div class='ocr_carea' id='block_1_44' title="bbox 415 3050 1993 3126">
    <p class='ocr_par' dir='ltr' id='par_1_44' title="bbox 415 3050 1993 3126">
     <span class='ocr_line' id='line_1_44' title="bbox 415 3050 1993 3126; baseline 0.003 -20"><span class='ocrx_word' id='word_1_317' title='bbox 415 3050 531 3118; x_wconf 77' lang='lat' dir='ltr'><strong>eius</strong></span> <span class='ocrx_word' id='word_1_318' title='bbox 558 3051 805 3122; x_wconf 69' lang='lat' dir='ltr'><strong>potentia</strong></span> <span class='ocrx_word' id='word_1_319' title='bbox 825 3050 942 3105; x_wconf 72' lang='lat' dir='ltr'><strong>alia:</strong></span> <span class='ocrx_word' id='word_1_320' title='bbox 965 3066 1155 3105; x_wconf 90' lang='lat' dir='ltr'><strong>omnes</strong></span> <span class='ocrx_word' id='word_1_321' title='bbox 1180 3053 1497 3106; x_wconf 88' lang='lat' dir='ltr'><strong>deriventur</strong></span> <span class='ocrx_word' id='word_1_322' title='bbox 1521 3071 1535 3118; x_wconf 92' lang='lat'><strong>;</strong></span> <span class='ocrx_word' id='word_1_323' title='bbox 1563 3063 1725 3122; x_wconf 91' lang='lat' dir='ltr'><strong>atque</strong></span> <span class='ocrx_word' id='word_1_324' title='bbox 1763 3055 1908 3126; x_wconf 84' lang='lat' dir='ltr'><strong>(cap.</strong></span> <span class='ocrx_word' id='word_1_325' title='bbox 1936 3057 1993 3125; x_wconf 86' lang='lat'><strong>9)</strong></span> 
     </span>
    </p>
   </div>
   <div class='ocr_carea' id='block_1_45' title="bbox 2111 1947 3685 2024">
    <p class='ocr_par' dir='ltr' id='par_1_45' title="bbox 2111 1947 3685 2024">
     <span class='ocr_line' id='line_1_45' title="bbox 2111 1947 3685 2024; baseline 0.006 -21"><span class='ocrx_word' id='word_1_326' title='bbox 2111 1962 2230 2003; x_wconf 87' lang='lat' dir='ltr'><strong>esse</strong></span> <span class='ocrx_word' id='word_1_327' title='bbox 2255 1947 2404 2010; x_wconf 87' lang='lat' dir='ltr'><strong>dicit,</strong></span> <span class='ocrx_word' id='word_1_328' title='bbox 2433 1965 2551 2018; x_wconf 70' lang='lat' dir='ltr'><strong>quae</strong></span> <span class='ocrx_word' id='word_1_329' title='bbox 2580 1964 2641 2003; x_wconf 76' lang='lat' dir='ltr'><strong>ex</strong></span> <span class='ocrx_word' id='word_1_330' title='bbox 2678 1951 2957 2005; x_wconf 88' lang='lat' dir='ltr'><strong>attributis</strong></span> <span class='ocrx_word' id='word_1_331' title='bbox 2992 1953 3107 2017; x_wconf 89' lang='lat' dir='ltr'><strong>ejus</strong></span> <span class='ocrx_word' id='word_1_332' title='bbox 3159 1954 3430 2024; x_wconf 74' lang='lat' dir='ltr'><strong>negativis</strong></span> <span class='ocrx_word' id='word_1_333' title='bbox 3466 1973 3563 2024; x_wconf 88' lang='lat' dir='ltr'><strong>per</strong></span> <span class='ocrx_word' id='word_1_334' title='bbox 3596 1975 3685 2011; x_wconf 76' lang='lat' dir='ltr'><strong>ex-</strong></span> 
     </span>
    </p>
   </div>
   <div class='ocr_carea' id='block_1_46' title="bbox 2109 2042 3684 2117">
    <p class='ocr_par' dir='ltr' id='par_1_46' title="bbox 2109 2042 3684 2117">
     <span class='ocr_line' id='line_1_46' title="bbox 2109 2042 3684 2117; baseline 0.004 -21"><span class='ocrx_word' id='word_1_335' title='bbox 2109 2057 2328 2104; x_wconf 81' lang='lat' dir='ltr'><strong>cessum,</strong></span> <span class='ocrx_word' id='word_1_336' title='bbox 2352 2051 2404 2096; x_wconf 92' lang='lat' dir='ltr'><strong>et</strong></span> <span class='ocrx_word' id='word_1_337' title='bbox 2442 2057 2547 2095; x_wconf 93' lang='lat' dir='ltr'><strong>non</strong></span> <span class='ocrx_word' id='word_1_338' title='bbox 2578 2042 2839 2112; x_wconf 82' lang='lat' dir='ltr'><strong>privative</strong></span> <span class='ocrx_word' id='word_1_339' title='bbox 2871 2043 3121 2099; x_wconf 88' lang='lat' dir='ltr'><strong>habetur.</strong></span> <span class='ocrx_word' id='word_1_340' title='bbox 3155 2043 3211 2098; x_wconf 86' lang='lat' dir='ltr'><strong>In</strong></span> <span class='ocrx_word' id='word_1_341' title='bbox 3238 2048 3476 2099; x_wconf 86' lang='lat' dir='ltr'><strong>secunda</strong></span> <span class='ocrx_word' id='word_1_342' title='bbox 3510 2062 3684 2117; x_wconf 78' lang='lat' dir='ltr'><strong>expo-</strong></span> 
     </span>
    </p>
   </div>
   <div class='ocr_carea' id='block_1_47' title="bbox 2110 2135 3685 2207">
    <p class='ocr_par' dir='ltr' id='par_1_47' title="bbox 2110 2135 3685 2207">
     <span class='ocr_line' id='line_1_47' title="bbox 2110 2135 3685 2207; baseline 0.003 -20"><span class='ocrx_word' id='word_1_343' title='bbox 2110 2135 2186 2187; x_wconf 79' lang='lat' dir='ltr'><strong>nit</strong></span> <span class='ocrx_word' id='word_1_344' title='bbox 2209 2135 2464 2204; x_wconf 83' lang='lat' dir='ltr'><strong>quomodo</strong></span> <span class='ocrx_word' id='word_1_345' title='bbox 2487 2137 2578 2203; x_wconf 85' lang='lat' dir='ltr'><strong>qui</strong></span> <span class='ocrx_word' id='word_1_346' title='bbox 2604 2146 2675 2188; x_wconf 85' lang='lat' dir='ltr'><strong>est</strong></span> <span class='ocrx_word' id='word_1_347' title='bbox 2698 2152 2852 2204; x_wconf 85' lang='lat' dir='ltr'><strong>super</strong></span> <span class='ocrx_word' id='word_1_348' title='bbox 2877 2139 3075 2200; x_wconf 84' lang='lat' dir='ltr'><strong>omnia,</strong></span> <span class='ocrx_word' id='word_1_349' title='bbox 3098 2138 3164 2189; x_wconf 86' lang='lat' dir='ltr'><strong>sit</strong></span> <span class='ocrx_word' id='word_1_350' title='bbox 3187 2154 3349 2204; x_wconf 85' lang='lat' dir='ltr'><strong>supra</strong></span> <span class='ocrx_word' id='word_1_351' title='bbox 3374 2139 3685 2207; x_wconf 69' lang='lat' dir='ltr'><strong>principium</strong></span> 
     </span>
    </p>
   </div>
   <div class='ocr_carea' id='block_1_48' title="bbox 2108 2226 3688 2297">
    <p class='ocr_par' dir='ltr' id='par_1_48' title="bbox 2108 2226 3688 2297">
     <span class='ocr_line' id='line_1_48' title="bbox 2108 2226 3688 2297; baseline 0.003 -19"><span class='ocrx_word' id='word_1_352' title='bbox 2108 2226 2393 2279; x_wconf 77' lang='lat' dir='ltr'><strong>divinitatis</strong></span> <span class='ocrx_word' id='word_1_353' title='bbox 2422 2238 2467 2279; x_wconf 89' lang='lat' dir='ltr'><strong>et</strong></span> <span class='ocrx_word' id='word_1_354' title='bbox 2495 2226 2758 2281; x_wconf 77' lang='lat' dir='ltr'><strong>bonitatis.</strong></span> <span class='ocrx_word' id='word_1_355' title='bbox 2792 2228 2845 2281; x_wconf 89' lang='lat' dir='ltr'><strong>In</strong></span> <span class='ocrx_word' id='word_1_356' title='bbox 2874 2229 3037 2282; x_wconf 89' lang='lat' dir='ltr'><strong>tertia</strong></span> <span class='ocrx_word' id='word_1_357' title='bbox 3065 2244 3194 2283; x_wconf 79' lang='lat' dir='ltr'><strong>vero</strong></span> <span class='ocrx_word' id='word_1_358' title='bbox 3216 2229 3362 2297; x_wconf 90' lang='lat' dir='ltr'><strong>quod</strong></span> <span class='ocrx_word' id='word_1_359' title='bbox 3391 2228 3688 2284; x_wconf 80' lang='lat' dir='ltr'><strong>Malachias</strong></span> 
     </span>
    </p>
   </div>
   <div class='ocr_carea' id='block_1_49' title="bbox 2111 2318 3689 2389">
    <p class='ocr_par' dir='ltr' id='par_1_49' title="bbox 2111 2318 3689 2389">
     <span class='ocr_line' id='line_1_49' title="bbox 2111 2318 3689 2389; baseline 0.004 -21"><span class='ocrx_word' id='word_1_360' title='bbox 2111 2318 2370 2386; x_wconf 85' lang='lat' dir='ltr'><strong>propheta</strong></span> <span class='ocrx_word' id='word_1_361' title='bbox 2444 2319 2511 2371; x_wconf 91' lang='lat' dir='ltr'><strong>de</strong></span> <span class='ocrx_word' id='word_1_362' title='bbox 2572 2318 2793 2373; x_wconf 76' lang='lat' dir='ltr'><strong>Christo</strong></span> <span class='ocrx_word' id='word_1_363' title='bbox 2862 2321 3317 2388; x_wconf 62' lang='lat' dir='ltr'><strong>praenuntiaverat</strong></span> <span class='ocrx_word' id='word_1_364' title='bbox 3383 2344 3393 2376; x_wconf 93' lang='lat'>:</span> <span class='ocrx_word' id='word_1_365' title='bbox 3465 2321 3689 2389; x_wconf 73' lang='lat' dir='ltr'><strong>Repente</strong></span> 
     </span>
    </p>
   </div>
   <div class='ocr_carea' id='block_1_50' title="bbox 2106 2409 3681 2483">
    <p class='ocr_par' dir='ltr' id='par_1_50' title="bbox 2106 2409 3681 2483">
     <span class='ocr_line' id='line_1_50' title="bbox 2106 2409 3681 2483; baseline 0.002 -20"><span class='ocrx_word' id='word_1_366' title='bbox 2106 2411 2266 2463; x_wconf 81' lang='lat' dir='ltr'><strong>veniet</strong></span> <span class='ocrx_word' id='word_1_367' title='bbox 2287 2411 2356 2462; x_wconf 88' lang='lat' dir='ltr'><strong>ad</strong></span> <span class='ocrx_word' id='word_1_368' title='bbox 2381 2409 2627 2479; x_wconf 83' lang='lat' dir='ltr'><strong>templum</strong></span> <span class='ocrx_word' id='word_1_369' title='bbox 2654 2420 2895 2465; x_wconf 87' lang='lat' dir='ltr'><strong>sanctum</strong></span> <span class='ocrx_word' id='word_1_370' title='bbox 2924 2428 3096 2475; x_wconf 86' lang='lat' dir='ltr'><strong>suum,</strong></span> <span class='ocrx_word' id='word_1_371' title='bbox 3123 2414 3225 2468; x_wconf 90' lang='lat' dir='ltr'><strong>hoc</strong></span> <span class='ocrx_word' id='word_1_372' title='bbox 3255 2414 3401 2468; x_wconf 83' lang='lat' dir='ltr'><strong>brevi</strong></span> <span class='ocrx_word' id='word_1_373' title='bbox 3426 2415 3681 2483; x_wconf 77' lang='lat' dir='ltr'><strong>explica-</strong></span> 
     </span>
    </p>
   </div>
   <div class='ocr_carea' id='block_1_51' title="bbox 2104 2502 3689 2572">
    <p class='ocr_par' dir='ltr' id='par_1_51' title="bbox 2104 2502 3689 2572">
     <span class='ocr_line' id='line_1_51' title="bbox 2104 2502 3689 2572; baseline 0.001 -17"><span class='ocrx_word' id='word_1_374' title='bbox 2104 2502 2252 2556; x_wconf 88' lang='lat' dir='ltr'><strong>tione</strong></span> <span class='ocrx_word' id='word_1_375' title='bbox 2306 2502 2713 2570; x_wconf 86' lang='lat' dir='ltr'><strong>interpretatur.</strong></span> <span class='ocrx_word' id='word_1_376' title='bbox 2760 2503 2981 2557; x_wconf 88' lang='lat' dir='ltr'><strong>Demum</strong></span> <span class='ocrx_word' id='word_1_377' title='bbox 3040 2504 3091 2556; x_wconf 93' lang='lat' dir='ltr'><strong>in</strong></span> <span class='ocrx_word' id='word_1_378' title='bbox 3148 2515 3339 2572; x_wconf 84' lang='lat' dir='ltr'><strong>quarta</strong></span> <span class='ocrx_word' id='word_1_379' title='bbox 3405 2505 3689 2560; x_wconf 86' lang='lat' dir='ltr'><strong>Christum</strong></span> 
     </span>
    </p>
   </div>
   <div class='ocr_carea' id='block_1_52' title="bbox 2108 2588 3687 2665">
    <p class='ocr_par' dir='ltr' id='par_1_52' title="bbox 2108 2588 3687 2665">
     <span class='ocr_line' id='line_1_52' title="bbox 2108 2588 3687 2665; baseline 0.006 -25"><span class='ocrx_word' id='word_1_380' title='bbox 2108 2588 2271 2642; x_wconf 84' lang='lat' dir='ltr'><strong>Deum</strong></span> <span class='ocrx_word' id='word_1_381' title='bbox 2300 2589 2466 2644; x_wconf 92' lang='lat' dir='ltr'><strong>fuisse</strong></span> <span class='ocrx_word' id='word_1_382' title='bbox 2494 2601 2548 2644; x_wconf 90' lang='lat' dir='ltr'><strong>et</strong></span> <span class='ocrx_word' id='word_1_383' title='bbox 2570 2592 2863 2656; x_wconf 87' lang='lat' dir='ltr'><strong>hominem,</strong></span> <span class='ocrx_word' id='word_1_384' title='bbox 2888 2601 2941 2646; x_wconf 92' lang='lat' dir='ltr'><strong>et</strong></span> <span class='ocrx_word' id='word_1_385' title='bbox 2963 2591 3282 2665; x_wconf 84' lang='grc' dir='ltr'><strong>θεανδρικήν</strong></span> <span class='ocrx_word' id='word_1_386' title='bbox 3309 2597 3687 2665; x_wconf 82' lang='lat' dir='ltr'><strong>operationem</strong></span> 
     </span>
    </p>
   </div>
   <div class='ocr_carea' id='block_1_53' title="bbox 2106 2680 2824 2737">
    <p class='ocr_par' dir='ltr' id='par_1_53' title="bbox 2106 2680 2824 2737">
     <span class='ocr_line' id='line_1_53' title="bbox 2106 2680 2824 2737; baseline 0.006 -5"><span class='ocrx_word' id='word_1_387' title='bbox 2106 2680 2426 2734; x_wconf 75' lang='lat' dir='ltr'><strong>exhibuisse</strong></span> <span class='ocrx_word' id='word_1_388' title='bbox 2468 2683 2824 2737; x_wconf 87' lang='lat' dir='ltr'><strong>demonstrat.</strong></span> 
     </span>
    </p>
   </div>
   <div class='ocr_carea' id='block_1_54' title="bbox 2175 2771 3691 2846">
    <p class='ocr_par' dir='ltr' id='par_1_54' title="bbox 2175 2771 3691 2846">
     <span class='ocr_line' id='line_1_54' title="bbox 2175 2771 3691 2846; baseline 0.005 -21"><span class='ocrx_word' id='word_1_389' title='bbox 2175 2771 2369 2839; x_wconf 84' lang='lat' dir='ltr'><strong>Quinta</strong></span> <span class='ocrx_word' id='word_1_390' title='bbox 2400 2774 2628 2842; x_wconf 88' lang='lat' dir='ltr'><strong>epistola</strong></span> <span class='ocrx_word' id='word_1_391' title='bbox 2662 2773 2850 2828; x_wconf 88' lang='lat' dir='ltr'><strong>eodem</strong></span> <span class='ocrx_word' id='word_1_392' title='bbox 2878 2788 2939 2827; x_wconf 93' lang='lat' dir='ltr'><strong>ac</strong></span> <span class='ocrx_word' id='word_1_393' title='bbox 2971 2776 3340 2845; x_wconf 71' lang='lat' dir='ltr'><strong>praecedentes</strong></span> <span class='ocrx_word' id='word_1_394' title='bbox 3375 2778 3518 2846; x_wconf 89' lang='lat' dir='ltr'><strong>ston</strong></span> <span class='ocrx_word' id='word_1_395' title='bbox 3556 2794 3691 2833; x_wconf 70' lang='lat' dir='ltr'><strong>exa-</strong></span> 
     </span>
    </p>
   </div>
   <div class='ocr_carea' id='block_1_55' title="bbox 2107 2866 3689 2938">
    <p class='ocr_par' dir='ltr' id='par_1_55' title="bbox 2107 2866 3689 2938">
     <span class='ocr_line' id='line_1_55' title="bbox 2107 2866 3689 2938; baseline 0.005 -22"><span class='ocrx_word' id='word_1_396' title='bbox 2107 2874 2244 2926; x_wconf 89' lang='lat' dir='ltr'><strong>rata,</strong></span> <span class='ocrx_word' id='word_1_397' title='bbox 2286 2876 2355 2919; x_wconf 83' lang='lat' dir='ltr'><strong>ad</strong></span> <span class='ocrx_word' id='word_1_398' title='bbox 2401 2866 2720 2920; x_wconf 81' lang='lat' dir='ltr'><strong>Dorotlteum</strong></span> <span class='ocrx_word' id='word_1_399' title='bbox 2761 2869 3114 2938; x_wconf 75' lang='grc' dir='ltr'><strong>λειτουργὸν</strong></span> <span class='ocrx_word' id='word_1_400' title='bbox 3150 2868 3354 2922; x_wconf 81' lang='lat' dir='ltr'><strong>directa</strong></span> <span class='ocrx_word' id='word_1_401' title='bbox 3391 2879 3495 2925; x_wconf 91' lang='lat' dir='ltr'><strong>est.</strong></span> <span class='ocrx_word' id='word_1_402' title='bbox 3531 2871 3590 2925; x_wconf 83' lang='lat' dir='ltr'><strong>In</strong></span> <span class='ocrx_word' id='word_1_403' title='bbox 3624 2889 3689 2924; x_wconf 86' lang='lat' dir='ltr'><strong>ca</strong></span> 
     </span>
    </p>
   </div>
   <div class='ocr_carea' id='block_1_56' title="bbox 2104 2951 3691 3030">
    <p class='ocr_par' dir='ltr' id='par_1_56' title="bbox 2104 2951 3691 3030">
     <span class='ocr_line' id='line_1_56' title="bbox 2104 2951 3691 3030; baseline 0.005 -24"><span class='ocrx_word' id='word_1_404' title='bbox 2104 2966 2281 3011; x_wconf 90' lang='lat' dir='ltr'><strong>autem</strong></span> <span class='ocrx_word' id='word_1_405' title='bbox 2310 2973 2430 3023; x_wconf 69' lang='lat' dir='ltr'><strong>qua:</strong></span> <span class='ocrx_word' id='word_1_406' title='bbox 2459 2959 2530 3012; x_wconf 89' lang='lat' dir='ltr'><strong>sit</strong></span> <span class='ocrx_word' id='word_1_407' title='bbox 2567 2960 2736 3028; x_wconf 85' lang='lat' dir='ltr'><strong>caligo</strong></span> <span class='ocrx_word' id='word_1_408' title='bbox 2777 2959 2953 3012; x_wconf 85' lang='lat' dir='ltr'><strong>divina</strong></span> <span class='ocrx_word' id='word_1_409' title='bbox 2980 2966 3175 3013; x_wconf 84' lang='lat' dir='ltr'><strong>auctor</strong></span> <span class='ocrx_word' id='word_1_410' title='bbox 3198 2960 3398 3027; x_wconf 83' lang='lat' dir='ltr'><strong>aperit,</strong></span> <span class='ocrx_word' id='word_1_411' title='bbox 3432 2951 3691 3030; x_wconf 68' lang='lat' dir='ltr'><strong>planum-</strong></span> 
     </span>
    </p>
   </div>
   <div class='ocr_carea' id='block_1_57' title="bbox 2103 3048 3687 3119">
    <p class='ocr_par' dir='ltr' id='par_1_57' title="bbox 2103 3048 3687 3119">
     <span class='ocr_line' id='line_1_57' title="bbox 2103 3048 3687 3119; baseline 0.002 -18"><span class='ocrx_word' id='word_1_412' title='bbox 2103 3063 2209 3118; x_wconf 85' lang='lat' dir='ltr'><strong>que</strong></span> <span class='ocrx_word' id='word_1_413' title='bbox 2251 3048 2382 3103; x_wconf 84' lang='lat' dir='ltr'><strong>facit</strong></span> <span class='ocrx_word' id='word_1_414' title='bbox 2420 3059 2549 3103; x_wconf 90' lang='lat' dir='ltr'><strong>tunc</strong></span> <span class='ocrx_word' id='word_1_415' title='bbox 2581 3049 2747 3103; x_wconf 89' lang='lat' dir='ltr'><strong>Deum</strong></span> <span class='ocrx_word' id='word_1_416' title='bbox 2786 3062 2914 3103; x_wconf 80' lang='lat' dir='ltr'><strong>vere</strong></span> <span class='ocrx_word' id='word_1_417' title='bbox 2960 3051 3240 3119; x_wconf 79' lang='lat' dir='ltr'><strong>cognosci,</strong></span> <span class='ocrx_word' id='word_1_418' title='bbox 3273 3067 3396 3105; x_wconf 89' lang='lat' dir='ltr'><strong>cum</strong></span> <span class='ocrx_word' id='word_1_419' title='bbox 3447 3052 3542 3108; x_wconf 85' lang='lat' dir='ltr'><strong>ille</strong></span> <span class='ocrx_word' id='word_1_420' title='bbox 3594 3070 3687 3108; x_wconf 83' lang='lat' dir='ltr'><strong>su-</strong></span> 
     </span>
    </p>
   </div>
   <div class='ocr_carea' id='block_1_58' title="bbox 414 3142 3691 3223">
    <p class='ocr_par' dir='ltr' id='par_1_58' title="bbox 414 3142 3691 3223">
     <span class='ocr_line' id='line_1_58' title="bbox 414 3142 3691 3223; baseline 0.002 -23"><span class='ocrx_word' id='word_1_421' title='bbox 414 3146 780 3214; x_wconf 73' lang='lat' dir='ltr'><strong>ejusjustitia</strong></span> <span class='ocrx_word' id='word_1_422' title='bbox 815 3147 1057 3199; x_wconf 87' lang='lat' dir='ltr'><strong>omnium</strong></span> <span class='ocrx_word' id='word_1_423' title='bbox 1118 3162 1306 3200; x_wconf 85' lang='lat' dir='ltr'><strong>norma</strong></span> <span class='ocrx_word' id='word_1_424' title='bbox 1342 3144 1437 3210; x_wconf 79' lang='lat' dir='ltr'><strong>sit,</strong></span> <span class='ocrx_word' id='word_1_425' title='bbox 1470 3145 1617 3199; x_wconf 84' lang='lat' dir='ltr'><strong>salus</strong></span> <span class='ocrx_word' id='word_1_426' title='bbox 1656 3155 1711 3201; x_wconf 88' lang='lat' dir='ltr'><strong>et</strong></span> <span class='ocrx_word' id='word_1_427' title='bbox 1774 3149 1990 3203; x_wconf 79' lang='lat' dir='ltr'><strong>redem-</strong></span> <span class='ocrx_word' id='word_1_428' title='bbox 2024 3166 2067 3223; x_wconf 76' lang='lat' dir='ltr'><strong><em>C</em></strong></span> <span class='ocrx_word' id='word_1_429' title='bbox 2103 3157 2200 3211; x_wconf 75' lang='lat' dir='ltr'><strong>Per</strong></span> <span class='ocrx_word' id='word_1_430' title='bbox 2239 3155 2455 3196; x_wconf 69' lang='lat' dir='ltr'><strong>omnem</strong></span> <span class='ocrx_word' id='word_1_431' title='bbox 2493 3142 2775 3197; x_wconf 70' lang='lat' dir='ltr'><strong>SCieﬂliam</strong></span> <span class='ocrx_word' id='word_1_432' title='bbox 2810 3150 2866 3196; x_wconf 75' lang='lat' dir='ltr'><strong>el</strong></span> <span class='ocrx_word' id='word_1_433' title='bbox 2903 3143 3266 3212; x_wconf 78' lang='lat' dir='ltr'><strong>cognitionem</strong></span> <span class='ocrx_word' id='word_1_434' title='bbox 3320 3158 3441 3199; x_wconf 78' lang='lat' dir='ltr'><strong>esse</strong></span> <span class='ocrx_word' id='word_1_435' title='bbox 3478 3161 3691 3216; x_wconf 69' lang='lat' dir='ltr'><strong>Cogno-</strong></span> 
     </span>
    </p>
   </div>
   <div class='ocr_carea' id='block_1_59' title="bbox 425 3237 1992 3312">
    <p class='ocr_par' dir='ltr' id='par_1_59' title="bbox 425 3237 1992 3312">
     <span class='ocr_line' id='line_1_59' title="bbox 425 3237 1992 3312; baseline 0.005 -21"><span class='ocrx_word' id='word_1_436' title='bbox 425 3238 641 3304; x_wconf 81' lang='lat' dir='ltr'><strong>ptio.Ad</strong></span> <span class='ocrx_word' id='word_1_437' title='bbox 688 3237 801 3292; x_wconf 67' lang='lat' dir='ltr'><strong>ltmc</strong></span> <span class='ocrx_word' id='word_1_438' title='bbox 832 3253 956 3292; x_wconf 79' lang='lat' dir='ltr'><strong>vero</strong></span> <span class='ocrx_word' id='word_1_439' title='bbox 1007 3239 1150 3308; x_wconf 85' lang='lat' dir='ltr'><strong>(cap.</strong></span> <span class='ocrx_word' id='word_1_440' title='bbox 1209 3240 1300 3309; x_wconf 78' lang='grc'><strong>10)</strong></span> <span class='ocrx_word' id='word_1_441' title='bbox 1347 3258 1448 3295; x_wconf 87' lang='lat' dir='ltr'><strong>cur</strong></span> <span class='ocrx_word' id='word_1_442' title='bbox 1512 3241 1649 3294; x_wconf 87' lang='lat' dir='ltr'><strong>Deus</strong></span> <span class='ocrx_word' id='word_1_443' title='bbox 1679 3259 1897 3312; x_wconf 84' lang='lat' dir='ltr'><strong>magnus</strong></span> <span class='ocrx_word' id='word_1_444' title='bbox 1943 3256 1992 3298; x_wconf 83' lang='lat' dir='ltr'><strong>et</strong></span> 
     </span>
    </p>
   </div>
   <div class='ocr_carea' id='block_1_60' title="bbox 413 3330 1990 3398">
    <p class='ocr_par' dir='ltr' id='par_1_60' title="bbox 413 3330 1990 3398">
     <span class='ocr_line' id='line_1_60' title="bbox 413 3330 1990 3398; baseline 0.008 -18"><span class='ocrx_word' id='word_1_445' title='bbox 413 3346 631 3398; x_wconf 81' lang='lat' dir='ltr'><strong>parvus,</strong></span> <span class='ocrx_word' id='word_1_446' title='bbox 666 3331 803 3383; x_wconf 83' lang='lat' dir='ltr'><strong>idem</strong></span> <span class='ocrx_word' id='word_1_447' title='bbox 831 3339 877 3384; x_wconf 88' lang='lat' dir='ltr'><strong>et</strong></span> <span class='ocrx_word' id='word_1_448' title='bbox 911 3330 1080 3393; x_wconf 82' lang='lat' dir='ltr'><strong>aliud,</strong></span> <span class='ocrx_word' id='word_1_449' title='bbox 1110 3333 1298 3387; x_wconf 80' lang='lat' dir='ltr'><strong>similis</strong></span> <span class='ocrx_word' id='word_1_450' title='bbox 1337 3346 1385 3388; x_wconf 88' lang='lat' dir='ltr'><strong>et</strong></span> <span class='ocrx_word' id='word_1_451' title='bbox 1418 3336 1697 3388; x_wconf 81' lang='lat' dir='ltr'><strong>dissimilis</strong></span> <span class='ocrx_word' id='word_1_452' title='bbox 1726 3337 1940 3391; x_wconf 89' lang='lat' dir='ltr'><strong>dicatur</strong></span> <span class='ocrx_word' id='word_1_453' title='bbox 1976 3356 1990 3393; x_wconf 89' lang='lat'><strong>:</strong></span> 
     </span>
    </p>
   </div>
   <div class='ocr_carea' id='block_1_61' title="bbox 413 3420 1995 3491">
    <p class='ocr_par' dir='ltr' id='par_1_61' title="bbox 413 3420 1995 3491">
     <span class='ocr_line' id='line_1_61' title="bbox 413 3420 1995 3491; baseline 0.008 -20"><span class='ocrx_word' id='word_1_454' title='bbox 413 3436 534 3488; x_wconf 62' lang='lat' dir='ltr'><strong>quite</strong></span> <span class='ocrx_word' id='word_1_455' title='bbox 560 3421 630 3475; x_wconf 88' lang='lat' dir='ltr'><strong>sit</strong></span> <span class='ocrx_word' id='word_1_456' title='bbox 661 3420 776 3488; x_wconf 86' lang='lat' dir='ltr'><strong>ejus</strong></span> <span class='ocrx_word' id='word_1_457' title='bbox 805 3422 981 3491; x_wconf 87' lang='lat' dir='ltr'><strong>quies,</strong></span> <span class='ocrx_word' id='word_1_458' title='bbox 1015 3423 1174 3477; x_wconf 89' lang='lat' dir='ltr'><strong>sedes</strong></span> <span class='ocrx_word' id='word_1_459' title='bbox 1207 3436 1256 3477; x_wconf 90' lang='lat' dir='ltr'><strong>et</strong></span> <span class='ocrx_word' id='word_1_460' title='bbox 1295 3436 1493 3490; x_wconf 89' lang='lat' dir='ltr'><strong>motus,</strong></span> <span class='ocrx_word' id='word_1_461' title='bbox 1545 3441 1645 3480; x_wconf 91' lang='lat' dir='ltr'><strong>cur</strong></span> <span class='ocrx_word' id='word_1_462' title='bbox 1689 3430 1995 3484; x_wconf 88' lang='lat' dir='ltr'><strong>nominetur</strong></span> 
     </span>
    </p>
   </div>
   <div class='ocr_carea' id='block_1_62' title="bbox 412 3512 1993 3589">
    <p class='ocr_par' dir='ltr' id='par_1_62' title="bbox 412 3512 1993 3589">
     <span class='ocr_line' id='line_1_62' title="bbox 412 3512 1993 3589; baseline 0.007 -26"><span class='ocrx_word' id='word_1_463' title='bbox 412 3512 656 3579; x_wconf 69' lang='lat' dir='ltr'><strong>aequalis,</strong></span> <span class='ocrx_word' id='word_1_464' title='bbox 701 3512 1067 3580; x_wconf 87' lang='lat' dir='ltr'><strong>omnitenens,</strong></span> <span class='ocrx_word' id='word_1_465' title='bbox 1123 3517 1541 3589; x_wconf 72' lang='grc' dir='ltr'><strong>παντοκράτωρ,</strong></span> <span class='ocrx_word' id='word_1_466' title='bbox 1593 3521 1842 3589; x_wconf 73' lang='lat' dir='ltr'><strong>antiquus</strong></span> <span class='ocrx_word' id='word_1_467' title='bbox 1875 3522 1993 3575; x_wconf 87' lang='lat' dir='ltr'><strong>die—</strong></span> 
     </span>
    </p>
   </div>
   <div class='ocr_carea' id='block_1_63' title="bbox 414 3605 1995 3678">
    <p class='ocr_par' dir='ltr' id='par_1_63' title="bbox 414 3605 1995 3678">
     <span class='ocr_line' id='line_1_63' title="bbox 414 3605 1995 3678; baseline 0.008 -24"><span class='ocrx_word' id='word_1_468' title='bbox 414 3619 554 3667; x_wconf 85' lang='lat' dir='ltr'><strong>rum,</strong></span> <span class='ocrx_word' id='word_1_469' title='bbox 588 3605 837 3673; x_wconf 85' lang='lat' dir='ltr'><strong>antiqnus</strong></span> <span class='ocrx_word' id='word_1_470' title='bbox 866 3615 912 3658; x_wconf 89' lang='lat' dir='ltr'><strong>et</strong></span> <span class='ocrx_word' id='word_1_471' title='bbox 960 3622 1159 3671; x_wconf 83' lang='lat' dir='ltr'><strong>novus;</strong></span> <span class='ocrx_word' id='word_1_472' title='bbox 1203 3607 1388 3678; x_wconf 88' lang='lat' dir='ltr'><strong>ibique</strong></span> <span class='ocrx_word' id='word_1_473' title='bbox 1422 3611 1671 3677; x_wconf 85' lang='lat' dir='ltr'><strong>temporis</strong></span> <span class='ocrx_word' id='word_1_474' title='bbox 1704 3620 1750 3665; x_wconf 86' lang='lat' dir='ltr'><strong>et</strong></span> <span class='ocrx_word' id='word_1_475' title='bbox 1783 3615 1995 3666; x_wconf 73' lang='lat' dir='ltr'><strong>(eterni-</strong></span> 
     </span>
    </p>
   </div>
   <div class='ocr_carea' id='block_1_64' title="bbox 413 3696 1993 3772">
    <p class='ocr_par' dir='ltr' id='par_1_64' title="bbox 413 3696 1993 3772">
     <span class='ocr_line' id='line_1_64' title="bbox 413 3696 1993 3772; baseline 0.004 -23"><span class='ocrx_word' id='word_1_476' title='bbox 413 3698 540 3750; x_wconf 85' lang='lat' dir='ltr'><strong>tatis</strong></span> <span class='ocrx_word' id='word_1_477' title='bbox 571 3708 820 3750; x_wconf 72' lang='lat' dir='ltr'><strong>naturam</strong></span> <span class='ocrx_word' id='word_1_478' title='bbox 852 3696 1147 3766; x_wconf 78' lang='lat' dir='ltr'><strong>explanare</strong></span> <span class='ocrx_word' id='word_1_479' title='bbox 1175 3701 1472 3754; x_wconf 90' lang='lat' dir='ltr'><strong>contendit.</strong></span> <span class='ocrx_word' id='word_1_480' title='bbox 1512 3702 1707 3755; x_wconf 86' lang='lat' dir='ltr'><strong>Postea</strong></span> <span class='ocrx_word' id='word_1_481' title='bbox 1730 3702 1871 3772; x_wconf 89' lang='lat' dir='ltr'><strong>(cap.</strong></span> <span class='ocrx_word' id='word_1_482' title='bbox 1902 3703 1993 3768; x_wconf 81' lang='lat' dir='ltr'><strong>ll)</strong></span> 
     </span>
    </p>
   </div>
   <div class='ocr_carea' id='block_1_65' title="bbox 413 3786 1992 3860">
    <p class='ocr_par' dir='ltr' id='par_1_65' title="bbox 413 3786 1992 3860">
     <span class='ocr_line' id='line_1_65' title="bbox 413 3786 1992 3860; baseline 0.006 -21"><span class='ocrx_word' id='word_1_483' title='bbox 413 3788 480 3841; x_wconf 88' lang='lat' dir='ltr'><strong>de</strong></span> <span class='ocrx_word' id='word_1_484' title='bbox 524 3802 655 3856; x_wconf 86' lang='lat' dir='ltr'><strong>pace</strong></span> <span class='ocrx_word' id='word_1_485' title='bbox 690 3786 804 3853; x_wconf 85' lang='lat' dir='ltr'><strong>Dei,</strong></span> <span class='ocrx_word' id='word_1_486' title='bbox 834 3786 924 3856; x_wconf 93' lang='lat' dir='ltr'><strong>qui</strong></span> <span class='ocrx_word' id='word_1_487' title='bbox 968 3788 1144 3842; x_wconf 91' lang='lat' dir='ltr'><strong>omnis</strong></span> <span class='ocrx_word' id='word_1_488' title='bbox 1198 3790 1348 3857; x_wconf 85' lang='lat' dir='ltr'><strong>pacis</strong></span> <span class='ocrx_word' id='word_1_489' title='bbox 1400 3802 1589 3846; x_wconf 90' lang='lat' dir='ltr'><strong>auctor</strong></span> <span class='ocrx_word' id='word_1_490' title='bbox 1619 3802 1724 3858; x_wconf 91' lang='lat' dir='ltr'><strong>est,</strong></span> <span class='ocrx_word' id='word_1_491' title='bbox 1755 3795 1992 3860; x_wconf 90' lang='lat' dir='ltr'><strong>disserit,</strong></span> 
     </span>
    </p>
   </div>
   <div class='ocr_carea' id='block_1_66' title="bbox 413 3875 1996 3947">
    <p class='ocr_par' dir='ltr' id='par_1_66' title="bbox 413 3875 1996 3947">
     <span class='ocr_line' id='line_1_66' title="bbox 413 3875 1996 3947; baseline 0.004 -15"><span class='ocrx_word' id='word_1_492' title='bbox 413 3894 639 3947; x_wconf 76' lang='lat' dir='ltr'><strong>eamque</strong></span> <span class='ocrx_word' id='word_1_493' title='bbox 665 3876 733 3930; x_wconf 90' lang='lat' dir='ltr'><strong>ab</strong></span> <span class='ocrx_word' id='word_1_494' title='bbox 761 3875 1015 3931; x_wconf 84' lang='lat' dir='ltr'><strong>omnibus</strong></span> <span class='ocrx_word' id='word_1_495' title='bbox 1057 3878 1359 3933; x_wconf 89' lang='lat' dir='ltr'><strong>desiderari</strong></span> <span class='ocrx_word' id='word_1_496' title='bbox 1393 3880 1754 3935; x_wconf 88' lang='lat' dir='ltr'><strong>demonstrat.</strong></span> <span class='ocrx_word' id='word_1_497' title='bbox 1790 3883 1996 3938; x_wconf 80' lang='lat' dir='ltr'><strong>Dehinc</strong></span> 
     </span>
    </p>
   </div>
   <div class='ocr_carea' id='block_1_67' title="bbox 414 3972 1993 4042">
    <p class='ocr_par' dir='ltr' id='par_1_67' title="bbox 414 3972 1993 4042">
     <span class='ocr_line' id='line_1_67' title="bbox 414 3972 1993 4042; baseline 0.002 -15"><span class='ocrx_word' id='word_1_498' title='bbox 414 3974 558 4041; x_wconf 81' lang='lat' dir='ltr'><strong>(Cap.</strong></span> <span class='ocrx_word' id='word_1_499' title='bbox 598 3972 689 4041; x_wconf 75' lang='lat' dir='ltr'><strong>l9.)</strong></span> <span class='ocrx_word' id='word_1_500' title='bbox 730 3972 795 4024; x_wconf 88' lang='lat' dir='ltr'><strong>ad</strong></span> <span class='ocrx_word' id='word_1_501' title='bbox 824 3987 887 4027; x_wconf 89' lang='lat' dir='ltr'><strong>ea</strong></span> <span class='ocrx_word' id='word_1_502' title='bbox 924 3974 1212 4042; x_wconf 86' lang='lat' dir='ltr'><strong>respondet</strong></span> <span class='ocrx_word' id='word_1_503' title='bbox 1245 3988 1363 4041; x_wconf 69' lang='lat' dir='ltr'><strong>quae</strong></span> <span class='ocrx_word' id='word_1_504' title='bbox 1407 3973 1723 4028; x_wconf 88' lang='lat' dir='ltr'><strong>Timotheus</strong></span> <span class='ocrx_word' id='word_1_505' title='bbox 1757 3975 1882 4030; x_wconf 87' lang='lat' dir='ltr'><strong>data</strong></span> <span class='ocrx_word' id='word_1_506' title='bbox 1927 3979 1993 4029; x_wconf 86' lang='lat' dir='ltr'><strong>ad</strong></span> 
     </span>
    </p>
   </div>
   <div class='ocr_carea' id='block_1_68' title="bbox 412 4064 1997 4134">
    <p class='ocr_par' dir='ltr' id='par_1_68' title="bbox 412 4064 1997 4134">
     <span class='ocr_line' id='line_1_68' title="bbox 412 4064 1997 4134; baseline 0.002 -19"><span class='ocrx_word' id='word_1_507' title='bbox 412 4080 533 4116; x_wconf 86' lang='lat' dir='ltr'><strong>cum</strong></span> <span class='ocrx_word' id='word_1_508' title='bbox 569 4064 798 4130; x_wconf 69' lang='lat' dir='ltr'><strong>epi,tola</strong></span> <span class='ocrx_word' id='word_1_509' title='bbox 849 4073 1189 4132; x_wconf 83' lang='lat' dir='ltr'><strong>poposcerat,</strong></span> <span class='ocrx_word' id='word_1_510' title='bbox 1240 4065 1368 4133; x_wconf 85' lang='lat' dir='ltr'><strong>quid</strong></span> <span class='ocrx_word' id='word_1_511' title='bbox 1418 4065 1489 4119; x_wconf 87' lang='lat' dir='ltr'><strong>sit</strong></span> <span class='ocrx_word' id='word_1_512' title='bbox 1514 4083 1607 4134; x_wconf 87' lang='lat' dir='ltr'><strong>per</strong></span> <span class='ocrx_word' id='word_1_513' title='bbox 1647 4082 1701 4119; x_wconf 81' lang='lat' dir='ltr'><strong>se</strong></span> <span class='ocrx_word' id='word_1_514' title='bbox 1728 4083 1860 4133; x_wconf 83' lang='lat' dir='ltr'><strong>esse,</strong></span> <span class='ocrx_word' id='word_1_515' title='bbox 1905 4083 1997 4134; x_wconf 88' lang='lat' dir='ltr'><strong>per</strong></span> 
     </span>
    </p>
   </div>
   <div class='ocr_carea' id='block_1_69' title="bbox 408 4153 1992 4224">
    <p class='ocr_par' dir='ltr' id='par_1_69' title="bbox 408 4153 1992 4224">
     <span class='ocr_line' id='line_1_69' title="bbox 408 4153 1992 4224; baseline 0.003 -18"><span class='ocrx_word' id='word_1_516' title='bbox 408 4171 462 4207; x_wconf 83' lang='lat' dir='ltr'><strong>se</strong></span> <span class='ocrx_word' id='word_1_517' title='bbox 484 4156 610 4221; x_wconf 87' lang='lat' dir='ltr'><strong>vita,</strong></span> <span class='ocrx_word' id='word_1_518' title='bbox 641 4172 732 4224; x_wconf 82' lang='lat' dir='ltr'><strong>per</strong></span> <span class='ocrx_word' id='word_1_519' title='bbox 758 4172 810 4209; x_wconf 87' lang='lat' dir='ltr'><strong>se</strong></span> <span class='ocrx_word' id='word_1_520' title='bbox 836 4155 1131 4224; x_wconf 85' lang='lat' dir='ltr'><strong>sapientia.</strong></span> <span class='ocrx_word' id='word_1_521' title='bbox 1165 4153 1301 4209; x_wconf 84' lang='lat' dir='ltr'><strong>Tum</strong></span> <span class='ocrx_word' id='word_1_522' title='bbox 1333 4156 1561 4212; x_wconf 85' lang='lat' dir='ltr'><strong>subinde</strong></span> <span class='ocrx_word' id='word_1_523' title='bbox 1595 4158 1659 4212; x_wconf 90' lang='lat' dir='ltr'><strong>ad</strong></span> <span class='ocrx_word' id='word_1_524' title='bbox 1688 4159 1992 4212; x_wconf 88' lang='lat' dir='ltr'><strong>divinorum</strong></span> 
     </span>
    </p>
   </div>
   <div class='ocr_carea' id='block_1_70' title="bbox 411 4246 1993 4318">
    <p class='ocr_par' dir='ltr' id='par_1_70' title="bbox 411 4246 1993 4318">
     <span class='ocr_line' id='line_1_70' title="bbox 411 4246 1993 4318; baseline 0.003 -21"><span class='ocrx_word' id='word_1_525' title='bbox 411 4248 687 4299; x_wconf 83' lang='lat' dir='ltr'><strong>nominum</strong></span> <span class='ocrx_word' id='word_1_526' title='bbox 765 4246 1204 4316; x_wconf 78' lang='lat' dir='ltr'><strong>explanationem</strong></span> <span class='ocrx_word' id='word_1_527' title='bbox 1276 4262 1575 4311; x_wconf 84' lang='lat' dir='ltr'><strong>reversus,</strong></span> <span class='ocrx_word' id='word_1_528' title='bbox 1648 4250 1993 4318; x_wconf 90' lang='lat' dir='ltr'><strong>perspicuum</strong></span> 
     </span>
    </p>
   </div>
   <div class='ocr_carea' id='block_1_71' title="bbox 408 4336 1991 4407">
    <p class='ocr_par' dir='ltr' id='par_1_71' title="bbox 408 4336 1991 4407">
     <span class='ocr_line' id='line_1_71' title="bbox 408 4336 1991 4407; baseline 0.001 -18"><span class='ocrx_word' id='word_1_529' title='bbox 408 4336 539 4393; x_wconf 80' lang='lat' dir='ltr'><strong>facit</strong></span> <span class='ocrx_word' id='word_1_530' title='bbox 592 4338 736 4407; x_wconf 88' lang='lat' dir='ltr'><strong>(cap.</strong></span> <span class='ocrx_word' id='word_1_531' title='bbox 770 4338 861 4406; x_wconf 77' lang='lat' dir='ltr'><strong>l3)</strong></span> <span class='ocrx_word' id='word_1_532' title='bbox 892 4353 987 4392; x_wconf 91' lang='lat' dir='ltr'><strong>cur</strong></span> <span class='ocrx_word' id='word_1_533' title='bbox 1032 4337 1175 4394; x_wconf 76' lang='lat' dir='ltr'><strong>Deus.</strong></span> <span class='ocrx_word' id='word_1_534' title='bbox 1223 4348 1450 4391; x_wconf 85' lang='lat' dir='ltr'><strong>vocetur</strong></span> <span class='ocrx_word' id='word_1_535' title='bbox 1505 4337 1737 4393; x_wconf 86' lang='lat' dir='ltr'><strong>Sanctus</strong></span> <span class='ocrx_word' id='word_1_536' title='bbox 1777 4349 1991 4393; x_wconf 86' lang='lat' dir='ltr'><strong>sancto-</strong></span> 
     </span>
    </p>
   </div>
   <div class='ocr_carea' id='block_1_72' title="bbox 409 4430 1991 4500">
    <p class='ocr_par' dir='ltr' id='par_1_72' title="bbox 409 4430 1991 4500">
     <span class='ocr_line' id='line_1_72' title="bbox 409 4430 1991 4500; baseline 0.003 -17"><span class='ocrx_word' id='word_1_537' title='bbox 409 4447 547 4494; x_wconf 85' lang='lat' dir='ltr'><strong>rum,</strong></span> <span class='ocrx_word' id='word_1_538' title='bbox 611 4431 721 4485; x_wconf 65' lang='grc' dir='ltr'><em>Πρω</em></span> <span class='ocrx_word' id='word_1_539' title='bbox 776 4447 993 4500; x_wconf 86' lang='lat' dir='ltr'><strong>regum,</strong></span> <span class='ocrx_word' id='word_1_540' title='bbox 1054 4430 1312 4484; x_wconf 86' lang='lat' dir='ltr'><strong>Dominus</strong></span> <span class='ocrx_word' id='word_1_541' title='bbox 1362 4432 1790 4499; x_wconf 85' lang='lat' dir='ltr'><strong>dominantium,</strong></span> <span class='ocrx_word' id='word_1_542' title='bbox 1850 4432 1991 4488; x_wconf 89' lang='lat' dir='ltr'><strong>Deus</strong></span> 
     </span>
    </p>
   </div>
   <div class='ocr_carea' id='block_1_73' title="bbox 2098 3238 2291 3295">
    <p class='ocr_par' dir='ltr' id='par_1_73' title="bbox 2098 3238 2291 3295">
     <span class='ocr_line' id='line_1_73' title="bbox 2098 3238 2291 3295; baseline -0.021 -2"><span class='ocrx_word' id='word_1_543' title='bbox 2098 3238 2291 3295; x_wconf 80' lang='lat' dir='ltr'><strong>scitur.</strong></span> 
     </span>
    </p>
   </div>
   <div class='ocr_carea' id='block_1_74' title="bbox 2167 3324 3693 3393">
    <p class='ocr_par' dir='ltr' id='par_1_74' title="bbox 2167 3324 3693 3393">
     <span class='ocr_line' id='line_1_74' title="bbox 2167 3324 3693 3393; baseline -0.001 -12"><span class='ocrx_word' id='word_1_544' title='bbox 2167 3328 2247 3383; x_wconf 84' lang='lat' dir='ltr'><strong>Ad</strong></span> <span class='ocrx_word' id='word_1_545' title='bbox 2281 3324 2611 3392; x_wconf 74' lang='lat' dir='ltr'><strong>Sosipatrum</strong></span> <span class='ocrx_word' id='word_1_546' title='bbox 2643 3324 2996 3393; x_wconf 80' lang='lat' dir='ltr'><strong>presbyterum</strong></span> <span class='ocrx_word' id='word_1_547' title='bbox 3028 3334 3182 3378; x_wconf 79' lang='lat' dir='ltr'><strong>sexta</strong></span> <span class='ocrx_word' id='word_1_548' title='bbox 3220 3324 3380 3379; x_wconf 86' lang='lat' dir='ltr'><strong>missa</strong></span> <span class='ocrx_word' id='word_1_549' title='bbox 3410 3334 3516 3387; x_wconf 89' lang='lat' dir='ltr'><strong>est,</strong></span> <span class='ocrx_word' id='word_1_550' title='bbox 3560 3326 3658 3379; x_wconf 82' lang='lat' dir='ltr'><strong>illa</strong></span> <span class='ocrx_word' id='word_1_551' title='bbox 3687 3355 3693 3361; x_wconf 86' lang='lat'><strong>-</strong></span> 
     </span>
    </p>
   </div>
   <div class='ocr_carea' id='block_1_75' title="bbox 2098 3413 3659 3487">
    <p class='ocr_par' dir='ltr' id='par_1_75' title="bbox 2098 3413 3659 3487">
     <span class='ocr_line' id='line_1_75' title="bbox 2098 3413 3659 3487; baseline -0.001 -16"><span class='ocrx_word' id='word_1_552' title='bbox 2098 3433 2202 3487; x_wconf 89' lang='lat' dir='ltr'><strong>que</strong></span> <span class='ocrx_word' id='word_1_553' title='bbox 2253 3416 2498 3470; x_wconf 90' lang='lat' dir='ltr'><strong>omnium</strong></span> <span class='ocrx_word' id='word_1_554' title='bbox 2539 3414 2664 3469; x_wconf 89' lang='lat' dir='ltr'><strong>licet</strong></span> <span class='ocrx_word' id='word_1_555' title='bbox 2700 3416 3042 3474; x_wconf 82' lang='lat' dir='ltr'><strong>brevissima.</strong></span> <span class='ocrx_word' id='word_1_556' title='bbox 3087 3413 3313 3468; x_wconf 89' lang='lat' dir='ltr'><strong>formam</strong></span> <span class='ocrx_word' id='word_1_557' title='bbox 3360 3424 3541 3470; x_wconf 87' lang='lat' dir='ltr'><strong>tamen</strong></span> <span class='ocrx_word' id='word_1_558' title='bbox 3585 3421 3659 3470; x_wconf 69' lang='lat' dir='ltr'><strong>lia</strong></span> 
     </span>
    </p>
   </div>
   <div class='ocr_carea' id='block_1_76' title="bbox 2098 3505 3660 3579">
    <p class='ocr_par' dir='ltr' id='par_1_76' title="bbox 2098 3505 3660 3579">
     <span class='ocr_line' id='line_1_76' title="bbox 2098 3505 3660 3579; baseline 0.001 -18"><span class='ocrx_word' id='word_1_559' title='bbox 2098 3509 2188 3562; x_wconf 86' lang='lat' dir='ltr'><strong>bet</strong></span> <span class='ocrx_word' id='word_1_560' title='bbox 2210 3506 2469 3576; x_wconf 72' lang='lat' dir='ltr'><strong>epistolae.</strong></span> <span class='ocrx_word' id='word_1_561' title='bbox 2505 3505 2618 3562; x_wconf 85' lang='lat' dir='ltr'><strong>Hac</strong></span> <span class='ocrx_word' id='word_1_562' title='bbox 2641 3519 2831 3561; x_wconf 83' lang='lat' dir='ltr'><strong>auctor</strong></span> <span class='ocrx_word' id='word_1_563' title='bbox 2865 3518 3048 3562; x_wconf 89' lang='lat' dir='ltr'><strong>noster</strong></span> <span class='ocrx_word' id='word_1_564' title='bbox 3084 3507 3424 3575; x_wconf 88' lang='lat' dir='ltr'><strong>Sosipatrum</strong></span> <span class='ocrx_word' id='word_1_565' title='bbox 3456 3518 3514 3561; x_wconf 91' lang='lat' dir='ltr'><strong>ut</strong></span> <span class='ocrx_word' id='word_1_566' title='bbox 3545 3525 3660 3579; x_wconf 85' lang='lat' dir='ltr'><strong>ope</strong></span> 
     </span>
    </p>
   </div>
   <div class='ocr_carea' id='block_1_77' title="bbox 2076 3600 3691 3669">
    <p class='ocr_par' dir='ltr' id='par_1_77' title="bbox 2076 3600 3691 3669">
     <span class='ocr_line' id='line_1_77' title="bbox 2076 3600 3691 3669; baseline 0.004 -18"><span class='ocrx_word' id='word_1_567' title='bbox 2076 3613 2215 3651; x_wconf 67' lang='lat' dir='ltr'><strong>\ram</strong></span> <span class='ocrx_word' id='word_1_568' title='bbox 2244 3613 2397 3653; x_wconf 88' lang='lat' dir='ltr'><strong>suam</strong></span> <span class='ocrx_word' id='word_1_569' title='bbox 2422 3613 2530 3652; x_wconf 93' lang='lat' dir='ltr'><strong>non</strong></span> <span class='ocrx_word' id='word_1_570' title='bbox 2569 3609 2675 3652; x_wconf 88' lang='lat' dir='ltr'><strong>tam</strong></span> <span class='ocrx_word' id='word_1_571' title='bbox 2712 3600 2763 3652; x_wconf 93' lang='lat' dir='ltr'><strong>in</strong></span> <span class='ocrx_word' id='word_1_572' title='bbox 2794 3600 3083 3666; x_wconf 84' lang='lat' dir='ltr'><strong>arguendis</strong></span> <span class='ocrx_word' id='word_1_573' title='bbox 3117 3600 3388 3655; x_wconf 75' lang='lat' dir='ltr'><strong>haereticis</strong></span> <span class='ocrx_word' id='word_1_574' title='bbox 3418 3616 3587 3669; x_wconf 89' lang='lat' dir='ltr'><strong>quam</strong></span> <span class='ocrx_word' id='word_1_575' title='bbox 3630 3604 3691 3657; x_wconf 87' lang='lat' dir='ltr'><strong>iu</strong></span> 
     </span>
    </p>
   </div>
   <div class='ocr_carea' id='block_1_78' title="bbox 2100 3690 3317 3761">
    <p class='ocr_par' dir='ltr' id='par_1_78' title="bbox 2100 3690 3317 3761">
     <span class='ocr_line' id='line_1_78' title="bbox 2100 3690 3317 3761; baseline 0.002 -17"><span class='ocrx_word' id='word_1_576' title='bbox 2100 3694 2327 3747; x_wconf 82' lang='lat' dir='ltr'><strong>veritate</strong></span> <span class='ocrx_word' id='word_1_577' title='bbox 2355 3690 2674 3747; x_wconf 87' lang='lat' dir='ltr'><strong>stabilienda</strong></span> <span class='ocrx_word' id='word_1_578' title='bbox 2702 3702 2883 3761; x_wconf 82' lang='lat' dir='ltr'><strong>ponat,</strong></span> <span class='ocrx_word' id='word_1_579' title='bbox 2917 3693 3089 3747; x_wconf 84' lang='lat' dir='ltr'><strong>amice</strong></span> <span class='ocrx_word' id='word_1_580' title='bbox 3115 3702 3317 3749; x_wconf 89' lang='lat' dir='ltr'><strong>monet.</strong></span> 
     </span>
    </p>
   </div>
   <div class='ocr_carea' id='block_1_79' title="bbox 2170 3783 3695 3863">
    <p class='ocr_par' dir='ltr' id='par_1_79' title="bbox 2170 3783 3695 3863">
     <span class='ocr_line' id='line_1_79' title="bbox 2170 3783 3695 3863; baseline 0.001 -25"><span class='ocrx_word' id='word_1_581' title='bbox 2170 3784 2412 3853; x_wconf 87' lang='lat' dir='ltr'><strong>Septima</strong></span> <span class='ocrx_word' id='word_1_582' title='bbox 2457 3784 2544 3838; x_wconf 90' lang='lat' dir='ltr'><strong>ille</strong></span> <span class='ocrx_word' id='word_1_583' title='bbox 2587 3783 2888 3855; x_wconf 82' lang='lat' dir='ltr'><strong>Polycarpo</strong></span> <span class='ocrx_word' id='word_1_584' title='bbox 2924 3787 3193 3855; x_wconf 76' lang='lat' dir='ltr'><strong>episcopo,</strong></span> <span class='ocrx_word' id='word_1_585' title='bbox 3265 3786 3355 3855; x_wconf 85' lang='lat' dir='ltr'><strong>qui</strong></span> <span class='ocrx_word' id='word_1_586' title='bbox 3402 3786 3587 3863; x_wconf 76' lang='lat' dir='ltr'><strong>ipsum</strong></span> <span class='ocrx_word' id='word_1_587' title='bbox 3617 3789 3695 3840; x_wconf 85' lang='lat' dir='ltr'><strong>ab</strong></span> 
     </span>
    </p>
   </div>
   <div class='ocr_carea' id='block_1_80' title="bbox 2097 3876 3692 3949">
    <p class='ocr_par' dir='ltr' id='par_1_80' title="bbox 2097 3876 3692 3949">
     <span class='ocr_line' id='line_1_80' title="bbox 2097 3876 3692 3949; baseline 0.002 -18"><span class='ocrx_word' id='word_1_588' title='bbox 2097 3876 2469 3947; x_wconf 85' lang='lat' dir='ltr'><strong>Apollophane</strong></span> <span class='ocrx_word' id='word_1_589' title='bbox 2526 3878 2808 3947; x_wconf 84' lang='lat' dir='ltr'><strong>scphista,</strong></span> <span class='ocrx_word' id='word_1_590' title='bbox 2841 3879 2984 3949; x_wconf 86' lang='lat' dir='ltr'><strong>quod</strong></span> <span class='ocrx_word' id='word_1_591' title='bbox 3039 3879 3322 3948; x_wconf 87' lang='lat' dir='ltr'><strong>opiniones</strong></span> <span class='ocrx_word' id='word_1_592' title='bbox 3388 3881 3692 3949; x_wconf 84' lang='lat' dir='ltr'><strong>gentiliqu</strong></span> 
     </span>
    </p>
   </div>
   <div class='ocr_carea' id='block_1_81' title="bbox 2099 3971 3693 4045">
    <p class='ocr_par' dir='ltr' id='par_1_81' title="bbox 2099 3971 3693 4045">
     <span class='ocr_line' id='line_1_81' title="bbox 2099 3971 3693 4045; baseline 0.003 -20"><span class='ocrx_word' id='word_1_593' title='bbox 2099 3971 2446 4037; x_wconf 83' lang='lat' dir='ltr'><strong>confutando,</strong></span> <span class='ocrx_word' id='word_1_594' title='bbox 2502 3986 2596 4025; x_wconf 86' lang='lat' dir='ltr'><strong>cas</strong></span> <span class='ocrx_word' id='word_1_595' title='bbox 2644 3971 2854 4025; x_wconf 88' lang='lat' dir='ltr'><strong>sincere</strong></span> <span class='ocrx_word' id='word_1_596' title='bbox 2898 3987 3005 4027; x_wconf 83' lang='lat' dir='ltr'><strong>non</strong></span> <span class='ocrx_word' id='word_1_597' title='bbox 3054 3972 3453 4045; x_wconf 81' lang='lat' dir='ltr'><strong>pr0posuisset,</strong></span> <span class='ocrx_word' id='word_1_598' title='bbox 3489 3976 3693 4035; x_wconf 83' lang='lat' dir='ltr'><strong>palam</strong></span> 
     </span>
    </p>
   </div>
   <div class='ocr_carea' id='block_1_82' title="bbox 2099 4062 3698 4132">
    <p class='ocr_par' dir='ltr' id='par_1_82' title="bbox 2099 4062 3698 4132">
     <span class='ocr_line' id='line_1_82' title="bbox 2099 4062 3698 4132; baseline 0.001 -15"><span class='ocrx_word' id='word_1_599' title='bbox 2099 4064 2335 4117; x_wconf 87' lang='lat' dir='ltr'><strong>incusari</strong></span> <span class='ocrx_word' id='word_1_600' title='bbox 2380 4062 2749 4127; x_wconf 78' lang='lat' dir='ltr'><strong>nuntiaverat,</strong></span> <span class='ocrx_word' id='word_1_601' title='bbox 2794 4065 3124 4132; x_wconf 71' lang='lat' dir='ltr'><strong>respondere</strong></span> <span class='ocrx_word' id='word_1_602' title='bbox 3164 4065 3402 4118; x_wconf 88' lang='lat' dir='ltr'><strong>videtur.</strong></span> <span class='ocrx_word' id='word_1_603' title='bbox 3440 4066 3530 4117; x_wconf 79' lang='lat' dir='ltr'><strong>Ait</strong></span> <span class='ocrx_word' id='word_1_604' title='bbox 3574 4069 3698 4119; x_wconf 85' lang='lat' dir='ltr'><strong>ita—</strong></span> 
     </span>
    </p>
   </div>
   <div class='ocr_carea' id='block_1_83' title="bbox 2100 4156 3696 4225">
    <p class='ocr_par' dir='ltr' id='par_1_83' title="bbox 2100 4156 3696 4225">
     <span class='ocr_line' id='line_1_83' title="bbox 2100 4156 3696 4225; baseline -0.002 -14"><span class='ocrx_word' id='word_1_605' title='bbox 2100 4173 2203 4225; x_wconf 85' lang='lat' dir='ltr'><strong>que</strong></span> <span class='ocrx_word' id='word_1_606' title='bbox 2227 4172 2285 4211; x_wconf 90' lang='lat' dir='ltr'><strong>se</strong></span> <span class='ocrx_word' id='word_1_607' title='bbox 2321 4172 2444 4211; x_wconf 90' lang='lat' dir='ltr'><strong>cum</strong></span> <span class='ocrx_word' id='word_1_608' title='bbox 2478 4158 2744 4210; x_wconf 81' lang='lat' dir='ltr'><strong>adversos</strong></span> <span class='ocrx_word' id='word_1_609' title='bbox 2773 4156 3003 4225; x_wconf 77' lang='lat' dir='ltr'><strong>gentiles</strong></span> <span class='ocrx_word' id='word_1_610' title='bbox 3034 4156 3356 4223; x_wconf 77' lang='lat' dir='ltr'><strong>disputaret,</strong></span> <span class='ocrx_word' id='word_1_611' title='bbox 3390 4170 3479 4209; x_wconf 90' lang='lat' dir='ltr'><strong>res</strong></span> <span class='ocrx_word' id='word_1_612' title='bbox 3511 4172 3696 4224; x_wconf 86' lang='lat' dir='ltr'><strong>prout</strong></span> 
     </span>
    </p>
   </div>
   <div class='ocr_carea' id='block_1_84' title="bbox 2098 4245 3698 4316">
    <p class='ocr_par' dir='ltr' id='par_1_84' title="bbox 2098 4245 3698 4316">
     <span class='ocr_line' id='line_1_84' title="bbox 2098 4245 3698 4316; baseline -0.001 -13"><span class='ocrx_word' id='word_1_613' title='bbox 2098 4266 2157 4303; x_wconf 89' lang='lat' dir='ltr'><strong>se</strong></span> <span class='ocrx_word' id='word_1_614' title='bbox 2186 4249 2469 4311; x_wconf 88' lang='lat' dir='ltr'><strong>haberent,</strong></span> <span class='ocrx_word' id='word_1_615' title='bbox 2502 4262 2628 4300; x_wconf 83' lang='lat' dir='ltr'><strong>vere</strong></span> <span class='ocrx_word' id='word_1_616' title='bbox 2656 4261 2868 4315; x_wconf 90' lang='lat' dir='ltr'><strong>semper</strong></span> <span class='ocrx_word' id='word_1_617' title='bbox 2898 4246 3175 4313; x_wconf 87' lang='lat' dir='ltr'><strong>retulisse;</strong></span> <span class='ocrx_word' id='word_1_618' title='bbox 3200 4245 3698 4316; x_wconf 88' lang='lat' dir='ltr'><strong>Polycarpumque</strong></span> 
     </span>
    </p>
   </div>
   <div class='ocr_carea' id='block_1_85' title="bbox 2102 4335 3695 4408">
    <p class='ocr_par' dir='ltr' id='par_1_85' title="bbox 2102 4335 3695 4408">
     <span class='ocr_line' id='line_1_85' title="bbox 2102 4335 3695 4408; baseline 0 -17"><span class='ocrx_word' id='word_1_619' title='bbox 2102 4348 2252 4408; x_wconf 81' lang='lat' dir='ltr'><strong>rogat</strong></span> <span class='ocrx_word' id='word_1_620' title='bbox 2299 4347 2359 4391; x_wconf 91' lang='lat' dir='ltr'><strong>ut</strong></span> <span class='ocrx_word' id='word_1_621' title='bbox 2406 4336 2763 4406; x_wconf 83' lang='lat' dir='ltr'><strong>Apollophani</strong></span> <span class='ocrx_word' id='word_1_622' title='bbox 2818 4336 3086 4405; x_wconf 86' lang='lat' dir='ltr'><strong>significet</strong></span> <span class='ocrx_word' id='word_1_623' title='bbox 3138 4350 3261 4389; x_wconf 90' lang='lat' dir='ltr'><strong>eum</strong></span> <span class='ocrx_word' id='word_1_624' title='bbox 3298 4335 3474 4402; x_wconf 87' lang='lat' dir='ltr'><strong>ipsum</strong></span> <span class='ocrx_word' id='word_1_625' title='bbox 3522 4352 3695 4400; x_wconf 84' lang='lat' dir='ltr'><strong>esse.</strong></span> 
     </span>
    </p>
   </div>
   <div class='ocr_carea' id='block_1_86' title="bbox 2096 4427 3703 4497">
    <p class='ocr_par' dir='ltr' id='par_1_86' title="bbox 2096 4427 3703 4497">
     <span class='ocr_line' id='line_1_86' title="bbox 2096 4427 3703 4497; baseline 0.001 -17"><span class='ocrx_word' id='word_1_626' title='bbox 2096 4430 2188 4497; x_wconf 84' lang='lat' dir='ltr'><strong>qui</strong></span> <span class='ocrx_word' id='word_1_627' title='bbox 2230 4428 2420 4481; x_wconf 85' lang='lat' dir='ltr'><strong>divinis</strong></span> <span class='ocrx_word' id='word_1_628' title='bbox 2468 4427 2721 4481; x_wconf 84' lang='lat' dir='ltr'><strong>adversus</strong></span> <span class='ocrx_word' id='word_1_629' title='bbox 2774 4428 2950 4481; x_wconf 79' lang='lat' dir='ltr'><strong>diuina</strong></span> <span class='ocrx_word' id='word_1_630' title='bbox 2995 4428 3256 4481; x_wconf 83' lang='lat' dir='ltr'><strong>abutitur.</strong></span> <span class='ocrx_word' id='word_1_631' title='bbox 3286 4427 3516 4481; x_wconf 81' lang='lat' dir='ltr'><strong>Etenim</strong></span> <span class='ocrx_word' id='word_1_632' title='bbox 3569 4445 3703 4488; x_wconf 50' lang='lat' dir='ltr'><strong>non,</strong></span> 
     </span>
    </p>
   </div>
   <div class='ocr_carea' id='block_1_87' title="bbox 407 4517 3700 4592">
    <p class='ocr_par' dir='ltr' id='par_1_87' title="bbox 407 4517 3700 4592">
     <span class='ocr_line' id='line_1_87' title="bbox 407 4517 3700 4592; baseline -0.002 -17"><span class='ocrx_word' id='word_1_633' title='bbox 407 4526 645 4576; x_wconf 86' lang='lat' dir='ltr'><strong>deorum.</strong></span> <span class='ocrx_word' id='word_1_634' title='bbox 672 4522 767 4577; x_wconf 86' lang='lat' dir='ltr'><strong>His</strong></span> <span class='ocrx_word' id='word_1_635' title='bbox 801 4524 873 4577; x_wconf 91' lang='lat' dir='ltr'><strong>ita</strong></span> <span class='ocrx_word' id='word_1_636' title='bbox 906 4523 1220 4592; x_wconf 88' lang='lat' dir='ltr'><strong>explicatis,</strong></span> <span class='ocrx_word' id='word_1_637' title='bbox 1252 4533 1436 4577; x_wconf 90' lang='lat' dir='ltr'><strong>monet</strong></span> <span class='ocrx_word' id='word_1_638' title='bbox 1465 4538 1525 4576; x_wconf 90' lang='lat' dir='ltr'><strong>se</strong></span> <span class='ocrx_word' id='word_1_639' title='bbox 1557 4524 1735 4576; x_wconf 80' lang='lat' dir='ltr'><strong>divina</strong></span> <span class='ocrx_word' id='word_1_640' title='bbox 1765 4525 1985 4579; x_wconf 86' lang='lat' dir='ltr'><strong>nomina</strong></span> <span class='ocrx_word' id='word_1_641' title='bbox 2017 4535 2061 4588; x_wconf 79' lang='grc' dir='ltr'><strong>ι)</strong></span> <span class='ocrx_word' id='word_1_642' title='bbox 2094 4521 2268 4575; x_wconf 87' lang='lat' dir='ltr'><strong>solum</strong></span> <span class='ocrx_word' id='word_1_643' title='bbox 2321 4521 2388 4575; x_wconf 87' lang='lat' dir='ltr'><strong>iis</strong></span> <span class='ocrx_word' id='word_1_644' title='bbox 2424 4535 2543 4587; x_wconf 72' lang='lat' dir='ltr'><strong>quae</strong></span> <span class='ocrx_word' id='word_1_645' title='bbox 2587 4517 2764 4573; x_wconf 75' lang='lat' dir='ltr'><strong>Josua:</strong></span> <span class='ocrx_word' id='word_1_646' title='bbox 2809 4528 2865 4574; x_wconf 92' lang='lat' dir='ltr'><strong>et</strong></span> <span class='ocrx_word' id='word_1_647' title='bbox 2906 4518 3154 4573; x_wconf 76' lang='lat' dir='ltr'><strong>Ezechia:</strong></span> <span class='ocrx_word' id='word_1_648' title='bbox 3200 4518 3537 4588; x_wconf 83' lang='lat' dir='ltr'><strong>temporibus</strong></span> <span class='ocrx_word' id='word_1_649' title='bbox 3589 4535 3700 4572; x_wconf 74' lang='lat' dir='ltr'><strong>ac-</strong></span> 
     </span>
    </p>
   </div>
   <div class='ocr_carea' id='block_1_88' title="bbox 407 4613 1989 4683">
    <p class='ocr_par' dir='ltr' id='par_1_88' title="bbox 407 4613 1989 4683">
     <span class='ocr_line' id='line_1_88' title="bbox 407 4613 1989 4683; baseline -0.002 -15"><span class='ocrx_word' id='word_1_650' title='bbox 407 4629 505 4681; x_wconf 87' lang='lat' dir='ltr'><strong>pro</strong></span> <span class='ocrx_word' id='word_1_651' title='bbox 532 4615 647 4669; x_wconf 89' lang='lat' dir='ltr'><strong>suis</strong></span> <span class='ocrx_word' id='word_1_652' title='bbox 672 4614 892 4680; x_wconf 88' lang='lat' dir='ltr'><strong>viribus,</strong></span> <span class='ocrx_word' id='word_1_653' title='bbox 928 4630 1032 4669; x_wconf 92' lang='lat' dir='ltr'><strong>non</strong></span> <span class='ocrx_word' id='word_1_654' title='bbox 1061 4629 1157 4680; x_wconf 91' lang='lat' dir='ltr'><strong>pro</strong></span> <span class='ocrx_word' id='word_1_655' title='bbox 1184 4628 1373 4668; x_wconf 87' lang='lat' dir='ltr'><strong>eorum</strong></span> <span class='ocrx_word' id='word_1_656' title='bbox 1412 4613 1676 4683; x_wconf 81' lang='lat' dir='ltr'><strong>dignitate</strong></span> <span class='ocrx_word' id='word_1_657' title='bbox 1708 4615 1787 4667; x_wconf 86' lang='lat' dir='ltr'><strong>sic</strong></span> <span class='ocrx_word' id='word_1_658' title='bbox 1813 4613 1989 4683; x_wconf 77' lang='lat' dir='ltr'><strong>expli-</strong></span> 
     </span>
    </p>
   </div>
   <div class='ocr_carea' id='block_1_89' title="bbox 408 4704 1988 4776">
    <p class='ocr_par' dir='ltr' id='par_1_89' title="bbox 408 4704 1988 4776">
     <span class='ocr_line' id='line_1_89' title="bbox 408 4704 1988 4776; baseline 0.001 -19"><span class='ocrx_word' id='word_1_659' title='bbox 408 4706 621 4771; x_wconf 87' lang='lat' dir='ltr'><strong>cuisse,</strong></span> <span class='ocrx_word' id='word_1_660' title='bbox 649 4715 728 4772; x_wconf 90' lang='lat' dir='ltr'><strong>ut,</strong></span> <span class='ocrx_word' id='word_1_661' title='bbox 759 4706 803 4761; x_wconf 91' lang='lat' dir='ltr'><strong>si</strong></span> <span class='ocrx_word' id='word_1_662' title='bbox 834 4708 961 4776; x_wconf 90' lang='lat' dir='ltr'><strong>quid</strong></span> <span class='ocrx_word' id='word_1_663' title='bbox 994 4716 1140 4760; x_wconf 91' lang='lat' dir='ltr'><strong>recte</strong></span> <span class='ocrx_word' id='word_1_664' title='bbox 1170 4720 1198 4758; x_wconf 91' lang='lat' dir='ltr'><strong>a</strong></span> <span class='ocrx_word' id='word_1_665' title='bbox 1226 4720 1285 4760; x_wconf 91' lang='lat' dir='ltr'><strong>se</strong></span> <span class='ocrx_word' id='word_1_666' title='bbox 1308 4705 1507 4759; x_wconf 91' lang='lat' dir='ltr'><strong>dictum</strong></span> <span class='ocrx_word' id='word_1_667' title='bbox 1540 4704 1719 4766; x_wconf 89' lang='lat' dir='ltr'><strong>fuerit,</strong></span> <span class='ocrx_word' id='word_1_668' title='bbox 1746 4705 1796 4758; x_wconf 88' lang='lat' dir='ltr'><strong>id</strong></span> <span class='ocrx_word' id='word_1_669' title='bbox 1819 4713 1988 4758; x_wconf 91' lang='lat' dir='ltr'><strong>totum</strong></span> 
     </span>
    </p>
   </div>
   <div class='ocr_carea' id='block_1_90' title="bbox 408 4795 1988 4865">
    <p class='ocr_par' dir='ltr' id='par_1_90' title="bbox 408 4795 1988 4865">
     <span class='ocr_line' id='line_1_90' title="bbox 408 4795 1988 4865; baseline 0.001 -17"><span class='ocrx_word' id='word_1_670' title='bbox 408 4797 462 4849; x_wconf 92' lang='lat' dir='ltr'><strong>in</strong></span> <span class='ocrx_word' id='word_1_671' title='bbox 499 4796 666 4851; x_wconf 90' lang='lat' dir='ltr'><strong>Deum</strong></span> <span class='ocrx_word' id='word_1_672' title='bbox 697 4797 871 4863; x_wconf 87' lang='lat' dir='ltr'><strong>ipsqu</strong></span> <span class='ocrx_word' id='word_1_673' title='bbox 903 4795 1113 4851; x_wconf 87' lang='lat' dir='ltr'><strong>refuudi</strong></span> <span class='ocrx_word' id='word_1_674' title='bbox 1148 4797 1377 4858; x_wconf 75' lang='lat' dir='ltr'><strong>debeat;</strong></span> <span class='ocrx_word' id='word_1_675' title='bbox 1415 4796 1459 4849; x_wconf 92' lang='lat' dir='ltr'><strong>si</strong></span> <span class='ocrx_word' id='word_1_676' title='bbox 1491 4797 1618 4865; x_wconf 93' lang='lat' dir='ltr'><strong>quid</strong></span> <span class='ocrx_word' id='word_1_677' title='bbox 1656 4810 1785 4849; x_wconf 83' lang='lat' dir='ltr'><strong>vero</strong></span> <span class='ocrx_word' id='word_1_678' title='bbox 1812 4796 1988 4849; x_wconf 85' lang='lat' dir='ltr'><strong>minus</strong></span> 
     </span>
    </p>
   </div>
   <div class='ocr_carea' id='block_1_91' title="bbox 408 4887 1988 4958">
    <p class='ocr_par' dir='ltr' id='par_1_91' title="bbox 408 4887 1988 4958">
     <span class='ocr_line' id='line_1_91' title="bbox 408 4887 1988 4958; baseline 0.001 -18"><span class='ocrx_word' id='word_1_679' title='bbox 408 4889 541 4942; x_wconf 88' lang='lat' dir='ltr'><strong>recti</strong></span> <span class='ocrx_word' id='word_1_680' title='bbox 573 4898 626 4942; x_wconf 90' lang='lat' dir='ltr'><strong>et</strong></span> <span class='ocrx_word' id='word_1_681' title='bbox 683 4888 934 4958; x_wconf 82' lang='lat' dir='ltr'><strong>perfecti,</strong></span> <span class='ocrx_word' id='word_1_682' title='bbox 980 4887 1109 4941; x_wconf 91' lang='lat' dir='ltr'><strong>illud</strong></span> <span class='ocrx_word' id='word_1_683' title='bbox 1142 4887 1414 4943; x_wconf 80' lang='lat' dir='ltr'><strong>Timethei</strong></span> <span class='ocrx_word' id='word_1_684' title='bbox 1462 4888 1656 4955; x_wconf 89' lang='lat' dir='ltr'><strong>peritia</strong></span> <span class='ocrx_word' id='word_1_685' title='bbox 1703 4888 1829 4941; x_wconf 90' lang='lat' dir='ltr'><strong>velit</strong></span> <span class='ocrx_word' id='word_1_686' title='bbox 1870 4902 1988 4941; x_wconf 86' lang='lat' dir='ltr'><strong>esse</strong></span> 
     </span>
    </p>
   </div>
   <div class='ocr_carea' id='block_1_92' title="bbox 406 4979 1989 5051">
    <p class='ocr_par' dir='ltr' id='par_1_92' title="bbox 406 4979 1989 5051">
     <span class='ocr_line' id='line_1_92' title="bbox 406 4979 1989 5051; baseline -0.001 -18"><span class='ocrx_word' id='word_1_687' title='bbox 406 4990 737 5035; x_wconf 88' lang='lat' dir='ltr'><strong>correctum.</strong></span> <span class='ocrx_word' id='word_1_688' title='bbox 771 4982 1017 5051; x_wconf 76' lang='lat' dir='ltr'><strong>Spondet</strong></span> <span class='ocrx_word' id='word_1_689' title='bbox 1058 4980 1292 5049; x_wconf 90' lang='lat' dir='ltr'><strong>denique</strong></span> <span class='ocrx_word' id='word_1_690' title='bbox 1322 4995 1381 5034; x_wconf 89' lang='lat' dir='ltr'><strong>se</strong></span> <span class='ocrx_word' id='word_1_691' title='bbox 1406 4979 1470 5033; x_wconf 87' lang='lat' dir='ltr'><strong>de</strong></span> <span class='ocrx_word' id='word_1_692' title='bbox 1514 4979 1799 5049; x_wconf 83' lang='lat' dir='ltr'><strong>symbolica</strong></span> <span class='ocrx_word' id='word_1_693' title='bbox 1843 4981 1989 5031; x_wconf 75' lang='lat' dir='ltr'><strong>tlieo-</strong></span> 
     </span>
    </p>
   </div>
   <div class='ocr_carea' id='block_1_93' title="bbox 406 5072 1987 5143">
    <p class='ocr_par' dir='ltr' id='par_1_93' title="bbox 406 5072 1987 5143">
     <span class='ocr_line' id='line_1_93' title="bbox 406 5072 1987 5143; baseline 0 -18"><span class='ocrx_word' id='word_1_694' title='bbox 406 5076 546 5143; x_wconf 86' lang='lat' dir='ltr'><strong>logiu</strong></span> <span class='ocrx_word' id='word_1_695' title='bbox 576 5085 700 5141; x_wconf 91' lang='lat' dir='ltr'><strong>post</strong></span> <span class='ocrx_word' id='word_1_696' title='bbox 732 5074 848 5128; x_wconf 62' lang='lat' dir='ltr'><strong>haec</strong></span> <span class='ocrx_word' id='word_1_697' title='bbox 883 5086 1003 5127; x_wconf 72' lang='lat' dir='ltr'><strong>esse</strong></span> <span class='ocrx_word' id='word_1_698' title='bbox 1029 5073 1383 5141; x_wconf 88' lang='lat' dir='ltr'><strong>scripturum,</strong></span> <span class='ocrx_word' id='word_1_699' title='bbox 1430 5082 1594 5141; x_wconf 86' lang='lat' dir='ltr'><strong>atque</strong></span> <span class='ocrx_word' id='word_1_700' title='bbox 1624 5074 1698 5127; x_wconf 90' lang='lat' dir='ltr'><strong>ita</strong></span> <span class='ocrx_word' id='word_1_701' title='bbox 1722 5072 1862 5127; x_wconf 89' lang='lat' dir='ltr'><strong>libro</strong></span> <span class='ocrx_word' id='word_1_702' title='bbox 1890 5087 1987 5125; x_wconf 80' lang='lat' dir='ltr'><strong>suo</strong></span> 
     </span>
    </p>
   </div>
   <div class='ocr_carea' id='block_1_94' title="bbox 404 5166 849 5234">
    <p class='ocr_par' dir='ltr' id='par_1_94' title="bbox 404 5166 849 5234">
     <span class='ocr_line' id='line_1_94' title="bbox 404 5166 849 5234; baseline 0.002 -16"><span class='ocrx_word' id='word_1_703' title='bbox 404 5166 569 5218; x_wconf 89' lang='lat' dir='ltr'><strong>ﬁnem</strong></span> <span class='ocrx_word' id='word_1_704' title='bbox 603 5167 849 5234; x_wconf 91' lang='lat' dir='ltr'><strong>imponit.</strong></span> 
     </span>
    </p>
   </div>
   <div class='ocr_carea' id='block_1_95' title="bbox 475 5255 1983 5325">
    <p class='ocr_par' dir='ltr' id='par_1_95' title="bbox 475 5255 1983 5325">
     <span class='ocr_line' id='line_1_95' title="bbox 475 5255 1983 5325; baseline 0.001 -18"><span class='ocrx_word' id='word_1_705' title='bbox 475 5256 504 5325; x_wconf 60' lang='grc' dir='ltr'>ᾗ</span> <span class='ocrx_word' id='word_1_706' title='bbox 555 5255 643 5310; x_wconf 87' lang='lat' dir='ltr'><strong>IV.</strong></span> <span class='ocrx_word' id='word_1_707' title='bbox 692 5255 845 5309; x_wconf 83' lang='lat' dir='ltr'><strong>Liber</strong></span> <span class='ocrx_word' id='word_1_708' title='bbox 899 5257 962 5308; x_wconf 85' lang='lat' dir='ltr'><strong>de</strong></span> <span class='ocrx_word' id='word_1_709' title='bbox 1017 5257 1241 5324; x_wconf 85' lang='lat' dir='ltr'><strong>mystica</strong></span> <span class='ocrx_word' id='word_1_710' title='bbox 1299 5256 1578 5325; x_wconf 85' lang='lat' dir='ltr'><strong>theologia.</strong></span> <span class='ocrx_word' id='word_1_711' title='bbox 1620 5255 1983 5321; x_wconf 82' lang='lat' dir='ltr'><strong>—Quarttun</strong></span> 
     </span>
    </p>
   </div>
   <div class='ocr_carea' id='block_1_96' title="bbox 404 5343 1981 5417">
    <p class='ocr_par' dir='ltr' id='par_1_96' title="bbox 404 5343 1981 5417">
     <span class='ocr_line' id='line_1_96' title="bbox 404 5343 1981 5417; baseline -0.001 -19"><span class='ocrx_word' id='word_1_712' title='bbox 404 5347 629 5411; x_wconf 86' lang='lat' dir='ltr'><strong>librum,</strong></span> <span class='ocrx_word' id='word_1_713' title='bbox 684 5346 759 5399; x_wconf 88' lang='lat' dir='ltr'><strong>De</strong></span> <span class='ocrx_word' id='word_1_714' title='bbox 812 5347 1036 5417; x_wconf 69' lang='lat' dir='ltr'><strong>mystica</strong></span> <span class='ocrx_word' id='word_1_715' title='bbox 1100 5345 1365 5415; x_wconf 79' lang='lat' dir='ltr'><strong>theologia</strong></span> <span class='ocrx_word' id='word_1_716' title='bbox 1426 5344 1584 5398; x_wconf 90' lang='lat' dir='ltr'><strong>titulo</strong></span> <span class='ocrx_word' id='word_1_717' title='bbox 1627 5343 1981 5412; x_wconf 88' lang='lat' dir='ltr'><strong>inscriptum,</strong></span> 
     </span>
    </p>
   </div>
   <div class='ocr_carea' id='block_1_97' title="bbox 402 5434 1986 5491">
    <p class='ocr_par' dir='ltr' id='par_1_97' title="bbox 402 5434 1986 5491">
     <span class='ocr_line' id='line_1_97' title="bbox 402 5434 1986 5491; baseline -0.001 0"><span class='ocrx_word' id='word_1_718' title='bbox 402 5448 595 5491; x_wconf 82' lang='lat' dir='ltr'><strong>auctor</strong></span> <span class='ocrx_word' id='word_1_719' title='bbox 648 5448 834 5491; x_wconf 85' lang='lat' dir='ltr'><strong>noster</strong></span> <span class='ocrx_word' id='word_1_720' title='bbox 908 5437 967 5489; x_wconf 71' lang='lat' dir='ltr'><strong>th</strong></span> <span class='ocrx_word' id='word_1_721' title='bbox 1022 5436 1384 5491; x_wconf 67' lang='lat' dir='ltr'><strong>sanctissimae</strong></span> <span class='ocrx_word' id='word_1_722' title='bbox 1434 5434 1720 5489; x_wconf 87' lang='lat' dir='ltr'><strong>Trinitatis</strong></span> <span class='ocrx_word' id='word_1_723' title='bbox 1767 5436 1986 5489; x_wconf 84' lang='lat' dir='ltr'><strong>invoca-</strong></span> 
     </span>
    </p>
   </div>
   <div class='ocr_carea' id='block_1_98' title="bbox 405 5528 1985 5598">
    <p class='ocr_par' dir='ltr' id='par_1_98' title="bbox 405 5528 1985 5598">
     <span class='ocr_line' id='line_1_98' title="bbox 405 5528 1985 5598; baseline -0.001 -16"><span class='ocrx_word' id='word_1_724' title='bbox 405 5530 553 5582; x_wconf 80' lang='lat' dir='ltr'><strong>tione</strong></span> <span class='ocrx_word' id='word_1_725' title='bbox 604 5528 822 5581; x_wconf 88' lang='lat' dir='ltr'><strong>inchoat</strong></span> <span class='ocrx_word' id='word_1_726' title='bbox 860 5529 1003 5598; x_wconf 86' lang='lat' dir='ltr'><strong>(cap.</strong></span> <span class='ocrx_word' id='word_1_727' title='bbox 1053 5529 1130 5598; x_wconf 78' lang='lat' dir='ltr'><strong>l),</strong></span> <span class='ocrx_word' id='word_1_728' title='bbox 1166 5528 1623 5596; x_wconf 87' lang='lat' dir='ltr'><strong>Timotheumque</strong></span> <span class='ocrx_word' id='word_1_729' title='bbox 1675 5541 1985 5582; x_wconf 79' lang='lat' dir='ltr'><strong>commoue-</strong></span> 
     </span>
    </p>
   </div>
   <div class='ocr_carea' id='block_1_99' title="bbox 403 5618 1985 5688">
    <p class='ocr_par' dir='ltr' id='par_1_99' title="bbox 403 5618 1985 5688">
     <span class='ocr_line' id='line_1_99' title="bbox 403 5618 1985 5688; baseline -0.001 -16"><span class='ocrx_word' id='word_1_730' title='bbox 403 5619 535 5672; x_wconf 88' lang='lat' dir='ltr'><strong>facit</strong></span> <span class='ocrx_word' id='word_1_731' title='bbox 565 5618 789 5687; x_wconf 85' lang='lat' dir='ltr'><strong>mystica</strong></span> <span class='ocrx_word' id='word_1_732' title='bbox 840 5633 964 5672; x_wconf 90' lang='lat' dir='ltr'><strong>cum</strong></span> <span class='ocrx_word' id='word_1_733' title='bbox 994 5620 1128 5673; x_wconf 88' lang='lat' dir='ltr'><strong>viris</strong></span> <span class='ocrx_word' id='word_1_734' title='bbox 1173 5618 1398 5688; x_wconf 82' lang='lat' dir='ltr'><strong>paganis</strong></span> <span class='ocrx_word' id='word_1_735' title='bbox 1440 5632 1546 5671; x_wconf 90' lang='lat' dir='ltr'><strong>non</strong></span> <span class='ocrx_word' id='word_1_736' title='bbox 1585 5631 1704 5671; x_wconf 90' lang='lat' dir='ltr'><strong>esse</strong></span> <span class='ocrx_word' id='word_1_737' title='bbox 1742 5631 1985 5671; x_wconf 89' lang='lat' dir='ltr'><strong>commu-</strong></span> 
     </span>
    </p>
   </div>
   <div class='ocr_carea' id='block_1_100' title="bbox 405 5707 1982 5782">
    <p class='ocr_par' dir='ltr' id='par_1_100' title="bbox 405 5707 1982 5782">
     <span class='ocr_line' id='line_1_100' title="bbox 405 5707 1982 5782; baseline 0.001 -22"><span class='ocrx_word' id='word_1_738' title='bbox 405 5710 656 5763; x_wconf 87' lang='lat' dir='ltr'><strong>nicanda.</strong></span> <span class='ocrx_word' id='word_1_739' title='bbox 694 5707 797 5781; x_wconf 89' lang='lat' dir='ltr'><strong>lpsi</strong></span> <span class='ocrx_word' id='word_1_740' title='bbox 838 5710 1066 5767; x_wconf 89' lang='lat' dir='ltr'><strong>subinde</strong></span> <span class='ocrx_word' id='word_1_741' title='bbox 1100 5710 1394 5782; x_wconf 89' lang='lat' dir='ltr'><strong>signiﬁcat,</strong></span> <span class='ocrx_word' id='word_1_742' title='bbox 1421 5718 1476 5763; x_wconf 93' lang='lat' dir='ltr'><strong>ut</strong></span> <span class='ocrx_word' id='word_1_743' title='bbox 1510 5710 1576 5763; x_wconf 90' lang='lat' dir='ltr'><strong>ad</strong></span> <span class='ocrx_word' id='word_1_744' title='bbox 1618 5708 1735 5773; x_wconf 86' lang='lat' dir='ltr'><strong>Dei,</strong></span> <span class='ocrx_word' id='word_1_745' title='bbox 1764 5708 1857 5778; x_wconf 87' lang='lat' dir='ltr'><strong>qui</strong></span> <span class='ocrx_word' id='word_1_746' title='bbox 1897 5709 1982 5762; x_wconf 91' lang='lat' dir='ltr'><strong>iu-</strong></span> 
     </span>
    </p>
   </div>
   <div class='ocr_carea' id='block_1_101' title="bbox 406 5800 1971 5870">
    <p class='ocr_par' dir='ltr' id='par_1_101' title="bbox 406 5800 1971 5870">
     <span class='ocr_line' id='line_1_101' title="bbox 406 5800 1971 5870; baseline -0.001 -17"><span class='ocrx_word' id='word_1_747' title='bbox 406 5802 550 5855; x_wconf 74' lang='lat' dir='ltr'><strong>linito</strong></span> <span class='ocrx_word' id='word_1_748' title='bbox 580 5816 742 5869; x_wconf 81' lang='lat' dir='ltr'><strong>supra</strong></span> <span class='ocrx_word' id='word_1_749' title='bbox 776 5816 875 5857; x_wconf 91' lang='lat' dir='ltr'><strong>nos</strong></span> <span class='ocrx_word' id='word_1_750' title='bbox 914 5801 1111 5865; x_wconf 78' lang='lat' dir='ltr'><strong>elatus,</strong></span> <span class='ocrx_word' id='word_1_751' title='bbox 1156 5805 1421 5856; x_wconf 88' lang='lat' dir='ltr'><strong>immensa</strong></span> <span class='ocrx_word' id='word_1_752' title='bbox 1462 5800 1695 5870; x_wconf 82' lang='lat' dir='ltr'><strong>caligine</strong></span> <span class='ocrx_word' id='word_1_753' title='bbox 1733 5800 1971 5855; x_wconf 75' lang='lat' dir='ltr'><strong>abscon-</strong></span> 
     </span>
    </p>
   </div>
   <div class='ocr_carea' id='block_1_102' title="bbox 2094 4598 3697 4676">
    <p class='ocr_par' dir='ltr' id='par_1_102' title="bbox 2094 4598 3697 4676">
     <span class='ocr_line' id='line_1_102' title="bbox 2094 4598 3697 4676; baseline -0.001 -10"><span class='ocrx_word' id='word_1_754' title='bbox 2094 4612 2367 4674; x_wconf 86' lang='lat' dir='ltr'><strong>ciderant,</strong></span> <span class='ocrx_word' id='word_1_755' title='bbox 2396 4609 2634 4664; x_wconf 82' lang='lat' dir='ltr'><strong>insolitis</strong></span> <span class='ocrx_word' id='word_1_756' title='bbox 2664 4609 2923 4664; x_wconf 68' lang='lat' dir='ltr'><strong>cmlorum</strong></span> <span class='ocrx_word' id='word_1_757' title='bbox 2958 4610 3216 4670; x_wconf 89' lang='lat' dir='ltr'><strong>motibus,</strong></span> <span class='ocrx_word' id='word_1_758' title='bbox 3251 4613 3344 4662; x_wconf 87' lang='lat' dir='ltr'><strong>sed</strong></span> <span class='ocrx_word' id='word_1_759' title='bbox 3382 4598 3436 4661; x_wconf 71' lang='lat' dir='ltr'><strong>in</strong></span> <span class='ocrx_word' id='word_1_760' title='bbox 3473 4607 3697 4676; x_wconf 85' lang='lat' dir='ltr'><strong>primis</strong></span> 
     </span>
    </p>
   </div>
   <div class='ocr_carea' id='block_1_103' title="bbox 2092 4698 3697 4770">
    <p class='ocr_par' dir='ltr' id='par_1_103' title="bbox 2092 4698 3697 4770">
     <span class='ocr_line' id='line_1_103' title="bbox 2092 4698 3697 4770; baseline -0.002 -13"><span class='ocrx_word' id='word_1_761' title='bbox 2092 4701 2375 4770; x_wconf 86' lang='lat' dir='ltr'><strong>stupenda,</strong></span> <span class='ocrx_word' id='word_1_762' title='bbox 2420 4714 2582 4767; x_wconf 88' lang='lat' dir='ltr'><strong>quam</strong></span> <span class='ocrx_word' id='word_1_763' title='bbox 2634 4698 2926 4768; x_wconf 82' lang='lat' dir='ltr'><strong>Heliopoli,</strong></span> <span class='ocrx_word' id='word_1_764' title='bbox 2971 4701 3097 4752; x_wconf 86' lang='lat' dir='ltr'><strong>dum</strong></span> <span class='ocrx_word' id='word_1_765' title='bbox 3142 4699 3392 4753; x_wconf 86' lang='lat' dir='ltr'><strong>Christus</strong></span> <span class='ocrx_word' id='word_1_766' title='bbox 3439 4700 3697 4753; x_wconf 80' lang='lat' dir='ltr'><strong>crucifi-</strong></span> 
     </span>
    </p>
   </div>
   <div class='ocr_carea' id='block_1_104' title="bbox 2092 4788 3698 4859">
    <p class='ocr_par' dir='ltr' id='par_1_104' title="bbox 2092 4788 3698 4859">
     <span class='ocr_line' id='line_1_104' title="bbox 2092 4788 3698 4859; baseline 0 -16"><span class='ocrx_word' id='word_1_767' title='bbox 2092 4801 2336 4859; x_wconf 78' lang='lat' dir='ltr'><strong>geretur,</strong></span> <span class='ocrx_word' id='word_1_768' title='bbox 2384 4790 2474 4843; x_wconf 89' lang='lat' dir='ltr'><strong>ille</strong></span> <span class='ocrx_word' id='word_1_769' title='bbox 2523 4804 2709 4844; x_wconf 88' lang='lat' dir='ltr'><strong>secum</strong></span> <span class='ocrx_word' id='word_1_770' title='bbox 2765 4788 3001 4853; x_wconf 85' lang='lat' dir='ltr'><strong>viderat,</strong></span> <span class='ocrx_word' id='word_1_771' title='bbox 3055 4788 3186 4842; x_wconf 89' lang='lat' dir='ltr'><strong>solis</strong></span> <span class='ocrx_word' id='word_1_772' title='bbox 3232 4788 3565 4855; x_wconf 81' lang='lat' dir='ltr'><strong>defectione,</strong></span> <span class='ocrx_word' id='word_1_773' title='bbox 3611 4792 3698 4845; x_wconf 83' lang='lat' dir='ltr'><strong>de</strong></span> 
     </span>
    </p>
   </div>
   <div class='ocr_carea' id='block_1_105' title="bbox 2089 4879 3701 4950">
    <p class='ocr_par' dir='ltr' id='par_1_105' title="bbox 2089 4879 3701 4950">
     <span class='ocr_line' id='line_1_105' title="bbox 2089 4879 3701 4950; baseline -0.002 -15"><span class='ocrx_word' id='word_1_774' title='bbox 2089 4883 2329 4950; x_wconf 83' lang='lat' dir='ltr'><strong>ejusdem</strong></span> <span class='ocrx_word' id='word_1_775' title='bbox 2372 4881 2576 4936; x_wconf 88' lang='lat' dir='ltr'><strong>Christi</strong></span> <span class='ocrx_word' id='word_1_776' title='bbox 2621 4880 2906 4936; x_wconf 88' lang='lat' dir='ltr'><strong>divinitate</strong></span> <span class='ocrx_word' id='word_1_777' title='bbox 2945 4882 3125 4934; x_wconf 86' lang='lat' dir='ltr'><strong>fuerat</strong></span> <span class='ocrx_word' id='word_1_778' title='bbox 3165 4880 3469 4934; x_wconf 85' lang='lat' dir='ltr'><strong>convictus.</strong></span> <span class='ocrx_word' id='word_1_779' title='bbox 3510 4879 3701 4946; x_wconf 77' lang='lat' dir='ltr'><strong>Quod</strong></span> 
     </span>
    </p>
   </div>
   <div class='ocr_carea' id='block_1_106' title="bbox 2091 4970 3701 5041">
    <p class='ocr_par' dir='ltr' id='par_1_106' title="bbox 2091 4970 3701 5041">
     <span class='ocr_line' id='line_1_106' title="bbox 2091 4970 3701 5041; baseline -0.001 -14"><span class='ocrx_word' id='word_1_780' title='bbox 2091 4974 2187 5041; x_wconf 88' lang='lat' dir='ltr'><strong>ipsi</strong></span> <span class='ocrx_word' id='word_1_781' title='bbox 2224 4983 2281 5027; x_wconf 91' lang='lat' dir='ltr'><strong>ut</strong></span> <span class='ocrx_word' id='word_1_782' title='bbox 2305 4975 2358 5027; x_wconf 88' lang='lat' dir='ltr'><strong>in</strong></span> <span class='ocrx_word' id='word_1_783' title='bbox 2408 4973 2724 5029; x_wconf 90' lang='lat' dir='ltr'><strong>memoriam</strong></span> <span class='ocrx_word' id='word_1_784' title='bbox 2761 4981 3001 5038; x_wconf 89' lang='lat' dir='ltr'><strong>revocet,</strong></span> <span class='ocrx_word' id='word_1_785' title='bbox 3033 4982 3198 5039; x_wconf 90' lang='lat' dir='ltr'><strong>atque</strong></span> <span class='ocrx_word' id='word_1_786' title='bbox 3250 4970 3316 5023; x_wconf 83' lang='lat' dir='ltr'><strong>ad</strong></span> <span class='ocrx_word' id='word_1_787' title='bbox 3353 4970 3701 5036; x_wconf 74' lang='lat' dir='ltr'><strong>attiplexan-</strong></span> 
     </span>
    </p>
   </div>
   <div class='ocr_carea' id='block_1_107' title="bbox 2088 5061 3704 5132">
    <p class='ocr_par' dir='ltr' id='par_1_107' title="bbox 2088 5061 3704 5132">
     <span class='ocr_line' id='line_1_107' title="bbox 2088 5061 3704 5132; baseline -0.002 -14"><span class='ocrx_word' id='word_1_788' title='bbox 2088 5064 2211 5118; x_wconf 88' lang='lat' dir='ltr'><strong>dam</strong></span> <span class='ocrx_word' id='word_1_789' title='bbox 2256 5063 2622 5119; x_wconf 87' lang='lat' dir='ltr'><strong>Christianam</strong></span> <span class='ocrx_word' id='word_1_790' title='bbox 2675 5061 2990 5132; x_wconf 81' lang='lat' dir='ltr'><strong>religionem</strong></span> <span class='ocrx_word' id='word_1_791' title='bbox 3031 5062 3366 5124; x_wconf 86' lang='lat' dir='ltr'><strong>adhortetur,</strong></span> <span class='ocrx_word' id='word_1_792' title='bbox 3410 5061 3704 5117; x_wconf 80' lang='lat' dir='ltr'><strong>obsecrat</strong></span> 
     </span>
    </p>
   </div>
   <div class='ocr_carea' id='block_1_108' title="bbox 2088 5156 2432 5222">
    <p class='ocr_par' dir='ltr' id='par_1_108' title="bbox 2088 5156 2432 5222">
     <span class='ocr_line' id='line_1_108' title="bbox 2088 5156 2432 5222; baseline -0.003 -14"><span class='ocrx_word' id='word_1_793' title='bbox 2088 5164 2143 5208; x_wconf 89' lang='lat' dir='ltr'><strong>et</strong></span> <span class='ocrx_word' id='word_1_794' title='bbox 2167 5156 2432 5222; x_wconf 63' lang='lat' dir='ltr'><strong>praecipit.</strong></span> 
     </span>
    </p>
   </div>
   <div class='ocr_carea' id='block_1_109' title="bbox 2157 5242 3701 5313">
    <p class='ocr_par' dir='ltr' id='par_1_109' title="bbox 2157 5242 3701 5313">
     <span class='ocr_line' id='line_1_109' title="bbox 2157 5242 3701 5313; baseline -0.001 -16"><span class='ocrx_word' id='word_1_795' title='bbox 2157 5244 2523 5313; x_wconf 80' lang='lat' dir='ltr'><strong>Demophilum</strong></span> <span class='ocrx_word' id='word_1_796' title='bbox 2595 5246 2947 5309; x_wconf 86' lang='lat' dir='ltr'><strong>monachum,</strong></span> <span class='ocrx_word' id='word_1_797' title='bbox 3034 5245 3126 5312; x_wconf 91' lang='lat' dir='ltr'><strong>qui</strong></span> <span class='ocrx_word' id='word_1_798' title='bbox 3202 5242 3560 5311; x_wconf 72' lang='lat' dir='ltr'><strong>ptenitentem</strong></span> <span class='ocrx_word' id='word_1_799' title='bbox 3663 5267 3701 5302; x_wconf 70' lang='grc' dir='ltr'><strong>εδ</strong></span> 
     </span>
    </p>
   </div>
   <div class='ocr_carea' id='block_1_110' title="bbox 2086 5331 3701 5404">
    <p class='ocr_par' dir='ltr' id='par_1_110' title="bbox 2086 5331 3701 5404">
     <span class='ocr_line' id='line_1_110' title="bbox 2086 5331 3701 5404; baseline 0.001 -16"><span class='ocrx_word' id='word_1_800' title='bbox 2086 5336 2372 5389; x_wconf 87' lang='lat' dir='ltr'><strong>sacerdote</strong></span> <span class='ocrx_word' id='word_1_801' title='bbox 2408 5334 2747 5400; x_wconf 88' lang='lat' dir='ltr'><strong>absolutum,</strong></span> <span class='ocrx_word' id='word_1_802' title='bbox 2786 5336 3073 5402; x_wconf 88' lang='lat' dir='ltr'><strong>ipsumque</strong></span> <span class='ocrx_word' id='word_1_803' title='bbox 3119 5331 3454 5388; x_wconf 87' lang='lat' dir='ltr'><strong>sacerdotem</strong></span> <span class='ocrx_word' id='word_1_804' title='bbox 3486 5348 3515 5385; x_wconf 83' lang='lat' dir='ltr'><strong>a</strong></span> <span class='ocrx_word' id='word_1_805' title='bbox 3556 5350 3701 5404; x_wconf 83' lang='lat' dir='ltr'><strong>quo</strong></span> 
     </span>
    </p>
   </div>
   <div class='ocr_carea' id='block_1_111' title="bbox 2086 5424 3702 5494">
    <p class='ocr_par' dir='ltr' id='par_1_111' title="bbox 2086 5424 3702 5494">
     <span class='ocr_line' id='line_1_111' title="bbox 2086 5424 3702 5494; baseline 0.002 -15"><span class='ocrx_word' id='word_1_806' title='bbox 2086 5426 2259 5482; x_wconf 88' lang='lat' dir='ltr'><strong>fuerat</strong></span> <span class='ocrx_word' id='word_1_807' title='bbox 2285 5426 2587 5491; x_wconf 85' lang='lat' dir='ltr'><strong>absolutus,</strong></span> <span class='ocrx_word' id='word_1_808' title='bbox 2617 5427 2808 5480; x_wconf 89' lang='lat' dir='ltr'><strong>durius</strong></span> <span class='ocrx_word' id='word_1_809' title='bbox 2836 5433 3192 5487; x_wconf 82' lang='lat' dir='ltr'><strong>traCtaverat,</strong></span> <span class='ocrx_word' id='word_1_810' title='bbox 3216 5424 3442 5494; x_wconf 88' lang='lat' dir='ltr'><strong>epistola</strong></span> <span class='ocrx_word' id='word_1_811' title='bbox 3468 5435 3702 5482; x_wconf 74' lang='lat' dir='ltr'><strong>octava</strong></span> 
     </span>
    </p>
   </div>
   <div class='ocr_carea' id='block_1_112' title="bbox 2084 5516 3697 5588">
    <p class='ocr_par' dir='ltr' id='par_1_112' title="bbox 2084 5516 3697 5588">
     <span class='ocr_line' id='line_1_112' title="bbox 2084 5516 3697 5588; baseline 0.002 -17"><span class='ocrx_word' id='word_1_812' title='bbox 2084 5521 2331 5588; x_wconf 90' lang='lat' dir='ltr'><strong>corripit.</strong></span> <span class='ocrx_word' id='word_1_813' title='bbox 2371 5518 2736 5585; x_wconf 87' lang='lat' dir='ltr'><strong>Quamobrem</strong></span> <span class='ocrx_word' id='word_1_814' title='bbox 2770 5517 3116 5571; x_wconf 89' lang='lat' dir='ltr'><strong>clementiam</strong></span> <span class='ocrx_word' id='word_1_815' title='bbox 3150 5516 3697 5574; x_wconf 87' lang='lat' dir='ltr'><strong>mansuetudinem-</strong></span> 
     </span>
    </p>
   </div>
   <div class='ocr_carea' id='block_1_113' title="bbox 2084 5607 3697 5679">
    <p class='ocr_par' dir='ltr' id='par_1_113' title="bbox 2084 5607 3697 5679">
     <span class='ocr_line' id='line_1_113' title="bbox 2084 5607 3697 5679; baseline 0 -14"><span class='ocrx_word' id='word_1_816' title='bbox 2084 5626 2189 5679; x_wconf 90' lang='lat' dir='ltr'><strong>que</strong></span> <span class='ocrx_word' id='word_1_817' title='bbox 2226 5612 2592 5674; x_wconf 89' lang='lat' dir='ltr'><strong>commendat,</strong></span> <span class='ocrx_word' id='word_1_818' title='bbox 2638 5625 2703 5663; x_wconf 88' lang='lat' dir='ltr'><strong>ac</strong></span> <span class='ocrx_word' id='word_1_819' title='bbox 2743 5611 2907 5664; x_wconf 87' lang='lat' dir='ltr'><strong>variis</strong></span> <span class='ocrx_word' id='word_1_820' title='bbox 2952 5609 3173 5679; x_wconf 82' lang='lat' dir='ltr'><strong>Moysis,</strong></span> <span class='ocrx_word' id='word_1_821' title='bbox 3222 5609 3459 5672; x_wconf 87' lang='lat' dir='ltr'><strong>Davidis,</strong></span> <span class='ocrx_word' id='word_1_822' title='bbox 3505 5607 3697 5665; x_wconf 53' lang='lat' dir='ltr'><strong>.lose-</strong></span> 
     </span>
    </p>
   </div>
   <div class='ocr_carea' id='block_1_114' title="bbox 2085 5700 3700 5771">
    <p class='ocr_par' dir='ltr' id='par_1_114' title="bbox 2085 5700 3700 5771">
     <span class='ocr_line' id='line_1_114' title="bbox 2085 5700 3700 5771; baseline 0.001 -18"><span class='ocrx_word' id='word_1_823' title='bbox 2085 5702 2198 5771; x_wconf 88' lang='lat' dir='ltr'><strong>phi,</strong></span> <span class='ocrx_word' id='word_1_824' title='bbox 2273 5700 2616 5771; x_wconf 85' lang='lat' dir='ltr'><strong>angelorum,</strong></span> <span class='ocrx_word' id='word_1_825' title='bbox 2688 5708 2744 5755; x_wconf 89' lang='lat' dir='ltr'><strong>et</strong></span> <span class='ocrx_word' id='word_1_826' title='bbox 2812 5702 3014 5755; x_wconf 87' lang='lat' dir='ltr'><strong>Christi</strong></span> <span class='ocrx_word' id='word_1_827' title='bbox 3095 5700 3307 5753; x_wconf 86' lang='lat' dir='ltr'><strong>Domini</strong></span> <span class='ocrx_word' id='word_1_828' title='bbox 3394 5700 3700 5767; x_wconf 54' lang='lat' dir='ltr'><strong>exemplis</strong></span> 
     </span>
    </p>
   </div>
   <div class='ocr_carea' id='block_1_115' title="bbox 2085 5792 3709 5866">
    <p class='ocr_par' dir='ltr' id='par_1_115' title="bbox 2085 5792 3709 5866">
     <span class='ocr_line' id='line_1_115' title="bbox 2085 5792 3709 5866; baseline 0 -18"><span class='ocrx_word' id='word_1_829' title='bbox 2085 5795 2277 5866; x_wconf 86' lang='lat' dir='ltr'><strong>probat</strong></span> <span class='ocrx_word' id='word_1_830' title='bbox 2313 5792 2627 5850; x_wconf 84' lang='lat' dir='ltr'><strong>sacerdotes</strong></span> <span class='ocrx_word' id='word_1_831' title='bbox 2657 5809 2687 5848; x_wconf 87' lang='lat' dir='ltr'><strong>a</strong></span> <span class='ocrx_word' id='word_1_832' title='bbox 2718 5793 2997 5849; x_wconf 72' lang='lat' dir='ltr'><strong>monachis</strong></span> <span class='ocrx_word' id='word_1_833' title='bbox 3037 5806 3143 5846; x_wconf 81' lang='lat' dir='ltr'><strong>non</strong></span> <span class='ocrx_word' id='word_1_834' title='bbox 3176 5806 3296 5845; x_wconf 83' lang='lat' dir='ltr'><strong>esse</strong></span> <span class='ocrx_word' id='word_1_835' title='bbox 3329 5794 3709 5863; x_wconf 62' lang='lat' dir='ltr'><strong>arguendos,</strong></span> 
     </span>
    </p>
   </div>
  </div>
