3748 6314
109 374 164 427 ιδ
1388 355 1912 413 ΡιὶΟΙιΕϐυΜιςΜ.
3260 360 3278 410 t
3298 362 3321 412 t

98 501 258 557 atque
283 497 409 541 ante
438 487 612 557 ipsum
643 487 733 555 qui
762 484 815 538 id
849 493 1116 537 attentare
1146 496 1307 536 ausus
1348 481 1531 545 fuerit,
1566 482 1651 534 in—
1680 484 1730 541 Α
1758 478 1879 531 doxi
1915 477 2134 546 pedibus
2156 476 2209 531 in
2235 490 2418 529 eorum
2455 477 2649 529 ivcriot
2688 471 3047 538 sententiam,
3093 491 3319 542 eamque

100 588 310 634 ventum
339 594 459 634 esse
494 578 784 633 neminem.
828 574 1072 643 Denique
1098 582 1439 643 peccatoreu:
1482 574 1655 641 paeni-

100 680 296 724 tentem
318 670 387 724 ab
411 670 530 739 ipso
555 684 657 723 non
683 668 935 723 debuisse
964 667 1113 735 rejici
1144 669 1277 721 mira
1301 670 1470 724 sancti
1495 668 1653 738 Carpi

96 764 304 818 visione
321 765 678 819 demonstrat.

164 855 416 923 Epistolas
463 872 619 910 nonte
662 858 731 909 ad
775 856 946 919 Titum
992 863 1292 929 episcopum
1324 863 1459 913 datae
1503 857 1656 912 initio

89 943 227 1011 quid
268 943 456 1012 figurze
493 945 803 1015 symbolicaa
845 958 899 1002 et
937 964 1232 1019 corporeae,
1277 966 1399 1019 quae
1444 951 1553 1003 Deo
1602 949 1654 1000 in

92 1034 376 1105 Scriptura
417 1053 574 1092 sacra
606 1040 938 1107 tribuuntur,
966 1043 1294 1111 significent,
1334 1054 1523 1096 auctor
1554 1056 1653 1094 no-

89 1135 202 1180 ster
245 1127 512 1182 enucleat.
558 1130 758 1185 Deinde
801 1147 864 1186 ea
896 1149 1016 1202 qua:
1060 1133 1216 1190 Titus
1264 1135 1652 1206 postulaverat,

87 1220 386 1286 explanare
427 1236 741 1290 aggressus.
792 1226 1030 1279 ostendit
1090 1226 1215 1295 quid
1274 1233 1339 1287 sit
1406 1227 1653 1291 ebrietas,

86 1312 413 1377 discubitus,
478 1331 690 1369 somnus
748 1329 796 1371 et
842 1322 1100 1390 euigilatio
1156 1323 1270 1377 Dei.
1333 1322 1412 1378 Ex
1462 1324 1656 1394 quibus

88 1402 246 1458 facile
291 1405 514 1475 colligas
554 1406 624 1461 ibi
664 1409 793 1463 nihil
842 1412 984 1468 aliud
1019 1431 1178 1483 quam
1227 1417 1407 1486 priora
1455 1417 1652 1485 capitis

87 1499 214 1547 noni
249 1494 525 1551 Maiae-hiat
558 1501 834 1568 pmphetae
862 1503 1023 1557 verba
1053 1504 1331 1573 explicari.

154 1585 209 1638 In
260 1587 488 1655 epistola
543 1591 775 1655 decima,
823 1594 893 1645 ad
936 1594 1200 1649 Joannem
1258 1596 1649 1665 evangelistam,

82 1674 136 1728 in
173 1675 348 1730 insula
370 1675 631 1733 Patbmos
654 1682 987 1736 exsulantem
1012 1682 1240 1748 directa,
1263 1697 1452 1741 auctor
1474 1696 1656 1740 noster

82 1767 313 1821 celerem
352 1768 430 1822 illi
470 1770 537 1825 ab
574 1772 766 1829 exsilio
798 1774 850 1826 itt
891 1774 1074 1830 Asiam
1104 1777 1363 1848 reditum,
1390 1777 1570 1847 ibique
1596 1794 1654 1832 se

81 1857 195 1925 ejus
216 1862 507 1929 praesentia
537 1861 829 1920 fruiturum
868 1877 1018 1922 certo
1041 1870 1396 1936 praenuntiat.

150 1950 377 2018 Adjecta
430 1962 517 2007 est
562 1957 616 2010 in
668 1958 940 2013 nonnullis
982 1959 1307 2014 editionibus
1365 1959 1647 2014 undecima

82 2042 321 2095 auctoris
381 2046 550 2099 nostri
597 2048 665 2099 ad
703 2048 1109 2119 Apollophanem
1132 2050 1492 2119 philosOphum
1538 2055 1649 2120 epi-

79 2132 213 2185 stola
249 2149 265 2185 :
296 2134 390 2188 sed
420 2150 546 2190 cum
575 2150 636 2190 ea
661 2139 753 2192 vix
782 2139 850 2193 ab
882 2140 989 2194 ullo
1020 2141 1253 2211 genuina
1281 2157 1400 2197 esse
1422 2157 1645 2197 censea-

83 2231 184 2285 tur,
224 2225 295 2279 de
329 2226 472 2283 illius
504 2230 755 2292 veritate,
796 2246 861 2285 ne
885 2246 1009 2285 cum
1052 2232 1175 2286 aliis
1200 2250 1428 2302 quarum
1478 2235 1648 2301 major

75 2327 159 2369 est
185 2315 493 2383 difﬁcultas,
534 2321 975 2389 confunderetur,
1011 2324 1062 2378 in
1111 2325 1215 2380 fine
1258 2325 1415 2394 hujus
1445 2326 1649 2383 Disser-

80 2409 303 2464 tationis
341 2413 759 2480 disputabimus.

700 2525 925 2581 CAPUT
966 2528 1025 2583 ll.

82 2608 381 2679 Exponit"
413 2624 583 2670 status
616 2621 939 2688 quastioms,
972 2634 1015 2675 et
1046 2640 1149 2692 qua
1177 2628 1421 2682 met/tudo
1446 2638 1646 2683 tracta-

791 2692 952 2743 bitur.

141 2790 218 2848 De
268 2795 355 2849 his
401 2794 876 2853 lucubrationibus
926 2800 971 2855 si
1003 2818 1068 2857 ex
1118 2802 1234 2870 ipso
1270 2817 1458 2858 earnm
1489 2806 1645 2859 testi-

76 2887 253 2941 monio
315 2887 522 2942 feratur
577 2892 885 2959 sententia,
941 2904 1155 2947 certum
1216 2906 1301 2950 est
1359 2895 1481 2949 illas
1539 2912 1642 2951 non

76 2978 232 3030 alium
297 2994 459 3047 quam
521 2979 834 3051 Dionysium
897 2983 1318 3053 Areopagitam,
1372 3003 1402 3041 a
1468 2986 1640 3044 Paulo

73 3068 321 3135 apostolo
355 3072 423 3127 ad
460 3070 828 3128 Chr3stianam
883 3076 1042 3132 fidem
1072 3078 1385 3143 adductum,
1419 3079 1644 3149 ejusque

77 3176 254 3227 postea
315 3165 657 3235 discipulum,
714 3168 967 3222 habuisse
1026 3179 1330 3226 auctorem.
1410 3172 1642 3226 Verum-

78 3255 356 3311 euitnvero
402 3272 523 3325 quae
550 3258 618 3313 de
656 3259 812 3322 solis,
859 3261 1072 3315 Christo
1114 3263 1393 3328 moriente,
1433 3264 1641 3334 eclipsi,

77 3344 135 3396 de
177 3359 420 3415 corpore
475 3347 715 3417 Deipam
760 3350 995 3418 Virginis
1041 3361 1158 3420 post
1194 3354 1309 3421 ejus
1361 3366 1589 3410 mortem
1617 3373 1644 3410 a

75 3450 126 3487 se
170 3449 224 3490 et
272 3439 344 3492 ab
401 3441 658 3508 apostolis
710 3442 848 3504 viso,
895 3444 960 3497 de
1004 3442 1227 3499 Joannis
1297 3448 1645 3517 evangelista:

69 3528 134 3580 ab
173 3530 377 3584 exsilio
428 3548 676 3602 regressu
727 3534 1004 3598 dicuntur,
1057 3552 1202 3592 easa
1253 3542 1509 3612 Dionysio
1554 3544 1645 3596 illo

71 3618 306 3685 scriptas
328 3634 450 3674 esse
477 3622 717 3678 clamant
755 3635 813 3679 et
844 3627 1226 3684 testificantur.
1254 3630 1359 3685 Sed
1393 3632 1521 3687 illud
1553 3649 1647 3685 vo-

72 3719 217 3764 catur
244 3712 305 3765 in
340 3719 775 3770 controversiam
809 3734 937 3773 nunt
969 3721 1164 3774 horum
1193 3732 1385 3777 auctor
1412 3724 1642 3792 scripto-

76 3816 181 3856 rum
213 3805 260 3859 is
302 3820 434 3861 vere
466 3808 537 3861 sit
571 3809 920 3880 Areopagita,
971 3827 1135 3881 quem
1177 3830 1234 3868 se
1285 3815 1462 3883 prodit
1498 3833 1511 3869 :
1556 3816 1637 3871 vel

72 3897 332 3949 ementita
362 3899 495 3952 tanti
529 3901 627 3953 viri
674 3900 895 3957 nomine
929 3903 1149 3973 scriptis
1197 3906 1310 3960 suis
1344 3907 1635 3960 auctorita-

72 3996 167 4041 tem
225 3988 467 4044 voluerit
521 3992 843 4048 attribuere.
902 3994 1027 4050 llaec
1071 4006 1250 4050 autem
1294 3998 1521 4066 quaestio
1573 4001 1641 4053 ob

72 4080 306 4133 auctoris
334 4094 553 4144 nomen,
583 4092 639 4135 et
662 4097 873 4137 summa
904 4099 1023 4154 quae
1051 4086 1102 4139 in
1136 4087 1219 4140 his
1253 4087 1506 4155 operibus
1534 4096 1645 4142 tra-

72 4178 282 4223 ctantur
308 4183 656 4240 argumenta,
687 4176 823 4228 tanti
853 4176 1110 4244 ponderis
1139 4185 1193 4230 et
1234 4179 1491 4231 momenti
1526 4178 1637 4231 visa

72 4266 163 4320 est,
198 4271 260 4314 nt
291 4262 385 4315 vix
428 4261 535 4316 alia
578 4264 766 4329 fuerit,
808 4266 860 4318 in
898 4281 1006 4334 qua
1056 4269 1415 4321 examinanda
1461 4269 1638 4326 critici

77 4351 327 4418 majorem
361 4355 702 4424 diligentiam
741 4358 1055 4411 adhibuisse
1090 4359 1390 4415 videantur.

134 4441 301 4499 Porro
340 4452 527 4497 autem
560 4447 700 4499 duas
731 4445 805 4498 illi
839 4448 1169 4500 scinduntur
1209 4449 1260 4501 in
1292 4458 1498 4516 partes.
1531 4452 1633 4504 Alii

1759 566 1974 636 plurimi
2006 565 2169 619 rariis
2194 566 2674 630 lucubrationibus,
2702 566 2755 620 in
2784 566 2955 619 lucem
2982 567 3163 629 editis,
3191 583 3320 636 pro—

1760 657 2100 727 pngnandam
2136 658 2495 727 susceperint.
2526 658 2726 713 Contra
2756 669 2935 713 tamen
2977 669 3123 713 stant
3153 660 3320 731 aliqui

1760 766 1856 819 pro
1902 749 2271 817 antiquiorum
2321 750 2596 818 opinione,
2650 764 2811 818 quam
2868 750 3094 817 prolixis
3145 753 3311 806 etiam

1762 840 2261 903 Dissertationibus,
2307 842 2357 894 in
2389 843 2579 910 vulgus
2608 856 2715 894 non
2743 843 2814 895 ita
2847 842 3057 910 pridem
3082 844 3323 909 emissis,

1758 932 2058 987 defendunt
2099 947 2162 987 ac
2195 943 2435 989 tuentur.
2654 937 2657 940 ’

1829 1025 1953 1081 Htec
1984 1027 2165 1096 itaque
2195 1028 2423 1094 qumstio
2449 1043 2568 1081 cum
2594 1043 2691 1096 pro
2716 1026 2889 1083 oflicio
2919 1039 3105 1083 nostro
3132 1047 3323 1086 rursus

1759 1116 1823 1169 ad
1870 1132 2099 1171 examen
2148 1119 2450 1172 revocanda
2499 1119 2590 1185 sit,
2629 1120 2774 1172 illam
2821 1121 2890 1173 ita
2942 1124 3318 1183 tractabimus.

1758 1213 1836 1267 ut,
1862 1208 2113 1261 omnibus
2142 1206 2421 1277 utriusque
2449 1210 2617 1278 partis
2650 1211 2955 1266 rationibus
2983 1226 3134 1279 aequa
3165 1214 3322 1267 lance

1758 1304 2097 1369 ponderatis,
2127 1318 2313 1357 earum
2349 1306 2452 1355 vim
2498 1314 2552 1357 et
2585 1307 2767 1372 robur,
2820 1316 2914 1359 attt
2960 1307 3233 1361 levitatem
3265 1322 3336 1363 et‘

1757 1391 1886 1445 vitia
1913 1393 2061 1450 clare
2088 1401 2141 1445 et
2173 1395 2481 1462 perspicue,
2519 1408 2780 1463 quantum
2828 1412 2920 1466 per
2948 1414 3047 1452 nos
3080 1400 3195 1453 fieri
3228 1415 3325 1469 po-

1759 1485 1901 1547 terit,
1950 1485 2364 1553 patefaciamus.
2416 1486 2509 1541 llis
2561 1497 2739 1541 autem
2773 1505 2833 1542 ea
2865 1492 3047 1544 omnia
3094 1491 3319 1561 adjicie-

1758 1591 1876 1630 mtts
1899 1591 2017 1644 qua).
2060 1577 2125 1629 ad
2173 1577 2494 1631 eliciendam
2541 1580 3081 1651 confirtnandamque
3126 1584 3323 1636 verita-

1755 1677 1863 1723 tem
1895 1678 1949 1723 et
1974 1685 2143 1724 vanas
2171 1671 2411 1739 argutias
2441 1671 2792 1740 depellendus
2820 1676 2989 1745 magis
3016 1677 3323 1731 conducere

1760 1757 1913 1811 nobis
1957 1757 2303 1811 videbuntur.
2350 1759 2595 1828 Denique
2646 1761 2788 1816 hanc
2830 1764 3182 1830 quaestionem
3223 1780 3321 1833 pro

1755 1847 1895 1901 virili
1926 1858 2078 1918 parte
2107 1865 2166 1904 ea
2220 1851 2473 1905 methodo
2498 1852 2783 1906 enucleare
2824 1864 3165 1924 satagemus,
3210 1872 3318 1925 qua

1748 1939 2001 1995 sincerus
2052 1944 2302 1998 veritatis
2353 1954 2567 1998 amator
2621 1947 2687 1998 de
2750 1947 2833 2000 his
2888 1949 3109 2018 scriptis
3159 1964 3317 2004 suum

1747 2033 1921 2099 possit
1961 2032 2171 2089 facilius
2195 2044 2249 2089 et
2285 2036 2488 2090 certius
2522 2033 2967 2103 ferrejudicium.

2373 2147 2600 2203 CAPUT
2641 2151 2723 2205 ΙΙΙ.

1753 2252 1940 2309 Utrum
1996 2259 2211 2327 quidam
2265 2261 2541 2328 scriptores
2597 2271 2717 2314 ante
2772 2264 3121 2319 (Io/lationem
3172 2266 3315 2322 Lon—

1821 2328 2339 2403 stantjnopolitanam
2411 2331 2519 2384 [nec
2598 2346 2755 2400 opera
2842 2333 3092 2403 Dionysio
3171 2341 3319 2391 attri-

1821 2396 2022 2450 buerim
2049 2397 2073 2448 Ρ

1824 2494 2049 2564 Constat
2083 2513 2314 2580 quidem
2375 2515 2555 2568 omnia
2612 2517 2866 2573 Auctoris
2915 2521 3084 2573 nostri
3139 2520 3315 2590 Opera

1750 2611 1870 2668 post
1909 2599 2267 2658 Collationem
2313 2604 2783 2677 Constantinopoli
2832 2625 2973 2665 anno
3015 2611 3120 2665 555
3168 2614 3319 2667 habi-

1750 2700 1859 2744 tam
1907 2694 2158 2760 Dionysio
2202 2698 2547 2767 Areopagitae
2586 2715 2693 2754 uno
2735 2702 2847 2756 fere
2897 2704 3141 2757 omnium
3188 2720 3348 2759 conn

1749 2798 1907 2839 sensu
1945 2785 2113 2841 fuisse
2142 2788 2468 2863 adjudicata.
2500 2788 2692 2844 Utrum
2723 2805 2904 2847 autem
2930 2787 3116 2849 eadem
3147 2795 3348 2850 fuerit‘

1750 2880 2114 2949 antiquiorum
2150 2884 2351 2949 Opinio,
2396 2883 2541 2937 inter
2573 2874 2821 2941 eruditos
2860 2888 3161 2942 etiamnum
3198 2891 3314 2945 dis-

1749 2981 2012 3039 ceptatur.
2059 2973 2370 3044 Dionysiani
2424 2977 2570 3029 enim
2621 2978 2927 3032 testimonia
2977 2978 3227 3049 Origenis
3275 2983 3312 3045 ’,

1748 3062 2052 3125 Athanasii,
2094 3063 2383 3119 Clementis
2423 3065 2769 3122 Alexandrini
2827 3076 2880 3122 et
2922 3069 3163 3141 Gregorii
3206 3072 3313 3126 Na-

1752 3154 1988 3207 zianzeni
2030 3156 2071 3218 ’,
2099 3170 2127 3206 a
2167 3157 2360 3223 quibus
2409 3156 2521 3209 btet:
2570 3158 2766 3227 scripta
2807 3161 2889 3213 Vel
2939 3161 3171 3234 Dionysii
3218 3181 3316 3218 no-

1752 3245 1894 3298 mine
1940 3247 2129 3310 citata,
2170 3248 2250 3300 vel
2299 3247 2533 3303 indicata
2567 3250 2885 3320 opinantur,
2934 3257 3212 3323 proferunt
3261 3260 3314 3312 iu

1751 3336 2007 3390 medium.
2064 3338 2282 3390 Addunt
2362 3338 2671 3408 Dionysium
2737 3343 3193 3409 Alexandrinum,
3258 3358 3315 3399 ut

1748 3429 2061 3483 Anastasius
2104 3428 2335 3493 Sinaita,
2383 3442 2602 3485 sanctus
2648 3432 2914 3487 Maximus
2993 3447 3048 3488 et
3094 3436 3316 3492 Neetas

1747 3520 2036 3575 Cboniates
2088 3530 2372 3585 testantur,
2437 3524 2487 3576 iu
2542 3525 2727 3578 eadem
2796 3526 3034 3596 Dionysii
3085 3530 3313 3599 scripta,

1748 3612 2122 3668 adnotationcs
2149 3624 2202 3668 et
2235 3614 2439 3669 scholia
2466 3616 2722 3675 edidisse.

1820 3706 1925 3761 Sed
1970 3711 2305 3763 contendunt
2349 3725 2538 3764 eorum
2584 3712 2879 3766 adversarii
2924 3729 3095 3783 neque
3125 3714 3313 3784 Orige-

1749 3812 1890 3864 nem,
1944 3812 2118 3866 neque
2162 3799 2540 3864 Athanasium,
2582 3811 2639 3854 ut
2684 3817 2871 3858 ontnes
2920 3803 3077 3860 facile
3115 3818 3311 3860 conce-

1746 3891 1898 3953 dunt,
1949 3891 2042 3943 scd
2085 3891 2416 3946 recentiores
2450 3893 2709 3960 quosdam
2750 3893 2966 3962 borum,
2995 3911 3113 3964 qua:
3142 3896 3313 3950 citan-

1746 3989 1849 4039 tur.
1914 3995 2136 4049 operum
2211 3997 2333 4036 esse
2401 3994 2673 4039 auctores.
2730 3989 3002 4051 Quantum
3062 4002 3189 4041 vero
3242 3990 3309 4041 ad

1744 4072 1972 4136 scholia,
2001 4082 2206 4127 certum
2234 4075 2401 4128 videri
2430 4091 2493 4129 ea
2537 4075 2776 4148 Dionysii
2817 4079 3167 4133 Alexandrini
3203 4096 3309 4134 non

1742 4178 1860 4217 esse
1910 4160 2099 4219 fetum.
2154 4166 2412 4220 Eusebius
2461 4169 2662 4222 etenim
2713 4179 2875 4239 atque
2927 4171 3308 4243 Hieronymus,

1740 4256 1830 4325 qtti
1859 4255 2208 4310 Alexandrini
2239 4259 2395 4329 hujus
2422 4261 2746 4329 patriarcha:
2799 4279 2962 4331 opera
3011 4260 3313 4338 diligeptis-

1739 4349 1875 4402 sitne
1905 4361 2311 4415 recensuerunt,
2344 4353 2546 4407 nullam
2584 4355 2808 4408 omnino
2839 4356 3030 4409 horum
3073 4357 3307 4411 scholia--

1741 4457 1857 4494 rum
1910 4442 2154 4496 fecerunt
2216 4445 2563 4498 mentionem.
2614 4447 2751 4511 Quid
2802 4450 2946 4515 quod
2991 4448 3309 4503 Anastasius

77 4536 331 4602 siquidem
375 4535 580 4605 scripta
624 4537 738 4592 hec
784 4538 963 4591 omnia
995 4554 1022 4592 ει
1069 4540 1323 4611 Dionysio
1368 4543 1504 4611 ipso.
1541 4560 1633 4599 cn-
1673 4551 1712 4603 D
1742 4546 1804 4584 ac
1848 4542 1971 4601 ροει
2008 4547 2133 4587 eum
2178 4532 2445 4588 MilXilIIUS
2484 4536 2627 4590 hunc
2671 4537 2980 4606 DiOIIySiUIII
3026 4554 3091 4592 CX
3124 4541 3305 4594 rheto-

70 4623 145 4689 jus
184 4627 409 4681 nomine
466 4628 858 4693 inscribuntur,
914 4630 1158 4698 profecta
1210 4647 1329 4686 esse
1385 4646 1633 4692 censent.

76 4718 187 4781 Quae
238 4720 466 4789 quidem
518 4721 701 4788 opinio
754 4722 822 4774 ab
875 4737 941 4775 eo
979 4731 1221 4792 tempore
1272 4740 1381 4792 quo
1429 4726 1531 4780 illa:
1580 4728 1633 4781 in

72 4809 242 4875 vulgus
264 4809 616 4880 prodierunt,
656 4824 829 4878 usque
865 4813 931 4863 ad
973 4812 1242 4865 decimum
1276 4824 1492 4867 sextum
1528 4815 1633 4870 Ec-

71 4898 236 4953 clesia:
284 4901 583 4967 smculum,
635 4901 822 4969 paucis
874 4902 1237 4973 nequidquam
1288 4904 1631 4960 reclamanti-

70 4991 177 5053 bus,
235 4993 380 5061 aputl
434 5006 624 5045 omnes
677 4990 789 5045 fere
833 4991 1079 5044 invaluit.
1127 4992 1232 5044 Alii
1273 5006 1304 5045 e
1352 4993 1631 5047 contrario

69 5083 239 5135 eadem
294 5096 462 5151 opera
523 5096 647 5134 rum
693 5081 859 5135 libros
905 5092 1017 5135 ttttn
1058 5082 1320 5151 epistolas
1374 5083 1633 5154 Dionysio

68 5173 395 5242 AreOpagita:
452 5177 611 5244 plane
662 5175 984 5244 penitusque
1049 5176 1388 5244 abjudicant,
1460 5191 1633 5245 eaque

70 5265 355 5319 adulterina
384 5276 442 5321 et
472 5274 623 5319 tanto
661 5265 775 5319 viro
808 5267 1085 5334 supposita
1118 5281 1241 5320 esse
1267 5267 1627 5320 arbitrantur.

68 5352 198 5413 Hanc
224 5373 360 5413 vero
404 5358 721 5426 opinionem
765 5374 888 5413 cum
934 5357 1082 5411 Valla
1111 5368 1166 5413 et
1208 5359 1465 5413 Erasmus
1512 5378 1631 5414 am-

68 5450 248 5510 plexati
291 5451 547 5511 fuissent,
581 5451 877 5504 acerrimos
906 5452 1147 5503 omnium
1182 5452 1282 5504 sibi
1323 5453 1623 5505 adversan-

71 5540 179 5594 tium
211 5545 456 5612 impetus
486 5550 845 5611 exceperunt.
887 5542 993 5596 Sed
1025 5542 1060 5596 ii
1104 5542 1317 5596 demum
1349 5542 1420 5596 ita
1467 5543 1623 5598 fracti

72 5643 197 5696 sunt,
241 5645 305 5688 ut
353 5649 496 5703 pene
536 5647 729 5690 omnes
767 5641 874 5686 tam
901 5632 1158 5689 Catholici
1204 5649 1367 5704 quam
1405 5636 1623 5691 hetero-

127 5782 141 5812 ¹
177 5778 377 5834 Ilomil.
400 5779 457 5845 2,
491 5780 563 5834 De
589 5787 769 5842 dicen.

1744 4637 1859 4674 rum
1891 4638 2118 4675 numero
2160 4625 2469 4693 episcopqu
2505 4624 2704 4680 factum
2742 4625 2911 4682 fuisse
2946 4628 3099 4683 aiunt
3134 4631 3153 4660 ³
3182 4649 3197 4682 :
3242 4631 3307 4683 At

1739 4727 1959 4781 magnus
2000 4713 2279 4783 Dionysius
2326 4716 2509 4784 (verba
2553 4729 2681 4771 sunt
2728 4718 3025 4788 Anastasii)
3073 4737 3137 4773 ea:
3188 4721 3306 4774 rite-

1738 4816 1911 4857 torum
1961 4821 2173 4858 numero
2219 4807 2485 4875 episcopus
2543 4808 2742 4874 factus,
2796 4812 2851 4862 in
2901 4810 3145 4877 scholit‘s,
3200 4823 3306 4866 etc.

1738 4895 2002 4952 Maximus
2040 4914 2165 4953 vero
2202 4901 2311 4954 ἀπὸ
2352 4902 2615 4972 ρητόρων,
2647 4912 2754 4956 etc.
2803 4904 2962 4971 Atqui
2994 4904 3304 4970 Dionysius,

1736 4999 2029 5059 antequam
2056 4992 2109 5045 in
2141 4992 2450 5062 episcopum
2475 4994 2905 5049 Alexandrinum
2930 5005 3076 5049 esset
3098 5011 3306 5053 assunt-

1732 5092 1883 5150 ptus,
1924 5100 2030 5138 non
2065 5086 2393 5140 rhetoricam
2429 5086 2806 5155 profitebatur,
2850 5102 2946 5141 seu
2995 5088 3307 5143 ettteclteses

1734 5178 1874 5245 apud
1927 5177 2176 5247 populum
2229 5179 2600 5234 Christianum
2660 5179 2910 5233 habebat.
2977 5179 3117 5246 Quid
3173 5195 3305 5250 ergo

1732 5267 1857 5322 inde
1903 5267 2047 5323 aliud
2086 5270 2325 5340 colligas,
2371 5285 2532 5339 quam
2589 5272 2705 5325 hare
2736 5269 2939 5325 scholia
2994 5276 3301 5342 conscripta

1735 5357 1900 5413 fuisse
1936 5375 1965 5413 a
2005 5361 2237 5427 quodam
2274 5360 2514 5427 rhetore,
2566 5359 2783 5413 nomine
2826 5358 3105 5430 Dionysio,
3139 5376 3298 5429 quem

1730 5452 2050 5507 Anastasius
2108 5466 2162 5508 et
2224 5454 2493 5508 Maximus
2552 5454 2916 5524 patriarcbatn
2972 5456 3298 5511 Alexandri—

1734 5563 1859 5599 num
1906 5560 2024 5602 esse
2064 5547 2201 5604 falso
2249 5548 2499 5603 arbitrati
2544 5546 2904 5617 sunt..Neque
2947 5565 3076 5605 vero
3107 5552 3159 5604 itt
3196 5550 3300 5605 hoc

1733 5645 1939 5689 tantum
1984 5640 2186 5692 erravit
2227 5640 2574 5704 Anastasius;
2626 5654 2750 5693 nam
2804 5651 2862 5695 ut
2890 5652 3085 5698 αριθιά
3123 5649 3270 5700 laeea

883 5788 902 5818 ²
936 5788 1137 5853 Quam.
1182 5759 1253 5843 ad
1298 5789 1542 5843 Antioch.
1620 5792 1639 5823 ³
1680 5789 1835 5846 Tom.
1889 5790 1950 5847 Vl
1998 5791 2135 5845 Bibl.
2170 5789 2420 5859 Patrum,
2463 5808 2584 5865 cap.
2621 5794 2709 5853 12.
