3748 6308
469 373 528 428 lii
1611 372 1665 428 S.
1711 373 2085 433 DIONYSIUS
2125 377 2565 436 AREOPAClT.\
3686 387 3722 438 l‘

465 507 614 556 mus,
681 490 732 544 in
757 493 946 546 eodem
1006 507 1170 560 opere
1234 493 1600 560 Augustinum
1681 511 1781 564 pro
1837 495 2056 550 Christo
2089 499 2344 570 AOpera
2402 499 2665 570 Dionysio
2713 501 3058 570 Areapagitte
3103 501 3374 556 attribuit.
3431 500 3579 555 Ante
3627 518 3721 555 eun

467 586 780 654 sanguinem
822 601 978 639 suum
1015 583 1224 640 fudisse
1250 586 1482 641 aﬂirmat
1517 607 1530 643 :
1569 586 1842 654 Facessat,
1876 590 2053 660 inquit
2162 610 2294 650 vero
2320 592 2571 660 Ephracm
2607 593 2920 662 patriarcha
2957 594 3355 650 Antiochenus.

473 685 612 747 lrap.
647 679 724 748 1),
771 679 1122 749 Augustinus,
1164 681 1255 748 qui
1295 697 1391 734 suo
1419 683 1680 752 sanguine
1716 685 1768 736 in
1813 685 2047 754 scriptis,
2229 683 2391 738 Circa
2441 683 2593 736 initia
2641 683 2822 736 sreculi
2868 685 3085 752 septimi
3129 686 3320 739 eadem
3366 685 3471 740 fuit
3496 688 3721 759 Greguri

470 772 599 827 έναι
635 774 689 824 iu
733 770 944 823 Christo
987 779 1212 824 naturas
1239 772 1585 842 consignavit.
1639 774 1809 829 Porro
1851 792 1913 829 ea
1955 793 2048 830 ειυ-
2161 775 2336 846 Magni
2381 774 2646 828 sententia
2696 774 2884 829 bomil.
2921 775 2990 828 54
3034 775 3088 829 in
3124 775 3388 846 Evangel.
3424 775 3608 834 Luem.
3649 780 3721 834 Eo

469 875 676 927 etot-um
723 865 814 932 qui
847 865 1110 918 hactenus
1141 863 1294 918 citati
1322 875 1470 930 sunt,
1493 881 1599 935 pro
1639 867 1882 939 Dionysii
1905 869 2053 939 Ope-
2161 869 2283 920 dem
2333 866 2532 921 sarculo
2572 877 2628 920 et
2677 865 3041 921 Monothelitre
3083 867 3348 930 ltazretiei,
3390 878 3443 923 et
3463 868 3720 926 Catholic-

469 957 615 1011 ribus
665 956 999 1022 testimOuia,
1051 955 1173 1010 ﬁdei
1215 967 1337 1010 sunt
1381 958 1519 1011 adeo
1546 959 1821 1024 srrhlesue,
1861 970 1918 1014 ut
1947 962 2044 1014 do-
2161 978 2352 1016 uinncs
2390 961 2505 1016 sive
2536 962 2588 1014 in
2614 961 2836 1030 synodis
2880 959 3240 1016 Lateranensi
3273 973 3328 1017 et.
3354 962 3722 1017 Constantino-

465 1049 670 1102 etiores
700 1047 1030 1118 scriptorum
1078 1049 1422 1119 Areopagitae
1453 1050 1768 1106 defensores
1811 1052 1903 1106 illa
1937 1068 2046 1106 non
2160 1054 2398 1122 politana
2425 1053 2688 1124 generali,
2718 1053 2834 1106 sive
2857 1053 2912 1106 in
2951 1053 3170 1120 scriptis
3199 1055 3314 1109 suis
3343 1057 3531 1109 eadem
3563 1056 3722 1128 Oper:

465 1151 676 1196 tantum
726 1157 942 1212 urgere,
991 1142 1084 1196 sed
1146 1157 1248 1198 nec
1306 1157 1612 1212 proponere
1661 1158 1878 1214 atquum
1925 1160 2046 1199 esse
2162 1147 2428 1216 Dionysio
2477 1145 2820 1215 Areopagitae
2887 1147 3130 1199 tribuunt
3179 1154 3234 1200 et
3294 1146 3598 1203 vindicant.
3672 1150 3722 1204 Ιρι

463 1235 807 1303 putaverint.
2098 1229 2112 1290 ’.
2159 1238 2378 1305 quidem
2407 1237 2648 1292 haeretici
2678 1253 2693 1290 :
2719 1237 2947 1308 Sergius
2979 1237 3142 1308 epist.
3174 1239 3240 1291 ad
3271 1237 3472 1309 Cyrum
3503 1241 3721 1307 patriar

536 1328 647 1383 Nec
698 1328 923 1396 majoris
980 1331 1235 1400 ponderis
1294 1337 1377 1384 est
1423 1329 1570 1383 aliud
1633 1340 2041 1399 argumentum.
2159 1333 2316 1385 chain
2375 1329 2708 1396 Alexandr.;
2745 1328 3080 1384 Themistins
3117 1330 3276 1398 epist.
3331 1333 3396 1384 ad
3439 1331 3722 1388 Marcellini.

466 1423 591 1475 inde
641 1422 886 1486 ductum,
945 1425 1090 1492 quod
1141 1421 1392 1477 Clemens
1439 1421 1850 1478 Alexandrinus
1888 1433 1942 1476 et
1990 1423 2044 1476 in
2159 1424 2432 1494 presbyt.,
2460 1432 2515 1478 et
2551 1422 2744 1491 Steph.
2792 1423 2934 1477 diae.
2967 1421 3232 1476 Catholici
3277 1437 3407 1476 vero
3442 1441 3456 1476 :
3496 1423 3722 1492 Septue-

464 1517 531 1571 iis
573 1529 695 1585 qua:
735 1516 802 1570 de
831 1515 941 1571 Deo
966 1530 1061 1585 per
1091 1517 1408 1587 negationes
1439 1517 1821 1586 cognoscendo
1854 1516 2045 1580 tradit,
2160 1517 2285 1570 nius
2313 1517 2628 1586 patriarcha
2659 1516 3051 1585 Hierosolym.,
3087 1515 3250 1585 epist.
3278 1517 3345 1569 ad
3375 1517 3564 1585 Serg.;
3604 1518 3722 1587 Agu-

459 1619 514 1662 et
560 1608 612 1662 iu
646 1622 713 1662 eo
753 1607 896 1675 quod
939 1607 1188 1661 homines
1221 1609 1345 1661 vitae
1387 1608 1648 1676 gnosticze
1689 1607 1923 1670 ded.tos,
1976 1607 2044 1660 iis
2159 1608 2255 1662 tho
2289 1623 2448 1678 papa,
2490 1612 2651 1678 epist.
2691 1610 2757 1661 ad
2798 1608 3086 1662 Constant.
3126 1606 3430 1675 Pogonat.;
3467 1607 3722 1662 Maximus

460 1702 552 1771 qui
585 1701 880 1755 anchoram
915 1703 1086 1760 navis,
1124 1708 1182 1752 ut
1214 1700 1280 1752 ad
1310 1714 1429 1754 eam
1465 1701 1757 1763 accedant,
1795 1703 2038 1762 trahunt,
2157 1700 2326 1755 abbas
2379 1711 2435 1756 et
2488 1711 2731 1772 martyr,
2791 1699 2842 1753 in
2903 1698 3147 1754 seholiis.
3201 1701 3332 1754 Item
3392 1699 3675 1753 Adrianus
3716 1701 3722 1749 |

461 1797 822 1864 comparavit,
855 1793 1168 1866 Dionysium
1213 1803 1456 1851 nostrum
1491 1793 1561 1848 sit
1595 1793 1860 1847 imitatus.
1893 1791 2040 1848 Con-
2157 1807 2318 1862 papa,
2363 1794 2525 1861 epist.
2560 1792 2624 1845 ad
2655 1790 2837 1845 Carol.
2889 1791 3068 1861 Magn.
3099 1806 3199 1860 pro
3228 1791 3456 1860 septima
3499 1794 3722 1861 synodo.

463 1887 714 1941 traenim
750 1885 991 1941 nonnulli
1034 1868 1541 1956 AreOpagiticorum
1565 1885 1872 1940 adversarii
1903 1901 2037 1940 eon-
2075 1883 2116 1940 Β
2149 1885 2251 1941 liis
2286 1885 2508 1954 adjungi
2541 1895 2718 1954 potest
2756 1885 3078 1940 Theodorus
3109 1888 3396 1954 presbyter
3424 1887 3566 1952 apud
3600 1884 3722 1938 Phu.

461 1981 689 2034 tendunt
745 1994 853 2033 non
903 1978 1240 2032 Clementem
1289 1993 1354 2032 ex
1420 1994 1554 2034 vero
1605 1977 1888 2049 Dionysio,
1940 1977 2035 2030 sed
2151 1979 2288 2032 tium
2317 1977 2368 2030 in
2393 1976 2814 2042 Bibliotli.,cod.
2846 1993 2907 2032 tt.
2937 1976 3200 2043 Quamvis
3225 1976 3722 2046 enimincompertn

458 2071 1006 2142 pseudo-Dionysium
1056 2084 1085 2123 a
1130 2069 1435 2135 Clemente,
1480 2071 1570 2140 qui
1621 2070 1716 2123 illo
1755 2069 2040 2138 antiquior
2150 2075 2222 2127 sit
2255 2071 2400 2126 illius
2427 2083 2586 2134 ictas,
2624 2073 3041 2142 antiquissimus
3077 2081 3259 2125 tanten
3303 2086 3424 2126 esse
3468 2072 3721 2124 creditur.

455 2171 594 2228 erat,
628 2177 689 2218 ea
721 2177 841 2232 qua:
890 2159 1209 2215 referuntur
1255 2175 1382 2214 suos
1436 2161 1729 2214 adduxisse
1776 2161 1830 2213 in
1883 2175 2034 2212 usus.
2224 2165 2434 2220 δειιευΙο
2479 2175 2692 2230 octavo,
2734 2162 2972 2219 Joannes
3011 2165 3379 2218 Datnaseenus
3425 2161 3567 2217 lih.t
3633 2162 3721 2215 0r-

457 2254 562 2308 Alii
595 2269 726 2310 vero
761 2263 956 2323 putant
1007 2252 1121 2308 fieri
1170 2252 1328 2308 facile
1375 2253 1619 2321 potuisse
1667 2263 1726 2306 ut
1770 2260 2030 2322 uterque,
2147 2257 2324 2312 ιΙιοπιιι
2348 2258 2470 2325 fid.,
2505 2273 2626 2326 cap.
2664 2257 2753 2324 15,
2783 2267 2838 2312 et
2863 2257 2959 2310 lib.
2994 2271 3055 2319 tt,
3089 2271 3211 2323 cap.
3243 2255 3306 2320 ὃς
3339 2253 3574 2309 Michael
3607 2256 3722 2325 Syn-

456 2347 558 2400 etsi
591 2347 728 2399 alter
757 2345 917 2400 alteri
950 2345 1172 2399 minime
1203 2354 1382 2410 ιιοιυε,
1415 2344 1561 2398 illum
1595 2345 1853 2400 anchora:
1883 2342 2038 2398 navis
2147 2349 2588 2421 galluslaudatus
2613 2364 2641 2402 θ
2669 2349 2957 2404 Theodoro
2979 2348 3190 2402 Sludita
3223 2347 3317 2403 lib,
3339 2349 3587 2418 "'(‘pisL
3608 2347 3721 2401 2|5;

456 2448 707 2494 attracta:
751 2438 1244 2508 comparationem,
1303 2453 1426 2507 quae
1471 2437 1694 2492 cuilibet
1737 2437 1897 2492 obvia
1931 2448 2033 2499 est,
2146 2445 2406 2499 Anastas,
2441 2441 2722 2506 Nissenus,
2755 2441 2957 2508 Quaest,
2985 2441 3054 2495 52
3079 2441 3243 2496 e153.

455 2533 782 2588 adtribuerit.
833 2532 898 2586 Et
940 2547 1002 2588 re
1031 2534 1247 2601 quidem
1285 2532 1399 2600 ipsa
1441 2531 1510 2585 ab
1553 2541 1782 2600 utroque
1824 2530 1912 2584 illa
1955 2531 2040 2584 di-
2221 2537 2435 2591 Szeculo
2479 2550 2646 2600 nono,
2689 2534 2946 2590 Nicolaus
2980 2535 2995 2589 l
3024 2551 3166 2589 sum.
3223 2534 3414 2603 pontii.
3454 2535 3624 2603 epist.
3667 2534 3721 2584 ad

455 2642 613 2682 verso
673 2626 830 2697 plane
886 2626 1190 2680 iustitnitttr
1250 2625 1448 2690 modo,
1498 2634 1552 2680 et
1601 2624 1765 2678 rebus
1811 2629 2037 2678 omnino
2154 2629 2406 2685 Michael.
2450 2629 2740 2699 intperat.;
2796 2627 3020 2682 Photius
3061 2628 3370 2696 patriarcha
3418 2626 3721 2681 Cunctanti-

455 2720 687 2775 diversis
724 2719 1185 2776 accommodatur.
1220 2717 1372 2784 Quod
1413 2732 1542 2772 vero
1573 2717 1638 2771 de
1669 2716 1781 2772 Deo
1817 2731 1914 2787 per
1937 2732 2035 2772 ne-
2095 2779 2100 2785 ,
2149 2738 2278 2791 nnp.
2337 2722 2392 2776 in
2433 2721 2600 2785 Bibl.,
2649 2721 2770 2776 cod.
2816 2719 2956 2787 231;
2996 2719 3284 2774 llilduiuns
3332 2719 3504 2774 abbas
3542 2719 3721 2772 Sancti

453 2815 698 2884 gationes
743 2814 1121 2883 cognoscenda
1169 2813 1421 2877 traditur,
1468 2811 1519 2864 id
1552 2825 1658 2864 non
1706 2811 1886 2864 minus
1916 2808 2037 2862 vul-
2153 2815 2397 2886 Dionysii
2433 2816 2486 2868 in
2543 2814 2886 2883 Areopagit.;
2918 2812 3242 2868 Hincmarus
3283 2812 3523 2882 archiep.
3552 2815 3722 2870 Ben...

451 2922 582 2977 gare
623 2916 706 2963 est
747 2915 804 2962 et
833 2907 1042 2973 tritum,
1088 2922 1151 2960 ac
1186 2905 1412 2974 proinde
1443 2903 1573 2958 illttd
1602 2903 1766 2957 etiam
1795 2903 1968 2972 potuit
2003 2917 2033 2956 a
2144 2906 2304 2976 epist.
2334 2907 2402 2961 ad
2432 2905 2618 2962 Carol.
2657 2905 2848 2971 Calv.;
2880 2905 3206 2960 Anastasius
3246 2904 3530 2969 Biblioth.,
3568 2906 3718 2974 epist.

453 2994 666 3048 duobus
697 2995 1057 3063 scriptoribus
1081 2994 1184 3048 sibi
1224 2993 1458 3049 invicem
1506 2992 1793 3064 incognitis
1827 2995 2037 3062 pariter
2143 3000 2213 3052 ad
2255 2998 2525 3053 eumdem.

443 3086 836 3156 aequaliterque
879 3087 1085 3144 doceri.
2219 3087 2430 3143 Smculo
2463 3088 2694 3152 decimo,
2742 3088 2960 3143 Simeon
3006 3088 3426 3158 Metaphrastes,
3475 3098 3626 3144 orat.
3669 3095 3722 3146 [te

525 3179 600 3234 De
627 3178 894 3248 Gregorio
945 3180 1162 3233 dernum
1213 3175 1580 3241 Nazianzeno,
1618 3191 1777 3247 quem
1820 3193 1887 3232 ex
1937 3190 2035 3229 au-
2061 3229 2108 3291 Ω
2144 3180 2368 3235 dormit.
2427 3180 2690 3251 Deiparaz.
2741 3179 2860 3235 Huc
2919 3195 3137 3250 quoque
3187 3181 3443 3237 advocari
3494 3181 3718 3236 forsitan

525 3271 615 3291 ._!-
671 3273 838 3291 _--_._.2
888 3269 1154 3291 n_-_fl-,--
1208 3269 1406 3291 -I!...-2J
1456 3268 1744 3291 .l-ﬂ--..-_..
1791 3268 2029 3291 ..-η---112
2141 3279 2369 3291 -Α,-.-..Α
2426 3270 2636 3291 _--!J__.-
2696 3271 2912 3291 !___-_..--
2961 3272 3133 3291 _-._.!_
3182 3271 3472 3291 --_!_4.___-_
3586 3273 3666 3291 nn!
3706 3288 3717 3291 _

451 3271 618 3326 cteris
671 3273 840 3327 nostri
887 3269 1157 3340 Operibus
1205 3269 1407 3339 aliquid
1451 3268 1747 3325 deﬂorasse
1791 3268 2030 3324 nonnulli
2062 3268 2108 3291 υ
2141 3279 2373 3339 possunt
2421 3270 2641 3340 quidam
2695 3271 2917 3328 incertae
2958 3272 3137 3326 aetatis
3178 3271 3474 3340 scriptores
3532 3291 3546 3324 :
3585 3273 3718 3327 Elius

448 3367 826 3430 arbitrantur,
887 3365 1304 3436 major-procul
1365 3364 1532 3421 dubio
1583 3375 1668 3420 est
1719 3363 2024 3420 dilbeultas.
2141 3363 2420 3419 Cretensis
2453 3364 2506 3420 in
2539 3375 2682 3419 orat.
2713 3367 2748 3418 Ξ
2777 3365 2955 3420 sancti
2985 3364 3239 3434 Gregorii
3274 3363 3578 3430 Nazianz.;
3624 3367 3716 3420 Au-

449 3459 680 3528 Quidam
707 3460 988 3515 enimvero
1015 3459 1206 3514 eadem
1227 3458 1399 3528 Opera
1424 3457 1668 3530 Dionysii
1689 3456 2029 3526 Areopagitae
2144 3457 2323 3511 tonius
2347 3455 2588 3523 Melissa,
2621 3458 2695 3513 lib
2728 3474 2765 3526 ι,
2791 3472 2957 3512 serm.
3002 3456 3092 3521 i9,
3119 3465 3179 3512 et
3201 3457 3292 3510 alii
3323 3457 3595 3511 nonnulli.

450 3552 618 3609 fetum
660 3567 784 3609 esse
827 3563 1112 3626 negantes,
1157 3554 1396 3608 fatentur
1436 3566 1498 3607 ea
1546 3567 1576 3606 a
1615 3551 1878 3621 Gregorio
1917 3549 2025 3604 Na-
2213 3548 2427 3605 Saecula
2451 3551 2758 3611 undecimo,
2787 3549 2982 3605 Suidas
3013 3550 3064 3603 in
3105 3548 3474 3602 Collectaneis.

449 3651 710 3702 zianzeno
761 3646 898 3702 lecta
947 3645 1117 3702 fuisse
1157 3655 1212 3701 et
1248 3645 1615 3716 pervolutata,
1655 3658 1721 3700 ac
1760 3644 1880 3714 ipso
1909 3659 2029 3698 esse
2209 3641 2420 3696 Saecula
2463 3641 2807 3703 duodecimo,
2859 3641 3184 3711 Euthymius
3236 3639 3546 3708 Zigabenus
3612 3653 3712 3691 ιιιο‹

449 3736 776 3806 antiquiora.
821 3735 929 3792 Sed
963 3735 1031 3791 de
1085 3737 1170 3791 bis
1217 3736 1359 3792 infra
1415 3735 1772 3806 opportunior
1813 3733 2030 3790 dabitur
2137 3734 2344 3788 naehus
2373 3733 2622 3803 Panopl.,
2649 3733 2735 3786 tit.
2771 3747 2829 3797 tt;
2863 3731 3013 3800 llugo
3043 3746 3072 3783 a
3105 3729 3308 3784 Sancto
3336 3729 3581 3794 Victore,
3627 3729 3710 3783 Pe-

450 3829 752 3885 disserendi
787 3829 954 3885 locus.
2139 3833 2254 3878 trus
2275 3824 2618 3880 Lombardus
2647 3825 2701 3878 in
2731 3837 2770 3879 ιι
2804 3821 3066 3900 Seruum,
3094 3829 3148 3875 et
3183 3820 3274 3873 alii
3311 3821 3498 3888 postea
3569 3823 3708 3876 ΙΙιευ·

1065 3965 1293 4024 CAPUT
1332 3965 1421 4022 tv.
2025 3946 2040 3966 ‘
2137 3917 2609 4024 '°g.isc"f"as."°.i'
2822 4011 2834 4022 .
3107 4008 3120 4024 .
3306 4005 3344 4024 η
3631 4006 3662 4024 ..

1407 4009 1421 4022 ’
2208 4011 2422 4067 Sreculo
2466 4012 2678 4067 decimo
2711 4011 2906 4075 tertio,
2937 4007 3273 4076 Nicephorus
3305 4004 3590 4060 Callistus.
3631 4006 3703 4058 lib.

449 4104 778 4160 Palmnrium
821 4108 1318 4175 Areopagiticorum
1361 4109 1754 4175 argumentum,
1784 4114 1850 4152 ea:
1896 4117 2024 4154 con-
2134 4120 2174 4159 ιι
2209 4103 2416 4159 Hister.
2467 4105 2673 4169 eccles.,
2718 4119 2841 4172 cap.
2869 4099 2938 4154 20
2969 4110 3017 4156 et
3045 4099 3152 4165 22;
3190 4099 3253 4151 D.
3283 4096 3521 4151 Thomas
3555 4099 3703 4166 Aqui

515 4178 677 4230 stanti
721 4173 969 4260 undecim
999 4173 2022 4244 surculorumtraditionedepromptum,
2132 4213 2231 4252 ms
2295 4199 2345 4251 in
2399 4214 2437 4251 η
2501 4196 2763 4258 Semen,”
2809 4196 2934 4249 dish
2989 4193 3076 4258 ιο,
3119 4200 3318 4260 (μηδι,
3362 4191 3415 4253 ί,
3461 4199 3570 4244 an.
3627 4189 3692 4242 τε

512 4259 853 4316 Ρνοροηιίυνο
1017 4325 1019 4327 ,
2131 4287 2401 4358 Georgius
2433 4287 2846 4359 Paehymcrius,
2891 4286 3222 4354 scripturum
3271 4281 3509 4351 Dionysii
3562 4295 3698 4349 para

514 4380 846 4438 Palmarium
884 4381 1068 4451 itaque
1111 4381 1556 4452 praecipuumque
1609 4381 2023 4452 Areopagitico-
2130 4381 2402 4447 phrastes.
2555 4411 2562 4428 ,ι
2599 4449 2633 4462 1-

442 4492 562 4530 rum
609 4486 943 4533 momentum
989 4480 1116 4534 inde
1164 4480 1386 4534 ducitur
1425 4476 1570 4546 quod
1623 4491 1769 4530 anno
1815 4476 1921 4531 553
1967 4477 2021 4530 in
2201 4475 2415 4531 Emeulo
2445 4457 3256 4550 decimo.quarto,'l‘lieodortts
3279 4472 3649 4527 Prodromns.

441 4567 744 4624 Collatione
787 4569 1393 4639 Constantinopolitano
1433 4569 1549 4622 haec
1579 4566 1820 4622 auctoris
1851 4567 2022 4621 nostri
2060 4582 2104 4636 ι)
2198 4567 2409 4625 8ωου10
2436 4555 2654 4624 decimo
2683 4554 2899 4638 quinto,
2933 4568 3183 4624 Bessario
3225 4563 3512 4621 cardinal.,
3570 4563 3671 4615 Ιιιι.

439 4662 615 4731 Opera
639 4665 707 4718 ab
727 4663 1021 4733 Acephalis
1049 4678 1148 4718 seu
1175 4663 1486 4718 Severianis
1520 4662 1794 4716 haareticis
1826 4661 2021 4714 adver-
2127 4660 2340 4729 Defeus.
2364 4659 2603 4722 Hotom,
2632 4675 2755 4729 cap.
2783 4662 2851 4725 ὃς
2882 4659 3168 4731 Dionysius
3193 4656 3540 4712 Carthusian.
3579 4667 3694 4723 pne

439 4771 534 4811 sus
553 4755 889 4811 orthodoxos
905 4755 1149 4826 Dionysii
1179 4754 1524 4822 Areopagum
1551 4753 1769 4807 nomine
1786 4753 2020 4822 primum
2124 4754 2224 4808 fat.
2255 4755 2306 4806 in
2338 4754 2559 4822 Dionys.
2587 4753 2856 4823 Areopag.

437 4851 626 4908 citata.
677 4846 840 4914 paulo
883 4855 1007 4915 post
1051 4847 1119 4898 ab
1170 4843 1302 4915 ipsis
1342 4843 1638 4898 Catholicis
1679 4857 1780 4912 pro
1815 4856 1943 4896 vero
1967 4851 2024 4894 et
2201 4845 2419 4901 chulo
2446 4847 2661 4900 decimo
2701 4843 3144 4910 sexto,Facultas
3187 4837 3500 4908 Tlteologize
3541 4836 3690 4923 Parii

437 4940 670 5012 genuino
715 4937 958 5008 ejusdem
1013 4938 1250 5008 Dionysii
1305 4936 1416 4992 fetu
1465 4945 1718 5005 suscepta
1765 4942 1910 5000 sunt,
1956 4948 2020 4988 ac
2121 4937 2321 4993 siensis
2371 4941 2423 4992 in
2471 4936 2709 4992 comitiis
2745 4936 3064 4990 Sorbouieis
3105 4934 3404 4988 Lutherum
3451 4937 3510 4982 et
3582 4923 3688 5031 Erﬁ

435 5033 656 5087 tandem
709 5048 739 5085 a
786 5033 1004 5087 caeteris
1053 5030 1311 5085 oumibus
1359 5027 1652 5096 cujuslibet
1701 5028 1920 5098 generis
1963 5036 2021 5080 et
2123 5043 2319 5094 smum,
2340 5029 2532 5083 eadem
2581 5029 2784 5096 scripta
2830 5042 2859 5079 a
2903 5025 3161 5094 Dionysio
3208 5018 3543 5089 Areopagita
3594 5018 3686 5098 prq‘

432 5126 762 5181 eruditionis
784 5125 1146 5194 scriptoribus
1177 5122 1244 5176 ad
1274 5131 1516 5175 nostram
1549 5121 1663 5172 lere
1691 5133 1860 5186 usque
1886 5125 2019 5170 aeta-
2123 5121 2263 5175 feeta
2292 5136 2412 5176 esse
2441 5129 2720 5190 negantes.
2756 5119 3056 5179 damnavit,
3095 5114 3500 5168 alterum'anno
3547 5087 3686 5194 152‘

435 5231 542 5274 tem
567 5220 666 5290 ipsi
699 5219 992 5274 vindicata.
1027 5216 1245 5288 Longos
1267 5225 1445 5268 autem
1471 5217 1662 5268 horum
1690 5212 2016 5280 scriptorum
2121 5213 2354 5267 alterum
2402 5228 2545 5266 anno
2579 5211 2738 5264 159.7.
2785 5209 3063 5263 Posterius
3109 5209 3387 5261 decretum
3417 5204 3630 5273 saepius
3665 5195 3684 5260 I

434 5321 626 5367 texunt
647 5312 956 5382 catalogos;
999 5311 1094 5364 sed
1149 5307 1490 5378 singulorum
1522 5302 1860 5367 testimonia,
1903 5311 2014 5354 tum
2122 5305 2356 5369 Erasuti,
2387 5305 2486 5372 qui
2517 5318 2582 5358 eo
2610 5301 2945 5370 percellitur,
2979 5298 3249 5369 Operibus
3282 5295 3539 5351 omnibus
3589 5299 3682 5364 per

429 5409 557 5479 quia
589 5405 886 5476 prolixiora
926 5413 1082 5467 sunt,
1112 5411 1226 5455 tum
1261 5400 1388 5470 quia
1434 5399 1500 5453 de
1535 5412 1725 5452 eorum
1773 5394 2015 5448 auetori-
2121 5399 2400 5467 vulgatum
2431 5405 2540 5460 est,
2572 5405 2625 5449 et
2669 5393 2889 5447 cuilibet
2927 5391 3172 5445 obvium.
3219 5388 3377 5441 Prius
3411 5400 3565 5447 vero,
3604 5385 3680 5479 qq:

431 5476 542 5553 tate
573 5499 639 5553 lis
673 5497 821 5552 nulla
855 5507 1126 5558 movetur,
1162 5494 1378 5560 integra
1406 5505 1516 5546 non
1555 5488 1871 5551 eitabimus,
1904 5487 2016 5539 sin-
2118 5486 2394 5541 Lutherus
2435 5484 2818 5558 proscribitur,
2855 5482 3119 5535 hactenus
3155 5477 3442 5541 ineditnm,
3476 5476 3530 5528 in
3570 5477 3656 5530 So

427 5593 679 5662 gulornm
711 5607 909 5647 nomen
939 5601 995 5646 et
1028 5591 1232 5658 scripta
1262 5586 1538 5657 appellare
1565 5583 1831 5638 contenti.
2120 5584 2275 5635 bonae
2323 5580 2500 5643 libris,
2551 5592 2617 5632 es
2668 5576 2864 5645 quibus
2913 5574 3043 5628 illud
3098 5568 3578 5662 transcripsimus,

499 5683 632 5738 Post
677 5683 1040 5739 Collationem
1095 5683 1287 5752 itaque
1340 5677 2011 5747 Constantinopolitanain
2118 5675 2296 5728 verbis
2325 5671 2636 5750 concipitur
2671 5691 2680 5726 :
2715 5669 2946 5723 Additur
2975 5679 3022 5721 et
3061 5665 3170 5719 lucc
3205 5680 3269 5717 ea:
3299 5664 3433 5752 libro
3467 5661 3534 5712 de

427 5781 572 5832 circa
605 5781 742 5832 sexti
784 5777 967 5832 saeculi
1002 5778 1162 5832 tinem
1198 5748 1473 5830 Leontius.
1493 5773 1804 5843 Byzantius,
1835 5769 1911 5824 lib
1946 5785 2010 5831 tt,
2115 5748 2552 5834 ptivit.Babylon.
2592 5781 2611 5815 ι
2654 5763 2721 5817 1η
2753 5763 3027 5832 Dionysio,
3057 5759 3146 5828 qui
3181 5748 3390 5825 scripsit
3414 5754 3479 5806 de
3508 5752 3613 5806 coal

426 5883 606 5925 contra
660 5869 877 5925 Nestor.
923 5882 971 5926 et
1020 5871 1326 5934 Eutychen,
1371 5877 1426 5922 et
1473 5819 1565 5922 liba.
1603 5865 1680 5922 De
1717 5872 1842 5918 sect.
1892 5864 2008 5918 hmo
2117 5857 2438 5920 hierarchia,
2487 5855 2616 5910 nihil
2643 5856 2808 5926 {erute
2852 5863 2928 5908 est
2976 5851 3161 5906 solidw
3223 5843 3542 5901 eruditionis
3597 5858 3620 5894 :

3643 5917 3670 6193 ἶ
