3748 6302
92 335 152 389 17
1375 320 1903 380 PROLECOMENA.
3291 307 3345 361 Η

72 449 237 504 tumin
261 456 381 502 sunt
413 445 560 499 illius
587 444 842 499 meditata
879 445 935 497 in
961 442 1185 513 prwfato
1219 441 1374 503 libro,
1408 459 1469 494 at:
1504 457 1645 494 som-
1675 444 1719 497 Α
1753 440 1979 507 poribus
2006 450 2105 491 nec
2137 435 2395 491 ineruditi
2431 447 2530 488 nec
2556 432 2823 501 ignobiles
2850 439 3181 485 exstiterunt
3216 430 3331 487 viri.

71 546 161 596 niis
207 555 366 607 prope
406 537 700 591 simillima.
748 536 816 590 In
863 536 1151 605 Theologia
1198 545 1373 588 autem
1422 533 1647 603 mystica

26 620 29 623 ’
71 632 541 699 perniciosissimus
587 641 684 694 est,
714 630 1075 697 plutonizans,
1115 629 1283 697 magis
1319 645 1478 694 quam
1509 627 1651 679 chri-

71 725 378 781 stianizans.
406 722 473 775 In
496 722 853 777 ecclesiastica
878 738 996 775 vero
1035 721 1333 775 hierarchia
1359 720 1495 771 ludit
1517 718 1649 770 alle-

70 818 245 888 goriis.
267 818 407 885 quod
444 825 521 870 est
550 817 844 869 otiosorum
874 813 1145 868 hominum
1173 812 1425 866 studium.
1470 830 1488 863 ι
1522 810 1650 863 llwc

68 910 353 979 propositio
382 919 457 963 est
493 909 652 974 falsa,
686 910 964 963 temerarie
1000 918 1046 961 et
1076 915 1387 975 arroganter
1422 915 1647 969 asserta,

69 1020 123 1053 ac
150 1002 260 1055 viro
279 1012 483 1064 sancto,
513 1001 705 1069 insigni
732 1000 1029 1053 eruditione
1052 998 1218 1060 claro,
1242 996 1466 1065 injuria.
1492 986 1646 1064 quem

74 1092 422 1147 Damascenus
452 1092 693 1145 divinum
739 1091 1150 1160 Areopagitam.
1198 1086 1361 1140 Pauli
1413 1086 1651 1154 discipu-

70 1184 166 1235 lum
190 1184 534 1249 acerrimum,
562 1194 611 1237 et
644 1184 737 1238 Dei
762 1183 1218 1253 loquentissimum
1250 1180 1504 1249 appellat.

134 1278 321 1346 Atqui,
384 1278 635 1347 inquiunt
689 1276 1095 1346 AreOpagitici,
1153 1272 1456 1329 verisimile
1514 1272 1646 1326 nulli

71 1370 152 1423 ﬁet
187 1382 266 1425 tot
299 1379 586 1438 tardosque
617 1384 682 1423 ac
711 1378 788 1422 tot
818 1384 917 1437 per
939 1373 1138 1422 saecula
1174 1366 1518 1421 doctissimos
1556 1366 1652 1418 ho-

70 1464 259 1527 mines,
336 1462 594 1521 concilia.
668 1474 912 1515 summos
972 1459 1293 1529 pontifices,
1357 1459 1651 1525 scriptores

68 1550 326 1617 eruditos,
360 1562 467 1606 tam
492 1568 679 1621 parum
706 1552 951 1606 accurati
978 1552 1153 1606 fuisse
1176 1548 1410 1613 criterii,
1432 1561 1485 1603 et
1502 1550 1643 1603 omni

70 1646 449 1701 ecclesiastica:
516 1645 758 1698 historia:
826 1644 1055 1699 scientia
1117 1644 1189 1697 ita
1258 1645 1523 1706 orbatos;
1595 1651 1650 1695 nt

71 1741 128 1793 de
177 1739 411 1793 aliorum
462 1738 653 1791 horum
699 1737 1031 1805 scriptorum
1085 1736 1381 1805 qumrendo
1425 1745 1649 1789 auctore

73 1850 131 1888 ne
156 1847 398 1901 unquam
445 1831 662 1899 quidem
711 1829 1107 1899 cogitaverim?
1134 1828 1265 1894 Quis
1302 1827 1353 1882 in
1397 1842 1492 1883 eos
1525 1839 1647 1881 tan-

74 1938 173 1980 tam
217 1926 598 1987 oscitantiam,
653 1925 1029 1993 sapinitatem,
1088 1924 1393 1977 ean-italum
1452 1922 1650 1975 cadere

72 2018 309 2083 potuisse
356 2016 459 2070 sibi
494 2031 732 2084 unquam
762 2015 1137 2084 persuadeat?
1168 2013 1269 2067 ’l‘ot
1301 2030 1432 2083 ergo
1458 2026 1648 2068 aucto-

74 2113 215 2164 ribus
257 2110 510 2171 scientia,
552 2108 834 2179 dignitate,
878 2108 1203 2162 auctoritate
1247 2108 1649 2176 prtestantissi-

75 2203 167 2256 mis
194 2202 337 2256 hanc
388 2201 522 2257 tanti
581 2202 785 2257 erroris
835 2210 1029 2254 notam
1072 2202 1288 2254 inurere
1334 2198 1488 2254 nefas
1530 2214 1651 2254 esse

74 2295 193 2349 nulli
219 2295 380 2365 plane
405 2313 512 2350 non
545 2296 843 2350 videbitur.

687 2411 915 2468 CAPUT
964 2412 1029 2467 V.

73 2522 439 2593 Responsiones
488 2527 1121 2599 Antiareopagiticorum,
1172 2539 1218 2583 et
1248 2530 1515 2599 prarcipua
1561 2548 1650 2583 eo-

133 2613 245 2677 rum
284 2601 536 2651 adversus
562 2599 700 2651 lianc
734 2598 1070 2652 traditionem
1117 2598 1429 2670 argumenta
1461 2601 1643 2654 discu-

132 2678 361 2720 nuntur.

130 2756 228 2824 Qui
272 2759 390 2813 haec
434 2759 638 2829 scripta
673 2773 997 2826 germanum
1028 2759 1274 2832 Dionysii
1302 2764 1647 2833 Areopagitae

70 2865 192 2917 opus
222 2866 351 2905 esse
387 2858 608 2919 negant,
649 2850 803 2904 aiunt
847 2867 913 2904 ex
967 2851 1340 2922 hujuscemodi
1391 2853 1646 2907 traditio-

74 2943 217 2998 nibus
264 2952 325 2997 ut
370 2943 576 3012 aliquid
609 2943 743 2998 certi
784 2943 1040 2998 concludi
1077 2945 1284 3012 possit,
1331 2952 1649 2999 constantes

68 3048 153 3087 eas
179 3047 307 3089 esse
356 3034 558 3089 debere
583 3044 638 3088 et
664 3036 893 3088 omnino
934 3044 1247 3104 perpetuas.
1286 3036 1357 3089 At
1390 3036 1531 3089 banc
1580 3037 1646 3090 de

1756 531 1848 600 qui
1887 543 2007 583 eam
2049 540 2142 583 aut
2176 529 2396 583 dubiam
2430 542 2551 582 esse
2582 527 2857 591 dixerunt,
2888 535 2981 578 aut
3010 541 3199 580 veram
3226 540 3345 581 esse

1757 624 1971 693 penitus
2006 622 2233 677 inliciati
2261 632 2405 676 sunt.

1830 718 2071 771 Tertium
2112 718 2346 787 denique
2378 728 2753 787 argumentum
2793 732 2858 771 ex
2886 732 2951 771 eo
2986 714 3339 785 depromitur,

1756 811 1899 881 quod
1933 827 1988 865 re
2022 811 2288 865 maturius
2319 810 2590 874 discussa,
2626 821 2679 865 et
2704 811 2769 865 ad
2798 809 3091 867 severioris
3125 808 3341 863 critices

1757 920 2002 958 normam
2045 905 2367 972 diligentius
2396 904 2729 969 examinata,
2756 904 2941 974 opinio
2991 903 3078 956 illa
3127 903 3195 957 ab
3226 915 3326 955 om

1756 998 1915 1052 nibus
1960 999 2075 1051 fere
2120 997 2347 1064 hujusce
2401 998 2578 1051 aetatis
2622 997 3003 1067 scriptoribus,
3047 998 3094 1051 si
3139 1010 3341 1065 paucos

1760 1100 1966 1145 tantum
1992 1092 2252 1161 excipias,
2281 1090 2479 1159 rejecta
2509 1092 2723 1145 tandem
2750 1100 2805 1144 et
2830 1091 3047 1160 explosa
3078 1088 3262 1143 fuerit.

1826 1184 2025 1239 Contra
2062 1195 2240 1238 tamen
2272 1185 2644 1254 Areopagitici
2678 1201 2776 1238 nec
2823 1184 3187 1239 recentiorum
3227 1183 3337 1237 cri-

1759 1276 2013 1341 ticorum,
2038 1292 2138 1330 nec
2164 1276 2399 1331 aliorum
2436 1279 2798 1345 quorumdam
2827 1276 3195 1346 antiquiorum
3218 1289 3340 1329 sen-

1758 1370 2004 1431 tentiam,
2035 1375 2114 1421 tot
2145 1367 2475 1436 scriptorum
2504 1385 2531 1421 a
2558 1383 2618 1423 se
2647 1369 2939 1422 citatorum
2963 1367 3171 1435 judicio
3203 1382 3338 1436 prm-

1756 1459 2039 1513 l'erendam
2074 1473 2199 1514 esse
2231 1461 2487 1515 clamant.
2516 1459 2632 1515 Non
2665 1459 2963 1514 dillitentur
3005 1469 3183 1513 tamen
3220 1459 3339 1511 nul-

1756 1550 1863 1605 lam
1887 1552 2122 1623 Operum
2160 1554 2395 1625 Dionysii
2438 1553 2577 1622 apud
2606 1553 3015 1623 antiquissimos
3044 1552 3338 1620 scriptores

1756 1644 1869 1697 lieri
1901 1646 2228 1700 mentionem
2260 1666 2269 1699 :
2306 1644 2399 1699 sed
2428 1656 2811 1716 argumentum
2856 1644 2984 1697 illud
3028 1643 3336 1712 negativum

1754 1753 1873 1793 esse
1900 1740 2105 1804 dicunt,
2130 1755 2193 1792 ac
2220 1739 2446 1808 proinde
2471 1753 2536 1792 ex
2570 1738 2658 1793 illo
2689 1738 2823 1792 nihil
2846 1736 3147 1807 quidquam
3174 1750 3336 1805 posse

1757 1832 1972 1885 conlici.

1831 1925 2026 1979 Verum
2071 1924 2280 1979 instant
2323 1926 2647 1985 adversarii.
2694 1934 2857 1994 atque
2886 1939 2951 1978 ex
2997 1924 3097 1978 hac
3147 1936 3335 1975 eorum

1756 2017 2099 2073 confessione
2133 2027 2329 2088 urgent
2380 2018 2528 2073 illam
2579 2027 2657 2071 tot
2704 2017 3032 2086 scriptorum
3082 2014 3336 2068 traditio-

1757 2127 1901 2173 nem.
1931 2128 2050 2182 qua:
2084 2127 2181 2179 per
2226 2113 2327 2166 tria
2372 2113 2551 2179 priora
2589 2110 2851 2166 Ecclesia:
2885 2110 3083 2164 srecula
3120 2108 3335 2178 penitus

1753 2202 1958 2270 deﬁcit,
2003 2204 2272 2259 inﬁrmam
2306 2206 2526 2259 omnino
2567 2219 2706 2266 esse,
2737 2202 2960 2257 fiat-tam
3003 2214 3056 2256 et
3085 2201 3337 2256 debilita-

1759 2304 1889 2351 tam.
1922 2294 2020 2349 Cui
2062 2311 2210 2357 vero,
2255 2296 2531 2366 inquiunt,
2576 2296 2856 2367 probabile
2897 2297 2986 2348 lict
3031 2295 3147 2347 haec
3197 2292 3333 2346 tanti

1755 2389 2014 2441 momenti
2056 2389 2301 2459 tantique
2326 2390 2565 2444 auctoris
2596 2390 2799 2458 scripta
2833 2389 2906 2443 ita
2938 2386 3108 2441 fuisse
3145 2385 3339 2455 deper-

1754 2481 1889 2546 dita,
1922 2493 1979 2535 ut
2013 2490 2121 2535 tam
2160 2482 2319 2554 longo
2350 2484 2613 2551 temporis
2639 2481 2819 2552 spatio
2844 2495 3054 2534 summa
3088 2478 3332 2532 omnium

1752 2573 2023 2629 oblivione
2063 2574 2457 2644 sepelirentur?
2495 2574 2786 2629 Enimvero
2834 2572 2887 2627 hi
2938 2571 3063 2624 libri
3116 2568 3181 2622 ad
3228 2567 3326 2622 Ti-

1756 2670 2055 2733 motheum,
2103 2684 2209 2737 quo
2251 2682 2344 2723 eos
2395 2682 2516 2722 cum
2549 2668 2674 2723 aliis
2707 2666 2963 2721 omnibus
3006 2664 3338 2720 Christianae

1756 2764 1879 2817 lidei
1926 2772 2276 2817 sacramento
2320 2761 2570 2825 initiatis,
2614 2760 3078 2822 communicaret,
3123 2757 3193 2811 ab
3240 2771 3339 2811 an-

1753 2864 1904 2911 ctore
1935 2853 2087 2908 missi
2118 2863 2264 2907 sunt.
2299 2853 2461 2922 Atqui
2495 2851 2541 2907 si
2576 2866 2663 2905 res
2698 2851 2768 2904 ita
2807 2864 2865 2905 se
2897 2848 3114 2913 habeat,
3149 2845 3336 2900 Timo-

1756 2950 1913 3004 theus
1945 2946 2132 3016 procul
2167 2946 2329 3002 dubio
2366 2956 2425 2999 ut
2459 2946 2493 2999 ii
2535 2960 2640 2998 non
2676 2942 2848 2999 solum
2886 2941 3137 2996 ﬁdelibus
3181 2940 3340 2994 Chri-

1755 3042 1972 3103 stianis,
2016 3040 2109 3095 sed
2153 3039 2319 3093 etiam
2365 3036 2605 3101 clericis,
2640 3052 2705 3090 ac
2744 3035 3017 3104 praecipue
3061 3033 3337 3101 episcopis

70 3126 277 3193 scriptis
312 3125 449 3192 illis,
501 3127 755 3198 Dionysio
783 3127 1133 3197 AreOpagitae
1184 3127 1490 3183 tribuendis
1535 3138 1632 3183 tra-

1799 3135 2102 3189 lillei‘ellllll‘
2136 3131 2598 3197 traderenturque
2629 3142 2824 3182 curare
2859 3126 3071 3181 debuit.
3102 3126 3167 3180 lli
3208 3140 3337 3179 vero

70 3218 323 3275 ditionem
361 3235 462 3275 uec
512 3230 859 3275 constantem
918 3220 1089 3276 luisse
1141 3236 1239 3275 nec
1290 3223 1642 3292 perpetuam.

73 3310 230 3365 tribus
278 3314 618 3381 potissimum
671 3315 1007 3385 argumentis
1058 3314 1425 3369 demonstrari
1478 3330 1640 3384 posse

74 3407 426 3459 contendunt.
660 3460 665 3469 _

132 3495 381 3553 Primum
424 3511 526 3565 est,
552 3503 693 3569 quod
724 3502 840 3556 hrec
881 3503 1071 3557 eadem
1102 3504 1324 3572 scripta,
1367 3522 1488 3575 quae
1519 3522 1647 3575 pro-

73 3598 177 3653 pter
198 3589 446 3644 auctoris
473 3606 690 3655 nomen,
712 3602 768 3647 et
795 3608 883 3649 res
904 3608 1109 3659 sacras,
1136 3609 1197 3649 ac
1223 3596 1380 3665 plane
1406 3595 1643 3662 divinas,

74 3696 181 3748 qua:
220 3684 277 3736 in
328 3684 409 3737 eis
456 3694 884 3752 pertractantur,
918 3686 1274 3741 celeberrima
1319 3703 1438 3743 esse
1479 3691 1645 3744 debe-

74 3773 217 3839 bant,
262 3785 323 3829 et
366 3777 617 3831 omnibus
648 3776 983 3833 Christianis
1038 3781 1356 3843 notissima,
1406 3797 1502 3850 per
1541 3782 1646 3835 tria

78 3875 237 3920 tamen
274 3869 459 3936 priora
492 3868 747 3924 Ecclesia:
782 3871 980 3925 saecula
1016 3872 1147 3925 nulli
1178 3872 1401 3926 omnino
1429 3876 1643 3944 cognita

77 3956 317 4024 luerunt,
357 3960 453 4014 sed
484 3960 754 4018 altissimo
802 3966 1175 4031 praetermissa
1219 3964 1463 4049 silentio,
1496 3978 1640 4024 tene-

76 4048 282 4118 brisque
309 4050 505 4105 obruta
536 4052 893 4108 densissimis.

137 4140 272 4204 Quid
327 4144 505 4209 quod,
540 4143 573 4195 ii
614 4144 705 4211 qui
745 4159 841 4214 per
870 4159 933 4198 ea
988 4155 1232 4217 tempora
1262 4149 1332 4203 de
1381 4149 1645 4223 Dionysio

81 4232 388 4303 Arcopagita
448 4234 651 4304 aliquid
692 4238 969 4291 memoria:
1018 4240 1387 4305 mandarunt,
1425 4242 1508 4295 vel
1552 4247 1642 4313 qui

82 4326 512 4380 accuratissimos
550 4328 877 4396 scriptorum
922 4330 1422 4386 ecclesiasticarum
1460 4336 1644 4390 edide-

84 4426 193 4467 runt
235 4417 539 4483 catalogos,
582 4428 710 4487 puta
755 4419 1047 4492 Dionysius
1090 4415 1431 4487 Corinthius,
1473 4427 1639 4482 Euse-

86 4506 205 4569 bius,
247 4510 641 4582 Hieronymus,
675 4514 877 4569 nullam
925 4516 1006 4569 vel
1057 4517 1414 4585 epistolarum
1450 4522 1530 4575 vel
1582 4522 1643 4575 li-

90 4614 287 4657 ctorum
316 4604 437 4671 ejus
465 4608 797 4660 mentfoneni
828 4622 1063 4675 unquam
1091 4610 1355 4666 fecerunt.

144 4693 386 4764 Denique
420 4698 454 4749 ii
492 4698 584 4764 qui
614 4713 830 4751 errores
866 4708 923 4753 et
954 4700 1188 4754 luereses
1225 4701 1310 4755 bis
1338 4702 1390 4757 in
1422 4704 1642 4774 scriptis

86 4787 315 4853 explosus
340 4788 644 4854 conlatam,
675 4790 934 4844 nimirum
964 4791 1222 4853 Irenaens,
1250 4792 1638 4861 Tertullianus,

86 4877 395 4945 Cyprianus,
444 4892 609 4950 atque
636 4883 760 4946 alii;
792 4882 878 4937 vel
910 4885 999 4953 qui
1037 4886 1086 4938 in
1121 4887 1309 4943 iisdem
1350 4903 1415 4942 ac
1446 4898 1638 4944 auctor

87 4983 255 5026 noster
292 4976 633 5042 argumentis
670 4976 783 5030 sive
812 4977 956 5039 ﬁdei,
981 4979 1094 5032 sive
1127 4979 1428 5051 disciplinae
1457 4982 1641 5037 eccle-

86 5064 300 5119 siastica:
336 5068 636 5141 tractandis
664 5068 1022 5132 desudarnnt,
1052 5070 1242 5127 nullibi
1291 5074 1495 5142 scripta
1525 5076 1642 5144 ejus

86 5154 140 5203 ad
167 5152 287 5209 lites
316 5168 448 5209 suas
490 5155 847 5220 dirimendas,
876 5158 944 5211 ad
978 5158 1341 5215 confutandas
1381 5163 1639 5226 hwreses,

90 5246 145 5296 ad
189 5247 478 5300 veritatem
544 5248 899 5302 astruendam
952 5246 1327 5305 elﬂcaeissima
1377 5261 1434 5305 et
1482 5253 1640 5320 plane

91 5341 402 5406 necessaria,
431 5344 629 5397 citasse
663 5360 899 5413 unquam
930 5346 1199 5416 leguntur.

57 5422 62 5428 ’
153 5434 459 5489 Secundum
525 5448 714 5490 eorum
794 5443 1121 5492 momentum
1204 5439 1330 5496 inde
1406 5440 1637 5504 eruitur,

95 5528 222 5588 quod
255 5526 319 5580 iis
348 5527 510 5580 etiam
544 5526 757 5581 smcnlis
779 5529 975 5595 quibus
1001 5528 1187 5598 opinio
1208 5530 1278 5584 de
1307 5531 1395 5585 bis
1423 5531 1641 5602 scriptis

104 5608 340 5683 Dioiiysio
378 5614 754 5681 adjndicaudis
798 5618 1047 5691 invaluit,
1092 5617 1261 5689 aliqui
1299 5621 1468 5677 variis
1506 5632 1638 5677 teut-

228 5793 244 5820 ⁵
287 5789 523 5845 Proa'm.
558 5794 607 5844 in
638 5789 873 5859 Dionysii
914 5790 1101 5859 Opera.

1754 3229 2048 3299 praecipere
2088 3227 2414 3289 debuerunt,
2450 3236 2506 3278 ut
2547 3223 2706 3291 juxta
2741 3222 3024 3290 antiquum
3080 3220 3339 3274 Ecclesia:

1758 3334 1965 3374 morem
2002 3319 2221 3374 eosdem
2249 3308 2515 3385 vel'apud
2549 3331 2631 3380 se,
2656 3315 2740 3368 vel
2774 3314 2831 3370 i1:
2863 3317 3042 3371 sacris
3072 3314 3341 3372 Ecclesia-

1757 3428 1876 3464 rum
1927 3411 2145 3466 scriniis
2178 3408 2498 3464 asservandi
2549 3407 3077 3463 transcriberentur.
3111 3408 3334 3463 Certum

1753 3506 1976 3573 insuper
2007 3504 2220 3556 videtur
2244 3502 2464 3569 aliquod
2491 3515 2679 3566 eorum
2709 3501 2987 3570 exemplar
3015 3519 3042 3554 a
3077 3500 3339 3570 Dionysio

1752 3596 1868 3664 ipso
1897 3592 2155 3648 Ecclesia:
2184 3608 2296 3647 suae
2334 3591 2655 3646 Atheniensi
2692 3590 2860 3647 luisse
2893 3593 3163 3646 relictum.
3198 3592 3330 3658 Quis

1749 3702 1880 3756 ergo
1925 3686 2260 3741 inﬁciabitur
2290 3701 2382 3739 eos
2414 3685 2597 3739 statim
2647 3695 2704 3739 ut
2754 3686 3046 3755 Dionysius
3086 3694 3337 3739 mortuus

1749 3786 1855 3839 cst,
1887 3776 2276 3831 celeberrimos
2313 3788 2435 3830 esse
2467 3775 2743 3840 debuisse,
2789 3784 2842 3829 et
2875 3776 3129 3829 omnibus
3161 3776 3335 3828 notis-

1748 3872 1956 3925 shnos?

1822 3963 1929 4019 Sed
1972 3967 2088 4019 haec
2125 3980 2231 4017 non
2265 3972 2549 4017 morantur
2577 3962 2995 4032 Pacbymerem.
3040 3959 3089 4013 ls
3128 3959 3332 4028 quippe

1750 4056 1930 4109 nullus
1957 4054 2165 4108 dubitat
2196 4055 2311 4107 haec
2342 4052 2521 4122 Opera
2555 4054 2774 4121 cognita
2806 4053 2970 4106 fuisse
3018 4051 3243 4121 paganis
3274 4060 3333 4104 et

1750 4150 1817 4202 ab
1850 4148 1931 4202 eis
1954 4148 2252 4211 occultata,
2277 4156 2335 4201 ut
2362 4163 2459 4202 suo
2494 4154 2617 4216 post
2643 4148 2757 4201 huic
2788 4146 3006 4199 nomine
3035 4145 3125 4198 illa
3155 4144 3330 4212 publi-

1748 4249 1958 4307 carent,
1993 4248 2048 4293 ει
2079 4254 2271 4294 eorum
2312 4250 2496 4308 patres
2540 4241 2874 4295 viderentur.
2907 4238 3193 4293 Sciendum
3224 4248 3330 4300 est,

1749 4332 1924 4401 inquit
1980 4330 2026 4394 ⁸,
2069 4330 2278 4401 aliquos
2329 4340 2572 4384 externos
2617 4330 2976 4398 philosophos,
3031 4330 3330 4396 praesertim

1755 4424 2024 4490 Proetum,
2048 4423 2576 4491 contemplationibus
2600 4422 2739 4475 beati
2766 4420 3005 4490 Dionysii
3030 4421 3328 4486 frequenter

1751 4534 1905 4570 usum
1944 4517 2127 4586 fuisse,
2158 4526 2313 4585 atque
2357 4516 2487 4570 adeo
2532 4516 2690 4568 etiam
2726 4515 2881 4568 meris
2914 4514 3041 4579 ipsis
3080 4512 3328 4565 dictioni-

1753 4609 1867 4661 bus.
1895 4604 1923 4658 I
1930 4608 2030 4660 nde
2049 4606 2168 4660 licet
2192 4607 2397 4673 Opinati
2422 4616 2616 4659 veteres
2638 4605 2973 4672 philosophos
2990 4604 3327 4656 Athenienses

1750 4701 1915 4767 ipsius
1943 4715 2098 4767 opera
2126 4700 2445 4752 vindicantes
2475 4697 2786 4760 occultasse,
2814 4706 2867 4750 ut
2898 4698 3002 4766 ipsi
3030 4696 3330 4749 divinorum

1750 4793 1864 4862 ejus
1894 4793 2147 4845 librorum
2178 4803 2355 4858 patres
2389 4793 2710 4845 viderentur.
2746 4790 2902 4845 Unde
2934 4788 3208 4844 concludit
3232 4802 3327 4840 eos

1752 4901 1846 4953 per
1874 4884 2033 4938 unius
2060 4896 2114 4937 ct
2141 4883 2369 4937 alterius
2392 4882 2572 4937 smculi
2604 4883 2838 4951 spatium
2875 4881 3032 4935 facile
3061 4878 3327 4931 abscondi

1751 4977 1994 5045 potuisse
2019 4984 2073 5029 et
2104 4977 2383 5030 occultari.

1820 5071 1887 5121 At
1919 5068 2129 5122 tametsi
2164 5068 2293 5122 illud
2327 5078 2535 5122 certum
2562 5077 2705 5122 esset
2736 5077 2787 5120 et
2820 5064 3189 5129 verissimum,
3218 5077 3326 5118 noo

1752 5163 1871 5216 inde
1910 5178 2088 5216 tamen
2119 5161 2200 5215 vis
2242 5162 2545 5229 argumenti
2584 5160 2695 5214 ullo
2727 5158 2888 5228 plane
2937 5155 3097 5209 modo
3132 5154 3302 5208 minui

1752 5265 1859 5308 tur.
1893 5254 2154 5321 Quamvis
2180 5254 2325 5308 enim
2371 5262 2427 5307 et
2462 5250 2794 5323 philosophi,
2824 5257 2989 5316 atque
3020 5249 3185 5303 etiam
3222 5257 3301 5302 ure

1752 5347 1905 5403 retici
1948 5360 2174 5411 omnes,
2224 5343 2365 5414 quod
2417 5345 2509 5397 vix
2553 5344 2769 5412 quidem
2819 5350 2903 5397 est
2946 5341 3229 5404 credibile,
3262 5341 3328 5396 de
3410 5326 3413 5327 ν

1747 5437 2089 5493 occultandis
2136 5435 2378 5505 Dionysii
2411 5432 2677 5502 Operibus
2718 5430 3128 5499 coniurassent,
3156 5428 3240 5482 vel
3274 5430 3323 5481 in

1748 5544 1933 5584 eorum
1960 5530 2124 5585 etiam
2156 5527 2568 5598 conspirassent
2598 5525 3037 5586 cxstinclionem,
3072 5523 3123 5575 in
3168 5521 3315 5590 plura

1752 5634 1929 5688 tamen
1983 5639 2169 5679 eorum
2202 5619 2559 5689 exemplaria,
2600 5633 2717 5685 qua:
2750 5632 2915 5687 penes
2961 5614 3321 5673 Christianos,
