3748 6314
449 337 511 391 19
1554 336 1610 392 S.
1656 333 2024 391 DIONYSIUS
2064 333 2517 393 AREOPAGITA.
3624 334 3677 386 2‘3

440 454 678 509 maxime
713 468 840 509 vero
872 455 1177 525 episcopos,
1222 458 1302 510 vel
1337 459 1389 511 in
1427 460 1783 527 quarumdam
1832 455 2012 510 Ecclc-
2043 474 2087 525 Α

438 548 643 600 siarunt
676 548 892 601 scriniis
919 550 1127 603 servari
1158 548 1451 612 debebant,
1486 564 1586 605 nec
1624 549 1882 603 invadere
1914 562 2009 616 po-

440 646 685 699 tuerunt,
732 654 828 693 nec
869 654 929 693 ea
966 640 1074 694 illis
1102 642 1333 710 eripere.
1380 643 1517 708 Quid
1544 643 1709 712 quod,
1756 657 1879 697 cum
1915 641 2007 696 illa

437 731 639 799 scripta
671 730 865 784 saeculo
893 741 1047 785 sexto
1080 732 1346 800 producta
1377 742 1523 798 sunt,
1554 748 1743 787 omnes
1777 734 2009 790 incredi-

436 819 526 871 bili
555 820 813 889 applausu
848 836 908 874 ea
946 832 1295 893 exceperunt.
1326 824 1541 894 plurimi
1570 841 1762 896 magno
1785 827 2004 895 quidem

434 909 841 978 descripserunt
876 911 1083 977 labore,
1111 928 1174 969 ac
1199 916 1423 982 quidam
1451 916 1615 972 etiam
1657 917 1746 971 illa
1780 927 1834 972 et
1865 918 2007 972 notis

434 998 778 1056 illustrarunt
813 1013 866 1058 et
896 1007 1153 1061 scholits?
1187 1007 1296 1061 Cur
1326 1023 1456 1079 ergo
1487 1008 1729 1082 Dionysii
1764 1019 2007 1080 tempore

431 1091 683 1145 eumdem
713 1093 1028 1162 applausum
1063 1098 1404 1167 similemque
1434 1101 1854 1156 admirationem
1895 1117 2001 1156 non

430 1180 843 1237 excitaverunt?
872 1184 982 1239 Cur
1010 1188 1194 1240 statim
1230 1200 1394 1258 atque
1424 1202 1757 1258 aspexerant
1803 1192 2001 1255 lucem,

429 1268 577 1325 illico
608 1273 661 1326 iu
702 1284 885 1332 tantas
915 1278 1268 1336 obscuritatis
1296 1282 1533 1338 latebras
1566 1283 1789 1340 fuerunt
1817 1300 2004 1341 aman-

429 1365 590 1418 data?

502 1457 733 1522 Quidam
778 1460 1144 1533 Areopagitici
1182 1465 1336 1519 aiunt
1369 1467 1460 1521 illa
1491 1469 1712 1537 quidem
1757 1472 2004 1543 aliquau-

427 1548 519 1603 diu
550 1565 735 1619 Sparsa
767 1552 933 1609 fuisse
958 1558 1010 1609 in
1041 1557 1247 1625 vulgus,
1276 1562 1370 1616 sed
1402 1565 1583 1618 omnia
1607 1579 1797 1620 eorum
1826 1583 2004 1621 exem-

427 1643 599 1711 plaria
633 1647 701 1701 ab
728 1648 973 1713 Arianis,
1022 1653 1111 1720 qui
1149 1668 1281 1707 suos
1310 1654 1364 1708 in
1402 1656 1470 1709 iis
1503 1673 1720 1714 errores
1752 1660 2002 1714 damnari

428 1742 717 1811 videbant,
763 1747 847 1801 vel
897 1749 1202 1819 occultata,
1247 1754 1330 1808 vel
1367 1755 1576 1809 sublata
1617 1770 1648 1811 e
1692 1757 1888 1811 medio.
1935 1759 2003 1810 At

2120 453 2355 507 secundo
2392 462 2448 506 et
2477 425 2640 507 tertio
2689 451 2884 507 sarculo
2909 445 3260 517 Christianis,
3290 465 3470 519 neque
3499 450 3677 505 eodem

2115 561 2179 600 ac
2208 544 2333 598 aliis
2364 554 2549 613 postea
2579 543 2803 601 fuerunt
2831 544 2885 596 in
2915 544 3109 613 pretio,
3135 559 3311 614 neque
3335 546 3530 599 eadem
3562 559 3676 598 cura

2114 636 2339 707 perlecti
2369 646 2421 690 et
2457 637 2757 691 asservati?
2795 636 3050 707 Nunquid
3098 636 3183 691 bis
3222 635 3547 690 hominibus
3574 647 3679 706 post

2111 739 2194 786 tot
2236 745 2502 784 annorum
2542 736 2597 784 et
2637 729 2875 798 plurium
2914 728 3237 784 saeculorum
3281 728 3525 799 spatium
3561 727 3677 783 facti

2111 830 2236 875 sunt
2262 821 2541 887 clariores,
2576 820 2905 891 maiorisque
2938 821 3197 890 ponderis
3218 831 3272 874 et
3304 819 3681 876 auctoritatis?

2110 918 2268 973 Certe
2294 918 2434 971 liber
2459 918 2532 972 De
2560 917 2855 972 hierarchia
2881 917 3255 982 ecclesiastica,
3281 917 3370 970 ubi
3397 915 3679 970 disseritur

2110 1008 2177 1062 de
2207 1010 2567 1063 sacramentis
2596 1023 2894 1078 eorumque
2934 1007 3304 1072 caeremoniis,
3351 1020 3473 1076 qua:
3505 1006 3680 1075 quoti-

2111 1099 2274 1155 diana
2317 1111 2477 1155 erant
2518 1101 2570 1154 in
2628 1116 2761 1165 usu,
2809 1115 3036 1170 quaeque
3082 1099 3336 1154 omnibus
3384 1098 3681 1166 swpissime

2107 1191 2537 1261 eXplicahantur,
2568 1191 2699 1246 nulli
2731 1193 3020 1248 obscurior
3047 1205 3167 1245 esse
3213 1190 3479 1255 debebat,
3536 1199 3679 1256 pote-

2108 1291 2301 1351 ratque
2336 1282 2405 1336 ab
2430 1282 2681 1337 omnibus
2709 1282 2853 1337 haud
2885 1281 3174 1338 difficulter
3203 1280 3457 1351 intelligi.
3488 1279 3679 1335 Debuit

2108 1388 2235 1443 ergo
2273 1374 2670 1444 antiquissimis
2697 1372 3025 1429 Christianis
3068 1374 3275 1428 charus
3305 1385 3454 1436 esse,
3485 1380 3551 1425 et
3598 1384 3680 1424 eo-

2106 1484 2225 1523 rum
2257 1468 2356 1524 teri
2395 1470 2677 1534 manibus;
2715 1476 2875 1537 atque
2917 1466 3065 1522 illius
3113 1467 3319 1521 idcirco
3351 1463 3546 1522 debuit
3578 1464 3678 1519 sal-

2106 1568 2212 1614 tem
2266 1561 2555 1631 aliquando
2604 1562 2748 1631 apud
2802 1560 3008 1628 primos
3060 1558 3320 1614 Ecclesia:
3379 1558 3679 1627 scriptores

2108 1650 2223 1706 ﬁeri
2256 1653 2483 1708 mentio.

2176 1741 2302 1799 llaec
2347 1745 2563 1813 quidem
2607 1758 2729 1799 cum
2780 1746 2848 1799 ab
2897 1743 3233 1814 aequioribus
3281 1742 3681 1815 Areopagitica

426 1831 511 1885 his
548 1835 750 1902 pariter
794 1842 1086 1909 opponitur
1128 1843 1217 1897 illa
1265 1846 1455 1900 saltem
1494 1848 1826 1917 exemplaria
1880 1863 1992 1916 qua:

2166 1837 2289 1906 rgari
2323 1853 2427 1892 non
2466 1838 2695 1906 possint,
2742 1837 2847 1892 alio
2892 1839 3303 1907 responsionem
3344 1851 3502 1892 suam
3538 1838 3676 1892 deri-

428 1926 569 1992 apud
602 1928 934 1986 orthodoxos
974 1944 1028 1985 et
1070 1934 1122 1987 in
1169 1950 1358 1990 eorum
1404 1936 1662 1994 Ecelesiis
1707 1940 2003 1995 servaban-

428 2025 533 2077 tur,
566 2019 633 2071 ab
663 2019 879 2077 Arianis
927 2040 1024 2077 nec
1069 2028 1308 2094 potuisse
1351 2031 1609 2086 abscondi
1643 2047 1743 2087 nec
1773 2031 2000 2087 auferri.

429 2110 493 2163 Et
520 2123 671 2167 certe
703 2131 807 2169 non
843 2120 1021 2173 minor
1047 2132 1165 2175 erat
1190 2122 1623 2191 Catholicorum,
1657 2127 1724 2180 ad
1770 2141 1834 2182 ea
1867 2128 2002 2181 scri-

428 2212 543 2269 pta,
588 2207 774 2275 quibus
803 2211 1118 2266 orthodoxae
1147 2214 1394 2271 veritatis
1440 2218 1850 2283 astruebantur,
1888 2235 2001 2273 ma—

431 2296 736 2353 nifestanda
765 2302 930 2356 ardor
962 2313 1017 2359 et
1043 2307 1304 2374 studium,
1334 2324 1492 2377 quam
1525 2311 1906 2365 haereticorum
1933 2313 2000 2367 ad

427 2387 618 2442 eadem
666 2391 932 2447 abolenda
983 2398 1292 2454 sollicitudo
1334 2409 1390 2453 et
1436 2401 1683 2456 audacia.
1731 2403 1903 2467 Adde,
1954 2404 1999 2457 si

426 2480 580 2546 velis,
627 2484 770 2551 quod
808 2486 998 2541 Ariani
1041 2488 1266 2556 hujusce
1304 2491 1531 2557 fraudis,
1562 2493 1646 2549 vel
1680 2495 1748 2549 ab
1791 2495 1859 2549 iis
1906 2495 1996 2564 qui

423 2582 611 2623 eorum
647 2573 897 2629 haereStm
932 2579 1240 2645 ejurahant,
1278 2585 1415 2637 vela
1444 2584 1768 2653 quibusdam
1806 2588 1999 2641 catho-

423 2658 544 2715 licis
590 2666 956 2733 scriptoribus
992 2670 1223 2728 fuissent
1260 2675 1550 2745 aliquando
1583 2678 1881 2735 insimulati
1915 2692 1999 2735 at-

421 2766 526 2818 que
554 2757 716 2809 etiam
749 2762 1007 2818 convicti.

492 2846 832 2919 Quapropter
868 2855 957 2908 alii
985 2856 1329 2931 AreOpagitte
1360 2863 1675 2919 defensores
1708 2866 1806 2921 has
1841 2866 1994 2922 lucu-

420 2940 719 3009 brationes,
774 2955 958 3019 utpote
1000 2952 1066 3004 de
1131 2954 1293 3011 rebus
1345 2957 1676 3014 difficillimis
1704 2970 1758 3015 et
1789 2962 1992 3017 obscu-

422 3032 653 3091 rissitnis
685 3047 999 3111 tractantes,
1031 3062 1094 3101 ac
1123 3047 1267 3103 elato
1312 3050 1638 3119 turgidoque
1670 3062 1726 3105 et
1756 3053 1992 3107 obscuro

419 3127 671 3184 duratas
721 3132 881 3201 stylo,
928 3151 956 3187 a
1008 3148 1113 3190 tam
1154 3139 1346 3206 paucis
1391 3140 1564 3197 fuisse
1614 3143 1993 3213 pervolutatas

2106 1938 2262 1991 rant,
2309 1930 2572 1999 aiuntque
2625 1931 2676 1983 iu
2727 1938 2970 1984 veterum
3025 1940 3308 1986 auctorum
3371 1944 3528 1984 more
3581 1945 3680 1984 non

2107 2020 2273 2075 fuisse
2318 2030 2382 2075 ut
2428 2022 2495 2077 ad
2548 2036 2771 2076 suorum
2830 2022 3143 2091 dogmatum
3208 2020 3679 2077 confirmationem

2104 2113 2331 2169 aliorum
2385 2113 2696 2169 testimonia
2745 2115 3105 2178 adhiberent,
3142 2115 3244 2167 nisi
3291 2115 3347 2167 id
3400 2114 3678 2168 lueretico-

2103 2224 2220 2259 rum
2271 2208 2558 2276 pertinacia
2605 2209 2669 2261 ab
2706 2208 2832 2276 ipsis
2863 2217 3232 2275 extorqueret:
3274 2209 3380 2260 ime
3424 2207 3681 2261 adversus

2100 2298 2226 2366 ﬁdei
2269 2301 2440 2353 hostes
2482 2310 2746 2353 certamen
2777 2316 2841 2353 ex
2871 2300 3000 2353 solis
3034 2300 3335 2354 divinarum
3382 2298 3681 2352 litterarum
3726 2314 3727 2353 ξ

2101 2390 2410 2450 testimoniis
2434 2391 2783 2445 instruebant.
2813 2391 2979 2445 Hinc.
3004 2432 3020 2448 .
3045 2430 3058 2443 .
3092 2408 3185 2445 nec
3210 2391 3545 2445 Athanasius
3578 2392 3685 2460 ipse

2103 2480 2327 2535 Patrum
2361 2483 2762 2537 auctoritatibus
2805 2484 2873 2536 ad
2908 2482 3225 2537 Arianorum
3275 2482 3683 2537 debellationetr

2102 2593 2228 2631 usus
2260 2584 2359 2639 est,
2392 2587 2500 2631 etc.

2172 2666 2226 2721 Si
2276 2683 2364 2724 res
2408 2669 2478 2723 ita
2527 2684 2585 2723 se
2619 2670 2841 2734 habeat,
2878 2677 3071 2740 urgent
3101 2684 3288 2724 eorum
3339 2670 3679 2731 adversarii,
3726 2730 3727 2735 η

2100 2761 2345 2832 profecto
2388 2761 2682 2832 Dionysius
2726 2762 3052 2831 Areopagita
3097 2761 3373 2832 Operum,
3424 2777 3554 2832 qua:
3608 2763 3683 2816 illi

2098 2854 2425 2916 tribuuntur,
2477 2863 2670 2909 auctor
2717 2852 2824 2907 diei
2874 2868 2978 2908 non
3018 2862 3217 2923 potest.
3258 2854 3345 2908 ille
3394 2853 3679 2924 siquidem

2098 2963 2203 3002 non
2250 2943 2420 3000 solum
2455 2945 2608 3014 plura
2642 2944 2880 3014 magistri
2910 2945 2990 2999 sui
3024 2945 3325 3013 fragmenta
3357 2946 3677 3016 descripsit.

2099 3039 2193 3094 sed
2224 3038 2457 3092 aliorum
2486 3038 2648 3091 etiam
2679 3038 2810 3092 citat
2846 3038 3247 3103 auctoritatem,
3279 3038 3591 3094 sententias
3625 3049 3680 3093 et

2092 3120 2285 3193 verba,
2318 3139 2447 3200 puta
2491 3129 2703 3199 lgnatii,
2746 3127 2908 3196 Justi,
2940 3129 3344 3195 Bartholomaai,
3381 3130 3685 3186 Clementis

418 3214 714 3285 aflirtuant,
749 3234 807 3276 ut
840 3227 952 3280 cito
999 3227 1214 3299 longam
1259 3233 1508 3307 venerint
1537 3235 1590 3290 in
1634 3238 1989 3295 oblivionem.
2021 3215 2063 3272 ί)
2099 3222 2437 3293 Philosophi:
2481 3238 2580 3277 "ec
2625 3239 2731 3277 "0“
2764 3222 2924 3292 Carpi
2969 3224 3256 3277 ViSionem-
3299 3221 3440 3288 Ουίά
3487 3224 3687 3292 Plura?

419 3308 527 3363 Sed
560 3312 644 3364 illa
684 3304 964 3383 reSpdnsio
998 3319 1129 3388 ipsis
1161 3304 1403 3378 auctoris
1438 3329 1610 3382 nostri
1652 3332 1836 3386 verbis
1872 3331 1997 3385 f‘un-
2063 3384 2067 3388 .

418 3404 563 3458 ditus
607 3409 775 3461 everti
822 3412 1095 3481 arguitur.
1127 3414 1221 3469 Ille
1255 3434 1491 3489 namque
1522 3432 1713 3489 aperte
1744 3424 1993 3479 declarat

418 3510 494 3586 se~
522 3514 677 3551 suum
722 3499 799 3554 De
835 3504 1026 3560 divinis
1069 3510 1365 3565 nominibus
1411 3513 1643 3579 librum,
1683 3516 1738 3570 iit
1773 3531 1881 3586 quo
1928 3519 1994 3572 de

420 3584 584 3679 rebus
612 3589 1017 3648 sublimioribus
1041 3607 1094 3649 et
1132 3596 1526 3658 difficilioribus
1558 3584 1816 3675 disputat,
1852 3608 1993 3679 style

417 3676 740 3747 simpliciori
796 3684 1127 3756 clariorique
1174 3694 1570 3761 conscripsisse
1616 3706 1675 3751 ut
1717 3712 1782 3752 ea
1834 3676 1994 3755 Cit—ri-

416 3768 628 3826 stianos
674 3774 852 3830 minus
887 3778 1161 3846 perfectos
1205 3784 1460 3851 doceret,
1505 3804 1627 3857 qua:
1673 3791 1995 3849 Timotheus

417 3862 857 3933 perf’ectioribus,
882 3880 938 3924 et
970 3872 1037 3926 iis
1070 3876 1162 3942 qui
1196 3877 1515 3934 sublimiora
1547 3885 1792 3953 capiunt,
1824 3888 1993 3942 tradi-

414 3953 568 4008 derat
612 3974 626 4009 :
664 3957 1017 4032 Quapropter,
1062 3966 1241 4037 inquit
1292 3971 1382 4027 ille
1407 3973 1474 4040 δ’,
1526 3992 1619 4031 nos
1659 3994 1864 4049 quoque
1901 3997 1992 4034 seu

412 4048 764 4113 perfectorum
796 4056 1144 4129 seniliumque
1185 4079 1433 4119 sensuum
1470 4048 1816 4139 magistrum,
1860 4074 1991 4128 alte-

413 4151 603 4204 rasque
649 4144 962 4212 scripturas,
1000 4164 1117 4217 qua:
1158 4152 1411 4208 diuinitus
1462 4159 1758 4228 amatorum
1791 4164 1990 4231 scripta

412 4245 651 4321 proxime
699 4248 1072 4305 assequuntur,
1118 4243 1186 4295 iis
1230 4247 1319 4312 qui
1369 4247 1679 4304 sublimiora
1732 4255 1987 4321 capiunt,

411 4317 560 4370 illum
608 4323 941 4391 assignantus
964 4342 984 4380 :
1025 4345 1118 4383 nos
1146 4348 1265 4385 vero
1306 4337 1473 4388 nostri
1507 4338 1768 4394 similibus
1796 4343 1865 4396 ad
1900 4361 1989 4398 ca-

410 4415 557 4473 ptum
608 4423 844 4468 nostrum
886 4433 964 4471 res
996 4420 1201 4474 divinas
1242 4425 1640 4491 explanauimus
1664 4470 1678 4484 .
1703 4472 1717 4485 .
1738 4472 1750 4485 .
1787 4450 1988 4489 sermo-

412 4516 537 4552 num
594 4520 712 4558 vero
772 4508 1313 4579 introductoriorum,
1369 4536 1460 4573 seu
1519 4522 1789 4589 inferioris
1847 4538 1985 4583 nota:

407 4594 684 4648 scientiam
712 4614 773 4650 ac
809 4601 1145 4672 disciplinam
1186 4609 1541 4674 initiantibus.
1569 4624 1725 4683 atque
1756 4618 1984 4676 initiatis

406 4688 702 4739 convenire.
724 4726 771 4740 ..
803 4706 865 4743 ne
892 4708 987 4759 pro
1028 4697 1240 4749 modulo
1275 4709 1451 4752 nostra
1482 4701 1631 4766 illos,
1661 4706 1848 4773 quibus
1895 4726 1986 4763 su-

408 4775 651 4832 blimiora
691 4782 840 4836 nobis
869 4788 1252 4855 contemplandi
1286 4791 1516 4857 facultas
1555 4797 1719 4863 deest,
1753 4801 1982 4855 admini-

406 4869 526 4921 culo
566 4872 845 4927 destitutos
890 4886 1210 4945 pateremur,
1244 4883 1313 4934 ad
1360 4887 1692 4941 scribendum
1745 4894 1981 4947 animum

403 4963 727 5028 appulimus.
766 4965 951 5035 Longe
980 4985 1110 5037 ergo
1152 4988 1181 5025 a
1226 4988 1391 5043 scopo
1424 4978 1516 5032 ille
1565 4980 1898 5052 aberrasset,
1933 4988 1979 5039 si

405 5056 672 5110 cothurno
720 5059 948 5128 tragico,
990 5073 1048 5114 ut
1087 5066 1380 5132 opinantur
1416 5070 1807 5143 Areopagitici,
1860 5093 1980 5131 am-

404 5147 670 5217 pullisque
721 5161 772 5204 et
824 5152 1005 5206 verbis
1051 5157 1115 5209 ad
1166 5172 1417 5228 pompam
1467 5163 1660 5219 efﬁctis
1716 5169 1982 5237 turgidior

402 5239 522 5307 ejus
557 5240 758 5303 oratio,
803 5244 1059 5300 omnibus
1090 5246 1161 5300 ita
1194 5250 1425 5306 difficilis
1456 5264 1605 5310 esset
1638 5267 1695 5311 et
1724 5260 1981 5329 obscura,

405 5340 462 5383 nt
497 5346 525 5382 a
576 5331 835 5386 librorum
873 5335 991 5402 ejus
1036 5340 1270 5396 lectione
1325 5344 1558 5401 fuissent
1609 5350 1842 5417 quilibet
1883 5353 1978 5406 de-

407 5433 598 5477 leff‘lll.

470 5514 738 5569 Craterum
790 5524 1144 5588 quantumvis
1193 5526 1331 5579 elata
1379 5537 1434 5583 et
1480 5531 1714 5587 difﬁcilis
1760 5535 1831 5589 sit
1877 5550 1978 5589 au-

402 5605 568 5660 ctoris
613 5608 781 5662 nostri
827 5611 1037 5678 oratio,
1085 5632 1184 5670 cur
1230 5618 1348 5687 ejus
1399 5621 1522 5677 libri
1575 5624 1976 5694 antiquioribus

495 5782 538 5813 ν
570 5783 639 5836 ηε
685 5786 845 5841 divin.
880 5792 1097 5860 nomin.,
1154 5809 1271 5864 cap.
1299 5795 1349 5858 ὅ,
1388 5795 1414 5866 5
1456 5798 1508 5852 9--

2097 3316 2342 3373 Ariorum
2375 3316 2541 3370 etiam
2589 3316 2873 3387 Opiniones
2921 3317 3125 3380 refert,
3174 3332 3237 3371 ac
3280 3330 3373 3371 eas
3414 3328 3560 3379 quas
3594 3333 3688 3372 ve-

2098 3413 2271 3466 riores
2300 3424 2423 3467 esse
2451 3418 2621 3476 putat,
2655 3409 2768 3479 ipse
2800 3409 3175 3478 amplectitur.

2166 3506 2432 3560 Pratterea
2471 3511 2675 3567 autem,
2702 3518 2800 3556 cur
2834 3500 3094 3568 lrenacus,
3127 3500 3523 3566 'l‘ertullianus,
3562 3501 3685 3555 alii-

2095 3614 2200 3668 que
2245 3598 2433 3654 Patres
2485 3596 2654 3653 variis
2706 3596 2943 3665 Dionysii
2994 3596 3372 3666 Areopagitas,
3426 3598 3579 3652 sicut
3630 3608 3689 3652 et

2096 3691 2322 3745 aliorum
2370 3692 2714 3747 decesserunt
2762 3702 2984 3744 suorum
3022 3690 3347 3745 testimoniis
3395 3689 3681 3745 adversus

2096 3783 2179 3837 sui
2211 3784 2469 3852 temporis
2498 3785 2781 3840 hzeretieos
2812 3797 2929 3839 non
2975 3782 3246 3836 utuntur?
3272 3780 3533 3850 Nunquid
3570 3782 3687 3836 bte-

2096 3875 2392 3929 reticorum
2430 3877 2739 3945 pervicacia
2783 3878 2898 3933 haec
2927 3874 3310 3948 posteriorum
3359 3873 3685 3928 testimonia

2094 3967 2267 4037 magis
2293 3982 2456 4036 quam
2483 3969 2816 4040 Dionysiana
2840 3970 2909 4025 ab
2937 3966 3071 4039 ipsis
3094 3963 3499 4034 extorquebat?
3527 3963 3688 4018 Nun-

2093 4060 2220 4128 quid
2252 4060 2320 4115 ad
2349 4075 2443 4115 eos
2475 4060 2834 4118 confutandos
2862 4063 3044 4118 minus
3083 4057 3345 4132 ponderis
3370 4065 3465 4111 aut
3494 4056 3689 4113 effica-

2092 4151 2273 4207 citatis
2304 4151 2538 4207 habebat
2564 4153 2810 4226 Dionysii
2842 4157 3184 4226 Areopagitaa
3227 4170 3393 4226 quam
3436 4149 3686 4211 alienun

2092 4244 2436 4299 auctoritas?

2705 4361 2933 4418 CAPUT
2973 4364 3062 4419 Vl.

2090 4451 2249 4505 Aliud
2280 4451 2890 4524 Antiareopagiticorum
2926 4468 3313 4524 argumentum,
3352 4475 3418 4513 ea:
3448 4457 3683 4513 Eusebii

2229 4534 2276 4577 et
2311 4521 2622 4592 Hieronymi
2652 4526 2859 4579 silentio
2889 4521 3134 4595 petitum,
3162 4530 3521 4583 examinatur.

2158 4613 2268 4669 Sed
2333 4628 2465 4684 age,
2515 4624 2682 4680 atque
2740 4618 3253 4689 Areopagiticorum
3322 4620 3687 4678 adversarios

2089 4715 2277 4759 contra
2328 4707 2661 4776 propositam
2700 4722 2891 4763 eorum
2950 4711 3298 4766 traditionem
3335 4711 3518 4766 acrius
3570 4726 3683 4767 ur-

2087 4805 2276 4866 gentes
2314 4799 2624 4853 audiamus.
2659 4798 2857 4855 Dicunt
2901 4802 3084 4871 itaque
3132 4804 3337 4872 scripta
3385 4803 3679 4873 Dionysii,

2087 4890 2335 4958 quamvis
2369 4891 2622 4946 omnibus
2663 4892 2786 4947 aliis
2825 4894 3189 4963 scriptoribus
3237 4895 3470 4949 fuissent
3511 4896 3691 4950 inco-

2086 4983 2255 5049 gnita,
2305 4998 2411 5037 non
2446 4983 2688 5053 potuisse
2732 4993 2909 5039 tamen
2956 5001 3224 5040 summam
3271 4985 3527 5051 Eusebii,
3575 4992 3681 5057 qui

2088 5083 2166 5129 tot
2224 5075 2681 5129 bibliothecarum
2730 5084 2785 5130 et
2850 5076 3261 5144 Ecclesiarum,
3318 5079 3686 5148 maximeque

2088 5168 2462 5231 Atheniensis,
2504 5169 2593 5223 ubi
2626 5183 2838 5223 summa
2882 5184 3011 5223 cura
3048 5172 3321 5225 asservari
3366 5171 3681 5239 debebant,

2086 5259 2286 5313 scrinia
2322 5260 2784 5329 perlustraverat,
2823 5268 2878 5313 et
2905 5260 2995 5326 qui
3035 5259 3086 5312 in
3129 5260 3474 5328 inquirendis
3518 5265 3685 5315 anti-

2087 5353 2338 5421 quiorum
2387 5353 2657 5424 Operibus
2687 5354 2816 5407 nulli
2852 5362 3174 5424 pepercerat
3199 5353 3399 5415 labori,
3429 5353 3685 5422 diligen-

2085 5447 2214 5499 tiam
2255 5446 2465 5517 fugere.
2509 5449 2673 5516 Atqui
2719 5449 2903 5502 omnia
2939 5449 3183 5504 auctoris
3229 5448 3404 5501 nostri
3458 5448 3682 5519 scripta

2083 5537 2312 5595 Eusebio
2353 5551 2476 5595 nota
2524 5557 2633 5595 non
2682 5539 2850 5595 fuisse
2894 5541 3020 5595 inde
3060 5548 3235 5610 patet,
3278 5540 3422 5610 quod
3471 5554 3679 5595 eorum

2082 5629 2269 5686 nullihi
2304 5648 2540 5702 unquam
2577 5634 2909 5689 mentionem
2945 5633 3155 5689 fecerit.
