3748 6318
396 328 464 383 εὖ

1528 330 1582 387 S.
1628 330 1996 388 DIONYSIUS
2034 329 2492 385 AREOPAGITA.
3569 331 3629 385 ἓι

393 449 517 501 rilto
548 453 613 501 de
643 449 1081 502 consubmmiali
1136 446 1394 502 Trinitate
1440 450 1618 501 eadem
1672 448 1967 500 testimonia
1999 452 2042 507 Α
2075 456 2356 499 auctorum
2393 445 2615 498 traditio
2647 461 2745 498 nec
2775 454 3027 514 perpetua
3055 455 3159 508 est,
3211 462 3309 501 nec
3342 458 3628 507 constans;

393 536 695 591 oroluliuet
721 539 971 593 adversus
996 538 1112 591 Arii
1142 540 1359 592 diversa:
1383 538 1692 591 sttbstantia:
1724 536 1968 605 blasphe-

395 634 551 683 miae.
581 629 643 684 Si
667 641 839 683 autem
866 632 1041 683 nullus
1068 646 1132 682 ea:
1173 630 1405 699 antiquis
1439 631 1747 683 recordatus
1774 637 1849 682 est
1880 645 1964 693 ea,

394 722 533 773 unde
564 738 701 775 nunc
728 724 943 790 potestis
969 724 1238 777 ostendere
1264 723 1389 792 quia
1417 722 1564 775 illius
1594 722 1717 781 sint,
1768 723 1961 774 nescio.

396 811 467 863 lix
506 811 812 882 hisllypatii
853 817 1056 875 verbis,
1092 814 1494 869 Catholicornm
1534 814 1752 867 nomine
1782 813 1963 881 prola-

394 905 483 960 tis.
523 904 629 957 duo
659 905 1003 972 colliguntur.
1050 905 1289 959 Primum
1324 906 1540 974 quidem
1587 904 1787 957 nullam
1824 903 1964 972 apud

390 1000 643 1066 antiquos
675 999 869 1056 horum
900 999 1135 1070 Operum
1178 1000 1374 1055 factam
1404 1002 1751 1055 mentionem.
1788 1000 1964 1067 Atque

393 1103 458 1140 ex
494 1088 583 1142 illa
616 1105 749 1143 sane
782 1089 982 1159 Hipatii
1034 1091 1363 1145 auctoritate
1408 1091 1575 1161 priori
1617 1100 1961 1159 argumento,

391 1195 453 1231 ex
496 1180 713 1235 silentio
740 1183 1107 1252 antiquiorum
1134 1183 1299 1244 petito
1321 1223 1337 1246 ,
1384 1198 1488 1237 non
1533 1192 1727 1251 parum
1756 1183 1966 1237 accedit

394 1272 606 1327 roboris
638 1283 692 1327 et
725 1274 1074 1330 ﬁrmamenti.
1109 1275 1419 1330 Secundum
1452 1292 1603 1338 vero,
1631 1278 1777 1330 viros
1808 1285 1964 1331 sexto

390 1363 589 1415 saacnlo
636 1364 994 1433 peritissimos
1058 1367 1110 1421 in
1177 1382 1240 1421 ea
1301 1367 1469 1421 fuisse
1536 1368 1789 1435 opinione
1849 1366 1963 1421 haec

390 1446 567 1513 Opera
598 1450 900 1505 adulterina
939 1469 1083 1520 esse,
1117 1466 1171 1509 et
1197 1456 1331 1509 falso
1358 1454 1599 1526 Dionysii
1624 1457 1963 1527 Areopagitte

390 1543 609 1597 nomine
640 1543 924 1612 inscripta.

459 1630 671 1687 Smculo
701 1637 949 1702 sequenti
992 1638 1143 1691 divus
1175 1639 1474 1703 Maximus,
1524 1642 1826 1697 acerrimus
1868 1659 1959 1697 eo-

390 1725 638 1777 rumdem
671 1723 907 1793 Operum
958 1727 1236 1795 defensor,
1289 1730 1495 1785 fatetur
1544 1732 1633 1785 illa
1674 1748 1701 1785 a
1737 1734 1961 1800 Quibus-

389 1817 513 1868 dam
546 1814 868 1885 Apollinari,
900 1820 968 1875 ab
1000 1820 1121 1875 aliis
1161 1820 1419 1891 Dionysio
1469 1823 1841 1903 Alexandrino
1873 1838 1957 1880 at-
1995 1813 2034 1868 Β

388 1907 570 1963 tribui.

457 2001 667 2055 Saecula
713 2018 855 2057 nono
901 2002 1219 2060 Theodorus
1267 2006 1571 2078 presbyter,
1634 2020 1770 2066 teste
1818 2011 1953 2066 Pho-

386 2094 459 2147 tio
486 2093 534 2159 ⁷,
565 2093 761 2149 librum
798 2111 906 2165 quo
952 2097 1142 2152 eadem
1172 2097 1347 2166 Opera
1387 2099 1678 2169 genuinum
1714 2102 1957 2173 Dionysii

385 2187 553 2241 fetum
589 2203 712 2243 esse
736 2192 1016 2257 probaret,
1051 2194 1405 2261 conscripsit.
1440 2194 1546 2247 Sed
1580 2210 1700 2258 cur,
1736 2199 1955 2262 amabo,

382 2278 449 2332 ad
495 2294 558 2335 ea
609 2279 866 2352 Dionysio
908 2286 1203 2340 asserenda
1255 2286 1450 2355 stylum
1510 2289 1803 2352 convertit,
1854 2290 1954 2343 nisi

380 2370 511 2438 quia
545 2371 610 2424 de
642 2373 749 2427 illis
799 2373 940 2429 inter
990 2376 1232 2432 eruditos
1284 2380 1513 2446 quaestio
1568 2390 1687 2433 erat
1729 2392 1783 2435 et
1824 2398 1956 2437 con-

382 2463 690 2517 troversia?
733 2465 859 2533 quid
917 2480 1046 2521 vero
1101 2470 1244 2535 quod
1303 2470 1531 2525 l’hotius
1578 2474 1694 2540 ipse
1738 2488 1804 2527 ex
1854 2476 1958 2529 hoc

381 2552 523 2609 libro
553 2564 788 2623 quatuor
814 2565 1024 2610 tantum
1057 2559 1350 2629 descripsit
1387 2575 1733 2632 argumenta,
1761 2568 1957 2636 quibus

381 2645 728 2712 potissimum
760 2646 845 2701 illa
876 2647 1050 2717 Opera
1087 2651 1348 2724 Dionysio
1382 2656 1662 2725 supposita
1708 2672 1829 2713 esse
1860 2661 1959 2714 de-

384 2735 868 2790 monstrabantur?
909 2736 1037 2792 lude
1083 2741 1232 2794 enim
1279 2744 1498 2811 quidam
1538 2744 1775 2805 inferunt
1810 2747 1955 2805 Pho-

383 2824 515 2878 tium
546 2824 722 2894 ipsum
756 2828 930 2883 eidem
963 2832 1247 2885 sententia:
1270 2834 1680 2909 subscripsisse.
1716 2842 1783 2898 Et
1807 2855 1955 2900 certe

378 2916 706 2976 Possevinus
729 2922 775 2988 ⁸,
817 2923 924 2980 iste
952 2924 1462 2999 Areopagiticomm
1502 2950 1766 3007 assertor,
1799 2940 1866 2996 de
1891 2958 1953 2996 ea

380 3012 555 3072 Pbotii
592 3016 845 3085 opinione
875 3019 954 3073 sic
991 3030 1309 3090 pronuntiat
1344 3049 1357 3082 :
1400 3029 1571 3099 Opera
1601 3032 1666 3085 Β.
1712 3033 1955 3103 Dionysii

377 3122 434 3164 ut
467 3113 919 3183 puuzlepigraplta
950 3113 1191 3173 ﬁdenter
1219 3121 1283 3173 ab
1315 3138 1374 3174 eo
1406 3124 1596 3177 notari.

457 3222 700 3294 Denique
742 3230 941 3285 secqu
989 3232 1201 3286 decimo
1250 3231 1440 3301 quinto
1476 3243 1532 3287 et
1574 3235 1952 3301 sequentibus,

379 3318 472 3373 ubi
506 3321 619 3379 hac
655 3327 886 3395 quastio
935 3326 1245 3397 diligentius
1303 3326 1495 3395 agitari
1545 3329 1732 3399 ctepit,
1778 3329 1954 3384 critici

380 3410 682 3483 doctiores,
710 3417 1054 3490 paucissimis
1099 3427 1307 3472 tantum
1339 3420 1602 3490 exceptis,
1628 3421 1809 3474 omnia
1842 3423 1953 3476 lure

380 3504 558 3576 Opera
596 3486 1223 3581 Dionysit’Areopagita:
1252 3511 1410 3579 plane
1441 3486 1763 3583 petiitusque
1800 3514 1956 3583 abju-

376 3598 650 3654 dicarunt.

450 3689 550 3745 His
598 3693 852 3746 omnibus
895 3694 1199 3750 reclamant
1252 3695 1642 3766 Are0pagitici,
1695 3697 1954 3765 aiuntqne

377 3780 552 3851 Opera
614 3782 857 3856 Dionysii
904 3786 958 3839 in
1014 3786 1315 3841 Collatione
1350 3788 1954 3857 ConstantinOpolitana

381 3872 548 3927 fuisse
581 3875 816 3944 primum
864 3876 1081 3945 quidem
1130 3877 1446 3946 repudiata;
1497 3879 1589 3932 sed
1638 3877 1729 3931 ubi
1762 3876 1964 3944 Patres

378 3980 491 4019 rem
546 3968 1268 4037 examinaruut'maturius,
1312 3968 1402 4023 illa
1455 3970 1645 4025 eadem
1694 3978 1953 4039 tanquam

374 4071 505 4111 vera
536 4068 591 4111 et
612 4075 869 4129 germana
916 4060 1051 4115 tanti
1101 4060 1205 4115 viri
1247 4063 1451 4130 scrip'a
1503 4062 1767 4116 ambabus
1810 4060 1953 4114 ulnis

376 4150 669 4217 amplexati
702 4162 853 4206 sunt.
883 4150 1036 4217 Quod
1086 4154 1151 4205 ad
1195 4164 1425 4208 caeteros
1454 4156 1671 4218 attinet,
1707 4156 1741 4208 ii
1781 4164 1950 4218 certe,

375 4242 643 4311 inquiunt,
684 4245 999 4311 paucissimi
1050 4260 1147 4313 per
1178 4254 1253 4298 tot
1298 4246 1622 4299 saaculorum
1668 4246 1951 4300 intervalla

374 4345 702 4400 occurrunt;
758 4351 857 4390 nec
888 4336 962 4390 illi
996 4336 1184 4405 procul
1228 4337 1394 4389 dubio
1423 4352 1547 4390 cum
1580 4344 1658 4391 tot
1692 4337 1958 4392 concilio-

377 4438 494 4479 rum
540 4435 599 4481 et
647 4427 908 4480 Sorhome
962 4427 1232 4491 decretis,
1289 4427 1522 4479 summis
1578 4426 1952 4494 pontiﬁcibus,

2071 540 2267 607 quippe
2299 552 2439 605 qnze,
2472 538 2551 590 uti
2586 537 2953 606 probavimus.
3007 554 3105 608 per
3148 540 3328 607 priora
3359 549 3484 608 post
3514 539 3631 598 [lio-

2071 633 2208 701 nysii
2242 640 2456 684 aetatem
2497 630 2719 694 saacula,
2747 631 2890 701 quod
2937 633 3172 701 primum
3201 634 3633 702 prmcipunmque

2075 725 2387 792 requiritur,
2420 726 2642 779 omnino
2668 724 2905 779 deﬁciat.
2940 724 3215 789 Secundo,
3248 738 3422 790 neque
3450 723 3634 778 conci-
3700 723 3701 787 l

2069 813 2137 867 lia
2190 828 2368 882 neque
2410 815 2603 867 summi
2655 816 2971 883 pontilices,
3022 812 3129 866 lata
3176 812 3470 880 aliquando
3501 812 3631 881 lege,

2070 906 2182 957 hazc
2240 904 2414 972 Opera
2474 920 2791 974 germanum
2848 904 3089 972 Dionysii
3130 902 3475 971 Areopagitae
3506 916 3636 970 opus
3702 902 3703 961 i

2068 1012 2188 1050 esse
2213 998 2579 1059 sanciveruut,
2627 997 2720 1049 sed
2764 996 2849 1049 illa
2879 1010 2943 1049 eo
2968 997 3232 1047 duntaxat
3262 995 3507 1057 nomine,
3539 1008 3636 1061 quo

2070 1087 2334 1154 inscripta
2364 1098 2541 1152 erant,
2594 1087 2843 1141 laudasse
2891 1085 3259 1155 perhibentur.
3310 1085 3469 1139 Nulla
3515 1099 3637 1152 ergo

2069 1182 2393 1235 temeritatis
2416 1191 2541 1234 nota
2572 1182 2637 1235 iis
2671 1180 2931 1236 inurenda
2958 1194 3081 1233 esse
3108 1178 3339 1239 videtur,
3375 1181 3495 1247 qui,
3530 1191 3639 1231 om-

2069 1274 2228 1328 nibus
2269 1273 2550 1342 utriusque
2601 1274 2774 1339 partis
2809 1272 3108 1328 rationibus
3140 1286 3295 1340 aequa
3319 1269 3479 1325 lance
3511 1284 3641 1339 pon-
3704 1274 3705 1281 ‘

2068 1364 2294 1427 deratis,
2334 1363 2576 1431 opinioni
2616 1362 2691 1416 illi
2726 1378 2886 1431 quam
2919 1360 3339 1430 probabiliorem
3366 1360 3637 1430 judicant,

2068 1456 2453 1510 adhaerendutn
2487 1470 2611 1510 esse
2642 1455 2981 1509 censuerint.

2136 1549 2307 1603 Porro
2337 1550 2403 1603 ad
2438 1551 2657 1603 decreta
2700 1545 3020 1613 Son-bonica,
3050 1563 3079 1601 a
3116 1548 3274 1602 nobis
3311 1548 3421 1617 jam
3448 1548 3638 1607 citata,

2066 1641 2209 1709 quod
2235 1651 2469 1709 spectat,
2518 1641 2703 1711 negari
2735 1640 2952 1709 quidem
2987 1655 3091 1695 non
3125 1650 3304 1709 potest
3334 1638 3642 1707 posteriore

2070 1733 2327 1785 adversus
2357 1731 2639 1785 Erasmum
2688 1730 2869 1786 edicto
2901 1731 3050 1785 illum
3086 1731 3333 1801 aliosque
3368 1731 3638 1801 perstrin-

2065 1825 2140 1893 εἰ,
2165 1824 2280 1891 qui,
2313 1833 2495 1891 spreta
2535 1823 2807 1878 clarorum
2846 1824 3107 1885 virorum,
3152 1824 3203 1877 id
3256 1832 3341 1878 est
3381 1824 3639 1891 antiquo-

2069 1932 2186 1970 rum
2218 1915 2476 1971 Ecclesia:
2505 1914 2747 1981 Patrum,
2791 1918 3134 1982 auctoritate,
3181 1917 3362 1971 omnia
3398 1915 3640 1985 Dionysii
3710 1980 3711 1995 χ

2066 2010 2239 2063 nostri
2276 2007 2450 2078 Opera
2480 2011 2771 2064 temerario
2804 2024 2934 2064 sane
2959 2018 3016 2063 et
3048 2008 3373 2079 imprudenti
3420 2008 3641 2062 novita-

2065 2111 2180 2155 tutn
2212 2102 2396 2155 studio
2425 2100 2767 2173 Areopagitae
2795 2100 2955 2170 plane
2993 2100 3318 2170 penitusque
3359 2098 3642 2167 abjudica-

2062 2198 2217 2252 bant.
2260 2197 2329 2250 At
2369 2198 2551 2264 priore
2597 2205 2785 2249 contra
2827 2195 3125 2249 Lutheruni
3170 2193 3411 2259 decreto,
3474 2194 3524 2247 is
3582 2209 3642 2245 ea

2061 2286 2409 2355 potissimum
2443 2286 2510 2341 de
2542 2300 2727 2351 causa,
2771 2296 2826 2340 et
2866 2286 3221 2341 meritissimo
3268 2286 3486 2354 quidem
3521 2285 3644 2352 jure

2064 2380 2487 2444 condemnatur,
2532 2379 2703 2447 quod,
2762 2379 3036 2447 impietate
3076 2379 3521 2447 impudentiaque
3556 2382 3639 2432 iu-

2064 2473 2356 2537 tolerabili,
2401 2487 2507 2527 non
2535 2472 2711 2528 solum
2742 2483 3056 2543 usurpatam
3091 2474 3159 2529 ab
3191 2484 3412 2528 auctore
3443 2484 3641 2527 nostro

2062 2580 2127 2618 ex
2162 2564 2243 2618 sui
2273 2565 2533 2634 temporis
2574 2566 2789 2635 ingenio
2819 2574 2872 2619 et
2915 2580 3066 2620 more
3103 2563 3375 2619 scribendi
3424 2565 3642 2617 metho-

2050 2658 2212 2725 dum,
2245 2662 2338 2715 sed
2372 2660 2626 2714 traditam
2663 2672 2878 2727 quoque
2914 2657 2981 2711 ab
3016 2658 3133 2727 ipso
3160 2656 3481 2711 orthodoxae
3513 2654 3641 2709 ﬁdei

2063 2753 2369 2809 doctrinam
2406 2753 2489 2805 vir
2520 2752 2913 2805 audacissimus
2954 2749 3280 2804 conculcare
3306 2758 3363 2804 et
3387 2763 3640 2817 pessum-

2063 2845 2194 2897 dare
2217 2858 2381 2897 ausus
2407 2842 2497 2895 sit.
2523 2840 2647 2895 llaec
2676 2854 2806 2908 ergo
2833 2839 3092 2892 Sorboua:
3116 2837 3359 2899 decreta,
3382 2835 3643 2905 inquiunt

2061 2934 2572 3004 Antiareopagitici,
2624 2932 2828 2984 nullam
2887 2931 3151 2984 censoria:
3193 2928 3509 2983 severitatis
3544 2942 3643 2980 no-

2065 3039 2170 3081 tam
2203 3028 2269 3082 iis
2309 3027 2558 3088 inurunt,
2584 3026 2699 3092 qui,
2741 3021 2894 3076 salvo
2923 3035 3139 3090 semper
3167 3020 3348 3075 debito
3384 3018 3643 3075 Patribus

2064 3119 2271 3172 honore
2296 3126 2352 3172 et
2383 3114 2712 3177 reverentia,
2760 3126 2859 3167 nec
2905 3120 3132 3175 temere,
3180 3110 3274 3165 sed
3326 3110 3543 3164 ratione
3594 3119 3648 3163 et

2056 3212 2283 3282 judicio,
2318 3224 2417 3265 nec
2448 3209 2554 3262 ullo
2579 3206 2834 3261 novitatis
2863 3205 3067 3267 studio,
3117 3204 3211 3258 sed
3239 3203 3461 3257 sincero
3492 3204 3646 3257 veri-

2020 3330 2023 3333 ν
2063 3302 2188 3356 tatis
2216 3314 2424 3366 amore,
2452 3300 2518 3355 ab
2561 3298 2783 3367 antiqua
2824 3295 3084 3366 plurium,
3128 3297 3221 3349 sed
3252 3310 3360 3349 non
3392 3295 3646 3349 omnium

2060 3394 2314 3463 opinione
2346 3390 2624 3447 recedunt.

2641 3503 2866 3561 CAPUT
2908 3502 3039 3558 Vill.

2058 3601 2383 3671 Argumenta
2414 3615 2479 3651 ea:
2514 3599 2641 3667 ipsis
2684 3596 2917 3671 auctoris
2954 3593 3208 3659 Operibus
3231 3593 3512 3671 desumpta
3554 3608 3650 3671 es-

2127 3666 2462 3739 penduntur;
2518 3666 2581 3722 ac
2632 3670 2863 3736 primum
2930 3673 3242 3734 argumenta
3298 3666 3647 3731 Areopagiti-

2127 3757 2327 3794 corum.
3374 3808 3377 3809 ν

2130 3858 2429 3911 Excussum
2468 3865 2551 3909 est
2598 3855 2865 3908 hactenus
2910 3852 3146 3921 primum
3186 3848 3499 3920 argumenti
3548 3864 3649 3917 ge-

2060 3967 2181 4013 nus.
2209 3964 2315 4020 quo
2370 3948 2609 4019 Dionysii
2656 3946 2833 4015 Opera
2869 3945 2971 4012 ipsi
3024 3945 3258 3999 aliorum
3302 3941 3653 3996 auctoritate

2060 4044 2142 4097 vel
2161 4050 2498 4102 asseruntur,
2518 4039 2599 4093 vel
2622 4038 3036 4106 abjudicautur;
3063 4050 3207 4091 nunc
3225 4036 3291 4089 ad
3314 4034 3646 4097 secundum,

2058 4140 2296 4207 quodex
2349 4133 2597 4202 ipsismet
2649 4131 2793 4185 illius
2842 4128 3113 4200 Operibus
3159 4128 3377 4198 petitur,
3431 4127 3653 4180 exami-

2059 4229 2295 4283 nandum
2328 4226 2676 4283 accedamus.
2733 4223 2871 4277 lllud
2924 4231 3107 4277 autem
3147 4222 3435 4289 utriusque
3464 4220 3653 4288 partis

2058 4322 2298 4376 fautores
2324 4335 2419 4390 pro
2447 4335 2542 4373 sua
2573 4318 2778 4389 quique
2801 4316 3058 4386 opinione
3088 4314 3326 4368 militare
3361 4312 3649 4366 arbitran-

2061 4424 2169 4467 tur.
2223 4413 2289 4467 Et
2341 4418 2517 4481 primo
2574 4410 2822 4481 quidem,
2879 4409 2923 4461 si
2969 4405 3369 4475 Areopagiticis
3415 4402 3650 4465 credas,

376 4515 629 4572 Patribus
684 4518 920 4587 aliisque
974 4517 1373 4587 scriptoribus,
1428 4518 1519 4585 qui
1572 4518 1687 4572 haec
1748 4518 1945 4585 scripta

2131 4506 2288 4559 iteria
2324 4502 2583 4573 Operum,
2618 4502 2813 4573 stylus,
2864 4498 3087 4562 locutio,
3134 4512 3199 4551 ac
3239 4496 3469 4563 denique
3496 4494 3651 4547 scri-

378 4609 634 4680 Dionysio
688 4611 1004 4677 adjudicant
1062 4610 1144 4665 vel
1185 4624 1433 4673 numero,
1488 4609 1573 4663 vel
1621 4610 1949 4675 eruditione,

373 4704 456 4758 vel
482 4703 811 4757 auctoritate
846 4702 1224 4770 comparandi,
1279 4702 1448 4755 multo
1498 4702 1677 4755 minus
1724 4710 1950 4771 antepo-

373 4793 533 4849 nendi
563 4794 837 4848 videntur.
898 4793 1050 4858 Quod
1082 4792 1126 4845 si
1178 4800 1231 4845 et
1275 4805 1515 4844 summos
1552 4790 1868 4859 pontiﬁces,
1896 4804 1949 4845 et

372 4886 628 4941 Ecclesia:
678 4886 903 4949 Patres,
942 4886 1185 4956 aliosque
1233 4900 1423 4938 omnes
1469 4894 1523 4938 et
1576 4885 1841 4938 excitatis
1897 4898 1950 4938 et

370 4978 575 5033 erroris
619 4993 853 5048 arguere
900 4972 1129 5041 audeas,
1190 4994 1369 5033 nonne
1415 4989 1639 5047 przestat
1696 4996 1818 5033 cum
1871 4989 1949 5033 tot

372 5070 648 5139 tantisque
681 5072 811 5125 viris
849 5072 901 5125 in
935 5088 1203 5136 errorem,
1242 5072 1287 5126 si
1317 5074 1389 5124 ita
1417 5072 1561 5141 loqui
1604 5073 1685 5126 fas
1718 5082 1823 5136 est,
1866 5072 1950 5124 in-

369 5160 518 5226 duci,
544 5176 708 5231 quam
746 5164 1105 5233 quorumdam
1139 5165 1477 5226 criticorum,
1511 5164 1736 5217 forsitan
1775 5164 1945 5216 auda-

366 5253 605 5319 ciorum,
633 5255 944 5323 opinionem
972 5256 1187 5311 illortnn
1221 5257 1478 5320 praeferre
1511 5256 1757 5323 judicio?

438 5345 650 5402 Instant
681 5358 859 5404 tamen
889 5351 1131 5404 adversae
1162 5350 1349 5418 'partis
1401 5358 1698 5403 sectatores
1730 5363 1945 5402 omnem

370 5438 528 5509 hujus
555 5443 950 5509 responsionis,
992 5441 1393 5509 quantumlibet
1445 5440 1702 5508 ponderis
1748 5438 1950 5490 habere

370 5532 638 5597 videatur,
694 5534 802 5586 vim
853 5536 1125 5601 roburque
1150 5531 1347 5600 duplici
1398 5546 1464 5584 ex
1507 5545 1675 5583 causa
1727 5529 1950 5583 omnino

369 5624 543 5690 frangi
589 5633 643 5679 et
693 5623 991 5679 debilLtari.
1043 5624 1227 5677 Primo
1263 5624 1479 5692 quidem
1532 5622 1684 5689 .quia
1733 5623 1943 5691 objecta

420 5808 459 5846 -'
489 5804 629 5860 Bibl.
659 5808 781 5862 cod.
813 5821 850 5861 t.
931 5806 951 5833 ⁸
980 5804 1241 5873 Apparet.
1272 5818 1443 5869 sacer,
1473 5799 1635 5855 verbo
1667 5797 1909 5854 l’ltolius.

2064 4596 2269 4660 ptionis
2306 4603 2537 4665 tempus,
2570 4610 2679 4649 non
2710 4592 2875 4647 alium
2904 4604 3092 4643 eorum
3126 4602 3290 4657 quam
3318 4584 3649 4654 Dionysium

2060 4689 2442 4758 Areopagitaut
2501 4695 2785 4756 parentem
2852 4696 2974 4737 esse
3036 4682 3295 4749 produnt.
3382 4674 3653 4729 Materies

2062 4796 2295 4849 namque
2320 4796 2413 4834 seu
2440 4786 2823 4847 argumentum
2876 4771 3317 4827 lucubrationum
3351 4769 3497 4822 Deus
3526 4778 3648 4831 est,

2061 4875 2320 4935 Trinitas,
2369 4869 2567 4941 angeli,
2609 4867 2875 4930 Ecclesia,
2927 4863 3188 4919 Ecclesiae
3243 4860 3508 4923 ministri,
3542 4875 3647 4913 sa-

2059 4976 2331 5022 cramenta
2354 4981 2369 5029 j.
2396 4978 2517 5029 qua:
2549 4961 2800 5017 subtilem
2826 4957 3228 5029 philosophum,
3264 4966 3646 5021 magnumque

2056 5062 2363 5129 theologum
2403 5061 2455 5113 in
2511 5053 2900 5112 sublimissimo
2950 5059 3270 5121 argumento
3320 5056 3644 5101 versantem

2056 5162 2291 5222 arguunt
2345 5161 2399 5207 et
2427 5151 2692 5205 indicant.
2748 5147 2934 5217 Stylus
2970 5153 3149 5198 autem
3195 5151 3249 5195 et
3298 5138 3503 5193 locutio
3534 5138 3642 5192 viri

2055 5258 2137 5301 est
2166 5250 2214 5299 in
2252 5246 2415 5300 rebus
2450 5244 2649 5298 divinis
2676 5251 2732 5296 et
2757 5240 2929 5295 sacris
2970 5236 3299 5293 meditandis
3320 5233 3637 5295 exercitati,

2055 5338 2147 5406 qui
2182 5354 2341 5393 voces
2367 5353 2534 5391 novas
2559 5352 2623 5389 ac
2654 5334 2955 5401 singulares
2994 5331 3061 5384 ad
3092 5344 3300 5393 rerum,
3333 5326 3642 5393 czeteroqui

2057 5429 2545 5499 inexplicabilium,
2577 5424 3050 5480 adumbrationem
3083 5422 3289 5492 ﬁngere
3328 5427 3383 5473 ct
3411 5431 3646 5484 compo-

2057 5538 2186 5576 nere
2207 5532 2431 5577 coactus
2462 5530 2568 5576 est.
2619 5519 2860 5588 Tempus
2892 5517 3126 5586 denique
3158 5512 3473 5582 scriptionis
3528 5528 3644 5565 au-

2061 5626 2261 5669 ctorem
2289 5610 2539 5684 apostolis
2562 5608 2689 5681 ipsis
2720 5623 3019 5679 eorumque
3060 5604 3341 5676 discipulis
3386 5614 3639 5659 coruum
