3748 6342
94 354 166 408 25

1406 348 1944 409 PROLEGOMENA.

3290 361 3361 417 36

97 478 286 535 aperte
338 467 698 522 demonstrat.
758 468 974 523 Etenim
1027 468 1116 523 ille
1174 485 1233 524 se
1262 468 1415 534 solis,
1462 469 1679 523 Christo
1711 477 1753 532 Α
1791 469 1836 525 ι.
1865 470 2066 524 Omnes
2096 481 2221 524 ante
2242 468 2530 525 Baronium
2555 471 2871 540 scriptores,
2895 487 3015 526 cum
3038 472 3211 527 Graeci
3246 484 3358 530 tum

95 563 363 629 patiente,
411 556 773 618 defectionem
822 564 1045 628 vidisse,
1093 580 1159 620 ae
1195 573 1380 633 postea
1431 562 1582 617 Pauli
1623 574 1677 618 et

96 656 379 711 llierothei
406 656 704 725 disciplinae
740 657 1021 723 traditmn,
1050 658 1248 711 deinde
1277 672 1401 711 cum
1448 666 1674 725 aposto-

94 754 162 805 lis
189 766 362 807 sacrae
397 748 634 822 Virginis
676 751 857 807 Mariae
884 755 1162 824 exsequiis
1192 763 1247 808 et
1292 752 1469 806 funeri
1502 753 1675 806 inter-

96 848 285 907 fuisse,
316 860 381 899 ac
409 845 623 899 tandem
654 845 722 900 ad
748 844 1013 901 Joannem
1054 845 1358 916 apostolum
1392 846 1445 901 in
1497 844 1674 898 insula

94 937 357 991 Pathmos
388 936 727 993 exsulantem
756 937 968 992 litteras
1002 940 1216 994 dedisse
1240 938 1548 1008 profitetur.
1578 939 1675 991 At-

91 1029 180 1096 qui
222 1031 340 1084 htec
374 1033 555 1084 omnia
614 1045 791 1100 neque
835 1031 1093 1103 Dionysio
1140 1032 1465 1095 Corinthio,
1500 1046 1673 1100 neque

92 1119 350 1190 Dionysio
374 1121 746 1175 Alexandrino
765 1163 780 1185 ,
815 1136 989 1191 neque
1017 1123 1107 1178 ulli
1133 1123 1224 1177 alii
1264 1122 1541 1192 Dionysio,
1565 1123 1670 1176 nisi

92 1213 126 1263 Α
140 1212 435 1281 reopagitre
471 1212 824 1269 conveniunt.
858 1214 948 1269 Ille
980 1231 1112 1286 ergo
1136 1214 1283 1269 solus
1310 1215 1501 1269 horum
1531 1215 1671 1283 Ope-

92 1317 230 1363 rum,
290 1318 412 1371 qure
457 1319 653 1359 nomen
706 1305 824 1375 ejus
874 1305 927 1359 in
982 1304 1373 1374 manuscriptis
1414 1306 1671 1359 omnibus

87 1408 208 1445 cum
242 1392 475 1459 Graecis,
510 1405 621 1449 tum
652 1395 863 1451 Latinis
895 1397 1174 1467 praeﬁxum
1208 1410 1427 1466 semper
1459 1396 1667 1450 habue-

90 1495 233 1550 runt,
265 1501 466 1555 parens
497 1497 552 1541 et
590 1498 781 1543 auctor
809 1489 1075 1545 dicendus
1098 1499 1200 1543 est.
1243 1490 1307 1543 Et
1336 1498 1485 1544 certe
1516 1488 1669 1543 nefas

84 1594 204 1633 esse
241 1580 465 1633 videtur
503 1579 667 1633 istum
708 1590 985 1636 auctorem
1019 1582 1072 1636 in
1111 1580 1399 1637 fmdissimi
1445 1584 1667 1636 tuenda-

83 1670 174 1735 cii,
208 1669 440 1727 fallacia:
484 1682 534 1726 et
565 1671 845 1741 sacrilegae
889 1673 1266 1730 simulationis
1294 1675 1663 1744 suspicionem

68 1775 311 1837 .vocare,
361 1763 579 1831 quando
632 1764 849 1832 quidem
893 1765 1092 1834 scripta
1151 1764 1270 1834 ejus
1325 1780 1428 1819 non
1493 1767 1664 1821 solum

85 1852 281 1923 ubique
329 1853 673 1908 sanctitatem
717 1853 949 1923 spirant,
1004 1856 1098 1910 sed
1137 1870 1200 1909 ea
1248 1856 1411 1910 etiam
1458 1872 1579 1911 cum
1614 1858 1669 1911 in

88 1947 473 2001 monaSterium
504 1956 557 2004 et
587 1948 775 2002 urbem
823 1947 941 2016 ejus
996 1947 1216 2002 nomine
1246 1962 1410 2019 prope
1431 1947 1671 2005 Parisios

84 2037 242 2104 dicta,
288 2051 731 2110 asportarentur,
772 2044 941 2098 variis
994 2046 1409 2101 infirmitatibus
1448 2047 1501 2101 in
1536 2047 1669 2101 tanti

86 2132 177 2184 viri
208 2133 472 2189 honorem
514 2136 813 2205 applicata,
866 2137 1049 2193 multis
1088 2139 1348 2194 divinitus
1388 2141 1669 2195 honestata

83 2228 199 2271 sunt
228 2222 533 2277 miraculis.

148 2313 242 2379 Qui
273 2329 405 2369 vero
444 2330 512 2370 ex
550 2318 777 2374 adversa
828 2330 977 2375 stant
1004 2330 1190 2391 parte,
1243 2322 1296 2375 hi
1342 2323 1668 2393 respondent

85 2410 353 2462 materiam
385 2412 568 2480 operis
606 2412 675 2466 ab
711 2412 818 2467 alio
847 2428 1000 2482 teque
1038 2429 1103 2467 ac
1128 2412 1388 2485 Dionysio
1422 2416 1666 2485 Areopa-

83 2500 179 2567 gita
213 2505 441 2558 tractari
494 2506 755 2574 pctuisse,
798 2505 998 2576 stylum
1052 2515 1233 2560 autem
1262 2516 1316 2561 et
1336 2506 1663 2563 locutionem

85 2594 317 2666 Dionysii
390 2595 736 2668 Areopagitae
791 2597 876 2652 his
936 2598 990 2652 iu
1060 2598 1279 2667 scriptis
1335 2600 1661 2669 deprehendi

83 2686 224 2752 plane
246 2689 575 2758 penitusque
617 2688 949 2744 inﬁciantur.
988 2690 1249 2747 Fatentur
1292 2690 1510 2761 quidem
1556 2706 1661 2745 au-

82 2792 278 2834 ctorem
311 2781 573 2835 nonnulla
618 2784 683 2836 iis
726 2782 1023 2839 inseruisse
1055 2785 1254 2855 quibus
1306 2802 1366 2840 se
1390 2787 1666 2855 apostolo-

83 2885 184 2924 rum
212 2873 552 2942 temporibus
585 2873 807 2939 vixisse,
850 2884 903 2930 et
939 2874 1095 2930 Pauli
1133 2876 1455 2946 discipulum
1492 2876 1664 2933 fuisse

84 2962 295 3019 incautis
326 2964 755 3034 simplicioribus
785 2969 1169 3036 persuaderet;
1205 2968 1298 3025 sed
1326 2970 1663 3025 contendant

83 3054 215 3121 plura
242 3056 297 3110 in
334 3057 533 3111 iiTsdem
568 3058 840 3128 Operibus
876 3057 1245 3128 imprudenter
1284 3062 1353 3116 ab
1395 3076 1461 3117 eo
1512 3062 1661 3131 adje-

1701 1821 1742 1875 Β

1781 563 1981 631 Latini,
2024 564 2076 618 in
2114 578 2176 619 ea
2216 564 2433 618 fuerunt
2464 565 2757 619 sententia.
2820 564 2877 617 9..
2930 564 3138 619 Auctor
3175 574 3359 621 noster

1783 659 1950 712 tradit
1972 659 2314 713 Timotheum
2340 659 2637 728 episcopali
2661 661 2925 731 dignitate
2950 661 3355 731 inauguratum,

1778 760 1942 820 atque
1972 752 2040 806 ab
2069 766 2135 806 eo
2163 751 2340 819 Opera
2371 767 2466 807 sua
2495 751 2607 805 vult
2648 754 2950 807 examinari
2992 761 3047 806 et
3083 752 3351 822 castigari.

1778 844 1831 897 '5.
1882 845 2025 899 Idem
2068 846 2183 915 ipse
2239 854 2428 899 auctor
2468 844 2521 897 in
2571 845 2795 911 epistola
2845 846 2912 899 ad
2940 845 3146 911 Titum,
3192 859 3353 915 quem

1777 935 2043 990 Baronius
2090 935 2289 1003 aliique
2329 935 2690 1004 Areopagitici
2728 935 3050 1004 discipulum
3083 945 3137 990 et
3186 935 3356 989 comi.

1780 1038 1884 1081 tem
1944 1027 2093 1083 Pauli
2151 1028 2319 1083 fuisse
2383 1027 2732 1093 concedunt,
2795 1027 3038 1095 ejusdem
3084 1028 3355 1085 Timothei

1776 1120 2046 1175 meminit.
2114 1121 2167 1175 4.
2224 1120 2279 1174 In
2331 1121 2587 1176 omnibus
2641 1122 3024 1190 manuscriptis
3080 1123 3355 1178 codicibus

1776 1210 2093 1267 Timotheus
2138 1212 2226 1267 ille
2269 1213 2599 1281 Ephesinum
2632 1214 3000 1282 episcopatum
3025 1252 3039 1276 ,
3072 1213 3156 1267 cui
3191 1213 3353 1267 disci-

1776 1300 1932 1370 pulus
1976 1300 2126 1364 Pauli
2169 1300 2404 1370 prtefuit,
2448 1302 2687 1357 tenuisse
2744 1311 3103 1357 memoratur.
3161 1302 3216 1356 5.
3244 1304 3349 1358 De-

1775 1395 1937 1461 nique
1965 1403 2155 1447 auctor
2184 1402 2385 1460 noster,
2436 1394 2513 1448 uti
2565 1395 2832 1459 diximus,
2886 1409 2944 1449 se
2983 1396 3356 1463 apostolorum

1772 1485 2120 1554 ejusdemque
2181 1486 2406 1554 proinde
2453 1484 2722 1542 Timothei
2776 1486 3109 1556 temporibus
3151 1487 3357 1540 vixisse

1764 1576 2000 1643 jaCtitat.
2035 1576 2133 1630 His
2162 1586 2340 1632 autem
2372 1579 2674 1633 rationibus
2714 1588 2771 1633 et
2794 1578 2921 1633 illud
2945 1593 3159 1648 quoque
3192 1577 3353 1633 refel-

1771 1669 1922 1740 litur,
1969 1673 2113 1739 quod
2156 1679 2279 1740 post
2320 1670 2741 1740 pseudo-Dextri
2796 1669 3101 1726 Chronicon
3151 1685 3357 1740 propu-

1769 1771 1897 1833 gnat
1947 1761 2226 1831 Bivarius,
2270 1763 2416 1820 hunc
2453 1763 2801 1819 Timotheum
2853 1780 2960 1818 non
3025 1764 3187 1817 alium
3233 1776 3355 1817 esse

1773 1873 1935 1925 quam
1984 1856 2284 1928 Eugenium
2335 1858 2689 1924 Toletanum,
2742 1858 2830 1913 cui
2880 1866 3100 1927 propter
3153 1858 3350 1926 ingenii

1772 1948 2154 2004 excellentiam
2181 1966 2374 2005 nomen
2405 1950 2675 2005 Timothei
2710 1952 3022 2019 impositqu
3050 1962 3156 2006 est.

1844 2043 1950 2098 Sed
2006 2046 2199 2099 horum
2247 2045 2485 2100 vicissim
2530 2045 3031 2115 Areopagiticorum
3077 2057 3353 2101 momenta

1772 2134 1895 2189 inde
1936 2136 2081 2189 haud
2104 2123 2372 2189 dillicilius
2416 2146 2756 2201 evertuntur,
2800 2138 2945 2206 quod
3000 2137 3349 2207 Evangelinm

1768 2237 1822 2281 et
1880 2229 2261 2300 Apocalypsim
2322 2232 2549 2287 Joannis
2612 2233 2883 2303 apostoli,
2939 2240 3100 2301 atque
3155 2231 3349 2302 lgnatii

1769 2320 2077 2388 epistolam,
2110 2337 2229 2391 ρυλε
2259 2332 2383 2392 post
2431 2322 2703 2377 Timothei
2754 2333 2981 2379 mortem
3032 2322 3175 2377 edita
3203 2330 3351 2385 sunt,

1771 2413 1823 2465 in
1857 2414 2099 2467 auctoris
2130 2415 2301 2468 nostri
2345 2416 2587 2484 scriptis,
2626 2424 2685 2468 ut
2731 2414 2871 2468 infra
2903 2415 3168 2479 dicemus,
3201 2413 3350 2467 clare

1771 2505 2205 2574 nominatimque
2256 2507 2518 2561 citentur.
2553 2507 2846 2567 Enimvero
2897 2507 3012 2561 sola
3056 2504 3351 2576 lgnatianze

1770 2598 2023 2666 epistolae
2054 2603 2244 2665 verba,
2276 2614 2400 2670 quae
2430 2601 2503 2655 ab
2531 2616 2595 2656 eo
2621 2616 2751 2656 vere
2779 2601 3130 2669 transcripta,
3165 2614 3265 2654 nec
3292 2599 3345 2652 in

1768 2700 1975 2747 textum
2001 2693 2119 2762 ejus
2147 2694 2358 2749 intrusa
2391 2710 2511 2749 esse
2537 2692 3055 2759 demonstrabimus,
3087 2693 3137 2747 id
3163 2703 3348 2761 aperte

1764 2788 2039 2845 evincunt.

1836 2882 2004 2936 Addit
2038 2879 2307 2937 Baronius
2351 2884 2493 2953 quod
2545 2882 2863 2938 Timotheus
2903 2882 2991 2937 ille
3022 2883 3094 2936 ab
3123 2892 3347 2935 auctore

1768 2984 1959 3028 nostro
1998 2990 2141 3044 saepe
2170 2980 2326 3043 παῖς,
2372 2993 2522 3046 puer.
2566 2985 2815 3030 vocatur.
2860 2975 2932 3029 At
2971 2974 3340 3039 Timotheum,

1762 3063 1919 3119 Pauli
1969 3065 2317 3136 discipulum,
2362 3085 2392 3122 a
2436 3069 2692 3138 Dionysio
2737 3067 3084 3137 Areopagita.
3134 3079 3201 3122 eo
3247 3080 3344 3121 no-

82 3156 175 3211 cta,
207 3149 410 3217 quibus
433 3164 498 3202 ea
540 3148 701 3217 longe
720 3160 847 3220 post
891 3151 1263 3220 apostolorum
1311 3164 1366 3208 et
1416 3153 1651 3226 Dionysii
1681 3164 1724 3223 (ζ
1762 3161 1907 3215 mine
1945 3161 2330 3229 compellatum
2362 3178 2481 3219 esse
2513 3164 2644 3217 nulli
2677 3163 2974 3239 verisimile
3020 3161 3337 3214 videbitur:

82 3241 411 3309 Areopagitae
438 3248 660 3297 aetatem
688 3242 956 3311 prodiisse
980 3243 1181 3299 invicte
1219 3246 1647 3303 demonstratur.

84 3330 253 3386 Utrum
300 3345 487 3388 autem
531 3334 621 3399 id,
672 3335 748 3389 uti
795 3335 1113 3405 opinantur,
1162 3339 1326 3393 certis
1375 3342 1649 3395 rationum

81 3428 354 3480 momentis
413 3427 648 3495 probare
692 3428 929 3500 possint,
978 3446 1008 3483 a
1063 3430 1219 3488 nobis
1268 3441 1351 3488 est
1397 3443 1651 3489 accurate

82 3518 496 3583 ponderandum.

670 3635 899 3695 CAPUT
938 3639 1028 3694 IX.

80 3724 387 3801 Argumenta
457 3729 1062 3801 AutiareOpagiticorum
1120 3735 1530 3801 examinantur;
1599 3748 1648 3792 et

135 3799 361 3875 primum
388 3801 622 3868 quidem,
648 3804 768 3854 inde
784 3799 1006 3857 ductum
1035 3805 1173 3875 quod
1215 3804 1338 3859 libri
1375 3799 1648 3863 Timotheo

136 3868 516 3923 inscribuntur.

135 3977 368 4036 Primqu
391 3983 1007 4055 Antiareopagiticorum
1043 4000 1397 4058 momentum,
1432 4007 1499 4045 ex
1531 3993 1645 4063 ipsa

82 4068 340 4141 librorum,
382 4078 475 4144 qui
522 4075 811 4133 Timotheo
859 4091 1257 4149 nuncupantur,
1293 4083 1646 4154 inscriptiOne

84 4162 287 4220 ducitur.
319 4169 537 4222 Auctor
568 4185 713 4224 enim
743 4178 930 4226 noster
953 4172 1007 4227 in
1036 4172 1178 4229 libro
1220 4175 1296 4228 De
1323 4178 1518 4232 divinis
1546 4196 1643 4232 na-

85 4258 279 4313 minibus
307 4262 601 4331 epistolam
644 4264 835 4335 lgnatii
889 4267 1212 4323 Antiocheni
1257 4272 1542 4341 episcopi;
1567 4274 1645 4327 ttti

86 4350 195 4405 infra
220 4354 464 4419 dicetur,
506 4365 561 4410 et
604 4357 866 4426 laudavit,
902 4368 955 4413 et
988 4360 1261 4429 ipsissima
1306 4362 1450 4417 illius
1477 4366 1641 4419 verba

88 4444 255 4502 retulit.
280 4447 454 4517 Ergo,
482 4447 755 4516 inquiunt,
782 4449 868 4505 hic
895 4450 1033 4505 liber
1054 4451 1364 4519 Timotheo,
1388 4456 1480 4525 qui
1513 4457 1640 4510 dum

1759 3248 1903 3305 Nam
1931 3253 2220 3323 episwpus,
2243 3254 2419 3325 inquit
2445 3254 2711 3310 Baronius
2729 3255 2769 3318 ',
2792 3254 3150 3322 coepiswpum
3172 3252 3341 3305 nomi-

1758 3359 1883 3396 nare
1909 3348 2240 3400 consuevisse
2273 3348 2508 3417 fratrem,
2558 3364 2661 3400 non
2698 3347 2891 3415 ﬁlium,
2922 3347 3064 3399 mille
3090 3343 3340 3410 exemplis

1755 3444 1887 3487 esset
1918 3434 2076 3504 facile
2107 3443 2485 3491 demonstrare.
2514 3437 2683 3505 Hujus
2718 3436 3021 3507 argumenti
3051 3433 3336 3488 difﬁculta-

1757 3540 1840 3584 tes
1886 3539 1943 3582 ut
1986 3528 2201 3584 solvant
2255 3530 2343 3582 alii
2374 3528 2763 3599 AreOpagitici,
2802 3530 2985 3582 varias
3022 3537 3335 3597 congerunt

1758 3620 2168 3689 responsiones.
2203 3620 2269 3674 Et
2294 3622 2468 3693 primo
2514 3621 2732 3691 quidem
2770 3622 2956 3675 dicunt
2986 3621 3333 3675 Timotheum

1756 3712 1834 3765 sic
1876 3713 2081 3779 vocari,
2122 3715 2246 3781 quia
2274 3713 2362 3767 ille
2399 3713 2465 3768 ad
2498 3728 2657 3782 quem
2688 3712 2915 3781 Paulus,
2954 3712 3128 3766 Nerva
3163 3711 3335 3781 impe-

1754 3816 1930 3871 rante,
1962 3806 2074 3859 haac
2106 3807 2327 3875 scripsit
2376 3799 2429 3860 in
2467 3808 2675 3861 verba:
2715 3806 2883 3860 Nemo
2929 3807 3335 3860 adolescentiam

1752 3909 1896 3950 tuam
1932 3908 2226 3952 contemnat
2262 3900 2326 3964 ‘°,
2361 3900 2620 3969 Dionysio
2650 3901 2973 3969 Areopagita
2998 3898 3184 3965 junior
3210 3912 3336 3951 esse

1753 3990 1987 4044 videtur.
2020 3982 2081 4045 ἓξ
2128 3990 2445 4047 Timotheus
2480 3994 2551 4061 in
2606 3991 2945 4060 philoSOphia
2984 3999 3041 4045 et
3085 3990 3332 4044 saeculari

1751 4082 2034 4151 disciplina
2082 4084 2236 4150 cujus
2273 4086 2459 4140 rudior
2490 4095 2644 4151 erat,
2681 4094 2843 4154 atque
2873 4085 3038 4139 etiam
3068 4083 3122 4137 in
3160 4082 3333 4136 subli-

1751 4173 1922 4228 miore
1956 4175 2222 4246 theologia
2254 4177 2572 4247 Dionysium
2630 4178 2864 4232 habebat
2904 4192 3000 4248 pro
3050 4176 3329 4246 magistro,

1747 4277 1802 4320 et
1831 4265 1978 4319 illum
2026 4268 2223 4321 absens
2276 4284 2372 4339 per
2413 4269 2628 4324 litteras
2678 4270 3015 4324 consulebat.
3076 4267 3129 4322 5.
3193 4269 3329 4323 Cum

1750 4358 2074 4412 Timotheus
2102 4360 2238 4414 satis
2272 4372 2419 4417 esset
2466 4372 2662 4416 natura
2713 4362 2935 4415 timidus
2965 4372 3019 4414 ct
3051 4359 3332 4431 pusillani-

1751 4455 1875 4519 mis,
1912 4472 2016 4510 non
2048 4467 2256 4510 tantum
2296 4457 2520 4513 doctore
2544 4460 2811 4519 scientim,
2846 4458 2940 4511 sed
2965 4455 3127 4511 etiam
3158 4455 3331 4509 virtu-

88 4536 329 4605 ealgnatii
379 4541 616 4609 epistola
662 4542 789 4598 data
821 4553 928 4610 est,
956 4544 1069 4614 jam
1117 4556 1347 4602 mortem
1402 4523 1637 4615 obierat,
1673 4523 1717 4578 θ
1751 4550 1819 4603 tis
1848 4559 1903 4603 et
1932 4552 2257 4603 constantia:
2287 4549 2566 4618 indigebat
2593 4549 2877 4619 magistro.

89 4642 167 4681 non
192 4634 361 4699 potuit
395 4633 647 4689 inscribi.

140 4723 223 4779 llic
250 4743 358 4782 non
388 4728 630 4783 minimae
655 4729 991 4785 difﬁcultatis
1019 4733 1196 4787 nodus
1225 4733 1638 4806 Areopagiticos

87 4815 336 4879 plurimum
371 4822 559 4887 torsit,
596 4832 762 4893 atque
793 4832 851 4877 ut
892 4824 960 4877 ab
1001 4840 1066 4879 eo
1106 4842 1164 4881 se
1196 4829 1507 4896 expediant,
1543 4846 1637 4883 va-

87 4908 173 4962 rias
195 4926 246 4968 se
274 4924 502 4970 vertunt
540 4917 594 4971 in
626 4928 830 4987 partes.
875 4917 1130 4973 Nonnulli
1173 4920 1317 4975 enim
1364 4938 1487 4977 cum
1535 4922 1636 4975 Ba-

87 5004 208 5059 roaio
239 5009 448 5077 opinati
488 5020 617 5065 sunt
658 5011 804 5067 hunc
831 5011 1177 5071 Timotheum
1221 5030 1326 5068 non
1354 5031 1475 5070 eum
1516 5032 1637 5071 esse

86 5097 151 5159 qui
178 5096 318 5154 Pauli
349 5101 648 5171 discipulus
676 5102 797 5169 fuit,
833 5106 927 5160 sed
953 5106 1120 5161 alium
1143 5108 1431 5177 quemdam
1456 5109 1638 5177 junio-

88 5198 170 5239 rem
197 5231 211 5255 ,
253 5190 525 5248 Pudentis
574 5198 842 5253 senatoris
890 5199 1096 5265 filium,
1147 5200 1303 5269 cujus
1346 5216 1541 5256 nomen
1577 5203 1632 5256 in

86 5274 355 5340 Romanum
408 5287 882 5362 Martyrologium,
916 5304 970 5347 et
1012 5295 1067 5348 in
1100 5294 1203 5349 SS.
1244 5293 1530 5362 Perpetua:
1578 5302 1634 5349 et

88 5366 352 5433 Felicitatis
405 5381 542 5434 Acta
598 5382 854 5439 refertur.
902 5385 1006 5438 Alii
1049 5399 1081 5438 e
1131 5386 1409 5440 contrario
1453 5382 1639 5438 Timo-

90 5464 236 5521 theum
259 5469 409 5524 illum
434 5488 624 5528 verum
649 5475 795 5530 Pauli
820 5479 1142 5548 discipulum
1168 5479 1340 5534 fuisse
1361 5490 1634 5546 asserunt,

89 5563 124 5605 (δι
169 5557 376 5617 Baronii
417 5564 735 5633 opinionem
786 5569 872 5624 his
924 5570 1253 5640 impugnant
1309 5572 1633 5627 rationibus.

142 5739 253 5818 ’nAtl
275 5760 483 5818 annum
544 5746 721 5818 109,§
757 5749 844 5804 56.

96 5801 116 5816 .
143 5749 253 5816 ’,³ιί
281 5760 483 5799 annum
544 5749 721 5816 ltl9,§
757 5749 844 5804 56.
927 5751 967 5780 ¹⁰
1002 5749 1019 5804 l
1054 5752 1194 5807 Titii.
1226 5767 1285 5806 ιι.

103 5809 187 5877 λς
234 5814 313 5868 ll.

1366 5752 1405 5783 “
1436 5752 1557 5807 Lib.
1586 5752 1661 5807 De
1691 5754 1804 5807 carl.
1837 5755 2035 5813 hicrar.
2068 5770 2187 5825 cap.
2221 5755 2273 5810 9.

1821 4642 2014 4695 Verum
2041 4658 2150 4711 quo
2182 4658 2419 4711 unquam
2453 4642 2703 4710 exemplo
2742 4642 3065 4711 probabitur
3110 4641 3326 4709 episco-

1742 4748 1866 4802 pum
1905 4733 1973 4788 ab
1999 4734 2106 4788 alio
2131 4734 2388 4801 episcOpo
2414 4733 2532 4787 ideo
2561 4750 2790 4801 puerum
2822 4737 3030 4800 vocari,
3064 4734 3206 4802 quod
3236 4732 3325 4785 ille

1744 4827 1796 4878 in
1830 4825 2165 4894 philosophia
2219 4834 2273 4879 et
2321 4824 2574 4878 saeculari
2641 4824 2934 4894 disciplina
2986 4825 3056 4878 sil
3113 4824 3322 4877 rudior.

1748 4917 1947 4972 Deinde
1977 4934 2085 4987 quo
2119 4918 2303 4972 itidem
2355 4930 2680 4987 argumento
2729 4918 3079 4987 persuadebis
3132 4916 3323 4969 Timo-

1744 5012 1928 5065 theum
1978 5010 2029 5064 in
2063 5014 2128 5067 iis
2154 5013 2401 5068 scientiis
2430 5014 2594 5067 fuisse
2624 5011 2882 5081 Dionysio
2934 5010 3233 5073 rndiorem,
3260 5026 3322 5064 at:

1741 5117 1863 5156 eum
1894 5104 1945 5155 in
1993 5103 2315 5158 sublimiore
2363 5102 2634 5171 theologia
2683 5101 2936 5154 habuisse
2998 5114 3094 5166 pro
3144 5098 3315 5166 magi-

1740 5208 1855 5253 stro
1882 5197 1905 5250 ?
1934 5197 2093 5252 Certe
2126 5197 2417 5267 Dionysius
2460 5195 2606 5247 illum
2662 5205 2809 5248 tanta
2848 5190 3157 5244 eruditione
3176 5204 3324 5258 prae—

1743 5290 1913 5344 ditum
1944 5292 2186 5360 agnovit,
2215 5300 2274 5344 ut
2312 5291 2665 5361 perfeCIiores
2707 5288 2824 5356 ejus
2858 5285 3200 5350 cognitiones
3228 5298 3319 5337 se-

1744 5400 1870 5437 cum
1916 5388 2331 5453 communicari,
2363 5398 2418 5441 et
2460 5385 2660 5453 scripta
2714 5397 2811 5435 sua
2843 5379 2910 5433 ab
2943 5395 3007 5433 eo
3040 5378 3321 5433 emendari

1744 5477 2028 5532 voluerit:
2084 5480 2232 5532 [liud
2285 5496 2512 5551 quoque,
2585 5474 2865 5544 inquiebat
2928 5473 3219 5544 Dionysius
3251 5474 3317 5535 ¹¹,

1738 5573 2023 5641 pontiﬁcio:
2054 5574 2402 5628 tumscientia:
2429 5572 2971 5627 commemorabimus.
3000 5570 3065 5623 Et
3089 5568 3218 5622 alibi
3240 5567 3314 5622 “:

2376 5756 2416 5787 "
2463 5755 2582 5812 Lib.
2621 5754 2693 5811 De
2738 5755 2919 5811 eccles.
2956 5753 3155 5806 Itierar.
3189 5770 3311 5825 cap.
