3708 6290
394 280 461 334 37
800 280 821 283 ’
1558 286 1616 342 S.
1668 284 2038 341 DlONYSlUS
2074 282 2532 340 AREOPAGITA.

3590 286 3691 342 9-8

398 396 739 455 Communica
765 387 928 471 igitur
966 412 1016 457 et
1044 408 1101 457 tu
1136 403 1261 457 mihi
1318 404 1676 473 perfectiorem
1733 405 1970 458 illustra-
2005 412 2049 465 Α
2080 417 2317 471 pueros:
2358 401 2537 464 Pueri,
2600 399 2834 469 nunquid
2883 399 3291 467 pulmentarium
3319 399 3524 453 habetis
3562 402 3620 433 "
3663 404 3693 452 ?

399 493 615 557 tionem,
664 508 814 560 etc.;
850 506 1013 566 atque
1062 496 1168 549 alio
1212 499 1262 550 in
1295 498 1430 551 libro
1454 497 1497 527 ¹³
1533 522 1543 551 ;
1574 496 1690 549 Erit
1726 498 1974 550 humani-

398 586 522 638 tatis
546 596 650 639 tua:
688 588 949 656 corrigere
984 604 1086 642 non
1129 600 1312 655 sponte
1337 591 1683 659 ignorantem,
1718 592 1972 644 rationes-

397 695 497 747 que
522 695 798 747 suggerere
820 680 1020 735 discere
1049 683 1299 749 cupienti.

472 769 689 824 Scimus
711 772 926 839 quidem
949 774 1260 843 Dionysium
1289 790 1317 827 a
1350 775 1638 830 Timotheo
1671 777 1736 831 de
1762 793 1818 831 re
1846 791 1973 846 qua-

399 855 525 912 dam
602 861 902 931 theologica
973 864 1140 917 fuisse
1198 864 1489 934 aliquando
1552 868 1970 935 interrogatum,

401 958 461 1001 ut
514 949 657 1004 hunc
701 952 753 1005 in
790 955 1006 1007 modum
1062 955 1151 1008 ille
1208 965 1439 1009 testatus
1469 966 1554 1010 est
1588 958 1629 987 “
1661 978 1673 1011 ;
1716 956 1821 1011 Sed
1851 958 1970 1024 quia

400 1038 538 1092 alias
570 1057 649 1092 me
684 1058 778 1107 per
826 1044 1099 1111 epistolam
1144 1047 1505 1116 interrogasti,
1558 1048 1688 1115 quid
1720 1047 1970 1115 appellem

397 1146 492 1197 per
518 1149 573 1187 se
601 1149 734 1197 esse,
764 1152 857 1202 per
904 1153 958 1190 se
986 1137 1171 1202 vitam,
1223 1156 1317 1205 per
1357 1156 1413 1191 se
1458 1140 1790 1207 sapientiam,
1822 1150 1869 1192 et
1897 1147 1973 1191 te-

399 1240 519 1275 cum
563 1226 642 1278 ais
690 1228 957 1281 dubitasse
1002 1230 1261 1294 quomodo
1313 1229 1477 1282 Deum
1516 1230 1803 1297 aliquando
1848 1246 1971 1281 voco

399 1330 489 1380 per
518 1332 572 1370 se
621 1318 800 1381 vitam,
851 1320 1141 1403 gliquando
1192 1336 1307 1374 vero
1362 1322 1659 1389 e/fectorem
1688 1308 1856 1376 Ovitw.
1905 1322 1974 1373 At

398 1404 524 1472 quis
566 1409 759 1462 merito
820 1409 945 1464 inde
985 1411 1209 1480 colligat
1243 1410 1590 1466 Timotheum
1639 1412 1690 1464 in
1724 1410 1971 1481 philoso-

399 1498 578 1564 phicis
604 1501 764 1556 rebus
796 1502 1048 1575 Dionysio
1076 1505 1376 1570 rudiorem,
1417 1520 1537 1559 eum
1565 1504 1615 1558 in
1654 1503 1973 1571 theologicis

398 1589 655 1646 habuisse
680 1607 778 1661 pro
825 1595 1088 1663 magistro
1118 1594 1141 1646 ‘t
1179 1594 1451 1663 Nunquid,
1484 1594 1609 1662 quia
1638 1593 1972 1660 Augustinus

401 1678 810 1752 Hieronymum,
866 1695 1030 1754 atque
1079 1684 1174 1738 alii
1227 1684 1465 1753 episcopi
1521 1684 1655 1737 alios
1684 1683 1970 1751 episcopos

2075 494 2295 546 Addunt
2326 492 2658 547 Clementem
2680 491 3102 545 Alexandrinum
3130 506 3321 546 omnes
3352 493 3688 549 universim

2074 584 2417 638 Christianos
2469 586 2659 639 eodem
2715 584 2931 638 nomine
2971 598 3355 652 nuncupasse;
3386 588 3686 653 quoniam

2073 673 2368 729 Christiani
2418 676 2488 730 ob
2528 693 2736 730 morum
2786 676 3191 744 simplicitatem
3236 687 3291 732 et
3316 679 3683 732 suavitatem

2076 766 2178 819 hoc
2202 781 2262 820 se
2292 765 2522 821 invicem
2577 782 2863 833 puerorum
2897 768 3116 820 nomine
3164 769 3495 823 vocitabant.
3542 768 3685 823 Sed

2075 856 2126 909 id
2157 856 2376 911 omnino
2413 856 2528 911 leve
2552 866 2714 912 estet
2748 857 3050 911 inﬁrmum.
3099 857 3233 914 Nam
3275 860 3535 929 episcopo
3579 860 3686 913 fas

2076 962 2179 999 non
2215 956 2333 1001 erat
2385 948 2548 1000 alium
2591 948 2902 1017 episcopum
2940 950 3127 1003 eodem
3172 951 3333 1005 modo
3359 966 3468 1019 quo
3492 950 3686 1005 Chri-

2074 1048 2191 1093 stus
2216 1038 2513 1108 discipulos
2550 1055 2676 1094 suos
2735 1041 2986 1103 vocabat,
3039 1040 3239 1109 alloqui
3265 1050 3319 1094 et
3345 1039 3683 1110 appellare.

2073 1128 2323 1185 Clemens
2361 1144 2490 1185 vero
2546 1146 2651 1185 non
2706 1132 2915 1186 idcirco
2945 1131 3287 1186 Christianos
3318 1146 3521 1202 pueros
3557 1146 3688 1185 no—

2075 1226 2266 1288 tninat,
2298 1226 2440 1294 quod
2484 1224 2517 1278 ii
2557 1225 2659 1278 hac
2704 1235 2889 1278 mutua
2926 1226 3289 1294 appellatione
3333 1242 3455 1282 sese
3509 1228 3679 1280 invi-

2073 1333 2191 1371 cem
2244 1318 2674 1387 alioquerentur,
2729 1318 2823 1372 sed
2874 1319 2999 1387 quia
3031 1318 3121 1373 ille
3150 1319 3300 1373 libro
3325 1334 3425 1373 suo
3454 1317 3679 1373 Proda-

2073 1412 2189 1478 gogi
2218 1410 2427 1464 titulum
2472 1410 2761 1464 indiderat.
2811 1410 2979 1483 Porro
3008 1422 3185 1467 autem
3222 1413 3321 1467 etsi
3350 1412 3678 1467 Chrisﬁatri

2075 1514 2197 1553 sese
2262 1500 2490 1555 invicem
2542 1517 2736 1571 pueros
2782 1512 3066 1567 vocarent,
3120 1517 3226 1557 non
3282 1504 3315 1557 ii
3364 1513 3549 1557 tamen
3617 1506 3678 1557 in

2076 1590 2297 1659 scriptis
2349 1591 2463 1645 suis
2521 1591 2754 1661 aliquem
2803 1607 3071 1661 provectae
3120 1593 3302 1646 aetatis
3349 1592 3677 1657 hominem,

2076 1682 2324 1748 scicntia,
2375 1683 2663 1754 dignitate,
2743 1684 3035 1738 virtutibus
3086 1684 3378 1741 celebrem.
3432 1694 3489 1737 et
3541 1686 3679 1753 epi-

398 1772 466 1827 de
519 1775 681 1830 rebus
736 1777 1076 1847 theologicis,
1125 1778 1228 1841 vel,
1278 1780 1321 1832 si
1350 1776 1500 1842 velis,
1554 1775 1971 1845 philosophicis,
2005 1756 2047 1810 Β
2077 1782 2300 1842 scopatu
2354 1786 2597 1839 auctum,
2635 1790 2700 1830 co
2743 1775 2963 1829 nomine
3013 1776 3314 1846 appellasse
3368 1776 3521 1832 ullibi
3582 1778 3676 1831 le-

398 1867 806 1932 consuluerunt,
861 1868 929 1923 iis
976 1869 1243 1931 rudiores,
1300 1883 1598 1936 eorumque
1654 1865 1971 1935 discipulos,

397 1966 493 2011 aut
524 1956 591 2011 ab
638 1957 744 2011 illis
785 1958 1020 2012 ﬁliorum
1077 1959 1296 2012 nomine
1331 1969 1551 2011 vocatos
1601 1956 1764 2011 fuisse
1792 1958 1967 2012 dicen~

398 2051 523 2104 dum
564 2065 648 2105 est
675 2051 697 2102 ?
721 2052 843 2106 Hinc
875 2062 1025 2106 certe
1070 2052 1245 2105 nullus
1298 2062 1532 2123 unquatn
1562 2052 1719 2118 dixit,
1751 2050 1844 2106 sed
1876 2065 1975 2105 nec

396 2142 686 2202 somniavit
718 2158 977 2211 unquam.

418 2234 598 2301 .Quis
656 2244 834 2289 autem
905 2236 1005 2290 sibi
1063 2236 1389 2304 persuadeat
1440 2234 1783 2291 Timotheum
1840 2238 1974 2292 adeo

397 2337 595 2380 natura
629 2326 798 2382 fuisse
848 2327 1092 2382 timidum
1117 2337 1169 2382 et
1198 2328 1620 2396 pusillanimem,
1657 2339 1714 2383 ut
1742 2330 1829 2383 ille
1854 2346 1971 2384 ma-

395 2422 566 2487 gistro
588 2420 808 2473 virtutis
839 2429 894 2473 et
917 2421 1239 2475 constantiaa
1292 2421 1604 2490 indiguerit,
1637 2437 1799 2491 quem
1835 2422 1971 2475 Pau-

395 2513 478 2567 lus
504 2513 771 2580 laborum,
805 2515 1084 2580 itinerum,
1134 2516 1527 2583 periculorum,
1577 2516 1970 2584 suppliciorum

393 2605 646 2657 comitem
680 2604 885 2665 habuit.
920 2620 1078 2674 quem
1134 2605 1329 2661 Paulus
1374 2607 1440 2659 ad
1473 2606 1605 2659 alios
1632 2606 1965 2660 conﬁrman-

394 2698 493 2748 dos
524 2696 671 2750 misit
701 2711 716 2749 :
765 2696 1031 2763 Misimus,
1079 2699 1251 2767 inquit
1294 2701 1522 2766 ipsemet
1558 2697 1777 2763 Paulus,
1805 2696 1975 2750 Timo-

395 2787 571 2839 tlteum
603 2787 821 2856 fratrem
867 2798 1127 2854 nostrum,
1153 2799 1200 2843 et
1233 2792 1532 2843 ministrum
1572 2791 1665 2842 Dei
1710 2790 1765 2843 in
1795 2787 1972 2842 Evan-

396 2879 531 2947 gelio
568 2878 786 2944 Christi,
814 2882 882 2935 ad
932 2882 1323 2949 conﬁrmandos
1365 2899 1476 2948 vos,
1516 2892 1565 2935 et
1617 2882 1973 2936 exhortandos

396 2986 492 3036 pro
528 2970 634 3037 ﬁde
660 2982 851 3037 vestra,
874 2982 928 3024 ut
959 2990 1109 3027 nemo
1134 2983 1361 3026 vestrum
1413 2981 1686 3025 moveatur
1718 2973 1770 3024 in
1802 2971 1965 3024 tribu-

395 3060 680 3113 lationibus
718 3062 781 3116 ⁸⁸.
811 3060 1179 3131 Siccineergo
1209 3064 1275 3115 ad
1304 3061 1440 3115 alios
1472 3063 1526 3113 in
1546 3061 1973 3114 tribulationibus

396 3152 787 3213 ren/irmandos
830 3163 897 3206 et'
924 3156 1297 3219 exltortandos,
1345 3152 1641 3207 mittendus
1669 3161 1785 3206 erat
1810 3154 1971 3206 homo

397 3252 604 3298 natura:
631 3244 831 3298 timida:
861 3254 915 3298 et
948 3246 1352 3315 pusillanimis?

467 3335 657 3390 Restat
681 3338 845 3406 igitur
878 3347 936 3390 ut
986 3338 1308 3394 Timotheus
1350 3340 1552 3394 idcirco
1580 3353 1714 3407 puer
1739 3338 1971 3403 dicatur,

395 3428 537 3493 quod
594 3428 854 3499 Dionysio
903 3438 1065 3484 aetate
1122 3429 1287 3484 fuerit
1342 3430 1547 3499 jnuior.
1579 3430 1643 3485 Et
1670 3430 1723 3484 id
1754 3430 1971 3497 quidem

397 3518 523 3572 inde
553 3522 862 3574 continuari
909 3530 1111 3591 potest,
1160 3522 1287 3591 quia
1336 3522 1677 3586 Ambrosius,
1730 3521 1805 3574 uti
1840 3521 1970 3575 olim

396 3614 844 3679 observabamus,
874 3616 1252 3671 Constantium
1292 3617 1603 3687 episcopum
1639 3615 1730 3669 lilii
1757 3617 1973 3669 nomine

396 3705 747 3775 appellaverit
772 3708 837 3763 ‘°.
863 3708 1179 3764 Commendo
1216 3711 1333 3775 tibi,
1380 3708 1480 3777 ﬁli,
1515 3708 1825 3773 Ecclesium,
1858 3724 1975 3776 qua:

393 3809 468 3852 est
499 3802 567 3853 ad
598 3798 796 3853 Forum
838 3801 1087 3855 Cornelii.
1121 3802 1319 3856 Verum
1346 3802 1664 3855 Timotheus
1688 3812 1814 3854 ante
1846 3798 1973 3853 Dio-

399 3892 539 3961 nysii
568 3894 988 3949 conversionem
1019 3909 1123 3947 non
1158 3893 1332 3948 solum
1364 3893 1693 3948 Christiana:
1724 3892 1972 3961 religioni

398 4001 593 4038 nomen
626 3987 871 4049 dederat,
903 3987 997 4041 sed
1028 3986 1181 4040 Pauli
1216 4001 1431 4055 quoque
1458 3995 1513 4040 et
1534 3985 1833 4055 discipulus
1860 3992 1979 4037 erat

396 4088 452 4129 et
476 4092 683 4132 comes.
714 4078 922 4133 Deinde
950 4094 1071 4132 cum
1114 4078 1404 4148 Dionysius
1428 4079 1632 4147 scripta
1665 4093 1759 4132 sua
1792 4076 1977 4130 elucu-

396 4171 603 4233 braret,
637 4185 861 4235 annum,
886 4181 947 4224 ut
979 4171 1239 4237 diximus,
1287 4172 1720 4237 nonagesimum,
1748 4169 1830 4223 vel
1863 4169 1975 4222 for-

398 4264 541 4316 sitan
586 4263 943 4317 centesimum
987 4264 1175 4317 debuit
1213 4264 1501 4333 attingere,
1533 4278 1633 4317 nec
1662 4262 1977 4317 TimOtheus

398 4365 525 4410 tunc
550 4357 897 4425 oetogenario
951 4358 1131 4411 minor
1174 4366 1316 4410 erat.
1349 4356 1459 4409 Fac
1512 4368 1692 4410 tamen
1739 4372 1861 4410 eum
1891 4370 1979 4409 se-

399 4450 835 4519 ptuagenarium,
895 4450 980 4503 vel
1035 4453 1200 4504 etiam
1260 4449 1678 4517 sexagenarium
1735 4457 1974 4501 tantum-

399 4542 561 4594 modo
633 4540 819 4605 l‘uisse,
889 4542 1132 4610 nunquid
1209 4542 1496 4611 cpiscopus
1572 4540 1973 4607 nonagenarius

397 4631 560 4684 alium
595 4641 703 4685 tam
727 4642 993 4701 provectae
1019 4632 1195 4687 aetatis
1222 4633 1559 4701 episcopum,
1596 4632 1682 4700 qui
1710 4632 1821 4701 jam
1848 4640 1973 4684 ante

400 4738 525 4778 eum
554 4724 922 4779 Christianam
956 4724 1270 4795 religionem
1304 4723 1669 4792 amplexatus,
1700 4731 1755 4777 et
1780 4724 1976 4777 deinde

399 4815 551 4869 Pauli
593 4814 820 4885 apostoli
870 4830 1053 4869 comes
1083 4823 1136 4869 et
1165 4814 1464 4883 discipulus
1509 4812 1705 4875 fuerat,
1756 4812 1972 4865 nomine

401 4908 495 4961 lilii
547 4908 851 4977 appellasse
907 4909 1210 4963 credendus
1243 4920 1326 4963 est
1363 4907 1604 4977 ?Neque
1656 4905 1723 4959 ad
1774 4906 1826 4960 id
1869 4904 1977 4957 ttllo

402 5001 563 5053 modo
604 5001 736 5054 facit
807 5002 1081 5056 Ambrosii
1147 5000 1476 5069 exemplum,
1533 4997 1975 5067 quandoquidem

400 5090 752 5146 Constantius
794 5093 935 5147 inter
975 5094 1203 5147 clericos
1237 5092 1669 5146 Mediolanenscs
1704 5091 1805 5143 sub
1835 5088 1977 5157 ejus-

400 5183 523 5233 dem
556 5182 831 5236 Ambrosii
869 5184 1179 5253 magisterio
1232 5184 1518 5246 educatus,
1570 5196 1693 5235 cum
1740 5180 1806 5233 ad
1852 5194 1975 5232 etnn

2078 1877 2299 1936 guntur.

2698 1980 2924 2037 CAPUT
2964 1980 3029 2035 X.

2078 2092 2432 2145 Examinatur
2504 2094 2794 2147 secundum
2851 2105 3237 2162 argumentum,
3301 2112 3364 2148 ex
3410 2096 3571 2150 libris
3621 2109 3675 2150 et

2146 2163 2484 2230 scriptoribus
2522 2166 2689 2218 sacris
2737 2164 2827 2234 qui
2860 2166 2923 2217 ab
2951 2175 3166 2219 auctore
3196 2175 3373 2220 nostro
3417 2169 3677 2220 citantur

2144 2234 2492 2302 desumptum.

2147 2321 2267 2376 Jam
2302 2339 2435 2378 vero
2461 2326 2505 2379 si
2538 2340 2567 2378 a
2606 2326 2868 2380 librorum
2893 2327 3246 2398 inscriptione
3269 2330 3335 2383 ad
3359 2343 3555 2384 eorum
3592 2330 3674 2383 le—

2077 2414 2309 2466 ctionem
2373 2425 2736 2481 transeamus,
2797 2427 3089 2472 occurrent
3160 2420 3363 2487 passim
3433 2419 3563 2472 libri
3616 2428 3674 2472 et

2077 2504 2371 2571 scriptores
2397 2506 2464 2558 ab
2486 2515 2715 2560 auctore
2769 2515 2956 2559 nostro
2986 2505 3158 2572 citati,
3191 2507 3281 2574 qui
3332 2521 3455 2559 eum
3484 2507 3673 2559 Areo-

2077 2598 2311 2666 pagitam
2343 2613 2447 2650 non
2480 2612 2600 2652 esse
2630 2598 2767 2651 satis
2798 2607 2984 2667 aperte
3033 2598 3409 2651 demonstrare
3433 2597 3670 2651 videan-

2079 2699 2183 2742 tur.
2209 2690 2302 2743 llle
2332 2690 2475 2743 enim
2505 2692 2776 2754 eumdem,
2834 2691 2924 2759 qui
2959 2705 3101 2743 nunc
3129 2690 3199 2744 ab
3224 2690 3479 2745 onmibus
3518 2692 3662 2745 reci-

2076 2780 2240 2847 pitur,
2274 2796 2490 2835 sacrum
2538 2780 2737 2834 divina:
2788 2779 3085 2849 Scriptura:
3135 2794 3401 2834 canonem
3427 2780 3670 2834 exhibet

2075 2883 2130 2925 et
2165 2882 2544 2940 reprtesentat.
2574 2872 2732 2940 Atqui
2757 2886 2929 2927 canon
2960 2872 3050 2925 ille
3079 2870 3496 2942 Scripturarum
3530 2874 3667 2927 Dio-

2080 2966 2217 3034 nysii
2277 2974 2520 3033 tempore
2579 2965 2827 3030 nondum,
2848 2975 2966 3020 erat
2998 2964 3271 3034 perfectus
3316 2975 3370 3018 et
3401 2964 3666 3035 obsigna--

2082 3067 2186 3110 tus.
2216 3056 2596 3125 Apocalypsim
2630 3046 2883 3125 namque,
2935 3056 3231 3135 Epistolam
3276 3056 3425 3110 Pauli
3457 3059 3525 3111 ad
3555 3056 3665 3111 He-

2078 3148 2275 3213 brmos,
2309 3150 2600 3202 secundam
2626 3146 2873 3216 Joannis,
2900 3158 2954 3203 et
2984 3148 3135 3203 ludat
3163 3148 3483 3219 Epistolam,
3518 3164 3665 3217 quas

2080 3238 2168 3292 ille
2227 3239 2373 3293 hunc
2422 3238 2592 3293 refert
2640 3240 2693 3293 in
2744 3254 3035 3306 canonem,
3089 3241 3156 3295 ab
3200 3241 3390 3295 eodem
3436 3240 3661 3303 plurimi

2077 3328 2455 3385 excludebant.
2526 3331 2729 3385 Deinde
2778 3329 3016 3386 Joannes
3066 3331 3445 3402 Apocalypsim
3476 3348 3660 3395 suam,

2076 3436 2200 3476 cum
2238 3421 2291 3474 in
2345 3420 2517 3475 insula
2548 3420 2765 3475 Patmos
2802 3421 3116 3487 essularet,
3154 3421 3207 3475 id
3241 3432 3324 3477 est
3356 3423 3505 3477 circa
3562 3438 3664 3475 an-

2080 3511 2533 3567 numeristi94
2580 3511 2662 3568 vel
2718 3512 2806 3577 95,
2862 3514 3055 3580 edidit,
3110 3512 3467 3584 Evangelium
3526 3526 3663 3566 vero

2078 3617 2200 3677 post
2228 3622 2408 3670 suum,
2440 3616 2499 3659 ut
2527 3606 2711 3676 plures
2742 3607 3100 3671 arbitrantur,
3129 3607 3198 3660 ab
3238 3607 3428 3661 eodem
3460 3610 3662 3662 exsilio

2080 3700 2339 3764 reditum,
2374 3698 2479 3751 hoc
2510 3708 2596 3751 est
2646 3712 2751 3750 non
2787 3706 2916 3750 ante
2946 3711 3145 3752 annum
3174 3694 3266 3759 98,
3296 3696 3497 3766 publici
3528 3698 3661 3753 fecit

2078 3787 2379 3854 essejuris.
2411 3786 2506 3841 His
2554 3788 2691 3841 adde
2742 3786 2912 3841 libros
2970 3787 3090 3841 illos
3115 3801 3143 3839 a
3174 3787 3431 3855 Dionysio
3457 3803 3567 3843 non
3603 3799 3661 3841 ut

2082 3895 2249 3935 novos
2278 3893 2633 3947 recenterquu
2682 3881 2857 3933 editos
2903 3880 3086 3935 citari.
3141 3877 3291 3934 Unde
3317 3879 3659 3933 concludunt

2078 3988 2201 4027 eum
2231 3973 2321 4027 vix
2354 3982 2479 4028 ante
2529 3987 2732 4025 annum
2780 3972 2986 4027 Christi
3022 3971 3385 4027 centesimum
3436 3974 3660 4043 scriptis

2079 4067 2192 4120 suis
2220 4081 2435 4119 manum
2488 4065 2820 4120 admovisse.
2869 4066 2939 4120 At
2971 4076 3081 4120 tum
3112 4063 3403 4135 Dionysius
3442 4066 3533 4120 ille
3558 4082 3657 4119 an-

2082 4174 2207 4212 num
2236 4158 2413 4210 aetatis
2458 4171 2572 4212 sua:
2628 4158 3039 4229 nonagesimum
3076 4158 3289 4226 agebat,
3330 4158 3532 4227 quippe
3565 4160 3655 4227 qui

2080 4247 2296 4307 Chiisto
2317 4252 2578 4321 patiente,
2606 4261 2663 4305 ut
2688 4252 2818 4307 solis
2848 4251 3092 4323 eclipsim
3117 4253 3459 4317 observaret,
3486 4267 3657 4305 annos

2080 4346 2322 4412 quinque
2376 4357 2539 4412 supra
2594 4343 2780 4413 viginti
2842 4343 3149 4411 explevisse
3202 4343 3479 4396 credatur.
3524 4343 3658 4409 Quis

2083 4446 2264 4490 autem
2293 4434 2395 4489 sibi
2430 4434 2591 4489 facile
2646 4438 2973 4504 persuadeat
3017 4434 3195 4486 viruin
3223 4435 3289 4486 ab
3317 4434 3537 4489 ineunte
3566 4433 3653 4501 ju—

2083 4535 2304 4581 ventute
2363 4526 2816 4590 eruditissimum,
2878 4527 2945 4579 ad
3012 4524 3178 4578 libros
3231 4524 3654 4579 conscribendos

2087 4630 2215 4673 tunc
2259 4618 2498 4671 animum
2557 4618 2852 4686 appulisse,
2912 4633 3035 4673 cum
3090 4617 3206 4687 ipse
3256 4618 3653 4688 nonagenarius

2085 4717 2227 4765 esset
2246 4721 2302 4762 et
2328 4709 2478 4763 senio
2504 4710 2807 4763 confectus.

2157 4802 2265 4858 Sed
2297 4803 2383 4857 bis
2414 4801 2718 4857 rationibus
2771 4803 2994 4857 minime
3018 4803 3085 4856 de
3110 4802 3382 4856 sententia
3410 4816 3507 4856 sua
3536 4818 3650 4856 mo-

2086 4907 2284 4951 ventur
2311 4894 2700 4965 Areopagitici.
2738 4894 2854 4949 Non
2881 4895 3027 4949 enim
3071 4892 3373 4947 diﬂitentur
3415 4894 3504 4947 diu
3535 4893 3651 4963 qui-

2087 4990 2207 5044 dem
2234 4990 2300 5043 de
2332 4989 2591 5044 librorum
2646 4986 3034 5041 canonicorum
3088 4998 3311 5038 numero
3346 4983 3512 5039 fuisse
3540 4985 3649 5037 dis-

2086 5089 2331 5149 putatum
2352 5120 2367 5145 ,
2401 5080 2496 5132 sed
2538 5078 2720 5145 negari
2764 5092 3100 5145 nequaquam
3130 5089 3293 5144 posse
3316 5074 3472 5128 aiunt
3498 5074 3646 5143 quin,

2086 5173 2232 5227 sicut
2266 5171 2508 5226 nonnulli
2539 5169 2805 5240 quosdam
2840 5168 3008 5221 libros
3033 5181 3101 5220 ex
3145 5181 3301 5221 sacro
3329 5181 3537 5220 canone
3567 5179 3649 5218 re-

401 5271 622 5340 scripsit
648 5273 790 5327 idem
844 5274 1186 5337 Ambrosius,
1214 5274 1267 5328 in
1306 5274 1619 5343 episcopum
1674 5285 1864 5327 recens
1892 5285 1981 5323 as-
2074 5263 2362 5331 jiciehanl.
2396 5261 2470 5315 ila
2503 5262 2670 5315 θιίίιιη
2726 5258 2945 5325 quidam
3001 5257 3091 5310 alii
3136 5271 3232 5311 903
3263 5271 3453 5311 omnes
3475 5256 3563 5325 (Ιυί
3597 5255 3644 5307 Ῑ¹¹

402 5372 650 5431 sumptus
680 5362 877 5420 fuerat.

474 5454 683 5509 instant
710 5456 873 5523 aliqui
922 5458 1198 5514 Christum
1252 5456 1549 5526 discipulos
1591 5470 1721 5511 suos
1751 5466 1977 5508 vocasse

479 5662 520 5692 ⁸³
553 5661 669 5713 Lib.
722 5659 796 5713 De
842 5662 1006 5716 divin.
1084 5680 1306 5728 nomtn.,
1363 5677 1483 5729 cap.
1533 5661 1618 5723 15,

408 5734 451 5764 ⁸⁸
490 5733 643 5785 Atnb.
680 5731 833 5799 epist.
865 5732 921 5798 2,
954 5748 1103 5786 nova»
1133 5735 1262 5787 edit.
1342 5734 1377 5764 ³⁷
1408 5733 1564 5789 Joan.
1595 5730 1707 5797 xxi,
1742 5730 1793 5786 5.

1893 5657 1934 5690 “
1970 5656 2089 5713 Lib.
2149 5654 2223 5710 De
2265 5655 2430 5711 divin.
2478 5652 2701 5719 nomin.,
2742 5666 2862 5721 cap.
2897 5651 2983 5708 Η.

2080 5357 2329 5410 eumdem
2356 5368 2619 5410 canonem
2652 5366 2796 5405 nunc
2842 5351 3213 5416 ascribuntur,
3247 5364 3347 5419 pro
3374 5350 3645 5404 canonicis

2083 5448 2361 5503 habendos
2386 5463 2507 5502 esse
2560 5444 2883 5514 putaverint.
2946 5442 3128 5512 Neque
3180 5444 3326 5497 enim
3380 5442 3639 5511 quoddam

3090 5648 3134 5681 ¹⁸
3167 5648 3185 5702 Ι
3215 5646 3461 5702 Thessal.
3495 5658 3555 5712 Il,
3587 5644 3635 5697 3.
