3708 6298
69 330 118 383 19
1380 338 1918 400 PROLEGOMENA.
3242 353 3315 407 50

71 425 319 518 aliquando
351 435 585 518 tempus
614 431 814 492 fuisse
836 435 939 493 dici
966 444 1141 506 potest
1164 453 1272 508 quo
1297 455 1485 495 omnes
1517 457 1643 496 cum
1672 447 1719 504 Α
1748 444 1887 499 stola
1931 442 2003 499 ab
2026 444 2166 514 ipso,
2210 456 2331 499 cum
2369 445 2435 500 ad
2468 446 2783 517 martyrium
2814 444 3122 518 duceretur,
3167 455 3315 496 anno

72 513 305 581 Ecclesiae,
337 522 456 569 tum
482 516 830 581 Christiani
864 526 1026 580 libros
1063 528 1320 597 quosdam
1350 531 1647 600 Scriptum

71 612 109 657 in
133 621 269 659 sacro
300 622 527 663 canone
562 627 694 668 non
741 618 1059 672 censuerint
1108 634 1226 674 esse
1257 623 1645 677 numerandos.

72 694 176 762 Quid
199 710 322 767 ergo
361 701 647 768 prohibet
690 708 991 775 quominus
1023 709 1347 780 Areopagita
1388 711 1472 767 his
1504 726 1648 780 pra:-

74 789 209 842 boerit
250 805 581 861 assensum,
619 796 729 864 qui
783 813 942 854 sacro
971 815 1174 856 canone
1213 817 1309 857 eos
1359 816 1552 859 omnes
1579 804 1647 859 li—

74 881 183 945 bms,
212 882 299 948 qni
332 896 490 939 nunc
515 886 930 957 assignantur,
961 891 1224 948 contineri
1252 907 1351 962 pro
1373 904 1523 949 certo
1550 895 1649 949 ha-

73 974 271 1026 hebant?

117 1061 248 1129 Quod
271 1064 339 1116 ad
368 1063 631 1123 Joannis
661 1069 1026 1141 Evangelium
1068 1074 1319 1142 pertinet,
1344 1074 1389 1129 si
1414 1075 1598 1144 plures
1619 1090 1650 1131 e

71 1153 362 1208 doctioribus
392 1156 631 1212 criticis
675 1159 819 1214 illud
845 1162 909 1217 ab
953 1163 1197 1231 apostolo
1244 1173 1368 1232 post
1413 1164 1647 1219 reditum

72 1258 195 1297 suum
222 1244 287 1296 ab
332 1246 550 1301 exsilio
607 1250 896 1319 scriptum
943 1254 1252 1321 opinantur,
1289 1270 1393 1309 non
1444 1256 1648 1311 desunt

70 1337 197 1388 etiam
230 1335 322 1405 qui
371 1346 431 1391 et
482 1338 637 1394 illud
676 1351 848 1395 antea
885 1336 1159 1398 exaratum
1207 1358 1327 1399 esse
1374 1358 1645 1401 asserant.

72 1425 153 1479 Sed
192 1428 387 1494 quovis
426 1438 708 1499 tempore
767 1434 1031 1503 scriptum
1062 1449 1181 1490 esse
1227 1437 1461 1502 dicatur,
1514 1437 1649 1492 nihil

69 1528 204 1581 vetat,
235 1520 502 1587 inquiunt
529 1522 954 1593 Areopagitici,
977 1527 1264 1595 quominus
1287 1528 1415 1583 illud
1448 1530 1648 1599 ipsum,

68 1618 199 1677 atque
247 1612 420 1666 etiam
478 1614 759 1683 ejusdem
817 1614 1040 1671 Joannis
1083 1618 1436 1690 Apocalypsis
1489 1621 1646 1677 citari

69 1704 363 1771 potuerinta
419 1705 739 1776 Dionysio,
799 1707 893 1775 qui
949 1713 1261 1765 centenario
1320 1711 1492 1778 major
1549 1712 1648 1767 sub

1746 535 1975 599 Christi,
2016 544 2078 590 ut
2127 550 2290 604 supra
2346 538 2703 602 ostendimus,
2753 535 2854 590 107
2901 542 2993 587 aut
3043 533 3168 596 108,
3211 532 3311 586 fuit

1747 634 1991 680 exarata.
2026 627 2197 681 Porro
2227 635 2408 681 autem
2440 625 2704 698 ea'neqne
2739 636 2849 681 tam
2892 626 3000 681 cito
3031 627 3083 679 in
3117 637 3314 678 manus

1748 717 1988 788 Dionysii
2023 719 2209 773 venire
2254 720 2449 789 potuit,
2496 733 2670 788 neque
2713 718 2803 771 ille
2852 731 2973 771 eam
3008 724 3067 769 nt
3094 727 3311 777 novam,

1746 816 1802 863 et
1832 822 1861 861 a
1885 809 2074 878 paucis
2097 810 2395 880 cognitam,
2441 810 2534 863 sed
2563 817 2620 862 ut
2653 818 2924 876 receptam
2961 806 3031 860 ah
3058 803 3312 859 omnibus

1747 900 1901 962 citat,
1956 900 2227 967 verbaque
2274 900 2391 970 ejus
2428 897 2768 953 transcribit.
2817 896 2953 951 Hinc
3003 909 3134 963 ergo
3178 908 3316 949 con-
3388 936 3389 939 η

1747 990 1935 1045 eludas
1996 1005 2220 1046 necesse
2280 1000 2365 1045 est
2436 988 2677 1058 Dionysii
2751 987 2947 1042 librum
2997 985 3071 1039 De
3120 984 3312 1039 divinis

1748 1082 2046 1137 nominibus
2094 1097 2198 1137 non
2244 1092 2370 1137 ante
2412 1096 2610 1137 annum
2645 1079 2749 1135 110
2773 1080 3028 1134 emissum
3058 1076 3226 1135 fuisse
3256 1077 3312 1131 in

1747 1174 1944 1229 lucem.

1819 1263 2167 1334 Respondent
2190 1266 2414 1334 quidam
2443 1263 2812 1335 Areopagitici
2843 1261 3161 1331 Dionysium
3192 1268 3316 1330 post

1746 1355 1936 1426 lgnatii
1969 1365 2197 1412 mortem
2214 1358 2381 1431 vitam
2407 1372 2558 1413 suam
2583 1355 2905 1426 produxisse
2935 1368 2951 1418 ;
2979 1352 3315 1422 proindeque

1747 1447 2004 1514 epistolas
2032 1449 2152 1517 ejus
2195 1449 2263 1503 ab
2293 1449 2385 1503 illo
2429 1449 2674 1518 potuisse
2730 1445 2957 1499 laudari.
3003 1443 3109 1497 Sed
3144 1442 3219 1497 illi
3246 1442 3317 1496 de

1748 1539 2018 1595 soliditate
2074 1538 2233 1607 hujus
2273 1539 2665 1608 responsionis,
2700 1552 2863 1606 quam
2916 1551 3042 1590 cum
3074 1533 3314 1601 ejusdem

1750 1633 1989 1704 Dionysii
2022 1635 2074 1686 in
2105 1631 2311 1686 Gallias
2328 1632 2560 1687 adventu
2592 1630 2895 1685 conciliare
2936 1642 3041 1682 non
3070 1636 3312 1696 possunt,

1750 1724 1964 1791 penitus
2022 1722 2347 1784 diiIidentes,
2402 1723 2470 1777 ad
2515 1722 2677 1774 aliam
2736 1720 2923 1775 statim
2975 1717 3315 1787 confugiunt,

70 1794 270 1861 Traiani.
305 1797 415 1860 Vel.
464 1798 644 1866 Ῑυιῑίὶ
702 1798 872 1863 alios»
912 1801 1010 1855 sub
1051 1802 1275 1856 Adriani
1309 1801 1537 1871 imperio
1571 1803 1648 1857 νί-
1679 1801 1721 1855 Β
1752 1816 2012 1883 aiuntque
2042 1814 2357 1884 Dionysium
2407 1814 2609 1882 scripta
2638 1827 2733 1866 sua
2766 1812 2819 1865 in
2857 1810 3069 1865 Graecia
3097 1809 3316 1878 quidem

72 1898 154 1941 tam
182 1904 299 1944 cum
327 1900 520 1945 morte
546 1891 952 1946 commutavit.

121 1980 402 2035 Fatendum
455 1983 707 2051 quidem
767 1993 851 2038 est
888 1984 1029 2053 quod
1075 1985 1120 2039 si
1155 1987 1258 2040 hoc
1309 1986 1646 2057 Dionysiana:

72 2074 226 2127 mortis
272 2082 498 2142 tempus
556 2076 746 2131 certis
812 2077 1082 2131 rationum
1133 2079 1417 2133 momentis
1466 2090 1648 2149 posset

72 2165 370 2230 conﬁrmari,
404 2166 611 2220 omnis
670 2167 870 2235 procul
913 2167 1075 2223 dubio
1098 2168 1398 2224 solveretur
1425 2170 1648 2238 hujusce

75 2254 362 2310 diﬂicultatis
392 2256 619 2311 nodus.
663 2255 779 2311 Sed
805 2260 1138 2312 contendunt
1168 2259 1644 2329 Antiareopagitici

74 2348 344 2416 Dionysium
379 2357 519 2417 post
574 2348 887 2402 Domitiani
921 2349 1265 2419 imperatoris
1297 2358 1540 2417 tempora
1567 2352 1648 2405 vi-

76 2448 157 2491 tatu
182 2452 281 2492 non
309 2440 697 2508 produxisse.
749 2438 902 2505 Quod
935 2440 1152 2509 quidem
1182 2442 1255 2494 ita
1281 2450 1492 2497 certum
1527 2442 1648 2500 esse

73 2530 242 2592 volunt,
264 2540 321 2583 nt
349 2545 465 2585 non
512 2530 710 2586 solum
750 2532 1106 2586 accuratioris
1135 2532 1342 2586 criterii
1367 2541 1643 2601 auctores,

77 2622 146 2674 sed
171 2636 348 2676 eorum
389 2622 581 2677 etiam
634 2624 734 2692 qui
766 2624 965 2693 scripta
1019 2606 1275 2695 Dionysio
1309 2626 1648 2696 Areopagitae

76 2712 334 2779 vindicant,
364 2730 486 2769 non
527 2714 709 2784 pauci
744 2714 872 2768 huic
911 2715 1150 2784 opinioni
1206 2718 1645 2786 subscripserint.

73 2801 299 2858 Ceterum
353 2822 489 2859 cum
541 2816 777 2873 tempus
801 2805 1136 2875 Dionysiaca:
1183 2808 1372 2863 mortis
1408 2823 1492 2871 ea,
1530 2824 1649 2877 quae

75 2909 253 2949 omnem
286 2897 449 2951 tollat
499 2895 916 2961 dillicultatem,
964 2898 1234 2952 evidentia
1287 2898 1647 2954 demonstrari

76 2998 297 3055 nequeat,
355 3004 426 3044 eo
490 2999 663 3044 certe
743 2998 1060 3060 argumento
1125 3004 1229 3043 non
1303 2992 1650 3046 revincentnr

75 3093 228 3135 omnes
249 3082 796 3153 AreOpagiticorum
830 3080 1013 3136 animi.

126 3170 455 3242 Quapropter
512 3188 629 3228 nec
682 3171 827 3241 apud
871 3187 963 3226 eos
990 3174 1108 3242 plus
1138 3173 1337 3228 valebit
1366 3183 1419 3229 et
1442 3175 1546 3231 alia
1570 3175 1647 3230 si-

74 3265 190 3321 milis
230 3265 691 3337 argumentatio,
746 3264 871 3317 inde
922 3266 1087 3332 petita
1124 3265 1265 3334 quod
1307 3266 1359 3320 in
1390 3266 1649 3322 librorum

74 3362 563 3428 manuscriptorum
619 3356 872 3410 omnium
913 3357 1081 3413 titulis
1109 3369 1301 3411 auctor
1330 3367 1514 3413 noster
1544 3360 1653 3429 epi-

73 3465 239 3518 scopus
262 3451 649 3507 Atheniensis
700 3450 1049 3504 inscribatur.
1102 3448 1287 3518 Neque
1327 3452 1471 3504 enim
1514 3451 1652 3505 nllus

75 3550 195 3591 certa
220 3542 450 3593 omnino
486 3554 562 3593 ac
601 3537 772 3607 plane
820 3535 1055 3591 evidenti
1083 3534 1403 3603 probatione
1426 3537 1648 3590 demon-

75 3634 241 3685 stravit
302 3631 569 3701 quandiu
629 3628 926 3698 Dionysius
980 3629 1367 3682 Atheniensem
1416 3629 1651 3682 tenuerit

75 3722 447 3791 episcopatum,
483 3731 593 3775 aut
626 3734 738 3789 quo
769 3730 1008 3788 tempore
1039 3719 1153 3772 sive
1182 3728 1477 3786 spontanea
1501 3720 1654 3773 abdi.

76 3816 259 3869 ratione
287 3815 409 3869 sive
439 3823 640 3868 morte
677 3826 779 3865 sua
810 3810 957 3863 illum
996 3810 1539 3880 tandemreliquerit.
1566 3810 1652 3864 ln-

77 3916 250 3959 certum
282 3907 457 3975 igitur
510 3902 925 3972 Are0pagiticis
973 3901 1239 3955 videbitur
1272 3918 1397 3955 num
1448 3903 1651 3973 Diony»

78 3998 167 4048 sius
192 3998 525 4065 posteditos
559 4011 592 4048 a
632 3993 847 4048 Joanne
892 3993 1243 4064 Apocalypsis
1281 4004 1333 4047 et
1371 3993 1651 4065 Evangelii

78 4084 221 4141 libros
253 4084 606 4142 Atheniensi
668 4083 1003 4152 episcopatui
1052 4083 1298 4145 nuntium
1331 4100 1437 4139 non
1484 4086 1649 4139 remi-

81 4179 208 4233 serit.
251 4179 383 4235 ﬂare
450 4180 654 4246 itaque
703 4176 1088 4245 probationum
1142 4176 1485 4231 ﬁrmamenta
1513 4177 1651 4246 apud

81 4284 154 4323 eos
191 4282 405 4325 tantum
447 4272 568 4324 vim
609 4267 910 4334 habebunt,
939 4268 1057 4337 qui,
1083 4268 1183 4323 soli
1226 4269 1438 4323 veritati
1486 4269 1651 4321 litan-

84 4369 162 4425 tes,
192 4361 304 4417 illas
330 4361 706 4431 Dionysiana:
732 4358 973 4413 historiae
1001 4358 1366 4427 difﬁcultates,
1400 4362 1651 4431 sepositis

85 4453 282 4515 partium
321 4454 561 4520 studiis,
586 4452 835 4507 enodare
863 4452 1225 4506 conabuntur.

684 4563 909 4620 CAPUT
957 4563 1048 4617 XI.

91 4657 292 4714 Tertium
322 4669 744 4731 argumentum,
778 4671 861 4731 ⁸«δεῖ
895 4657 1056 4708 citata
1098 4655 1268 4710 sancti
1291 4655 1515 4731 lgnatii,
1539 4657 1649 4725 epi-

263 4726 415 4799 scopi
458 4726 808 4790 Antiacheni,
850 4736 1161 4778 auctoritate
1197 4728 1433 4794 petitum.

143 4820 357 4877 Gravius
378 4834 523 4876 sane
561 4824 764 4871 contra
789 4815 1127 4884 Areopagita:
1155 4814 1472 4870 defensores
1505 4818 1651 4872 erui-

92 4916 161 4962 tur
181 4923 573 4984 argumentum
601 4924 676 4962 ex
707 4908 928 4977 epistola
960 4908 1174 4976 lgnatii,
1199 4909 1433 4978 episcopi
1460 4910 1649 4965 Antio-

93 5003 242 5069 cheni,
290 5008 361 5060 ad
405 5006 724 5062 Romanos,
775 5016 936 5069 quam
986 5010 1178 5055 auctor
1229 5010 1413 5055 noster
1443 5000 1497 5053 in
1541 5002 1653 5057 haec

91 5099 229 5153 verba
269 5102 480 5155 citasse
509 5095 839 5168 perhibetur
870 5095 913 5126 ¹⁸
941 5109 955 5147 :
987 5094 1207 5163 Γράφει
1237 5095 1305 5147 δὲ
1325 5094 1422 5147 καὶ
1447 5098 1479 5147 ό
1502 5095 1655 5161 θεῖος

103 5187 411 5259 ’ῐτνιὶτιοςοι
450 5189 678 5259 Ὀὲμός
700 5188 845 5254 ἔρως
869 5187 1244 5254 ἐσταύρωται.
1289 5204 1308 5237 ι
1351 5186 1544 5240 Scribit
1568 5204 1658 5240 nu-

98 5292 176 5332 tent
200 5296 244 5337 et
267 5286 425 5338 divus
448 5280 753 5352 Ignatius:
782 5295 801 5327 ι
835 5277 995 5329 Amor
1014 5293 1157 5330 meus
1186 5277 1474 5343 cruciﬁxus
1494 5289 1591 5331 est.
1632 5298 1651 5331 ι

100 5373 173 5427 llis
198 5386 374 5431 autem
407 5373 606 5428 verbis
653 5368 905 5423 laudatur
935 5368 1136 5438 aliquid
1185 5370 1253 5422 ab
1292 5368 1504 5436 lgnatio
1548 5384 1653 5423 non

97 5465 299 5532 dictum,
350 5468 451 5523 sed
512 5463 787 5531 scriptum
825 5459 1009 5528 ;quod
1067 5459 1275 5522 nullibi,
1327 5460 1428 5513 nisi
1488 5458 1541 5512 in
1595 5478 1653 5515 ea

98 5572 231 5621 quam
253 5559 489 5612 citamus
519 5551 758 5623 epistola
792 5549 1033 5604 invenire
1076 5558 1178 5608 est.
1210 5549 1371 5617 Atqui
1404 5549 1517 5607 [nec
1539 5556 1653 5622 cpi-

159 5740 194 5769 "
226 5738 341 5795 Lib.
381 5741 459 5793 De
502 5738 679 5791 ἀξιοίη.
739 5735 964 5803 ηοηιὶη.,
1004 5750 1120 5805 cap.
1154 5737 1206 5803 4,
1246 5736 1272 5807 §
1313 5736 1398 5791 1‘2.

1748 1906 2008 1971 edidisse,
2042 1905 2135 1960 sed
2184 1920 2248 1959 ea
2297 1904 2643 1973 postmodum
2676 1903 2746 1956 ab
2795 1902 2910 1971 ipso
2944 1900 2997 1953 in
3025 1899 3213 1953 Galliis
3238 1899 3314 1950 ita

1750 1997 2027 2066 recognita
2048 2005 2213 2063 atque
2249 2003 2562 2057 retractata,
2581 1992 2719 2046 utiis
2743 2007 2809 2046 ex
2833 1991 3053 2044 Joannis
3075 1989 3315 2054 Evange-

1750 2090 1818 2143 lio
1857 2097 1910 2142 et
1940 2087 2259 2165 Apocalypsi
2304 2096 2466 2165 atque
2514 2098 2580 2138 ex
2641 2083 2829 2151 lgnatii
2879 2079 3107 2144 epistola
3156 2078 3311 2148 plura

1752 2176 2062 2232 testimonia
2086 2162 2379 2230 addiderit.
2428 2162 2625 2227 'cernm
2662 2174 2713 2227 iu
2747 2173 2916 2241 gratis
2943 2172 3168 2239 omano
3207 2169 3311 2221 lin-

1749 2272 1911 2340 gitur.
1941 2268 2072 2322 Nam
2106 2267 2154 2321 si
2189 2281 2354 2336 opera
2398 2264 2635 2335 Dionysii
2667 2264 2733 2317 ab
2760 2277 2824 2316 eo
2853 2263 2904 2316 in
2936 2259 3126 2315 Galliis
3178 2258 3314 2312 fuis-

1749 2370 1870 2416 sent
1914 2375 2126 2424 recusa,
2177 2358 2266 2413 ille
2313 2357 2501 2427 procul
2561 2356 2725 2409 dubio
2754 2355 2807 2408 in
2840 2353 3018 2423 populi
3066 2352 3149 2406 sui
3180 2351 3315 2405 alio-

1750 2466 1976 2520 rumque
2019 2449 2271 2505 solatium
2311 2458 2556 2505 curasset
2596 2462 2658 2501 ea
2697 2446 2751 2500 in
2796 2444 3043 2498 Latinam
3074 2442 3313 2509 linguam

1748 2543 1884 2595 verti
1913 2551 1967 2595 et
2014 2524 2303 2610 publicari,
2358 2549 2523 2607 atque
2557 2535 2773 2606 plurimi
2826 2533 3141 2588 eorumdem
3176 2529 3318 2598 Ope-

1750 2648 1869 2687 rum
1914 2633 2120 2687 inventi
2167 2631 2399 2686 fuissent
2436 2631 2489 2684 in
2524 2631 2589 2683 iis
2623 2626 2939 2697 regionibus
2968 2636 3020 2678 et
3046 2623 3237 2677 Latina
3261 2630 3318 2677 et

1750 2726 1937 2780 Graeca
1983 2740 2144 2779 manu
2192 2725 2400 2779 exarati
2451 2722 2689 2777 codices.
2717 2718 2857 2773 Nulli
2900 2728 3079 2772 tamen
3107 2716 3180 2770 ibi
3209 2731 3316 2770 un-

1749 2832 1909 2886 quam
1944 2816 2145 2885 reperti
2173 2826 2340 2870 sunt:
2380 2815 2473 2868 sed
2506 2813 2715 2882 priores
2760 2825 2825 2865 ex
2875 2809 3099 2865 Oriente
3131 2821 3317 2875 aspor-

1751 2908 1868 2971 tati,
1922 2905 2107 2961 Graece
2159 2906 2345 2974 scripti
2400 2911 2559 2957 erant
2608 2917 2625 2966 ;
2682 2916 2781 2954 nec
2827 2899 3074 2953 Latinam
3125 2912 3313 2951 eorum

1752 2999 2074 3060 versionem,
2103 3012 2167 3050 ea
2189 3010 2307 3064 quae
2332 3010 2359 3047 a
2387 2992 2594 3046 Joanne
2642 2990 2806 3044 Scoto
2864 2988 3006 3042 edita
3038 2996 3146 3050 est,
3173 2985 3312 3037 anti-

1675 3128 1718 3187 α
1751 3092 1997 3161 qniorem
2053 3089 2331 3143 habemus.
2384 3085 2595 3139 Deinde
2634 3082 2813 3136 nullus
2862 3093 3098 3145 unquam
3139 3077 3314 3144 Opera

1753 3199 1848 3237 sua
1921 3180 2216 3245 recensuit,
2279 3193 2343 3232 ac
2397 3179 2449 3231 in
2500 3190 2689 3231 eorum
2744 3172 3113 3241 recognitione
3161 3169 3315 3236 plura

1753 3274 1952 3345 adjecit
2006 3286 2165 3333 nova,
2221 3270 2351 3339 quin
2406 3268 2473 3321 de
2546 3267 2628 3320 his
2680 3265 2912 3319 lectores
2954 3258 3149 3314 alicubi
3199 3272 3319 3311 mo—

1752 3365 1934 3419 nuerit
1988 3377 2136 3417 suos.
2183 3357 2383 3413 Nullibi
2437 3366 2614 3409 tamen
2682 3352 2822 3422 apud
2875 3359 3155 3404 auctorem
3207 3361 3306 3400 no—

1753 3466 1926 3511 strum
1973 3462 2194 3509 exstant
2248 3451 2474 3519 hujusce
2523 3444 2912 3503 admonitionis
2956 3441 3188 3510 vestigia
3235 3438 3319 3493 vel

1752 3558 1912 3602 11013.
2398 3602 2411 3619 ⁹

1823 3641 1917 3695 His
1963 3640 2126 3711 igitur
2177 3624 2630 3707 responsionibus
2677 3633 2745 3688 ab
2782 3632 2904 3686 aliis
2932 3626 3323 3699 Areopagitica:

1752 3734 2028 3804 opinionis
2059 3730 2360 3785 fautoribus
2407 3728 2490 3782 vel
2527 3725 2726 3793 spretis
2766 3725 2850 3779 vel
2883 3723 3126 3786 omissis,
3157 3720 3323 3774 auda-

1753 3836 1870 3881 cter
1918 3822 2193 3877 atﬁrmant
2241 3822 2408 3876 citata
2457 3820 2750 3887 ignatiana:
2796 3816 3038 3886 epistola:
3060 3812 3226 3867 verba
3255 3810 3324 3863 ab

1756 3917 1940 3987 aliquo
1995 3915 2263 3990 insciente
2291 3921 2345 3967 et
2398 3925 2581 3965 rerum
2629 3911 2818 3978 ignaro
2870 3907 3246 3979 imprudenter
3271 3910 3327 3955 et

1754 4010 1935 4077 inepte
1978 4007 2031 4060 in
2086 4004 2322 4074 Dionysii
2370 3994 2578 4057 int'rusa
2644 4011 2877 4055 textum.
2925 3999 2992 4052 Et
3015 3997 3069 4050 id
3099 3994 3318 4063 quidem

1754 4101 1999 4170 pluribus
2036 4098 2327 4152 momentis
2362 4093 2730 4150 demonstrari
2778 4107 2937 4161 posse
2965 4090 3322 4143 arbitrantur.

1753 4190 2021 4249 Primum,
2050 4187 2175 4255 quia
2218 4185 2357 4240 nihil
2381 4186 2445 4241 ad
2481 4181 2723 4252 Dionysii
2758 4186 3137 4249 argumentum
3162 4173 3327 4227 facie-

1752 4282 1846 4339 bat
1881 4277 2102 4350 prwl'ata
2158 4278 2347 4349 lgnatii
2403 4276 2721 4330 auctoritas.
2788 4270 3076 4339 Dionysius
3124 4265 3325 4319 etenim

1754 4372 1824 4426 ibi
1855 4376 2046 4441 probat
2072 4383 2261 4423 vocem
2300 4367 2461 4440 ἔρως,
2492 4380 2666 4427 amor,
2696 4361 2838 4431 apud
2867 4373 3053 4414 sacros
3076 4365 3329 4409 auctores

1677 4458 1726 4517 D
1755 4464 1811 4518 in
1843 4467 2043 4519 bonam
2077 4470 2287 4531 partem
2318 4458 2512 4526 accipi.
2567 4456 2729 4524 Atqui
2764 4453 2957 4509 eadem
3009 4464 3114 4503 vox
3140 4449 3192 4500 in
3229 4448 3330 4499 hac

1756 4555 1873 4624 ipsa
1910 4550 2104 4623 lgnatii
2154 4549 2382 4619 epistola
2411 4562 2507 4615 pro
2554 4543 2992 4612 concupiscentia
3040 4551 3331 4602 umoreque

1756 4646 2005 4701 terrestri
2053 4652 2365 4709 usurpatur.
2418 4639 2690 4701 Secundo,
2745 4636 2871 4704 quia
2924 4634 3024 4687 hac
3070 4632 3331 4700 peric0pe

1756 4746 1812 4792 et
1853 4736 2125 4791 sententia
2175 4732 2364 4804 lguatii
2417 4736 2651 4799 dempta,
2711 4727 2906 4780 melius
2957 4724 3059 4778 sibi
3097 4721 3333 4775 cohaeret

1759 4827 2003 4897 Dionysii
2032 4825 2228 4881 oratio.
2291 4822 2501 4884 Tertio,
2538 4819 2909 4875 testimonium
2962 4816 3087 4871 illud
3140 4811 3329 4882 lgnatii

1757 4922 1900 4975 inter
1932 4920 2111 4975 media
2149 4930 2321 4972 sacrae
2374 4916 2673 4983 Scriptura:
2727 4910 3041 4967 testimonia
3098 4906 3331 4960 absurde

1758 5013 1978 5068 omnino
2023 5010 2342 5065 collocatur.
2395 5008 2553 5061 Certe
2601 5005 2920 5074 prudentior
2965 4999 3252 5068 Dionysius
3281 5008 3326 5050 et

1759 5113 1881 5172 post
1929 5102 2110 5156 omnia
2168 5100 2365 5153 divina:
2420 5098 2719 5166 Scriptura:
2776 5092 3106 5154 testimonia,
3171 5098 3332 5157 atque

1760 5198 1919 5249 etiam
1951 5204 2071 5262 post
2123 5194 2316 5246 allatas
2360 5206 2391 5244 a
2421 5205 2479 5245 se
2508 5192 2706 5245 ibidem
2755 5183 3030 5240 lliemthei
3086 5180 3328 5249 magistri

1761 5291 1841 5343 sui
1887 5290 2245 5343 auctoritates
2270 5288 2319 5341 ei
2350 5288 2526 5340 locum
2559 5285 2818 5339 dedisset.
2848 5279 3095 5349 Denique
3144 5278 3331 5347 perio-

1765 5380 1863 5432 dus
1894 5393 2011 5447 quaa
2041 5378 2183 5431 hanc
2210 5375 2403 5448 lgnatii
2430 5374 2755 5429 sententiam
2804 5369 3097 5434 antecedit,
3126 5367 3329 5420 falsita.

1768 5478 1872 5522 tem
1902 5468 2143 5522 continet
2186 5467 2608 5536 putidissimam,
2638 5471 2693 5518 et
2720 5473 2943 5517 auctore
2976 5472 3084 5515 tam
3120 5459 3331 5514 erudito

1765 5576 1984 5629 prorsus
2024 5560 2315 5631 indignam.
2355 5557 2482 5614 llrcc
2523 5568 2700 5613 autem
2753 5557 3007 5628 periodus
3033 5556 3118 5610 his
3154 5554 3331 5609 verbis
