3708 6296
368 308 434 368 Si
1543 302 1600 359 S.
1645 296 2013 356 DIONYSIUS
2051 294 2509 352 AREOPAGITA.
3571 284 3660 338 52

375 423 674 494 concipitur
720 443 735 478 :

375 533 586 572 crarum
619 515 1020 584 Scripturarum
1070 512 1446 567 tractatoribus
1494 526 1680 564 nomen
1724 509 1946 580 ἔρωτος,

373 611 593 677 amoris,
644 611 875 665 divinius
915 623 1049 671 esse,
1076 605 1232 678 quam
1285 622 1473 660 nomen
1525 602 1766 675 ἀγάπης,
1818 602 1952 656 dile-

378 705 583 759 ctionis.
613 705 682 757 At
710 703 834 768 hoc,
862 700 1130 769 inquiunt.
1169 698 1518 753 falsissimum
1570 705 1672 750 est.
1729 692 1865 748 Nam
1904 693 1948 746 si

379 808 570 848 nomen
601 793 820 856 amoris,
854 792 1075 865 ἔρωτος,
1114 793 1348 847 divinius
1389 797 1533 846 esset
1559 802 1721 857 quam
1756 800 1950 842 nomen

368 881 685 947 dilectionis,
719 882 960 954 ἀγάπης,
1018 883 1310 952 scriptores
1366 879 1504 934 sacri
1541 892 1606 931 eo
1629 874 1814 946 procul
1849 874 1951 924 dn-

357 973 461 1026 bio
487 973 824 1042 frequentius
872 985 1174 1029 uterentur.
1209 972 1370 1041 Atqui
1413 985 1516 1025 vox
1554 968 1694 1040 ἔρως
1727 967 1778 1020 ἱιι
1803 965 1950 1020 Novo

361 1067 743 1128 Testamento,
789 1063 876 1118 ubi
929 1080 1031 1118 vox
1084 1063 1273 1132 ἀγάπη
1329 1061 1446 1130 plus
1475 1075 1636 1129 quam
1691 1055 1951 1125 nonagies

359 1156 631 1220 occurrit,
683 1171 784 1210 nec
841 1156 1007 1210 semel
1059 1157 1276 1225 quidem
1329 1153 1598 1222 reperitur
1637 1169 1650 1211 :
1689 1152 1739 1204 in
1771 1148 1951 1204 Veteri

358 1259 550 1303 autem
609 1248 942 1303 creberrime
996 1248 1142 1319 legas
1196 1261 1382 1301 vocem
1435 1244 1678 1314 ἀγάπης,
1713 1244 1795 1297 his
1825 1257 1954 1297 vero

360 1341 747 1396 tantummodo
810 1356 913 1394 vox
980 1340 1139 1413 ἔρως.
1198 1341 1250 1395 in
1305 1338 1726 1414 Proverbiorum
1772 1337 1952 1402 libris,

371 1437 436 1487 ad
495 1448 736 1488 amorem
797 1434 1068 1502 impurum
1109 1442 1160 1487 et
1207 1433 1494 1501 profanum
1535 1431 1950 1500 signiticandum

371 1527 658 1581 adhibetur
687 1527 730 1558 "
764 1525 832 1580 ³ο.
870 1525 1016 1581 Unde
1047 1525 1378 1580 concludunt
1425 1533 1480 1580 et
1525 1524 1767 1593 phrasitn
1806 1538 1952 1593 prae-

371 1625 565 1682 fatam.
622 1632 784 1692 atque
830 1622 1002 1690 ipsum
1066 1621 1258 1691 lgnatii
1321 1620 1675 1685 sententiam,
1721 1619 1771 1671 in
1823 1618 1952 1671 Dio-

369 1715 508 1786 nysii
548 1715 718 1768 libros
756 1715 975 1769 fuissea
1019 1715 1250 1783 quodam
1304 1713 1447 1767 malo
1484 1712 1680 1766 feriato
1733 1709 1954 1764 homine

369 1808 638 1862 introsus.

441 1899 548 1953 Sed
581 1897 724 1951 hanc
783 1897 1288 1968 Areopagiticorum
1343 1896 1677 1966 opinionem,
1729 1895 1955 1966 ejusque

370 1990 735 2055 ﬁrmamenta,
771 1992 897 2044 inde
927 1989 1242 2044 convellunt
1290 1990 1614 2055 adversarii,
1659 1993 1802 2060 quod
1835 1991 1955 2044 ttul-

369 2081 454 2136 lus
503 2097 739 2148 unquam
795 2084 1048 2136 inventus
1079 2081 1152 2135 sit
1181 2083 1355 2137 codex
1413 2099 1574 2136 manu
1619 2095 1872 2136 exaratos
1900 2083 1953 2135 in

369 2189 478 2242 quo
514 2173 602 2227 illa
639 2174 828 2245 lguatii
877 2175 1041 2229 verba
1079 2176 1129 2229 in
1185 2185 1330 2230 textu
1384 2175 1716 2246 Dionysiano
1763 2175 1952 2229 eadem

368 2279 533 2320 manu
560 2280 624 2320 ac
649 2275 846 2319 caetera
878 2268 1060 2319 omnia
1092 2265 1360 2334 descripta
1420 2282 1526 2319 non
1579 2265 1823 2332 reperire
1852 2265 1946 2320 sit.

371 2355 511 2423 Quid
551 2357 838 2425 quod?ab
897 2369 1124 2419 auctore
1198 2357 1406 2428 prologi
1484 2357 1844 2411 llomiliarum
1897 2357 1950 2411 itt

371 2449 616 2516 Cantica,
649 2465 811 2520 quem
833 2451 1201 2520 AreOpagitici
1227 2450 1514 2520 Origenem
1539 2465 1661 2505 esse
1688 2449 1952 2517 fatentur,

370 2540 488 2595 haec
511 2543 700 2596 eadem
761 2542 922 2596 verba
956 2557 1054 2612 pro
1100 2558 1228 2598 vere
1276 2542 1644 2614 Dionysianis,
1684 2553 1739 2598 et
1762 2545 1951 2598 eodem

369 2639 533 2700 atque
556 2632 624 2685 ab
652 2643 880 2687 auctore
909 2645 1094 2688 nostro
1125 2649 1290 2688 sensu
1321 2635 1488 2688 citata
1521 2634 1772 2704 legimus.
1807 2634 1953 2690 Nihil

365 2735 500 2792 ergo
529 2720 792 2792 Origenes
826 2726 879 2778 in
909 2725 975 2780 iis
1011 2725 1220 2780 invenit
1249 2726 1392 2793 quod
1423 2742 1527 2779 non
1561 2737 1706 2781 esset
1732 2727 1951 2783 veritati

371 2825 700 2878 consonum,
738 2827 886 2869 recto
929 2814 1119 2867 ordine
1163 2815 1456 2884 digestum,
1489 2825 1545 2869 et
1594 2817 1662 2868 ad
1717 2829 1780 2867 ea
1834 2829 1955 2883 quae

369 2900 659 2976 Dionysius
706 2907 1026 2962 intendebat
1069 2908 1354 2978 probanda
1403 2917 1590 2972 aptum
1638 2912 1861 2962 omnino
1897 2914 1954 2963 et

366 3011 726 3053 ςοιινυιιιειιε.

817 423 994 477 Visum
1069 431 1144 476 est
1217 418 1533 490 quibusdam
1598 419 1792 470 nostris
1859 434 1949 471 sa-
1981 417 2028 473 Λ
2053 414 2224 468 ctoris
2252 415 2421 469 nostri
2450 409 2728 480 operibus,
2763 407 2869 462 dici
2903 405 3165 462 deberent
3209 412 3418 466 assuta,
3449 405 3658 473 iisque

2052 506 2328 566 insita,ut
2379 502 2497 556 haec
2532 499 2797 568 obiecisse
2855 496 3269 567 Areopagiticos
3326 494 3659 564 aliquando

2051 596 2358 666 posuiteret.

2123 692 2214 753 At,
2243 690 2520 758 inquiunt,
2547 685 2839 757 Dionysius
2876 699 2983 738 non
3007 691 3226 753 poterat
3252 680 3660 737 testimonium

2051 783 2242 854 lgnatii
2275 783 2397 836 aliis
2441 794 2613 836 sacrae
2661 777 2960 847 Scriptum
3005 774 3336 830 testimoniis
3389 771 3657 825 medium

2053 873 2370 942 interjicere
2401 889 2417 938 ;
2450 872 2543 926 sed
2589 869 2720 924 illud
2765 883 2886 931 suo,
2917 867 2971 921 id
2999 875 3083 920 est
3111 865 3324 927 ultimo,
3355 861 3656 932 posuisset

2054 967 2194 1021 loco.
2229 964 2340 1019 Nec
2391 963 2614 1029 majoris
2665 960 2924 1031 ponderis
2952 968 3034 1012 est
3061 957 3163 1010 ista
3199 951 3654 1025 argumentatio.

2054 1053 2188 1118 Quis
2223 1052 2369 1106 enim
2405 1050 2703 1120 scriptores
2729 1049 2814 1104 his
2860 1045 3204 1103 citandorum
3254 1044 3523 1098 librorum
3562 1041 3651 1095 le-

2054 1145 2210 1215 gibus
2263 1144 2338 1196 ita
2401 1143 2570 1197 teneri
2613 1143 2821 1206 credat,
2853 1151 2912 1195 ut
2937 1143 3005 1195 ab
3036 1142 3102 1194 iis
3148 1153 3254 1193 non
3309 1138 3474 1192 liceat
3537 1150 3651 1188 un-

2055 1253 2218 1308 quam
2245 1247 2616 1293 transversum
2651 1252 2884 1307 unguem
2915 1237 3198 1291 discedere
3227 1233 3251 1287 ‘i
3278 1232 3404 1287 Haec
3431 1233 3656 1302 quippe

2056 1332 2130 1385 ita
2157 1331 2201 1386 si
2251 1346 2310 1386 se
2355 1315 2638 1395 haberent,
2669 1339 2822 1401 quot,
2857 1330 2996 1383 bone
3027 1330 3169 1384 Deus
3193 1328 3207 1381 l
3233 1332 3528 1382 occurrent
3561 1331 3660 1377 te-

2055 1423 2312 1478 stimonia
2347 1433 2589 1477 veterum
2622 1425 2674 1476 in
2705 1422 2873 1476 variis
2910 1421 3274 1491 posteriorum
3303 1411 3656 1494 scriptorum

2057 1517 2213 1572 libris
2261 1517 2328 1569 ah
2361 1515 2725 1570 inscientibus
2773 1525 2828 1569 et
2880 1515 3085 1583 ignaris
3130 1495 3509 1580 imprudenter
3558 1508 3655 1561 in-

2059 1613 2231 1667 trusa,
2276 1611 2331 1656 et
2361 1618 2424 1656 ex
2465 1602 2531 1657 iis
2581 1602 2842 1671 deinceps
2899 1601 3128 1656 delenda
3165 1603 3180 1654 l
3213 1600 3355 1666 Quot
3401 1613 3658 1667 namque

2056 1695 2355 1764 scriptores
2399 1695 2468 1748 de
2523 1708 2607 1760 ea,
2642 1709 2761 1763 quae
2819 1709 2965 1749 nunc
3016 1694 3377 1760 desideratur,
3432 1691 3656 1746 citandi

1986 1764 2027 1820 Β
2063 1787 2322 1842 methodo
2349 1802 2416 1840 ne
2472 1787 2853 1856 cogitaverunt
2899 1786 3116 1854 quidem
3145 1784 3332 1852 ?Quot
3365 1784 3417 1837 in
3445 1798 3653 1837 eorum

2057 1879 2330 1949 Operibus
2373 1881 2636 1948 permista
2690 1879 2935 1946 reperies
2966 1876 3268 1945 Scriptura:
3294 1875 3657 1942 Patrumque

2057 1973 2424 2041 antiquiorum
2457 1975 2767 2028 testimonia
2794 1974 2816 2026 ‘I

2126 2061 2312 2131 Neque
2340 2073 2460 2116 erat
2484 2078 2616 2118 sane
2646 2064 2788 2134 quod
2837 2062 3175 2118 fastidiosius
3201 2060 3507 2129 objicerent
3553 2069 3658 2128 pe-

2058 2155 2288 2218 riodum,
2343 2171 2465 2226 quae
2512 2157 2640 2211 huic
2691 2156 2882 2227 Iguatii
2936 2155 3223 2211 sententia:
3277 2153 3657 2223 prteponitur,

2056 2249 2352 2304 falsitatem
2401 2250 2685 2304 continere
2730 2249 3154 2318 putidissimam.
3189 2246 3401 2303 Etenim
3431 2259 3499 2298 eo
3531 2261 3652 2314 quo

2055 2342 2368 2394 enuntiatur
2427 2341 2610 2404 modo,
2658 2340 2792 2394 nihil
2829 2342 2880 2393 in
2917 2355 2979 2394 ea
3020 2339 3125 2394 nisi
3154 2337 3506 2393 verissimum
3542 2336 3647 2390 de-

2056 2431 2443 2501 prehenditur.
2494 2431 2618 2486 llzee
2653 2432 2854 2501 quippe
2903 2431 3178 2500 ipsissima
3215 2439 3361 2493 sunt,
3390 2438 3447 2483 ut
3475 2444 3658 2495 supe-

2057 2525 2172 2579 rius
2205 2525 2410 2580 dictum
2440 2533 2550 2589 est,
2580 2524 2820 2579 auctoris
2873 2524 3042 2578 nostri
3096 2525 3262 2577 verba
3296 2540 3310 2576 :
3351 2520 3536 2576 Visum
3568 2531 3650 2575 es;

2054 2618 2372 2686 quibusdam
2403 2619 2599 2673 nostris
2630 2633 2909 2671 sacrarum
2948 2615 3351 2684 Scripturarum
3375 2625 3652 2668 tractato-

2057 2711 2201 2764 ribus
2229 2727 2416 2766 nomen
2466 2712 2670 2765 amoris
2713 2710 2944 2763 divinius
2991 2725 3103 2762 esse
3131 2725 3289 2779 quam
3345 2724 3534 2762 nomen
3568 2707 3656 2761 di-

2056 2802 2329 2859 lectionis.
2361 2801 2690 2869 Quibusdam
2741 2803 2900 2867 dixit,
2955 2818 3062 2857 non
3109 2801 3380 2857 omnibus.
3415 2801 3484 2854 At
3527 2803 3653 2869 qui-

2056 2897 2279 2950 busdam
2307 2896 2360 2950 id
2393 2897 2464 2950 ita
2513 2897 2688 2950 visum
2739 2895 2909 2950 fuisse
2948 2905 3055 2949 tam
3114 2905 3434 2949 constanter
3479 2902 3651 2964 puta-

2056 2989 2167 3052 hat,
2199 3000 2255 3043 ut
2284 2989 2582 3059 scriptores
2611 2998 2667 3043 et
2713 2989 2942 3059 scripta,
2993 2987 3083 3042 ubi
3131 2987 3185 3041 id
3221 2986 3486 3041 traditum
3538 2996 3650 3048 est,

439 3090 610 3148 Porro
644 3106 824 3150 autem
864 3113 928 3150 εχ
977 3097 1082 3152 hoc
1135 3097 1391 3166 οι-ίεεηίε
1439 3113 1536 3152 εει,
1589 3099 1828 3154 auctoris
1859 3101 1952 3153 ha-
1981 3108 2024 3166 ο
2059 3082 2148 3138 ille
2199 3084 2456 3137 continuo
2507 3083 2862 3138 indicaverit.
2897 3081 2965 3136 Et
2995 3089 3143 3137 certe
3199 3081 3292 3150 qui
3344 3080 3460 3134 haec
3495 3079 3640 3147 obji-

368 3201 491 3240 rum
525 3185 881 3241 llomiliarum
924 3190 1240 3244 testimonio
1288 3192 1398 3245 ruit
1445 3191 1678 3260 primum
1713 3191 1953 3261 Areopa-

366 3276 658 3346 giticorum
708 3289 1059 3333 morncntum.
1098 3278 1316 3334 Putavit
1369 3283 1513 3337 enim
1557 3282 1667 3346 ille,
1699 3288 1951 3338 acetiam

369 3368 464 3421 alii
491 3379 613 3436 post
641 3383 764 3424 eum
810 3372 1205 3441 Areupagitici,
1257 3389 1456 3430 nomen
1486 3375 1625 3439 ἔρως
1651 3373 1718 3430 ab
1744 3376 1953 3446 lgnatio

368 3459 422 3513 in
461 3460 656 3514 bonam
699 3471 912 3532 partem
967 3465 1169 3536 accipi.
1218 3467 1403 3521 Potuit
1465 3483 1596 3537 ergo
1653 3479 1708 3524 et
1761 3480 1954 3525 auctor

368 3559 555 3605 noster
610 3553 663 3604 in
701 3554 889 3607 eadem
938 3570 1059 3610 esse
1107 3557 1387 3624 opinione,
1437 3569 1608 3629 ‘atque
1659 3576 1724 3616 eo
1764 3577 1949 3626 sensu,

366 3657 532 3709 quem
569 3659 757 3698 verum
797 3648 1205 3719 genuinumque
1262 3663 1382 3705 esse
1428 3653 1676 3719 putabat,
1709 3652 1851 3707 hanc
1875 3653 1957 3706 ci-

369 3746 488 3790 tare
517 3734 710 3808 lgnatii
766 3742 1118 3795 sententiam.
1165 3743 1257 3804 At.
1318 3745 1555 3812 inquies,
1617 3747 1720 3800 hoc
1751 3746 1953 3800 falsum

363 3833 454 3880 est
482 3827 727 3883 omnino.
767 3829 960 3885 Falsus
1016 3841 1099 3886 est
1141 3849 1294 3900 ergo,
1357 3833 1628 3902 iuquieut,
1664 3833 1951 3906 Origenes,

371 3918 490 3974 falsi
523 3931 650 3974 sunt
677 3931 732 3975 et
770 3922 884 3976 alii.
924 3922 1095 3977 Porro
1126 3925 1169 3978 si
1206 3925 1258 3988 in
1291 3925 1394 3979 hoc
1423 3941 1517 3980 eos
1558 3942 1774 3982 errasse
1805 3929 1956 3982 dixe-

370 4011 469 4075 ris,
502 4013 690 4080 quidni
718 4022 773 4066 et
802 4029 989 4069 errare
1042 4015 1217 4084 potuit
1269 4017 1728 4088 Dionysianorum
1761 4031 1956 4076 auctor

367 4101 606 4171 Opetum
638 4102 803 4157 ?lllos
825 4115 1003 4161 tamen
1033 4124 1140 4162 non
1166 4124 1387 4164 errasse
1418 4110 1546 4165 hinc
1572 4128 1676 4166 non
1716 4112 1955 4168 absurde

366 4194 648 4261 eonjicias,
687 4198 829 4265 quod
876 4214 1072 4254 nmuen
1132 4200 1272 4271 ἔρως
1333 4205 1383 4256 in
1436 4204 1502 4257 iis
1540 4220 1664 4273 qua:
1711 4207 1955 4260 citantur

369 4284 561 4354 lgnatii
593 4291 795 4354 verbis,
831 4305 930 4358 pro
964 4305 1151 4346 amore
1182 4294 1456 4362 spirituali
1489 4305 1544 4349 et
1567 4297 1751 4350 divino
1781 4301 1955 4367 possit

371 4383 646 4450 usurpari,
703 4385 956 4451 quamvis
1010 4384 1062 4437 in
1111 4386 1597 4455 subsequentibus,
1650 4404 1771 4457 quae
1828 4391 1954 4445 inde

2056 3180 2228 3243 ciunt,
2256 3188 2310 3232 et
2355 3178 2455 3247 ipsi
2499 3178 2741 3234 fatentur
2775 3178 2902 3234 illud
2950 3193 3146 3231 nomen
3197 3178 3397 3230 amoris
3433 3175 3487 3228 in
3519 3175 3652 3229 aliis

2056 3288 2220 3343 quam
2245 3271 2312 3326 iis
2337 3273 2427 3342 qui
2473 3271 2541 3325 ab
2569 3282 2798 3328 auctore
2852 3282 3045 3328 nostro
3093 3270 3354 3333 citantur,
3404 3268 3647 3323 inveniri

2059 3368 2358 3436 Scriptura:
2399 3382 2573 3423 sacra:
2604 3367 2781 3422 libris.

2648 3479 2877 3536 CAPUT
2930 3479 3044 3534 ΧΠ.

2059 3569 2320 3636 Quartum
2366 3582 2754 3639 argumentum,
2804 3587 2869 3623 ea;
2917 3571 3144 3623 aliorum
3188 3569 3432 3635 operibus
3479 3581 3643 3638 atque

2129 3642 2460 3709 Opinionibus
2491 3643 2556 3694 ab
2588 3655 2804 3695 auctore
2850 3654 3029 3694 nostro
3057 3641 3231 3692 citatis
3262 3639 3577 3692 deductum.

2129 3733 2316 3803 Neque
2369 3751 2534 3804 porro
2589 3735 2704 3789 sola
2768 3733 2836 3788 ab
2892 3743 3120 3787 auctore
3201 3741 3391 3785 nostro
3471 3730 3646 3783 citata

2060 3825 2248 3896 lgnatii
2301 3827 2621 3890 auctoritas,
2664 3827 2757 3880 sed
2788 3828 2952 3880 etiam
3008 3824 3421 3889 Bartholounei,
3478 3823 3644 3886 Justi,

2060 3929 2113 3972 et
2142 3919 2448 3983 llierothei,
2495 3920 2852 3990 praeceptoris
2885 3918 2991 3982 sui,
3031 3918 3238 3989 prolata
3263 3919 3330 3971 ab
3361 3918 3454 3970 illo
3487 3918 3649 3970 testi-

2061 4013 2266 4077 monia,
2308 4014 2483 4081 ipsum
2544 4013 2861 4083 Dionysium
2918 4013 3304 4081 Areopagitam
3358 4026 3468 4064 non
3525 4025 3650 4065 esse

2062 4106 2219 4174 plane
2250 4104 2631 4158 demonstrare
2678 4103 3200 4174 Antiareopagitiets
3230 4103 3510 4156 videntur.
3541 4101 3648 4156 Ve-

2061 4215 2178 4251 rum
2240 4197 2521 4251 enimvero
2576 4197 2794 4250 ubinam
2842 4197 3088 4265 gentium
3142 4196 3478 4250 exstiterunt
3542 4195 3649 4249 ali-

2060 4293 2272 4360 quando
2317 4291 2429 4352 illa,
2459 4304 2580 4358 qua:
2608 4290 2700 4344 ille
2733 4293 2887 4354 citat,
2917 4298 3191 4343 tantorum
3228 4289 3470 4342 virorum
3505 4287 3648 4355 Ope-

2062 4386 2174 4438 ra?
2209 4385 2342 4452 Quis
2369 4400 2431 4438 ca
2468 4391 2704 4453 unquam
2755 4396 2957 4452 praeter
3007 4383 3153 4436 hunc
3203 4391 3490 4435 auctorem
3544 4395 3644 4432 no-

364 4483 560 4528 auctor
592 4487 780 4530 noster
821 4478 1026 4543 intulit,
1055 4493 1154 4547 pro
1177 4479 1452 4534 exstincto
1493 4482 1951 4549 concupiscentiae
1986 4467 2029 4522 Ι)
2056 4488 2231 4532 strutn
2287 4476 2539 4529 laudasse
2597 4475 2918 4547 perhibetur
2945 4473 2968 4525 ?
2993 4471 3279 4538 Quomodo
3306 4485 3370 4523 ea
3403 4468 3645 4524 Eusebii.

371 4567 493 4636 igne
521 4569 846 4638 accipiatur.

439 4659 594 4727 Quod
625 4670 811 4715 autem
840 4661 1115 4731 objicitur,
1168 4667 1267 4715 hac
1297 4661 1523 4730 periodo
1550 4664 1793 4733 dempta,
1820 4665 1950 4720 Dio-

366 4753 652 4822 nysianam
708 4753 1011 4806 orationem
1066 4753 1264 4807 melius
1326 4753 1427 4806 sibi
1481 4755 1780 4821 cohaerere,
1833 4757 1951 4811 leve

365 4847 592 4900 omnino
628 4856 712 4900 est
735 4845 1047 4916 nulliusque
1103 4849 1386 4900 momenti.
1440 4846 1585 4901 Idem
1613 4850 1812 4920 quippe
1841 4850 1944 4904 diei

367 4948 554 5006 posset
578 4941 644 4994 de
688 4938 811 4992 aliis
840 4950 1124 4993 auctorum
1175 4937 1350 5002 libris,
1377 4940 1429 4992 in
1458 4942 1658 5008 quibus
1691 4941 1848 5011 plura
1880 4941 1948 4995 ad

365 5027 568 5098 aliquid
627 5029 968 5098 probandum
1022 5039 1397 5098 congeruntur
1441 5032 1756 5086 testimonia
1810 5033 1955 5086 anti-

368 5128 643 5197 quiorum.
678 5129 796 5183 Uno
834 5129 976 5182 enim
1012 5136 1068 5181 et
1092 5129 1268 5182 altero
1318 5130 1560 5196 sublato,
1601 5133 1795 5186 melius
1819 5147 1954 5201 quo-

366 5237 476 5291 que
510 5223 796 5292 scriptoris
828 5225 1004 5279 oratio
1052 5224 1158 5277 sibi
1205 5222 1486 5276 coltmrere
1533 5226 1851 5296 plerumque
1875 5226 1952 5276 vi-

365 5314 607 5369 debitur.
641 5317 848 5370 Deinde
898 5317 943 5372 si
994 5316 1210 5385 quoties
1266 5315 1451 5369 deleta
1491 5318 1677 5387 aliqua
1724 5316 1954 5384 periodo

363 5406 544 5461 oratio
573 5408 676 5462 sibi
709 5411 901 5466 melius
937 5412 1217 5466 cohaerere
1269 5421 1554 5474 censetur,
1607 5410 1770 5464 toties
1802 5425 1953 5463 eam-

368 5501 490 5552 dem
529 5501 811 5562 periodutn
850 5505 1021 5558 textui
1073 5501 1317 5556 auctoris
1370 5501 1579 5555 dixeris
1637 5516 1760 5556 esse
1801 5498 1953 5567 adje-

367 5603 536 5655 ctam,
570 5601 646 5644 tot
682 5593 732 5646 in
771 5592 1030 5650 Ecclesia:
1063 5596 1287 5650 Patrum
1344 5606 1512 5662 atque
1546 5595 1600 5648 in
1631 5594 1821 5664 primis
1853 5608 1952 5645 au—

451 5775 571 5808 ιωο
605 5773 757 5832 Prov.
798 5791 893 5840 vn,
979 5777 1041 5832 18
1107 5788 1159 5832 et
1192 5788 1315 5836 xxx.
1357 5778 1438 5832 l6.

2059 4569 2459 4624 accuratissitui
2515 4566 3021 4635 antiquissimorum
3065 4564 3398 4632 scriptorum
3425 4571 3645 4616 scruta-

2062 4669 2217 4726 toris,
2274 4664 2619 4732 aliorumque
2673 4660 2916 4713 omnium
2970 4657 3306 4726 diligentiam
3341 4653 3647 4724 fugerunt?

2061 4757 2311 4827 Nunquid
2348 4755 2508 4808 unius
2550 4753 2803 4824 apostoli,
2834 4764 2891 4806 et
2921 4752 3153 4805 duorum
3215 4748 3641 4818 apostolicorutn

2063 4850 2340 4904 hominum
2371 4848 2598 4916 scripta,
2654 4859 2760 4899 tam
2795 4845 2906 4900 cito
2937 4843 3242 4911 perierunt,
3279 4849 3335 4893 ut
3366 4841 3512 4895 nulla
3552 4856 3643 4893 eo-

2064 4961 2180 4996 rutn
2213 4943 2315 4996 nisi
2343 4943 2482 5010 apud
2506 4949 2787 4994 auctorem
2819 4947 3066 4991 nostrum
3101 4934 3305 4988 mentio
3337 4933 3644 4988 habeatur?

2060 5036 2220 5089 Certe
2253 5033 2527 5087 Hicrothei
2551 5073 2565 5095 ,
2594 5031 2682 5100 qui
2715 5026 2957 5098 Dionysii
2990 5025 3336 5095 Areopagitae
3386 5028 3641 5097 magister

2060 5137 2114 5180 et
2157 5125 2309 5180 l’auli
2370 5123 2603 5192 apostoli
2643 5119 2946 5189 discipulus
3003 5115 3176 5172 fuisse
3205 5117 3430 5182 dicitur,
3488 5117 3640 5182 cujus

2063 5222 2235 5289 pietas
2293 5229 2347 5271 et
2399 5217 2646 5272 doctrina
2696 5210 2928 5266 summis
2978 5208 3318 5262 extolluntur
3371 5209 3638 5269 laudibus,

2065 5311 2216 5373 tanti,
2295 5310 2569 5379 inquiunt,
2660 5305 2764 5357 viri
2826 5314 2992 5370 opera
3071 5301 3259 5354 omnia
3309 5317 3338 5353 a
3391 5301 3642 5371 Dionysio

2063 5401 2255 5456 saltem
2284 5413 2338 5456 et
2365 5398 2651 5453 Timotheo
2697 5390 2986 5463 publicari,
3029 5399 3086 5444 et
3137 5394 3204 5446 de
3228 5405 3419 5446 eorum
3465 5388 3635 5442 mani-

2063 5495 2162 5550 bus
2217 5496 2269 5548 in
2344 5491 2782 5548 Christianorum
2849 5484 3095 5537 omnium
3161 5498 3354 5537 manus
3415 5482 3638 5542 venire,

2071 5591 2310 5663 ipsisque
2356 5604 2569 5644 summo
2623 5599 2742 5640 esse
2775 5583 2828 5635 in
2862 5581 3059 5651 pretio,
3095 5596 3157 5634 ac
3187 5580 3238 5632 in
3274 5567 3636 5633 Ecelcsiarutu
