3748 6384
207 378 281 432 35
325 433 340 442 _
1539 373 2076 430 PROLEGOME-NA.
3383 387 3452 441 δέ,

194 489 438 552 s‘rriuiis,
470 500 524 542 et
551 490 928 558 episcoporum
965 489 1314 547 bibliOthecis
1365 491 1637 545 asservari
1669 491 1768 544 de-
1802 498 1840 552 Α
1879 502 2026 552 runt,
2059 500 2116 544 ut
2147 491 2352 544 nullum
2379 505 2569 546 eorum
2596 493 2874 549 exstiterit
2897 499 3200 567 vestigium.
3231 498 3338 554 Sed
3367 501 3452 556 his

197 581 423 636 hebant.
471 579 581 632 Cur
629 595 759 648 ergo
815 580 973 647 hujus
1023 584 1220 635 summi
1267 583 1394 646 viri,
1451 583 1541 650 qui
1585 582 1774 651 μέγας

195 667 374 736 imor;
425 672 752 740 appellatur,
797 670 973 740 Opera
1019 675 1189 729 tantis
1237 675 1472 729 tenebris
1520 685 1773 743 tantaque

175 763 468 818 oblivione
513 765 709 818 obruta
758 774 909 830 sunt,
965 777 1025 820 ut
1063 768 1266 821 nullum
1330 781 1518 821 eorum
1567 767 1667 822 nisi
1719 768 1770 820 in

180 855 437 910 auctoris
491 857 664 909 nostri
726 858 948 925 scriptis
983 859 1271 929 vestigium
1320 858 1773 928 supersitTQuid

189 945 341 1012 juod
373 953 429 998 et
475 946 591 1014 ipsa
649 946 922 1004 llierothei
978 949 1287 1003 testimonia
1342 964 1447 1003 non
1475 949 1581 1004 alio
1608 963 1771 1018 quam

177 1036 443 1090 auctoris
470 1039 646 1092 nostri
692 1038 832 1108 stylo
868 1050 1093 1093 exarata
1123 1040 1380 1095 videntur
1403 1041 1426 1093 ?
1453 1039 1595 1095 Idem
1624 1040 1772 1095 enim

179 1126 240 1176 in
303 1128 554 1199 utrisque
615 1141 670 1184 et
723 1131 1001 1202 ingenium
1055 1141 1120 1191 .et
1169 1131 1393 1196 locutio,
1461 1142 1772 1202 caeteraque

184 1221 376 1274 omnia
435 1222 536 1276 sibi
594 1223 754 1292 plane
802 1223 1003 1279 similia
1053 1224 1358 1295 legentibus
1383 1227 1560 1292 prima
1593 1223 1774 1280 fronte

185 1324 512 1368 occurrunt.
540 1314 617 1368 Ex
645 1317 842 1384 quibus
885 1333 989 1370 non
1041 1321 1330 1370 temeraria
1387 1332 1611 1384 prorsus
1641 1333 1774 1372 con-

179 1403 402 1466 jectura
446 1409 679 1475 capitur,
732 1409 901 1463 libros
955 1409 1233 1463 Hierothei
1305 1425 1608 1480 nunquam,
1660 1411 1768 1466 nisi

183 1495 544 1566 Dionysiauis
581 1499 632 1551 iu
659 1499 1147 1565 lucubrationibus,
1174 1500 1351 1555 editos
1379 1502 1428 1554 in
1451 1501 1650 1555 lucem.

256 1586 345 1638 Ad
378 1586 495 1641 huic
526 1603 680 1652 vero,
726 1601 919 1643 auctor
975 1599 1162 1646 uoster
1222 1605 1327 1645 non
1384 1593 1560 1646 solum
1613 1591 1768 1661 plura

181 1674 602 1745 incognitorum
655 1680 936 1734 hominum
989 1683 1243 1752 producit
1305 1684 1638 1749 testimonia,
1672 1685 1768 1738 sed

185 1770 374 1822 varias
429 1772 593 1824 etiam
637 1773 919 1828 doctorum
955 1775 1232 1828 hominum
1261 1777 1547 1845 Opiniones
1574 1779 1645 1831 ita
1681 1793 1767 1832 re-

1875 594 2066 649 parum
2122 581 2250 634 moti
2305 597 2494 636 eorum
2549 585 2876 652 adversarii,
2932 589 3260 658 arguuutde
3290 591 3454 646 rebus

1874 670 2092 738 quidem
2125 685 2244 739 qua:
2291 673 2358 726 ad
2393 672 2516 728 ﬁdei
2579 675 2886 731 doctrinam
2932 679 3250 748 pertinent,
3285 682 3452 738 fuisse

1876 775 2096 831 semper
2135 762 2186 816 in
2218 763 2461 819 Ecclesia
2506 765 2572 818 ab
2604 767 2874 822 luereticis
2921 769 3154 837 agitatas
3192 772 3453 839 quaestio-

1876 869 2004 919 nes;
2053 863 2107 908 at
2133 857 2202 909 de
2230 855 2394 910 rebus
2435 871 2556 925 qua:
2604 858 2750 911 inter
2794 859 3074 928 apostolos
3122 862 3342 931 publice
3375 864 3455 918 ri-

1875 956 2046 1016 tuque
2078 947 2308 1002 solemni
2350 957 2587 1015 peracta:
2611 957 2759 1014 sunt,
2785 965 3031 1020 quasque
3059 967 3251 1008 omnes
3279 955 3348 1008 ab
3367 952 3454 1009 eis

1873 1053 2175 1106 eormnque
2233 1039 2401 1095 sociis
2454 1049 2707 1109 poterant
2763 1040 2921 1096 facile
2963 1043 3196 1109 edoceri,
3244 1045 3452 1101 nullam

1874 1131 1941 1185 de
1969 1144 2077 1198 qua
2104 1130 2156 1184 in
2185 1131 2406 1199 scriptis
2436 1132 2828 1200 disputaretur,
2870 1135 3020 1187 nasci
3052 1137 3297 1202 potuisse
3323 1138 3445 1192 dis-

1873 1223 2205 1276 sensionem.
2241 1221 2412 1276 Porro
2471 1223 2646 1292 Opera
2702 1223 3003 1290 Hierothei,
3055 1241 3119 1282 ac
3165 1227 3454 1284 Bartholo—

1874 1311 2020 1375 niuei,
2048 1319 2104 1365 et
2137 1308 2299 1375 Justi,
2353 1327 2457 1366 non
2517 1322 2814 1380 potuerunt
2878 1323 3027 1368 tanta
3093 1316 3360 1374 facilitate
3385 1330 3452 1372 ac

1872 1400 2105 1455 aliorum
2156 1401 2569 1457 lucubrationes
2632 1403 2909 1459 oblivione
2957 1415 3217 1474 perpetua
3265 1406 3446 1460 obrui.

1875 1491 2106 1546 Constat
2144 1492 2344 1562 quippe
2365 1508 2450 1559 ea,
2487 1495 2528 1548 si
2572 1495 2826 1565 Dionysio
2870 1496 3180 1560 credamus,
3243 1497 3300 1550 in
3329 1496 3452 1564 ejus

1869 1597 1934 1637 ac
1962 1581 2234 1638 Timothei
2265 1597 2461 1638 manus
2487 1581 2741 1638 venisse:
2801 1598 2899 1638 nec
2933 1583 3159 1638 dubium
3199 1594 3283 1640 est
3318 1586 3448 1654 quin

1873 1675 1962 1729 illa
2011 1691 2133 1730 cum
2193 1675 2439 1745 plurimis
2469 1715 2485 1738 ,
2546 1691 2576 1728 a
2626 1677 2824 1745 quibus
2878 1691 3091 1730 summa
3145 1691 3273 1730 cura
3318 1691 3440 1731 con-

1870 1767 2079 1821 servari
2147 1768 2494 1832 debuerunt,
2558 1769 2874 1822 censuerint
2946 1783 3069 1823 esse
3143 1769 3450 1823 communi-

180 1857 315 1921 tert,
350 1870 408 1914 ut
436 1861 501 1916 iis
529 1867 904 1918 tantummodo
953 1880 1093 1934 quas
1135 1881 1262 1920 vero
1312 1867 1596 1939 propiores
1641 1885 1765 1924 esse
1797 1837 1839 1892 Β
1867 1861 2058 1914 calida-

181 1953 557 2022 existin'iabat,
617 1972 676 2011 se
728 1959 1008 2014 adhaerere
1061 1969 1312 2015 testetur.
1374 1960 1474 2016 Ubi
1513 1963 1658 2018 enim
1697 1962 1764 2018 de

179 2045 476 2114 Seraphim
505 2050 648 2115 quod
686 2048 752 2101 ad
795 2049 986 2103 Isaiam
1035 2051 1259 2104 missum
1289 2061 1396 2112 est,
1424 2051 1710 2108 disserit“
1744 2071 1758 2108 :

183 2128 476 2195 Nonnulli,
530 2134 726 2203 inquit,
752 2136 912 2204 jua'ta
958 2138 1277 2210 assignatam
1309 2141 1372 2192 de
1409 2142 1642 2195 omnium
1673 2145 1760 2196 in-

182 2221 599 2290 telligentiarum
678 2228 1039 2280 communione
1110 2228 1468 2296 deﬁnitionem
1515 2231 1760 2290 aiunt....

178 2315 334 2366 Alius
357 2316 477 2367 item
511 2314 656 2368 haud
683 2318 970 2371 admodum
1019 2320 1360 2390 incongruam
1392 2323 1520 2374 mihi
1543 2324 1762 2378 tradidit

177 2403 524 2460 solutionem.
580 2407 762 2462 Aiebat
806 2411 967 2474 enim,
1015 2423 1122 2465 etc.
1172 2413 1236 2465 Et
1265 2413 1331 2467 de
1360 2414 1560 2484 hymno
1586 2415 1676 2484 qui
1709 2416 1759 2468 in

178 2497 347 2550 missa
379 2499 620 2553 ﬁdeliqu
649 2504 972 2558 cantabatur
998 2505 1043 2535 "
1074 2521 1088 2558 :
1123 2503 1278 2559 llunc
1308 2517 1482 2560 autem
1514 2509 1762 2577 hymnum

179 2589 270 2641 alii
298 2593 479 2645 laudis
525 2595 811 2660 canticum,
854 2597 950 2649 alii
1003 2597 1268 2667 religionis
1323 2599 1637 2669 symbolum,
1664 2601 1760 2654 alii

176 2684 423 2753 denique,
469 2702 584 2739 mea
613 2688 823 2757 quidem
871 2691 1154 2753 sententia,
1204 2692 1595 2745 hieran/ticam
1644 2693 1758 2746 Eu-

174 2778 514 2842 charistiam,
549 2787 657 2833 etc.
689 2777 757 2832 Et
788 2781 855 2832 de
885 2778 1318 2850 Scraphiuorum
1349 2783 1450 2837 alis
1477 2784 1562 2837 ":
1594 2781 1760 2839 Senos

180 2871 316 2937 alas,
343 2888 482 2942 quas
519 2870 752 2942 Eloquia
789 2883 1218 2934 commemorant.
1271 2891 1376 2928 non
1397 2875 1643 2930 existimo
1669 2893 1758 2929 sa-

174 2980 320 3016 erum
358 2980 639 3018 numerum
673 2967 945 3031 denotare,
979 2979 1037 3020 ut
1078 2969 1388 3038 quibusdam
1420 2970 1643 3038 placuit,
1669 2969 1759 3023 sed

175 3054 315 3120 ipsas
375 3055 630 3110 virtutes.
685 3055 950 3124 Denique,
986 3068 1045 3112 ut
1087 3069 1281 3111 caetera
1341 3068 1641 3122 taceamus,
1691 3057 1760 3112 de

2454 1975 2684 2032 CAPUT
2720 1974 2856 2030 Xlll.

1868 2063 2121 2130 Quintum
2147 2075 2540 2136 argumentum,
2585 2085 2649 2121 ex
2699 2070 2876 2121 citatis
2907 2070 2970 2121 ab
3015 2078 3230 2122 auctore
3267 2076 3452 2121 nostro

2321 2139 2696 2192 traditionibus
2738 2141 2980 2207 petitum.

1933 2230 2096 2286 Aliud
2126 2241 2314 2287 contra
2358 2230 2598 2303 Dionysii
2656 2231 2888 2299 Operum
2920 2231 3257 2302 γνησιότητα
3283 2245 3446 2301 argu-

1864 2334 2109 2378 mentum
2170 2324 2516 2394 suppeditant
2564 2322 2907 2383 traditioues,
2937 2338 3076 2391 quas
3121 2322 3210 2376 ille
3238 2322 3306 2375 ab
3349 2336 3446 2375 an-

1866 2417 2017 2484 tiquo
2059 2426 2309 2486 tempore
2336 2418 2402 2470 ad
2443 2432 2596 2470 suam
2635 2425 2851 2470 aetatem
2894 2416 3153 2470 deductas
3207 2428 3330 2469 esse
3365 2422 3452 2467 te-

1863 2509 2152 2562 stiﬁcatur.
2187 2509 2261 2562 De
2299 2505 2761 2578 baptizandorum
2798 2507 2944 2560 enim
2973 2505 3262 2559 infantium
3293 2519 3446 2558 more

1866 2601 1981 2654 haec
2017 2601 2240 2655 tradidit
2271 2613 2468 2655 anetor
2494 2608 2686 2655 noster
2708 2599 2754 2630 “
2781 2616 2796 2653 :
2836 2596 2952 2651 Hac
2984 2598 3049 2651 de
3089 2595 3221 2649 reid
3245 2610 3449 2664 quoque

1861 2694 2102 2755 dicimus,
2134 2695 2297 2770 quod
2327 2694 2610 2760 deiformes
2631 2702 2978 2760 praeceptores
3028 2689 3195 2742 nostri
3217 2688 3282 2740 ab
3304 2687 3448 2740 anti-

1859 2802 1963 2854 qua
1991 2787 2282 2840 traditione
2321 2786 2472 2840 nobis
2525 2785 2992 2852 transcripserunt.
3041 2781 3186 2854 Πρὸς
3209 2781 3307 2852 τῆς
3341 2779 3444 2851 ἁρ-

1859 2877 2020 2947 χαιας
2053 2875 2312 2947 μαθόντες
2345 2875 2715 2947 παραδόσεως.
2746 2875 2815 2928 At
2841 2875 2894 2928 id
2923 2882 3079 2928 certe
3110 2888 3140 2926 a
3181 2871 3439 2942 Dionysio

1859 2967 2186 3036 AreOpagita
2214 2967 2320 3022 dici
2347 2983 2692 3037 nequaquam
2725 2965 2925 3035 potuit.

1929 3059 2222 3115 Enimvero
2249 3060 2501 3130 quamvis
2536 3074 2656 3114 mos
2708 3059 2798 3113 ille
2829 3058 2898 3112 ab
2925 3056 3190 3126 apostolis
3231 3054 3446 3110 derive-

175 3145 446 3202 electione
475 3147 654 3202 sancti
704 3146 942 3202 Matthiae
994 3150 1110 3205 haec
1168 3151 1334 3205 habet
1368 3172 1379 3206 :
1418 3148 1550 3204 Cum
1579 3161 1757 3204 autem
1791 3171 1839 3234 ο
1869 3160 1982 3216 tur,
2015 3152 2278 3222 Dionysio
2306 3160 2483 3206 tamen
2536 3149 2878 3221 Areopagitae
2905 3151 2974 3203 ab
3023 3147 3242 3216 antiqua
3278 3146 3444 3201 tradi-

173 3234 234 3288 ,ιε
253 3237 439 3291 divina
466 3238 564 3292 illa
588 3249 727 3293 sorte
748 3255 865 3309 qua:
889 3241 1140 3295 divinitus
1171 3257 1327 3308 super
1356 3240 1637 3295 Matt/tiam
1667 3257 1753 3294 ce-

173 3331 320 3398 cidit,
350 3332 452 3385 alii
476 3331 541 3385 ab
570 3331 690 3386 aliis
719 3348 833 3386 meo
880 3333 1087 3402 quidem
1112 3332 1322 3400 judicio
1365 3348 1468 3385 non
1492 3342 1628 3385 recte
1651 3332 1740 3385 di—

174 3440 319 3477 versa
344 3426 630 3486 senserint,
665 3442 834 3479 meam
887 3426 996 3494 ipse
1023 3426 1334 3479 sententiam
1382 3441 1655 3485 exponant.
1686 3426 1756 3482 At

173 3530 298 3569 vero
322 3516 453 3587 quis
481 3517 707 3570 inducat
737 3517 840 3573 sibi
883 3518 934 3572 in
967 3518 1207 3572 animum
1253 3518 1572 3586 apostolicns
1620 3526 1756 3571 tem-

174 3609 400 3675 poribus
457 3609 802 3665 Christianos
859 3610 1115 3679 virosque
1170 3609 1503 3678 apostolicos
1559 3611 1610 3662 in
1645 3621 1752 3664 tam

174 3703 355 3757 varias
402 3702 558 3756 hisce
605 3704 671 3757 de
705 3701 867 3758 rebus
920 3704 1126 3758 abiisse
1179 3701 1663 3773 opiniones?Quis
1690 3703 1758 3756 de

172 3809 250 3857 eo,
279 3809 397 3864 quo
429 3793 686 3850 Matthias
715 3797 768 3850 in
807 3796 1101 3866 proditoris
1149 3793 1301 3850 ludar.
1333 3797 1508 3849 locum
1539 3810 1754 3849 assum-

173 3896 289 3952 ptus
317 3899 412 3943 est
446 3890 630 3956 modo,
661 3889 948 3956 divinaque
979 3888 1094 3956 ejus
1148 3898 1298 3942 sorte
1353 3897 1408 3941 et
1463 3887 1755 3953 electione,

174 3991 381 4035 tantum
455 3981 604 4034 inter
665 3995 762 4035 cos
827 3979 1156 4046 dissidium,
1232 3990 1545 4048 tantamque
1590 3981 1758 4037 fuisse

174 4071 508 4125 discordiam
542 4071 884 4127 crediderit?
913 4069 1164 4139 Nunquid
1197 4071 1562 4140 apostolorum
1593 4072 1759 4128 disci-

175 4162 273 4230 puli
314 4165 391 4216 ab
437 4162 575 4232 ipsis
607 4178 714 4217 non
770 4163 1076 4216 didicerant
1129 4163 1405 4232 quomodo
1460 4178 1523 4216 ea
1562 4164 1758 4219 eleczio

177 4255 307 4310 facta
334 4257 545 4310 fuerit?
595 4255 704 4310 Fac
743 4263 924 4309 autem
970 4254 1036 4309 de
1067 4269 1129 4308 ea
1162 4255 1297 4309 nihil
1324 4256 1391 4308 ab
1420 4256 1499 4310 eis
1532 4272 1758 4327 accepe-

177 4345 298 4414 rint,
331 4358 490 4402 eerte
542 4347 577 4400 ii
635 4349 704 4402 ab
749 4347 872 4402 aliis
898 4346 1266 4415 apostolorum
1295 4348 1480 4413 sociis,
1518 4360 1612 4404 aut
1635 4366 1758 4404 suc-

176 4441 502 4506 cessoribus,
558 4442 652 4512 qui
688 4443 867 4497 adhuc
916 4442 970 4496 iu
1016 4441 1154 4496 vivis
1178 4451 1371 4510 erant,
1412 4453 1626 4512 poterat
1661 4458 1756 4498 eo-

1863 3247 2008 3301 tione
2031 3260 2140 3300 non
2170 3244 2526 3299 transmissus
2554 3250 2658 3298 est.
2709 3243 2856 3308 Quos
2890 3241 3036 3296 enim
3061 3240 3151 3294 ille
3180 3239 3264 3294 vir
3291 3255 3441 3294 sum.

1861 3353 2003 3405 mus,
2035 3353 2062 3392 a
2098 3336 2266 3391 Paulo
2289 3336 2414 3391 ﬁdei
2440 3336 2771 3391 Christiana:
2801 3334 3154 3404 dogmatibus
3178 3333 3439 3396 imbutus,

1858 3440 2232 3501 praeceptores
2285 3428 2496 3482 habere
2555 3428 2754 3496 potuit,
2813 3426 2903 3497 qui
2968 3425 3044 3479 illi
3104 3424 3438 3480 moremrvba-

1859 3523 2097 3592 ptizandi
2155 3520 2392 3576 infantes
2444 3521 2512 3575 ab
2575 3520 2798 3589 antiqua
2848 3517 3140 3572 traditione
3190 3515 3442 3586 praascri-

1860 3614 2107 3684 pseriut?
2515 3613 2518 3616 ’

1928 3707 2114 3778 Neque
2166 3708 2372 3764 dixeris
2426 3722 2616 3762 vocem
2646 3707 2885 3779 ἀρχαίας
2908 3722 3013 3762 non
3043 3721 3142 3776 pro
3180 3705 3432 3774 antiqua,

1859 3804 1952 3857 sed
1983 3804 2158 3866 prima
2207 3801 2500 3856 traditione
2531 3801 2887 3870 signiﬁcanda
2917 3807 3255 3867 usurpatam.
3283 3795 3440 3850 Nullo

1864 3896 2065 3965 quippe
2137 3909 2376 3962 unquam
2428 3893 2678 3963 exemplo
2728 3908 2916 3948 vocem
2982 3891 3220 3964 ἀρχαίας
3269 3890 3334 3944 ad
3387 3889 3442 3942 id

1859 3987 2030 4059 quod,
2066 3987 2390 4054 interposito
2420 3985 2659 4047 nemine,
2693 3983 2760 4037 ab
2802 3985 2988 4052 aliquo
3012 3992 3296 4051 acceptum
3327 3991 3436 4044 est,

1859 4078 2276 4148 signiﬁcandum
2309 4077 2463 4130 nllibi
2494 4075 2636 4144 apud
2686 4074 2907 4129 Graecos
2951 4073 3250 4141 scriptores
3280 4071 3439 4125 adhi-

1861 4171 2026 4224 bitam
2089 4169 2258 4223 fuisse
2325 4166 2668 4237 probabitur.
2729 4165 2863 4232 Quis
2919 4179 3052 4234 ergo
3118 4163 3435 4234 Dionysium

1858 4261 2242 4329 Areopagitam
2279 4258 2381 4312 hac
2410 4272 2544 4312 voce
2586 4265 2778 4312 contra
2827 4265 3102 4326 receptam
3157 4256 3226 4308 ab
3255 4254 3434 4317 omni-

1859 4352 1960 4406 bus
1991 4351 2138 4405 illius
2165 4349 2626 4420 signiﬁcationem
2654 4363 2812 4402 usum
2853 4362 2996 4415 esse,
3049 4347 3194 4401 nulla
3227 4347 3442 4400 ratione

1859 4445 2018 4497 allata
2047 4445 2169 4497 aliis
2210 4443 2373 4498 facile
2399 4439 2792 4512 persuadebit?

177 4547 283 4587 rum
319 4535 710 4604 unusquisque
760 4533 828 4589 de
871 4548 934 4588 ea
990 4533 1258 4590 electione
1295 4536 1369 4590 ita
1403 4537 1607 4591 certior
1639 4539 1754 4592 ﬁeri
1789 4537 1831 4590 D
1932 4535 2040 4588 Sed
2071 4549 2190 4604 age,
2219 4544 2275 4587 et
2307 4534 2596 4587 videamus
2621 4541 2803 4584 utrum
2836 4544 2898 4582 ea
2930 4530 3142 4584 veriora
3174 4529 3286 4583 sint
3311 4541 3437 4595 quae

176 4635 228 4678 ut
289 4627 475 4683 nullus

176 4717 331 4773 locus.

235 4811 609 4880 Areopagitici
644 4825 675 4864 e
703 4812 984 4867 contrario
1031 4811 1274 4865 clamant
1325 4813 1393 4866 ab
1422 4813 1539 4882 ipso
1571 4813 1754 4867 Eccle-

178 4903 259 4958 sia:
291 4887 579 4958 nasccntis
600 4904 850 4968 exordio,
880 4903 1160 4957 diabolicis
1185 4903 1394 4956 artibus
1421 4902 1586 4956 fuisse
1613 4904 1754 4956 inter

173 4991 534 5061 Christianos,
570 5004 628 5047 ut
655 5003 889 5048 testatur
935 4993 1158 5060 Paulus,
1206 4994 1444 5047 haereses
1490 5001 1542 5047 et
1600 4991 1753 5046 schi-

178 5085 656 5148 smata,scissuras
713 5096 770 5139 et
824 5085 1212 5139 dissensiones.
1263 5084 1407 5138 Nihil
1455 5099 1605 5153 ergo,
1654 5084 1749 5136 in-

172 5175 378 5245 quiunt,
447 5177 646 5230 mirum
703 5185 785 5230 est
821 5176 865 5231 si
899 5175 1136 5246 Dionysii
1197 5187 1442 5244 tempore
1496 5177 1563 5228 de
1594 5185 1746 5228 sorte

175 5280 282 5332 qua:
308 5267 511 5322 cecidit
533 5282 699 5336 super
722 5266 1029 5329 Matthiam,
1047 5268 1116 5321 sit
1142 5268 1494 5334 disputatum.
1524 5265 1598 5319 De
1620 5264 1745 5318 llie-

177 5359 343 5413 rothei
377 5373 512 5412 vero
549 5359 898 5426 aliorumque
958 5359 1111 5412 libris
1180 5357 1472 5426 deperditis
1502 5355 1632 5410 nihil
1661 5367 1746 5409 est

175 5453 306 5519 quod
339 5452 512 5523 magis
530 5453 771 5514 mireris,
799 5451 1240 5520 quandoquidem
1269 5449 1496 5517 plurima
1528 5458 1743 5517 aposto-

177 5543 335 5601 lorum
364 5549 719 5615 virorumque
768 5547 1194 5615 apostolicorum
1228 5544 1429 5611 scripta
1465 5543 1535 5595 ita
1562 5542 1741 5610 perie-

575 4636 721 4682 esset
809 4627 1169 4682 dissensionis
1258 4628 1754 4699 disptttatiouisque

244 5746 283 5776 "
315 5746 390 5802 De
413 5749 607 5802 catlest.
632 5746 915 5809 hieran/1.,
949 5761 1069 5811 cap.
1097 5745 1183 5799 i5.
1260 5746 1304 5775 ³²
1340 5743 1417 5796 De
1444 5742 1726 5796 ecciesiast.
1762 5740 2052 5811 ltierarclt.,
2085 5756 2208 5808 cap.
2239 5742 2322 5794 l5.

1017 5810 1061 5847 π
1091 5815 1478 5870 υειὴἱεηινεὴ.
1528 5811 1743 5877 eccles.,
1791 5827 1908 5880 cap.
1949 5811 1996 5874 ί,
2036 5810 2063 5879 δ
2097 5812 2149 5865 ‘-

185 5816 452 5884 liierarrlt.,
508 5835 627 5887 cap.
667 5816 780 5888 7,§
830 5819 915 5870 il.

1857 4635 2051 4681 auctor
2098 4635 2284 4680 noster
2335 4626 2401 4679 de
2460 4624 2581 4678 aliis
2635 4622 2985 4692 dogmatibus
3031 4621 3132 4676 sibi
3187 4620 3431 4682 traditis,

1859 4720 2002 4775 haud
2032 4719 2346 4773 dubitanter
2373 4715 2608 4768 aﬁirmat
2648 4714 2693 4745 ⁸⁵
2725 4734 2738 4766 :
2799 4713 3034 4768 Maxime
3069 4730 3208 4774 vero.
3241 4713 3314 4765 ita
3342 4713 3430 4766 ille

1856 4808 2120 4878 loquitur,
2149 4809 2249 4859 ista
2281 4806 2498 4859 oracula
2530 4805 2754 4857 dicimus
2787 4821 2904 4873 qua:
2953 4821 2984 4856 a
3029 4804 3194 4856 sacris
3238 4805 3430 4855 nostris

1856 4898 2242 4960 initiatoribus,
2286 4897 2463 4948 divino
2503 4895 2704 4963 Spiritu
2768 4896 2982 4964 uﬁlatis,
3034 4896 3086 4946 in
3131 4891 3428 4960 Scripturis

1855 4991 2026 5045 sacris
2076 4989 2323 5058 librisque
2370 4989 2678 5058 theologicis
2726 4991 2922 5041 tradita
2967 4987 3116 5039 nobis
3155 4997 3300 5052 sunt,
3351 4987 3428 5038 uti

1853 5091 1902 5135 et
1939 5081 2032 5133 illa
2079 5096 2195 5149 quae
2227 5080 2290 5133 ab
2329 5079 2514 5134 iisdem
2555 5080 2684 5132 viris
2728 5080 2922 5132 sanctis
2967 5077 3266 5140 subtiliori,
3326 5093 3425 5130 nou

1853 5173 2064 5225 omnino
2097 5172 2282 5226 dissita
2344 5171 2408 5225 ab
2457 5173 2640 5224 ordine
2687 5171 2920 5234 cmlesti,
2972 5169 3328 5221 insinuatione
3365 5170 3426 5220 de

1850 5274 2023 5316 mente
2043 5264 2098 5315 in
2125 5275 2372 5328 mentem,
2405 5264 2670 5316 mediante
2720 5263 2868 5315 verba
2928 5275 3178 5328 corporeo
3218 5259 3421 5328 quidem

1851 5353 1968 5417 illo,
1999 5352 2156 5407 simul
2182 5363 2356 5407 tamen
2389 5355 2762 5418 immateriato,
2799 5353 2914 5405 sine
2961 5353 3246 5419 scriptione
3268 5349 3424 5402 insti-

1850 5455 2046 5500 tutores
2076 5447 2239 5498 nostri
2259 5462 2414 5499 sacra
2443 5447 2674 5516 quadam
2697 5445 3029 5498 traductione
3055 5452 3178 5497 sunt
3206 5442 3378 5496 edocti
3400 5454 3421 5494 :

1849 5540 2064 5610 γραφῆς
2088 5538 2242 5601 ἐκτὸς
2267 5539 2316 5590 οἱ
2348 5537 2720 5608 καθηγεμόνες
2762 5536 2917 5606 ἡμῶν
2962 5536 3303 5606 ἐμυήθησανρ
3341 5530 3419 5587 lbi

2334 5738 2343 5748 '
2399 5741 2443 5770 ³³
2467 5739 2606 5796 Ibid.
2642 5753 2763 5808 cap.
2789 5737 2842 5793 4.
2922 5737 2964 5769 ’³
2985 5736 3103 5791 Lib.
3134 5737 3209 5791 De
3228 5735 3415 5792 εει-[ει.
