3708 6302
347 298 417 353 55
1480 286 1537 344 S.
1580 286 1953 347 DIONYSIUS
1992 288 2451 347 AREOPAGITA.
3522 290 3598 346 36

345 413 506 483 plane
535 419 592 466 et
614 407 851 465 dilucide
882 420 989 462 non
1020 414 1279 474 scriptam
1319 414 1714 461 commemorat
1742 403 1912 456 tradi-
1944 407 1992 463 Α
2018 403 2085 456 ad
2138 413 2250 456 tres
2304 404 2498 457 divinae
2540 402 2827 457 Trinitatis
2880 416 3141 472 personas
3197 394 3600 471 significaudas

351 507 573 570 tionem,
627 518 787 571 quam
817 501 885 555 de
912 511 1095 554 meme
1139 500 1195 554 in
1228 509 1461 554 mentem
1498 502 1565 553 ad
1606 514 1669 553 se
1725 499 1915 554 tradu-

346 604 489 649 ctam
518 609 640 650 esse
692 593 911 648 asserit.
968 590 1198 657 Verum,
1240 593 1434 644 amabo
1464 606 1581 655 vos,
1630 601 1917 661 poteratne

348 686 635 753 Dionysius
664 683 1014 754 Areopagita,
1041 682 1195 736 Pauli
1227 680 1549 750 discipulus,
1570 682 1752 737 verbis
1780 681 1917 737 adeo

346 779 625 849 expressis
664 775 935 831 allirmare
958 790 1017 829 se
1043 775 1385 829 institutores
1408 790 1473 828 ac
1505 775 1793 845 magistros
1816 775 1917 828 ha-

347 870 530 925 buisse
550 870 641 938 qui
670 868 992 923 hierarebiae
1015 866 1403 922 ecclesiasticae
1428 866 1677 922 ordinem
1700 868 1767 923 ab
1796 867 1919 923 aliis

343 962 468 1016 sine
498 960 796 1028 scriptione
843 957 1180 1013 didicerint?

428 1051 615 1119 Neque
646 1066 798 1113 vero,
822 1050 967 1119 quod
997 1049 1191 1102 mirum
1252 1056 1356 1113 est,
1398 1047 1467 1101 ibi
1517 1046 1913 1111 tantummodo,

346 1146 441 1199 sed
459 1144 585 1198 alibi
610 1158 716 1197 non
752 1141 919 1197 semel
945 1142 1134 1196 eodem
1170 1141 1478 1195 traditionis
1500 1150 1820 1209 argumento
1850 1140 1917 1194 ad

349 1248 416 1288 ea
440 1249 557 1302 qua:
576 1234 791 1287 dixerat
813 1232 1187 1286 conﬁrmanda
1206 1240 1398 1300 sponte
1433 1245 1529 1284 sua
1568 1231 1756 1285 utitur.
1780 1229 1916 1285 Nam

347 1324 441 1378 ubi
477 1323 544 1377 de
576 1324 923 1377 sanctissimo
959 1322 1244 1376 Trinitatis
1277 1322 1535 1391 mysterio
1581 1336 1688 1375 non
1741 1322 1915 1375 minus

348 1414 633 1469 enucleate
674 1422 733 1466 et
766 1414 1054 1482 perspicue
1084 1427 1149 1467 ac
1173 1412 1266 1466 alii
1297 1418 1422 1480 post
1452 1412 1723 1466 Niczenam
1752 1424 1918 1481 syno-

350 1503 476 1554 dum
509 1499 724 1567 Patres,
754 1502 1089 1570 disputat",
1122 1500 1273 1562 Haec,
1309 1501 1507 1569 inquit,
1540 1502 1748 1570 aliaque
1776 1516 1918 1571 quo:-

346 1592 469 1646 libet
504 1593 719 1660 deiﬁcat
753 1594 980 1659 lumina,
1016 1610 1132 1663 qua:
1173 1590 1469 1661 Scripturis
1525 1609 1752 1646 consona
1796 1608 1917 1645 san-

345 1689 416 1740 cti
460 1687 629 1739 nostri
665 1696 1009 1754 prwceptores
1048 1701 1251 1738 arcana
1305 1684 1455 1737 nobis
1485 1685 1916 1749 interpretatione

348 1780 704 1833 tradiderunt.
757 1793 952 1845 nosque
1021 1777 1293 1830 hausimus
1350 1793 1367 1830 :
1421 1774 1613 1831 Graece
1680 1777 1915 1845 legitur,

346 1877 554 1943 κρυφὶα
574 1869 887 1940 παράδοσις,
910 1881 1110 1924 secreta
1142 1871 1384 1923 traditio.
1409 1870 1474 1924 Et
1495 1869 1654 1939 paulo
1682 1870 1823 1923 infra
1848 1872 1915 1938 "',

351 1964 680 2035 Theologicte
714 1974 906 2017 nostra:
950 1962 1250 2017 traditionis
1278 1972 1590 2016 auctores...
1618 1964 1917 2031 assignant-

345 2072 446 2126 que
470 2055 759 2125 Scripturis
776 2055 943 2109 sacris
969 2054 1260 2108 insistendo
1293 2054 1549 2108 nonnulla
1577 2055 1732 2107 dicta:
1762 2054 1915 2107 unio-

350 2146 404 2199 ni
445 2162 683 2213 proprta,
708 2145 1046 2215 vicissimque
1080 2144 1435 2198 distinctioni.
1467 2143 1530 2197 lli
1571 2158 1699 2214 ergo
1730 2152 1919 2198 aucto-

349 2251 460 2303 res,
490 2237 595 2305 vel,
637 2246 694 2291 ut
735 2236 923 2294 Gratce
972 2236 1254 2303 scribitur,
1285 2234 1635 2303 θεολογικῆς
1658 2235 1919 2304 παραδό-

347 2348 503 2397 σεως
555 2332 937 2400 ἱερομύσται,
994 2330 1179 2384 divina
1228 2328 1532 2392 attributa,
1576 2331 1753 2397 inquit
1804 2329 1919 2398 ille,

349 2431 747 2489 cnodavcrunt,
806 2423 1095 2493 Scripturis
1139 2424 1309 2477 sacris
1357 2423 1672 2490 insistendo,
1723 2424 1830 2489 vel,
1860 2434 1920 2479 ut

352 2518 505 2585 prius
533 2518 767 2580 dixerat,
803 2515 1089 2583 Scripturis
1121 2532 1356 2570 consona
1391 2517 1674 2569 tradendo.
1702 2515 1918 2571 Illorum

349 2623 483 2679 ergo
518 2608 588 2662 ibi
636 2608 843 2678 profert
890 2607 1224 2671 testimonia,
1252 2606 1347 2676 qui
1394 2616 1518 2676 post
1567 2606 1741 2665 editos
1783 2606 1921 2663 Novi

353 2699 596 2755 Fiederis
624 2701 811 2764 libros,
844 2714 908 2753 ac
952 2700 1005 2754 in
1033 2698 1225 2768 primis
1254 2698 1634 2769 Apocalypsim
1664 2710 1718 2754 et
1742 2698 1919 2754 Evan-

350 2791 550 2862 gelium
578 2790 833 2855 Joannis,
866 2806 985 2859 quae
1015 2789 1213 2845 ibidem
1267 2790 1335 2845 ab
1363 2804 1428 2845 eo
1456 2790 1768 2858 laudantur,
1795 2790 1919 2846 inde

352 2884 700 2937 auctoritates
734 2883 800 2935 ad
834 2881 1254 2950 theologicorum
1301 2882 1369 2936 de
1418 2882 1605 2935 divina
1652 2882 1920 2938 Trinitate

352 2975 666 3044 dogmatum
698 2974 1095 3043 expositionem
1130 2971 1449 3027 all'erebant.
1473 2973 1573 3039 Qui
1604 2989 1734 3045 ergo
1757 2983 1917 3029 erant

2020 495 2217 564 saepius
2255 495 2700 562 usurpat'°.Ka‘t
2728 495 2855 565 μὴν,
2905 494 3079 562 inquit
3139 493 3248 559 ille,
3299 492 3378 546 ὅτι
3422 495 3600 565 μονάς

2019 587 2133 638 ἐστι
2167 586 2260 638 καὶ
2296 584 2422 647 sva;
2464 584 2914 656 τρισυπόστατος.
2958 584 3023 639 Ει
3053 583 3177 638 alibi
3198 585 3242 614 "
3268 602 3280 637 :
3302 584 3377 647 ὡς
3398 586 3601 656 τριάδα.

2018 678 2074 732 δὲ
2101 679 2189 732 διὰ
2228 678 2327 749 τὴν
2366 678 2809 749 τρισυπόστατον.
2844 677 2944 733 Ubi
2971 692 3101 733 vero
3133 680 3199 733 de
3234 694 3595 748 personarum

2020 772 2327 825 divinarum
2368 771 2880 826 circuminsessione
2908 772 3149 841 loquitur
3168 772 3213 803 ³⁸
3241 790 3256 826 :
3287 770 3396 825 τῶν
3425 772 3585 844 ἐναρ-

2018 858 2189 928 χικῶν
2214 859 2582 922 ὑποστάσεων,
2613 862 2802 929 inquit.
2827 861 2987 931 Atqui
3017 862 3197 918 nullus
3210 875 3336 918 ante
3357 863 3596 918 Alexan-

2024 953 2234 1005 drinam
2285 952 2576 1021 synodum,
2611 969 2754 1007 anno
2798 953 2902 1009 562
2932 964 3199 1021 coactam,
3243 971 3305 1011 ea
3350 972 3509 1023 voce,
3546 960 3593 1012 si

2021 1042 2234 1099 Socrati
2269 1045 2403 1099 fides
2434 1046 2804 1112 habeatur’”.
2841 1050 2906 1103 ad
2938 1050 2990 1103 id
3012 1051 3429 1120 signiﬁcandum
3460 1068 3599 1107 usus

2018 1145 2103 1189 est
2138 1154 2151 1189 :
2188 1134 2447 1191 Cteterum
2479 1140 2729 1209 episcopi,
2762 1140 3010 1196 Socratis
3036 1143 3201 1198 verba
3234 1153 3381 1207 sunt,
3422 1146 3508 1214 qui
3536 1145 3597 1197 in

2018 1226 2381 1281 Alexandrino
2425 1230 2651 1282 concilio
2695 1232 2936 1294 aderant,
2968 1235 3102 1285 hanc
3143 1242 3402 1299 pra’terea
3446 1251 3599 1303 qua.»
3640 1234 3643 1239 ’

2018 1317 2239 1371 stionem
2287 1318 2567 1387 diligenter
2593 1322 2985 1386 examinarunt,
3009 1324 3073 1375 de
3112 1322 3411 1376 substantia
3444 1326 3597 1378 scili-

2020 1418 2097 1462 cet
2129 1420 2176 1463 et
2202 1409 2543 1479 hypostasi...
2574 1408 2715 1475 Quid
2754 1420 2932 1465 autem
2969 1428 3063 1467 nos
3117 1414 3182 1467 de
3209 1416 3507 1467 substantia
3540 1427 3593 1468 et

2020 1498 2297 1568 hypostasi
2351 1500 2714 1567 didicerimus,
2775 1503 2911 1556 nihil
2962 1514 3095 1557 vetat
3143 1506 3429 1573 quominus
3481 1507 3597 1559 ha’c

2022 1593 2239 1647 breviter
2278 1608 2619 1663 exponamus.
2652 1594 2755 1660 Qui
2786 1593 3025 1650 Graecam
3054 1598 3193 1651 inter
3228 1595 3441 1652 Crtecos
3471 1599 3598 1666 phi-t

2022 1684 2315 1753 losophiam
2347 1688 2705 1753 tradiderunt,
2729 1690 3081 1743 substantiam
3110 1691 3319 1759 quidem
3344 1690 3594 1757 plurimis

2020 1780 2189 1832 modis
2222 1778 2564 1847 tle/inierunt,
2596 1780 2935 1849 [typostaseos
2976 1798 3097 1835 vero
3129 1781 3332 1835 nullam
3367 1799 3594 1851 prorsus

2019 1872 2334 1924 mentionem
2365 1872 2554 1940 fecere.
2581 1883 2685 1927 etc.
2740 1871 3103 1945 Hieronymus
3140 1889 3269 1928 vero
3301 1878 3368 1929 de
3398 1876 3592 1930 eadem

2020 1974 2177 2025 voce,
2210 1970 2392 2015 utrum
2431 1963 2744 2031 usurpanda
2782 1961 2946 2029 foret,
2985 1964 3314 2018 sententiam
3369 1964 3594 2021 Damasi

2019 2067 2171 2122 papa:
2223 2053 2555 2117 sciscitatus,
2602 2054 2682 2107 ait
2707 2054 2747 2084 ³¹
2782 2071 2796 2107 :
2832 2053 2963 2109 Tota
2992 2056 3333 2110 swcularium
3381 2056 3596 2110 littera-

2020 2162 2139 2199 rum
2167 2146 2346 2200 schola
2377 2146 2509 2199 nihil
2565 2146 2716 2200 aliud
2766 2147 3116 2217 hypostasim,
3150 2150 3253 2201 nisi
3286 2151 3459 2203 asiam
3493 2164 3594 2201 no—

2021 2238 2165 2292 vit...
2202 2237 2501 2292 Taceantur
2553 2247 2657 2290 tres
2712 2238 3041 2307 hypostases,
3074 2240 3121 2291 si
3155 2238 3349 2306 placet,
3385 2247 3436 2291 et
3486 2256 3596 2291 una

2022 2338 2279 2383 teneatur.
2306 2328 2555 2383 Nondum
2586 2344 2717 2398 ergo
2772 2328 3088 2401 Hieronymi
3121 2340 3364 2397 tempore
3391 2346 3455 2385 ea
3490 2347 3592 2384 vox

2022 2427 2240 2485 recepto
2277 2420 2417 2487 apud
2469 2434 2659 2474 omnes
2714 2418 2767 2473 in
2820 2433 2917 2471 usu
2960 2418 3098 2483 erat,
3152 2434 3250 2473 nec
3282 2418 3597 2474 inconsulto

2022 2523 2238 2563 summo
2284 2510 2561 2579 pontiﬁce,
2600 2527 2663 2567 ea
2712 2521 2933 2567 sanctus
2985 2513 3176 2567 doctor
3220 2514 3295 2566 uti
3338 2527 3397 2567 se
3432 2527 3597 2582 posse

2018 2601 2408 2661 arbitrabatur.

2095 2693 2204 2749 Sed
2240 2695 2528 2766 insurgunt
2580 2698 2966 2770 AreOpagitici,
3014 2701 3335 2772 magnisque
3388 2701 3592 2755 animis

2022 2788 2456 2845 adversariorum
2509 2790 2614 2843 tela
2672 2792 3050 2857 retundentes,
3088 2806 3298 2849 certum
3342 2809 3464 2849 esse
3515 2795 3600 2847 di-

2020 2891 2152 2936 cunt
2179 2882 2563 2937 Antenicaanos
2620 2882 2811 2937 Patres
2873 2883 2926 2937 in
2983 2886 3310 2952 asserenda,
3363 2901 3485 2953 qua:
3530 2888 3599 2941 de

2024 2972 2388 3029 sanctissimae
2417 2973 2703 3029 Trinitatis
2741 2977 3003 3048 mysterio
3053 2978 3120 3031 ab
3140 2980 3458 3033 orthodoxis
3484 2991 3597 3035 tra-

351 3066 387 3120 ii
424 3066 666 3137 Dionysii
698 3066 1040 3135 Areopagitae
1071 3065 1481 3135 praeceptores?
1512 3064 1761 3135 Nunquid
1794 3065 1919 3121 Hie-
1946 3080 1989 3139 c
2026 3065 2196 3130 ditur,
2226 3067 2473 3121 doctrina
2507 3078 2614 3121 tam
2669 3078 2983 3124 constantes
3014 3068 3205 3135 luisse,
3254 3080 3308 3125 ut
3354 3087 3419 3125 eo
3454 3085 3596 3128 tem-

352 3156 610 3213 rotheus?
638 3156 746 3210 Sed
777 3156 823 3210 is
853 3156 921 3210 ab
972 3156 1063 3210 illo
1103 3169 1322 3223 semper
1376 3156 1735 3219 nominatim,
1778 3174 1916 3227 pm-

348 3260 526 3317 ceptor
552 3260 728 3304 noster
754 3249 1077 3319 appellatur.
1114 3247 1171 3303 Si
1214 3262 1345 3318 ergo
1380 3248 1529 3302 illum
1563 3249 1646 3304 his
1688 3250 1741 3303 in
1780 3249 1919 3305 locis

351 3344 564 3407 laudat,
588 3351 644 3396 et
673 3341 808 3396 alios
855 3341 1044 3411 procul
1099 3341 1265 3397 dubio
1318 3341 1494 3396 eidem
1546 3338 1815 3410 adjungit.
1849 3341 1920 3395 At

350 3446 515 3502 porro
544 3433 852 3501 quicunque
885 3432 1103 3485 tandem
1148 3429 1356 3484 fuerint
1380 3432 1722 3499 Areopagitae
1749 3432 1922 3500 magi-

352 3535 475 3591 stri,
510 3541 605 3581 eos
657 3535 806 3579 certe
867 3536 1071 3579 tantum
1132 3526 1265 3579 citat
1307 3526 1397 3593 qui
1440 3535 1559 3595 post
1615 3516 1921 3594 publicatos

351 3617 708 3690 Apocalypsis
760 3626 815 3671 et
866 3616 1143 3685 Evangelii
1192 3616 1422 3672 Joannis
1478 3617 1648 3672 libros
1681 3617 1754 3671 ita
1786 3618 1921 3673 scri-

351 3721 578 3778 pserunt
605 3719 663 3763 ut
692 3724 787 3764 eos
820 3708 872 3762 in
921 3710 1164 3763 omnium
1218 3724 1411 3763 manus
1458 3718 1513 3762 et
1551 3711 1916 3779 cognitionem

300 3828 311 3839 ο
354 3789 824 3863 νειιίδεέοιιιιιίιιο
865 3815 1191 3870 persuasum
1223 3800 1510 3855 haberent.
1547 3800 1759 3856 Rursus
1789 3815 1920 3857 vero

352 3904 550 3947 auctor
575 3903 759 3948 noster
793 3893 883 3946 illa
918 3902 1314 3962 prteceptorum
1339 3906 1565 3946 suorum
1588 3890 1785 3961 Opera,
1812 3908 1918 3947 non

356 3999 415 4041 ut
446 4002 637 4041 recens
668 3987 839 4052 edita,
888 3987 981 4040 sed
1039 3983 1291 4041 omnibus
1334 3982 1656 4052 plerumque
1702 3986 1919 4055 cognita

351 4077 616 4133 laudavit.
653 4078 808 4134 Unde
839 4077 1021 4145 quivis
1051 4075 1213 4131 facile
1244 4074 1517 4143 intelligat
1552 4089 1743 4128 omnes
1784 4077 1923 4129 scri-

355 4171 530 4239 ptoris
563 4170 740 4224 nostri
769 4168 1180 4223 lucubrationes
1210 4174 1263 4220 et
1291 4166 1466 4221 serius
1499 4181 1659 4235 quam
1685 4167 1924 4221 creditur

336 4252 644 4331 ‘prodiisse,
676 4274 775 4314 nec
798 4260 1113 4330 Dionysium
1140 4258 1522 4328 Areopagitam
1554 4260 1796 4326 potuisse
1830 4274 1922 4313 eo-

355 4370 472 4407 l'lllll
501 4368 620 4408 esse
649 4362 954 4406 auctorem.

928 4464 1155 4521 CAPUT
1198 4464 1335 4519 XIV.

354 4582 573 4637 Sextum
631 4590 1022 4653 argumentum,
1076 4596 1140 4634 ea:
1188 4580 1272 4653 iis,
1309 4595 1434 4653 quia,
1476 4579 1546 4653 de,
1590 4580 1921 4632 sanctissimo

426 4649 712 4707 Trinitatii
734 4652 982 4722 mysterio
1011 4649 1352 4718 personisque
1381 4650 1574 4703 divinis
1604 4660 1792 4703 auctor
1821 4666 1917 4703 no-

422 4734 530 4779 ster
559 4722 802 4787 tradidit,
831 4722 1181 4788 desumptum.

422 4818 558 4873 lllud
589 4826 770 4871 autem
816 4814 1232 4885 probationibus
1258 4812 1370 4883 jam
1417 4814 1667 4868 adductis
1716 4814 1926 4869 accedi;

354 4910 702 4971 ﬁrmamenti,
718 4908 862 4977 quod
898 4920 1001 4960 non
1022 4906 1195 4960 solum
1218 4904 1563 4971 Hierotheus,
1587 4914 1646 4959 ut
1666 4906 1921 4967 diximus,

355 5004 422 5058 de
445 5001 736 5056 Trinitatis
784 5000 1048 5070 mysterio
1081 4998 1389 5052 clarissime
1416 4998 1671 5058 disserat,
1704 4998 1799 5051 sed
1829 5011 1926 5050 no-

355 5102 467 5149 ster
491 5093 654 5147 etiam
680 5091 968 5163 Dionysius
1000 5101 1384 5160 praeceptorem
1410 5104 1564 5142 suum
1598 5095 1924 5157 pneeuntem

356 5187 434 5243 ita
484 5186 850 5255 subsequatur
887 5192 945 5236 ut
971 5192 1201 5251 uterque
1233 5192 1355 5251 post
1402 5190 1577 5234 ortam
1612 5189 1667 5232 et
1696 5178 1924 5231 damna-

354 5288 467 5337 tam
519 5278 847 5332 Arianorum
905 5276 1153 5330 haeresim
1208 5273 1458 5328 videatur
1517 5272 1813 5337 disputare.
1875 5268 1923 5322 ls

353 5370 502 5429 enim
560 5383 669 5423 non
719 5383 877 5424 secus
913 5383 978 5422 ac
1022 5366 1353 5422 Hierotheus
1398 5377 1590 5417 vocem
1628 5362 1923 5429 hypostasis

423 5558 469 5590 "
498 5557 615 5615 Lib.
669 5555 740 5608 De
769 5556 931 5610 divin.
995 5569 1161 5618 nom,
1206 5566 1325 5618 cap.
1366 5550 1416 5608 1,
1448 5549 1476 5617 ς
1512 5546 1566 5598 4.
1601 5546 1642 5576 ⁸⁷
1684 5542 1850 5605 lbid.,
1881 5556 2004 5610 cap.
2037 5540 2093 5593 2.
2171 5538 2215 5569 ’⁸
2270 5540 2343 5593 De
2372 5538 2563 5615 caelest.
2610 5534 2901 5596 hierarch.,
2948 5547 3069 5601 cap.
3096 5530 3147 5583 5.

428 5646 523 5678 m..
552 5644 673 5678 can.
704 5628 754 5678 l.
840 5626 885 5656 ³⁸
918 5624 1084 5678 lbid..
1117 5637 1237 5678 can.
1271 5623 1325 5674 ‘2.
1405 5618 1471 5647 ³ο·
1505 5616 1627 5671 Lib.
1667 5630 1750 5678 tu,
1791 5612 2017 5677 Histor.,
2068 5624 2190 5678 cap.
2225 5609 2275 5662 7.
2356 5609 2398 5640 ³¹
2435 5609 2602 5678 Epist.
2630 5604 2722 5668 57,
2766 5605 2833 5678 ad
2866 5604 3080 5678 Batnas.

358 5646 523 5691 nom.,
552 5644 673 5698 cap.
704 5628 754 5679 l.
840 5626 885 5698 '_‘
918 5624 1084 5687 lbid.,
1117 5637 1237 5691 cap.
1271 5623 1325 5674 ‘2.

2024 3171 2157 3224 pore
2179 3172 2287 3225 quo
2320 3159 2483 3213 Arius
2511 3160 2760 3213 haeresim
2795 3176 2948 3214 suam
2998 3161 3355 3217 disseminare
3404 3168 3595 3235 coepit.

2024 3245 2114 3301 ille
2144 3262 2282 3301 nova
2333 3247 2705 3319 bactenusque
2748 3251 2988 3304 inaudita
3038 3252 3288 3322 dogmata
3338 3269 3599 3324 spargere

2023 3338 2393 3402 insimulatus,
2458 3341 2527 3395 ab
2567 3341 2819 3396 omnibus
2848 3351 3034 3396 contra
3090 3343 3206 3412 ejus
3258 3344 3595 3414 impietatem

2024 3429 2098 3483 sit
2128 3428 2508 3485 reclamatum.
2542 3430 2683 3485 Nulli
2718 3442 2976 3501 praeterea
3015 3434 3239 3487 dubium
3274 3450 3395 3490 esse
3437 3452 3600 3505 posse

2026 3520 2303 3591 inquiunt,
2334 3525 2466 3592 quin
2494 3525 2723 3593 apostoli
2755 3530 3092 3580 adorandum
3118 3527 3249 3581 illud
3274 3530 3599 3599 mysterium

2025 3613 2379 3677 Christianis,
2408 3615 2710 3683 praesertim
2745 3615 3182 3685 perfectioribus,
3207 3633 3311 3671 non
3340 3619 3597 3684 obscure,

2024 3708 2118 3763 sed
2140 3707 2286 3761 clare
2316 3717 2370 3761 et
2423 3709 2709 3779 perSpicue
2739 3710 3112 3778 exposuerint,
3142 3724 3344 3779 eosque
3392 3714 3445 3766 in
3496 3717 3599 3768 hac

2027 3808 2136 3853 tam
2168 3798 2400 3853 dillicilis
2433 3799 2677 3869 mysterii
2725 3800 2972 3852 doctrina
3015 3800 3276 3855 adversus
3310 3814 3602 3857 nascentes

2026 3889 2263 3944 hzereses
2291 3889 2608 3953 muniendo,
2656 3887 2789 3941 nihil
2826 3889 2956 3957 ipsis
2993 3890 3319 3959 reliquerint
3344 3894 3600 3948 obscuri-

2026 3983 2228 4038 tatibus
2260 3981 2581 4035 involutum.
2617 3980 2753 4046 Quid
2787 3994 2917 4050 ergo
2948 3981 3142 4034 mirum
3188 3983 3233 4035 si
3281 3983 3601 4053 Dionysius,

2028 4073 2183 4128 Pauli
2210 4073 2531 4140 discipulus,
2565 4081 2619 4125 et
2644 4072 2995 4141 phil050phite
3019 4073 3466 4140 callentissimus,
3488 4087 3600 4130 tra—

2027 4166 2192 4219 ditam
2213 4164 2454 4229 ejusdem
2479 4163 2723 4231 mysterii
2750 4162 3081 4231 doctrinam,
3100 4178 3209 4233 pra:
3239 4167 3454 4221 eazteris
3476 4167 3601 4221 aliis

2028 4257 2414 4328 scriptoribus,
2468 4257 2649 4310 verbis
2702 4256 3025 4325 explicuerit
3100 4256 3427 4312 clarioribus
3483 4276 3603 4313 ma-

2028 4326 2217 4417 gisque
2249 4346 2679 4416 philosophicis?
3662 4326 3676 4341 ’

2100 4440 2269 4493 Porro
2298 4450 2475 4493 autem
2501 4441 2755 4508 quamvis
2782 4455 2910 4495 usus
2938 4441 3098 4511 hujus
3127 4442 3275 4496 verbi
3302 4442 3604 4511 hypostasts

2027 4542 2151 4585 aute
2182 4531 2453 4586 Niczenam
2484 4531 2749 4601 synodum
2800 4548 2906 4587 non
2944 4543 3088 4588 esset
3124 4534 3196 4586 ita
3249 4514 3507 4601 frequens
3537 4550 3613 4601 ac,

2027 4625 2396 4694 promiscuus,
2425 4632 2645 4677 constat
2678 4632 2858 4677 tamen
2894 4640 3015 4679 eam
3067 4638 3254 4678 vocem
3288 4626 3356 4679 ab
3401 4624 3603 4694 aliqui~

2026 4719 2131 4772 bus
2164 4724 2479 4784 usurpatam
2513 4714 2699 4769 fuisse.
2756 4714 2971 4769 Etenim
3023 4714 3314 4784 Dionysius
3359 4716 3605 4769 Alexan-

2028 4808 2225 4861 drinus
2254 4822 2376 4861 eam
2417 4807 2590 4875 ipsam
2622 4804 2918 4873 aliquando
2955 4805 3500 4872 adhibuissedegitur
3533 4806 3602 4861 ³¹.

2030 4898 2340 4952 Alexander
2363 4912 2516 4964 vero,
2578 4896 2922 4951 Alexandria:
2973 4897 3281 4967 episcopus,
3316 4898 3382 4951 ad
3436 4899 3604 4953 alium

2030 4986 2435 5050 Alexandrum,
2489 4984 2991 5056 ConstantinOpolis
3043 4988 3404 5056 episcopum,
3464 4994 3612 5046 scri—

2031 5078 2167 5132 bens
2189 5077 2271 5132 ³³;
2314 5076 2621 5148 Propriam,
2676 5078 2870 5147 inquit,
2927 5080 3249 5146 hypostusim
3296 5080 3606 5142 declaravit,

2032 5169 2209 5223 dicens
2234 5209 2246 5221 .
2286 5186 2304 5219 ι
2338 5167 2404 5221 In
2432 5167 2689 5236 principio
2718 5177 2833 5220 erat
2871 5165 3123 5231 Verbum,
3150 5178 3196 5220 et
3240 5165 3467 5221 Verbum
3494 5180 3608 5220 erat

2033 5263 2173 5329 apud
2206 5262 2374 5315 Deum
2410 5261 2505 5325 ³⁵,ι
2532 5270 2639 5315 etc.
2661 5258 2905 5325 Denique
2930 5259 3016 5312 his
3040 5259 3189 5313 Pauli
3222 5260 3402 5313 verbis
3437 5277 3610 5330 χαρα-

2865 5350 2890 5360 η

2031 5356 2172 5427 κτὴρ
2198 5356 2297 5416 τῆς
2339 5352 2686 5413 ὑποστάσεως
2728 5350 2893 5403 αὑτοῦ
2938 5350 3019 5416 ³⁸,
3070 5366 3359 5417 personam
3426 5350 3609 5405 Patris

3247 5530 3292 5560 ”
3324 5527 3400 5583 De
3430 5530 3602 5584 divin.

2356 5609 2398 5640 ³¹
2435 5608 2602 5673 Epist.
2630 5604 2722 5668 57,
2766 5605 2833 5656 ad
2866 5599 3080 5673 Damas.
3157 5600 3200 5630 "
3239 5600 3293 5653 In
3344 5599 3507 5673 [ἤιξεν.
3535 5604 3603 5653 ad

842 5669 1333 5752 Sa'niégiif’tbiﬁ'.
1386 5687 1403 5740 l
1444 5669 1649 5742 Coucil.
1687 5669 1813 5751 δ’δ’
1846 5669 2172 5738 Theodorei.
2232 5680 2325 5735 lib.
2366 5694 2385 5733 ι
2424 5669 2598 5741 Ilist.,
2654 5689 2773 5744 cap.
2799 5673 2855 5727 4.
2950 5674 2997 5704 ³⁸
3043 5671 3199 5727 Joan.
3234 5686 3272 5725 ι.
3353 5669 3397 5701 ³⁵
3437 5672 3605 5725 Hebr.

356 5785 392 5836 ι,
424 5769 480 5823 5.
