  <div class='ocr_page' id='page_1' title='image "/cluster/home/n/w/nwhite01/storage/ocr_20150623/3/hvd.32044014713192/026.png"; bbox 0 0 3748 6308; ppageno 0'>
   <div class='ocr_carea' id='block_1_1' title="bbox 106 312 3361 405">
    <p class='ocr_par' dir='ltr' id='par_1_1' title="bbox 106 312 3361 405">
     <span class='ocr_line' id='line_1_1' title="bbox 106 312 3361 405; baseline -0.01 -5"><span class='ocrx_word' id='word_1_1' title='bbox 106 348 170 401; x_wconf 78' lang='lat'><strong>57</strong></span> <span class='ocrx_word' id='word_1_2' title='bbox 1426 323 1957 388; x_wconf 76' lang='lat' dir='ltr'><strong>PROLEGOMENA.</strong></span> <span class='ocrx_word' id='word_1_3' title='bbox 3244 402 3245 405; x_wconf 9' lang='grc' dir='ltr'><strong>η</strong></span> <span class='ocrx_word' id='word_1_4' title='bbox 3292 312 3361 369; x_wconf 71' lang='lat'><strong>58</strong></span> 
     </span>
    </p>
   </div>
   <div class='ocr_carea' id='block_1_2' title="bbox 107 431 3362 525">
    <p class='ocr_par' dir='ltr' id='par_1_2' title="bbox 107 431 3362 525">
     <span class='ocr_line' id='line_1_2' title="bbox 107 431 3362 525; baseline -0.008 -14"><span class='ocrx_word' id='word_1_5' title='bbox 107 458 301 513; x_wconf 71' lang='lat' dir='ltr'><strong>:rterni</strong></span> <span class='ocrx_word' id='word_1_6' title='bbox 338 454 684 525; x_wconf 77' lang='lat' dir='ltr'><strong>designatam</strong></span> <span class='ocrx_word' id='word_1_7' title='bbox 718 469 839 509; x_wconf 88' lang='lat' dir='ltr'><strong>esse</strong></span> <span class='ocrx_word' id='word_1_8' title='bbox 882 452 1116 506; x_wconf 79' lang='lat' dir='ltr'><strong>Basilius</strong></span> <span class='ocrx_word' id='word_1_9' title='bbox 1169 451 1241 515; x_wconf 83' lang='grc'><strong>⁸⁸,</strong></span> <span class='ocrx_word' id='word_1_10' title='bbox 1290 458 1345 504; x_wconf 89' lang='lat' dir='ltr'><strong>et</strong></span> <span class='ocrx_word' id='word_1_11' title='bbox 1377 450 1629 501; x_wconf 80' lang='lat' dir='ltr'><strong>laudatus</strong></span> <span class='ocrx_word' id='word_1_12' title='bbox 1658 461 1685 496; x_wconf 87' lang='lat' dir='ltr'><strong>a</strong></span> <span class='ocrx_word' id='word_1_13' title='bbox 1720 450 1763 511; x_wconf 62' lang='grc' dir='ltr'>Α</span> <span class='ocrx_word' id='word_1_14' title='bbox 1868 437 2107 506; x_wconf 87' lang='lat' dir='ltr'><strong>Denique</strong></span> <span class='ocrx_word' id='word_1_15' title='bbox 2144 434 2288 505; x_wconf 91' lang='lat' dir='ltr'><strong>quod</strong></span> <span class='ocrx_word' id='word_1_16' title='bbox 2330 434 2485 488; x_wconf 89' lang='lat' dir='ltr'><strong>aiunt</strong></span> <span class='ocrx_word' id='word_1_17' title='bbox 2523 441 2803 489; x_wconf 91' lang='lat' dir='ltr'><strong>auctorem</strong></span> <span class='ocrx_word' id='word_1_18' title='bbox 2842 440 3090 488; x_wconf 82' lang='lat' dir='ltr'><strong>nostrum</strong></span> <span class='ocrx_word' id='word_1_19' title='bbox 3127 431 3362 503; x_wconf 90' lang='lat' dir='ltr'><strong>primum</strong></span> 
     </span>
    </p>
   </div>
   <div class='ocr_carea' id='block_1_3' title="bbox 107 541 1691 619">
    <p class='ocr_par' dir='ltr' id='par_1_3' title="bbox 107 541 1691 619">
     <span class='ocr_line' id='line_1_3' title="bbox 107 541 1691 619; baseline -0.008 -16"><span class='ocrx_word' id='word_1_20' title='bbox 107 549 525 619; x_wconf 76' lang='lat' dir='ltr'><strong>&#39;l&#39;heophylacto</strong></span> <span class='ocrx_word' id='word_1_21' title='bbox 556 545 855 614; x_wconf 78' lang='lat' dir='ltr'><strong>Gregorius</strong></span> <span class='ocrx_word' id='word_1_22' title='bbox 888 544 1172 616; x_wconf 87' lang='lat' dir='ltr'><strong>Nyssenus</strong></span> <span class='ocrx_word' id='word_1_23' title='bbox 1197 543 1489 597; x_wconf 77' lang='lat' dir='ltr'><strong>allit&#39;mant.</strong></span> <span class='ocrx_word' id='word_1_24' title='bbox 1519 541 1691 593; x_wconf 72' lang='lat' dir='ltr'><strong>Czete-</strong></span> 
     </span>
    </p>
   </div>
   <div class='ocr_carea' id='block_1_4' title="bbox 111 629 1691 708">
    <p class='ocr_par' dir='ltr' id='par_1_4' title="bbox 111 629 1691 708">
     <span class='ocr_line' id='line_1_4' title="bbox 111 629 1691 708; baseline -0.006 -16"><span class='ocrx_word' id='word_1_25' title='bbox 111 657 267 705; x_wconf 80' lang='lat' dir='ltr'><strong>rum,</strong></span> <span class='ocrx_word' id='word_1_26' title='bbox 326 638 579 708; x_wconf 77' lang='lat' dir='ltr'><strong>quamvis</strong></span> <span class='ocrx_word' id='word_1_27' title='bbox 638 636 972 691; x_wconf 88' lang='lat' dir='ltr'><strong>concedatur</strong></span> <span class='ocrx_word' id='word_1_28' title='bbox 1017 634 1220 688; x_wconf 89' lang='lat' dir='ltr'><strong>nullum</strong></span> <span class='ocrx_word' id='word_1_29' title='bbox 1268 643 1394 687; x_wconf 90' lang='lat' dir='ltr'><strong>ante</strong></span> <span class='ocrx_word' id='word_1_30' title='bbox 1451 629 1691 701; x_wconf 82' lang='lat' dir='ltr'><strong>Dionysii</strong></span> 
     </span>
    </p>
   </div>
   <div class='ocr_carea' id='block_1_5' title="bbox 113 723 1692 801">
    <p class='ocr_par' dir='ltr' id='par_1_5' title="bbox 113 723 1692 801">
     <span class='ocr_line' id='line_1_5' title="bbox 113 723 1692 801; baseline -0.006 -17"><span class='ocrx_word' id='word_1_31' title='bbox 113 745 362 801; x_wconf 87' lang='lat' dir='ltr'><strong>tempora</strong></span> <span class='ocrx_word' id='word_1_32' title='bbox 394 730 565 785; x_wconf 86' lang='lat' dir='ltr'><strong>fuisse</strong></span> <span class='ocrx_word' id='word_1_33' title='bbox 588 726 746 795; x_wconf 91' lang='lat' dir='ltr'><strong>hujus</strong></span> <span class='ocrx_word' id='word_1_34' title='bbox 779 728 924 782; x_wconf 81' lang='lat' dir='ltr'><strong>verbi</strong></span> <span class='ocrx_word' id='word_1_35' title='bbox 982 741 1175 790; x_wconf 90' lang='lat' dir='ltr'><strong>usum,</strong></span> <span class='ocrx_word' id='word_1_36' title='bbox 1208 723 1486 778; x_wconf 87' lang='lat' dir='ltr'><strong>fatendum</strong></span> <span class='ocrx_word' id='word_1_37' title='bbox 1512 731 1692 775; x_wconf 91' lang='lat' dir='ltr'><strong>tamen</strong></span> 
     </span>
    </p>
   </div>
   <div class='ocr_carea' id='block_1_6' title="bbox 110 816 1693 889">
    <p class='ocr_par' dir='ltr' id='par_1_6' title="bbox 110 816 1693 889">
     <span class='ocr_line' id='line_1_6' title="bbox 110 816 1693 889; baseline -0.005 -12"><span class='ocrx_word' id='word_1_38' title='bbox 110 835 198 878; x_wconf 89' lang='lat' dir='ltr'><strong>est</strong></span> <span class='ocrx_word' id='word_1_39' title='bbox 231 827 378 878; x_wconf 88' lang='lat' dir='ltr'><strong>inter</strong></span> <span class='ocrx_word' id='word_1_40' title='bbox 413 822 761 884; x_wconf 81' lang='lat' dir='ltr'><strong>Christianos</strong></span> <span class='ocrx_word' id='word_1_41' title='bbox 786 820 1068 875; x_wconf 73' lang='lat' dir='ltr'><strong>exstitisse</strong></span> <span class='ocrx_word' id='word_1_42' title='bbox 1114 820 1372 889; x_wconf 80' lang='lat' dir='ltr'><strong>aliquem,</strong></span> <span class='ocrx_word' id='word_1_43' title='bbox 1423 832 1451 870; x_wconf 88' lang='lat' dir='ltr'><strong>a</strong></span> <span class='ocrx_word' id='word_1_44' title='bbox 1483 832 1594 885; x_wconf 91' lang='lat' dir='ltr'><strong>quo</strong></span> <span class='ocrx_word' id='word_1_45' title='bbox 1624 816 1693 870; x_wconf 90' lang='lat' dir='ltr'><strong>il-</strong></span> 
     </span>
    </p>
   </div>
   <div class='ocr_carea' id='block_1_7' title="bbox 116 910 1696 984">
    <p class='ocr_par' dir='ltr' id='par_1_7' title="bbox 116 910 1696 984">
     <span class='ocr_line' id='line_1_7' title="bbox 116 910 1696 984; baseline -0.003 -18"><span class='ocrx_word' id='word_1_46' title='bbox 116 915 208 968; x_wconf 87' lang='lat' dir='ltr'><strong>lud</strong></span> <span class='ocrx_word' id='word_1_47' title='bbox 235 914 473 984; x_wconf 86' lang='lat' dir='ltr'><strong>primum</strong></span> <span class='ocrx_word' id='word_1_48' title='bbox 522 914 754 982; x_wconf 65' lang='lat' dir='ltr'><strong>coeperit</strong></span> <span class='ocrx_word' id='word_1_49' title='bbox 802 912 1082 981; x_wconf 88' lang='lat' dir='ltr'><strong>usurpari.</strong></span> <span class='ocrx_word' id='word_1_50' title='bbox 1115 910 1255 977; x_wconf 84' lang='lat' dir='ltr'><strong>Quid</strong></span> <span class='ocrx_word' id='word_1_51' title='bbox 1286 925 1415 979; x_wconf 84' lang='lat' dir='ltr'><strong>ergo</strong></span> <span class='ocrx_word' id='word_1_52' title='bbox 1443 910 1696 979; x_wconf 85' lang='lat' dir='ltr'><strong>prohibet</strong></span> 
     </span>
    </p>
   </div>
   <div class='ocr_carea' id='block_1_8' title="bbox 113 998 1696 1073">
    <p class='ocr_par' dir='ltr' id='par_1_8' title="bbox 113 998 1696 1073">
     <span class='ocr_line' id='line_1_8' title="bbox 113 998 1696 1073; baseline -0.002 -19"><span class='ocrx_word' id='word_1_53' title='bbox 113 1004 415 1073; x_wconf 88' lang='lat' dir='ltr'><strong>quominus</strong></span> <span class='ocrx_word' id='word_1_54' title='bbox 462 1002 814 1073; x_wconf 42' lang='lat' dir='ltr'><strong>Dionysius“</strong></span> <span class='ocrx_word' id='word_1_55' title='bbox 838 1003 922 1055; x_wconf 91' lang='lat' dir='ltr'><strong>vir</strong></span> <span class='ocrx_word' id='word_1_56' title='bbox 955 1001 1343 1071; x_wconf 71' lang='lat' dir='ltr'><strong>philosophica:</strong></span> <span class='ocrx_word' id='word_1_57' title='bbox 1395 998 1696 1069; x_wconf 88' lang='lat' dir='ltr'><strong>disciplinae</strong></span> 
     </span>
    </p>
   </div>
   <div class='ocr_carea' id='block_1_9' title="bbox 114 1090 1699 1163">
    <p class='ocr_par' dir='ltr' id='par_1_9' title="bbox 114 1090 1699 1163">
     <span class='ocr_line' id='line_1_9' title="bbox 114 1090 1699 1163; baseline -0.004 -14"><span class='ocrx_word' id='word_1_58' title='bbox 114 1095 513 1163; x_wconf 81' lang='lat' dir='ltr'><strong>peritissimus,</strong></span> <span class='ocrx_word' id='word_1_59' title='bbox 542 1095 637 1163; x_wconf 92' lang='lat' dir='ltr'><strong>qui</strong></span> <span class='ocrx_word' id='word_1_60' title='bbox 678 1092 903 1162; x_wconf 86' lang='lat' dir='ltr'><strong>hujusce</strong></span> <span class='ocrx_word' id='word_1_61' title='bbox 937 1094 1113 1158; x_wconf 86' lang='lat' dir='ltr'><strong>vocis,</strong></span> <span class='ocrx_word' id='word_1_62' title='bbox 1151 1094 1220 1146; x_wconf 91' lang='lat' dir='ltr'><strong>ab</strong></span> <span class='ocrx_word' id='word_1_63' title='bbox 1270 1091 1564 1147; x_wconf 85' lang='lat' dir='ltr'><strong>Aristotele</strong></span> <span class='ocrx_word' id='word_1_64' title='bbox 1601 1090 1699 1144; x_wconf 90' lang='lat' dir='ltr'><strong>ali-</strong></span> 
     </span>
    </p>
   </div>
   <div class='ocr_carea' id='block_1_10' title="bbox 116 1185 1699 1254">
    <p class='ocr_par' dir='ltr' id='par_1_10' title="bbox 116 1185 1699 1254">
     <span class='ocr_line' id='line_1_10' title="bbox 116 1185 1699 1254; baseline -0.004 -9"><span class='ocrx_word' id='word_1_65' title='bbox 116 1191 248 1245; x_wconf 89' lang='lat' dir='ltr'><strong>cubi</strong></span> <span class='ocrx_word' id='word_1_66' title='bbox 288 1190 527 1253; x_wconf 74' lang='lat' dir='ltr'><strong>traditae,</strong></span> <span class='ocrx_word' id='word_1_67' title='bbox 553 1188 663 1242; x_wconf 91' lang='lat' dir='ltr'><strong>vim</strong></span> <span class='ocrx_word' id='word_1_68' title='bbox 698 1197 950 1252; x_wconf 82' lang='lat' dir='ltr'><strong>noverat,</strong></span> <span class='ocrx_word' id='word_1_69' title='bbox 985 1188 1074 1241; x_wconf 91' lang='lat' dir='ltr'><strong>illa</strong></span> <span class='ocrx_word' id='word_1_70' title='bbox 1107 1188 1296 1242; x_wconf 89' lang='lat' dir='ltr'><strong>eodem</strong></span> <span class='ocrx_word' id='word_1_71' title='bbox 1354 1202 1418 1241; x_wconf 91' lang='lat' dir='ltr'><strong>ac</strong></span> <span class='ocrx_word' id='word_1_72' title='bbox 1467 1185 1555 1239; x_wconf 91' lang='lat' dir='ltr'><strong>ille</strong></span> <span class='ocrx_word' id='word_1_73' title='bbox 1583 1185 1699 1254; x_wconf 84' lang='lat' dir='ltr'><strong>phi-</strong></span> 
     </span>
    </p>
   </div>
   <div class='ocr_carea' id='block_1_11' title="bbox 117 1276 1700 1349">
    <p class='ocr_par' dir='ltr' id='par_1_11' title="bbox 117 1276 1700 1349">
     <span class='ocr_line' id='line_1_11' title="bbox 117 1276 1700 1349; baseline -0.004 -15"><span class='ocrx_word' id='word_1_74' title='bbox 117 1281 473 1349; x_wconf 86' lang='lat' dir='ltr'><strong>losophorum</strong></span> <span class='ocrx_word' id='word_1_75' title='bbox 505 1280 781 1348; x_wconf 86' lang='lat' dir='ltr'><strong>princeps,</strong></span> <span class='ocrx_word' id='word_1_76' title='bbox 816 1293 978 1332; x_wconf 89' lang='lat' dir='ltr'><strong>sensu</strong></span> <span class='ocrx_word' id='word_1_77' title='bbox 1012 1288 1069 1332; x_wconf 92' lang='lat' dir='ltr'><strong>et</strong></span> <span class='ocrx_word' id='word_1_78' title='bbox 1122 1276 1526 1347; x_wconf 88' lang='lat' dir='ltr'><strong>signiﬁcatione</strong></span> <span class='ocrx_word' id='word_1_79' title='bbox 1589 1276 1700 1345; x_wconf 89' lang='lat' dir='ltr'><strong>pri-</strong></span> 
     </span>
    </p>
   </div>
   <div class='ocr_carea' id='block_1_12' title="bbox 116 1369 1393 1427">
    <p class='ocr_par' dir='ltr' id='par_1_12' title="bbox 116 1369 1393 1427">
     <span class='ocr_line' id='line_1_12' title="bbox 116 1369 1393 1427; baseline -0.004 -1"><span class='ocrx_word' id='word_1_80' title='bbox 116 1389 240 1427; x_wconf 88' lang='lat' dir='ltr'><strong>mus</strong></span> <span class='ocrx_word' id='word_1_81' title='bbox 272 1373 423 1426; x_wconf 91' lang='lat' dir='ltr'><strong>inter</strong></span> <span class='ocrx_word' id='word_1_82' title='bbox 457 1371 798 1427; x_wconf 87' lang='lat' dir='ltr'><strong>Christianos</strong></span> <span class='ocrx_word' id='word_1_83' title='bbox 837 1386 970 1426; x_wconf 89' lang='lat' dir='ltr'><strong>usus</strong></span> <span class='ocrx_word' id='word_1_84' title='bbox 998 1384 1119 1425; x_wconf 89' lang='lat' dir='ltr'><strong>esse</strong></span> <span class='ocrx_word' id='word_1_85' title='bbox 1142 1369 1393 1424; x_wconf 82' lang='lat' dir='ltr'><strong>dicatur?</strong></span> 
     </span>
    </p>
   </div>
   <div class='ocr_carea' id='block_1_13' title="bbox 184 1460 1702 1535">
    <p class='ocr_par' dir='ltr' id='par_1_13' title="bbox 184 1460 1702 1535">
     <span class='ocr_line' id='line_1_13' title="bbox 184 1460 1702 1535; baseline -0.004 -15"><span class='ocrx_word' id='word_1_86' title='bbox 184 1465 392 1520; x_wconf 81' lang='lat' dir='ltr'><strong>Contra</strong></span> <span class='ocrx_word' id='word_1_87' title='bbox 443 1474 621 1520; x_wconf 88' lang='lat' dir='ltr'><strong>tamen</strong></span> <span class='ocrx_word' id='word_1_88' title='bbox 663 1472 859 1535; x_wconf 84' lang='lat' dir='ltr'><strong>urgent</strong></span> <span class='ocrx_word' id='word_1_89' title='bbox 905 1464 1219 1529; x_wconf 78' lang='lat' dir='ltr'><strong>instantque</strong></span> <span class='ocrx_word' id='word_1_90' title='bbox 1263 1461 1505 1515; x_wconf 64' lang='lat' dir='ltr'><strong>adverste</strong></span> <span class='ocrx_word' id='word_1_91' title='bbox 1532 1460 1702 1529; x_wconf 87' lang='lat' dir='ltr'><strong>partis</strong></span> 
     </span>
    </p>
   </div>
   <div class='ocr_carea' id='block_1_14' title="bbox 112 1554 1705 1625">
    <p class='ocr_par' dir='ltr' id='par_1_14' title="bbox 112 1554 1705 1625">
     <span class='ocr_line' id='line_1_14' title="bbox 112 1554 1705 1625; baseline -0.002 -16"><span class='ocrx_word' id='word_1_92' title='bbox 112 1556 387 1621; x_wconf 81' lang='lat' dir='ltr'><strong>fautores,</strong></span> <span class='ocrx_word' id='word_1_93' title='bbox 430 1556 572 1625; x_wconf 88' lang='lat' dir='ltr'><strong>quod</strong></span> <span class='ocrx_word' id='word_1_94' title='bbox 617 1556 866 1624; x_wconf 88' lang='lat' dir='ltr'><strong>quamvis</strong></span> <span class='ocrx_word' id='word_1_95' title='bbox 918 1554 1256 1609; x_wconf 74' lang='lat' dir='ltr'><strong>Antenicami</strong></span> <span class='ocrx_word' id='word_1_96' title='bbox 1297 1554 1492 1609; x_wconf 89' lang='lat' dir='ltr'><strong>Patres</strong></span> <span class='ocrx_word' id='word_1_97' title='bbox 1545 1554 1705 1608; x_wconf 87' lang='lat' dir='ltr'><strong>Chri-</strong></span> 
     </span>
    </p>
   </div>
   <div class='ocr_carea' id='block_1_15' title="bbox 112 1649 1705 1721">
    <p class='ocr_par' dir='ltr' id='par_1_15' title="bbox 112 1649 1705 1721">
     <span class='ocr_line' id='line_1_15' title="bbox 112 1649 1705 1721; baseline -0.003 -15"><span class='ocrx_word' id='word_1_98' title='bbox 112 1664 263 1706; x_wconf 76' lang='lat' dir='ltr'><strong>stum</strong></span> <span class='ocrx_word' id='word_1_99' title='bbox 306 1654 593 1707; x_wconf 87' lang='lat' dir='ltr'><strong>Dominum</strong></span> <span class='ocrx_word' id='word_1_100' title='bbox 649 1666 837 1705; x_wconf 90' lang='lat' dir='ltr'><strong>verum</strong></span> <span class='ocrx_word' id='word_1_101' title='bbox 900 1652 1109 1716; x_wconf 87' lang='lat' dir='ltr'><strong>Deum,</strong></span> <span class='ocrx_word' id='word_1_102' title='bbox 1161 1650 1342 1705; x_wconf 83' lang='lat' dir='ltr'><strong>Patris</strong></span> <span class='ocrx_word' id='word_1_103' title='bbox 1382 1650 1571 1704; x_wconf 64' lang='grc' dir='ltr'><strong>πίει-ιιί</strong></span> <span class='ocrx_word' id='word_1_104' title='bbox 1616 1649 1705 1721; x_wconf 76' lang='lat' dir='ltr'><strong>Fi-</strong></span> 
     </span>
    </p>
   </div>
   <div class='ocr_carea' id='block_1_16' title="bbox 115 1745 1700 1817">
    <p class='ocr_par' dir='ltr' id='par_1_16' title="bbox 115 1745 1700 1817">
     <span class='ocr_line' id='line_1_16' title="bbox 115 1745 1700 1817; baseline -0.003 -17"><span class='ocrx_word' id='word_1_105' title='bbox 115 1746 275 1811; x_wconf 89' lang='lat' dir='ltr'><strong>lium,</strong></span> <span class='ocrx_word' id='word_1_106' title='bbox 326 1745 568 1817; x_wconf 77' lang='lat' dir='ltr'><strong>ejusdem</strong></span> <span class='ocrx_word' id='word_1_107' title='bbox 594 1761 719 1800; x_wconf 91' lang='lat' dir='ltr'><strong>cum</strong></span> <span class='ocrx_word' id='word_1_108' title='bbox 749 1762 816 1800; x_wconf 90' lang='lat' dir='ltr'><strong>eo</strong></span> <span class='ocrx_word' id='word_1_109' title='bbox 867 1746 1205 1809; x_wconf 73' lang='lat' dir='ltr'><strong>substantiae,</strong></span> <span class='ocrx_word' id='word_1_110' title='bbox 1238 1745 1450 1814; x_wconf 76' lang='lat' dir='ltr'><strong>ipsique</strong></span> <span class='ocrx_word' id='word_1_111' title='bbox 1478 1754 1700 1798; x_wconf 72' lang='lat' dir='ltr'><strong>coaeter-</strong></span> 
     </span>
    </p>
   </div>
   <div class='ocr_carea' id='block_1_17' title="bbox 114 1837 1697 1902">
    <p class='ocr_par' dir='ltr' id='par_1_17' title="bbox 114 1837 1697 1902">
     <span class='ocr_line' id='line_1_17' title="bbox 114 1837 1697 1902; baseline 0.001 -14"><span class='ocrx_word' id='word_1_112' title='bbox 114 1852 248 1889; x_wconf 88' lang='lat' dir='ltr'><strong>num</strong></span> <span class='ocrx_word' id='word_1_113' title='bbox 307 1851 432 1891; x_wconf 87' lang='lat' dir='ltr'><strong>esse</strong></span> <span class='ocrx_word' id='word_1_114' title='bbox 470 1845 525 1889; x_wconf 90' lang='lat' dir='ltr'><strong>et</strong></span> <span class='ocrx_word' id='word_1_115' title='bbox 581 1837 913 1893; x_wconf 86' lang='lat' dir='ltr'><strong>crediderint</strong></span> <span class='ocrx_word' id='word_1_116' title='bbox 964 1844 1021 1892; x_wconf 84' lang='lat' dir='ltr'><strong>et</strong></span> <span class='ocrx_word' id='word_1_117' title='bbox 1066 1837 1368 1902; x_wconf 87' lang='lat' dir='ltr'><strong>docuerint,</strong></span> <span class='ocrx_word' id='word_1_118' title='bbox 1402 1841 1470 1892; x_wconf 89' lang='lat' dir='ltr'><strong>ab</strong></span> <span class='ocrx_word' id='word_1_119' title='bbox 1511 1853 1697 1893; x_wconf 90' lang='lat' dir='ltr'><strong>eorum</strong></span> 
     </span>
    </p>
   </div>
   <div class='ocr_carea' id='block_1_18' title="bbox 118 1929 1707 1999">
    <p class='ocr_par' dir='ltr' id='par_1_18' title="bbox 118 1929 1707 1999">
     <span class='ocr_line' id='line_1_18' title="bbox 118 1929 1707 1999; baseline 0.001 -18"><span class='ocrx_word' id='word_1_120' title='bbox 118 1938 304 1983; x_wconf 86' lang='lat' dir='ltr'><strong>tamen</strong></span> <span class='ocrx_word' id='word_1_121' title='bbox 362 1929 583 1983; x_wconf 87' lang='lat' dir='ltr'><strong>nemine</strong></span> <span class='ocrx_word' id='word_1_122' title='bbox 613 1929 680 1982; x_wconf 91' lang='lat' dir='ltr'><strong>de</strong></span> <span class='ocrx_word' id='word_1_123' title='bbox 710 1930 961 1999; x_wconf 87' lang='lat' dir='ltr'><strong>personis</strong></span> <span class='ocrx_word' id='word_1_124' title='bbox 999 1930 1219 1993; x_wconf 90' lang='lat' dir='ltr'><strong>divinis,</strong></span> <span class='ocrx_word' id='word_1_125' title='bbox 1261 1929 1591 1999; x_wconf 88' lang='lat' dir='ltr'><strong>illarumque</strong></span> <span class='ocrx_word' id='word_1_126' title='bbox 1623 1940 1707 1983; x_wconf 57' lang='lat' dir='ltr'><strong>at-</strong></span> 
     </span>
    </p>
   </div>
   <div class='ocr_carea' id='block_1_19' title="bbox 119 2021 1712 2092">
    <p class='ocr_par' dir='ltr' id='par_1_19' title="bbox 119 2021 1712 2092">
     <span class='ocr_line' id='line_1_19' title="bbox 119 2021 1712 2092; baseline 0.002 -18"><span class='ocrx_word' id='word_1_127' title='bbox 119 2022 349 2076; x_wconf 87' lang='lat' dir='ltr'><strong>tributis</strong></span> <span class='ocrx_word' id='word_1_128' title='bbox 370 2032 425 2075; x_wconf 87' lang='lat' dir='ltr'><strong>et</strong></span> <span class='ocrx_word' id='word_1_129' title='bbox 450 2021 712 2084; x_wconf 88' lang='lat' dir='ltr'><strong>relativis,</strong></span> <span class='ocrx_word' id='word_1_130' title='bbox 766 2031 826 2076; x_wconf 93' lang='lat' dir='ltr'><strong>ut</strong></span> <span class='ocrx_word' id='word_1_131' title='bbox 874 2022 1198 2092; x_wconf 91' lang='lat' dir='ltr'><strong>loquuntur,</strong></span> <span class='ocrx_word' id='word_1_132' title='bbox 1243 2032 1298 2077; x_wconf 90' lang='lat' dir='ltr'><strong>et</strong></span> <span class='ocrx_word' id='word_1_133' title='bbox 1325 2022 1712 2077; x_wconf 88' lang='lat' dir='ltr'><strong>essentialibus</strong></span> 
     </span>
    </p>
   </div>
   <div class='ocr_carea' id='block_1_20' title="bbox 121 2113 1712 2183">
    <p class='ocr_par' dir='ltr' id='par_1_20' title="bbox 121 2113 1712 2183">
     <span class='ocr_line' id='line_1_20' title="bbox 121 2113 1712 2183; baseline 0.001 -17"><span class='ocrx_word' id='word_1_134' title='bbox 121 2124 231 2167; x_wconf 90' lang='lat' dir='ltr'><strong>tam</strong></span> <span class='ocrx_word' id='word_1_135' title='bbox 288 2113 438 2169; x_wconf 89' lang='lat' dir='ltr'><strong>clare</strong></span> <span class='ocrx_word' id='word_1_136' title='bbox 483 2124 537 2169; x_wconf 89' lang='lat' dir='ltr'><strong>et</strong></span> <span class='ocrx_word' id='word_1_137' title='bbox 582 2113 888 2179; x_wconf 87' lang='lat' dir='ltr'><strong>enucleate,</strong></span> <span class='ocrx_word' id='word_1_138' title='bbox 938 2124 1101 2183; x_wconf 88' lang='lat' dir='ltr'><strong>atque</strong></span> <span class='ocrx_word' id='word_1_139' title='bbox 1142 2115 1210 2169; x_wconf 88' lang='lat' dir='ltr'><strong>ab</strong></span> <span class='ocrx_word' id='word_1_140' title='bbox 1260 2123 1482 2169; x_wconf 92' lang='lat' dir='ltr'><strong>auctore</strong></span> <span class='ocrx_word' id='word_1_141' title='bbox 1525 2124 1712 2169; x_wconf 91' lang='lat' dir='ltr'><strong>nostro</strong></span> 
     </span>
    </p>
   </div>
   <div class='ocr_carea' id='block_1_21' title="bbox 120 2187 1714 2275">
    <p class='ocr_par' dir='ltr' id='par_1_21' title="bbox 120 2187 1714 2275">
     <span class='ocr_line' id='line_1_21' title="bbox 120 2187 1714 2275; baseline -0.002 -16"><span class='ocrx_word' id='word_1_142' title='bbox 120 2207 463 2275; x_wconf 88' lang='lat' dir='ltr'><strong>disputatmn</strong></span> <span class='ocrx_word' id='word_1_143' title='bbox 512 2187 749 2275; x_wconf 71' lang='lat' dir='ltr'><strong>unquam</strong></span> <span class='ocrx_word' id='word_1_144' title='bbox 796 2206 979 2261; x_wconf 87' lang='lat' dir='ltr'><strong>fuerit.</strong></span> <span class='ocrx_word' id='word_1_145' title='bbox 1013 2207 1076 2261; x_wconf 88' lang='lat' dir='ltr'><strong>Et</strong></span> <span class='ocrx_word' id='word_1_146' title='bbox 1112 2222 1268 2271; x_wconf 91' lang='lat' dir='ltr'><strong>sane,</strong></span> <span class='ocrx_word' id='word_1_147' title='bbox 1302 2206 1577 2275; x_wconf 79' lang='lat' dir='ltr'><strong>inquiunt,</strong></span> <span class='ocrx_word' id='word_1_148' title='bbox 1617 2220 1714 2259; x_wconf 92' lang='lat' dir='ltr'><strong>cur</strong></span> 
     </span>
    </p>
   </div>
   <div class='ocr_carea' id='block_1_22' title="bbox 121 2297 1711 2377">
    <p class='ocr_par' dir='ltr' id='par_1_22' title="bbox 121 2297 1711 2377">
     <span class='ocr_line' id='line_1_22' title="bbox 121 2297 1711 2377; baseline -0.001 -26"><span class='ocrx_word' id='word_1_149' title='bbox 121 2299 158 2351; x_wconf 88' lang='lat' dir='ltr'><strong>ii</strong></span> <span class='ocrx_word' id='word_1_150' title='bbox 215 2299 311 2367; x_wconf 89' lang='lat' dir='ltr'><strong>qui</strong></span> <span class='ocrx_word' id='word_1_151' title='bbox 338 2306 463 2366; x_wconf 90' lang='lat' dir='ltr'><strong>post</strong></span> <span class='ocrx_word' id='word_1_152' title='bbox 511 2298 830 2377; x_wconf 58' lang='lat' dir='ltr'><strong>Dionysium</strong></span> <span class='ocrx_word' id='word_1_153' title='bbox 860 2298 1087 2353; x_wconf 88' lang='lat' dir='ltr'><strong>edendis</strong></span> <span class='ocrx_word' id='word_1_154' title='bbox 1136 2297 1605 2351; x_wconf 85' lang='lat' dir='ltr'><strong>lucubrationibus</strong></span> <span class='ocrx_word' id='word_1_155' title='bbox 1624 2309 1711 2349; x_wconf 50' lang='lat' dir='ltr'><strong>se-</strong></span> 
     </span>
    </p>
   </div>
   <div class='ocr_carea' id='block_1_23' title="bbox 123 2390 1710 2460">
    <p class='ocr_par' dir='ltr' id='par_1_23' title="bbox 123 2390 1710 2460">
     <span class='ocr_line' id='line_1_23' title="bbox 123 2390 1710 2460; baseline -0.003 -15"><span class='ocrx_word' id='word_1_156' title='bbox 123 2392 307 2445; x_wconf 92' lang='lat' dir='ltr'><strong>cundo</strong></span> <span class='ocrx_word' id='word_1_157' title='bbox 330 2400 386 2446; x_wconf 92' lang='lat' dir='ltr'><strong>et</strong></span> <span class='ocrx_word' id='word_1_158' title='bbox 409 2392 576 2446; x_wconf 91' lang='lat' dir='ltr'><strong>tertio</strong></span> <span class='ocrx_word' id='word_1_159' title='bbox 602 2392 856 2447; x_wconf 64' lang='lat' dir='ltr'><strong>Ecclesiae</strong></span> <span class='ocrx_word' id='word_1_160' title='bbox 884 2390 1085 2447; x_wconf 68' lang='lat' dir='ltr'><strong>saeculo</strong></span> <span class='ocrx_word' id='word_1_161' title='bbox 1106 2406 1327 2460; x_wconf 87' lang='lat' dir='ltr'><strong>operam</strong></span> <span class='ocrx_word' id='word_1_162' title='bbox 1355 2390 1576 2455; x_wconf 88' lang='lat' dir='ltr'><strong>dedere,</strong></span> <span class='ocrx_word' id='word_1_163' title='bbox 1607 2404 1710 2442; x_wconf 90' lang='lat' dir='ltr'><strong>non</strong></span> 
     </span>
    </p>
   </div>
   <div class='ocr_carea' id='block_1_24' title="bbox 121 2482 1715 2539">
    <p class='ocr_par' dir='ltr' id='par_1_24' title="bbox 121 2482 1715 2539">
     <span class='ocr_line' id='line_1_24' title="bbox 121 2482 1715 2539; baseline -0.003 -2"><span class='ocrx_word' id='word_1_164' title='bbox 121 2486 346 2538; x_wconf 81' lang='lat' dir='ltr'><strong>eosdem</strong></span> <span class='ocrx_word' id='word_1_165' title='bbox 407 2500 469 2538; x_wconf 92' lang='lat' dir='ltr'><strong>ac</strong></span> <span class='ocrx_word' id='word_1_166' title='bbox 516 2485 608 2539; x_wconf 90' lang='lat' dir='ltr'><strong>ille</strong></span> <span class='ocrx_word' id='word_1_167' title='bbox 645 2485 713 2539; x_wconf 89' lang='lat' dir='ltr'><strong>de</strong></span> <span class='ocrx_word' id='word_1_168' title='bbox 754 2485 936 2538; x_wconf 88' lang='lat' dir='ltr'><strong>divina</strong></span> <span class='ocrx_word' id='word_1_169' title='bbox 981 2483 1253 2537; x_wconf 86' lang='lat' dir='ltr'><strong>Trinitate</strong></span> <span class='ocrx_word' id='word_1_170' title='bbox 1300 2497 1582 2536; x_wconf 79' lang='lat' dir='ltr'><strong>sermones</strong></span> <span class='ocrx_word' id='word_1_171' title='bbox 1618 2482 1715 2534; x_wconf 89' lang='lat' dir='ltr'><strong>ha-</strong></span> 
     </span>
    </p>
   </div>
   <div class='ocr_carea' id='block_1_25' title="bbox 123 2574 1717 2644">
    <p class='ocr_par' dir='ltr' id='par_1_25' title="bbox 123 2574 1717 2644">
     <span class='ocr_line' id='line_1_25' title="bbox 123 2574 1717 2644; baseline -0.001 -17"><span class='ocrx_word' id='word_1_172' title='bbox 123 2574 404 2627; x_wconf 83' lang='lat' dir='ltr'><strong>buerunt?</strong></span> <span class='ocrx_word' id='word_1_173' title='bbox 428 2575 538 2629; x_wconf 83' lang='lat' dir='ltr'><strong>Cur</strong></span> <span class='ocrx_word' id='word_1_174' title='bbox 568 2576 748 2629; x_wconf 91' lang='lat' dir='ltr'><strong>nullus</strong></span> <span class='ocrx_word' id='word_1_175' title='bbox 787 2574 1081 2644; x_wconf 89' lang='lat' dir='ltr'><strong>aliquando</strong></span> <span class='ocrx_word' id='word_1_176' title='bbox 1116 2574 1259 2629; x_wconf 91' lang='lat' dir='ltr'><strong>illius</strong></span> <span class='ocrx_word' id='word_1_177' title='bbox 1298 2582 1391 2626; x_wconf 83' lang='lat' dir='ltr'><strong>aut</strong></span> <span class='ocrx_word' id='word_1_178' title='bbox 1414 2583 1717 2643; x_wconf 68' lang='lat' dir='ltr'><strong>praecepto-</strong></span> 
     </span>
    </p>
   </div>
   <div class='ocr_carea' id='block_1_26' title="bbox 134 2665 1404 2736">
    <p class='ocr_par' dir='ltr' id='par_1_26' title="bbox 134 2665 1404 2736">
     <span class='ocr_line' id='line_1_26' title="bbox 134 2665 1404 2736; baseline 0.002 -19"><span class='ocrx_word' id='word_1_179' title='bbox 134 2666 209 2719; x_wconf 89' lang='lat' dir='ltr'><strong>ris</strong></span> <span class='ocrx_word' id='word_1_180' title='bbox 234 2666 358 2735; x_wconf 87' lang='lat' dir='ltr'><strong>ejus</strong></span> <span class='ocrx_word' id='word_1_181' title='bbox 390 2665 669 2722; x_wconf 86' lang='lat' dir='ltr'><strong>Hierothei</strong></span> <span class='ocrx_word' id='word_1_182' title='bbox 702 2667 1006 2736; x_wconf 82' lang='lat' dir='ltr'><strong>exemplum</strong></span> <span class='ocrx_word' id='word_1_183' title='bbox 1028 2675 1249 2720; x_wconf 89' lang='lat' dir='ltr'><strong>secutus</strong></span> <span class='ocrx_word' id='word_1_184' title='bbox 1277 2667 1404 2720; x_wconf 81' lang='lat' dir='ltr'><strong>est?</strong></span> 
     </span>
    </p>
   </div>
   <div class='ocr_carea' id='block_1_27' title="bbox 199 2753 1713 2826">
    <p class='ocr_par' dir='ltr' id='par_1_27' title="bbox 199 2753 1713 2826">
     <span class='ocr_line' id='line_1_27' title="bbox 199 2753 1713 2826; baseline 0 -18"><span class='ocrx_word' id='word_1_185' title='bbox 199 2756 336 2823; x_wconf 71' lang='lat' dir='ltr'><strong>Qua:</strong></span> <span class='ocrx_word' id='word_1_186' title='bbox 359 2771 493 2812; x_wconf 87' lang='lat' dir='ltr'><strong>vero</strong></span> <span class='ocrx_word' id='word_1_187' title='bbox 507 2758 572 2811; x_wconf 89' lang='lat' dir='ltr'><strong>ad</strong></span> <span class='ocrx_word' id='word_1_188' title='bbox 604 2758 944 2826; x_wconf 90' lang='lat' dir='ltr'><strong>probandum</strong></span> <span class='ocrx_word' id='word_1_189' title='bbox 969 2757 1116 2810; x_wconf 90' lang='lat' dir='ltr'><strong>vocis</strong></span> <span class='ocrx_word' id='word_1_190' title='bbox 1140 2753 1535 2821; x_wconf 80' lang='grc' dir='ltr'><strong>ὑποστάσεως</strong></span> <span class='ocrx_word' id='word_1_191' title='bbox 1558 2770 1713 2808; x_wconf 90' lang='lat' dir='ltr'><strong>usum</strong></span> 
     </span>
    </p>
   </div>
   <div class='ocr_carea' id='block_1_28' title="bbox 126 2844 1714 2914">
    <p class='ocr_par' dir='ltr' id='par_1_28' title="bbox 126 2844 1714 2914">
     <span class='ocr_line' id='line_1_28' title="bbox 126 2844 1714 2914; baseline -0.003 -10"><span class='ocrx_word' id='word_1_192' title='bbox 126 2850 503 2914; x_wconf 87' lang='lat' dir='ltr'><strong>adducuntur,</strong></span> <span class='ocrx_word' id='word_1_193' title='bbox 542 2864 608 2905; x_wconf 87' lang='lat' dir='ltr'><strong>ca</strong></span> <span class='ocrx_word' id='word_1_194' title='bbox 645 2850 780 2904; x_wconf 91' lang='lat' dir='ltr'><strong>nihil</strong></span> <span class='ocrx_word' id='word_1_195' title='bbox 821 2849 1023 2904; x_wconf 86' lang='lat' dir='ltr'><strong>habere</strong></span> <span class='ocrx_word' id='word_1_196' title='bbox 1056 2844 1309 2903; x_wconf 84' lang='lat' dir='ltr'><strong>videntur</strong></span> <span class='ocrx_word' id='word_1_197' title='bbox 1343 2847 1635 2903; x_wconf 86' lang='lat' dir='ltr'><strong>soliditatis</strong></span> <span class='ocrx_word' id='word_1_198' title='bbox 1662 2858 1714 2901; x_wconf 92' lang='lat' dir='ltr'><strong>et</strong></span> 
     </span>
    </p>
   </div>
   <div class='ocr_carea' id='block_1_29' title="bbox 126 2942 1713 3014">
    <p class='ocr_par' dir='ltr' id='par_1_29' title="bbox 126 2942 1713 3014">
     <span class='ocr_line' id='line_1_29' title="bbox 126 2942 1713 3014; baseline -0.002 -16"><span class='ocrx_word' id='word_1_199' title='bbox 126 2944 491 3000; x_wconf 89' lang='lat' dir='ltr'><strong>ﬁrmamenti.</strong></span> <span class='ocrx_word' id='word_1_200' title='bbox 538 2943 837 3014; x_wconf 85' lang='lat' dir='ltr'><strong>Epistulam</strong></span> <span class='ocrx_word' id='word_1_201' title='bbox 877 2942 1024 2997; x_wconf 91' lang='lat' dir='ltr'><strong>enim</strong></span> <span class='ocrx_word' id='word_1_202' title='bbox 1068 2942 1317 3013; x_wconf 87' lang='lat' dir='ltr'><strong>Dionysii</strong></span> <span class='ocrx_word' id='word_1_203' title='bbox 1355 2942 1713 2996; x_wconf 84' lang='lat' dir='ltr'><strong>Alexandrini</strong></span> 
     </span>
    </p>
   </div>
   <div class='ocr_carea' id='block_1_30' title="bbox 128 3035 1717 3106">
    <p class='ocr_par' dir='ltr' id='par_1_30' title="bbox 128 3035 1717 3106">
     <span class='ocr_line' id='line_1_30' title="bbox 128 3035 1717 3106; baseline 0 -17"><span class='ocrx_word' id='word_1_204' title='bbox 128 3038 231 3106; x_wconf 88' lang='lat' dir='ltr'><strong>ipsi</strong></span> <span class='ocrx_word' id='word_1_205' title='bbox 255 3038 593 3106; x_wconf 90' lang='lat' dir='ltr'><strong>suppositam</strong></span> <span class='ocrx_word' id='word_1_206' title='bbox 621 3036 1092 3104; x_wconf 84' lang='lat' dir='ltr'><strong>adulterinamque</strong></span> <span class='ocrx_word' id='word_1_207' title='bbox 1120 3049 1245 3089; x_wconf 90' lang='lat' dir='ltr'><strong>esse</strong></span> <span class='ocrx_word' id='word_1_208' title='bbox 1277 3035 1461 3089; x_wconf 87' lang='lat' dir='ltr'><strong>critici</strong></span> <span class='ocrx_word' id='word_1_209' title='bbox 1499 3036 1717 3089; x_wconf 85' lang='lat' dir='ltr'><strong>doctio-</strong></span> 
     </span>
    </p>
   </div>
   <div class='ocr_carea' id='block_1_31' title="bbox 128 3127 1714 3200">
    <p class='ocr_par' dir='ltr' id='par_1_31' title="bbox 128 3127 1714 3200">
     <span class='ocr_line' id='line_1_31' title="bbox 128 3127 1714 3200; baseline 0 -18"><span class='ocrx_word' id='word_1_210' title='bbox 128 3146 220 3183; x_wconf 81' lang='lat' dir='ltr'><strong>res</strong></span> <span class='ocrx_word' id='word_1_211' title='bbox 268 3129 437 3184; x_wconf 81' lang='lat' dir='ltr'><strong>facile</strong></span> <span class='ocrx_word' id='word_1_212' title='bbox 471 3138 797 3200; x_wconf 89' lang='lat' dir='ltr'><strong>agnoscunt.</strong></span> <span class='ocrx_word' id='word_1_213' title='bbox 824 3128 1008 3184; x_wconf 87' lang='lat' dir='ltr'><strong>Altera</strong></span> <span class='ocrx_word' id='word_1_214' title='bbox 1050 3144 1181 3184; x_wconf 89' lang='lat' dir='ltr'><strong>vero</strong></span> <span class='ocrx_word' id='word_1_215' title='bbox 1220 3129 1445 3184; x_wconf 88' lang='lat' dir='ltr'><strong>alterius</strong></span> <span class='ocrx_word' id='word_1_216' title='bbox 1470 3127 1714 3200; x_wconf 84' lang='lat' dir='ltr'><strong>Dionysii</strong></span> 
     </span>
    </p>
   </div>
   <div class='ocr_carea' id='block_1_32' title="bbox 125 3220 1718 3291">
    <p class='ocr_par' dir='ltr' id='par_1_32' title="bbox 125 3220 1718 3291">
     <span class='ocr_line' id='line_1_32' title="bbox 125 3220 1718 3291; baseline 0.002 -17"><span class='ocrx_word' id='word_1_217' title='bbox 125 3220 363 3290; x_wconf 85' lang='lat' dir='ltr'><strong>epistola</strong></span> <span class='ocrx_word' id='word_1_218' title='bbox 416 3236 525 3291; x_wconf 90' lang='lat' dir='ltr'><strong>quo</strong></span> <span class='ocrx_word' id='word_1_219' title='bbox 584 3230 827 3291; x_wconf 88' lang='lat' dir='ltr'><strong>tempore</strong></span> <span class='ocrx_word' id='word_1_220' title='bbox 875 3222 1075 3290; x_wconf 90' lang='lat' dir='ltr'><strong>scripta</strong></span> <span class='ocrx_word' id='word_1_221' title='bbox 1122 3222 1213 3286; x_wconf 91' lang='lat' dir='ltr'><strong>sit,</strong></span> <span class='ocrx_word' id='word_1_222' title='bbox 1260 3222 1439 3276; x_wconf 90' lang='lat' dir='ltr'><strong>nullus</strong></span> <span class='ocrx_word' id='word_1_223' title='bbox 1488 3221 1718 3277; x_wconf 89' lang='lat' dir='ltr'><strong>deﬁnire</strong></span> 
     </span>
    </p>
   </div>
   <div class='ocr_carea' id='block_1_33' title="bbox 126 3312 1720 3384">
    <p class='ocr_par' dir='ltr' id='par_1_33' title="bbox 126 3312 1720 3384">
     <span class='ocr_line' id='line_1_33' title="bbox 126 3312 1720 3384; baseline 0.001 -17"><span class='ocrx_word' id='word_1_224' title='bbox 126 3324 343 3383; x_wconf 87' lang='lat' dir='ltr'><strong>potest.</strong></span> <span class='ocrx_word' id='word_1_225' title='bbox 382 3312 654 3369; x_wconf 74' lang='lat' dir='ltr'><strong>Batonius</strong></span> <span class='ocrx_word' id='word_1_226' title='bbox 689 3314 910 3384; x_wconf 90' lang='lat' dir='ltr'><strong>quidem</strong></span> <span class='ocrx_word' id='word_1_227' title='bbox 959 3313 1102 3367; x_wconf 89' lang='lat' dir='ltr'><strong>illam</strong></span> <span class='ocrx_word' id='word_1_228' title='bbox 1139 3330 1286 3370; x_wconf 93' lang='lat' dir='ltr'><strong>anno</strong></span> <span class='ocrx_word' id='word_1_229' title='bbox 1331 3314 1469 3379; x_wconf 69' lang='lat'><strong>3:28,</strong></span> <span class='ocrx_word' id='word_1_230' title='bbox 1500 3330 1608 3383; x_wconf 91' lang='lat' dir='ltr'><strong>quo</strong></span> <span class='ocrx_word' id='word_1_231' title='bbox 1628 3315 1720 3369; x_wconf 88' lang='lat' dir='ltr'><strong>Li-</strong></span> 
     </span>
    </p>
   </div>
   <div class='ocr_carea' id='block_1_34' title="bbox 128 3407 1720 3477">
    <p class='ocr_par' dir='ltr' id='par_1_34' title="bbox 128 3407 1720 3477">
     <span class='ocr_line' id='line_1_34' title="bbox 128 3407 1720 3477; baseline -0.001 -15"><span class='ocrx_word' id='word_1_232' title='bbox 128 3409 263 3463; x_wconf 89' lang='lat' dir='ltr'><strong>cinii</strong></span> <span class='ocrx_word' id='word_1_233' title='bbox 299 3417 535 3462; x_wconf 92' lang='lat' dir='ltr'><strong>mortem</strong></span> <span class='ocrx_word' id='word_1_234' title='bbox 574 3407 889 3477; x_wconf 81' lang='lat' dir='ltr'><strong>consignat,</strong></span> <span class='ocrx_word' id='word_1_235' title='bbox 917 3407 1101 3462; x_wconf 84' lang='lat' dir='ltr'><strong>datam</strong></span> <span class='ocrx_word' id='word_1_236' title='bbox 1144 3408 1431 3473; x_wconf 78' lang='lat' dir='ltr'><strong>opinatur;</strong></span> <span class='ocrx_word' id='word_1_237' title='bbox 1467 3412 1562 3463; x_wconf 91' lang='lat' dir='ltr'><strong>sed</strong></span> <span class='ocrx_word' id='word_1_238' title='bbox 1610 3423 1720 3461; x_wconf 88' lang='lat' dir='ltr'><strong>rm-</strong></span> 
     </span>
    </p>
   </div>
   <div class='ocr_carea' id='block_1_35' title="bbox 128 3497 1722 3555">
    <p class='ocr_par' dir='ltr' id='par_1_35' title="bbox 128 3497 1722 3555">
     <span class='ocr_line' id='line_1_35' title="bbox 128 3497 1722 3555; baseline 0.001 -2"><span class='ocrx_word' id='word_1_239' title='bbox 128 3515 269 3555; x_wconf 87' lang='lat' dir='ltr'><strong>noso</strong></span> <span class='ocrx_word' id='word_1_240' title='bbox 318 3500 518 3554; x_wconf 90' lang='lat' dir='ltr'><strong>nititur</strong></span> <span class='ocrx_word' id='word_1_241' title='bbox 551 3497 927 3553; x_wconf 88' lang='lat' dir='ltr'><strong>fundamento.</strong></span> <span class='ocrx_word' id='word_1_242' title='bbox 968 3497 1104 3553; x_wconf 86' lang='lat' dir='ltr'><strong>Nam</strong></span> <span class='ocrx_word' id='word_1_243' title='bbox 1150 3498 1393 3554; x_wconf 87' lang='lat' dir='ltr'><strong>Licinius</strong></span> <span class='ocrx_word' id='word_1_244' title='bbox 1434 3514 1541 3554; x_wconf 92' lang='lat' dir='ltr'><strong>non</strong></span> <span class='ocrx_word' id='word_1_245' title='bbox 1579 3515 1722 3555; x_wconf 89' lang='lat' dir='ltr'><strong>anno</strong></span> 
     </span>
    </p>
   </div>
   <div class='ocr_carea' id='block_1_36' title="bbox 131 3589 1722 3659">
    <p class='ocr_par' dir='ltr' id='par_1_36' title="bbox 131 3589 1722 3659">
     <span class='ocr_line' id='line_1_36' title="bbox 131 3589 1722 3659; baseline 0 -14"><span class='ocrx_word' id='word_1_246' title='bbox 131 3591 265 3656; x_wconf 77' lang='lat'><strong>5‘28,</strong></span> <span class='ocrx_word' id='word_1_247' title='bbox 312 3590 412 3646; x_wconf 90' lang='lat' dir='ltr'><strong>sed</strong></span> <span class='ocrx_word' id='word_1_248' title='bbox 439 3589 565 3655; x_wconf 61' lang='lat'><strong>324,</strong></span> <span class='ocrx_word' id='word_1_249' title='bbox 595 3599 655 3644; x_wconf 91' lang='lat' dir='ltr'><strong>ut</strong></span> <span class='ocrx_word' id='word_1_250' title='bbox 696 3590 1057 3646; x_wconf 89' lang='lat' dir='ltr'><strong>accuratioris</strong></span> <span class='ocrx_word' id='word_1_251' title='bbox 1097 3592 1307 3645; x_wconf 89' lang='lat' dir='ltr'><strong>criterii</strong></span> <span class='ocrx_word' id='word_1_252' title='bbox 1362 3591 1722 3659; x_wconf 87' lang='lat' dir='ltr'><strong>scriptoribus</strong></span> 
     </span>
    </p>
   </div>
   <div class='ocr_carea' id='block_1_37' title="bbox 133 3679 1722 3749">
    <p class='ocr_par' dir='ltr' id='par_1_37' title="bbox 133 3679 1722 3749">
     <span class='ocr_line' id='line_1_37' title="bbox 133 3679 1722 3749; baseline -0.001 -15"><span class='ocrx_word' id='word_1_253' title='bbox 133 3686 380 3749; x_wconf 77' lang='lat' dir='ltr'><strong>videtur,</strong></span> <span class='ocrx_word' id='word_1_254' title='bbox 430 3682 599 3736; x_wconf 90' lang='lat' dir='ltr'><strong>vitam</strong></span> <span class='ocrx_word' id='word_1_255' title='bbox 644 3681 843 3736; x_wconf 88' lang='lat' dir='ltr'><strong>ﬁnivit.</strong></span> <span class='ocrx_word' id='word_1_256' title='bbox 876 3681 1079 3737; x_wconf 89' lang='lat' dir='ltr'><strong>Demus</strong></span> <span class='ocrx_word' id='word_1_257' title='bbox 1131 3692 1312 3737; x_wconf 89' lang='lat' dir='ltr'><strong>tamen</strong></span> <span class='ocrx_word' id='word_1_258' title='bbox 1348 3679 1722 3736; x_wconf 84' lang='lat' dir='ltr'><strong>Alexandrum</strong></span> 
     </span>
    </p>
   </div>
   <div class='ocr_carea' id='block_1_38' title="bbox 132 3772 1727 3845">
    <p class='ocr_par' dir='ltr' id='par_1_38' title="bbox 132 3772 1727 3845">
     <span class='ocr_line' id='line_1_38' title="bbox 132 3772 1727 3845; baseline -0.003 -14"><span class='ocrx_word' id='word_1_259' title='bbox 132 3793 201 3831; x_wconf 90' lang='lat' dir='ltr'><strong>eo</strong></span> <span class='ocrx_word' id='word_1_260' title='bbox 233 3789 350 3845; x_wconf 87' lang='lat' dir='ltr'><strong>quo</strong></span> <span class='ocrx_word' id='word_1_261' title='bbox 398 3774 517 3829; x_wconf 90' lang='lat' dir='ltr'><strong>vult</strong></span> <span class='ocrx_word' id='word_1_262' title='bbox 550 3772 819 3829; x_wconf 87' lang='lat' dir='ltr'><strong>Baronius</strong></span> <span class='ocrx_word' id='word_1_263' title='bbox 853 3784 1101 3844; x_wconf 90' lang='lat' dir='ltr'><strong>tempore</strong></span> <span class='ocrx_word' id='word_1_264' title='bbox 1128 3789 1281 3829; x_wconf 90' lang='lat' dir='ltr'><strong>suam</strong></span> <span class='ocrx_word' id='word_1_265' title='bbox 1321 3787 1580 3827; x_wconf 81' lang='lat' dir='ltr'><strong>exarasse</strong></span> <span class='ocrx_word' id='word_1_266' title='bbox 1611 3774 1727 3840; x_wconf 89' lang='lat' dir='ltr'><strong>epi-</strong></span> 
     </span>
    </p>
   </div>
   <div class='ocr_carea' id='block_1_39' title="bbox 132 3866 1728 3938">
    <p class='ocr_par' dir='ltr' id='par_1_39' title="bbox 132 3866 1728 3938">
     <span class='ocr_line' id='line_1_39' title="bbox 132 3866 1728 3938; baseline -0.004 -14"><span class='ocrx_word' id='word_1_267' title='bbox 132 3870 376 3934; x_wconf 78' lang='lat' dir='ltr'><strong>stolam;</strong></span> <span class='ocrx_word' id='word_1_268' title='bbox 411 3868 542 3938; x_wconf 90' lang='lat' dir='ltr'><strong>quid</strong></span> <span class='ocrx_word' id='word_1_269' title='bbox 592 3868 759 3922; x_wconf 83' lang='lat' dir='ltr'><strong>inde?</strong></span> <span class='ocrx_word' id='word_1_270' title='bbox 803 3867 946 3921; x_wconf 77' lang='lat' dir='ltr'><strong>Nulli</strong></span> <span class='ocrx_word' id='word_1_271' title='bbox 998 3882 1130 3922; x_wconf 91' lang='lat' dir='ltr'><strong>sane</strong></span> <span class='ocrx_word' id='word_1_272' title='bbox 1164 3867 1362 3920; x_wconf 91' lang='lat' dir='ltr'><strong>mirum</strong></span> <span class='ocrx_word' id='word_1_273' title='bbox 1412 3880 1533 3920; x_wconf 92' lang='lat' dir='ltr'><strong>esse</strong></span> <span class='ocrx_word' id='word_1_274' title='bbox 1568 3866 1728 3919; x_wconf 82' lang='lat' dir='ltr'><strong>debet</strong></span> 
     </span>
    </p>
   </div>
   <div class='ocr_carea' id='block_1_40' title="bbox 135 3955 1728 4028">
    <p class='ocr_par' dir='ltr' id='par_1_40' title="bbox 135 3955 1728 4028">
     <span class='ocr_line' id='line_1_40' title="bbox 135 3955 1728 4028; baseline -0.002 -17"><span class='ocrx_word' id='word_1_275' title='bbox 135 3975 334 4013; x_wconf 83' lang='lat' dir='ltr'><strong>vocem</strong></span> <span class='ocrx_word' id='word_1_276' title='bbox 381 3958 677 4028; x_wconf 77' lang='lat' dir='ltr'><strong>hypostasis</strong></span> <span class='ocrx_word' id='word_1_277' title='bbox 736 3959 805 4012; x_wconf 90' lang='lat' dir='ltr'><strong>ab</strong></span> <span class='ocrx_word' id='word_1_278' title='bbox 836 3957 1055 4012; x_wconf 90' lang='lat' dir='ltr'><strong>homine</strong></span> <span class='ocrx_word' id='word_1_279' title='bbox 1100 3955 1487 4010; x_wconf 68' lang='lat' dir='ltr'><strong>Alexandrina:</strong></span> <span class='ocrx_word' id='word_1_280' title='bbox 1533 3956 1728 4026; x_wconf 85' lang='lat' dir='ltr'><strong>synodi</strong></span> 
     </span>
    </p>
   </div>
   <div class='ocr_carea' id='block_1_41' title="bbox 138 4048 1731 4121">
    <p class='ocr_par' dir='ltr' id='par_1_41' title="bbox 138 4048 1731 4121">
     <span class='ocr_line' id='line_1_41' title="bbox 138 4048 1731 4121; baseline -0.004 -15"><span class='ocrx_word' id='word_1_281' title='bbox 138 4051 487 4121; x_wconf 85' lang='lat' dir='ltr'><strong>temporibus</strong></span> <span class='ocrx_word' id='word_1_282' title='bbox 535 4050 675 4105; x_wconf 88' lang='lat' dir='ltr'><strong>adeo</strong></span> <span class='ocrx_word' id='word_1_283' title='bbox 698 4050 902 4115; x_wconf 90' lang='lat' dir='ltr'><strong>vicino,</strong></span> <span class='ocrx_word' id='word_1_284' title='bbox 930 4048 1103 4104; x_wconf 86' lang='lat' dir='ltr'><strong>fuisse</strong></span> <span class='ocrx_word' id='word_1_285' title='bbox 1147 4057 1506 4117; x_wconf 90' lang='lat' dir='ltr'><strong>usurpatam;</strong></span> <span class='ocrx_word' id='word_1_286' title='bbox 1542 4048 1636 4102; x_wconf 90' lang='lat' dir='ltr'><strong>sed</strong></span> <span class='ocrx_word' id='word_1_287' title='bbox 1667 4048 1731 4101; x_wconf 92' lang='lat' dir='ltr'><strong>il-</strong></span> 
     </span>
    </p>
   </div>
   <div class='ocr_carea' id='block_1_42' title="bbox 140 4139 1733 4213">
    <p class='ocr_par' dir='ltr' id='par_1_42' title="bbox 140 4139 1733 4213">
     <span class='ocr_line' id='line_1_42' title="bbox 140 4139 1733 4213; baseline -0.001 -18"><span class='ocrx_word' id='word_1_288' title='bbox 140 4142 235 4195; x_wconf 92' lang='lat' dir='ltr'><strong>lud</strong></span> <span class='ocrx_word' id='word_1_289' title='bbox 272 4156 409 4197; x_wconf 86' lang='lat' dir='ltr'><strong>sane</strong></span> <span class='ocrx_word' id='word_1_290' title='bbox 459 4140 778 4203; x_wconf 90' lang='lat' dir='ltr'><strong>mirabilius,</strong></span> <span class='ocrx_word' id='word_1_291' title='bbox 821 4139 965 4210; x_wconf 90' lang='lat' dir='ltr'><strong>quod</strong></span> <span class='ocrx_word' id='word_1_292' title='bbox 1021 4141 1202 4194; x_wconf 87' lang='lat' dir='ltr'><strong>nullus</strong></span> <span class='ocrx_word' id='word_1_293' title='bbox 1249 4139 1506 4213; x_wconf 78' lang='lat' dir='ltr'><strong>scriptor,</strong></span> <span class='ocrx_word' id='word_1_294' title='bbox 1535 4148 1595 4193; x_wconf 91' lang='lat' dir='ltr'><strong>ut</strong></span> <span class='ocrx_word' id='word_1_295' title='bbox 1632 4139 1733 4193; x_wconf 85' lang='lat' dir='ltr'><strong>Pe-</strong></span> 
     </span>
    </p>
   </div>
   <div class='ocr_carea' id='block_1_43' title="bbox 142 4234 1731 4304">
    <p class='ocr_par' dir='ltr' id='par_1_43' title="bbox 142 4234 1731 4304">
     <span class='ocr_line' id='line_1_43' title="bbox 142 4234 1731 4304; baseline -0.003 -13"><span class='ocrx_word' id='word_1_296' title='bbox 142 4239 327 4292; x_wconf 85' lang='lat' dir='ltr'><strong>tavius</strong></span> <span class='ocrx_word' id='word_1_297' title='bbox 363 4238 608 4291; x_wconf 89' lang='lat' dir='ltr'><strong>ostendit</strong></span> <span class='ocrx_word' id='word_1_298' title='bbox 638 4237 706 4302; x_wconf 85' lang='grc'><strong>³⁷,</strong></span> <span class='ocrx_word' id='word_1_299' title='bbox 738 4236 823 4291; x_wconf 91' lang='lat' dir='ltr'><strong>his</strong></span> <span class='ocrx_word' id='word_1_300' title='bbox 854 4236 992 4290; x_wconf 88' lang='lat' dir='ltr'><strong>tanti</strong></span> <span class='ocrx_word' id='word_1_301' title='bbox 1041 4236 1144 4289; x_wconf 88' lang='lat' dir='ltr'><strong>viri</strong></span> <span class='ocrx_word' id='word_1_302' title='bbox 1175 4234 1444 4304; x_wconf 84' lang='lat' dir='ltr'><strong>vestigiis,</strong></span> <span class='ocrx_word' id='word_1_303' title='bbox 1472 4234 1574 4288; x_wconf 89' lang='lat' dir='ltr'><strong>nisi</strong></span> <span class='ocrx_word' id='word_1_304' title='bbox 1608 4244 1731 4302; x_wconf 87' lang='lat' dir='ltr'><strong>post</strong></span> 
     </span>
    </p>
   </div>
   <div class='ocr_carea' id='block_1_44' title="bbox 142 4329 1733 4400">
    <p class='ocr_par' dir='ltr' id='par_1_44' title="bbox 142 4329 1733 4400">
     <span class='ocr_line' id='line_1_44' title="bbox 142 4329 1733 4400; baseline -0.004 -17"><span class='ocrx_word' id='word_1_305' title='bbox 142 4330 577 4384; x_wconf 75' lang='lat' dir='ltr'><strong>Alexandrinam</strong></span> <span class='ocrx_word' id='word_1_306' title='bbox 618 4329 887 4400; x_wconf 87' lang='lat' dir='ltr'><strong>synodum</strong></span> <span class='ocrx_word' id='word_1_307' title='bbox 933 4329 1299 4381; x_wconf 77' lang='lat' dir='ltr'><strong>insistendum</strong></span> <span class='ocrx_word' id='word_1_308' title='bbox 1330 4341 1454 4381; x_wconf 88' lang='lat' dir='ltr'><strong>esse</strong></span> <span class='ocrx_word' id='word_1_309' title='bbox 1502 4334 1733 4393; x_wconf 85' lang='lat' dir='ltr'><strong>putave-</strong></span> 
     </span>
    </p>
   </div>
   <div class='ocr_carea' id='block_1_45' title="bbox 144 4416 1737 4488">
    <p class='ocr_par' dir='ltr' id='par_1_45' title="bbox 144 4416 1737 4488">
     <span class='ocr_line' id='line_1_45' title="bbox 144 4416 1737 4488; baseline -0.003 -15"><span class='ocrx_word' id='word_1_310' title='bbox 144 4422 237 4475; x_wconf 88' lang='lat' dir='ltr'><strong>rit.</strong></span> <span class='ocrx_word' id='word_1_311' title='bbox 267 4420 427 4487; x_wconf 82' lang='lat' dir='ltr'><strong>Quod</strong></span> <span class='ocrx_word' id='word_1_312' title='bbox 460 4429 608 4473; x_wconf 88' lang='lat' dir='ltr'><strong>certe</strong></span> <span class='ocrx_word' id='word_1_313' title='bbox 642 4434 807 4488; x_wconf 88' lang='lat' dir='ltr'><strong>quam</strong></span> <span class='ocrx_word' id='word_1_314' title='bbox 841 4432 1032 4486; x_wconf 89' lang='lat' dir='ltr'><strong>parum</strong></span> <span class='ocrx_word' id='word_1_315' title='bbox 1078 4431 1143 4471; x_wconf 87' lang='lat' dir='ltr'><strong>ea</strong></span> <span class='ocrx_word' id='word_1_316' title='bbox 1168 4430 1268 4470; x_wconf 75' lang='lat' dir='ltr'><strong>vos</strong></span> <span class='ocrx_word' id='word_1_317' title='bbox 1304 4416 1525 4470; x_wconf 87' lang='lat' dir='ltr'><strong>ineunte</strong></span> <span class='ocrx_word' id='word_1_318' title='bbox 1554 4431 1737 4471; x_wconf 66' lang='lat' dir='ltr'><strong>saecu-</strong></span> 
     </span>
    </p>
   </div>
   <div class='ocr_carea' id='block_1_46' title="bbox 1793 527 3366 595">
    <p class='ocr_par' dir='ltr' id='par_1_46' title="bbox 1793 527 3366 595">
     <span class='ocr_line' id='line_1_46' title="bbox 1793 527 3366 595; baseline -0.008 -8"><span class='ocrx_word' id='word_1_319' title='bbox 1793 531 2025 587; x_wconf 74' lang='lat' dir='ltr'><strong>ftirsitan</strong></span> <span class='ocrx_word' id='word_1_320' title='bbox 2073 528 2269 592; x_wconf 87' lang='lat' dir='ltr'><strong>fuisse,</strong></span> <span class='ocrx_word' id='word_1_321' title='bbox 2302 543 2329 579; x_wconf 87' lang='lat' dir='ltr'><strong>a</strong></span> <span class='ocrx_word' id='word_1_322' title='bbox 2364 541 2471 595; x_wconf 90' lang='lat' dir='ltr'><strong>quo</strong></span> <span class='ocrx_word' id='word_1_323' title='bbox 2502 527 2691 579; x_wconf 89' lang='lat' dir='ltr'><strong>eadem</strong></span> <span class='ocrx_word' id='word_1_324' title='bbox 2725 539 2828 578; x_wconf 79' lang='lat' dir='ltr'><strong>vox</strong></span> <span class='ocrx_word' id='word_1_325' title='bbox 2867 538 3031 577; x_wconf 89' lang='lat' dir='ltr'><strong>sensu</strong></span> <span class='ocrx_word' id='word_1_326' title='bbox 3067 533 3366 579; x_wconf 88' lang='lat' dir='ltr'><strong>memorato</strong></span> 
     </span>
    </p>
   </div>
   <div class='ocr_carea' id='block_1_47' title="bbox 1795 614 3368 693">
    <p class='ocr_par' dir='ltr' id='par_1_47' title="bbox 1795 614 3368 693">
     <span class='ocr_line' id='line_1_47' title="bbox 1795 614 3368 693; baseline -0.005 -16"><span class='ocrx_word' id='word_1_327' title='bbox 1795 632 2020 693; x_wconf 85' lang='lat' dir='ltr'><strong>accepta</strong></span> <span class='ocrx_word' id='word_1_328' title='bbox 2065 622 2155 689; x_wconf 90' lang='lat' dir='ltr'><strong>sit,</strong></span> <span class='ocrx_word' id='word_1_329' title='bbox 2187 620 2356 689; x_wconf 82' lang='lat' dir='ltr'><strong>gratis</strong></span> <span class='ocrx_word' id='word_1_330' title='bbox 2407 618 2629 674; x_wconf 89' lang='lat' dir='ltr'><strong>omnino</strong></span> <span class='ocrx_word' id='word_1_331' title='bbox 2674 618 2915 687; x_wconf 88' lang='lat' dir='ltr'><strong>ﬁngitur.</strong></span> <span class='ocrx_word' id='word_1_332' title='bbox 2944 614 3140 671; x_wconf 85' lang='lat' dir='ltr'><strong>Noster</strong></span> <span class='ocrx_word' id='word_1_333' title='bbox 3167 616 3368 686; x_wconf 82' lang='lat' dir='ltr'><strong>quippe</strong></span> 
     </span>
    </p>
   </div>
   <div class='ocr_carea' id='block_1_48' title="bbox 1796 708 3369 779">
    <p class='ocr_par' dir='ltr' id='par_1_48' title="bbox 1796 708 3369 779">
     <span class='ocr_line' id='line_1_48' title="bbox 1796 708 3369 779; baseline -0.003 -12"><span class='ocrx_word' id='word_1_334' title='bbox 1796 724 2010 779; x_wconf 87' lang='lat' dir='ltr'><strong>auctor,</strong></span> <span class='ocrx_word' id='word_1_335' title='bbox 2043 722 2101 766; x_wconf 90' lang='lat' dir='ltr'><strong>ut</strong></span> <span class='ocrx_word' id='word_1_336' title='bbox 2126 711 2349 766; x_wconf 90' lang='lat' dir='ltr'><strong>cuilibet</strong></span> <span class='ocrx_word' id='word_1_337' title='bbox 2383 711 2548 765; x_wconf 88' lang='lat' dir='ltr'><strong>citata</strong></span> <span class='ocrx_word' id='word_1_338' title='bbox 2578 709 2695 762; x_wconf 89' lang='lat' dir='ltr'><strong>loca</strong></span> <span class='ocrx_word' id='word_1_339' title='bbox 2736 709 3080 778; x_wconf 89' lang='lat' dir='ltr'><strong>percurrenti</strong></span> <span class='ocrx_word' id='word_1_340' title='bbox 3111 708 3369 777; x_wconf 83' lang='lat' dir='ltr'><strong>planissi-</strong></span> 
     </span>
    </p>
   </div>
   <div class='ocr_carea' id='block_1_49' title="bbox 1798 800 3368 869">
    <p class='ocr_par' dir='ltr' id='par_1_49' title="bbox 1798 800 3368 869">
     <span class='ocr_line' id='line_1_49' title="bbox 1798 800 3368 869; baseline -0.004 -11"><span class='ocrx_word' id='word_1_341' title='bbox 1798 820 1944 858; x_wconf 91' lang='lat' dir='ltr'><strong>mum</strong></span> <span class='ocrx_word' id='word_1_342' title='bbox 1994 803 2111 867; x_wconf 88' lang='lat' dir='ltr'><strong>ﬁet,</strong></span> <span class='ocrx_word' id='word_1_343' title='bbox 2171 804 2238 857; x_wconf 90' lang='lat' dir='ltr'><strong>de</strong></span> <span class='ocrx_word' id='word_1_344' title='bbox 2281 816 2344 856; x_wconf 82' lang='lat' dir='ltr'><strong>ea</strong></span> <span class='ocrx_word' id='word_1_345' title='bbox 2398 801 2479 854; x_wconf 91' lang='lat' dir='ltr'><strong>sic</strong></span> <span class='ocrx_word' id='word_1_346' title='bbox 2508 800 2769 869; x_wconf 90' lang='lat' dir='ltr'><strong>disputat,</strong></span> <span class='ocrx_word' id='word_1_347' title='bbox 2800 813 2865 853; x_wconf 89' lang='lat' dir='ltr'><strong>ac</strong></span> <span class='ocrx_word' id='word_1_348' title='bbox 2907 800 2950 852; x_wconf 92' lang='lat' dir='ltr'><strong>si</strong></span> <span class='ocrx_word' id='word_1_349' title='bbox 2986 812 3183 853; x_wconf 90' lang='lat' dir='ltr'><strong>sensus</strong></span> <span class='ocrx_word' id='word_1_350' title='bbox 3206 812 3368 867; x_wconf 87' lang='lat' dir='ltr'><strong>quem</strong></span> 
     </span>
    </p>
   </div>
   <div class='ocr_carea' id='block_1_50' title="bbox 1800 892 3370 960">
    <p class='ocr_par' dir='ltr' id='par_1_50' title="bbox 1800 892 3370 960">
     <span class='ocr_line' id='line_1_50' title="bbox 1800 892 3370 960; baseline -0.003 -12"><span class='ocrx_word' id='word_1_351' title='bbox 1800 897 1872 950; x_wconf 88' lang='lat' dir='ltr'><strong>illi</strong></span> <span class='ocrx_word' id='word_1_352' title='bbox 1906 894 2121 959; x_wconf 86' lang='lat' dir='ltr'><strong>tribuit,</strong></span> <span class='ocrx_word' id='word_1_353' title='bbox 2152 894 2286 948; x_wconf 91' lang='lat' dir='ltr'><strong>nulli</strong></span> <span class='ocrx_word' id='word_1_354' title='bbox 2318 893 2541 957; x_wconf 88' lang='lat' dir='ltr'><strong>omnino</strong></span> <span class='ocrx_word' id='word_1_355' title='bbox 2584 892 2914 960; x_wconf 88' lang='lat' dir='ltr'><strong>incognitus,</strong></span> <span class='ocrx_word' id='word_1_356' title='bbox 2957 899 3207 960; x_wconf 89' lang='lat' dir='ltr'><strong>receptus</strong></span> <span class='ocrx_word' id='word_1_357' title='bbox 3223 899 3370 946; x_wconf 81' lang='lat' dir='ltr'><strong>esset</strong></span> 
     </span>
    </p>
   </div>
   <div class='ocr_carea' id='block_1_51' title="bbox 1797 987 2166 1045">
    <p class='ocr_par' dir='ltr' id='par_1_51' title="bbox 1797 987 2166 1045">
     <span class='ocr_line' id='line_1_51' title="bbox 1797 987 2166 1045; baseline -0.016 0"><span class='ocrx_word' id='word_1_358' title='bbox 1797 992 1863 1045; x_wconf 91' lang='lat' dir='ltr'><strong>ab</strong></span> <span class='ocrx_word' id='word_1_359' title='bbox 1892 987 2166 1043; x_wconf 86' lang='lat' dir='ltr'><strong>omnibus.</strong></span> 
     </span>
    </p>
   </div>
   <div class='ocr_carea' id='block_1_52' title="bbox 1870 1069 3370 1151">
    <p class='ocr_par' dir='ltr' id='par_1_52' title="bbox 1870 1069 3370 1151">
     <span class='ocr_line' id='line_1_52' title="bbox 1870 1069 3370 1151; baseline -0.009 -15"><span class='ocrx_word' id='word_1_360' title='bbox 1870 1080 2059 1151; x_wconf 82' lang='lat' dir='ltr'><strong>Neque</strong></span> <span class='ocrx_word' id='word_1_361' title='bbox 2120 1080 2186 1135; x_wconf 90' lang='lat' dir='ltr'><strong>ad</strong></span> <span class='ocrx_word' id='word_1_362' title='bbox 2215 1095 2329 1135; x_wconf 90' lang='lat' dir='ltr'><strong>rem</strong></span> <span class='ocrx_word' id='word_1_363' title='bbox 2360 1078 2490 1133; x_wconf 81' lang='lat' dir='ltr'><strong>facit</strong></span> <span class='ocrx_word' id='word_1_364' title='bbox 2526 1075 2741 1130; x_wconf 89' lang='lat' dir='ltr'><strong>laudata</strong></span> <span class='ocrx_word' id='word_1_365' title='bbox 2767 1089 2875 1128; x_wconf 91' lang='lat' dir='ltr'><strong>uno</strong></span> <span class='ocrx_word' id='word_1_366' title='bbox 2918 1073 2970 1126; x_wconf 91' lang='lat' dir='ltr'><strong>in</strong></span> <span class='ocrx_word' id='word_1_367' title='bbox 3010 1071 3129 1125; x_wconf 93' lang='lat' dir='ltr'><strong>loco</strong></span> <span class='ocrx_word' id='word_1_368' title='bbox 3161 1069 3370 1123; x_wconf 84' lang='lat' dir='ltr'><strong>Aristo-</strong></span> 
     </span>
    </p>
   </div>
   <div class='ocr_carea' id='block_1_53' title="bbox 1804 1160 3374 1238">
    <p class='ocr_par' dir='ltr' id='par_1_53' title="bbox 1804 1160 3374 1238">
     <span class='ocr_line' id='line_1_53' title="bbox 1804 1160 3374 1238; baseline -0.01 -10"><span class='ocrx_word' id='word_1_369' title='bbox 1804 1175 1922 1229; x_wconf 87' lang='lat' dir='ltr'><strong>telis</strong></span> <span class='ocrx_word' id='word_1_370' title='bbox 1967 1172 2288 1228; x_wconf 89' lang='lat' dir='ltr'><strong>auctoritas.</strong></span> <span class='ocrx_word' id='word_1_371' title='bbox 2331 1171 2404 1225; x_wconf 84' lang='lat' dir='ltr'><strong>Ea</strong></span> <span class='ocrx_word' id='word_1_372' title='bbox 2454 1168 2653 1238; x_wconf 86' lang='lat' dir='ltr'><strong>quippe</strong></span> <span class='ocrx_word' id='word_1_373' title='bbox 2686 1165 2827 1235; x_wconf 88' lang='lat' dir='ltr'><strong>apud</strong></span> <span class='ocrx_word' id='word_1_374' title='bbox 2857 1165 3065 1234; x_wconf 89' lang='lat' dir='ltr'><strong>primos</strong></span> <span class='ocrx_word' id='word_1_375' title='bbox 3114 1160 3374 1216; x_wconf 55' lang='lat' dir='ltr'><strong>Ecclesia</strong></span> 
     </span>
    </p>
   </div>
   <div class='ocr_carea' id='block_1_54' title="bbox 1802 1254 3376 1326">
    <p class='ocr_par' dir='ltr' id='par_1_54' title="bbox 1802 1254 3376 1326">
     <span class='ocr_line' id='line_1_54' title="bbox 1802 1254 3376 1326; baseline -0.009 -8"><span class='ocrx_word' id='word_1_376' title='bbox 1802 1265 1993 1319; x_wconf 82' lang='lat' dir='ltr'><strong>Patres</strong></span> <span class='ocrx_word' id='word_1_377' title='bbox 2046 1264 2249 1319; x_wconf 91' lang='lat' dir='ltr'><strong>nullius</strong></span> <span class='ocrx_word' id='word_1_378' title='bbox 2276 1270 2397 1317; x_wconf 90' lang='lat' dir='ltr'><strong>erat</strong></span> <span class='ocrx_word' id='word_1_379' title='bbox 2435 1260 2718 1325; x_wconf 90' lang='lat' dir='ltr'><strong>momenti,</strong></span> <span class='ocrx_word' id='word_1_380' title='bbox 2752 1258 2953 1326; x_wconf 84' lang='lat' dir='ltr'><strong>quippe</strong></span> <span class='ocrx_word' id='word_1_381' title='bbox 3006 1256 3097 1324; x_wconf 91' lang='lat' dir='ltr'><strong>qui</strong></span> <span class='ocrx_word' id='word_1_382' title='bbox 3132 1254 3376 1323; x_wconf 86' lang='lat' dir='ltr'><strong>philoso-</strong></span> 
     </span>
    </p>
   </div>
   <div class='ocr_carea' id='block_1_55' title="bbox 1804 1344 3377 1426">
    <p class='ocr_par' dir='ltr' id='par_1_55' title="bbox 1804 1344 3377 1426">
     <span class='ocr_line' id='line_1_55' title="bbox 1804 1344 3377 1426; baseline -0.008 -18"><span class='ocrx_word' id='word_1_383' title='bbox 1804 1357 1941 1426; x_wconf 79' lang='lat' dir='ltr'><strong>phiae</strong></span> <span class='ocrx_word' id='word_1_384' title='bbox 1988 1355 2241 1425; x_wconf 86' lang='lat' dir='ltr'><strong>dogmata</strong></span> <span class='ocrx_word' id='word_1_385' title='bbox 2295 1361 2615 1422; x_wconf 90' lang='lat' dir='ltr'><strong>respuerent</strong></span> <span class='ocrx_word' id='word_1_386' title='bbox 2638 1360 2693 1405; x_wconf 92' lang='lat' dir='ltr'><strong>et</strong></span> <span class='ocrx_word' id='word_1_387' title='bbox 2739 1359 3181 1417; x_wconf 89' lang='lat' dir='ltr'><strong>aspernarentur.</strong></span> <span class='ocrx_word' id='word_1_388' title='bbox 3205 1344 3377 1398; x_wconf 90' lang='lat' dir='ltr'><strong>Porro</strong></span> 
     </span>
    </p>
   </div>
   <div class='ocr_carea' id='block_1_56' title="bbox 1804 1442 3377 1514">
    <p class='ocr_par' dir='ltr' id='par_1_56' title="bbox 1804 1442 3377 1514">
     <span class='ocr_line' id='line_1_56' title="bbox 1804 1442 3377 1514; baseline -0.006 -14"><span class='ocrx_word' id='word_1_389' title='bbox 1804 1457 1983 1501; x_wconf 89' lang='lat' dir='ltr'><strong>autem</strong></span> <span class='ocrx_word' id='word_1_390' title='bbox 2002 1448 2047 1501; x_wconf 91' lang='lat' dir='ltr'><strong>si</strong></span> <span class='ocrx_word' id='word_1_391' title='bbox 2099 1447 2225 1514; x_wconf 85' lang='lat' dir='ltr'><strong>quid</strong></span> <span class='ocrx_word' id='word_1_392' title='bbox 2257 1461 2511 1502; x_wconf 89' lang='lat' dir='ltr'><strong>successu</strong></span> <span class='ocrx_word' id='word_1_393' title='bbox 2547 1446 2804 1513; x_wconf 90' lang='lat' dir='ltr'><strong>temporis</strong></span> <span class='ocrx_word' id='word_1_394' title='bbox 2829 1458 2893 1495; x_wconf 73' lang='lat' dir='ltr'><strong>ex</strong></span> <span class='ocrx_word' id='word_1_395' title='bbox 2928 1442 3017 1494; x_wconf 88' lang='lat' dir='ltr'><strong>illa</strong></span> <span class='ocrx_word' id='word_1_396' title='bbox 3060 1442 3377 1500; x_wconf 88' lang='lat' dir='ltr'><strong>hauserunt,</strong></span> 
     </span>
    </p>
   </div>
   <div class='ocr_carea' id='block_1_57' title="bbox 1804 1528 3379 1604">
    <p class='ocr_par' dir='ltr' id='par_1_57' title="bbox 1804 1528 3379 1604">
     <span class='ocr_line' id='line_1_57' title="bbox 1804 1528 3379 1604; baseline -0.007 -13"><span class='ocrx_word' id='word_1_397' title='bbox 1804 1538 2047 1593; x_wconf 87' lang='lat' dir='ltr'><strong>Platonis</strong></span> <span class='ocrx_word' id='word_1_398' title='bbox 2101 1538 2279 1603; x_wconf 79' lang='lat' dir='ltr'><strong>pmius</strong></span> <span class='ocrx_word' id='word_1_399' title='bbox 2315 1552 2479 1604; x_wconf 91' lang='lat' dir='ltr'><strong>quam</strong></span> <span class='ocrx_word' id='word_1_400' title='bbox 2510 1535 2822 1590; x_wconf 80' lang='lat' dir='ltr'><strong>Aristotelis</strong></span> <span class='ocrx_word' id='word_1_401' title='bbox 2860 1532 3060 1602; x_wconf 87' lang='lat' dir='ltr'><strong>placita</strong></span> <span class='ocrx_word' id='word_1_402' title='bbox 3087 1540 3142 1583; x_wconf 93' lang='lat' dir='ltr'><strong>et</strong></span> <span class='ocrx_word' id='word_1_403' title='bbox 3173 1528 3379 1583; x_wconf 87' lang='lat' dir='ltr'><strong>doctri-</strong></span> 
     </span>
    </p>
   </div>
   <div class='ocr_carea' id='block_1_58' title="bbox 1807 1624 2435 1698">
    <p class='ocr_par' dir='ltr' id='par_1_58' title="bbox 1807 1624 2435 1698">
     <span class='ocr_line' id='line_1_58' title="bbox 1807 1624 2435 1698; baseline -0.006 -13"><span class='ocrx_word' id='word_1_404' title='bbox 1807 1647 1932 1685; x_wconf 91' lang='lat' dir='ltr'><strong>nam</strong></span> <span class='ocrx_word' id='word_1_405' title='bbox 1963 1638 2092 1684; x_wconf 89' lang='lat' dir='ltr'><strong>sunt</strong></span> <span class='ocrx_word' id='word_1_406' title='bbox 2118 1624 2435 1698; x_wconf 81' lang='lat' dir='ltr'><strong>amplexati.</strong></span> 
     </span>
    </p>
   </div>
   <div class='ocr_carea' id='block_1_59' title="bbox 2408 1741 2776 1799">
    <p class='ocr_par' dir='ltr' id='par_1_59' title="bbox 2408 1741 2776 1799">
     <span class='ocr_line' id='line_1_59' title="bbox 2408 1741 2776 1799; baseline -0.003 0"><span class='ocrx_word' id='word_1_407' title='bbox 2408 1742 2638 1799; x_wconf 82' lang='lat' dir='ltr'><strong>CAPUT</strong></span> <span class='ocrx_word' id='word_1_408' title='bbox 2667 1741 2776 1798; x_wconf 81' lang='lat' dir='ltr'><strong>XV.</strong></span> 
     </span>
    </p>
   </div>
   <div class='ocr_carea' id='block_1_60' title="bbox 1816 1854 3383 1929">
    <p class='ocr_par' dir='ltr' id='par_1_60' title="bbox 1816 1854 3383 1929">
     <span class='ocr_line' id='line_1_60' title="bbox 1816 1854 3383 1929; baseline -0.005 -16"><span class='ocrx_word' id='word_1_409' title='bbox 1816 1857 2031 1913; x_wconf 73' lang='lat' dir='ltr'><strong>Sextum</strong></span> <span class='ocrx_word' id='word_1_410' title='bbox 2083 1868 2473 1929; x_wconf 81' lang='lat' dir='ltr'><strong>argumentum,</strong></span> <span class='ocrx_word' id='word_1_411' title='bbox 2514 1876 2578 1912; x_wconf 72' lang='lat' dir='ltr'><strong>ea;</strong></span> <span class='ocrx_word' id='word_1_412' title='bbox 2609 1858 2673 1910; x_wconf 80' lang='lat' dir='ltr'><strong>iis</strong></span> <span class='ocrx_word' id='word_1_413' title='bbox 2708 1871 2827 1925; x_wconf 69' lang='lat' dir='ltr'><strong>qua!</strong></span> <span class='ocrx_word' id='word_1_414' title='bbox 2859 1864 3059 1929; x_wconf 77' lang='lat' dir='ltr'><strong>auctor</strong></span> <span class='ocrx_word' id='word_1_415' title='bbox 3102 1862 3277 1929; x_wconf 76' lang='lat' dir='ltr'><strong>noster</strong></span> <span class='ocrx_word' id='word_1_416' title='bbox 3316 1854 3383 1905; x_wconf 84' lang='lat' dir='ltr'><strong>de</strong></span> 
     </span>
    </p>
   </div>
   <div class='ocr_carea' id='block_1_61' title="bbox 1883 1923 3381 2005">
    <p class='ocr_par' dir='ltr' id='par_1_61' title="bbox 1883 1923 3381 2005">
     <span class='ocr_line' id='line_1_61' title="bbox 1883 1923 3381 2005; baseline -0.007 -22"><span class='ocrx_word' id='word_1_417' title='bbox 1883 1923 2168 1983; x_wconf 55' lang='lat' dir='ltr'><strong>monachis</strong></span> <span class='ocrx_word' id='word_1_418' title='bbox 2195 1946 2480 2005; x_wconf 73' lang='lat' dir='ltr'><strong>eorumque</strong></span> <span class='ocrx_word' id='word_1_419' title='bbox 2524 1929 2656 2005; x_wconf 64' lang='lat' dir='ltr'><strong>votis</strong></span> <span class='ocrx_word' id='word_1_420' title='bbox 2681 1923 2742 1980; x_wconf 74' lang='lat' dir='ltr'><strong>ac</strong></span> <span class='ocrx_word' id='word_1_421' title='bbox 2786 1928 3006 1980; x_wconf 80' lang='lat' dir='ltr'><strong>solemni</strong></span> <span class='ocrx_word' id='word_1_422' title='bbox 3049 1923 3381 1994; x_wconf 75' lang='lat' dir='ltr'><strong>professione</strong></span> 
     </span>
    </p>
   </div>
   <div class='ocr_carea' id='block_1_62' title="bbox 1881 2001 2447 2058">
    <p class='ocr_par' dir='ltr' id='par_1_62' title="bbox 1881 2001 2447 2058">
     <span class='ocr_line' id='line_1_62' title="bbox 1881 2001 2447 2058; baseline 0.007 -6"><span class='ocrx_word' id='word_1_423' title='bbox 1881 2011 2162 2058; x_wconf 75' lang='lat' dir='ltr'><strong>meruerat.</strong></span> <span class='ocrx_word' id='word_1_424' title='bbox 2186 2001 2447 2056; x_wconf 78' lang='lat' dir='ltr'><strong>elicitum.</strong></span> 
     </span>
    </p>
   </div>
   <div class='ocr_carea' id='block_1_63' title="bbox 1888 2084 3383 2158">
    <p class='ocr_par' dir='ltr' id='par_1_63' title="bbox 1888 2084 3383 2158">
     <span class='ocr_line' id='line_1_63' title="bbox 1888 2084 3383 2158; baseline -0.007 -12"><span class='ocrx_word' id='word_1_425' title='bbox 1888 2093 1979 2146; x_wconf 89' lang='lat' dir='ltr'><strong>llla</strong></span> <span class='ocrx_word' id='word_1_426' title='bbox 2004 2108 2135 2147; x_wconf 89' lang='lat' dir='ltr'><strong>vero</strong></span> <span class='ocrx_word' id='word_1_427' title='bbox 2167 2102 2443 2148; x_wconf 88' lang='lat' dir='ltr'><strong>auctorem</strong></span> <span class='ocrx_word' id='word_1_428' title='bbox 2475 2100 2717 2145; x_wconf 89' lang='lat' dir='ltr'><strong>nostrum</strong></span> <span class='ocrx_word' id='word_1_429' title='bbox 2752 2098 2876 2158; x_wconf 89' lang='lat' dir='ltr'><strong>post</strong></span> <span class='ocrx_word' id='word_1_430' title='bbox 2918 2086 3156 2157; x_wconf 87' lang='lat' dir='ltr'><strong>Dionysii</strong></span> <span class='ocrx_word' id='word_1_431' title='bbox 3208 2084 3383 2139; x_wconf 79' lang='lat' dir='ltr'><strong>Areo-</strong></span> 
     </span>
    </p>
   </div>
   <div class='ocr_carea' id='block_1_64' title="bbox 1815 2181 3383 2254">
    <p class='ocr_par' dir='ltr' id='par_1_64' title="bbox 1815 2181 3383 2254">
     <span class='ocr_line' id='line_1_64' title="bbox 1815 2181 3383 2254; baseline -0.006 -17"><span class='ocrx_word' id='word_1_432' title='bbox 1815 2185 2007 2254; x_wconf 68' lang='lat' dir='ltr'><strong>pagitaz</strong></span> <span class='ocrx_word' id='word_1_433' title='bbox 2028 2186 2451 2245; x_wconf 75' lang='lat' dir='ltr'><strong>:etatemvixisse</strong></span> <span class='ocrx_word' id='word_1_434' title='bbox 2488 2184 2793 2238; x_wconf 91' lang='lat' dir='ltr'><strong>luculenter</strong></span> <span class='ocrx_word' id='word_1_435' title='bbox 2830 2181 3229 2241; x_wconf 87' lang='lat' dir='ltr'><strong>demonstrant,</strong></span> <span class='ocrx_word' id='word_1_436' title='bbox 3260 2190 3383 2245; x_wconf 67' lang='lat' dir='ltr'><strong>quae</strong></span> 
     </span>
    </p>
   </div>
   <div class='ocr_carea' id='block_1_65' title="bbox 1815 2272 3384 2337">
    <p class='ocr_par' dir='ltr' id='par_1_65' title="bbox 1815 2272 3384 2337">
     <span class='ocr_line' id='line_1_65' title="bbox 1815 2272 3384 2337; baseline -0.006 -9"><span class='ocrx_word' id='word_1_437' title='bbox 1815 2282 1883 2329; x_wconf 88' lang='lat' dir='ltr'><strong>ab</strong></span> <span class='ocrx_word' id='word_1_438' title='bbox 1915 2289 1980 2329; x_wconf 89' lang='lat' dir='ltr'><strong>eo</strong></span> <span class='ocrx_word' id='word_1_439' title='bbox 2007 2273 2156 2328; x_wconf 89' lang='lat' dir='ltr'><strong>hisce</strong></span> <span class='ocrx_word' id='word_1_440' title='bbox 2181 2284 2233 2326; x_wconf 82' lang='lat' dir='ltr'><strong>tn</strong></span> <span class='ocrx_word' id='word_1_441' title='bbox 2258 2273 2725 2327; x_wconf 81' lang='lat' dir='ltr'><strong>lucubrationibus</strong></span> <span class='ocrx_word' id='word_1_442' title='bbox 2754 2275 2819 2326; x_wconf 90' lang='lat' dir='ltr'><strong>de</strong></span> <span class='ocrx_word' id='word_1_443' title='bbox 2848 2272 3233 2326; x_wconf 87' lang='lat' dir='ltr'><strong>monachorum</strong></span> <span class='ocrx_word' id='word_1_444' title='bbox 3262 2282 3384 2337; x_wconf 83' lang='lat' dir='ltr'><strong>pro-</strong></span> 
     </span>
    </p>
   </div>
   <div class='ocr_carea' id='block_1_66' title="bbox 1817 2361 3381 2434">
    <p class='ocr_par' dir='ltr' id='par_1_66' title="bbox 1817 2361 3381 2434">
     <span class='ocr_line' id='line_1_66' title="bbox 1817 2361 3381 2434; baseline -0.004 -16"><span class='ocrx_word' id='word_1_445' title='bbox 1817 2365 2053 2422; x_wconf 86' lang='lat' dir='ltr'><strong>fessione</strong></span> <span class='ocrx_word' id='word_1_446' title='bbox 2104 2375 2160 2421; x_wconf 90' lang='lat' dir='ltr'><strong>et</strong></span> <span class='ocrx_word' id='word_1_447' title='bbox 2215 2365 2409 2421; x_wconf 89' lang='lat' dir='ltr'><strong>ordine</strong></span> <span class='ocrx_word' id='word_1_448' title='bbox 2461 2366 2785 2434; x_wconf 90' lang='lat' dir='ltr'><strong>produntur.</strong></span> <span class='ocrx_word' id='word_1_449' title='bbox 2831 2364 2906 2419; x_wconf 90' lang='lat' dir='ltr'><strong>lbi</strong></span> <span class='ocrx_word' id='word_1_450' title='bbox 2951 2364 3097 2417; x_wconf 89' lang='lat' dir='ltr'><strong>enim</strong></span> <span class='ocrx_word' id='word_1_451' title='bbox 3143 2361 3232 2416; x_wconf 92' lang='lat' dir='ltr'><strong>ille</strong></span> <span class='ocrx_word' id='word_1_452' title='bbox 3277 2376 3381 2414; x_wconf 93' lang='lat' dir='ltr'><strong>non</strong></span> 
     </span>
    </p>
   </div>
   <div class='ocr_carea' id='block_1_67' title="bbox 1816 2456 3388 2514">
    <p class='ocr_par' dir='ltr' id='par_1_67' title="bbox 1816 2456 3388 2514">
     <span class='ocr_line' id='line_1_67' title="bbox 1816 2456 3388 2514; baseline -0.008 -1"><span class='ocrx_word' id='word_1_453' title='bbox 1816 2460 2052 2514; x_wconf 87' lang='lat' dir='ltr'><strong>obscure</strong></span> <span class='ocrx_word' id='word_1_454' title='bbox 2081 2458 2242 2514; x_wconf 91' lang='lat' dir='ltr'><strong>docet</strong></span> <span class='ocrx_word' id='word_1_455' title='bbox 2271 2459 2416 2513; x_wconf 81' lang='lat' dir='ltr'><strong>hunc</strong></span> <span class='ocrx_word' id='word_1_456' title='bbox 2442 2458 2833 2513; x_wconf 89' lang='lat' dir='ltr'><strong>monachorum</strong></span> <span class='ocrx_word' id='word_1_457' title='bbox 2864 2456 3107 2510; x_wconf 86' lang='lat' dir='ltr'><strong>ordinem</strong></span> <span class='ocrx_word' id='word_1_458' title='bbox 3137 2463 3261 2506; x_wconf 86' lang='lat' dir='ltr'><strong>ante</strong></span> <span class='ocrx_word' id='word_1_459' title='bbox 3289 2466 3388 2505; x_wconf 82' lang='lat' dir='ltr'><strong>sua</strong></span> 
     </span>
    </p>
   </div>
   <div class='ocr_carea' id='block_1_68' title="bbox 1819 2543 3385 2621">
    <p class='ocr_par' dir='ltr' id='par_1_68' title="bbox 1819 2543 3385 2621">
     <span class='ocr_line' id='line_1_68' title="bbox 1819 2543 3385 2621; baseline -0.007 -17"><span class='ocrx_word' id='word_1_460' title='bbox 1819 2561 2061 2621; x_wconf 88' lang='lat' dir='ltr'><strong>tempora</strong></span> <span class='ocrx_word' id='word_1_461' title='bbox 2120 2551 2288 2605; x_wconf 82' lang='lat' dir='ltr'><strong>fuisse</strong></span> <span class='ocrx_word' id='word_1_462' title='bbox 2342 2551 2682 2612; x_wconf 88' lang='lat' dir='ltr'><strong>institutum;</strong></span> <span class='ocrx_word' id='word_1_463' title='bbox 2723 2548 2999 2616; x_wconf 84' lang='lat' dir='ltr'><strong>traditque</strong></span> <span class='ocrx_word' id='word_1_464' title='bbox 3039 2543 3385 2614; x_wconf 84' lang='lat' dir='ltr'><strong>apertissime</strong></span> 
     </span>
    </p>
   </div>
   <div class='ocr_carea' id='block_1_69' title="bbox 1816 2634 3393 2708">
    <p class='ocr_par' dir='ltr' id='par_1_69' title="bbox 1816 2634 3393 2708">
     <span class='ocr_line' id='line_1_69' title="bbox 1816 2634 3393 2708; baseline -0.004 -15"><span class='ocrx_word' id='word_1_465' title='bbox 1816 2654 2005 2693; x_wconf 82' lang='lat' dir='ltr'><strong>eorum</strong></span> <span class='ocrx_word' id='word_1_466' title='bbox 2039 2638 2436 2708; x_wconf 79' lang='lat' dir='ltr'><strong>professionem</strong></span> <span class='ocrx_word' id='word_1_467' title='bbox 2466 2656 2531 2694; x_wconf 86' lang='lat' dir='ltr'><strong>ac</strong></span> <span class='ocrx_word' id='word_1_468' title='bbox 2558 2650 2679 2694; x_wconf 86' lang='lat' dir='ltr'><strong>vota</strong></span> <span class='ocrx_word' id='word_1_469' title='bbox 2724 2639 3021 2692; x_wconf 89' lang='lat' dir='ltr'><strong>monastica</strong></span> <span class='ocrx_word' id='word_1_470' title='bbox 3056 2634 3393 2691; x_wconf 87' lang='lat' dir='ltr'><strong>solemnibus</strong></span> 
     </span>
    </p>
   </div>
   <div class='ocr_carea' id='block_1_70' title="bbox 1817 2729 3388 2798">
    <p class='ocr_par' dir='ltr' id='par_1_70' title="bbox 1817 2729 3388 2798">
     <span class='ocr_line' id='line_1_70' title="bbox 1817 2729 3388 2798; baseline -0.004 -16"><span class='ocrx_word' id='word_1_471' title='bbox 1817 2743 1881 2782; x_wconf 88' lang='lat' dir='ltr'><strong>ac</strong></span> <span class='ocrx_word' id='word_1_472' title='bbox 1911 2731 2165 2798; x_wconf 90' lang='lat' dir='ltr'><strong>publicis,</strong></span> <span class='ocrx_word' id='word_1_473' title='bbox 2209 2747 2315 2786; x_wconf 89' lang='lat' dir='ltr'><strong>non</strong></span> <span class='ocrx_word' id='word_1_474' title='bbox 2366 2746 2523 2789; x_wconf 90' lang='lat' dir='ltr'><strong>secus</strong></span> <span class='ocrx_word' id='word_1_475' title='bbox 2565 2746 2629 2785; x_wconf 90' lang='lat' dir='ltr'><strong>ac</strong></span> <span class='ocrx_word' id='word_1_476' title='bbox 2664 2730 2864 2785; x_wconf 65' lang='lat' dir='ltr'><strong>smculo</strong></span> <span class='ocrx_word' id='word_1_477' title='bbox 2890 2729 3081 2798; x_wconf 90' lang='lat' dir='ltr'><strong>quinto</strong></span> <span class='ocrx_word' id='word_1_478' title='bbox 3114 2737 3168 2781; x_wconf 93' lang='lat' dir='ltr'><strong>et</strong></span> <span class='ocrx_word' id='word_1_479' title='bbox 3209 2735 3388 2786; x_wconf 80' lang='lat' dir='ltr'><strong>sexto,</strong></span> 
     </span>
    </p>
   </div>
   <div class='ocr_carea' id='block_1_71' title="bbox 1818 2815 3391 2892">
    <p class='ocr_par' dir='ltr' id='par_1_71' title="bbox 1818 2815 3391 2892">
     <span class='ocr_line' id='line_1_71' title="bbox 1818 2815 3391 2892; baseline -0.005 -17"><span class='ocrx_word' id='word_1_480' title='bbox 1818 2821 2159 2878; x_wconf 59' lang='lat' dir='ltr'><strong>caeremoniis</strong></span> <span class='ocrx_word' id='word_1_481' title='bbox 2218 2822 2385 2879; x_wconf 88' lang='lat' dir='ltr'><strong>fuisse</strong></span> <span class='ocrx_word' id='word_1_482' title='bbox 2416 2825 2638 2879; x_wconf 86' lang='lat' dir='ltr'><strong>emissa.</strong></span> <span class='ocrx_word' id='word_1_483' title='bbox 2683 2824 2783 2885; x_wconf 35' lang='lat' dir='ltr'><strong>At,</strong></span> <span class='ocrx_word' id='word_1_484' title='bbox 2812 2830 3178 2892; x_wconf 67' lang='lat' dir='ltr'><strong>praeterquam</strong></span> <span class='ocrx_word' id='word_1_485' title='bbox 3244 2815 3391 2885; x_wconf 83' lang='lat' dir='ltr'><strong>quod</strong></span> 
     </span>
    </p>
   </div>
   <div class='ocr_carea' id='block_1_72' title="bbox 1819 2907 3389 2982">
    <p class='ocr_par' dir='ltr' id='par_1_72' title="bbox 1819 2907 3389 2982">
     <span class='ocr_line' id='line_1_72' title="bbox 1819 2907 3389 2982; baseline -0.004 -15"><span class='ocrx_word' id='word_1_486' title='bbox 1819 2914 2062 2982; x_wconf 83' lang='lat' dir='ltr'><strong>priorum</strong></span> <span class='ocrx_word' id='word_1_487' title='bbox 2107 2913 2369 2970; x_wconf 73' lang='lat' dir='ltr'><strong>Ecclesia:</strong></span> <span class='ocrx_word' id='word_1_488' title='bbox 2403 2916 2728 2970; x_wconf 84' lang='lat' dir='ltr'><strong>saeculorum</strong></span> <span class='ocrx_word' id='word_1_489' title='bbox 2780 2914 3097 2982; x_wconf 89' lang='lat' dir='ltr'><strong>scriptores,</strong></span> <span class='ocrx_word' id='word_1_490' title='bbox 3143 2920 3305 2978; x_wconf 89' lang='lat' dir='ltr'><strong>atque</strong></span> <span class='ocrx_word' id='word_1_491' title='bbox 3353 2907 3389 2961; x_wconf 92' lang='lat' dir='ltr'><strong>ii</strong></span> 
     </span>
    </p>
   </div>
   <div class='ocr_carea' id='block_1_73' title="bbox 1819 2998 3391 3076">
    <p class='ocr_par' dir='ltr' id='par_1_73' title="bbox 1819 2998 3391 3076">
     <span class='ocr_line' id='line_1_73' title="bbox 1819 2998 3391 3076; baseline -0.006 -18"><span class='ocrx_word' id='word_1_492' title='bbox 1819 3004 1983 3058; x_wconf 77' lang='lat' dir='ltr'><strong>etiam</strong></span> <span class='ocrx_word' id='word_1_493' title='bbox 2016 3005 2115 3075; x_wconf 90' lang='lat' dir='ltr'><strong>ipsi</strong></span> <span class='ocrx_word' id='word_1_494' title='bbox 2148 3007 2240 3075; x_wconf 91' lang='lat' dir='ltr'><strong>qui</strong></span> <span class='ocrx_word' id='word_1_495' title='bbox 2269 3007 2337 3060; x_wconf 92' lang='lat' dir='ltr'><strong>de</strong></span> <span class='ocrx_word' id='word_1_496' title='bbox 2363 3006 2589 3076; x_wconf 88' lang='lat' dir='ltr'><strong>singulis</strong></span> <span class='ocrx_word' id='word_1_497' title='bbox 2622 3004 3060 3060; x_wconf 77' lang='lat' dir='ltr'><strong>Christianorum</strong></span> <span class='ocrx_word' id='word_1_498' title='bbox 3106 2998 3391 3054; x_wconf 88' lang='lat' dir='ltr'><strong>ordinibus</strong></span> 
     </span>
    </p>
   </div>
   <div class='ocr_carea' id='block_1_74' title="bbox 1824 3090 3388 3168">
    <p class='ocr_par' dir='ltr' id='par_1_74' title="bbox 1824 3090 3388 3168">
     <span class='ocr_line' id='line_1_74' title="bbox 1824 3090 3388 3168; baseline -0.005 -19"><span class='ocrx_word' id='word_1_499' title='bbox 1824 3096 2134 3152; x_wconf 89' lang='lat' dir='ltr'><strong>accuratius</strong></span> <span class='ocrx_word' id='word_1_500' title='bbox 2157 3098 2349 3151; x_wconf 86' lang='lat' dir='ltr'><strong>iisdem</strong></span> <span class='ocrx_word' id='word_1_501' title='bbox 2385 3097 2716 3168; x_wconf 89' lang='lat' dir='ltr'><strong>temporibus</strong></span> <span class='ocrx_word' id='word_1_502' title='bbox 2748 3096 3150 3159; x_wconf 87' lang='lat' dir='ltr'><strong>disseruerunt,</strong></span> <span class='ocrx_word' id='word_1_503' title='bbox 3184 3090 3388 3144; x_wconf 88' lang='lat' dir='ltr'><strong>nullam</strong></span> 
     </span>
    </p>
   </div>
   <div class='ocr_carea' id='block_1_75' title="bbox 1828 3180 3398 3258">
    <p class='ocr_par' dir='ltr' id='par_1_75' title="bbox 1828 3180 3398 3258">
     <span class='ocr_line' id='line_1_75' title="bbox 1828 3180 3398 3258; baseline -0.004 -18"><span class='ocrx_word' id='word_1_504' title='bbox 1828 3188 2117 3242; x_wconf 88' lang='lat' dir='ltr'><strong>monastici</strong></span> <span class='ocrx_word' id='word_1_505' title='bbox 2166 3189 2378 3243; x_wconf 88' lang='lat' dir='ltr'><strong>ordinis</strong></span> <span class='ocrx_word' id='word_1_506' title='bbox 2429 3190 2891 3244; x_wconf 86' lang='lat' dir='ltr'><strong>monachorumve</strong></span> <span class='ocrx_word' id='word_1_507' title='bbox 2937 3184 3290 3258; x_wconf 91' lang='lat' dir='ltr'><strong>professionis</strong></span> <span class='ocrx_word' id='word_1_508' title='bbox 3318 3180 3398 3234; x_wconf 84' lang='lat' dir='ltr'><strong>fe-</strong></span> 
     </span>
    </p>
   </div>
   <div class='ocr_carea' id='block_1_76' title="bbox 1825 3276 3397 3351">
    <p class='ocr_par' dir='ltr' id='par_1_76' title="bbox 1825 3276 3397 3351">
     <span class='ocr_line' id='line_1_76' title="bbox 1825 3276 3397 3351; baseline -0.005 -19"><span class='ocrx_word' id='word_1_509' title='bbox 1825 3292 1952 3333; x_wconf 89' lang='lat' dir='ltr'><strong>cere</strong></span> <span class='ocrx_word' id='word_1_510' title='bbox 1980 3278 2338 3351; x_wconf 83' lang='lat' dir='ltr'><strong>mentionem,</strong></span> <span class='ocrx_word' id='word_1_511' title='bbox 2370 3289 2522 3333; x_wconf 90' lang='lat' dir='ltr'><strong>certe</strong></span> <span class='ocrx_word' id='word_1_512' title='bbox 2552 3278 2771 3346; x_wconf 89' lang='lat' dir='ltr'><strong>quidam</strong></span> <span class='ocrx_word' id='word_1_513' title='bbox 2793 3276 3147 3332; x_wconf 89' lang='lat' dir='ltr'><strong>eruditissimi</strong></span> <span class='ocrx_word' id='word_1_514' title='bbox 3172 3284 3227 3329; x_wconf 93' lang='lat' dir='ltr'><strong>et</strong></span> <span class='ocrx_word' id='word_1_515' title='bbox 3257 3285 3397 3326; x_wconf 85' lang='lat' dir='ltr'><strong>anu-</strong></span> 
     </span>
    </p>
   </div>
   <div class='ocr_carea' id='block_1_77' title="bbox 1825 3358 3395 3441">
    <p class='ocr_par' dir='ltr' id='par_1_77' title="bbox 1825 3358 3395 3441">
     <span class='ocr_line' id='line_1_77' title="bbox 1825 3358 3395 3441; baseline -0.003 -17"><span class='ocrx_word' id='word_1_516' title='bbox 1825 3373 2075 3440; x_wconf 90' lang='lat' dir='ltr'><strong>quissimi</strong></span> <span class='ocrx_word' id='word_1_517' title='bbox 2109 3388 2291 3427; x_wconf 89' lang='lat' dir='ltr'><strong>rerum</strong></span> <span class='ocrx_word' id='word_1_518' title='bbox 2346 3373 2778 3427; x_wconf 86' lang='lat' dir='ltr'><strong>monasticarum</strong></span> <span class='ocrx_word' id='word_1_519' title='bbox 2828 3358 3172 3441; x_wconf 64' lang='lat' dir='ltr'><strong>indagatores</strong></span> <span class='ocrx_word' id='word_1_520' title='bbox 3208 3384 3395 3423; x_wconf 89' lang='lat' dir='ltr'><strong>earum</strong></span> 
     </span>
    </p>
   </div>
   <div class='ocr_carea' id='block_1_78' title="bbox 1825 3461 3396 3537">
    <p class='ocr_par' dir='ltr' id='par_1_78' title="bbox 1825 3461 3396 3537">
     <span class='ocr_line' id='line_1_78' title="bbox 1825 3461 3396 3537; baseline -0.003 -16"><span class='ocrx_word' id='word_1_521' title='bbox 1825 3466 2093 3537; x_wconf 86' lang='lat' dir='ltr'><strong>originem</strong></span> <span class='ocrx_word' id='word_1_522' title='bbox 2124 3465 2191 3520; x_wconf 87' lang='lat' dir='ltr'><strong>ad</strong></span> <span class='ocrx_word' id='word_1_523' title='bbox 2230 3464 2449 3530; x_wconf 87' lang='lat' dir='ltr'><strong>Paulos,</strong></span> <span class='ocrx_word' id='word_1_524' title='bbox 2481 3464 2751 3519; x_wconf 88' lang='lat' dir='ltr'><strong>Antonios</strong></span> <span class='ocrx_word' id='word_1_525' title='bbox 2790 3463 3227 3531; x_wconf 88' lang='lat' dir='ltr'><strong>Pachomiosque</strong></span> <span class='ocrx_word' id='word_1_526' title='bbox 3257 3461 3396 3517; x_wconf 84' lang='lat' dir='ltr'><strong>refe-</strong></span> 
     </span>
    </p>
   </div>
   <div class='ocr_carea' id='block_1_79' title="bbox 1830 3555 3397 3628">
    <p class='ocr_par' dir='ltr' id='par_1_79' title="bbox 1830 3555 3397 3628">
     <span class='ocr_line' id='line_1_79' title="bbox 1830 3555 3397 3628; baseline -0.003 -18"><span class='ocrx_word' id='word_1_527' title='bbox 1830 3568 1976 3612; x_wconf 91' lang='lat' dir='ltr'><strong>runt.</strong></span> <span class='ocrx_word' id='word_1_528' title='bbox 2005 3557 2099 3613; x_wconf 88' lang='lat' dir='ltr'><strong>His</strong></span> <span class='ocrx_word' id='word_1_529' title='bbox 2128 3574 2257 3628; x_wconf 84' lang='lat' dir='ltr'><strong>ergo</strong></span> <span class='ocrx_word' id='word_1_530' title='bbox 2287 3567 2479 3612; x_wconf 84' lang='lat' dir='ltr'><strong>auctor</strong></span> <span class='ocrx_word' id='word_1_531' title='bbox 2532 3566 2717 3611; x_wconf 88' lang='lat' dir='ltr'><strong>noster</strong></span> <span class='ocrx_word' id='word_1_532' title='bbox 2749 3558 3019 3625; x_wconf 86' lang='lat' dir='ltr'><strong>posterior</strong></span> <span class='ocrx_word' id='word_1_533' title='bbox 3070 3569 3190 3610; x_wconf 77' lang='lat' dir='ltr'><strong>eSse</strong></span> <span class='ocrx_word' id='word_1_534' title='bbox 3216 3555 3397 3616; x_wconf 88' lang='lat' dir='ltr'><strong>debet,</strong></span> 
     </span>
    </p>
   </div>
   <div class='ocr_carea' id='block_1_80' title="bbox 1829 3650 2954 3723">
    <p class='ocr_par' dir='ltr' id='par_1_80' title="bbox 1829 3650 2954 3723">
     <span class='ocr_line' id='line_1_80' title="bbox 1829 3650 2954 3723; baseline -0.003 -17"><span class='ocrx_word' id='word_1_535' title='bbox 1829 3668 1929 3707; x_wconf 90' lang='lat' dir='ltr'><strong>nec</strong></span> <span class='ocrx_word' id='word_1_536' title='bbox 1955 3652 2241 3723; x_wconf 87' lang='lat' dir='ltr'><strong>Dionysius</strong></span> <span class='ocrx_word' id='word_1_537' title='bbox 2269 3651 2597 3720; x_wconf 81' lang='lat' dir='ltr'><strong>Arcopagita</strong></span> <span class='ocrx_word' id='word_1_538' title='bbox 2616 3650 2723 3703; x_wconf 92' lang='lat' dir='ltr'><strong>dici</strong></span> <span class='ocrx_word' id='word_1_539' title='bbox 2758 3658 2954 3717; x_wconf 87' lang='lat' dir='ltr'><strong>potest.</strong></span> 
     </span>
    </p>
   </div>
   <div class='ocr_carea' id='block_1_81' title="bbox 1900 3741 3401 3815">
    <p class='ocr_par' dir='ltr' id='par_1_81' title="bbox 1900 3741 3401 3815">
     <span class='ocr_line' id='line_1_81' title="bbox 1900 3741 3401 3815; baseline -0.003 -16"><span class='ocrx_word' id='word_1_540' title='bbox 1900 3744 2267 3815; x_wconf 82' lang='lat' dir='ltr'><strong>Areopagitici</strong></span> <span class='ocrx_word' id='word_1_541' title='bbox 2299 3752 2476 3797; x_wconf 86' lang='lat' dir='ltr'><strong>tamen</strong></span> <span class='ocrx_word' id='word_1_542' title='bbox 2505 3743 2650 3796; x_wconf 90' lang='lat' dir='ltr'><strong>hunc</strong></span> <span class='ocrx_word' id='word_1_543' title='bbox 2678 3757 2783 3797; x_wconf 92' lang='lat' dir='ltr'><strong>non</strong></span> <span class='ocrx_word' id='word_1_544' title='bbox 2812 3741 3022 3811; x_wconf 80' lang='lat' dir='ltr'><strong>exiguae</strong></span> <span class='ocrx_word' id='word_1_545' title='bbox 3067 3741 3401 3796; x_wconf 83' lang='lat' dir='ltr'><strong>diﬂicultatis</strong></span> 
     </span>
    </p>
   </div>
   <div class='ocr_carea' id='block_1_82' title="bbox 1831 3834 3401 3898">
    <p class='ocr_par' dir='ltr' id='par_1_82' title="bbox 1831 3834 3401 3898">
     <span class='ocr_line' id='line_1_82' title="bbox 1831 3834 3401 3898; baseline -0.006 -3"><span class='ocrx_word' id='word_1_546' title='bbox 1831 3841 2033 3895; x_wconf 91' lang='lat' dir='ltr'><strong>nodum</strong></span> <span class='ocrx_word' id='word_1_547' title='bbox 2068 3839 2211 3893; x_wconf 82' lang='lat' dir='ltr'><strong>haud</strong></span> <span class='ocrx_word' id='word_1_548' title='bbox 2236 3836 2525 3891; x_wconf 79' lang='lat' dir='ltr'><strong>diﬂieulter</strong></span> <span class='ocrx_word' id='word_1_549' title='bbox 2553 3851 2614 3892; x_wconf 89' lang='lat' dir='ltr'><strong>se</strong></span> <span class='ocrx_word' id='word_1_550' title='bbox 2656 3836 2870 3890; x_wconf 88' lang='lat' dir='ltr'><strong>solvere</strong></span> <span class='ocrx_word' id='word_1_551' title='bbox 2908 3836 3267 3898; x_wconf 88' lang='lat' dir='ltr'><strong>arbitrantur,</strong></span> <span class='ocrx_word' id='word_1_552' title='bbox 3299 3834 3401 3888; x_wconf 89' lang='lat' dir='ltr'><strong>du-</strong></span> 
     </span>
    </p>
   </div>
   <div class='ocr_carea' id='block_1_83' title="bbox 1833 3925 3401 4002">
    <p class='ocr_par' dir='ltr' id='par_1_83' title="bbox 1833 3925 3401 4002">
     <span class='ocr_line' id='line_1_83' title="bbox 1833 3925 3401 4002; baseline -0.006 -16"><span class='ocrx_word' id='word_1_553' title='bbox 1833 3933 1987 4002; x_wconf 87' lang='lat' dir='ltr'><strong>plicis</strong></span> <span class='ocrx_word' id='word_1_554' title='bbox 2016 3929 2406 3986; x_wconf 87' lang='lat' dir='ltr'><strong>monachorum</strong></span> <span class='ocrx_word' id='word_1_555' title='bbox 2438 3929 2651 3997; x_wconf 91' lang='lat' dir='ltr'><strong>generis</strong></span> <span class='ocrx_word' id='word_1_556' title='bbox 2676 3926 3051 3981; x_wconf 90' lang='lat' dir='ltr'><strong>distinctione.</strong></span> <span class='ocrx_word' id='word_1_557' title='bbox 3075 3925 3233 3979; x_wconf 88' lang='lat' dir='ltr'><strong>Aliud</strong></span> <span class='ocrx_word' id='word_1_558' title='bbox 3257 3926 3401 3978; x_wconf 91' lang='lat' dir='ltr'><strong>enim</strong></span> 
     </span>
    </p>
   </div>
   <div class='ocr_carea' id='block_1_84' title="bbox 1833 4015 3401 4093">
    <p class='ocr_par' dir='ltr' id='par_1_84' title="bbox 1833 4015 3401 4093">
     <span class='ocr_line' id='line_1_84' title="bbox 1833 4015 3401 4093; baseline -0.008 -14"><span class='ocrx_word' id='word_1_559' title='bbox 1833 4038 1956 4079; x_wconf 85' lang='lat' dir='ltr'><strong>esse</strong></span> <span class='ocrx_word' id='word_1_560' title='bbox 1987 4023 2143 4077; x_wconf 88' lang='lat' dir='ltr'><strong>aiunt</strong></span> <span class='ocrx_word' id='word_1_561' title='bbox 2170 4037 2343 4093; x_wconf 90' lang='lat' dir='ltr'><strong>genus</strong></span> <span class='ocrx_word' id='word_1_562' title='bbox 2393 4020 2791 4074; x_wconf 74' lang='lat' dir='ltr'><strong>emnobitarum</strong></span> <span class='ocrx_word' id='word_1_563' title='bbox 2824 4032 2878 4071; x_wconf 93' lang='lat' dir='ltr'><strong>et</strong></span> <span class='ocrx_word' id='word_1_564' title='bbox 2912 4017 3285 4078; x_wconf 85' lang='lat' dir='ltr'><strong>eremitarum,</strong></span> <span class='ocrx_word' id='word_1_565' title='bbox 3308 4015 3401 4083; x_wconf 91' lang='lat' dir='ltr'><strong>qui</strong></span> 
     </span>
    </p>
   </div>
   <div class='ocr_carea' id='block_1_85' title="bbox 1835 4108 3403 4187">
    <p class='ocr_par' dir='ltr' id='par_1_85' title="bbox 1835 4108 3403 4187">
     <span class='ocr_line' id='line_1_85' title="bbox 1835 4108 3403 4187; baseline -0.008 -15"><span class='ocrx_word' id='word_1_566' title='bbox 1835 4136 1863 4172; x_wconf 86' lang='lat' dir='ltr'><strong>a</strong></span> <span class='ocrx_word' id='word_1_567' title='bbox 1900 4117 2055 4187; x_wconf 90' lang='lat' dir='ltr'><strong>plebe</strong></span> <span class='ocrx_word' id='word_1_568' title='bbox 2098 4129 2319 4186; x_wconf 87' lang='lat' dir='ltr'><strong>prorsus</strong></span> <span class='ocrx_word' id='word_1_569' title='bbox 2346 4113 2563 4178; x_wconf 82' lang='lat' dir='ltr'><strong>secreti,</strong></span> <span class='ocrx_word' id='word_1_570' title='bbox 2594 4121 2649 4165; x_wconf 91' lang='lat' dir='ltr'><strong>et</strong></span> <span class='ocrx_word' id='word_1_571' title='bbox 2689 4126 2719 4164; x_wconf 90' lang='lat' dir='ltr'><strong>a</strong></span> <span class='ocrx_word' id='word_1_572' title='bbox 2760 4118 3085 4165; x_wconf 72' lang='lat' dir='ltr'><strong>cmterorum</strong></span> <span class='ocrx_word' id='word_1_573' title='bbox 3123 4108 3403 4163; x_wconf 87' lang='lat' dir='ltr'><strong>hominum</strong></span> 
     </span>
    </p>
   </div>
   <div class='ocr_carea' id='block_1_86' title="bbox 1836 4202 3405 4277">
    <p class='ocr_par' dir='ltr' id='par_1_86' title="bbox 1836 4202 3405 4277">
     <span class='ocr_line' id='line_1_86' title="bbox 1836 4202 3405 4277; baseline -0.007 -13"><span class='ocrx_word' id='word_1_574' title='bbox 1836 4211 2099 4265; x_wconf 85' lang='lat' dir='ltr'><strong>societate</strong></span> <span class='ocrx_word' id='word_1_575' title='bbox 2149 4208 2421 4277; x_wconf 88' lang='lat' dir='ltr'><strong>separati,</strong></span> <span class='ocrx_word' id='word_1_576' title='bbox 2483 4208 2536 4260; x_wconf 93' lang='lat' dir='ltr'><strong>in</strong></span> <span class='ocrx_word' id='word_1_577' title='bbox 2599 4204 2945 4259; x_wconf 87' lang='lat' dir='ltr'><strong>monasteriis</strong></span> <span class='ocrx_word' id='word_1_578' title='bbox 2986 4214 3042 4257; x_wconf 89' lang='lat' dir='ltr'><strong>et</strong></span> <span class='ocrx_word' id='word_1_579' title='bbox 3092 4202 3405 4264; x_wconf 69' lang='lat' dir='ltr'><strong>ccenobiis,</strong></span> 
     </span>
    </p>
   </div>
   <div class='ocr_carea' id='block_1_87' title="bbox 1842 4293 3407 4357">
    <p class='ocr_par' dir='ltr' id='par_1_87' title="bbox 1842 4293 3407 4357">
     <span class='ocr_line' id='line_1_87' title="bbox 1842 4293 3407 4357; baseline -0.006 -3"><span class='ocrx_word' id='word_1_580' title='bbox 1842 4302 1928 4357; x_wconf 89' lang='lat' dir='ltr'><strong>vel</strong></span> <span class='ocrx_word' id='word_1_581' title='bbox 1962 4304 2014 4356; x_wconf 93' lang='lat' dir='ltr'><strong>in</strong></span> <span class='ocrx_word' id='word_1_582' title='bbox 2067 4301 2223 4354; x_wconf 84' lang='lat' dir='ltr'><strong>silvis</strong></span> <span class='ocrx_word' id='word_1_583' title='bbox 2268 4308 2323 4354; x_wconf 91' lang='lat' dir='ltr'><strong>et</strong></span> <span class='ocrx_word' id='word_1_584' title='bbox 2366 4299 2648 4352; x_wconf 89' lang='lat' dir='ltr'><strong>montibus</strong></span> <span class='ocrx_word' id='word_1_585' title='bbox 2699 4297 2868 4350; x_wconf 89' lang='lat' dir='ltr'><strong>vitam</strong></span> <span class='ocrx_word' id='word_1_586' title='bbox 2907 4295 3268 4348; x_wconf 83' lang='lat' dir='ltr'><strong>monasticam</strong></span> <span class='ocrx_word' id='word_1_587' title='bbox 3313 4293 3407 4345; x_wconf 83' lang='lat' dir='ltr'><strong>de-</strong></span> 
     </span>
    </p>
   </div>
   <div class='ocr_carea' id='block_1_88' title="bbox 1839 4386 3407 4466">
    <p class='ocr_par' dir='ltr' id='par_1_88' title="bbox 1839 4386 3407 4466">
     <span class='ocr_line' id='line_1_88' title="bbox 1839 4386 3407 4466; baseline -0.008 -17"><span class='ocrx_word' id='word_1_588' title='bbox 1839 4397 2061 4466; x_wconf 85' lang='lat' dir='ltr'><strong>gebant.</strong></span> <span class='ocrx_word' id='word_1_589' title='bbox 2118 4392 2230 4447; x_wconf 81' lang='lat' dir='ltr'><strong>llos</strong></span> <span class='ocrx_word' id='word_1_590' title='bbox 2261 4392 2503 4445; x_wconf 85' lang='lat' dir='ltr'><strong>fatentur</strong></span> <span class='ocrx_word' id='word_1_591' title='bbox 2560 4401 2716 4459; x_wconf 85' lang='lat' dir='ltr'><strong>longe</strong></span> <span class='ocrx_word' id='word_1_592' title='bbox 2754 4396 2876 4457; x_wconf 91' lang='lat' dir='ltr'><strong>post</strong></span> <span class='ocrx_word' id='word_1_593' title='bbox 2901 4386 3141 4456; x_wconf 83' lang='lat' dir='ltr'><strong>Dionysii</strong></span> <span class='ocrx_word' id='word_1_594' title='bbox 3169 4394 3407 4447; x_wconf 78' lang='lat' dir='ltr'><strong>:etatem,</strong></span> 
     </span>
    </p>
   </div>
   <div class='ocr_carea' id='block_1_89' title="bbox 146 4480 3413 4582">
    <p class='ocr_par' dir='ltr' id='par_1_89' title="bbox 146 4480 3413 4582">
     <span class='ocr_line' id='line_1_89' title="bbox 146 4480 3413 4582; baseline -0.007 -29"><span class='ocrx_word' id='word_1_595' title='bbox 146 4510 198 4566; x_wconf 86' lang='grc' dir='ltr'><strong>ιο</strong></span> <span class='ocrx_word' id='word_1_596' title='bbox 248 4480 473 4579; x_wconf 59' lang='grc' dir='ltr'><strong>ηῖωι-ιο,</strong></span> <span class='ocrx_word' id='word_1_597' title='bbox 508 4480 680 4580; x_wconf 62' lang='grc' dir='ltr'><strong>ειηυέ</strong></span> <span class='ocrx_word' id='word_1_598' title='bbox 712 4525 742 4563; x_wconf 71' lang='lat' dir='ltr'><strong>a</strong></span> <span class='ocrx_word' id='word_1_599' title='bbox 805 4480 1029 4563; x_wconf 59' lang='grc' dir='ltr'><strong>[δι-ιίοτί</strong></span> <span class='ocrx_word' id='word_1_600' title='bbox 1074 4509 1288 4564; x_wconf 51' lang='lat' dir='ltr'><strong>saeculis</strong></span> <span class='ocrx_word' id='word_1_601' title='bbox 1332 4508 1727 4577; x_wconf 57' lang='lat' dir='ltr'><strong>superioribus,</strong></span> <span class='ocrx_word' id='word_1_602' title='bbox 1765 4521 1814 4582; x_wconf 67' lang='grc' dir='ltr'><strong>ο</strong></span> <span class='ocrx_word' id='word_1_603' title='bbox 1844 4505 1943 4545; x_wconf 89' lang='lat' dir='ltr'><strong>nec</strong></span> <span class='ocrx_word' id='word_1_604' title='bbox 1983 4497 2105 4542; x_wconf 83' lang='lat' dir='ltr'><strong>ante</strong></span> <span class='ocrx_word' id='word_1_605' title='bbox 2154 4486 2332 4549; x_wconf 88' lang='lat' dir='ltr'><strong>Pauli,</strong></span> <span class='ocrx_word' id='word_1_606' title='bbox 2364 4483 2586 4537; x_wconf 90' lang='lat' dir='ltr'><strong>Antonii</strong></span> <span class='ocrx_word' id='word_1_607' title='bbox 2629 4492 2684 4536; x_wconf 91' lang='lat' dir='ltr'><strong>et</strong></span> <span class='ocrx_word' id='word_1_608' title='bbox 2727 4480 3010 4582; x_wconf 75' lang='lat' dir='ltr'><strong>Pachumii</strong></span> <span class='ocrx_word' id='word_1_609' title='bbox 3045 4491 3289 4582; x_wconf 66' lang='lat' dir='ltr'><strong>tempora</strong></span> <span class='ocrx_word' id='word_1_610' title='bbox 3320 4493 3413 4531; x_wconf 90' lang='lat' dir='ltr'><strong>or-</strong></span> 
     </span>
    </p>
   </div>
   <div class='ocr_carea' id='block_1_90' title="bbox 147 4601 1166 4670">
    <p class='ocr_par' dir='ltr' id='par_1_90' title="bbox 147 4601 1166 4670">
     <span class='ocr_line' id='line_1_90' title="bbox 147 4601 1166 4670; baseline -0.003 -14"><span class='ocrx_word' id='word_1_611' title='bbox 147 4603 353 4657; x_wconf 82' lang='lat' dir='ltr'><strong>usitata</strong></span> <span class='ocrx_word' id='word_1_612' title='bbox 382 4611 547 4663; x_wconf 88' lang='lat' dir='ltr'><strong>esset,</strong></span> <span class='ocrx_word' id='word_1_613' title='bbox 582 4610 771 4670; x_wconf 86' lang='lat' dir='ltr'><strong>aperte</strong></span> <span class='ocrx_word' id='word_1_614' title='bbox 806 4601 1166 4655; x_wconf 87' lang='lat' dir='ltr'><strong>demonstrat.</strong></span> 
     </span>
    </p>
   </div>
   <div class='ocr_carea' id='block_1_91' title="bbox 219 4692 1733 4764">
    <p class='ocr_par' dir='ltr' id='par_1_91' title="bbox 219 4692 1733 4764">
     <span class='ocr_line' id='line_1_91' title="bbox 219 4692 1733 4764; baseline -0.003 -15"><span class='ocrx_word' id='word_1_615' title='bbox 219 4693 335 4751; x_wconf 82' lang='lat' dir='ltr'><strong>Nec</strong></span> <span class='ocrx_word' id='word_1_616' title='bbox 358 4695 482 4764; x_wconf 91' lang='lat' dir='ltr'><strong>plus</strong></span> <span class='ocrx_word' id='word_1_617' title='bbox 527 4694 743 4748; x_wconf 89' lang='lat' dir='ltr'><strong>roboris</strong></span> <span class='ocrx_word' id='word_1_618' title='bbox 770 4702 824 4747; x_wconf 89' lang='lat' dir='ltr'><strong>et</strong></span> <span class='ocrx_word' id='word_1_619' title='bbox 864 4693 1066 4747; x_wconf 90' lang='lat' dir='ltr'><strong>virium</strong></span> <span class='ocrx_word' id='word_1_620' title='bbox 1106 4692 1239 4747; x_wconf 91' lang='lat' dir='ltr'><strong>illud</strong></span> <span class='ocrx_word' id='word_1_621' title='bbox 1276 4692 1461 4759; x_wconf 87' lang='lat' dir='ltr'><strong>habet,</strong></span> <span class='ocrx_word' id='word_1_622' title='bbox 1492 4692 1636 4763; x_wconf 92' lang='lat' dir='ltr'><strong>quod</strong></span> <span class='ocrx_word' id='word_1_623' title='bbox 1668 4706 1733 4745; x_wconf 91' lang='lat' dir='ltr'><strong>ea</strong></span> 
     </span>
    </p>
   </div>
   <div class='ocr_carea' id='block_1_92' title="bbox 150 4782 1737 4857">
    <p class='ocr_par' dir='ltr' id='par_1_92' title="bbox 150 4782 1737 4857">
     <span class='ocr_line' id='line_1_92' title="bbox 150 4782 1737 4857; baseline -0.003 -16"><span class='ocrx_word' id='word_1_624' title='bbox 150 4805 258 4844; x_wconf 80' lang='lat' dir='ltr'><strong>vox</strong></span> <span class='ocrx_word' id='word_1_625' title='bbox 289 4799 345 4844; x_wconf 90' lang='lat' dir='ltr'><strong>et</strong></span> <span class='ocrx_word' id='word_1_626' title='bbox 381 4790 437 4842; x_wconf 92' lang='lat' dir='ltr'><strong>in</strong></span> <span class='ocrx_word' id='word_1_627' title='bbox 452 4786 699 4857; x_wconf 88' lang='lat' dir='ltr'><strong>Epistola</strong></span> <span class='ocrx_word' id='word_1_628' title='bbox 728 4787 795 4841; x_wconf 90' lang='lat' dir='ltr'><strong>ad</strong></span> <span class='ocrx_word' id='word_1_629' title='bbox 818 4785 1076 4841; x_wconf 81' lang='lat' dir='ltr'><strong>Hebraeos</strong></span> <span class='ocrx_word' id='word_1_630' title='bbox 1101 4799 1410 4847; x_wconf 89' lang='lat' dir='ltr'><strong>occurrere,</strong></span> <span class='ocrx_word' id='word_1_631' title='bbox 1437 4794 1492 4840; x_wconf 90' lang='lat' dir='ltr'><strong>et</strong></span> <span class='ocrx_word' id='word_1_632' title='bbox 1522 4800 1551 4838; x_wconf 91' lang='lat' dir='ltr'><strong>a</strong></span> <span class='ocrx_word' id='word_1_633' title='bbox 1582 4782 1737 4837; x_wconf 85' lang='lat' dir='ltr'><strong>Basi-</strong></span> 
     </span>
    </p>
   </div>
   <div class='ocr_carea' id='block_1_93' title="bbox 152 4874 1737 4950">
    <p class='ocr_par' dir='ltr' id='par_1_93' title="bbox 152 4874 1737 4950">
     <span class='ocr_line' id='line_1_93' title="bbox 152 4874 1737 4950; baseline -0.006 -15"><span class='ocrx_word' id='word_1_634' title='bbox 152 4882 226 4937; x_wconf 90' lang='lat' dir='ltr'><strong>lio</strong></span> <span class='ocrx_word' id='word_1_635' title='bbox 285 4880 665 4950; x_wconf 84' lang='lat' dir='ltr'><strong>Gregorioque</strong></span> <span class='ocrx_word' id='word_1_636' title='bbox 713 4884 877 4934; x_wconf 85' lang='lat' dir='ltr'><strong>sensu</strong></span> <span class='ocrx_word' id='word_1_637' title='bbox 926 4878 1256 4947; x_wconf 87' lang='lat' dir='ltr'><strong>Dionysiano</strong></span> <span class='ocrx_word' id='word_1_638' title='bbox 1296 4875 1559 4944; x_wconf 78' lang='lat' dir='ltr'><strong>explicari</strong></span> <span class='ocrx_word' id='word_1_639' title='bbox 1596 4874 1737 4942; x_wconf 85' lang='lat' dir='ltr'><strong>obji-</strong></span> 
     </span>
    </p>
   </div>
   <div class='ocr_carea' id='block_1_94' title="bbox 152 4967 1738 5040">
    <p class='ocr_par' dir='ltr' id='par_1_94' title="bbox 152 4967 1738 5040">
     <span class='ocr_line' id='line_1_94' title="bbox 152 4967 1738 5040; baseline -0.005 -14"><span class='ocrx_word' id='word_1_640' title='bbox 152 4974 319 5026; x_wconf 90' lang='lat' dir='ltr'><strong>citur.</strong></span> <span class='ocrx_word' id='word_1_641' title='bbox 380 4970 625 5040; x_wconf 87' lang='lat' dir='ltr'><strong>Uterque</strong></span> <span class='ocrx_word' id='word_1_642' title='bbox 677 4970 825 5024; x_wconf 88' lang='lat' dir='ltr'><strong>enim</strong></span> <span class='ocrx_word' id='word_1_643' title='bbox 872 4968 1116 5024; x_wconf 88' lang='lat' dir='ltr'><strong>Basilius</strong></span> <span class='ocrx_word' id='word_1_644' title='bbox 1159 4977 1215 5023; x_wconf 90' lang='lat' dir='ltr'><strong>et</strong></span> <span class='ocrx_word' id='word_1_645' title='bbox 1249 4967 1550 5037; x_wconf 87' lang='lat' dir='ltr'><strong>Gregorius</strong></span> <span class='ocrx_word' id='word_1_646' title='bbox 1619 4972 1738 5034; x_wconf 86' lang='lat' dir='ltr'><strong>post</strong></span> 
     </span>
    </p>
   </div>
   <div class='ocr_carea' id='block_1_95' title="bbox 153 5058 1737 5130">
    <p class='ocr_par' dir='ltr' id='par_1_95' title="bbox 153 5058 1737 5130">
     <span class='ocr_line' id='line_1_95' title="bbox 153 5058 1737 5130; baseline -0.004 -13"><span class='ocrx_word' id='word_1_647' title='bbox 153 5061 444 5118; x_wconf 60' lang='lat' dir='ltr'><strong>Nicaenum</strong></span> <span class='ocrx_word' id='word_1_648' title='bbox 499 5061 793 5118; x_wconf 91' lang='lat' dir='ltr'><strong>concilium</strong></span> <span class='ocrx_word' id='word_1_649' title='bbox 840 5061 1151 5130; x_wconf 85' lang='lat' dir='ltr'><strong>scripsere;</strong></span> <span class='ocrx_word' id='word_1_650' title='bbox 1198 5070 1362 5128; x_wconf 89' lang='lat' dir='ltr'><strong>atque</strong></span> <span class='ocrx_word' id='word_1_651' title='bbox 1397 5058 1450 5112; x_wconf 93' lang='lat' dir='ltr'><strong>hi</strong></span> <span class='ocrx_word' id='word_1_652' title='bbox 1485 5072 1606 5110; x_wconf 89' lang='lat' dir='ltr'><strong>eam</strong></span> <span class='ocrx_word' id='word_1_653' title='bbox 1644 5072 1737 5111; x_wconf 85' lang='lat' dir='ltr'><strong>vo-</strong></span> 
     </span>
    </p>
   </div>
   <div class='ocr_carea' id='block_1_96' title="bbox 151 5151 1737 5226">
    <p class='ocr_par' dir='ltr' id='par_1_96' title="bbox 151 5151 1737 5226">
     <span class='ocr_line' id='line_1_96' title="bbox 151 5151 1737 5226; baseline -0.004 -15"><span class='ocrx_word' id='word_1_654' title='bbox 151 5172 278 5211; x_wconf 89' lang='lat' dir='ltr'><strong>cem</strong></span> <span class='ocrx_word' id='word_1_655' title='bbox 327 5172 496 5212; x_wconf 90' lang='lat' dir='ltr'><strong>sensu</strong></span> <span class='ocrx_word' id='word_1_656' title='bbox 557 5155 898 5226; x_wconf 87' lang='lat' dir='ltr'><strong>temporibus</strong></span> <span class='ocrx_word' id='word_1_657' title='bbox 957 5155 1072 5211; x_wconf 86' lang='lat' dir='ltr'><strong>suis</strong></span> <span class='ocrx_word' id='word_1_658' title='bbox 1132 5154 1336 5208; x_wconf 86' lang='lat' dir='ltr'><strong>usitato</strong></span> <span class='ocrx_word' id='word_1_659' title='bbox 1391 5151 1737 5221; x_wconf 84' lang='lat' dir='ltr'><strong>interpretati</strong></span> 
     </span>
    </p>
   </div>
   <div class='ocr_carea' id='block_1_97' title="bbox 152 5242 1738 5304">
    <p class='ocr_par' dir='ltr' id='par_1_97' title="bbox 152 5242 1738 5304">
     <span class='ocr_line' id='line_1_97' title="bbox 152 5242 1738 5304; baseline -0.006 0"><span class='ocrx_word' id='word_1_660' title='bbox 152 5257 311 5304; x_wconf 84' lang='lat' dir='ltr'><strong>sunt.</strong></span> <span class='ocrx_word' id='word_1_661' title='bbox 370 5246 566 5301; x_wconf 80' lang='lat' dir='ltr'><strong>Nullus</strong></span> <span class='ocrx_word' id='word_1_662' title='bbox 619 5257 798 5303; x_wconf 86' lang='lat' dir='ltr'><strong>autem</strong></span> <span class='ocrx_word' id='word_1_663' title='bbox 831 5257 961 5302; x_wconf 91' lang='lat' dir='ltr'><strong>ante</strong></span> <span class='ocrx_word' id='word_1_664' title='bbox 998 5246 1129 5301; x_wconf 89' lang='lat' dir='ltr'><strong>illud</strong></span> <span class='ocrx_word' id='word_1_665' title='bbox 1167 5244 1460 5299; x_wconf 89' lang='lat' dir='ltr'><strong>concilium</strong></span> <span class='ocrx_word' id='word_1_666' title='bbox 1493 5242 1738 5297; x_wconf 88' lang='lat' dir='ltr'><strong>eamdem</strong></span> 
     </span>
    </p>
   </div>
   <div class='ocr_carea' id='block_1_98' title="bbox 155 5336 1742 5408">
    <p class='ocr_par' dir='ltr' id='par_1_98' title="bbox 155 5336 1742 5408">
     <span class='ocr_line' id='line_1_98' title="bbox 155 5336 1742 5408; baseline -0.005 -10"><span class='ocrx_word' id='word_1_667' title='bbox 155 5340 312 5398; x_wconf 79' lang='lat' dir='ltr'><strong>Pauli</strong></span> <span class='ocrx_word' id='word_1_668' title='bbox 355 5356 546 5396; x_wconf 86' lang='lat' dir='ltr'><strong>vocem</strong></span> <span class='ocrx_word' id='word_1_669' title='bbox 601 5340 675 5395; x_wconf 87' lang='lat' dir='ltr'><strong>ita</strong></span> <span class='ocrx_word' id='word_1_670' title='bbox 706 5343 922 5398; x_wconf 85' lang='lat' dir='ltr'><strong>censuit</strong></span> <span class='ocrx_word' id='word_1_671' title='bbox 956 5355 1079 5396; x_wconf 86' lang='lat' dir='ltr'><strong>esse</strong></span> <span class='ocrx_word' id='word_1_672' title='bbox 1129 5337 1534 5408; x_wconf 82' lang='lat' dir='ltr'><strong>explicandam.</strong></span> <span class='ocrx_word' id='word_1_673' title='bbox 1582 5336 1647 5390; x_wconf 90' lang='lat' dir='ltr'><strong>Et</strong></span> <span class='ocrx_word' id='word_1_674' title='bbox 1691 5337 1742 5390; x_wconf 88' lang='lat' dir='ltr'><strong>id</strong></span> 
     </span>
    </p>
   </div>
   <div class='ocr_carea' id='block_1_99' title="bbox 156 5427 1744 5504">
    <p class='ocr_par' dir='ltr' id='par_1_99' title="bbox 156 5427 1744 5504">
     <span class='ocr_line' id='line_1_99' title="bbox 156 5427 1744 5504; baseline -0.003 -17"><span class='ocrx_word' id='word_1_675' title='bbox 156 5434 384 5504; x_wconf 87' lang='lat' dir='ltr'><strong>quidem</strong></span> <span class='ocrx_word' id='word_1_676' title='bbox 422 5435 498 5488; x_wconf 88' lang='lat' dir='ltr'><strong>ita</strong></span> <span class='ocrx_word' id='word_1_677' title='bbox 537 5447 751 5490; x_wconf 89' lang='lat' dir='ltr'><strong>certum</strong></span> <span class='ocrx_word' id='word_1_678' title='bbox 783 5443 888 5500; x_wconf 89' lang='lat' dir='ltr'><strong>est,</strong></span> <span class='ocrx_word' id='word_1_679' title='bbox 918 5443 979 5487; x_wconf 91' lang='lat' dir='ltr'><strong>ut</strong></span> <span class='ocrx_word' id='word_1_680' title='bbox 1019 5436 1071 5488; x_wconf 91' lang='lat' dir='ltr'><strong>in</strong></span> <span class='ocrx_word' id='word_1_681' title='bbox 1106 5432 1304 5487; x_wconf 87' lang='lat' dir='ltr'><strong>Latina</strong></span> <span class='ocrx_word' id='word_1_682' title='bbox 1335 5429 1578 5499; x_wconf 86' lang='lat' dir='ltr'><strong>ejusdem</strong></span> <span class='ocrx_word' id='word_1_683' title='bbox 1604 5427 1744 5483; x_wconf 83' lang='lat' dir='ltr'><strong>Pau-</strong></span> 
     </span>
    </p>
   </div>
   <div class='ocr_carea' id='block_1_100' title="bbox 158 5524 1745 5599">
    <p class='ocr_par' dir='ltr' id='par_1_100' title="bbox 158 5524 1745 5599">
     <span class='ocr_line' id='line_1_100' title="bbox 158 5524 1745 5599; baseline -0.005 -17"><span class='ocrx_word' id='word_1_684' title='bbox 158 5528 289 5583; x_wconf 65' lang='lat' dir='ltr'><strong>lium</strong></span> <span class='ocrx_word' id='word_1_685' title='bbox 315 5528 559 5599; x_wconf 67' lang='lat' dir='ltr'><strong>epistolae</strong></span> <span class='ocrx_word' id='word_1_686' title='bbox 585 5530 841 5583; x_wconf 87' lang='lat' dir='ltr'><strong>versione</strong></span> <span class='ocrx_word' id='word_1_687' title='bbox 864 5568 880 5593; x_wconf 93' lang='lat'><strong>,</strong></span> <span class='ocrx_word' id='word_1_688' title='bbox 914 5542 1020 5582; x_wconf 85' lang='lat' dir='ltr'><strong>vox</strong></span> <span class='ocrx_word' id='word_1_689' title='bbox 1057 5526 1250 5581; x_wconf 63' lang='lat' dir='ltr'><strong>Graeca</strong></span> <span class='ocrx_word' id='word_1_690' title='bbox 1274 5524 1616 5587; x_wconf 81' lang='grc' dir='ltr'><strong>ὑπόστασις</strong></span> <span class='ocrx_word' id='word_1_691' title='bbox 1642 5537 1745 5575; x_wconf 88' lang='lat' dir='ltr'><strong>non</strong></span> 
     </span>
    </p>
   </div>
   <div class='ocr_carea' id='block_1_101' title="bbox 161 5613 1749 5692">
    <p class='ocr_par' dir='ltr' id='par_1_101' title="bbox 161 5613 1749 5692">
     <span class='ocr_line' id='line_1_101' title="bbox 161 5613 1749 5692; baseline -0.006 -17"><span class='ocrx_word' id='word_1_692' title='bbox 161 5637 265 5691; x_wconf 83' lang='lat' dir='ltr'><strong>per</strong></span> <span class='ocrx_word' id='word_1_693' title='bbox 286 5622 543 5677; x_wconf 87' lang='lat' dir='ltr'><strong>Latinam</strong></span> <span class='ocrx_word' id='word_1_694' title='bbox 593 5621 912 5692; x_wconf 78' lang='lat' dir='ltr'><strong>hypostasie,</strong></span> <span class='ocrx_word' id='word_1_695' title='bbox 946 5619 1040 5674; x_wconf 89' lang='lat' dir='ltr'><strong>sed</strong></span> <span class='ocrx_word' id='word_1_696' title='bbox 1081 5619 1256 5687; x_wconf 83' lang='lat' dir='ltr'><strong>ﬁgura</strong></span> <span class='ocrx_word' id='word_1_697' title='bbox 1281 5616 1591 5670; x_wconf 66' lang='lat' dir='ltr'><strong>substantia</strong></span> <span class='ocrx_word' id='word_1_698' title='bbox 1623 5613 1749 5667; x_wconf 88' lang='lat' dir='ltr'><strong>red-</strong></span> 
     </span>
    </p>
   </div>
   <div class='ocr_carea' id='block_1_102' title="bbox 166 5717 554 5785">
    <p class='ocr_par' dir='ltr' id='par_1_102' title="bbox 166 5717 554 5785">
     <span class='ocr_line' id='line_1_102' title="bbox 166 5717 554 5785; baseline 0.003 -16"><span class='ocrx_word' id='word_1_699' title='bbox 166 5717 282 5769; x_wconf 87' lang='lat' dir='ltr'><strong>dita</strong></span> <span class='ocrx_word' id='word_1_700' title='bbox 314 5717 554 5785; x_wconf 81' lang='lat' dir='ltr'><strong>legatur.</strong></span> 
     </span>
    </p>
   </div>
   <div class='ocr_carea' id='block_1_103' title="bbox 1844 4571 3413 4640">
    <p class='ocr_par' dir='ltr' id='par_1_103' title="bbox 1844 4571 3413 4640">
     <span class='ocr_line' id='line_1_103' title="bbox 1844 4571 3413 4640; baseline -0.007 -5"><span class='ocrx_word' id='word_1_701' title='bbox 1844 4592 1955 4635; x_wconf 91' lang='lat' dir='ltr'><strong>tum</strong></span> <span class='ocrx_word' id='word_1_702' title='bbox 1992 4579 2269 4635; x_wconf 84' lang='lat' dir='ltr'><strong>habuisse.</strong></span> <span class='ocrx_word' id='word_1_703' title='bbox 2301 4577 2458 4629; x_wconf 83' lang='lat' dir='ltr'><strong>Aliud</strong></span> <span class='ocrx_word' id='word_1_704' title='bbox 2493 4589 2619 4628; x_wconf 87' lang='lat' dir='ltr'><strong>vero</strong></span> <span class='ocrx_word' id='word_1_705' title='bbox 2671 4572 3007 4626; x_wconf 85' lang='lat' dir='ltr'><strong>contendunt</strong></span> <span class='ocrx_word' id='word_1_706' title='bbox 3053 4571 3219 4625; x_wconf 83' lang='lat' dir='ltr'><strong>fuisse</strong></span> <span class='ocrx_word' id='word_1_707' title='bbox 3242 4585 3413 4640; x_wconf 88' lang='lat' dir='ltr'><strong>genus</strong></span> 
     </span>
    </p>
   </div>
   <div class='ocr_carea' id='block_1_104' title="bbox 1845 4663 3412 4738">
    <p class='ocr_par' dir='ltr' id='par_1_104' title="bbox 1845 4663 3412 4738">
     <span class='ocr_line' id='line_1_104' title="bbox 1845 4663 3412 4738; baseline -0.006 -10"><span class='ocrx_word' id='word_1_708' title='bbox 1845 4674 2260 4734; x_wconf 87' lang='lat' dir='ltr'><strong>monachorum,</strong></span> <span class='ocrx_word' id='word_1_709' title='bbox 2291 4672 2381 4738; x_wconf 89' lang='lat' dir='ltr'><strong>qui</strong></span> <span class='ocrx_word' id='word_1_710' title='bbox 2417 4684 2543 4737; x_wconf 91' lang='lat' dir='ltr'><strong>pars</strong></span> <span class='ocrx_word' id='word_1_711' title='bbox 2596 4666 2778 4735; x_wconf 83' lang='lat' dir='ltr'><strong>pOpuli</strong></span> <span class='ocrx_word' id='word_1_712' title='bbox 2840 4665 3134 4734; x_wconf 78' lang='lat' dir='ltr'><strong>praecipua.</strong></span> <span class='ocrx_word' id='word_1_713' title='bbox 3170 4675 3223 4717; x_wconf 92' lang='lat' dir='ltr'><strong>et</strong></span> <span class='ocrx_word' id='word_1_714' title='bbox 3284 4663 3412 4719; x_wconf 85' lang='lat' dir='ltr'><strong>illu-</strong></span> 
     </span>
    </p>
   </div>
   <div class='ocr_carea' id='block_1_105' title="bbox 1852 4759 3414 4835">
    <p class='ocr_par' dir='ltr' id='par_1_105' title="bbox 1852 4759 3414 4835">
     <span class='ocr_line' id='line_1_105' title="bbox 1852 4759 3414 4835; baseline -0.011 -11"><span class='ocrx_word' id='word_1_715' title='bbox 1852 4768 2012 4824; x_wconf 87' lang='lat' dir='ltr'><strong>strior</strong></span> <span class='ocrx_word' id='word_1_716' title='bbox 2033 4764 2214 4835; x_wconf 85' lang='lat' dir='ltr'><strong>gregis</strong></span> <span class='ocrx_word' id='word_1_717' title='bbox 2240 4764 2440 4818; x_wconf 78' lang='lat' dir='ltr'><strong>Christi</strong></span> <span class='ocrx_word' id='word_1_718' title='bbox 2471 4762 2671 4831; x_wconf 88' lang='lat' dir='ltr'><strong>portio,</strong></span> <span class='ocrx_word' id='word_1_719' title='bbox 2704 4760 2846 4813; x_wconf 90' lang='lat' dir='ltr'><strong>inter</strong></span> <span class='ocrx_word' id='word_1_720' title='bbox 2870 4759 3041 4813; x_wconf 91' lang='lat' dir='ltr'><strong>laicos</strong></span> <span class='ocrx_word' id='word_1_721' title='bbox 3073 4759 3144 4811; x_wconf 90' lang='lat' dir='ltr'><strong>ita</strong></span> <span class='ocrx_word' id='word_1_722' title='bbox 3186 4771 3414 4823; x_wconf 90' lang='lat' dir='ltr'><strong>compu-</strong></span> 
     </span>
    </p>
   </div>
   <div class='ocr_carea' id='block_1_106' title="bbox 1846 4846 3418 4927">
    <p class='ocr_par' dir='ltr' id='par_1_106' title="bbox 1846 4846 3418 4927">
     <span class='ocr_line' id='line_1_106' title="bbox 1846 4846 3418 4927; baseline -0.008 -14"><span class='ocrx_word' id='word_1_723' title='bbox 1846 4858 2123 4927; x_wconf 84' lang='lat' dir='ltr'><strong>tabantur,</strong></span> <span class='ocrx_word' id='word_1_724' title='bbox 2189 4868 2248 4910; x_wconf 91' lang='lat' dir='ltr'><strong>ut</strong></span> <span class='ocrx_word' id='word_1_725' title='bbox 2299 4856 2528 4924; x_wconf 37' lang='lat' dir='ltr'><strong>primus.</strong></span> <span class='ocrx_word' id='word_1_726' title='bbox 2558 4854 2637 4907; x_wconf 90' lang='lat' dir='ltr'><strong>eis</strong></span> <span class='ocrx_word' id='word_1_727' title='bbox 2687 4853 2739 4906; x_wconf 93' lang='lat' dir='ltr'><strong>in</strong></span> <span class='ocrx_word' id='word_1_728' title='bbox 2781 4851 2971 4921; x_wconf 82' lang='lat' dir='ltr'><strong>synaxi</strong></span> <span class='ocrx_word' id='word_1_729' title='bbox 3014 4859 3135 4917; x_wconf 88' lang='lat' dir='ltr'><strong>post</strong></span> <span class='ocrx_word' id='word_1_730' title='bbox 3162 4846 3418 4902; x_wconf 77' lang='lat' dir='ltr'><strong>Ecclesia:</strong></span> 
     </span>
    </p>
   </div>
   <div class='ocr_carea' id='block_1_107' title="bbox 1846 4938 3418 5017">
    <p class='ocr_par' dir='ltr' id='par_1_107' title="bbox 1846 4938 3418 5017">
     <span class='ocr_line' id='line_1_107' title="bbox 1846 4938 3418 5017; baseline -0.009 -10"><span class='ocrx_word' id='word_1_731' title='bbox 1846 4954 2126 5007; x_wconf 91' lang='lat' dir='ltr'><strong>ministros</strong></span> <span class='ocrx_word' id='word_1_732' title='bbox 2172 4950 2484 5017; x_wconf 86' lang='lat' dir='ltr'><strong>assignatus</strong></span> <span class='ocrx_word' id='word_1_733' title='bbox 2529 4955 2675 4999; x_wconf 88' lang='lat' dir='ltr'><strong>esset</strong></span> <span class='ocrx_word' id='word_1_734' title='bbox 2725 4946 2898 4999; x_wconf 91' lang='lat' dir='ltr'><strong>locus.</strong></span> <span class='ocrx_word' id='word_1_735' title='bbox 2932 4943 3009 4995; x_wconf 94' lang='lat' dir='ltr'><strong>llli</strong></span> <span class='ocrx_word' id='word_1_736' title='bbox 3037 4956 3202 5010; x_wconf 86' lang='lat' dir='ltr'><strong>porro</strong></span> <span class='ocrx_word' id='word_1_737' title='bbox 3231 4938 3418 5009; x_wconf 75' lang='lat' dir='ltr'><strong>priva-</strong></span> 
     </span>
    </p>
   </div>
   <div class='ocr_carea' id='block_1_108' title="bbox 1847 5033 3418 5103">
    <p class='ocr_par' dir='ltr' id='par_1_108' title="bbox 1847 5033 3418 5103">
     <span class='ocr_line' id='line_1_108' title="bbox 1847 5033 3418 5103; baseline -0.01 -3"><span class='ocrx_word' id='word_1_738' title='bbox 1847 5047 1941 5101; x_wconf 90' lang='lat' dir='ltr'><strong>tim</strong></span> <span class='ocrx_word' id='word_1_739' title='bbox 1989 5047 2043 5099; x_wconf 91' lang='lat' dir='ltr'><strong>in</strong></span> <span class='ocrx_word' id='word_1_740' title='bbox 2091 5044 2205 5099; x_wconf 84' lang='lat' dir='ltr'><strong>suis</strong></span> <span class='ocrx_word' id='word_1_741' title='bbox 2235 5043 2450 5097; x_wconf 90' lang='lat' dir='ltr'><strong>urbium</strong></span> <span class='ocrx_word' id='word_1_742' title='bbox 2508 5039 2741 5103; x_wconf 57' lang='lat' dir='ltr'><strong>aedibus,</strong></span> <span class='ocrx_word' id='word_1_743' title='bbox 2775 5037 2856 5091; x_wconf 89' lang='lat' dir='ltr'><strong>vel</strong></span> <span class='ocrx_word' id='word_1_744' title='bbox 2901 5035 3061 5090; x_wconf 92' lang='lat' dir='ltr'><strong>simul</strong></span> <span class='ocrx_word' id='word_1_745' title='bbox 3096 5034 3148 5087; x_wconf 91' lang='lat' dir='ltr'><strong>in</strong></span> <span class='ocrx_word' id='word_1_746' title='bbox 3177 5033 3418 5103; x_wconf 86' lang='lat' dir='ltr'><strong>collegiis</strong></span> 
     </span>
    </p>
   </div>
   <div class='ocr_carea' id='block_1_109' title="bbox 1846 5128 3418 5209">
    <p class='ocr_par' dir='ltr' id='par_1_109' title="bbox 1846 5128 3418 5209">
     <span class='ocr_line' id='line_1_109' title="bbox 1846 5128 3418 5209; baseline -0.011 -14"><span class='ocrx_word' id='word_1_747' title='bbox 1846 5141 2011 5195; x_wconf 91' lang='lat' dir='ltr'><strong>vitam</strong></span> <span class='ocrx_word' id='word_1_748' title='bbox 2045 5154 2236 5209; x_wconf 89' lang='lat' dir='ltr'><strong>puram</strong></span> <span class='ocrx_word' id='word_1_749' title='bbox 2269 5145 2322 5190; x_wconf 91' lang='lat' dir='ltr'><strong>et</strong></span> <span class='ocrx_word' id='word_1_750' title='bbox 2358 5146 2593 5201; x_wconf 87' lang='lat' dir='ltr'><strong>castam,</strong></span> <span class='ocrx_word' id='word_1_751' title='bbox 2623 5146 2791 5204; x_wconf 87' lang='lat' dir='ltr'><strong>atque</strong></span> <span class='ocrx_word' id='word_1_752' title='bbox 2822 5148 2852 5186; x_wconf 90' lang='lat' dir='ltr'><strong>a</strong></span> <span class='ocrx_word' id='word_1_753' title='bbox 2883 5129 3032 5185; x_wconf 88' lang='lat' dir='ltr'><strong>curis</strong></span> <span class='ocrx_word' id='word_1_754' title='bbox 3061 5128 3293 5183; x_wconf 90' lang='lat' dir='ltr'><strong>terrenis</strong></span> <span class='ocrx_word' id='word_1_755' title='bbox 3321 5141 3418 5180; x_wconf 72' lang='lat' dir='ltr'><strong>ex—</strong></span> 
     </span>
    </p>
   </div>
   <div class='ocr_carea' id='block_1_110' title="bbox 1849 5219 3422 5303">
    <p class='ocr_par' dir='ltr' id='par_1_110' title="bbox 1849 5219 3422 5303">
     <span class='ocr_line' id='line_1_110' title="bbox 1849 5219 3422 5303; baseline -0.01 -16"><span class='ocrx_word' id='word_1_756' title='bbox 1849 5232 2114 5303; x_wconf 85' lang='lat' dir='ltr'><strong>peditam,</strong></span> <span class='ocrx_word' id='word_1_757' title='bbox 2146 5231 2348 5300; x_wconf 86' lang='lat' dir='ltr'><strong>unique</strong></span> <span class='ocrx_word' id='word_1_758' title='bbox 2398 5230 2510 5283; x_wconf 89' lang='lat' dir='ltr'><strong>Deo</strong></span> <span class='ocrx_word' id='word_1_759' title='bbox 2550 5227 2912 5295; x_wconf 84' lang='lat' dir='ltr'><strong>mancipatam</strong></span> <span class='ocrx_word' id='word_1_760' title='bbox 2952 5223 3204 5291; x_wconf 87' lang='lat' dir='ltr'><strong>agebant.</strong></span> <span class='ocrx_word' id='word_1_761' title='bbox 3234 5219 3422 5274; x_wconf 84' lang='lat' dir='ltr'><strong>Mona-</strong></span> 
     </span>
    </p>
   </div>
   <div class='ocr_carea' id='block_1_111' title="bbox 1846 5311 3423 5389">
    <p class='ocr_par' dir='ltr' id='par_1_111' title="bbox 1846 5311 3423 5389">
     <span class='ocr_line' id='line_1_111' title="bbox 1846 5311 3423 5389; baseline -0.013 -6"><span class='ocrx_word' id='word_1_762' title='bbox 1846 5328 1983 5383; x_wconf 87' lang='lat' dir='ltr'><strong>chus</strong></span> <span class='ocrx_word' id='word_1_763' title='bbox 2033 5334 2218 5378; x_wconf 89' lang='lat' dir='ltr'><strong>autem</strong></span> <span class='ocrx_word' id='word_1_764' title='bbox 2275 5323 2409 5376; x_wconf 91' lang='lat' dir='ltr'><strong>istos</strong></span> <span class='ocrx_word' id='word_1_765' title='bbox 2440 5320 2779 5389; x_wconf 87' lang='lat' dir='ltr'><strong>temporibus</strong></span> <span class='ocrx_word' id='word_1_766' title='bbox 2833 5315 3209 5386; x_wconf 81' lang='lat' dir='ltr'><strong>apostolorum</strong></span> <span class='ocrx_word' id='word_1_767' title='bbox 3250 5311 3423 5367; x_wconf 79' lang='lat' dir='ltr'><strong>exsti-</strong></span> 
     </span>
    </p>
   </div>
   <div class='ocr_carea' id='block_1_112' title="bbox 1853 5396 3423 5483">
    <p class='ocr_par' dir='ltr' id='par_1_112' title="bbox 1853 5396 3423 5483">
     <span class='ocr_line' id='line_1_112' title="bbox 1853 5396 3423 5483; baseline -0.011 -12"><span class='ocrx_word' id='word_1_768' title='bbox 1853 5418 1985 5473; x_wconf 88' lang='lat' dir='ltr'><strong>tisse</strong></span> <span class='ocrx_word' id='word_1_769' title='bbox 2006 5416 2221 5482; x_wconf 87' lang='lat' dir='ltr'><strong>dicunt,</strong></span> <span class='ocrx_word' id='word_1_770' title='bbox 2246 5426 2451 5483; x_wconf 85' lang='lat' dir='ltr'><strong>eosque</strong></span> <span class='ocrx_word' id='word_1_771' title='bbox 2497 5427 2619 5467; x_wconf 86' lang='lat' dir='ltr'><strong>esse</strong></span> <span class='ocrx_word' id='word_1_772' title='bbox 2643 5417 2921 5473; x_wconf 90' lang='lat' dir='ltr'><strong>asserunt,</strong></span> <span class='ocrx_word' id='word_1_773' title='bbox 2947 5396 3015 5462; x_wconf 74' lang='lat' dir='ltr'><strong>de</strong></span> <span class='ocrx_word' id='word_1_774' title='bbox 3041 5406 3238 5476; x_wconf 92' lang='lat' dir='ltr'><strong>quibus</strong></span> <span class='ocrx_word' id='word_1_775' title='bbox 3264 5401 3423 5459; x_wconf 87' lang='lat' dir='ltr'><strong>Philo</strong></span> 
     </span>
    </p>
   </div>
   <div class='ocr_carea' id='block_1_113' title="bbox 1850 5494 3422 5568">
    <p class='ocr_par' dir='ltr' id='par_1_113' title="bbox 1850 5494 3422 5568">
     <span class='ocr_line' id='line_1_113' title="bbox 1850 5494 3422 5568; baseline -0.011 -4"><span class='ocrx_word' id='word_1_776' title='bbox 1850 5508 2069 5564; x_wconf 80' lang='lat' dir='ltr'><strong>Judaeus</strong></span> <span class='ocrx_word' id='word_1_777' title='bbox 2098 5506 2247 5559; x_wconf 91' lang='lat' dir='ltr'><strong>illum</strong></span> <span class='ocrx_word' id='word_1_778' title='bbox 2279 5503 2516 5559; x_wconf 89' lang='lat' dir='ltr'><strong>instituit</strong></span> <span class='ocrx_word' id='word_1_779' title='bbox 2537 5514 2870 5565; x_wconf 90' lang='lat' dir='ltr'><strong>sermonem,</strong></span> <span class='ocrx_word' id='word_1_780' title='bbox 2892 5499 2984 5568; x_wconf 91' lang='lat' dir='ltr'><strong>qui</strong></span> <span class='ocrx_word' id='word_1_781' title='bbox 3016 5499 3083 5553; x_wconf 86' lang='lat' dir='ltr'><strong>ab</strong></span> <span class='ocrx_word' id='word_1_782' title='bbox 3108 5495 3340 5552; x_wconf 86' lang='lat' dir='ltr'><strong>Eusebio</strong></span> <span class='ocrx_word' id='word_1_783' title='bbox 3370 5494 3422 5546; x_wconf 88' lang='lat' dir='ltr'><strong>in</strong></span> 
     </span>
    </p>
   </div>
   <div class='ocr_carea' id='block_1_114' title="bbox 1853 5599 2827 5666">
    <p class='ocr_par' dir='ltr' id='par_1_114' title="bbox 1853 5599 2827 5666">
     <span class='ocr_line' id='line_1_114' title="bbox 1853 5599 2827 5666; baseline -0.007 -12"><span class='ocrx_word' id='word_1_784' title='bbox 1853 5599 2095 5654; x_wconf 73' lang='lat' dir='ltr'><strong>Historia</strong></span> <span class='ocrx_word' id='word_1_785' title='bbox 2119 5600 2164 5630; x_wconf 80' lang='grc'><strong>³⁸</strong></span> <span class='ocrx_word' id='word_1_786' title='bbox 2194 5613 2289 5652; x_wconf 88' lang='lat' dir='ltr'><strong>sua</strong></span> <span class='ocrx_word' id='word_1_787' title='bbox 2316 5599 2686 5666; x_wconf 89' lang='lat' dir='ltr'><strong>transcriptus</strong></span> <span class='ocrx_word' id='word_1_788' title='bbox 2719 5603 2827 5648; x_wconf 90' lang='lat' dir='ltr'><strong>est.</strong></span> 
     </span>
    </p>
   </div>
   <div class='ocr_carea' id='block_1_115' title="bbox 1926 5677 3423 5765">
    <p class='ocr_par' dir='ltr' id='par_1_115' title="bbox 1926 5677 3423 5765">
     <span class='ocr_line' id='line_1_115' title="bbox 1926 5677 3423 5765; baseline -0.013 -16"><span class='ocrx_word' id='word_1_789' title='bbox 1926 5695 2115 5765; x_wconf 80' lang='lat' dir='ltr'><strong>Neque’</strong></span> <span class='ocrx_word' id='word_1_790' title='bbox 2153 5692 2357 5748; x_wconf 76' lang='lat' dir='ltr'><strong>dixeris</strong></span> <span class='ocrx_word' id='word_1_791' title='bbox 2417 5690 2536 5751; x_wconf 88' lang='lat' dir='ltr'><strong>hos,</strong></span> <span class='ocrx_word' id='word_1_792' title='bbox 2587 5700 2723 5754; x_wconf 91' lang='lat' dir='ltr'><strong>quos</strong></span> <span class='ocrx_word' id='word_1_793' title='bbox 2766 5683 2922 5741; x_wconf 91' lang='lat' dir='ltr'><strong>Philo</strong></span> <span class='ocrx_word' id='word_1_794' title='bbox 2953 5699 3060 5740; x_wconf 89' lang='lat' dir='ltr'><strong>non</strong></span> <span class='ocrx_word' id='word_1_795' title='bbox 3108 5677 3423 5740; x_wconf 83' lang='lat' dir='ltr'><strong>monachos,</strong></span> 
     </span>
    </p>
   </div>
   <div class='ocr_carea' id='block_1_116' title="bbox 281 5804 1716 5904">
    <p class='ocr_par' dir='ltr' id='par_1_116' title="bbox 281 5821 1716 5904">
     <span class='ocr_line' id='line_1_116' title="bbox 281 5821 1716 5904; baseline -0.008 -18"><span class='ocrx_word' id='word_1_796' title='bbox 281 5832 324 5864; x_wconf 77' lang='lat'><strong>&quot;</strong></span> <span class='ocrx_word' id='word_1_797' title='bbox 359 5832 533 5904; x_wconf 87' lang='lat' dir='ltr'><strong>Epist.</strong></span> <span class='ocrx_word' id='word_1_798' title='bbox 558 5830 648 5897; x_wconf 68' lang='grc'><strong>43,</strong></span> <span class='ocrx_word' id='word_1_799' title='bbox 681 5831 749 5887; x_wconf 90' lang='lat' dir='ltr'><strong>ad</strong></span> <span class='ocrx_word' id='word_1_800' title='bbox 796 5829 1022 5901; x_wconf 86' lang='lat' dir='ltr'><strong>Gregor.</strong></span> <span class='ocrx_word' id='word_1_801' title='bbox 1059 5827 1218 5900; x_wconf 70' lang='lat' dir='ltr'><strong>Nysa.</strong></span> <span class='ocrx_word' id='word_1_802' title='bbox 1295 5826 1337 5858; x_wconf 82' lang='grc'>⁸⁷</span> <span class='ocrx_word' id='word_1_803' title='bbox 1370 5822 1618 5894; x_wconf 81' lang='lat' dir='ltr'><strong>Theolog.</strong></span> <span class='ocrx_word' id='word_1_804' title='bbox 1654 5821 1716 5877; x_wconf 75' lang='lat' dir='ltr'><strong>Dc</strong></span> 
     </span>
    </p>
   </div>
   <div class='ocr_carea' id='block_1_117' title="bbox 1893 5804 2798 5904">
    <p class='ocr_par' dir='ltr' id='par_1_117' title="bbox 1904 5804 2798 5885">
     <span class='ocr_line' id='line_1_117' title="bbox 1904 5804 2798 5885; baseline -0.012 -17"><span class='ocrx_word' id='word_1_805' title='bbox 1904 5856 1921 5885; x_wconf 83' lang='lat'><strong>,</strong></span> <span class='ocrx_word' id='word_1_806' title='bbox 1951 5828 2069 5882; x_wconf 91' lang='lat' dir='ltr'><strong>cap.</strong></span> <span class='ocrx_word' id='word_1_807' title='bbox 2098 5810 2149 5865; x_wconf 76' lang='grc' dir='ltr'><strong>ί.</strong></span> <span class='ocrx_word' id='word_1_808' title='bbox 2230 5808 2275 5841; x_wconf 80' lang='grc'><strong>³⁸</strong></span> <span class='ocrx_word' id='word_1_809' title='bbox 2303 5805 2422 5864; x_wconf 85' lang='lat' dir='ltr'><strong>Lib.</strong></span> <span class='ocrx_word' id='word_1_810' title='bbox 2456 5819 2517 5872; x_wconf 83' lang='lat' dir='ltr'><strong>tt,</strong></span> <span class='ocrx_word' id='word_1_811' title='bbox 2570 5804 2798 5873; x_wconf 68' lang='lat' dir='ltr'><strong>tap.17.</strong></span> 
     </span>
    </p>
   </div>
  </div>
