3708 6304
411 312 484 368 59
1555 305 1611 362 S.
1653 304 2028 363 DIONYSIUS
2066 305 2526 364 AREOPAGITA.
3619 318 3688 370 ευ

415 419 510 474 sed
546 420 896 490 therapeutas
918 427 1098 487 vocat,
1115 434 1314 475 revera
1347 421 1646 476 monachos
1674 436 1782 476 non
1805 420 1998 484 fuisse,
2031 426 2078 484 Α
2109 423 2194 476 ubi
2227 423 2405 474 omnia
2456 427 2502 475 is
2545 424 2638 492 qui
2680 425 2944 488 initiatur,
2979 425 3247 494 professus
3286 435 3384 490 est,
3433 431 3686 484 sacerdos

416 511 510 568 sed
539 511 800 576 Iudaica,
834 527 1182 582 nequaquam
1229 528 1358 566 vero
1380 513 1710 568 Christianae
1751 513 2000 580 religioni

417 604 688 669 addictos,
733 613 894 672 alque
934 605 1230 659 Eusebium
1281 607 1383 661 hac
1439 607 1492 660 in
1541 620 1620 670 re,
1644 615 1705 658 ut
1751 606 2000 660 eruditus

417 697 540 764 ejus
570 698 841 767 interpres
870 697 1120 753 Valesius
1150 700 1422 761 observat,
1447 713 1587 752 vano
1614 712 1806 752 errore
1834 698 2000 753 fuisse

419 789 724 860 deceptum.
759 790 841 842 Ab
869 789 1272 859 Areopagiticis
1302 793 1448 843 enim
1476 791 1669 844 audies
1693 789 1870 844 nullas
1902 805 1997 858 pe-

418 883 678 952 nitusque
726 881 948 938 frivolas
1003 899 1123 938 esse
1175 883 1378 939 Valesii
1419 886 1686 939 adversus
1719 893 1996 939 auctorem

419 989 575 1029 suum
626 977 998 1044 probationes.
1059 978 1126 1031 Et
1175 987 1343 1044 certe,
1382 979 1667 1048 inquiunt,
1708 978 1996 1042 Eusebius,

415 1071 502 1123 vir
529 1085 756 1124 summa:
800 1071 1130 1126 eruditionis
1163 1073 1214 1126 in
1244 1073 1613 1142 dignoscenda
1647 1073 1996 1142 therapeuta-

419 1177 535 1215 rum
569 1161 832 1232 religione
856 1204 870 1227 ,
899 1172 1008 1217 tam
1044 1165 1216 1233 turpis
1259 1164 1705 1219 hallucinationis
1734 1178 1840 1217 non
1873 1163 1994 1219 sine

417 1251 745 1306 temeritatis
774 1264 896 1306 nota
917 1264 1096 1323 potest
1130 1253 1463 1308 insimulari.
1482 1253 1704 1308 Addunt
1729 1263 1992 1323 praeterea

415 1342 803 1415 Hieronymum
838 1346 965 1400 huic
999 1348 1219 1401 Eusebii
1259 1347 1327 1401 de
1362 1347 1677 1403 Christiana
1697 1349 1991 1417 therapeuo

415 1445 592 1490 tarum
669 1439 931 1506 religione
996 1440 1238 1506 opinioni
1289 1443 1406 1495 haec
1477 1440 1870 1509 subscripsisse
1937 1441 1990 1495 in

413 1528 574 1582 verba
602 1529 683 1583 ³⁹;
722 1527 908 1594 Philo,
946 1532 1122 1584 videns
1175 1531 1516 1586 Alexandria:
1543 1535 1765 1602 primam
1803 1533 1986 1587 Eccle-

409 1622 544 1674 siam
573 1623 746 1675 adhuc
794 1623 1192 1690 Judaizantem,
1243 1629 1397 1697 quasi
1461 1627 1515 1678 in
1570 1625 1782 1679 laudem
1819 1627 1988 1696 gentis

409 1727 520 1764 sua:
557 1711 748 1764 librum
782 1729 938 1781 super
983 1730 1166 1768 eorum
1207 1717 1596 1770 conversatione
1620 1715 1852 1782 scripsit.

483 1802 553 1856 At
581 1792 716 1857 Sane
755 1803 1124 1875 Areopagitici
1155 1807 1528 1877 therapeutas,
1563 1806 1607 1861 si
1641 1806 1760 1861 fieri
1787 1808 1982 1876 possit,

407 1896 734 1950 Christianae
761 1898 1011 1968 religioni
1039 1914 1234 1952 nomen
1273 1901 1488 1955 dedisse
1518 1899 1735 1954 invictis
1759 1899 1983 1954 demon-

405 1997 586 2042 strent
629 1991 996 2059 argumentis,
1045 2006 1139 2060 per
1186 2007 1286 2045 nos
1329 1991 1472 2045 licet.
1511 1992 1618 2046 Sed
1657 1992 1780 2045 illos
1812 1992 1980 2044 vitam

406 2078 800 2143 monasticam,
861 2079 1039 2148 qualis
1085 2080 1154 2134 ab
1189 2091 1414 2136 auctme
1475 2092 1665 2135 nostro
1713 2080 1982 2136 describi-

405 2176 514 2232 tur,
548 2169 836 2237 aliquando
871 2171 1112 2237 duxisse,
1147 2172 1294 2226 nullo
1345 2187 1607 2243 unquam,
1634 2184 1691 2228 ut
1737 2183 1980 2244 putatur,

399 2260 747 2330 antiquitatis
799 2264 1132 2318 monimento
1193 2265 1520 2333 probabunt.
1566 2265 1731 2320 Missa
1775 2265 1978 2320 etenim

400 2353 637 2422 primum
690 2369 752 2408 ea
815 2355 1046 2411 facimus
1093 2371 1213 2424 quae
1250 2359 1490 2426 scriptor
1523 2367 1711 2412 noster
1757 2358 1825 2412 de
1865 2356 1980 2411 Mo-

401 2446 592 2502 nachis
614 2448 729 2502 suis
770 2449 1016 2512 tradidit,
1047 2463 1142 2502 eos
1195 2463 1301 2501 non
1336 2449 1386 2501 in
1420 2449 1666 2514 urbibus,
1701 2450 1794 2503 sed
1821 2459 1974 2502 extra

399 2541 563 2594 urbes
603 2555 921 2610 progressos
947 2581 962 2606 ,
1013 2541 1068 2596 in
1107 2542 1282 2597 hortis
1317 2542 1617 2611 agellisque
1648 2543 1879 2612 (legisse,
1914 2557 1977 2597 ac

396 2633 629 2700 proinde
674 2631 1034 2696 Antonianis,
1073 2635 1217 2702 quod
1251 2635 1341 2688 alii
1387 2642 1605 2703 negant,
1631 2632 1800 2688 fuisse
1823 2633 1976 2688 simi-

397 2723 496 2778 les.
523 2723 658 2778 Illud
711 2736 891 2780 autem
942 2725 1286 2791 potissimmn
1333 2728 1631 2794 quaerimus
1668 2739 1767 2779 cur
1806 2725 1972 2779 Euse-

397 2816 520 2870 bius
547 2817 638 2884 qui
673 2825 825 2872 tanto
860 2819 978 2873 nisu
1043 2819 1400 2880 therapeulas
1427 2815 1786 2872 Philonianos
1810 2816 1973 2872 Chri-

396 2909 593 2964 stianis
630 2913 1072 2967 annumerandos
1132 2926 1255 2965 esse
1302 2912 1538 2981 probare
1573 2920 1803 2966 conatus
1848 2920 1966 2976 est,

392 3010 615 3062 eosdem
650 3006 838 3062 nullibi
865 3005 1066 3060 dixerit
1098 3006 1399 3058 monachos
1423 3003 1610 3067 fuisse,
1638 3004 1722 3058 vel
1753 3020 1972 3061 succes-

390 3118 548 3157 sores
584 3103 863 3166 habuisse,
892 3098 985 3169 qui
1015 3099 1280 3162 vestibus,
1311 3108 1560 3160 tonsura,
1589 3099 1734 3152 votis
1766 3098 1962 3152 solem-
1993 3109 2040 3173 ο

395 3197 580 3259 uibus,
619 3207 684 3247 ac
730 3190 946 3246 vivendi
991 3191 1204 3246 ratione
1235 3191 1303 3244 ab
1348 3189 1608 3244 omnibus
1637 3189 1968 3244 Christianis

390 3287 613 3354 secreti,
637 3286 1018 3356 perlectiorem
1049 3285 1176 3338 vitae
1215 3283 1540 3337 monasticae
1567 3295 1814 3335 normam
1843 3295 1970 3348 pro-

389 3379 703 3436 ﬁtebantur.
742 3379 852 3432 Cur
874 3377 1259 3448 Hieronymus,
1289 3383 1475 3428 tantus
1502 3374 1816 3427 monasticae
1842 3387 1969 3442 pro-

391 3471 641 3524 fessionis
669 3466 1019 3538 praedicator,’
1042 3469 1263 3522 eosdem
1299 3465 1650 3534 therapeutas
1690 3465 1741 3516 in
1777 3478 1966 3518 mona-

387 3565 616 3617 chorum
644 3577 929 3621 numerum
965 3577 1071 3615 non
1111 3559 1301 3624 refert,
1336 3557 1570 3625 illosque
1604 3572 1724 3609 cum
1751 3557 1965 3611 caeteris

385 3655 644 3710 omnibus
679 3656 872 3725 prima:
915 3652 1174 3707 Ecclesiae
1210 3650 1540 3705 Christianis
1582 3649 1874 3714 permiscet
1910 3658 1964 3701 et

386 3748 709 3803 confundit?
753 3747 911 3803 Nulla
935 3747 1122 3815 procul
1161 3745 1324 3798 dubio
1355 3743 1460 3796 alia
1491 3745 1628 3796 ratio
1655 3741 1834 3796 afferri
1870 3757 1963 3810 po-

387 3840 536 3906 terit,
561 3853 723 3908 quem
761 3852 860 3892 nec
894 3837 1243 3905 therapeutas
1275 3833 1430 3887 initio
1466 3833 1740 3886 nascentis
1770 3831 1962 3885 Eccle-

384 3934 507 3997 sia,
539 3947 639 3987 nec
682 3930 820 3985 ullos
869 3929 1212 3985 Christianos
1250 3927 1492 3998 Dionysii
1542 3935 1787 3995 tempore
1829 3925 1961 3978 tales

383 4017 685 4078 monachos
723 4023 914 4088 fuisse,
953 4023 1144 4091 quales
1197 4021 1264 4074 ab
1288 4031 1514 4073 auctore
1539 4025 1725 4072 nostro
1758 4032 1958 4072 memo-

383 4128 596 4170 rantur.

450 4212 629 4278 Atque
666 4210 796 4262 illud
833 4209 1053 4278 quidem
1085 4223 1150 4262 eo
1190 4222 1378 4262 rursus
1421 4203 1731 4259 confirmari
1757 4211 1955 4270 potest,

377 4305 523 4371 quod
579 4305 942 4357 monasticam
998 4301 1310 4356 institutum
1363 4314 1471 4352 non
1507 4296 1756 4351 ferebant
1782 4310 1955 4363 prima

378 4394 718 4448 saevientium
782 4396 1050 4449 adversus
1119 4393 1464 4449 Christianos
1515 4390 1952 4458 persecutionum

382 4495 648 4554 tempora.
682 4487 813 4552 Quis
841 4487 987 4539 enim
1019 4487 1120 4540 sibi
1160 4485 1491 4554 persuadeat
1530 4493 1793 4552 tyrannos
1834 4482 1954 4534 ido-

379 4575 662 4649 lorumque
703 4575 959 4641 cultores,
995 4577 1086 4644 qui
1120 4591 1329 4630 summa
1363 4575 1689 4630 crudelitate
1715 4574 1767 4628 in
1789 4571 1952 4627 Chri-

374 4667 587 4721 stianos
641 4682 833 4721 omnes
872 4669 1291 4737 grassabantur,
1326 4683 1420 4722 eos
1470 4669 1693 4737 impune
1741 4666 1950 4729 tulisse,

374 4761 463 4829 qui
499 4761 550 4814 in
580 4761 828 4830 collegiis
881 4764 1252 4816 communiter
1300 4765 1581 4828 degentes,
1633 4768 1856 4816 tonsura
1896 4771 1951 4814 et

376 4865 524 4909 veste
559 4853 985 4923 perfectiorique
1035 4856 1251 4910 vivendi
1286 4868 1482 4925 genere
1533 4853 1748 4908 caeteris
1790 4852 1950 4908 Chri-

374 4949 572 5003 stianis
629 4949 963 5004 illustriores
993 4961 1172 5005 erant.
1221 4935 1502 5015 Sacerdos,
1533 4949 1708 5016 inquit
1757 4957 1952 5002 auctor

374 5051 580 5103 noster,
606 5051 714 5094 stat
749 5043 818 5095 ad
868 5041 1110 5094 altare...
1150 5040 1209 5094 Is
1253 5053 1428 5094 autem
1466 5043 1556 5108 qui
1587 5049 1947 5102 consecratur,

371 5143 474 5187 stat
508 5145 622 5202 post
644 5138 1078 5192 sacerdotem....
1107 5153 1271 5204 supra
1295 5135 1445 5188 illam
1493 5135 1769 5203 mysticam
1799 5133 1947 5183 invo-

368 5222 629 5274 cationem
673 5226 1033 5293 prosequenti.
1067 5226 1188 5291 Qua
1213 5225 1390 5292 ﬁnita,
1428 5225 1674 5278 sacerdos
1699 5221 1948 5274 accedens

370 5324 520 5385 rogat
553 5315 722 5382 ipsum
755 5320 1011 5385 primum,
1037 5336 1105 5373 an
1134 5319 1377 5373 omnibus
1420 5319 1572 5370 rebus
1601 5315 1828 5369 diriditis
1859 5328 1944 5366 re-

369 5409 600 5473 nuntiet,
625 5426 728 5463 non
757 5412 932 5464 solum
958 5412 1121 5478 vitiis,
1151 5414 1242 5467 sed
1267 5413 1427 5465 etiam
1453 5406 1941 5478 imaginationibus.

373 5500 574 5553 Deinde
606 5505 817 5566 exponit
855 5505 936 5557 illi
957 5509 1120 5558 uitam
1157 5502 1616 5572 perfectissimam,
1643 5506 1943 5552 contestans

369 5590 518 5643 illam
537 5590 723 5646 debere
752 5595 980 5648 mediam
999 5595 1202 5650 vivendi
1230 5594 1484 5646 rationem
1513 5607 1780 5660 superare.
1811 5587 1942 5651 Qua?

443 5764 488 5793 ³·
513 5760 588 5814 De
619 5765 798 5833 script.
833 5766 1024 5820 eccles.

2105 527 2222 564 eum
2254 512 2406 580 signa
2427 512 2598 565 crucis
2622 515 2985 584 consignatum
3009 517 3257 570 tondet...
3284 518 3524 587 omnique
3543 533 3687 575 veste

2103 605 2366 666 detracta,
2415 621 2534 658 eum
2579 606 2693 659 alia
2737 609 2934 661 induit.
2959 607 3096 674 Quis
3142 619 3322 664 autem
3359 610 3552 681 primis
3583 614 3679 668 Ec-

2102 693 2283 747 clesiae
2331 694 2670 765 temporibus
2703 700 3023 752 monachum
3043 699 3277 769 aliquem
3310 712 3459 756 veste
3475 714 3530 758 et
3556 712 3684 758 ton-

2101 798 2228 836 sura
2252 784 2321 838 ab
2360 784 2483 840 aliis
2515 785 2846 843 Christianae
2892 790 3172 860 religionis
3224 791 3534 849 hominibus
3567 797 3680 850 dis~

2101 886 2335 941 cretum,
2391 877 2443 929 in
2502 879 2723 944 publico
2765 882 3086 948 visum,aut
3111 897 3141 935 a
3175 884 3400 952 paganis
3433 895 3676 955 captum,

2102 979 2436 1038 tortumque,
2473 979 2570 1025 aut
2596 983 2853 1028 necatum
2894 978 3174 1030 memoriae
3199 978 3497 1046 aliquando
3519 995 3678 1034 man-

2098 1062 2289 1115 davit?
2333 1061 2590 1127 Ubinam,
2629 1080 2838 1136 quaeso,
2882 1067 3170 1138 collegium
3208 1070 3452 1140 aliquod,
3485 1072 3538 1126 in
3564 1088 3678 1143 quo

2097 1154 2352 1210 monachi
2383 1156 2544 1210 simul
2575 1158 2740 1212 vitam
2774 1160 3064 1230 degerent,
3111 1179 3141 1216 a
3181 1162 3414 1232 paganis
3445 1175 3539 1220 aut
3568 1166 3672 1220 im-

2094 1249 2448 1320 peratoribus
2479 1253 2778 1318 praedatum
2809 1265 3169 1310 auteversum
3197 1256 3431 1326 legitur?
3452 1257 3509 1313 Si
3535 1263 3672 1330 quid

2094 1342 2180 1397 his
2231 1359 2339 1397 non
2385 1359 2609 1398 omnino
2657 1345 2912 1402 absimile
2948 1349 3001 1404 in
3043 1348 3377 1416 quibusdam
3410 1353 3670 1422 martyris

2094 1436 2326 1506 alicujus
2350 1437 2504 1491 Actis
2531 1451 2821 1494 occurrere
2848 1439 3074 1503 dixeris,
3109 1453 3366 1510 arguetur
3405 1445 3672 1498 continuo

2093 1531 2185 1586 illa
2224 1545 2321 1584 nec
2337 1531 2572 1597 genuina
2601 1545 2722 1585 esse
2750 1545 2851 1586 nec
2875 1533 3114 1597 sincera,
3149 1534 3392 1604 nihilque
3423 1535 3490 1588 de
3533 1545 3668 1591 tem-

2090 1636 2223 1690 pore
2276 1637 2384 1690 quo
2416 1633 2624 1696 martyr
2653 1623 2743 1678 ille
2776 1625 3001 1689 obierit,
3032 1628 3102 1682 ab
3133 1641 3324 1682 eorum
3374 1630 3666 1699 scriptori-

2093 1703 2194 1767 bus
2224 1723 2378 1769 certo
2403 1716 2641 1770 delinlri.

2161 1803 2350 1858 Tradit
2393 1807 2630 1876 denique
2665 1820 2858 1863 auctor
2905 1819 3089 1862 noster
3131 1825 3325 1865 nomen
3359 1813 3656 1885 therapeu~

2087 1906 2154 1952 tae
2181 1907 2235 1951 et
2256 1901 2505 1953 monachi
2542 1916 2639 1955 suo
2668 1911 2913 1971 tempore
2947 1903 3134 1957 tritum
3162 1913 3216 1958 et
3237 1906 3466 1977 vulgare
3495 1908 3662 1963 fuisse

2085 2001 2251 2056 atque
2281 2006 2312 2044 a
2342 1995 2771 2061 praeceptoribus
2802 1997 2917 2050 suis
2943 1997 3078 2052 illud
3102 1996 3458 2065 Christianis,
3493 2003 3658 2057 ritum

2085 2084 2448 2138 monasticam
2521 2085 2838 2141 solemniter
2902 2091 3325 2160 proﬁtentibus,
3374 2095 3652 2150 inditum:

2085 2171 2230 2227 Iliae
2276 2176 2448 2228 sancti
2477 2189 2825 2246 praeceptores
2867 2180 3054 2248 nostri,
3103 2182 3300 2250 inquit,
3350 2187 3542 2242 diuinis
3572 2205 3656 2241 eos

2083 2264 2529 2332 appellationibus
2585 2277 2710 2320 sunt
2756 2272 3018 2337 prosecuti
3049 2271 3184 2325 :alii
3226 2275 3438 2342 quidem
3471 2277 3654 2330 thera-

2079 2365 2286 2420 peutas,
2339 2355 2433 2409 alii
2485 2375 2607 2411 vero
2659 2361 2942 2415 monachos
2993 2363 3429 2430 appellaverunt:
3461 2371 3512 2422 oi.
3556 2371 3654 2441 μὲν

2081 2441 2440 2514 θεραπευτὰς,
2489 2448 2538 2499 oi
2579 2448 2635 2500 δὲ
2681 2452 2948 2520 μοναχοὺς
2975 2450 3350 2522 ὀνομάζοντες.
3396 2458 3651 2525 Quinam,

2079 2537 2331 2603 obsecro,
2384 2551 2509 2592 esse
2561 2549 2817 2608 poterant
2873 2542 2927 2596 hi
2974 2543 3213 2614 Dionysii
3263 2561 3650 2618 praeceptores,

2077 2627 2170 2695 qui
2209 2643 2270 2683 ea
2324 2629 2543 2682 nomina
2577 2632 3055 2702 appellationesque
3085 2637 3292 2690 divinas
3335 2638 3445 2694 illis
3472 2641 3653 2711 impo-

2077 2718 2417 2775 suerel'Nou
2475 2721 2631 2776 Philo
2685 2724 2924 2793 quidem.
2959 2725 3010 2780 ls
3051 2728 3221 2793 enim,
3267 2729 3490 2788 Iudaeus
3519 2748 3650 2791 cum

2075 2821 2245 2878 esset,
2305 2827 2334 2865 a
2391 2811 2646 2885 Dionysio
2671 2817 3014 2888 'Areopagita
3071 2831 3327 2889 tanquam
3383 2841 3527 2880 unus
3583 2844 3649 2882 ex

2074 2903 2279 2959 sanctis
2312 2908 2740 2975 praeceptoribus
2769 2911 2884 2965 suis
2913 2912 3121 2966 laudari
3155 2929 3260 2968 non
3293 2920 3488 2983 potuit.
3517 2919 3649 2987 Qui-

2076 3009 2203 3049 nam
2255 3011 2387 3068 ergo
2433 2999 2500 3051 ab
2540 3014 2605 3054 eo
2660 3013 3024 3072 praeceptores
3071 3005 3457 3073 appellantur?
3506 3009 3646 3062 Num

2075 3083 2402 3143 llierothens
2457 3091 2538 3143 vel
2589 3093 2702 3156 alii,
2734 3109 2965 3162 quorum
3025 3113 3219 3152 nomen
3257 3102 3482 3168 excidit,
3521 3121 3648 3159 eva-

2076 3181 2304 3250 nuitque
2336 3183 2644 3236 memoria?
2671 3183 2776 3241 Sed
2807 3186 2858 3240 hi
2891 3189 3006 3243 suis
3038 3191 3374 3259 temporibus
3400 3195 3648 3250 celebres

2072 3288 2193 3332 esse
2248 3275 2575 3342 debuerunt,
2637 3287 2693 3332 et
2727 3280 2983 3336 omnibus
3019 3281 3177 3338 facile
3216 3286 3352 3339 noti.
3375 3286 3485 3341 Cur
3515 3303 3646 3358 ergo

2072 3366 2161 3421 isti
2209 3366 2313 3421 soli
2365 3382 2488 3422 cum
2550 3370 2819 3438 discipulo
2867 3388 2964 3427 suo
3010 3374 3263 3446 Dionysio
3311 3378 3642 3450 Areopagita

2068 3463 2266 3530 primo,
2302 3465 2539 3519 secundo
2587 3468 2856 3537 tertioque
2904 3466 3160 3525 Ecclesia:
3209 3473 3408 3526 saeculo
3453 3490 3644 3528 mona-

2069 3555 2296 3608 chorum
2321 3558 2561 3626 nomina,
2607 3560 2882 3627 ordinem,
2916 3571 3122 3616 statum
3147 3605 3160 3628 ,
3215 3563 3639 3631 professionem,

2069 3656 2218 3713 vota,
2247 3660 2548 3714 tonsuram,
2583 3661 2792 3708 vestem
2825 3664 2879 3708 et
2909 3653 3133 3723 collegia
3164 3656 3642 3711 memoraverunt?
3681 3673 3684 3678 ’

2069 3739 2231 3794 Certe
2263 3756 2386 3796 cum
2417 3742 2506 3795 alii
2537 3745 2836 3812 scriptores
2876 3757 2972 3813 per
3013 3756 3120 3800 tam
3153 3747 3312 3817 longa
3346 3749 3514 3803 trium
3542 3765 3643 3803 εδδ-ο

2066 3831 2308 3885 culorum
2349 3835 2522 3902 spatia
2567 3837 2758 3889 horum
2787 3840 3031 3893 onmium
3069 3855 3408 3911 nequaquam
3447 3844 3640 3896 memi-

2064 3925 2270 3988 nerint,
2314 3928 2366 3981 id
2399 3943 2529 3983 sane
2581 3940 2901 4001 argumento
2933 3947 3039 3987 non
3085 3933 3362 3989 levissimo
3391 3947 3478 3990 est
3507 3947 3639 3990 tem-

2064 4032 2198 4086 pore
2230 4019 2471 4090 Dionysii
2507 4021 2682 4078 nullos
2717 4024 3003 4082 exstitisse
3035 4025 3416 4096 hujuscemodi
3450 4044 3643 4083 mona-

2015 4154 2018 4156 .
2064 4111 2198 4166 chos
2229 4121 2285 4168 et
2311 4114 2686 4185 therapeutas.

2650 4232 2879 4289 CAPUT
2907 4233 3046 4288 XVI.

2062 4319 2443 4400 Argumentum
2503 4327 2802 4389 septimum,
2853 4343 2920 4380 ex
2965 4331 3296 4383 caeremoniis
3343 4331 3638 4398 ritibusque

2131 4407 2318 4454 sacris,
2333 4410 2463 4461 quos
2479 4409 2665 4448 auctor
2681 4408 2856 4450 noster
2871 4401 3152 4463 recensuit,
3175 4401 3566 4470 depromptum.

2133 4481 2367 4537 Maxima
2423 4489 2873 4542 caeremoniarum
2921 4490 3232 4556 multitudo,
3267 4491 3636 4564 solemnisqne

2062 4586 2255 4626 earum
2293 4585 2588 4642 apparatus
2628 4585 2681 4632 et
2727 4593 2960 4646 pompa,
2986 4579 3184 4648 quibus
3221 4587 3418 4634 auctor
3451 4593 3638 4636 noster

2061 4678 2404 4720 sacramenta
2457 4667 2828 4736 baptismatis,
2875 4671 3286 4725 chrismationis
3322 4682 3379 4725 et
3421 4672 3638 4727 Eucha-

2062 4757 2233 4811 ristiac
2256 4757 2454 4812 confici
2482 4768 2538 4814 et
2565 4758 2959 4825 administrari,
2983 4761 3201 4814 missam
3241 4761 3635 4831 liturgiamque

2058 4850 2351 4915 celebrari,
2390 4861 2446 4904 et
2477 4863 2815 4907 mortuorum
2849 4870 3075 4922 corpora
3113 4855 3332 4923 sepeliri
3354 4860 3631 4926 perhibet,

2056 4958 2178 4998 eum
2210 4943 2472 5015 Dionysio
2511 4946 2839 5015 Areopagita
2883 4947 3245 5015 posteriorem
3285 4963 3410 5004 esse
3441 4967 3631 5006 rursus

2057 5037 2294 5104 produnt
2323 5047 2378 5091 et
2406 5037 2808 5092 demonstrant.
2853 5038 2948 5092 Ille
2981 5039 3261 5093 enimvero
3311 5042 3413 5097 hos
3439 5057 3629 5097 omnes

2055 5133 2193 5185 ritus
2222 5146 2320 5184 nec
2343 5131 2543 5184 minori
2583 5146 2836 5195 numero,
2877 5146 2977 5185 nec
3007 5131 3205 5187 minori
3255 5133 3627 5198 solemnitate,

2055 5239 2219 5293 quam
2273 5239 2396 5278 cum
2438 5223 2681 5277 Ecclesia
2731 5239 2865 5290 pace
2901 5223 3274 5292 placidissima
3325 5225 3626 5292 fruebatur,

2056 5328 2176 5380 suo,
2212 5315 2314 5368 hoc
2373 5325 2478 5379 est,
2511 5323 2572 5368 ut
2623 5313 2740 5379 ipse
2776 5315 2953 5384 lingit,
2980 5315 3341 5372 acerbissimo
3380 5333 3520 5385 pene
3552 5320 3630 5372 in-

2056 5405 2401 5460 credibilium
2454 5408 2802 5461 vexationum
2840 5415 3086 5477 tempore
3120 5424 3151 5462 a
3178 5408 3515 5467 Christianis
3539 5413 3629 5464 ad-

2055 5496 2230 5550 hiberi
2262 5498 2443 5552 solere
2470 5497 2762 5565 significat.

2119 5585 2240 5643 Non
2300 5588 2604 5645 diﬂitentur
2667 5591 2889 5660 quidem
2959 5593 3328 5663 Areupagiticj
3385 5605 3623 5662 plurium
