3748 6312
167 274 230 329 ιι
1528 270 1711 329 FBOL

1894 269 2062 329 lENA.
3334 278 3404 335 ις.

165 387 616 444 caeremoniarum
641 388 969 446 mentionem
999 389 1138 460 apud
1167 389 1481 462 Dionysium
1511 391 1719 456 haberi;
1750 396 1795 451 Α
1828 388 1919 442 libi
1963 398 2176 454 quoque
2231 384 2471 454 reperies
2537 395 2647 442 tam
2706 388 3045 459 frequentem
3098 391 3262 448 fuisse
3320 396 3404 451 his

161 479 261 533 sed
285 480 621 534 contendunt
648 496 742 537 eas
786 484 1158 551 apostolorum
1193 493 1436 553 tempore
1467 488 1731 556 paulatim

164 570 469 636 institutas,
507 581 565 625 et
605 574 903 629 traditione
931 576 1235 643 apostolica
1268 576 1335 629 ad
1361 576 1499 632 alios
1540 577 1613 631 ita
1648 579 1733 632 de-

165 661 391 726 rivatas,
425 672 483 716 ut
537 664 780 735 Dionysii
837 664 1081 731 eiusdem
1129 675 1309 730 mtate,
1339 668 1392 721 in
1416 683 1539 721 eum
1571 684 1731 738 quem

164 751 259 805 ille
307 753 591 817 describit,
622 770 909 810 numerum
952 757 1095 812 haud
1148 758 1436 813 dilliculter
1484 775 1734 816 crescere

161 846 461 910 potuerint.
508 846 680 901 Porro
730 860 908 903 autem
962 849 1284 916 Christiani,
1319 855 1393 907 uti
1439 853 1515 907 illi
1571 864 1732 908 autu-

166 947 339 1000 mant,
375 939 439 992 iis
482 939 679 995 ritibus
719 950 829 995 tum
859 944 1172 1009 utebantur,
1200 959 1345 1009 cum,
1395 950 1731 1015 persecutio-

163 1043 295 1081 num
324 1030 510 1085 furore
561 1034 646 1087 vel
684 1036 858 1105 sopito
899 1035 983 1090 vel
1016 1038 1283 1108 mitigato,
1330 1055 1566 1111 synaxes
1609 1058 1735 1098 suas

162 1122 299 1175 tutis
323 1122 375 1175 in
405 1122 538 1177 locis
568 1127 970 1191 agerelicebat.
994 1129 1123 1195 Quae
1148 1131 1363 1197 quidem
1398 1144 1456 1185 ut
1481 1135 1732 1203 probent,

159 1213 443 1265 adducunt
478 1216 795 1270 testimonia
834 1219 1174 1287 Tertulliani,
1207 1224 1297 1292 qui
1327 1226 1592 1293 baptisma
1624 1243 1731 1281 non

160 1304 515 1370 paucioribus
560 1322 721 1375 quam
757 1319 946 1364 auctor
977 1324 1167 1367 noster
1190 1318 1535 1372 caeremoniis
1562 1320 1732 1374 admi-

160 1394 458 1447 nistratum
525 1410 828 1454 asseverat.
862 1401 1096 1458 Basilius
1130 1419 1261 1459 vero
1305 1420 1398 1460 eas
1428 1422 1457 1459 a
1487 1408 1647 1462 tacita
1680 1417 1735 1462 et

156 1486 378 1540 occulta
413 1489 705 1544 traditione
735 1492 801 1544 ad
832 1508 983 1546 suam
1019 1510 1189 1564 usque
1217 1506 1431 1550 atatem
1466 1498 1733 1552 deductas

156 1591 286 1631 esse
321 1588 573 1635 testatur.
609 1580 722 1637 Nec
754 1584 914 1638 aliter
945 1600 1077 1640 sane
1114 1588 1181 1642 de
1215 1589 1299 1643 bis
1327 1598 1495 1658 atque
1520 1590 1643 1644 aliis
1669 1590 1735 1644 li-

158 1670 354 1739 turgize
377 1672 571 1728 ritibus
597 1675 869 1730 sentiebat
890 1677 1029 1731 idem
1052 1677 1425 1736 Tertullianus
1448 1683 1494 1715 ⁵⁰
1522 1706 1534 1740 :
1562 1684 1706 1751 Quas

1837 478 2166 546 temporibus
2194 477 2371 531 thuris
2394 492 2572 543 usum,
2603 494 2704 535 nec
2729 488 2808 535 tot
2830 481 3127 539 sullitiones
3170 496 3302 555 quot
3337 489 3408 543 ab

1835 581 2058 624 auctore
2087 579 2272 625 nostro
2307 571 2395 625 his
2418 572 2601 625 verbis
2630 572 2940 628 referuntur
2965 589 2981 628 :
3013 573 3265 647 Pontifex
3284 597 3402 648 pre-

1834 677 1942 713 cem
1967 676 2172 713 sacram
2221 661 2291 713 ad
2328 662 2497 715 altare
2543 660 2639 713 Dei
2665 662 3043 730 celebraturus,
3076 667 3140 719 ab
3172 670 3403 737 ejusdem

1832 751 2086 820 sufﬁtione
2129 751 2339 805 initium
2390 751 2615 817 faciens,
2668 755 2965 810 universum
3025 760 3211 813 circuit
3255 762 3404 815 chori

1833 844 2111 907 ambitum,
2141 844 2303 898 donec
2349 861 2559 897 rursum
2591 846 2659 897 ad
2691 850 2860 903 altare
2894 851 3123 904 divinum
3176 856 3403 917 rediens.

1834 944 1943 990 etc.
1992 933 2278 990 Enimvero
2322 938 2692 1008 Athenagoras
2743 940 2787 971 “
2838 952 2893 995 et
2952 944 3322 1003 Tertullianus
3360 948 3407 979 “

1834 1025 2172 1083 Christianos
2213 1045 2385 1099 neque
2439 1032 2600 1087 thure
2634 1047 2808 1102 neque
2837 1034 3013 1089 sumtu
3054 1038 3162 1091 Deo
3190 1040 3403 1095 sacrili-

1835 1132 1988 1173 casse
2046 1128 2331 1189 testantur.
2395 1123 2595 1179 Censet
2659 1128 2876 1195 quidem
2940 1134 3405 1189 eminentissimus

1835 1209 2128 1265 cardinalis
2158 1212 2300 1267 Bona
2330 1229 2423 1269 eos
2454 1232 2572 1272 esse
2601 1218 2982 1290 intelligendos
3009 1224 3073 1277 de
3104 1240 3251 1279 more
3280 1226 3405 1280 thus

1835 1298 2083 1354 adolendi
2107 1304 2296 1357 eodem
2324 1305 2451 1372 ritu,
2481 1308 2665 1361 habitu
2698 1317 2751 1363 et
2787 1321 3068 1379 apparatu,
3099 1328 3204 1381 quo
3228 1316 3404 1383 agitur

1835 1389 1973 1457 apud
2006 1390 2169 1443 idola.
2207 1390 2312 1445 Sed
2344 1398 2537 1449 summi
2565 1396 2665 1451 viri
2698 1413 2830 1465 pace
2855 1401 3034 1456 dicere
3071 1403 3247 1467 liceat,
3275 1405 3403 1457 illud

1836 1479 2144 1534 accuratius
2191 1480 2469 1537 observari
2515 1486 2730 1553 debere,
2757 1492 2903 1558 quod
2952 1492 3141 1546 scribit
3189 1494 3405 1549 Tertul-

1837 1566 2378 1638 lianus,Christianos
2405 1575 2615 1630 duabus
2640 1578 2707 1632 de
2728 1582 2907 1635 causis
2934 1583 3056 1636 thus
3082 1585 3401 1649 adolevisse,

1838 1658 2090 1714 nimirum
2114 1661 2426 1719 Christianis
2451 1668 2777 1737 sepeliendis,
2808 1682 2854 1726 et
2880 1690 2998 1728 cum
3020 1675 3152 1730 odor
3176 1678 3403 1747 alicujus

157 1728 366 1827 inq‘iiit,
406 1764 519 1816 sine
571 1764 733 1819 ullius
780 1764 1075 1836 Scriptura:
1136 1771 1519 1841 instrumento,
1560 1728 1727 1830 :olius,
1762 1728 1803 1782 Β
1832 1750 1933 1804 [ad
1962 1753 2259 1821 "mandari"
2312 1754 2425 1811 “ac
2451 1759 2650 1814 θίθηίω
2707 1762 2903 1833 dupli“
2934 1769 3250 1837 exceptione
3292 1771 3406 1839 pl"

153 1851 467 1906 traditionis
531 1855 710 1921 titulo,
762 1859 951 1912 exinde
993 1864 1388 1918 consuetudinis
1438 1868 1731 1933 patrocinio

152 1941 567 2001 vindicamus...
599 1946 807 2001 Harum
849 1961 897 2002 et
927 1952 1158 2007 aliarum
1195 1957 1457 2026 ejusmodi
1487 1958 1728 2028 discipli-

153 2044 351 2083 narum
410 2036 457 2085 si
511 2034 676 2105 legem
703 2043 1027 2113 expostules,
1059 2050 1457 2126 Scripturarum
1528 2052 1730 2106 nullam

152 2121 386 2175 invenies
413 2137 433 2175 .'
462 2131 679 2181 traditio
710 2132 806 2185 tibi
834 2121 1188 2200 praetenditur
1212 2144 1447 2209 auctrix,
1499 2160 1725 2199 consue-

152 2213 286 2264 tudo
333 2216 723 2283 conﬁrmatrix,
776 2235 825 2277 et
882 2226 1016 2294 ﬁdes
1062 2232 1404 2287 observatrix.
1451 2234 1729 2293 Rationem

152 2306 461 2375 traditioni,
520 2316 907 2381 consuetudini,
955 2320 1081 2387 ﬁdei
1137 2327 1589 2391 patrocinaturam
1635 2341 1728 2385 aut

151 2393 263 2463 ipse
299 2403 603 2467 perspicies,
630 2416 722 2458 aut
743 2410 807 2460 ab
836 2412 1033 2478 aliqua,
1054 2415 1146 2484 qui
1165 2420 1501 2485 perspexerit,
1530 2422 1718 2478 disces.

151 2484 350 2557 Neque
384 2491 473 2545 hic
525 2498 788 2565 quosdam
828 2502 1002 2558 audiri
1036 2503 1219 2562 volunt
1272 2506 1730 2583 Antiareopagiti-

150 2592 272 2646 eos,
320 2585 431 2651 qui.
467 2586 632 2643 nullis
675 2591 1090 2658 probationibus
1140 2599 1287 2667 freti,
1332 2602 1595 2673 quasdam
1624 2620 1731 2658 ete-

153 2675 435 2730 remonias
462 2676 809 2750 Dionysianis
837 2694 999 2754 atque
1045 2693 1358 2757 apostolicis
1390 2694 1727 2766 temporibus

153 2760 207 2814 in
242 2778 347 2816 usu
373 2762 538 2821 fuisse
563 2771 821 2827 audacter
855 2776 1188 2833 inﬁciantur.

224 2853 621 2914 Verumtamen
667 2863 796 2919 illud
832 2868 1097 2925 adversus
1147 2874 1560 2947 Areopagiticos
1603 2878 1726 2946 jure

151 2946 360 3000 merito
384 2960 627 3019 urgetur,
653 2956 798 3022 quod
819 2957 963 3012 sicut
1007 2970 1202 3015 auctor
1228 2946 1413 3018 noster
1436 2968 1726 3022 nonnullos

1833 1858 1960 1898 num
2010 1844 2101 1900 ille
2152 1848 2301 1913 facit,
2361 1849 2443 1903 vel
2502 1852 2631 1907 alibi
2686 1855 2809 1912 thus
2864 1873 2893 1912 a
2931 1858 3256 1917 Christianis
3295 1880 3402 1920 non

1831 1935 2089 2004 oblatum,
2129 1938 2210 1993 Vel
2267 1944 2459 1997 saltem
2506 1960 2610 2000 non
2643 1950 2803 2004 toties
2846 1952 3152 2010 adhibitum
3193 1960 3406 2025 quoties

1832 2027 1901 2079 ab
1933 2040 2155 2086 auctore
2190 2046 2373 2088 nostro
2423 2050 2695 2096 narratur.
2746 2041 2855 2097 Fac
2915 2054 3094 2101 tamen
3128 2064 3191 2104 ea
3221 2054 3402 2108 omnia

1832 2116 2135 2175 suﬂimenta
2164 2132 2293 2178 tunc
2315 2126 2488 2185 fuisse
2519 2132 2569 2185 in
2601 2148 2722 2187 usu.
2754 2134 2823 2189 At
2846 2137 3054 2205 nullus,
3097 2145 3311 2210 Opinor,
3347 2146 3401 2200 in

1832 2213 2070 2267 animum
2120 2216 2221 2272 sibi
2280 2220 2438 2276 facile
2482 2223 2792 2293 induxerit,
2822 2243 2885 2283 ea
2935 2230 2988 2283 in
3038 2238 3403 2294 totecclesia:

1831 2304 2076 2371 partibus
2122 2318 2254 2376 quot
2293 2320 2486 2367 auctor
2522 2326 2707 2369 noster
2762 2318 3051 2390 designat,
3094 2323 3260 2381 fuisse
3302 2330 3401 2383 ad-

1833 2394 2024 2449 hibita.
2058 2395 2310 2469 Nunquid
2361 2405 2504 2457 enim
2536 2410 2723 2475 primis
2774 2414 3111 2468 saevientium
3142 2427 3403 2488 tyranno-

1832 2503 1950 2541 rum
1986 2492 2319 2559 temporibus
2348 2495 2676 2553 Christianis
2707 2511 2865 2555 erant
2887 2506 3153 2571 ecclesiae,
3179 2525 3299 2577 qua:
3323 2518 3403 2564 tot

1830 2582 2095 2651 partibus,
2119 2587 2308 2653 choro,
2352 2589 2608 2646 narthece
2631 2594 2991 2664 sacristiaque
3044 2605 3403 2660 constarent?

1900 2672 2037 2743 Quid
2088 2692 2249 2751 porro
2281 2681 2448 2753 priori
2498 2682 2756 2745 Ecclesia:
2786 2690 2983 2749 sacculo
3038 2694 3218 2753 minus
3245 2699 3399 2754 audio

1837 2774 1983 2831 tuin,
2038 2784 2199 2837 quam
2240 2772 2355 2827 haec
2396 2776 2707 2833 chrismatis
2756 2788 3112 2840 consecrandi
3142 2804 3401 2844 caaremo-

1833 2859 1960 2913 nia?
1986 2857 2236 2930 Pontifex
2256 2906 2271 2932 ,
2298 2866 2471 2935 inquit
2504 2879 2693 2924 auctor
2734 2883 2919 2928 noster
2944 2875 3023 2941 ιδ,
3056 2890 3265 2947 accepto
3297 2898 3401 2935 un-

1828 2959 2020 3018 guento
2040 2994 2054 3016 ,
2081 2957 2229 3023 ponit
2269 2974 2424 3027 super
2460 2962 2626 3016 altare
2654 2964 2928 3019 duodecim
2974 2971 3143 3024 sacris
3176 2973 3275 3025 alis
3307 2974 3399 3027 ob-

148 3052 554 3098 commemora,
602 3050 762 3115 mus,
792 3050 885 3118 qui
922 3051 1012 3105 ma
1053 3055 1231 3123 prima
1284 3055 1541 3114 Ecclesia,
1563 3068 1723 3116 male
1751 3055 1794 3115 (ς
1827 3039 2076 3097 velatum.
2106 3046 2239 3111 Quis
2263 3048 2425 3104 ritum
2478 3052 2629 3107 illum
2659 3055 2725 3109 ab
2771 3059 3033 3126 apostolis
3057 3062 3395 3127 ordinatum,

149 3145 343 3186 revera
376 3136 652 3206 vigebant,
689 3141 761 3194 ita
787 3143 971 3212 plures
1002 3146 1139 3202 alios
1173 3162 1448 3216 recenset,
1476 3154 1568 3221 qui
1603 3165 1726 3223 post

150 3224 548 3297 Dionysianum
616 3249 789 3288 rerum
858 3237 1127 3307 originem
1194 3241 1520 3299 habuerunt.
1593 3246 1726 3313 Quis

145 3320 298 3371 enim
332 3323 630 3377 verisimile
678 3342 801 3382 esse
850 3335 1127 3396 putaverit
1164 3334 1401 3406 Dionysii
1427 3353 1544 3394 aevo
1569 3352 1724 3397 cate-

144 3408 457 3466 cbumenos
503 3418 942 3493 poenitentesque
998 3427 1591 3497 publicos’exstitisse,
1629 3433 1723 3502 qui

144 3509 268 3563 post
299 3517 584 3560 sacrarum
622 3508 1027 3579 Scripturarum
1086 3516 1348 3575 lectiones
1394 3522 1722 3591 ejicerentur

142 3604 210 3643 ex
237 3594 522 3649 ecclesia?
564 3600 638 3652 De
681 3602 762 3656 his
795 3612 972 3658 tamen
1019 3607 1097 3662 sic
1141 3610 1337 3664 scribit
1383 3623 1574 3667 auctor
1620 3631 1723 3670 no-

146 3693 261 3737 ster
287 3685 334 3715 “
370 3708 381 3740 :
420 3685 589 3744 Porro
620 3696 1017 3749 catechumenos
1045 3708 1091 3751 et
1119 3715 1512 3769 energumenos,
1537 3720 1724 3774 eosque

141 3777 233 3841 qui
258 3781 570 3843 panitentia
596 3780 883 3848 ducuntur,
902 3800 1253 3843 sacrosancta:
1266 3791 1578 3848 hierarchia:
1602 3812 1714 3850 mos

142 3870 353 3931 patitur
383 3869 574 3923 audire
628 3888 842 3927 sacrant
868 3878 1222 3945 psalmodiam
1261 3882 1596 3953 divinumque
1635 3904 1725 3940 sa-

142 3974 363 4010 crarum
408 3959 813 4031 Scripturarum
870 3973 1282 4027 recitationem:
1325 3992 1503 4029 verum
1546 3980 1617 4031 ad
1661 3995 1722 4033 ea

141 4065 259 4116 quin
290 4051 540 4121 deinceps
570 4069 865 4125 sequuntur
886 4063 1155 4130 sacrificia
1180 4067 1582 4137 spectaculaque
1626 4087 1719 4123 ne-

141 4155 451 4209 quaquam,
506 4157 613 4202 etc.
666 4146 779 4204 Nec
836 4152 1025 4208 leviter
1077 4162 1455 4225 praetereunda
1497 4168 1580 4216 est
1620 4176 1720 4217 vox

142 4228 333 4286 Graeca
359 4238 586 4305 θεσμός
619 4255 740 4309 quae
785 4244 857 4297 ibi
903 4244 1132 4315 legitur;
1165 4252 1302 4305 idem
1332 4255 1532 4324 quippe
1560 4264 1722 4310 sonat

143 4337 206 4376 ac
234 4328 445 4381 sanctio
474 4341 568 4383 aut
615 4349 725 4387 mos
759 4348 919 4391 vetus.
956 4340 1214 4405 Quaenam
1256 4356 1463 4411 autem,
1519 4351 1716 4405 amabo

147 4418 218 4476 te,
268 4421 511 4478 sanctio.
542 4433 637 4476 aut
663 4424 786 4491 quis
819 4442 936 4482 mos
978 4442 1132 4486 vetus
1160 4445 1372 4501 poterat
1398 4453 1424 4489 a
1458 4438 1717 4511 Dionysio

145 4509 351 4573 notari,
384 4526 508 4578 quae
557 4515 625 4568 ab
673 4517 809 4585 ipsis
862 4525 1124 4590 apostolis
1155 4543 1261 4582 non
1298 4531 1409 4584 sint
1432 4509 1718 4600 profecta?

140 4594 209 4649 At
236 4600 390 4655 nullo
412 4619 548 4659 sane
580 4609 924 4677 antiquitatis
946 4624 1043 4669 aut
1066 4633 1237 4675 sacrte
1271 4618 1570 4694 Scriptura:
1599 4645 1719 4683 mo-

144 4686 387 4745 nimento
438 4700 692 4753 ostendes
746 4701 907 4757 latam
964 4708 1032 4762 ab
1079 4713 1345 4778 apostolis
1386 4686 1583 4788 legem,
1631 4722 1716 4776 vel

145 4791 349 4834 morem
389 4785 459 4836 ab
491 4786 570 4841 eis
624 4789 921 4862 inductum,
971 4812 1078 4866 quo
1126 4785 1505 4861 catechumeni
1535 4820 1589 4863 et
1618 4826 1718 4882 pu-

140 4867 266 4926 blici
307 4876 644 4944 pmnitentes
693 4886 861 4951 priori
915 4889 1093 4944 missa:
1149 4897 1286 4961 parti
1337 4867 1636 4967 adessent:
1658 4912 1713 4958 et

136 4974 265 5030 post
289 4969 407 5022 haec
440 4971 604 5026 missa
633 4974 867 5031 fidelium
899 4980 1381 5045 interdicerentur.
1412 4992 1709 5062 Enumera,

136 5059 179 5112 si
229 5062 392 5124 velis.
442 5079 580 5132 quos
628 5072 857 5138 apostoli
906 5087 1206 5146 eorumque
1235 5096 1578 5140 successores
1608 5089 1709 5142 viri

135 5154 423 5218 apostolici
450 5158 869 5218 catechumenos
894 5166 1218 5237 baptismate
1242 5172 1510 5230 abluerint
1527 5216 1541 5240 ,
1573 5193 1709 5247 quos

136 5243 475 5300 absolverint
532 5251 777 5318 publicos
826 5260 1191 5327 pmnitentes,
1228 5280 1326 5320 nec
1358 5267 1520 5322 ullum
1552 5243 1707 5340 repe-

138 5347 241 5389 ﬂes
282 5352 449 5404 quem
502 5340 586 5395 his
616 5360 852 5411 unquam
898 5351 1103 5418 legibus
1134 5356 1402 5412 voluerint
1439 5365 1703 5419 coerceri.

201 5426 405 5483 Evoive
452 5433 638 5499 etiam,
692 5438 736 5490 si
771 5450 959 5506 vat-at,
1026 5460 1214 5501 omnes
1269 5450 1455 5517 libros,
1492 5468 1588 5508 nec
1623 5456 1706 5507 ul-

198 5635 247 5669 “
278 5634 757 5732 anplelcor‘ona
786 5645 965 5714 milit.,
1008 5652 1207 5732 capia.
1356 5655 1437 5732 De
1465 5658 1642 5732 ecclcs.
1670 5660 1958 5727 Itierarch.,
2008 5679 2125 5732 cap.
2181 5665 2235 5721 5.

134 5718 253 5775 cap.
277 5709 371 5776 30,
412 5722 468 5764 et
499 5710 590 5766 lib.
624 5713 694 5766 De
726 5709 1088 5788 corona,'cap:
1118 5724 1205 5779 10.
1282 5724 1328 5759 “
1352 5709 2236 5805 Lmae'ééctésl'siéio'rciﬂfcapi
2269 5736 2321 5791 3.
2392 5709 2876 5805 “vi

461 5807 729 5869 Parnm.
774 5806 891 5867 Gn.
948 5808 1058 5869 Ill.

1830 3137 1920 3193 vel
1967 3139 2037 3193 ab
2069 3142 2382 3209 apostolicis
2426 3145 2561 3201 viris
2589 3148 2936 3204 observatum
2991 3152 3159 3208 luisse
3192 3170 3397 3210 memo-

1828 3232 1924 3286 riae
1975 3249 2213 3303 unquam
2277 3238 2557 3305 prodidit?
2610 3240 2842 3297 Dicesne
2892 3258 3012 3299 eum
3077 3246 3399 3304 Atheniensi

1827 3324 2082 3380 Ecclesia:
2125 3330 2402 3397 proprium
2436 3330 2601 3385 fuisse
2641 3343 2694 3387 et
2733 3336 3228 3403 peculiarem?Scd
3261 3355 3397 3395 cavo

1828 3422 1888 3466 ut
1912 3414 2060 3468 salva
2091 3417 2199 3470 sint
2230 3418 2471 3489 Dionysii
2500 3421 2843 3492 AreOpagitaa
2893 3425 3133 3494 scripta?
3159 3425 3208 3480 ls
3247 3427 3393 3480 enim

1827 3509 2037 3576 primus
2083 3509 2492 3567 Atheniensium
2549 3514 2837 3584 episcopus
2874 3516 2994 3571 fuit.
3047 3520 3251 3575 Auctor
3297 3536 3397 3575 au-

1829 3608 1938 3652 tem
1983 3613 2168 3657 noster
2198 3605 2267 3658 de
2297 3605 2400 3659 hoc
2440 3607 2570 3672 ritu,
2618 3624 2724 3664 non
2771 3621 2827 3664 ut
2860 3627 3000 3666 novo
3039 3622 3096 3666 et
3149 3623 3392 3673 recente.

1827 3701 1991 3761 atque
2022 3708 2053 3746 a
2100 3709 2159 3749 se
2203 3696 2471 3765 instituto,
2513 3701 2606 3755 sed
2661 3704 2729 3757 ab
2776 3704 2898 3758 aliis
2949 3705 3147 3774 ubique
3192 3708 3396 3762 usitato

1830 3783 2095 3853 loquitur.
2130 3786 2255 3843 Hzec
2306 3790 2471 3859 igitur
2502 3792 2644 3849 illius
2676 3795 2878 3866 scripta
2934 3798 3197 3874 Dionysii,
3220 3801 3394 3853 Areo-

1826 3876 2018 3945 pagitae
2042 3879 2182 3934 fetus
2209 3895 2333 3937 esse
2373 3898 2480 3939 non
2513 3897 2759 3954 possunt.

1896 3965 2171 4025 Addamus
2200 3973 2432 4042 denique
2466 3976 2518 4029 id
2549 3992 2578 4030 a
2619 3980 2733 4032 veri
2764 3979 2943 4049 specie
2968 3995 3194 4049 prorsus
3225 3983 3396 4037 videri

1824 4061 2081 4127 alienum,
2133 4066 2276 4133 quod
2328 4076 2535 4120 mortua
2571 4070 3007 4127 Christianorum
3039 4090 3268 4144 corpora
3327 4078 3394 4132 iis

1824 4154 2091 4217 omnibus,
2124 4171 2259 4225 quas
2311 4157 2399 4211 ille
2431 4160 2605 4215 adhuc
2659 4174 2913 4219 recenset
2943 4164 3010 4231 ⁸⁸,
3051 4171 3393 4225 caeremoniis

1823 4246 2071 4300 mandata
2102 4248 2389 4316 sepultum
2434 4251 2653 4310 fuerint.
2684 4254 2773 4309 Ea:
2799 4258 3088 4327 siquidem,
3131 4276 3252 4315 cum
3286 4262 3394 4317 Ec-

1824 4338 2004 4392 clesiis
2053 4343 2305 4397 omnibus
2346 4358 2448 4411 pax
2488 4360 2700 4401 summa
2750 4352 3235 4422 tranquillitasque
3265 4356 3393 4412 data

1825 4439 1927 4493 est,
1977 4446 2075 4485 nec
2115 4432 2298 4500 plures
2342 4434 2581 4499 fuerunt,
2638 4438 2737 4492 nec
2771 4442 2942 4509 magis
2981 4442 3273 4499 solemnes.
3319 4448 3391 4499 At

1825 4525 2046 4592 paganis
2089 4525 2343 4579 omnibus
2386 4527 2744 4584 intolerabilis
2774 4547 2997 4600 prorsus
3034 4533 3228 4589 fuisset
3278 4545 3386 4590 tam

1825 4614 2108 4684 magnifica
2159 4616 2367 4673 funeris
2410 4621 2904 4692 exsequiarumque
2954 4626 3385 4683 Christianarum

1822 4719 2041 4776 pompa,
2069 4723 2169 4763 nec
2202 4710 2367 4766 ullum
2398 4712 2634 4783 Dionysii
2671 4728 2786 4768 aevo
2825 4715 3192 4773 Christianum
3224 4723 3388 4777 tantis:

1824 4800 2196 4866 parentalibus
2220 4803 2368 4870 justa
2421 4807 2533 4860 suis
2573 4808 2897 4875 solventem,
2930 4815 2996 4865 ab
3022 4811 3255 4866 ethnicis
3280 4813 3388 4866 ali-

1818 4891 2035 4958 quando
2064 4893 2459 4962 deprehensum
2490 4897 2659 4952 fuisse
2692 4900 3030 4968 perhibetur.

2388 4988 2616 5046 CAPUT
2664 4992 2823 5046 XVII.

1816 5076 2191 5143 Argumentum
2243 5089 2478 5134 octavum
2508 5123 2522 5147 ,
2574 5100 2639 5137 ex
2686 5086 2918 5138 auctoris
2962 5085 3096 5155 stylo
3141 5096 3386 5156 petitum.

1887 5168 1961 5223 De
1987 5173 2228 5226 auctoris
2258 5176 2430 5229 nostri
2462 5174 2603 5245 stylo
2637 5176 2891 5231 nonnulla
2921 5177 3035 5244 jam
3060 5182 3393 5247 perstrinxi-

1816 5278 1958 5331 mus,
1982 5267 2423 5337 ostendimusque
2446 5271 2855 5339 Areopagiticos
2887 5271 3017 5324 nihil
3050 5273 3100 5325 in
3120 5288 3185 5329 eo
3211 5276 3395 5329 anim-

1814 5359 2114 5415 advertisse
2175 5364 2317 5430 quod
2366 5378 2470 5417 non
2521 5366 2592 5419 sit
2648 5379 2777 5419 vere
2837 5364 3260 5434 Dionysianum,
3328 5384 3391 5422 ac

1816 5452 1932 5507 viro
1989 5454 2287 5521 apostolico
2338 5455 2494 5522 plane
2540 5457 2760 5525 dignum
2804 5459 3135 5529 omninoque
3185 5474 3390 5515 conve-

2316 5665 2359 5695 δ’
2392 5665 2610 5733 Apolog.
2644 5668 2713 5718 ad
2754 5667 2998 5731 imperat.
3078 5666 3124 5697 "
3154 5666 3375 5735 Aualog.

3071 5829 3112 5889 2
