3708 6324
397 316 466 371 ιῖ
1483 307 1546 369 8,
1587 306 1912 367 DIONYSIU

2120 302 2467 365 EOPACITA.
3570 308 3644 365 64

395 433 574 485 nisus.
600 428 925 499 Scriptionis
946 430 1143 484 etenim
1180 427 1324 483 illius
1355 442 1525 497 genus
1554 427 1832 499 stylusqtte
1859 442 1963 480 non
1995 433 2042 489 Α
2072 432 2299 494 possunt
2351 436 2588 492 unquam
2649 425 2883 493 assequi.
2935 420 3076 491 Quid
3108 421 3249 491 quod
3298 437 3475 501 neque
3508 420 3647 476 Ter-

392 517 622 588 simplex
653 520 903 587 quidem,
935 519 1029 573 sed
1059 518 1260 582 elatus,
1291 527 1344 570 et
1375 532 1469 585 pro
1498 517 1829 571 sublimitate
1868 531 1958 569 ar-

392 610 638 680 gumenti
666 609 939 673 sublimis,
979 622 1161 662 rermn
1194 609 1436 661 omnium
1464 610 1528 662 de
1564 608 1760 674 quibus
1784 606 1963 675 agitur

391 700 639 771 dignitati
693 698 1075 767 maiestatique
1141 700 1365 768 pulchre
1425 701 1735 767 respondet.
1789 697 1959 751 l’orro

393 795 507 849 ha:c
537 794 660 863 styli
694 793 1005 847 sublimitas
1045 793 1438 847 obscuritatem
1472 793 1700 862 peperit.
1749 791 1841 845 Illa
1875 800 1960 845 ta-

392 899 515 942 men
546 901 652 939 non
698 900 762 938 ex
807 884 1045 955 Dionysii
1096 885 1391 955 imperitia,
1421 886 1512 938 sed
1548 900 1613 938 ex
1639 898 1704 938 eo
1736 884 1957 954 potissi-

393 990 538 1029 mum
565 984 684 1028 orta
716 986 826 1039 est,
853 975 995 1043 quod
1031 975 1144 1044 ipse
1177 976 1278 1029 hoc
1306 975 1579 1029 scribendi
1612 989 1810 1045 genere
1851 974 1959 1029 dif-

396 1064 526 1119 ficili
558 1076 612 1119 et
643 1068 900 1134 obscuro,
932 1059 991 1122 ut
1028 1070 1105 1121 ait
1135 1070 1292 1123 divus
1330 1066 1587 1133 Thomas,
1611 1081 1763 1121 sacra
1796 1076 1849 1120 et
1880 1067 1960 1120 di-

393 1160 517 1210 vina
554 1157 831 1227 religionis
862 1169 1061 1214 nostra:
1094 1160 1343 1226 dogmata
1369 1168 1424 1213 et
1448 1159 1707 1229 mysteria
1733 1158 1958 1228 paganis

386 1259 439 1302 et
469 1250 778 1305 infidelibus
808 1250 1083 1305 occultare
1114 1251 1366 1305 voluerit.

454 1342 941 1412 Antiareopagitici
996 1357 1124 1399 vero
1171 1352 1394 1397 censent
1446 1340 1580 1395 nihil
1623 1342 1812 1395 eodem
1862 1356 1957 1395 au-

382 1435 553 1488 ctoris
600 1436 772 1489 nostri
805 1436 943 1505 stylo
972 1437 1272 1507 echgitari
1324 1449 1480 1505 posse
1505 1434 1849 1502 Areopagita:
1878 1435 1958 1489 vi-

386 1527 543 1597 rique
572 1528 854 1597 apostolici
908 1530 1146 1584 orationi
1178 1530 1346 1596 magis
1377 1544 1685 1599 repugnans
1715 1542 1769 1583 et
1822 1545 1954 1584 con-

384 1620 632 1672 trarium.
659 1617 849 1673 Tanta:
880 1620 1138 1674 nimirum
1193 1618 1353 1673 molis
1385 1628 1471 1672 est
1519 1619 1585 1672 de
1613 1619 1771 1673 unius
1814 1623 1956 1687 ejus-

384 1711 614 1780 demque
652 1712 938 1782 scriptoris
969 1712 1108 1782 stylo
1143 1721 1348 1765 certam
1402 1710 1543 1764 ferre
1592 1711 1949 1764 sententiam!

383 1801 655 1869 Quantum
694 1812 873 1858 autem
908 1804 995 1857 hic
1054 1801 1410 1872 Dionysianus
1460 1801 1955 1875 scribendimodus

380 1896 448 1949 ab
500 1895 808 1965 apostolica:
856 1895 1121 1950 orationis
1180 1894 1352 1948 forma
1403 1892 1717 1953 abhorreat,
1781 1892 1830 1946 hi
1861 1892 1955 1945 de-

383 1996 691 2042 monstrant
713 2003 777 2042 ex
807 1987 947 2042 mira
979 1974 1121 2040 illius
1158 1987 1394 2050 luxurie,
1438 1986 1635 2055 saepius
1658 1984 1953 2039 cothurnos

382 2089 438 2133 et
466 2079 842 2151 dithyrambos
867 2079 1328 2148 supergrediente.
1354 2078 1500 2132 Nihil
1522 2080 1721 2147 quippe
1744 2078 1951 2131 auctori

381 2184 572 2226 nostro
624 2172 757 2226 satis
800 2172 1174 2241 magnificum,
1208 2171 1451 2225 inﬂatum
1473 2211 1488 2236 ,
1525 2170 1822 2239 turgidum,
1854 2172 1951 2238 by-

380 2261 737 2331 perbolicum.
771 2259 1119 2330 Superlativa
1148 2261 1247 2329 ipsi
1285 2275 1390 2313 non
1428 2258 1723 2322 sutliciuut,
1754 2260 1847 2312 sed
1886 2275 1948 2313 ea

380 2362 587 2406 tantum
623 2360 885 2421 quantum
918 2362 1097 2420 p0test
1121 2362 1175 2405 et
1216 2362 1380 2419 auget
1413 2360 1466 2404 et
1500 2350 1750 2404 intendit.
1780 2350 1951 2403 Voces

383 2445 611 2497 usitatas
632 2483 647 2508 ,
675 2457 836 2497 sacro
868 2445 1143 2496 nascentis
1174 2442 1428 2497 Ecclesia:
1466 2456 1563 2493 usu
1597 2450 1948 2495 consecratas

380 2543 741 2603 aspernatur,
775 2548 838 2587 ac
886 2548 1056 2587 novas
1096 2533 1467 2600 hactenusquc
1531 2530 1834 2592 inauditas,
1867 2539 1951 2582 at~

377 2640 485 2694 que
530 2626 598 2679 ad
643 2638 895 2695 pompam
928 2626 1158 2689 etiictas,
1216 2623 1269 2676 in
1302 2636 1489 2676 carum
1524 2621 1704 2675 locum
1748 2620 1949 2675 substi-

380 2718 506 2772 tuit.
546 2715 751 2770 Horum
798 2723 981 2769 autem
1016 2715 1259 2769 omnium
1312 2712 1614 2783 catalogum
1656 2721 1950 2766 contexere

375 2823 559 2880 operte
606 2809 837 2877 pretium
872 2824 979 2861 non
1011 2816 1116 2870 est,
1149 2805 1590 2875 quandoquidem
1619 2818 1681 2858 ea
1733 2819 1841 2857 uno
1875 2804 1951 2856 in-

378 2900 517 2953 tuitu
548 2900 600 2953 in
626 2898 870 2954 Corderii
900 2896 1249 2952 Onomastico
1268 2903 1429 2962 atque
1453 2894 1945 2957 observationibus,

378 2980 831 3067 Dionysianorum
877 3007 1102 3063 operum
1157 2991 1381 3047 editioni
1431 2991 1693 3059 adjectis,
1726 2990 1949 3045 cuilibet

373 3101 603 3142 cernere
633 3086 869 3157 proclive
895 3095 996 3140 est.

444 3178 630 3248 Neque
683 3179 886 3233 dixeris
939 3184 1319 3248 argumentum
1379 3175 1433 3227 in
1486 3189 1592 3242 quo
1651 3172 1943 3243 Dionysius
1975 3162 2017 3185 υ

372 3270 725 3334 versabatur,
758 3269 900 3328 hanc
930 3269 997 3322 ab
1019 3282 1084 3322 eo
1112 3267 1361 3335 exegisse
1388 3264 1802 3330 sublimitatem,
1835 3280 1942 3333 qua

374 3369 524 3415 certe
567 3359 912 3414 sublimiores
944 3367 999 3413 et
1046 3358 1155 3413 Deo
1208 3357 1482 3427 digniores
1539 3354 1690 3409 ideas
1731 3370 1795 3411 ac
1850 3370 1943 3410 co-

373 3451 666 3523 gitationes
716 3448 1028 3505 hominibus
1079 3449 1321 3502 traderet
1371 3446 1792 3515 iuSpiraretque.
1828 3445 1944 3499 Pri-

376 3557 522 3596 mum
573 3541 716 3595 enim
744 3541 795 3595 id
824 3540 930 3595 dici
971 3553 1315 3609 nequaquam
1348 3546 1528 3606 potest
1585 3538 1651 3592 de
1680 3538 1817 3591 libro
1870 3535 1945 3589 De

373 3631 671 3688 hierarchia
710 3631 1091 3697 ecclesiastica,
1122 3630 1211 3686 ubi
1260 3629 1349 3685 ille
1379 3630 1618 3698 disputat
1664 3633 1727 3685 de
1755 3644 1943 3684 sacra-

376 3723 573 3779 mentis
602 3725 881 3791 sacrisque
941 3723 1136 3779 ritibus
1167 3732 1293 3793 quae’
1319 3724 1640 3793 quotidiano
1693 3738 1789 3778 usu
1838 3724 1946 3779 fre-

372 3814 794 3884 quentabantur,
824 3827 1050 3882 qumque
1079 3814 1315 3884 simplici
1344 3814 1703 3885 popularique
1731 3815 1942 3869 metho-

376 3908 446 3961 do
476 3904 802 3961 tardioribus
826 3906 1154 3961 Christianis
1187 3920 1343 3975 teque
1378 3921 1442 3959 ac
1465 3905 1817 3975 peritioribus
1844 3911 1939 3961 de-

374 4000 579 4055 bebant
630 3999 917 4071 explicari.
974 4000 1179 4056 Deinde
1220 4000 1507 4056 consilium
1561 4002 1799 4056 auctoris
1849 4017 1945 4054 uo-

371 4092 497 4155 stri,
521 4092 597 4146 uti
619 4091 1050 4159 observavimus,
1071 4102 1191 4147 erat
1214 4092 1298 4147 his
1330 4094 1383 4146 in
1399 4092 1553 4147 libris
1574 4093 1789 4149 clariori
1813 4094 1943 4147 sim-

376 4184 703 4254 pliciorique
725 4188 972 4240 oratione
1009 4198 1074 4239 ea
1116 4185 1446 4241 Christianis
1476 4186 1654 4241 minus
1685 4186 1942 4255 perfectis

373 4289 678 4345 exponere,
704 4276 903 4344 quibus
945 4274 1304 4342 llierotheus,
1338 4285 1638 4347 praeceptor
1665 4277 1814 4345 ejus,
1847 4297 1940 4333 sn-

370 4366 608 4421 blimiori
658 4376 712 4421 et
758 4367 1060 4422 obscuriori
1109 4369 1384 4424 scribendi
1422 4383 1618 4438 genere
1669 4370 1941 4438 perfectos

374 4460 667 4515 imbuerat.
691 4459 889 4515 Debuit
931 4460 1095 4530 igitur
1128 4461 1221 4516 ille
1248 4461 1388 4532 Stylo
1419 4461 1660 4517 scribere
1688 4461 1934 4532 populari

373 4558 429 4600 et
455 4549 638 4617 plano,
675 4551 968 4620 verbisque
990 4553 1066 4606 uti
1095 4554 1328 4621 receptis
1357 4562 1411 4606 et
1442 4554 1840 4608 communibus.

445 4642 604 4699 Dices
654 4644 910 4716 Dionysio
944 4644 1171 4699 forsitan
1206 4645 1347 4699 idem
1385 4646 1651 4701 accidisse
1703 4660 1768 4700 ac
1802 4645 1939 4700 Ter—

374 4734 598 4792 tulliano
646 4736 880 4807 aliisque
937 4738 1291 4807 scriptoribus
1350 4739 1622 4794 nonnullis
1656 4779 1672 4803 ,
1715 4741 1850 4808 qui,
1882 4756 1941 4791 a-

370 4828 569 4883 crioris
598 4828 798 4899 ingenii
835 4831 957 4898 igne
989 4831 1220 4899 abrepti,
1256 4831 1425 4886 libros
1474 4846 1606 4887 suos
1638 4834 1781 4903 stylo
1808 4850 1938 4888 exa-

376 4933 635 4978 raverunt
667 4923 965 4993 singulari,
1005 4923 1294 4993 verbisque
1347 4924 1427 4977 usi
1481 4934 1608 4978 sunt
1664 4924 1938 4979 inusitatis

371 5029 437 5067 ac
474 5014 632 5082 plane
664 5015 1044 5071 insolentibus.
1076 5016 1277 5071 Verum
1330 5028 1750 5087 quantocunque
1815 5017 1941 5087 igne

368 5111 650 5166 incensum
682 5110 847 5165 fuerit
878 5111 1122 5181 Dionysii
1153 5111 1492 5181 Areopagitae
1518 5120 1725 5179 pectus,
1754 5112 1801 5167 is
1852 5125 1940 5164 sa-

371 5216 439 5255 ne
466 5211 574 5254 tam
624 5203 939 5256 immaniter
966 5218 996 5256 a
1048 5217 1213 5272 scopo
1243 5219 1352 5260 non
1389 5203 1565 5273 potuit
1591 5205 1853 5257 aberrare
1882 5212 1941 5255 ut

372 5298 425 5351 in
467 5295 623 5351 libris
647 5313 784 5366 quos
837 5297 1267 5364 simplicioribus
1306 5296 1630 5351 Christianis
1658 5296 1941 5363 minusque

367 5386 629 5456 perfectis
659 5390 969 5455 scribebat,
1000 5399 1207 5444 tantam
1238 5390 1504 5444 orationis
1545 5388 1937 5442 sublimitatem

368 5490 424 5532 et
448 5480 978 5549 grandiloquentiam
1021 5482 1222 5549 ubique
1253 5480 1556 5534 affectarat.
1611 5476 1717 5532 Sed
1745 5480 1822 5531 sic
1850 5494 1939 5531 er-

367 5585 493 5625 rare
538 5572 760 5640 fallique
780 5571 1129 5627 solentmale
1176 5571 1354 5626 feriati
1406 5570 1675 5633 homines,
1718 5568 1811 5637 qui
1843 5583 1941 5637 pu-

368 5664 568 5717 nienda
595 5666 903 5719 temeritate
932 5665 1089 5719 libris
1119 5665 1235 5718 suis
1265 5678 1452 5717 eorum
1485 5663 1703 5715 nomina
1741 5663 1937 5715 inscri-

372 5756 530 5823 bunt,
559 5772 790 5825 quorum
845 5770 947 5813 nec
1003 5758 1281 5828 ingenium
1316 5769 1415 5809 nec
1444 5754 1716 5809 scribendi
1749 5755 1940 5811 modos

2067 515 2348 578 tullianus,
2381 526 2559 581 neque
2618 515 2755 568 ullus
2809 514 3044 582 unquam
3090 514 3326 580 scriptor
3350 526 3412 566 ea
3447 512 3641 577 verba,

2064 622 2185 676 qua:
2241 605 2611 674 apostolorum
2668 606 3209 675 Christianorumque
3240 605 3482 660 omnium
3540 621 3641 660 usu

2062 708 2384 755 consecrata
2415 707 2592 764 erant,
2647 699 2811 753 missa
2866 697 3108 753 fecerunt
3146 707 3204 751 ut
3237 698 3302 752 iis
3343 696 3447 751 alia
3488 699 3643 768 peni-

2066 801 2151 846 tus
2175 791 2512 860 incomperta
2546 792 2746 860 ubique
2771 790 3086 845 sufﬁcerent
3106 790 3131 843 ?
3152 792 3357 844 Auctor
3389 806 3515 845 vero
3544 806 3643 845 no-

2066 895 2180 937 ster
2230 896 2390 937 voces
2436 884 2699 951 episcopi,
2751 885 3040 953 presbyteri
3090 893 3145 937 et
3200 884 3449 948 diaconi,
3480 886 3638 952 quasi

2062 975 2333 1029 obsoletas
2385 977 2654 1045 repudiat,
2684 978 2870 1046 eisque
2919 991 3131 1042 semper
3171 976 3433 1044 subrogat
3472 978 3641 1029 verba

2063 1067 2333 1138 ἱεράρχαι,
2366 1066 2531 1136 ἱερεῖς
2545 1076 2601 1120 et
2627 1066 2927 1138 λειτουργοί
2962 1089 2972 1122 :
3004 1082 3189 1121 sacros
3218 1075 3400 1119 autem
3433 1067 3643 1119 utrius-

2060 1171 2163 1224 que
2193 1155 2438 1210 Ftederis
2494 1156 2662 1211 libros
2698 1158 2919 1210 citando
2970 1171 3130 1210 voces
3184 1154 3491 1223 Scriptura,
3544 1165 3641 1207 aut

2060 1251 2342 1319 Scriptura
2401 1263 2577 1313 sacra,
2623 1250 2943 1319 evangelica,
2989 1252 3269 1315 scriptores
3317 1248 3485 1314 sacri,
3548 1252 3637 1301 vel

2060 1343 2389 1410 scriptorum
2437 1344 2655 1396 nomina
2704 1344 2943 1410 respuit,
2997 1358 3060 1398 ac
3096 1358 3194 1412 pro
3239 1343 3319 1395 vis
3348 1341 3637 1395 substituit

2059 1435 2222 1488 verba
2255 1435 2546 1503 theologia),
2592 1447 2645 1488 et
2682 1435 2929 1504 theologi,
2973 1435 3056 1489 vel
3107 1437 3282 1488 divina
3319 1436 3632 1497 illustratio,

2058 1534 2111 1579 et
2136 1527 2310 1581 divino
2348 1528 2559 1580 numine
2587 1528 2769 1597 amati,
2815 1537 2909 1580 aut
2961 1528 3100 1579 sacri
3141 1527 3459 1579 iniliatores.
3482 1522 3632 1578 Nihil

2056 1634 2190 1687 ergo
2224 1618 2276 1671 in
2318 1619 2562 1673 auctoris
2592 1619 2767 1674 nostri
2799 1619 2959 1689 stylo,
2990 1617 3132 1686 quod
3156 1632 3278 1670 cum
3308 1616 3632 1670 Tertulliani

2058 1710 2229 1774 libris.
2262 1712 2540 1781 multoque
2574 1713 2752 1765 minus
2781 1725 2904 1763 cum
2927 1708 3172 1778 Apostoli
3202 1707 3457 1776 Epistolis
3481 1723 3635 1762 com-

1986 1783 2028 1838 Β
2057 1804 2185 1873 poni
2212 1813 2400 1871 queat,
2423 1818 2713 1858 occurrere
2750 1802 2987 1856 videtur.

2126 1889 2315 1961 Neque
2367 1892 2585 1945 tandem
2645 1892 2913 1947 orationis
2962 1890 3107 1943 illius
3157 1888 3473 1944 obscuritas
3507 1887 3633 1941 ideo

2055 1988 2364 2042 excusanda
2400 1988 2640 2057 estquod
2669 1987 2959 2059 Dionysius
2981 1986 3157 2057 Opera
3191 2001 3288 2042 sua
3318 1986 3631 2039 infidelibus

2054 2089 2106 2133 et
2132 2094 2239 2133 non
2270 2080 2504 2134 initiatis
2533 2080 2849 2135 occultanda
2872 2095 2992 2134 esse
3021 2081 3314 2135 censuerit.
3335 2078 3469 2132 Nam
3501 2095 3627 2133 cum

2052 2172 2403 2237 Christianis,
2434 2173 2511 2227 uti
2553 2173 2812 2237 diximus,
2846 2172 3156 2229 rudioribus
3182 2173 3471 2241 minusque
3503 2188 3630 2241 per-

2055 2264 2219 2318 fectis
2246 2265 2548 2333 scripserit,
2578 2279 2639 2317 ea
2671 2262 2856 2333 procul
2900 2264 3065 2318 dubio
3112 2278 3210 2318 nec
3242 2262 3390 2316 inani
3423 2263 3625 2315 obscu-

2054 2370 2222 2425 raque
2279 2356 2778 2426 grandiloqueutia,
2822 2371 2922 2409 nec
2971 2355 3199 2410 vocibus
3252 2353 3521 2416 insolitis,
3560 2368 3624 2403 ac

2050 2464 2193 2503 vano
2219 2448 2486 2503 affectata:
2507 2463 2716 2519 pompae
2747 2448 2930 2503 studio
2952 2446 3260 2511 fabricatis,
3290 2446 3383 2498 sed
3409 2460 3625 2498 summa

2052 2542 2467 2613 perspicuitate,
2504 2541 2794 2609 verbisque
2818 2540 3061 2594 omnium
3094 2554 3194 2592 usu
3229 2535 3467 2607 receptis
3493 2534 3620 2588 uul-

2052 2635 2197 2707 lique
2222 2635 2513 2706 incognitis
2556 2633 2951 2689 conscribenda
2985 2640 3161 2687 erant.

2612 2738 2842 2796 CAPUT
2866 2738 3055 2793 XVllI.

2050 2857 2126 2911 De
2155 2856 2434 2911 levioribus
2483 2855 2841 2927 quorumdam
2877 2851 3488 2927 Antiareopagiticorunt
3527 2866 3621 2927 ar-

2118 2932 2399 2996 gumentis,
2432 2939 2478 2979 et
2495 2920 2782 2993 postremis
2812 2922 3303 2996 Areopagiticorum
3346 2920 3623 2996 probatiq-

2122 2990 2310 3059 uibus;
2336 3013 2403 3049 an
2430 2990 2516 3049 hic
2541 3008 2727 3048 auctor
2754 2990 3389 3052 mendacli’accusandus,
3421 2999 3469 3041 et
3491 2990 3625 3041 scri-

2118 3076 2208 3134 pta
2236 3066 2351 3134 ejus
2373 3067 2477 3119 sint
2510 3064 2783 3118 miraculis
2817 3067 3175 3117 cohonestata.

2120 3178 2376 3243 Quaedam
2426 3177 2530 3232 alia
2565 3184 2881 3244 argumenta
2912 3175 2979 3230 ab
3007 3175 3277 3244 aliquibus
3322 3173 3625 3228 Antiareo-

2050 3270 2303 3339 pagiticis
2353 3270 2706 3326 heterodoxis
2736 3267 3055 3333 aﬂ'eruntur,
3085 3283 3205 3336 quae
3249 3268 3375 3336 quia
3406 3266 3494 3320 vel
3543 3265 3624 3318 le-

2048 3364 2269 3419 vissima
2304 3372 2450 3429 sunt,
2481 3363 2564 3417 vel
2602 3363 2817 3417 veritati
2861 3372 3133 3430 certaeque
3184 3360 3620 3414 orthodoxorum

2049 3458 2313 3512 doctrinae
2341 3466 2396 3510 et
2429 3456 2709 3510 traditioni
2736 3456 2913 3525 palam
2955 3455 3322 3523 refragantur,
3360 3452 3426 3505 iis
3453 3464 3623 3505 excu-

2049 3548 2252 3604 tiendis
2276 3558 2330 3604 et
2359 3549 2717 3604 recensendis
2740 3550 2990 3604 lubenter
3012 3546 3451 3614 supersedemus.
3481 3544 3621 3611 Quid

2047 3643 2213 3704 enim,
2266 3649 2327 3694 ut.
2376 3651 2574 3698 caetera
2628 3651 2930 3707 taceamus,
2975 3639 3149 3693 levius
3200 3652 3267 3693 eo
3316 3646 3619 3703 momento,

2047 3733 2190 3802 quod
2247 3732 2421 3803 plenis
2464 3734 2657 3789 buccis
2688 3740 3046 3800 concrepant,
3077 3730 3383 3785 doctrinam
3414 3729 3484 3782 de
3520 3742 3621 3779 an-

2046 3824 2292 3894 gelorum
2353 3823 2682 3879 hierarchiis
2736 3833 2791 3876 et
2833 3822 3141 3886 ordinibus,
3182 3834 3303 3889 qua:
3348 3829 3458 3871 tam
3485 3831 3624 3871 enu-

2047 3914 2223 3969 cleate
2253 3915 2320 3967 ab
2346 3922 2571 3967 auctore
2618 3920 2811 3966 nostro
2861 3909 3187 3979 explicatur,
3237 3906 3477 3977 Dionysii
3515 3921 3622 3961 sm-

2046 4005 2170 4061 culo
2230 4005 2401 4060 fuisse
2448 4001 2882 4072 incompertam?
2924 4000 3068 4055 Nihil
3104 4002 3299 4070 auippe
3321 3999 3390 4052 de
3413 3998 3501 4052 bis
3535 3997 3625 4050 ille

2045 4099 2250 4164 docuit,
2284 4097 2427 4168 quod
2456 4112 2520 4151 ex
2556 4096 2859 4165 Scripturis
2887 4095 3063 4149 sacris
3092 4108 3156 4147 ac
3186 4091 3426 4146 maxime
3458 4091 3619 4145 Pauli

2045 4193 2305 4263 Epistolis
2331 4191 2588 4261 primitus
2618 4205 2723 4244 non
2742 4188 3035 4257 acceperit.
3066 4184 3184 4240 Non
3231 4185 3372 4238 imus
3398 4185 3618 4253 quidem

2045 4286 2259 4342 inficias
2289 4284 2443 4339 illum
2479 4298 2578 4351 pro
2605 4281 2807 4352 ingenii
2833 4278 2917 4334 sui
2945 4279 3173 4343 viribus,
3200 4292 3261 4331 ea
3284 4292 3406 4346 qua
3434 4292 3501 4331 ex
3535 4290 3621 4330 sa-

2045 4382 2157 4437 cris
2182 4378 2421 4433 fontibus
2454 4378 2732 4439 hauserat,
2767 4372 2942 4428 fusius
2959 4372 3242 4434 enodasse,
3267 4380 3433 4439 atque
3452 4371 3619 4425 etiam

2044 4472 2490 4543 amplificavisse.
2521 4470 2627 4524 Sed
2662 4468 2793 4525 nulli
2828 4468 3022 4521 mirum
3040 4464 3215 4519 videri
3241 4464 3401 4518 debet
3438 4462 3621 4517 homi-

2048 4581 2173 4620 nem
2229 4564 2450 4619 doctum
2496 4572 2551 4612 et
2596 4559 2961 4630 ingeniosum,
3014 4557 3291 4626 multaque
3326 4556 3623 4611 Platonicae

2044 4652 2407 4725 philosophiae
2462 4649 2779 4703 eruditione
2838 4647 3140 4713 imbutum,
3183 4648 3250 4700 de
3302 4645 3623 4701 cmleStibus

2044 4743 2373 4799 substantiis
2427 4741 2583 4812 plura
2627 4748 2753 4808 post
2804 4739 3018 4793 divinas
3063 4736 3373 4806 Scripturas
3435 4747 3618 4792 retra-

2043 4847 2254 4900 ctasse,
2288 4834 2468 4902 iisque
2506 4834 2761 4887 nonnulla
2818 4831 3097 4885 addidisse
3127 4845 3248 4899 qua:
3288 4846 3357 4883 ex
3382 4831 3618 4884 sanioris

2044 4926 2404 4996 philosophia;
2454 4922 2675 4993 placitis
2720 4928 3030 4989 desumpta,
3077 4921 3252 4976 sacris
3290 4919 3620 4975 Christiana:

2043 5018 2171 5072 fidei
2200 5015 2702 5072 accommodaverit
2741 5016 3106 5085 dogmatibus.

2114 5111 2345 5178 Reliqua
2392 5108 2633 5175 ipsorum
2678 5116 2999 5176 argumenta
3050 5105 3256 5160 leviora
3303 5116 3453 5173 sunt,
3482 5109 3619 5161 mulo

2048 5216 2211 5274 toque
2242 5206 2474 5261 minoris
2516 5204 2796 5272 ponderis.
2822 5199 3034 5253 Nemini
3065 5215 3193 5269 ergo
3228 5202 3504 5267 negotium
3539 5201 3618 5254 fa-

2047 5309 2265 5351 cessere
2291 5303 2537 5364 possunt,
2569 5307 2632 5345 ac
2657 5306 2718 5344 ea
2749 5291 3007 5359 pleraque
3048 5294 3229 5343 omnia
3254 5306 3321 5344 ex
3353 5292 3462 5355 his,
3499 5306 3621 5360 quae

2045 5393 2100 5445 in
2126 5391 2506 5459 superioribus
2529 5384 3007 5441 dissertationibus
3031 5385 3237 5451 passim
3270 5386 3617 5449 tradidimus,

2044 5493 2238 5550 sponte
2263 5496 2361 5536 sua
2409 5489 2595 5541 ruunt,
2628 5487 2683 5531 et
2728 5474 2970 5530 funditus
3003 5486 3349 5529 evertuntur.
3376 5476 3614 5531 Sufﬁciet

2042 5589 2173 5644 ergo
2212 5573 2479 5628 validiora
2520 5569 2752 5623 aliorum
2784 5569 3411 5638 Antiarcopagiticorum
3458 5584 3594 5638 argu
3648 5576 3651 5581 '

2044 5676 2226 5722 menta
2272 5664 2529 5719 omnibus
2591 5662 2707 5717 suis
2747 5662 3081 5732 ponderibus
3125 5662 3200 5713 ita
3247 5662 3617 5723 examinasse,

2044 5767 2104 5812 ut
2142 5754 2284 5810 nihil
2341 5766 2529 5808 eorutn
2563 5762 2683 5816 quae
2728 5754 2796 5806 ad
2829 5768 2893 5809 ea
2934 5749 3310 5808 confirmanda
3352 5752 3441 5806 vel
3467 5750 3610 5805 infir-
