3748 6312
150 351 221 405 65
1504 338 1728 396 PKOLE

1868 337 2035 393 [ΚΝΑ.
3346 349 3414 402 lli

152 465 354 518 manda
386 459 617 533 proferri
651 473 813 531 posse
844 459 1203 523 credidimus,
1243 458 1584 513 voluerimus
1613 474 1736 513 esse
1766 471 1811 525 Α
1841 456 2110 523 dignatus.
2151 455 2260 509 llac
2299 455 2583 513 llilduinus
2616 459 2935 513 narratione
2990 470 3248 516 testatum
3284 464 3417 521 facit

146 557 608 625 praetermissum.

224 648 335 704 Sed
365 651 608 719 prmiium
661 651 976 705 instaurant
1006 646 1399 716 Areopagitici,
1430 645 1733 714 ultimoque

146 746 358 813 impetu
389 744 442 797 in
476 744 823 798 adversarios
854 744 1021 805 facto,
1062 750 1259 811 urgent
1292 754 1387 793 eos
1428 738 1733 791 audacissio

149 855 272 893 mos
303 853 446 902 esse,
496 847 553 891 et
579 854 803 908 prorsus
850 836 1194 899 temerarios,
1236 835 1327 904 qui
1361 832 1590 898 fraudis,
1629 832 1730 886 fal-

146 929 355 994 sitatis,
386 929 829 997 putidissimique
868 927 1140 982 mendacii
1169 934 1448 977 auctorem
1485 930 1732 975 nostrum

146 1037 305 1075 reum
348 1032 531 1090 agant,
565 1021 721 1089 cujus
780 1021 978 1088 scripta
1023 1034 1229 1071 meram
1289 1015 1488 1084 ubique
1524 1015 1734 1083 spirant

147 1117 436 1185 pietatem,
476 1116 826 1186 gravitatem,
859 1112 1303 1167 sanctimoniam.
1330 1108 1398 1162 Et
1428 1116 1578 1162 certe
1612 1106 1734 1175 quis

148 1210 330 1263 virum
365 1209 522 1262 illum
550 1208 769 1261 doctum
808 1204 1086 1274 tantisque
1109 1204 1310 1274 ingenii
1343 1203 1564 1256 dotibus
1597 1214 1733 1268 pra:-

144 1302 348 1364 ditum,
381 1317 445 1354 eo
468 1301 733 1354 caecitatis
783 1308 840 1353 et
880 1298 1235 1367 impudentia:
1282 1296 1569 1350 devenisse
1609 1307 1729 1345 cre-

148 1390 245 1443 dat
277 1399 356 1455 ut,
380 1391 518 1444 falso
538 1390 782 1460 Dionysii
810 1388 1154 1459 Areopagitae
1182 1394 1462 1456 assumpto
1495 1386 1729 1446 nomine,

146 1488 233 1534 tot
282 1480 561 1548 tantisque
598 1480 763 1534 rebus
797 1495 923 1534 cum
968 1479 1213 1549 ejusdem
1254 1476 1499 1547 Dionysii
1549 1486 1729 1536 anate.

144 1570 393 1641 ingenio,
429 1571 673 1625 moribus
701 1570 955 1641 styloque
982 1569 1353 1641 pugnantibus
1385 1567 1592 1637 scripta
1633 1580 1730 1621 sua

140 1666 538 1735 consperserit.

221 1760 294 1813 At
333 1760 449 1813 htec
480 1759 684 1825 omnia,
723 1758 959 1813 clamant
1007 1756 1506 1828 Antiareopagitici.
1554 1755 1728 1810 victo-

142 1868 270 1905 rum
326 1852 609 1906 hominum
659 1853 782 1905 vani
834 1852 1087 1921 cassique
1135 1861 1261 1905 sunt
1308 1852 1561 1920 impetus.
1596 1848 1728 1915 Quis

144 1945 300 1999 enim
334 1945 544 2000 nesciat
578 1945 951 2012 hujuscemodi
987 1945 1346 2013 scriptoribus
1393 1942 1559 1997 moris
1607 1953 1731 1993 esse

142 2038 355 2106 scripta
406 2052 526 2100 sua,
563 2053 682 2105 quae
725 2038 793 2091 ab
840 2038 975 2107 ipsis
1025 2038 1201 2092 fallaci
1253 2037 1353 2090 viri
1400 2032 1726 2090 sanctissimi

145 2132 375 2185 nomine
408 2122 893 2193 inscribuntur,'ea
941 2130 1164 2198 pietate,
1195 2130 1475 2198 gravitate,
1510 2135 1565 2181 et
1604 2140 1733 2179 san-

140 2226 412 2279 ctimouia
445 2240 735 2291 exornare,
776 2242 880 2295 qua
927 2228 993 2282 ab
1050 2226 1241 2281 iisdem
1290 2223 1440 2285 viris,
1494 2234 1728 2290 quorum

143 2333 348 2372 nomen
436 2320 797 2385 mentiuntur,
875 2318 1186 2374 exornanda
1263 2316 1381 2371 fore
1449 2314 1731 2370 existima-

142 2412 300 2463 bant.
349 2409 460 2465 Nec
498 2411 677 2465 minus
711 2411 975 2465 ineorum
1024 2425 1175 2465 more
1221 2410 1479 2478 positum,
1531 2418 1590 2461 ut
1636 2406 1726 2460 alii

142 2498 329 2567 plura,
386 2501 479 2555 alii
541 2502 824 2571 pauciora,
878 2518 999 2572 qua:
1063 2503 1308 2556 ctncntiti
1355 2500 1593 2555 auctoris
1646 2498 1729 2553 sui

142 2593 370 2663 ingenio
419 2608 473 2647 et
529 2594 867 2663 temporibus
910 2596 1291 2672 adversentur,
1353 2593 1573 2663 scriptis
1618 2591 1732 2646 suis

143 2685 480 2740 insererent.
529 2683 620 2740 Sic
667 2702 879 2757 nempe,
928 2687 1036 2741 Deo
1087 2688 1160 2739 ita
1213 2689 1447 2750 volente,
1481 2698 1729 2737 nonnun-

141 2788 313 2842 quam
346 2777 607 2830 ohcaacati
636 2788 779 2840 sunt,
812 2789 870 2831 ut
902 2778 1067 2843 illius,
1104 2793 1265 2847 quem
1311 2776 1540 2847 tingunt,
1575 2775 1729 2844 inge-

145 2869 300 2921 niunt
358 2870 742 2938 scribendique
791 2871 1005 2925 modum
1053 2887 1157 2924 non
1208 2869 1471 2934 assecuti,
1530 2868 1612 2923 vel
1665 2882 1730 2921 ea

140 2973 269 3025 qua:
303 2960 453 3013 illius
480 2971 640 3015 aetate
667 2964 780 3015 lieri
809 2963 1091 3027 deberent,
1117 2977 1183 3016 ex
1212 2963 1294 3015 sui
1322 2961 1579 3030 temporis
1603 2975 1734 3015 con-

141 3051 535 3107 suetudinibus
586 3067 649 3107 ac
696 3055 981 3124 disciplina
1034 3055 1340 3118 metientes,
1392 3055 1471 3108 vel
1525 3053 1624 3122 ipsi
1664 3055 1731 3109 iis

138 3158 270 3211 qua:
299 3158 394 3197 sua
431 3154 592 3199 aetate
646 3150 968 3216 agebantur,
1002 3147 1384 3201 auctoritatem
1431 3146 1731 3201 conciliare

144 3221 419 3300 volentes,
470 3238 713 3301 quaedam
767 3238 990 3308 scriptis
1037 3238 1150 3292 suis
1190 3247 1282 3291 aut
1314 3240 1608 3308 prudentes
1639 3247 1732 3292 aut

144 3327 353 3382 incauti
385 3328 708 3397 adjiccrent,
737 3330 934 3401 quibus
964 3346 1152 3386 eorum
1182 3331 1402 3387 fraudes
1428 3342 1483 3386 et
1510 3331 1731 3386 menda—

139 3418 228 3471 cia
259 3420 333 3473 ab
361 3419 758 3476 octtlatioribns
790 3421 1004 3477 tandem
1038 3432 1241 3477 retecta
1270 3433 1417 3478 sunt.

214 3512 361 3578 Quid
394 3528 542 3575 vero,
590 3515 793 3569 instant
834 3515 1220 3586 AerOpagitici,
1255 3531 1353 3572 nec
1389 3518 1496 3571 Deo
1531 3516 1727 3579 moris.

139 3622 246 3661 nec
296 3616 519 3661 aeterna:
563 3606 710 3661 illius
762 3608 1115 3677 providentia:
1156 3618 1237 3664 est
1284 3622 1449 3679 Opera
1498 3624 1631 3663 vana
1678 3620 1733 3663 et

141 3700 288 3753 ﬁctis
329 3699 629 3754 mendaciis
662 3701 818 3769 plena
847 3700 992 3755 veris
1026 3701 1385 3756 cobonestare
1414 3700 1730 3756 miraculis?

141 3790 440 3846 Hilduinus
465 3803 669 3858 tamen,
693 3794 844 3848 testis
871 3794 1141 3859 oculatus,
1170 3791 1399 3846 aiIirmat
1422 3792 1537 3847 haec
1564 3793 1732 3847 Areu-

138 3886 345 3954 pagita:
404 3884 604 3954 Opera,
636 3898 759 3939 cum
815 3886 988 3940 variis
1035 3885 1441 3940 inﬁrmitatibus
1484 3885 1534 3939 in
1594 3887 1728 3940 tanti

140 3980 243 4032 viri
294 3979 563 4032 honorem
614 3977 1040 4047 applicarentur,
1093 3978 1276 4032 multis
1325 3977 1587 4033 divinitus
1628 3979 1726 4033 ho-

141 4080 365 4124 nestata
402 4071 574 4125 fuisse
603 4070 900 4124 miraculis.

213 4162 327 4216 Sed
364 4164 580 4216 caeteris
630 4163 884 4217 omnibus
932 4161 1139 4216 ﬁrmius
1187 4178 1294 4218 non
1349 4171 1435 4217 est
1478 4162 1727 4217 ultimum

142 4254 277 4308 illud
339 4255 849 4324 Areopagiticorum
907 4256 1266 4323 pratsidium,
1324 4256 1524 4325 quippe
1584 4257 1728 4325 quod

144 4348 277 4415 ipsis
319 4346 563 4401 Hilduini
617 4348 801 4403 verbis
874 4347 1173 4418 expugnari
1224 4348 1496 4404 videatur.
1540 4345 1615 4403 De
1644 4348 1729 4402 his

142 4442 289 4494 enim
322 4440 604 4495 miraculis
645 4440 724 4495 sic
750 4440 839 4494 ille
871 4439 1129 4496 scribit“
1159 4457 1175 4493 :
1206 4440 1545 4495 Autltenticos
1580 4456 1729 4494 nam-

1839 547 2024 601 dccem
2055 555 2110 600 et
2157 561 2349 603 novem
2398 550 2657 604 miracula
2702 564 2767 605 eo
2813 550 2900 605 die
2938 566 3047 622 quo
3098 554 3413 626 Dionysiani

1839 640 1964 694 libri
2015 642 2067 695 in
2112 656 2268 695 suum
2323 642 2711 697 monasterium
2746 646 3202 713 asportaticsunt,
3250 649 3418 704 fuisse

1838 732 2057 803 quidem
2089 742 2332 803 patrata;
2362 750 2549 787 verum
2579 749 2642 789 ea
2677 751 2782 790 non
2812 739 3126 792 corumdem
3150 740 3416 794 librorum

1838 827 2037 880 virtute
2066 836 2157 878 aut
2189 825 2574 894 applicatione,
2603 827 2695 879 sed
2724 828 3063 884 orationibus
3102 839 3157 884 et
3206 832 3417 886 meritis

1836 917 2278 972 excellentissimi
2311 918 2394 972 sui
2424 919 2683 988 martyris
2708 933 2738 971 a
2764 919 2979 974 Christo
3012 922 3241 978 Domino
3266 923 3415 977 edita

1836 1020 1961 1062 esse
2011 1018 2391 1063 asscveranter
2440 1008 2693 1065 aiiirmat.
2748 1009 3007 1077 Quamvis
3059 1025 3242 1067 autem
3299 1015 3410 1068 liter

1836 1099 2099 1154 librorum
2152 1100 2607 1170 Dionysianorum
2658 1112 2804 1157 tactu
2858 1106 3251 1173 contigissent,
3306 1121 3411 1159 non

1837 1187 1961 1243 inde
2012 1199 2189 1244 tamen
2238 1193 2530 1262 genuinum
2585 1193 2824 1265 Dionysii
2878 1196 3219 1266 AreOpagita:
3277 1214 3414 1267 opus

1834 1295 1956 1335 esse
1981 1293 2132 1335 certo
2157 1283 2403 1338 concludi
2446 1293 2640 1354 potest.
2684 1285 2854 1341 Nemo
2899 1288 3044 1341 enim
3094 1290 3267 1344 nescit
3299 1290 3411 1345 dae-

1835 1372 2017 1424 monia
2070 1373 2138 1424 ab
2182 1374 2267 1426 his
2297 1374 2387 1442 qui
2423 1390 2520 1428 nec
2550 1374 2751 1429 Christi
2798 1377 3069 1445 discipuli,
3115 1394 3213 1432 nec
3254 1380 3412 1435 Chri-

1836 1461 2003 1515 stiani
2032 1473 2207 1527 erant,
2237 1465 2473 1534 ejusdem
2494 1467 2696 1523 Christi
2719 1468 2936 1523 nomine
2965 1470 3136 1538 ejecta
3159 1470 3327 1525 fuisse
3342 1471 3410 1537 ⁸⁷,

1833 1563 1995 1621 atque
2038 1570 2102 1609 ex
2157 1571 2284 1610 vera
2337 1565 2545 1612 tantum
2600 1561 2921 1627 ardentique
2974 1560 3409 1615 Christianorum

1835 1645 1940 1702 lide
1971 1646 2073 1701 alia
2109 1650 2371 1704 miracula
2401 1669 2428 1705 a
2456 1652 2567 1709 Deo
2599 1669 2741 1722 saepe
2766 1656 2964 1723 saepius
2993 1656 3299 1723 impetrata.

2419 1766 2646 1823 CAPUT
2682 1768 2821 1826 XIX.

1838 1853 1953 1919 Quo
1984 1864 2209 1923 tempore
2237 1858 2348 1911 Ita’c
2397 1862 2611 1939 sct‘ipla_
2636 1865 2923 1939 secundum
2965 1867 3411 1939 AntiareOpagiti-

2030 1940 2213 1979 corum
2249 1932 2559 1983 sententiam
2593 1931 2650 1986 in
2680 1933 2845 1987 lucem
2870 1939 3183 2006 prodierint.

1903 2019 2007 2084 Qui
2056 2020 2359 2076 rationibus
2415 2024 2678 2079 hactenus
2730 2040 2758 2079 a
2814 2027 2970 2081 nobis
3014 2030 3193 2083 allatis
3224 2031 3411 2085 omnia

1833 2112 2075 2166 auctoris
2123 2115 2292 2168 nostri
2336 2114 2512 2183 Opera
2556 2116 2920 2187 Dionysianos
2966 2120 3107 2175 fetus
3150 2136 3275 2176 esse
3318 2139 3412 2179 ne-

1832 2213 1984 2273 gant,
2017 2220 2127 2275 quo
2158 2218 2401 2277 tempore
2430 2225 2491 2263 ea
2530 2210 2582 2264 in
2616 2211 2789 2266 lucem
2824 2214 3143 2283 prodierint.
3187 2216 3383 2286 diligen

1836 2308 1915 2349 ter
1972 2299 2271 2369 inquirunt.
2324 2302 2548 2358 Constat
2589 2317 2768 2361 autem
2814 2306 2903 2359 illa
2959 2321 3087 2362 ante
3146 2309 3411 2365 Collatio-

1834 2406 1955 2444 nem
2012 2391 2705 2464 Constantinopolitanam,
2768 2415 2932 2463 anno,
3009 2412 3068 2455 ut
3140 2403 3409 2468 diximus,

1834 2484 1940 2537 553
1992 2485 2258 2554 habitam,
2303 2489 2501 2556 publici
2556 2490 2694 2544 facta
2746 2491 2911 2547 fuisse
2956 2494 3114 2562 juris.
3160 2494 3411 2560 Quandiu

1837 2590 1963 2630 vero
1986 2591 2105 2630 eam
2133 2582 2536 2648 praecesserint,
2561 2599 2752 2653 magna
2787 2586 2930 2639 inter
2961 2588 3260 2656 scriptores
3290 2589 3411 2643 il10s

1833 2672 2206 2726 controversia
2253 2682 2356 2730 est.
2391 2674 2659 2744 Opinatur
2688 2678 2886 2732 etenim
2940 2680 3168 2736 Dallaius
3218 2680 3264 2712 ‘3
3308 2697 3411 2735 au-

1831 2768 2038 2814 ctorem
2075 2773 2319 2818 nostrum
2355 2769 2567 2821 omnino
2606 2770 2769 2824 videri
2816 2773 2893 2827 vel
2924 2775 3109 2841 quinto
3156 2774 3413 2842 praecipiti

1833 2852 2025 2903 swculo
2052 2893 2068 2916 ,
2109 2856 2184 2906 vel
2232 2858 2391 2909 etiam
2428 2870 2572 2911 sexto
2628 2863 2860 2927 vixisse,
2911 2881 3002 2917 nec
3046 2878 3168 2919 ante
3215 2882 3414 2921 annum

1838 2942 2047 2997 Domini
2097 2946 2306 3000 circiter
2353 2950 2458 3003 520
2485 2952 2619 3018 [eius
2669 2970 2790 3008 suos
2821 2957 3071 3011 edidisse.
3104 2959 3257 3023 Quod
3285 2961 3411 3030 qui-

1835 3037 1953 3089 dem
1984 3054 2049 3091 ex
2080 3054 2145 3094 eo
2190 3041 2405 3109 probari
2455 3061 2613 3114 posse
2655 3058 2809 3115 putat
2855 3050 2981 3120 quia
3023 3052 3073 3104 in
3107 3066 3410 3110 memorata

1835 3128 2129 3186 collatione
2166 3132 2451 3205 Hypatius,
2504 3140 2785 3196 catholicae
2820 3143 2982 3201 tutius
3024 3144 3282 3201 Ecclesia:
3317 3162 3415 3202 no—

1837 3221 2006 3285 mine,
2061 3221 2375 3281 Severianis
2418 3230 2768 3298 responderit
2817 3233 2915 3287 hos
2965 3234 3133 3289 libros
3186 3237 3413 3308 Cyrillo,

1832 3320 2131 3377 Athanasio
2167 3325 2397 3395 aliisque
2437 3326 2690 3385 Patribus
2728 3332 2945 3401 penitus
2976 3333 3140 3388 fuisse
3166 3331 3413 3401 incogni-

1838 3422 1960 3480 tos;
1995 3416 2088 3471 sed
2138 3416 2258 3473 leve
2299 3421 2523 3475 omnino
2553 3431 2636 3476 est
2682 3422 2824 3478 istud
2854 3425 3186 3494 probationis
3216 3440 3409 3496 genus.

1834 3505 1969 3561 Nam
2001 3508 2233 3564 Collatio
2267 3510 2355 3565 illa
2390 3513 2678 3569 concilium
2708 3518 3103 3572 mcumenicum
3137 3535 3242 3572 non
3288 3518 3411 3582 fuit,

1835 3614 1933 3653 nec
1974 3602 2269 3670 quidquam
2318 3605 2469 3660 hisce
2514 3608 2579 3661 de
2607 3607 2829 3677 scriptis
2861 3609 2976 3681 lege
3016 3610 3125 3664 lata
3157 3612 3409 3666 sancivit.

1836 3691 2100 3762 llypatius
2146 3696 2329 3763 itaque
2361 3699 2524 3753 totius
2567 3699 2827 3755 Ecclesiae
2863 3702 3085 3757 nomine
3118 3719 3223 3757 non
3258 3704 3410 3758 locu-

1834 3794 1920 3840 tus
1975 3797 2107 3842 est:
2151 3790 2245 3843 sed
2291 3798 2348 3842 ut
2394 3793 2447 3844 in
2501 3792 2871 3860 hujuscemodi
2918 3794 3414 3849 concertationibus

1833 3877 1952 3933 ﬁeri
1980 3890 2144 3941 amat,
2177 3881 2488 3938 Severianis
2515 3888 2827 3940 eorumdcm
2860 3888 3191 3956 scriptorum
3219 3898 3412 3940 aucto-

1835 3974 2048 4027 ritatem
2092 3973 2476 4043 objicientibus
2510 3990 2575 4029 ex
2610 3987 2852 4045 tempore
2900 3977 3211 4045 respondit,
3245 3990 3308 4030 ea
3341 3978 3411 4029 de

1831 4065 2031 4132 quibus
2060 4066 2193 4120 nihil
2221 4068 2485 4122 hactenus
2501 4069 2771 4133 audierat,
2790 4070 2857 4123 ab
2886 4069 3128 4139 antiquis
3152 4069 3410 4124 Patribus

1834 4173 1937 4211 non
1966 4157 2135 4213 fuisse
2157 4160 2395 4230 cognita.
2425 4158 2692 4216 Praeterea
2717 4160 2998 4216 Severiani
3031 4162 3117 4216 illa
3146 4164 3409 4228 citarunt,

1834 4264 1937 4303 non
1975 4260 2030 4302 ut
2061 4266 2198 4305 nova
2236 4261 2290 4305 et
2321 4265 2513 4306 recens
2539 4252 2710 4319 edita,
2737 4256 2831 4309 sed
2866 4265 2926 4311 ut
2953 4256 3247 4324 genuinum
3278 4254 3409 4308 Dio-

1835 4343 1974 4412 nysii
2003 4344 2344 4414 Areopagitae
2365 4361 2524 4416 opus,
2545 4345 2661 4416 jam
2686 4347 2756 4401 ab
2780 4351 2898 4416 ejus
2921 4356 3083 4402 actate
3113 4350 3165 4402 in
3216 4347 3408 4416 vulgus

1830 4433 2115 4488 emissum.
2161 4434 2424 4505 Hypatius
2468 4452 2597 4492 vero
2659 4439 2955 4508 czeterique
3004 4439 3305 4503 catholici,
3349 4454 3411 4491 re

141 4549 238 4585 aue
264 4534 477 4586 eosdem
524 4532 710 4597 libros,
742 4529 928 4586 Graeca
976 4531 1159 4601 lingua
1197 4534 1551 4601 conscriptos,
1590 4548 1723 4601 quo-
1760 4520 1803 4572 D
1837 4527 2101 4581 maturius
2148 4542 2421 4596 expensa,
2472 4527 2524 4583 id
2578 4543 2762 4584 verum
2816 4545 2937 4586 esse
2985 4532 3127 4586 ultro
3175 4532 3408 4587 confessi

144 4626 285 4676 niam
314 4640 612 4677 teconomus
644 4623 896 4677 Ecclesia?
923 4620 1452 4692 Constantipolitana:
1473 4636 1520 4678 et
1543 4628 1722 4679 caeteri

144 4717 291 4769 missi
325 4714 609 4768 Michaelis
640 4715 901 4785 legatione
922 4714 1130 4784 publica
1150 4716 1218 4768 ad
1247 4728 1472 4771 vestram
1498 4717 1723 4786 gloriam

140 4808 454 4875 compendio
491 4808 660 4875 functi
701 4818 862 4870 sunt;
890 4808 945 4860 in
990 4809 1104 4877 ipsa
1151 4810 1329 4878 vigilia
1373 4811 1722 4864 solemnitatis

140 4903 310 4954 sancti
361 4900 603 4970 Dionysii
661 4918 757 4968 pro
820 4918 1034 4957 munere
1084 4920 1270 4972 magno
1320 4906 1720 4973 susceperimus.

142 4993 297 5059 Quod
333 4995 534 5047 donum
566 4994 821 5048 devotioni
853 5008 1068 5061 nostt'a',
1099 5013 1161 5049 ac
1191 4996 1239 5049 si
1270 4996 1472 5048 cazlims
1500 4996 1723 5048 allatum

138 5101 171 5135 α
198 5083 335 5149 Deo,
366 5086 548 5139 divina
578 5097 653 5139 est
686 5089 861 5155 gratia
886 5099 1195 5155 prosecuta;
1234 5098 1290 5141 ut
1326 5090 1383 5141 in
1421 5086 1601 5141 eadem
1632 5103 1726 5140 no-

138 5186 217 5231 cte
240 5179 419 5231 decem
449 5188 495 5232 et
526 5195 709 5232 novem
747 5182 1180 5235 nominatissimw
1219 5183 1436 5235 virtutes
1468 5181 1524 5236 in
1556 5198 1725 5251 aegro-

139 5280 317 5323 torum
346 5271 630 5326 sanatione
659 5274 926 5328 variarum
949 5276 1321 5342 inﬁrmitatum
1349 5293 1414 5331 ea:
1436 5277 1725 5332 notissimis

136 5370 185 5412 et
225 5361 492 5414 vicinitati
523 5375 717 5417 nostra:
742 5366 979 5430 personis
1023 5367 1302 5435 contiguis,
1334 5367 1403 5419 ad
1439 5368 1652 5422 laudem
1674 5378 1724 5422 et

136 5450 368 5519 gloriam
427 5455 513 5508 sui
555 5457 782 5509 nominis
837 5459 1168 5512 orationibus
1208 5468 1254 5512 et
1317 5459 1518 5512 meritis
1554 5460 1726 5514 excel-

138 5542 417 5601 lentissimi
453 5550 539 5601 sui
577 5550 832 5618 martyris
854 5549 1089 5605 Christus
1128 5552 1387 5605 Dominus
1416 5553 1483 5605 sit
1520 5560 1725 5619 operari

209 5744 256 5776 ⁸⁵
284 5744 565 5821 @pist._ad_
585 5743 838 5821 Carolttm
870 5746 1306 5821 CalvumAlPatr.
1336 5748 1453 5803 Lat.
1495 5758 1537 5803 t.
1569 5750 1701 5811 CVI,
1737 5750 1843 5806 col.
1872 5750 1986 5821 53).

143 5828 264 5884 cap.
293 5818 383 5869 δέ.
466 5816 511 5845 δ’
541 5816 696 5885 Apud
737 5816 985 5873 Pltolium
1010 5820 1065 5873 in
1098 5819 1373 5887 Bibliol/t.,
1430 5824 1549 5875 cod.
1583 5821 1706 5879 229.

1833 4629 1978 4674 sunt.
2023 4622 2095 4675 At
2143 4635 2317 4688 neque
2365 4621 2649 4678 Severiani
2699 4623 2831 4677 illud
2880 4632 3031 4678 tanta
3081 4625 3406 4679 contidentia

1834 4725 2268 4779 asseverassent,
2305 4716 2762 4783 nequeICatholici
2800 4731 2989 4770 eorum
3036 4719 3253 4770 tandem
3282 4717 3412 4770 sub-

1833 4807 2178 4876 scripsissent
2212 4808 2518 4871 sententiae,
2552 4809 2597 4861 si
2647 4808 2731 4862 hze
2776 4809 3181 4864 lucubrationes
3231 4824 3260 4861 a
3294 4819 3407 4863 tre-

1832 4900 2007 4954 decim
2041 4909 2249 4953 tatttum
2278 4904 2458 4967 annis,
2489 4909 2546 4953 ut
2575 4902 2854 4957 contendit
2876 4900 3133 4965 Dallaaus,
3174 4899 3411 4968 prodiis-

1832 5005 1949 5050 sent
1974 4994 2028 5049 itt
2058 4995 2254 5048 lucem.

1903 5085 2244 5157 Quapropter
2285 5089 2375 5142 alii
2426 5102 2521 5142 eas
2566 5088 2724 5157 longe
2758 5089 2841 5143 bis
2885 5088 3225 5155 temporibus
3269 5090 3413 5143 anti-

1832 5183 2054 5251 quiores
2081 5197 2201 5237 esse
2226 5183 2521 5237 alIirmant.
2560 5185 2737 5252 Atque
2768 5194 2827 5236 ut
2854 5183 2906 5235 id
2937 5180 3192 5249 probent,
3226 5165 3412 5236 osten-

1832 5277 1968 5329 dunt
1995 5277 2171 5344 primo
2200 5277 2268 5330 ab
2298 5275 2547 5345 Ephreem
2580 5275 2887 5346 patriarcha
2916 5274 3259 5327 Antiocheno
3290 5273 3413 5327 illas

1836 5365 2093 5437 Dionysio
2123 5367 2466 5436 Areopagitas
2501 5367 2584 5422 his
2614 5368 2793 5421 verbis
2834 5364 2996 5417 tribui
3026 5363 3072 5394 δ’
3104 5385 3116 5419 :
3149 5363 3412 5429 Quoniam

1833 5470 1880 5513 et
1915 5459 2140 5527 simplex
2178 5458 2338 5514 Jesus
2383 5460 2796 5529 componebatur
2833 5459 3122 5512 secundum
3166 5463 3408 5507 sanctum

1834 5554 2143 5622 Dionysium
2167 5555 2556 5623 Areopagitant.
2598 5551 2815 5623 Ἐπειδὴ
2844 5552 2938 5606 καὶ
2964 5548 3174 5612 ἁπλοῦς
3206 5546 3410 5618 Ἰησοῦς

2072 5751 2117 5785 ⁸⁷
2150 5752 2318 5807 Marc.
2361 5751 2415 5819 9,
2442 5751 2530 5806 57.
2608 5750 2655 5784 ⁸⁸
2688 5748 2768 5805 De
2792 5751 2884 5805 lib.
2919 5763 3135 5817 suppos.
3176 5745 3381 5816 Dionjjs
