3708 6290
356 309 422 367 ιτ
1449 301 1507 357 8.
1551 297 1921 357 DIONYSIUS
1954 296 2415 356 ABEOPAGITA.
3526 300 3594 355 58

355 426 612 496 συνετέθη
645 424 788 479 κατὰ
813 423 903 478 τὸν
933 425 991 479 ὲν
1019 422 1132 484 τοῖς
1152 422 1325 490 ἁγίοις
1364 420 1777 493 Ἀρεωπαγίτην
1814 421 1929 472 Διο-

2110 416 2264 471 libris
2309 416 2409 485 ipsi
2449 417 2702 486 ascriptis
2745 414 2910 470 etiam
2942 427 3085 467 nunc
3130 407 3307 481 legere
3343 420 3447 464 est.
3487 410 3591 465 Sed

353 520 554 573 νύσιον.
583 518 744 586 Atqui
777 517 1019 585 Ephraem
1048 515 1357 582 patriarcha
1379 514 1751 568 Antiochenus
1776 526 1927 566 crea-

355 622 445 666 tus
474 621 561 665 est
592 625 714 664 cum
760 607 1098 663 Justiuianus
1142 621 1285 660 anno
1325 605 1429 658 526
1472 606 1539 659 ad
1590 603 1803 673 imperii
1830 619 1928 671 gu-

354 702 647 759 bernacula
695 700 945 761 accessit,
994 708 1048 752 et
1095 698 1323 766 ipsemet
1366 697 1613 765 Ephraam
1655 708 1781 751 ante
1825 712 1926 749 an-

356 812 484 849 num
517 795 621 850 545
651 792 758 845 fato
803 790 1022 846 functus
1062 801 1164 845 est.
1205 790 1448 860 Dionysii
1497 793 1661 845 etiam
1709 788 1928 844 nomine

357 903 470 942 non
518 885 685 941 semel
713 885 955 939 citantur
1006 884 1073 938 ab
1109 883 1323 937 Andrea
1358 883 1681 938 Czesariensi
1715 886 1926 951 episco-

358 993 450 1047 po,
477 980 566 1047 qui
600 979 744 1032 circa
793 992 992 1031 annum
1041 976 1145 1032 500
1193 978 1358 1031 lihros
1405 991 1533 1032 suos
1580 975 1841 1031 edidit”.
1870 976 1926 1030 In

358 1072 429 1126 iis
455 1073 651 1141 quippe
683 1071 882 1125 nullius
910 1070 1192 1139 scriptoris
1237 1070 1393 1125 beato
1422 1067 1627 1141 Cyrillo
1661 1071 1925 1125 recentio-

358 1164 455 1227 ris,
493 1164 584 1217 ille
609 1164 833 1231 protulit
864 1163 1254 1217 testimonium.

431 1255 589 1309 Aliud
630 1254 871 1323 ejusdem
924 1255 1267 1323 antiquitatis
1297 1263 1700 1323 argumentum,
1748 1251 1928 1307 minus

359 1357 543 1401 tamen
599 1357 832 1412 certum,
882 1346 1100 1401 elicitur
1139 1361 1203 1400 ex
1251 1344 1474 1400 scholiis
1527 1360 1647 1413 quae
1691 1342 1929 1399 Joannes

360 1440 861 1510 Scythopolitanus,
896 1446 1030 1492 teste
1073 1437 1361 1492 Anastasio
1401 1436 1845 1501 Bibliothecario,
1873 1436 1926 1490 in

359 1534 600 1604 Dionysii
631 1532 803 1601 Opera
839 1531 1162 1602 composuit.
1207 1530 1341 1584 Nam
1368 1539 1557 1585 contra
1596 1530 1734 1583 hunc
1762 1528 1930 1584 Joan-

362 1643 520 1693 nem,
589 1627 681 1695 qui
748 1624 962 1679 concilii
1033 1623 1489 1678 Chalcedonensis
1559 1623 1929 1679 defensionem

366 1732 713 1791 susceperat,
748 1722 969 1791 scripsit
998 1719 1229 1774 Basilius
1258 1718 1421 1783 Cilix,
1447 1718 1559 1787 qui,
1595 1728 1654 1773 ut
1688 1721 1762 1773 ait
1792 1718 1929 1775 Pho-

359 1818 469 1871 tius
516 1816 584 1880 ",
635 1815 903 1883 presbyter
953 1814 1054 1881 fuit
1106 1811 1355 1865 Ecclesiae
1406 1811 1779 1876 Antiochenaz,
1825 1828 1927 1882 quo

357 1920 588 1976 tempore
619 1908 861 1960 thronum
894 1907 964 1958 ibi
997 1905 1201 1958 tenebat
1256 1902 1566 1970 Flavianus,
1604 1901 1929 1973 Romanique

360 2003 567 2057 clavum
626 1999 830 2068 imperii
893 1997 1269 2051 moderabatur
1319 1996 1675 2059 Anastasius,
1724 1995 1775 2049 id
1845 2003 1929 2049 est

362 2092 508 2147 circa
541 2106 743 2144 annum
787 2087 911 2143 500.
952 2087 1340 2141 Verumtamen
1369 2102 1489 2140 cum
1520 2085 1663 2141 idem
1694 2086 1931 2141 Anasta-

363 2184 478 2239 sius
496 2181 726 2252 primam
755 2180 1084 2247 scriptorum
1113 2178 1710 2247 Dionysiimentionem
1728 2194 1757 2231 a
1784 2193 1930 2232 sum-

366 2278 472 2332 mis
524 2275 870 2346 ponlilicibus
913 2271 1179 2339 Gregorio
1226 2270 1440 2339 Magno,
1485 2268 1737 2335 Martino,
1783 2272 1930 2340 Ago»

365 2371 532 2426 thone
564 2367 678 2422 ﬁeri
702 2374 956 2427 testetur,
993 2363 1082 2416 ille
1108 2362 1294 2432 procul
1324 2362 1487 2416 dubio
1516 2360 1602 2414 vel
1632 2376 1821 2416 errore
1845 2360 1932 2416 vel

364 2461 641 2516 memoriae
680 2457 831 2525 lapsu
886 2455 1057 2508 falsus
1093 2463 1205 2516 est;
1239 2469 1339 2508 nec
1373 2452 1503 2507 tanti
1537 2453 1763 2521 proinde
1794 2468 1929 2522 pon-

363 2552 510 2607 deris
540 2560 718 2620 potest
742 2563 865 2602 esse
905 2545 1020 2613 ejus
1057 2546 1376 2599 auctoritas.
1425 2543 1568 2598 ldem
1600 2559 1813 2612 quoque
1850 2543 1932 2597 di-

366 2644 596 2699 cendum
628 2643 695 2695 de
718 2640 1010 2694 Anastasio
1036 2637 1268 2701 Sinaita,
1297 2636 1387 2704 qui
1407 2644 1531 2689 ante
1559 2635 1736 2689 saeculi
1756 2634 1929 2704 quinti

366 2735 531 2791 ﬁnem
580 2733 894 2801 Dionysium
944 2730 1236 2785 Rhetorem
1278 2727 1381 2780 alia
1433 2726 1683 2780 similiter
1726 2725 1931 2780 scholia

366 2827 421 2880 in
449 2825 664 2880 easdem
709 2821 951 2891 Dionysii
1000 2817 1339 2887 Are0pagita2
1386 2815 1788 2871 lucubrationes
1832 2831 1932 2883 pu-

364 2916 596 2971 blicasse
639 2923 865 2969 testatus
909 2921 1011 2966 est.
1056 2910 1323 2965 (Scelerum
1352 2948 1368 2973 ,
1402 2908 1749 2978 quantumvis
1787 2916 1934 2961 uter-

367 3025 473 3078 que
503 3008 825 3062 Anastasius
853 3018 1106 3073 peccasse
1131 3002 1589 3065 dicatur,certum
1614 3008 1791 3053 tamen
1816 3013 1934 3053 esse

2029 512 2247 580 quidam
2273 510 2430 576 hujus
2460 509 2911 578 historiographi,
2941 521 3099 574 quem
3133 504 3592 567 fahulosissimum

2028 616 2148 655 esse
2183 602 2391 668 dicunt,
2434 601 2806 654 auctoritatem
2871 598 3086 651 elevare
3129 596 3305 650 conati
3343 612 3358 649 :
3406 592 3593 656 Verba,

2029 696 2306 763 inquiunt,
2336 712 2400 748 ex
2437 696 2629 749 nostris
2662 694 3000 763 Dionysianis
3029 693 3285 758 descripta
3332 688 3595 757 Nicepho-

2028 801 2118 838 rus
2143 785 2348 838 videtur
2386 786 2497 851 ipse
2526 786 2699 857 potius
2726 784 2789 835 de
2823 798 2916 835 suo
2946 780 3223 850 adjecisse,
3260 780 3329 832 ad
3357 778 3596 833 Juvena-

2028 876 2094 931 lis
2137 877 2493 930 narrationem
2540 874 2992 944 conﬁrmandam,
3040 889 3197 942 quam
3237 888 3299 925 ea
3346 870 3597 926 Juvenali

2029 971 2293 1024 tribuisse.
2330 967 2424 1022 llis
2460 979 2641 1022 autem
2688 969 2733 1022 si
2777 967 3007 1036 ohjicias
3056 964 3420 1034 Nicephorum
3449 964 3598 1018 clare

2027 1072 2085 1116 et
2117 1061 2401 1132 perspicue
2430 1058 2696 1113 aﬁirmare
2737 1058 3009 1128 ipsissima
3040 1055 3316 1110 Juvenalis
3352 1056 3511 1108 verba
3564 1068 3596 1108 a

2028 1168 2089 1207 se
2118 1153 2283 1207 fuisse
2313 1153 2605 1221 descripta,
2640 1161 2910 1221 reponunt
2935 1149 3079 1202 illico
3110 1164 3123 1202 :
3156 1146 3444 1200 Historicis
3466 1163 3598 1199 scri-

2029 1246 2266 1315 ptoribus
2304 1245 2534 1299 solemne
2561 1261 2692 1309 esse,
2723 1244 2977 1306 homines,
3004 1243 3069 1296 de
3110 1241 3296 1313 quibus
3335 1240 3596 1303 scribunt,

2028 1354 2090 1390 ea
2119 1339 2347 1390 dicentes
2368 1337 2633 1399 inducere,
2663 1352 2764 1388 non
2786 1350 2903 1403 qua:
2928 1349 3045 1387 vere
3067 1350 3128 1387 ac
3158 1341 3298 1386 certo
3320 1332 3595 1395 dixerunt,

2029 1429 2120 1483 sed
2142 1445 2259 1494 qua:
2289 1428 2408 1482 illos
2440 1426 2541 1493 ipsi
2567 1426 2737 1479 dicere
2763 1428 2992 1493 potuisse
3019 1433 3226 1491 putant.

2106 1521 2212 1576 Sed
2245 1520 2371 1575 huic
2419 1519 2754 1590 responsioni
2786 1516 2939 1585 plura
2991 1532 3292 1586 repugnare
3321 1514 3599 1572 videntur.

2032 1613 2272 1668 Primum
2335 1612 2477 1666 enim
2530 1612 2594 1666 de
2653 1626 2971 1681 quocunque
3025 1610 3133 1664 alio
3182 1609 3474 1678 scriptore,
3507 1607 3601 1675 qui

2033 1703 2265 1756 aliorum
2321 1702 2486 1757 verba
2536 1716 2930 1773 sermonesque
2982 1700 3341 1764 transcribit,
3409 1698 3602 1752 eadem

2033 1795 2201 1851 etiam
2235 1796 2342 1851 dici
2373 1807 2613 1867 possent.
2648 1796 2799 1865 Quod
2833 1812 2965 1853 sane
3007 1812 3172 1867 quam
3215 1795 3409 1849 falsum
3438 1795 3511 1847 sit
3548 1799 3605 1845 et

2031 1888 2350 1956 absurdum,
2385 1903 2542 1943 nemo
2572 1905 2677 1944 non
2709 1890 2875 1947 videt.
2907 1889 3108 1944 Deinde
3158 1886 3460 1957 Nicephoro
3490 1900 3603 1940 non

2031 1981 2203 2035 moris
2235 1991 2317 2035 est
2347 1981 2593 2035 homines
2628 1995 2692 2034 ea
2722 1980 2964 2035 dicentes
3007 1977 3286 2042 inducere,
3320 1991 3441 2046 quae
3481 1974 3607 2029 illos

2034 2073 2148 2143 ipse
2197 2072 2381 2128 dicere
2429 2073 2668 2142 pctuisse
2714 2070 2962 2141 putabat,
3002 2071 3094 2125 sed
3126 2084 3248 2139 quae
3291 2069 3324 2123 ii
3369 2082 3498 2123 vere
3541 2082 3609 2122 ac

2031 2175 2185 2220 certo
2218 2165 2491 2220 dixerunt.
2541 2164 2828 2219 Postremo
2882 2161 3110 2217 Michael
3164 2160 3362 2232 Glycas
3411 2160 3609 2215 scribit

2034 2256 2088 2311 in
2125 2255 2416 2308 Annalibus
2447 2255 2754 2324 sepulcrum
2791 2253 2886 2308 Dei
2930 2252 3219 2309 Genitricis
3247 2253 3430 2307 Maria:
3456 2269 3609 2320 cum,

2034 2346 2361 2399 adveniente
2392 2342 2621 2411 Thoma,
2652 2354 2897 2413 apertum
2950 2343 3164 2411 fuisset,
3192 2345 3243 2398 in
3296 2344 3386 2398 illo
3412 2356 3612 2414 praeter

2034 2435 2348 2514 sepulcrales
2387 2436 2602 2488 exuvias
2638 2434 2772 2488 nihil
2829 2434 2975 2489 aliud
3020 2444 3310 2503 repertum.
3344 2436 3525 2503 Atque
3559 2437 3611 2490 id

2035 2526 2254 2593 quidem
2280 2526 2481 2582 Graecae
2521 2524 2814 2594 Nicephori
2864 2525 3165 2579 narrationi
3213 2527 3437 2580 omnino
3480 2542 3615 2580 con-

2034 2618 2207 2686 gruit,
2241 2617 2329 2671 ubi
2366 2632 2469 2671 vox
2503 2616 2688 2671 Graeca
2712 2631 2819 2670 non
2844 2615 3175 2685 sepulcrum,
3206 2616 3301 2671 sed
3332 2618 3614 2686 sepulcra-

2037 2706 2112 2760 les
2145 2707 2365 2761 exuvias
2393 2706 2682 2776 signiﬁcat.

2107 2798 2245 2865 Quid
2300 2798 2442 2868 quod
2513 2796 2881 2867 Hieronymus
2950 2812 3054 2851 non
3110 2796 3290 2854 minus
3353 2799 3614 2855 distincte

2034 2908 2199 2962 quam
2233 2900 2425 2945 auctor
2452 2900 2637 2942 noster
2670 2904 2863 2943 novem
2895 2887 3212 2958 angelorum
3259 2891 3479 2945 ordines
3518 2906 3617 2959 po-

2036 2982 2235 3038 suit“?
2282 2982 2435 3038 Unde
2474 2995 2605 3050 ergo
2641 2981 2779 3033 hanc
2808 2981 2873 3033 de
2910 2980 3115 3050 angelis
3155 2980 3456 3036 doctrinam
3505 2985 3613 3038 nisi

366 3101 530 3156 debet
552 3114 646 3155 eos
671 3114 769 3153 nec
794 3071 1016 3163 ﬁnxisse
1045 3108 1145 3148 nec
1164 3093 1436 3146 divinasse
1463 3090 1669 3145 scholia
1689 3090 1937 3156 hujusce-
1962 3109 2005 3167 (ς
2038 3092 2103 3131 εκ
2132 3077 2249 3144 eius
2278 3076 2432 3130 libris
2459 3084 2733 3127 ιηυιυ³ίυ⁸
2759 3073 2881 3126 es”
2913 3071 3107 3127 verum
3152 3071 3266 3128 δαῖε
3296 3074 3616 3140 conlectum

368 3192 514 3247 modi
561 3191 728 3245 fuisse
775 3186 1072 3255 aliquando
1117 3188 1185 3238 ab
1239 3184 1322 3238 bis
1362 3180 1718 3252 scriptoribus
1769 3182 1933 3237 edita.

367 3285 471 3353 Qui
505 3294 687 3339 autem
718 3282 925 3337 scholia
964 3282 1015 3333 in
1050 3288 1327 3332 auctorem
1372 3276 1659 3345 quemdam
1693 3274 1935 3329 conscri-

370 3380 524 3441 bunt,
557 3391 675 3429 eum
706 3389 803 3441 pro
834 3372 1000 3426 veteri
1029 3379 1083 3423 et
1119 3370 1297 3438 magni
1328 3366 1565 3421 nominis
1586 3366 1706 3420 viro
1738 3366 1937 3420 habere

370 3469 565 3524 solent.
594 3466 693 3520 Diu
724 3479 856 3534 ergo
895 3477 1023 3516 ante
1059 3460 1315 3515 smculum
1342 3460 1589 3529 quintum
1621 3457 1935 3529 Dionysiani

367 3562 489 3616 libri
519 3558 818 3630 pervulgati
848 3556 1086 3610 fuerunt.

444 3651 578 3706 Illud
610 3667 737 3704 vero
766 3650 850 3703 his
879 3648 1089 3702 accedit
1116 3646 1327 3699 roboris
1351 3654 1405 3698 et
1433 3642 1758 3697 ﬁrmamenti
1791 3641 1936 3711 quod

368 3743 565 3799 Suidas
594 3743 640 3774 “
669 3751 722 3797 et
752 3740 1112 3810 Pachymeres
1151 3738 1198 3769 ⁸³
1240 3738 1479 3804 tradunt,
1519 3735 1723 3803 aliquos
1768 3744 1939 3786 exter-

368 3855 463 3891 nos
486 3834 841 3906 philosOphos,
883 3831 1171 3901 praesertim
1207 3827 1457 3882 Proclum
1482 3858 1498 3884 ,
1544 3824 1938 3891 contemplatio-

370 3931 522 3985 nibus
566 3926 807 3996 Dionysii
838 3925 1138 3994 frequenter
1184 3937 1338 3973 usum
1389 3918 1568 3987 fuisse,
1602 3928 1758 3985 atque
1806 3916 1936 3967 adeo

364 4024 526 4077 etiam
558 4020 712 4072 meris
752 4018 877 4087 ipsis
918 4014 1254 4068 dictionibus.
1300 4012 1353 4065 Si
1400 4020 1559 4064 certa:
1608 4010 1768 4077 igitur
1812 4008 1935 4060 ﬁdei

369 4116 479 4168 sint
512 4113 628 4166 haec
672 4109 1007 4170 testimonia,
1045 4105 1320 4159 latendum
1350 4114 1433 4157 est
1475 4101 1936 4171 contemplationes

373 4204 613 4272 Dionysii
654 4201 850 4254 Pruclo
899 4199 1015 4264 illo,
1065 4197 1155 4264 qui
1204 4197 1303 4249 sub
1337 4194 1517 4248 Leone
1564 4193 1774 4246 Thrace
1825 4206 1937 4246 nte-

372 4296 520 4349 dium
553 4295 775 4347 circiter
803 4291 1058 4346 saxulum
1111 4288 1358 4358 quintum
1402 4286 1555 4339 libris
1589 4284 1937 4338 conﬁciendis

370 4402 590 4457 operam
637 4386 802 4450 dedit,
850 4398 971 4437 esse
1016 4380 1371 4449 antiquiores.
1420 4377 1779 4443 Quamobrem
1829 4392 1933 4431 non

2040 3184 2144 3223 non
2170 3169 2391 3224 omnino
2439 3169 2569 3222 felix
2594 3182 2715 3222 esse
2747 3166 2979 3220 videtur.
3007 3166 3137 3232 Quis
3167 3167 3311 3220 enim
3348 3167 3617 3239 HierOny-
3654 3176 3657 3181 ‘

2040 3280 2182 3316 mum
2213 3280 2278 3318 ex
2308 3264 2494 3317 eodem
2529 3278 2591 3314 ac
2636 3262 2866 3329 scriptor
2895 3271 3102 3326 noster,
3133 3275 3415 3316 sacrarum
3456 3263 3615 3317 Scri-

2038 3370 2321 3428 pturarum
2356 3356 2504 3409 fonte
2538 3352 2681 3406 illam
2711 3353 2930 3407 haurire
2964 3354 3203 3419 potuisse
3246 3355 3617 3412 inliciabitur?

2038 3452 2169 3519 Quis
2201 3449 2366 3502 etiam
2397 3454 2673 3499 auctorem
2706 3455 2968 3509 nostrum,
3016 3452 3200 3515 utpote
3225 3448 3616 3515 recentiorem,

2036 3557 2103 3596 ex
2138 3540 2466 3609 llieronymo
2515 3550 2610 3590 sua
2649 3535 3016 3606 desumpsisse
3045 3536 3161 3606 pari
3187 3536 3310 3606 jure
3344 3536 3617 3596 afﬁrmare

2039 3648 2144 3687 non
2183 3631 2415 3699 poterit?

2109 3722 2540 3778 Probabiliorem
2598 3717 2824 3773 forsitan
2884 3719 2949 3772 de
3005 3715 3619 3790 Pseudo-Dionysiano—r

2039 3832 2160 3870 rum
2184 3814 2420 3883 Operum
2450 3810 2777 3879 antiquitate
2800 3808 3175 3876 conjecturam
3201 3810 3326 3864 inde
3352 3813 3614 3881 accipies,

2039 3906 2182 3977 quod
2234 3903 2473 3958 nonnulli
2530 3917 2593 3955 ea
2666 3899 2963 3969 Apollinari
3019 3908 3074 3954 et
3127 3901 3376 3971 Didymo,
3434 3903 3619 3967 quarti

2040 3998 2219 4054 saeculi
2247 3995 2621 4063 scriptoribus,
2654 3992 3085 4061 assignaverint;
3132 4007 3196 4045 ac
3240 3992 3470 4060 proinde
3502 3995 3619 4048 hac

2039 4091 2226 4145 eadem
2261 4089 2436 4157 Opera
2467 4086 2572 4140 illis
2605 4084 2937 4148 temporibus
2958 4084 3069 4151 jam
3096 4082 3147 4136 in
3191 4084 3382 4152 vulgus
3422 4100 3617 4154 sparsa

2038 4180 2207 4235 fuisse
2236 4178 2529 4233 habuerint
2576 4189 2922 4243 persuasum.
2962 4172 3066 4227 Sed
3115 4187 3235 4225 cum
3289 4174 3425 4227 nihil
3469 4175 3617 4243 quod

2036 4270 2365 4340 Apollinaris
2407 4277 2461 4322 et
2518 4266 2727 4336 Didymi
2757 4264 3033 4320 erroribus
3068 4272 3227 4333 atque
3252 4264 3514 4317 doctrina:
3549 4265 3619 4318 sit

2039 4378 2341 4417 consonum
2373 4361 2426 4413 in
2479 4359 2667 4412 iisdem
2711 4355 2929 4425 scriptis
2978 4365 3256 4421 occurrat,
3297 4364 3406 4407 tota
3463 4367 3619 4408 certe

364 4443 491 4549 jure
519 4490 744 4546 prorsus
768 4472 1041 4525 inunerito
1071 4469 1315 4523 Marinus
1341 4467 1385 4500 ⁵⁸
1418 4485 1430 4521 :
1466 4466 1664 4521 Saltem
1688 4467 1939 4519 librorum
1973 4456 2017 4510 D
2044 4462 2229 4509 errant
2262 4454 2368 4513 Via.
2399 4452 2489 4519 Qui
2527 4465 2589 4502 ea
2622 4446 2984 4515 scriptoribus
3028 4443 3133 4497 illis
3170 4445 3513 4512 adjudicant.
3561 4444 3621 4499 Si

371 4572 593 4623 istorum
624 4564 863 4631 scriptio,
895 4561 1091 4629 inquit,
1117 4560 1267 4611 initio
1302 4558 1472 4627 quinti
1502 4558 1708 4621 saeculi,
1741 4569 1787 4611 et
1817 4570 1938 4613 ante

368 4660 577 4716 concilii
637 4652 1078 4710 Chalcedonensis
1154 4650 1550 4703 celebrationem
1616 4650 1937 4719 assignanda

368 4763 469 4818 est,
519 4765 609 4801 nec
666 4747 774 4799 ulla
818 4744 1019 4795 ratione
1063 4741 1323 4809 probabili
1373 4741 1441 4793 ad
1496 4740 1715 4806 inferius
1765 4757 1935 4795 (avum

368 4840 560 4898 revolvi
605 4846 793 4905 potest.
835 4835 1106 4888 Launoius
1152 4848 1284 4887 vero
1328 4842 1568 4903 tempore
1618 4835 1805 4903 primae
1848 4851 1937 4905 sy-

371 4932 495 4987 nodi
533 4929 839 4998 Ephesinte,
872 4934 928 4976 et
962 4922 1225 4976 Erasmus
1252 4922 1539 4991 Augustini
1567 4930 1724 4976 aetate
1750 4936 1935 4975 aucto-

369 5041 486 5081 rem
523 5032 764 5076 nostrum
799 5017 995 5069 vixisse
1019 5012 1374 5067 arbitrantur.

440 5117 639 5172 δίηται
676 5126 840 5181 porro
867 5104 1207 5174 Niceph‘orus
1248 5102 1649 5169 “Iuvenalem,
1682 5103 1937 5159 Hieroso-

353 5213 644 5281 lymitana:
685 5202 835 5254 urbis
866 5196 1201 5264 episcopum,
1235 5194 1530 5248 Pulcheria:
1571 5195 1827 5260 Augustae
1866 5193 1933 5247 de

360 5310 597 5366 corpore
664 5294 895 5362 virginis
960 5290 1204 5357 Dcipara:
1278 5288 1635 5357 interroganti
1707 5301 1929 5355 respon-

360 5398 612 5451 dentem,
664 5400 725 5438 ea
766 5398 943 5435 omnia
1003 5379 1244 5447 Dionysii
1287 5378 1505 5433 nomine
1560 5376 1779 5442 citasse,
1813 5392 1933 5447 qua:

437 5578 485 5611 ³⁸
514 5575 800 5628 Comment.
849 5571 906 5622 in
960 5564 1201 5633 Apocal"
1246 5574 1320 5626 si,
1353 5573 1468 5621 xui,
1507 5574 1633 5618 XLV.

363 5652 461 5704 Dio
477 5662 592 5715 uys.

362 5737 475 5777 t'crs
492 5714 527 5775 ,ί
556 5714 803 5785 Ruﬁnum

1707 5560 1754 5593 “
1801 5556 2054 5610 Biblioth.
2108 5552 2227 5608 cod.
2257 5552 2380 5608 107.

703 5620 861 5695 “hbe
882 5620 1046 5694 sacris
1078 5620 1327 5688 Ordinat'.
1357 5649 1412 5689 in
1450 5620 1590 5690 hanc
1615 5636 1833 5703 quaest"
1875 5641 1993 5696 cap.
2020 5623 2074 5681 6.
2105 5622 2133 5668 ⁸
2168 5620 2251 5676 12.

2044 4566 2172 4619 ergo
2210 4548 2263 4600 in
2303 4548 2405 4599 hoc
2452 4552 2561 4595 tam
2616 4536 2927 4593 immaniter
2952 4549 2981 4586 a
3014 4549 3142 4587 vero
3186 4534 3615 4599 aberraverunt,

2042 4641 2226 4713 quidni
2259 4648 2310 4691 et
2344 4638 2489 4692 circa
2524 4643 2735 4701 tempus
2764 4646 2871 4702 quo
2898 4631 3086 4684 eadem
3112 4628 3313 4695 scripta
3343 4630 3624 4697 prodiisse

2041 4730 2437 4805 opinabantur?

2113 4829 2267 4881 llanc
2302 4833 2485 4877 tamen
2509 4829 2771 4887 temporis
2802 4811 3226 4883 assignationem
3251 4823 3439 4862 veram
3476 4825 3623 4876 esse,

2043 4935 2107 4973 ac
2153 4918 2335 4973 omnia
2367 4911 2601 4968 auctoris
2631 4906 2798 4962 nostri
2828 4903 3031 4972 scripta
3073 4903 3365 4969 postremis
3401 4900 3623 4953 Eusebii

2043 5010 2383 5081 temporibus
2414 5004 2629 5073 vulgata
2660 5012 2781 5054 esse
2803 5013 2869 5052 eo
2892 4995 3128 5066 probant
3152 4990 3277 5058 quia
3321 4989 3376 5042 in
3408 4990 3625 5057 Grego-

2044 5106 2108 5158 rii
2159 5079 2493 5157 Nazianzeni
2548 5088 3010 5148 lucubrationibus
3054 5082 3207 5152 plura
3255 5094 3286 5133 a
3336 5079 3521 5148 Billio,
3576 5090 3628 5133 et

2045 5192 2147 5243 alia
2177 5189 2422 5258 quanlam
2470 5200 2500 5238 a
2555 5180 2753 5235 Dallaeo
2795 5177 3083 5229 observata
3127 5170 3497 5238 reperiuntur,
3558 5173 3627 5227 iis

2038 5298 2159 5351 quae
2179 5278 2465 5347 Dionysius
2505 5271 2750 5341 scripsit,
2782 5278 3005 5335 prorsus
3035 5260 3254 5316 similia.
3290 5260 3457 5328 Atqui
3493 5262 3628 5317 Dio.

2042 5378 2227 5445 nysius
2263 5374 2351 5429 illa
2384 5387 2415 5425 a
2461 5366 2723 5438 Gregorio
2768 5375 2875 5415 non
2914 5365 3000 5413 est
3042 5363 3346 5419 mutuatus,
3428 5369 3624 5427 utpote

2992 5535 3037 5568 ⁵³
3067 5535 3627 5675 {’{tgzi’miogingopem

2992 5642 3006 5658 .
3242 5623 3269 5658 ο
3365 5642 3384 5660 .
3459 5644 3473 5659 .

3242 5623 3384 5660 οιοα.
3416 5623 3473 5659 Ζ.

2456 5550 2501 5581 ⁵¹
2528 5546 2585 5599 1η
2624 5540 2913 5599 Collectan.

2330 5621 2374 5654 "
2408 5620 2546 5674 Hist.
2582 5618 2619 5671 ι.
2647 5627 2738 5679 xv,
2768 5626 2890 5683 cap.
2922 5607 3006 5660 l4.
