3748 6334
194 405 254 458 i9
1532 391 2063 452 puomcousm.
3370 380 3443 456 so

188 518 283 588 qui
330 519 403 575 ab
448 518 571 574 aliis
595 519 865 583 omnibus,
897 512 1166 588 inquiunt,
1209 514 1591 571 ecclesiasticis
1631 514 1769 567 scri-
1795 517 1843 574 Α
1878 508 2103 563 Verbum
2129 505 2655 562 diviniuimum......
2692 518 2789 571 per
2815 501 3148 567 inconfusam
3188 502 3438 557 humani-

188 612 446 679 ptoribus
476 612 639 681 plane
671 612 920 666 diversus
946 610 1038 676 sit,
1063 620 1120 665 et
1160 611 1242 664 sui
1291 617 1497 664 tantum
1529 607 1723 662 similis
1750 625 1764 661 :

184 704 377 757 omnia
408 719 623 773 quoque
652 702 847 772 placita
879 718 973 758 sua
1024 703 1090 757 ad
1140 703 1469 758 neoterieam
1524 700 1767 757 Platoni-

188 800 401 846 starum
456 792 819 847 conlormavit
864 792 1141 859 scholam;
1191 807 1257 848 ac
1312 792 1530 845 tandem
1570 791 1771 860 ubique

188 886 791 952 passimasanctorum
826 886 1053 940 Patrum
1112 886 1294 941 verbis
1344 893 1400 940 et
1457 886 1770 941 notionibus

191 979 436 1032 maxime
472 979 777 1033 abhorruit.
822 979 1022 1034 Contra
1070 994 1201 1034 vero
1239 979 1532 1045 Gregorius
1560 980 1771 1049 quoties

191 1070 261 1121 ad
293 1071 613 1124 obscuriora
646 1071 890 1138 quaedam
937 1082 993 1126 et
1038 1073 1208 1141 magis
1254 1071 1634 1141 philosophica
1675 1070 1771 1129 de-

189 1157 386 1221 ﬂectit,
420 1160 581 1214 toties
612 1161 681 1213 ab
712 1160 833 1215 aliis
863 1176 960 1215 sua
990 1163 1217 1224 derivat,
1270 1173 1435 1233 atque
1474 1161 1678 1219 idcirco
1702 1179 1768 1219 ex

188 1249 535 1318 philosophis
582 1257 637 1305 et
678 1244 940 1323 Dionysio
984 1263 1173 1309 nostro
1209 1253 1297 1307 illa
1349 1254 1598 1311 hausisse
1642 1271 1771 1311 vero

190 1338 412 1392 videtur
445 1340 811 1403 simillimum.

264 1427 441 1483 Porro
468 1430 516 1483 si
547 1444 700 1498 roges
729 1446 827 1485 cur
862 1432 1231 1486 venerandum
1277 1432 1518 1504 Dionysii
1547 1448 1769 1501 nomen,

188 1520 433 1572 orationi
465 1535 575 1573 sua:
604 1537 857 1590 magnum
887 1524 1097 1592 pondus
1144 1524 1503 1592 adjecturum,
1534 1525 1623 1581 ille
1666 1542 1770 1581 non

190 1612 511 1677 inseruerit,
547 1628 868 1681 responsum
924 1615 1068 1669 illico
1120 1617 1353 1684 accipies
1400 1634 1593 1673 nomen
1642 1620 1772 1676 illud

186 1705 436 1772 ejusdem
464 1704 711 1775 Gregorii
738 1715 896 1760 aatate
920 1706 1251 1762 Christianis
1270 1719 1439 1775 tanto,
1463 1713 1537 1765 uti
1565 1724 1769 1781 postea,

188 1812 301 1851 non
336 1796 511 1851 fuisse
558 1799 611 1852 in
649 1798 879 1855 honore.
929 1798 1080 1854 Tunc
1110 1802 1374 1870 siquidem
1423 1813 1614 1859 auctor
1660 1806 1770 1870 ille,

186 1906 291 1959 pro
323 1906 455 1945 vero
498 1892 824 1962 Areopagita
872 1896 1113 1949 nondum
1162 1895 1399 1967 agnitus,
1428 1897 1512 1951 vir
1560 1907 1768 1953 tantum

188 1997 443 2051 magnus,
478 1983 573 2050 qui
603 1984 701 2038 sub
727 1982 905 2039 alieno
943 1986 1160 2041 nomine
1193 1986 1569 2053 delitescebat,
1600 1991 1769 2045 habe-

187 2074 372 2127 batur.
409 2075 548 2141 Quid
594 2090 726 2144 ergo
760 2078 979 2141 mirum,
1024 2078 1067 2137 si
1102 2077 1396 2148 Gregorius
1424 2083 1643 2150 proprio
1676 2098 1772 2136 no-

186 2168 339 2221 mine
370 2182 495 2222 eum
524 2184 631 2222 non
661 2169 1033 2239 appellaverit,
1061 2171 1151 2239 qui
1184 2174 1453 2227 neminem
1482 2191 1546 2229 ex
1564 2175 1768 2232 Catho-

188 2261 330 2322 licis.
361 2262 457 2315 sed
508 2276 751 2331 paganos
801 2264 1082 2328 duntaxat,
1136 2281 1199 2320 ac
1248 2266 1663 2336 Symmachum,
1715 2278 1769 2322 et

183 2350 444 2419 Aquilam
479 2354 802 2407 nominatim
838 2356 1091 2410 vocavit?
1124 2358 1389 2411 Czeterum
1437 2360 1768 2414 credituri!-

184 2441 297 2494 lum
332 2441 417 2496 his
453 2442 639 2498 verbis
684 2445 883 2499 citasse
914 2446 959 2477 ⁵⁷
992 2466 1003 2500 :
1051 2447 1503 2512 Quemadmodum
1541 2461 1588 2502 et
1629 2451 1768 2504 alius

182 2534 404 2601 quidam
432 2544 553 2586 ante
581 2550 674 2589 nos
698 2535 1047 2602 pulcherrime
1075 2549 1122 2592 et
1140 2540 1506 2595 sublimissime
1531 2542 1767 2609 philoso-

180 2626 380 2692 phatus
431 2636 531 2680 est.
571 2626 755 2697 Neque
804 2631 950 2683 enim
1007 2629 1093 2684 hic
1145 2631 1448 2687 audiendus
1494 2644 1579 2689 est
1625 2634 1768 2689 Elias

184 2715 512 2782 Cretensis,
545 2721 634 2786 qui
689 2721 759 2774 ibi
822 2722 1178 2779 Athanasium
1230 2724 1437 2778 laudari
1494 2736 1764 2781 autumat.

180 2804 321 2859 Nam
362 2807 487 2863 huic
516 2809 757 2878 opinioni
790 2822 844 2866 et
881 2814 1139 2882 temporis
1174 2817 1334 2877 ratio,
1367 2824 1424 2869 et
1452 2817 1766 2886 scriptionis

182 2910 360 2965 genus
393 2896 555 2966 plane
607 2900 985 2955 adversantur.
1016 2902 1084 2957 Et
1137 2919 1263 2958 vero
1292 2904 1589 2975 Gregorius
1626 2924 1765 2961 nun-

182 3001 351 3056 quam
406 2988 766 3044 Athanasium
798 3036 812 3060 ,
863 3009 1092 3063 quocum
1146 2996 1421 3051 meliorem
1479 2998 1601 3053 vitae
1657 3014 1768 3054 sua:

182 3088 403 3146 partem
482 3089 861 3153 transegerat,
930 3086 1253 3155 appellasset
1307 3087 1430 3141 τινὰ
1484 3088 1592 3142 τῶν
1659 3092 1766 3163 πρὸ

1870 607 1994 658 tati:
2038 612 2229 656 nostris
2278 599 2711 668 assumptionem.
2759 596 2828 651 Et
2879 595 2931 649 in
2965 594 3190 664 epistola
3248 595 3317 659 4,
3374 595 3442 651 ad

1868 694 2055 749 Caium
2088 710 2103 747 :
2139 693 2409 758 Quatenus
2435 698 2548 744 erat
2575 687 2714 743 Deus
2755 696 2804 741 et
2841 687 3017 752 homo,
3044 702 3230 739 novam
3254 704 3442 755 quam—

1869 787 1994 839 dam
2027 785 2292 838 nobiscum
2315 782 2665 837 conversando
2688 776 3009 851 Θεανδρικὴν
3038 778 3319 849 ἐνέργειαν
3348 796 3441 833 ea:-

1872 877 2098 930 hibebat.
2134 874 2273 941 Quid
2302 874 2537 944 planius,
2566 872 2694 942 quid
2740 870 3031 926 dilucidius
3066 879 3191 938 post
3223 885 3441 939 sparsos

1872 967 2108 1022 Nestorii
2158 965 2583 1036 Eutychetisqne
2637 978 2854 1018 errores
2907 977 2937 1015 a
2980 963 3174 1032 quovis
3219 973 3447 1018 auctore

1873 1074 2105 1126 unquam
2145 1059 2405 1125 scriptum
2436 1055 2552 1110 est?

1940 1172 2299 1239 Quamobrem
2325 1187 2428 1226 non
2456 1172 2557 1227 levi
2587 1173 2809 1226 omnino
2838 1170 3147 1240 conjectura
3173 1172 3435 1240 colligere

1874 1279 2160 1334 possumus
2199 1266 2520 1333 scriptorem
2578 1274 2821 1318 nostrum
2868 1265 3130 1318 maximas
3159 1280 3280 1320 cum
3328 1274 3445 1318 tur-

1873 1358 1971 1412 bas
2011 1358 2077 1412 ab
2134 1357 2405 1412 haereticis
2432 1356 2773 1413 Nestorianis
2822 1367 2876 1413 et
2914 1358 3271 1428 Eutycliianis
3303 1358 3440 1413 cieri

1874 1449 2104 1512 videret,
2155 1459 2286 1504 tunc
2316 1460 2374 1503 ut
2421 1459 2679 1519 utrosque
2716 1452 3098 1516 confunderet,
3128 1468 3191 1507 ac
3238 1468 3334 1522 pro
3365 1453 3447 1506 vi-

1875 1542 2022 1598 ribus
2053 1543 2308 1597 Ecclesiae
2334 1544 2613 1598 catholicae
2657 1554 2842 1613 partes
2899 1552 3169 1610 tueretur,
3199 1546 3441 1599 animum

1875 1636 1941 1690 ad
1968 1634 2316 1689 scribendum
2371 1635 2661 1705 appulisse.
2731 1636 2908 1706 Atque
2946 1648 3002 1690 ut
3036 1638 3086 1691 id
3134 1639 3235 1707 ipsi
3283 1638 3445 1692 cede-

1876 1735 1957 1779 ret
1999 1725 2227 1792 felicius,
2278 1742 2532 1797 magnum
2589 1728 2776 1797 utique
2821 1737 2878 1781 et
2908 1730 3276 1783 venerandum
3317 1728 3447 1782 Dio-

1803 1856 1846 1909 B
1876 1821 2015 1889 nysii
2045 1822 2383 1892 Areopagitae
2412 1836 2607 1876 nomen
2664 1822 2885 1889 scriptis
2916 1824 3029 1877 suis
3077 1824 3334 1892 praeﬁxit.
3368 1823 3447 1877 Ea

1875 1927 2005 1982 ergo
2059 1912 2201 1966 illius
2248 1927 2410 1981 opera
2472 1914 2616 1967 intra
2667 1928 2868 1967 annum
2904 1913 3034 1978 451,
3063 1931 3172 1984 quo
3204 1930 3447 1971 (Boume-

1875 2008 2000 2061 nica
2074 2007 2315 2077 synodus
2372 2006 2647 2076 Ephesina
2718 2011 2982 2063 adversus
3044 2007 3446 2072 Nestorianos,

1872 2108 1929 2152 et
1974 2099 2101 2162 451,
2141 2114 2246 2167 quo
2299 2098 2757 2165 Chalcedonensis
2814 2111 3002 2157 contra
3068 2102 3443 2172 Entychianos

1872 2187 2140 2243 celebrata
2170 2200 2271 2254 est,
2311 2191 2379 2245 ab
2434 2190 2528 2245 illo
2558 2191 2794 2260 profecta
2832 2206 2953 2246 esse
3000 2194 3272 2248 videntur.
3323 2192 3444 2249 Non

1872 2281 2135 2336 continuo
2177 2294 2358 2337 tamen
2407 2284 2458 2337 in
2514 2283 2784 2352 publicam
2814 2284 2990 2339 lucem
3035 2287 3332 2354 producta,
3381 2295 3440 2342 et

1870 2372 1939 2427 ab
1992 2374 2245 2429 omnibus
2292 2386 2532 2445 recepta,
2600 2377 2694 2431 sed
2747 2379 2949 2431 sensim
3001 2378 3119 2432 sine
3165 2393 3328 2433 sensu
3362 2379 3441 2433 ita

1870 2464 2209 2534 prodierunt,
2244 2474 2303 2518 ut
2339 2481 2447 2520 non
2479 2476 2605 2522 ante
2631 2478 2983 2522 memoratam
3020 2471 3271 2537 superius
3312 2468 3439 2527 Col-

1870 2553 2125 2611 lationeiu
2177 2556 2823 2626 Constantinopolitanam
2845 2601 2860 2625 ,
2897 2574 3039 2613 anno
3074 2560 3200 2626 553,
3234 2561 3289 2613 in
3318 2576 3439 2615 om-

1870 2648 2019 2702 nium
2082 2649 2329 2703 venerint
2391 2649 2785 2719 cognitionem.
2844 2651 2980 2706 lllud
3041 2666 3203 2721 porro
3247 2653 3301 2707 in
3336 2655 3441 2707 hu-

1864 2739 2017 2807 jusce
2067 2740 2344 2809 Opinionis
2425 2740 2903 2796 conﬁrmationem
2962 2743 3156 2797 adduci
3210 2753 3436 2813 potest,

1870 2831 2011 2897 quod
2065 2830 2181 2883 haec
2242 2831 2446 2899 scripta
2488 2832 2539 2884 in
2574 2831 2661 2885 his
2709 2832 3067 2887 meumenicis
3116 2833 3364 2889 conciliis
3407 2850 3437 2888 a

1870 2920 2105 2984 nemine,
2146 2934 2321 2989 neque
2371 2921 2538 2975 etiam
2570 2937 2599 2976 a
2630 2919 2894 2976 Juvenale
2920 2922 3434 2995 llierosolymitano,

1870 3012 1959 3079 qui
2002 3011 2139 3065 inter
2168 3012 2375 3079 primos
2421 3012 2705 3082 utriusque
2740 3015 2930 3084 synodi
2966 3014 3157 3070 Patres
3188 3018 3436 3081 sedebat,

1871 3104 2037 3158 citata
2076 3106 2438 3174 reperiantur.
2487 3103 2642 3161 Nulla
2675 3115 2856 3160 autem
2888 3108 3048 3177 hujus
3080 3109 3285 3163 silentii
3315 3098 3436 3163 eau-

178 3170 364 3241 ἡμῶν,
393 3174 671 3241 quemdam
696 3175 787 3245 qui
825 3187 943 3231 ante
978 3194 1070 3231 nos
1108 3182 1255 3234 vixit.
1288 3179 1398 3235 Hoc
1442 3184 1638 3251 quippe
1681 3182 1763 3237 lo-

1965 3197 2070 3250 alla
2130 3170 2311 3265 potest
2366 3195 2570 3261 afferri,
2634 3197 2738 3252 nisi
2782 3200 2926 3268 quod
2980 3200 3437 3270 Dionysiatnelu-

181 3262 385 3328 quendi
444 3278 642 3333 genere
709 3265 885 3322 Graeci
944 3270 1238 3339 scriptores
1298 3273 1613 3341 hominem,
1675 3276 1760 3328 vel

182 3354 503 3423 priusquam
538 3357 649 3409 nati
701 3369 907 3425 essent,
956 3362 1040 3416 Vel
1086 3363 1243 3433 longe
1299 3374 1589 3434 antequam
1625 3367 1761 3421 scri-

180 3445 402 3510 berent,
434 3457 709 3521 mortuum
758 3451 1075 3522 iudigitant.
1124 3454 1309 3525 Neque
1347 3457 1513 3511 etiam
1550 3456 1761 3529 Grego-

177 3536 293 3591 rius
348 3540 420 3592 de
480 3542 799 3611 Athanasio,
859 3559 1017 3613 quem
1078 3546 1147 3601 ob
1188 3548 1314 3618 styli
1370 3550 1758 3605 sublimitatem

181 3632 235 3685 in
282 3647 382 3686 sua
428 3634 674 3689 oratione
726 3639 1053 3708 panegyrica
1099 3657 1203 3695 non
1250 3644 1613 3707 commendat,
1662 3660 1760 3698 un-

182 3739 348 3792 quam
398 3727 624 3781 dixisset
674 3746 688 3782 :
736 3729 1129 3786 Sublimissime
1152 3734 1549 3803 philosophatus
1573 3738 1760 3791 est.At

182 3824 487 3884 utrumque
536 3818 666 3872 illud
706 3828 760 3873 et
803 3822 1118 3889 scriptionis
1166 3838 1356 3891 genus,
1393 3834 1441 3878 et
1498 3827 1757 3895 temporis

181 3906 323 3957 ratio
349 3909 604 3975 scriptori
634 3920 823 3964 nostro
844 3913 1046 3980 Optime
1071 3916 1422 3969 conveniunt.
1450 3915 1598 3969 lllmn
1624 3931 1757 3988 ergo

178 4001 505 4070 aCregorio
537 4001 885 4061 Nazianzeno
941 4007 1013 4061 ibi
1064 4007 1337 4062 laudatum
1390 4024 1509 4063 esse
1554 4012 1755 4064 nemini

178 4106 286 4144 non
321 4093 661 4162 probabitur.

249 4185 352 4250 Qui
387 4186 472 4240 his
525 4189 922 4246 convincuntur
974 4192 1246 4247 rationum
1299 4194 1613 4261 momentis,
1637 4195 1757 4263 opi-

179 4275 325 4329 nioni
379 4277 457 4331 illi
488 4290 747 4346 quantum
781 4284 1076 4348 voluerint,
1115 4285 1485 4352 subscribant,
1540 4286 1607 4341 iis
1655 4300 1756 4339 nec

174 4369 493 4438 invidimus,
527 4388 624 4428 nec
658 4374 1016 4429 reluctamur.
1054 4378 1354 4444 Quominus
1403 4390 1581 4434 tamen
1630 4397 1751 4434 om-

174 4482 297 4521 nem
322 4467 430 4521 illis
456 4469 795 4536 prtebeamus
832 4485 1140 4536 assensum,
1174 4488 1235 4526 ea
1279 4474 1617 4541 potissimum
1661 4490 1752 4527 ra-

175 4558 247 4611 tio
275 4574 376 4613 nos
415 4571 613 4625 movet,
653 4564 795 4630 quod
819 4566 1197 4629 argumentum
1238 4565 1386 4630 illud,
1416 4582 1522 4636 quo
1548 4568 1748 4636 scripta

174 4651 417 4705 auctoris
441 4653 617 4706 nostri
653 4663 778 4721 post
802 4665 986 4708 natam
1013 4657 1129 4709 Arii
1173 4658 1421 4713 haeresim
1457 4662 1598 4714 edita
1625 4677 1749 4716 esse

171 4741 700 4810 demonstrabatur,
750 4747 890 4801 idem
940 4749 1069 4803 illud
1125 4752 1299 4819 ipsum
1351 4764 1471 4819 post
1529 4762 1749 4810 exortos

171 4833 408 4891 Nestorii
437 4852 655 4891 errores
680 4841 948 4907 prodiisse
967 4841 1192 4896 cuilibet
1218 4843 1362 4898 haud
1389 4844 1603 4900 dillicile
1622 4862 1745 4914 per-

171 4933 436 4985 suadebit.
469 4932 524 4983 ln
559 4932 625 4985 iis
652 4934 849 5003 quippe
877 4933 1101 4989 haeresis
1131 4944 1316 4989 contra
1348 4937 1748 4994 lncarnationis

170 5023 367 5077 Christi
407 5026 725 5094 mysterium
760 5040 863 5078 non
916 5026 1093 5080 minus
1144 5038 1329 5095 aperte
1360 5044 1519 5096 quam
1553 5045 1746 5087 omnes

168 5124 355 5167 contra
390 5116 509 5184 ejus
553 5116 895 5171 divinitatem
927 5127 983 5171 et
1022 5134 1183 5172 unam
1225 5121 1385 5174 trium
1429 5122 1742 5178 divinarum

165 5221 522 5272 personarum
544 5217 793 5263 naturam
814 5226 1033 5265 errores
1057 5212 1437 5279 proscribitur.
1464 5216 1537 5267 De
1556 5216 1740 5269 incar-

167 5312 294 5355 nato
327 5299 474 5354 enim
509 5299 604 5352 Dei
628 5299 763 5355 Filio
792 5301 958 5355 variis
986 5302 1037 5354 in
1084 5302 1219 5355 locis
1245 5304 1358 5356 haec
1386 5306 1614 5375 legimus
1646 5307 1692 5339 ⁸³
1724 5328 1738 5363 :

166 5392 261 5446 Dei
299 5393 616 5461 principalis
657 5394 1004 5449 bonitas......
1032 5406 1332 5449 nostrorum
1362 5402 1593 5452 omnium
1624 5418 1740 5455 vere

163 5485 308 5551 facta
330 5488 595 5554 particeps
621 5486 814 5555 absque
850 5496 1084 5550 peccato,
1122 5488 1514 5559 humilitatique
1545 5504 1741 5547 nostra:

165 5582 336 5641 unita,
366 5582 514 5630 mtuo
541 5579 919 5646 proprietatum
946 5594 1163 5631 suarum
1197 5593 1359 5649 statu,
1390 5600 1550 5652 eoque
1588 5602 1742 5654 pror-

162 5683 246 5721 sus
274 5668 556 5736 inconfuso
587 5682 633 5723 et
684 5671 955 5726 inviolato.
990 5673 1044 5726 In
1092 5674 1199 5728 alio
1242 5684 1420 5728 autem
1474 5676 1613 5731 libro
1638 5676 1684 5707 '°
1722 5694 1734 5728 :

229 5847 275 5878 "
306 5847 458 5902 Orat.
515 5849 584 5903 58
638 5850 692 5905 in
731 5850 979 5921 Tlteoplt.
1025 5852 1175 5909 et“
1225 5854 1279 5908 in
1332 5852 1527 5913 Pasch.

1605 5855 1749 5909 "De
1799 5855 1976 5909 ct‘eles.
2031 5855 2321 5921 hieran/1.,
2370 5866 2490 5922 cap.
2521 5852 2573 5907 5.

1866 3289 2216 3345 cubrationes
2279 3290 2735 3345 tuncetenebris
2796 3300 3165 3361 emergentes,
3195 3293 3283 3346 vix
3339 3292 3431 3349 ulli

1864 3388 1993 3434 ante
2013 3379 2302 3434 concilium
2329 3378 2771 3433 Chalcedonense
2803 3389 2945 3433 nota?
2982 3378 3221 3434 fuerunt.
3256 3378 3430 3437 Porro

1865 3480 2045 3527 autem
2071 3472 2114 3527 si
2148 3487 2363 3541 quaeras
2400 3487 2499 3526 cur
2518 3473 2674 3540 plura
2702 3471 2843 3540 apud
2875 3482 3155 3527 auctorem
3184 3484 3429 3527 nostrum

1862 3572 2177 3626 occurrant,
2241 3577 2363 3616 cum
2415 3562 2499 3617 bis
2538 3576 2659 3633 qua:
2710 3560 3009 3631 Gregorius
3053 3563 3434 3621 Nazianzenus

1861 3652 2106 3722 scripsit,
2144 3652 2304 3720 plane
2340 3651 2571 3712 similia,
2647 3664 2751 3703 non
2823 3652 3060 3707 absurde
3108 3654 3428 3724 responderi

1860 3752 2047 3813 potest
2088 3745 2177 3797 illa
2226 3745 2293 3798 ab
2346 3755 2566 3798 auctore
2616 3754 2825 3809 nostro,
2857 3746 2947 3814 qui
3000 3745 3198 3815 smpius
3239 3755 3293 3800 et
3332 3761 3430 3799 sua

1861 3835 1929 3888 ab
1968 3834 2089 3888 aliis
2149 3833 2446 3901 accepisse,
2501 3841 2557 3887 et
2604 3833 2836 3888 aliorum
2894 3835 3178 3904 opiniones
3224 3832 3429 3888 referre

1860 3926 2032 3987 dicit,
2064 3926 2116 3979 in
2142 3940 2269 3980 usus
2314 3940 2466 3989 suos,
2497 3924 2666 3979 tacito
2695 3925 2947 3995 Gregorii
2984 3925 3228 3988 nomine,
3260 3926 3430 3979 fuisse

1860 4030 2162 4085 assumpta,
2183 4032 2247 4070 ac
2267 4016 2405 4087 Stylo
2427 4016 2632 4071 reddita
2649 4031 2765 4082 suo,
2797 4025 2851 4072 et
2867 4016 3141 4072 inusitatis
3169 4016 3429 4087 loquendi

1862 4110 2058 4162 modis.

1928 4198 2135 4264 Quibus
2176 4207 2357 4253 autem
2395 4199 2479 4253 hae
2534 4198 2863 4269 conjecturae
2918 4214 3020 4253 nec
3053 4199 3186 4253 satis
3234 4197 3424 4263 firmas,

1856 4308 1954 4348 nec
1997 4294 2221 4347 omnino
2245 4295 2556 4363 probabiles
2587 4298 2941 4362 videbuntur,
3001 4296 3162 4349 iidem
3214 4294 3425 4348 fatean-

1857 4394 1945 4438 tur
2001 4399 2222 4439 necesse
2268 4397 2352 4440 est
2396 4387 2513 4444 haec
2560 4389 2845 4457 scriptoris
2872 4388 3039 4442 nostri
3096 4387 3270 4456 Opera
3301 4386 3425 4440 Col-

1856 4473 2111 4528 lationem
2143 4475 2795 4547 Constantinopolitanam
2817 4518 2834 4543 ,
2859 4488 3021 4548 atque
3048 4479 3213 4532 etiam
3242 4476 3424 4531 saeculi

1855 4567 1991 4620 sexti
2023 4566 2175 4620 initia
2203 4567 2360 4635 longe
2386 4571 2810 4637 praecucurrisse
2839 4571 3096 4641 temporis
3117 4569 3421 4625 intervallo.

2437 4681 2668 4737 CAPUT
2716 4680 2834 4735 XX.

1853 4774 1931 4829 De
1960 4778 2150 4831 horum
2195 4779 2424 4846 Operam
2480 4778 2734 4837 utilitate,
2783 4783 2832 4829 et
2892 4772 3280 4846 aliisgejusdem
3315 4788 3419 4827 au-
3492 4776 3497 4780 ’

2134 4844 2294 4901 cteris
2321 4848 2606 4917 deperditis
2657 4844 3137 4898 lucubrationibus.

1922 4936 2056 4991 Cum
2107 4938 2269 5006 igitur
2302 4949 2469 4993 tanta:
2515 4937 2864 5005 antiquitatis
2902 4936 3012 4989 sint
3067 4933 3156 4987 illa
3217 4931 3419 5003 Opera,

1851 5043 1917 5082 eo
1960 5028 2152 5096 majori
2192 5031 2332 5099 apud
2365 5029 2709 5084 Christianos
2732 5028 2930 5081 debent
2962 5040 3083 5079 esse
3130 5024 3184 5078 in
3215 5026 3420 5094 pretio,

1849 5137 1957 5190 quo
2010 5123 2161 5191 plura
2202 5123 2271 5176 ad
2290 5122 2607 5177 eorumdem
2633 5121 3070 5175 Christianorum
3121 5117 3417 5172 utilitatem

1848 5215 2074 5283 copiose
2141 5214 2519 5284 suppeditant.
2596 5212 2653 5267 ln
2700 5214 2767 5267 iis
2814 5212 3096 5265 enimvero
3154 5211 3418 5264 docemur

1851 5324 1973 5376 qua:
1999 5308 2284 5376 scriptoris
2311 5306 2314 5309 λ
2341 5305 2513 5360 nostri
2563 5314 2619 5357 et
2652 5305 2997 5359 decessorum
3022 5300 3140 5369 ejus
3170 5311 3415 5367 tempore

1850 5401 2016 5455 luerit
2066 5400 2313 5454 doctrina
2360 5400 2483 5453 ﬁdei
2537 5407 2591 5454 et
2635 5410 2846 5449 morum
2879 5392 3185 5459 disciplina.
3216 5390 3416 5455 Quant-

1848 5495 1930 5547 vis
1952 5493 2097 5546 enim
2149 5492 2202 5545 in
2235 5506 2300 5545 eo
2325 5490 2493 5544 falsus
2530 5503 2652 5544 esse
2683 5492 2965 5555 arguatur,
3002 5482 3145 5551 quod
3174 5496 3235 5535 ea
3292 5495 3411 5547 qua:
3478 5476 3510 5495 '

1847 5586 2003 5639 docet
2047 5583 2287 5654 Dionysii
2345 5582 2680 5651 Areopagitae
2710 5586 2868 5630 aetate
2919 5573 3159 5643 viguisse
3186 5581 3413 5640 putave-

1849 5677 1942 5740 rit,
1986 5684 2197 5729 constat
2250 5684 2427 5727 tamen
2484 5687 2548 5726 ca
2590 5669 2771 5723 omnia
2811 5667 3064 5723 debuisse
3114 5673 3240 5719 ante
3268 5661 3411 5724 eius-

2651 5850 2699 5884 "
2726 5849 2805 5905 De
2843 5850 3007 5903 divin.
3057 5846 3257 5900 nomin.
