3748 6328
361 330 419 383 iii
1451 336 1509 393 S.
1548 335 1917 396 DIONYSIUS
1952 340 2413 399 AREOPAGITA.
3550 355 3613 409 5':

362 430 484 480 item
542 426 784 482 auctoris
842 427 1012 483 nostri
1067 442 1239 485 aevum
1297 429 1347 483 in
1418 429 1666 485 Ecclesia
1701 448 1837 488 voce
1880 444 1938 487 et
1967 445 2012 499 Α
2042 436 2161 490 dem
2189 436 2388 504 Ficini,
2420 436 2641 493 Basileaz
2670 454 2814 497 anno
2853 440 3023 509 1576;
3067 442 3208 499 liber
3246 460 3381 502 vero
3425 446 3503 501 De
3530 465 3607 501 ec-

359 518 580 588 scriptis
630 520 835 582 doceri,
879 532 1043 590 atque
1098 536 1199 575 usu
1243 522 1478 589 plurimo
1508 524 1697 593 recipi.
1729 524 1808 579 Ex
1847 526 1938 581 his

357 626 489 678 ergo
542 611 763 679 scriptis
809 611 1071 666 discimus
1125 612 1253 682 quid
1281 613 1347 667 iis
1399 613 1653 668 oumibus
1721 624 1934 685 tempo-

362 703 510 756 ribus
579 700 817 755 Ecclesia
875 701 1126 757 docuerit
1177 702 1244 757 de
1304 703 1590 761 adorando
1643 705 1934 761 Trinitatis

360 793 640 863 mysterio,
677 793 743 847 de
790 792 998 849 Christi
1030 795 1317 851 divinitate
1342 805 1397 850 et
1428 796 1831 862 lncarnatione,
1863 798 1931 852 de

357 889 679 959 angelorum
712 890 1040 945 hierarchiis
1065 898 1119 944 et
1164 890 1449 946 ordinibus
1483 909 1496 944 :
1529 891 1661 962 quid
1690 891 1931 946 tradide-

356 983 425 1037 rit
452 983 518 1037 de
568 982 826 1050 baptismi
867 991 921 1036 et
947 982 1292 1037 eucharistizc
1328 983 1828 1049 administratione,
1862 985 1931 1039 de

356 1072 587 1143 liturgize
612 1088 708 1126 seu
764 1072 945 1127 missae
977 1073 1367 1136 celebratione,
1405 1074 1472 1128 de
1494 1076 1926 1132 consecratione

351 1168 688 1231 chrismatis,
720 1167 786 1221 de
815 1168 988 1222 sacris
1017 1167 1271 1222 Ecclesiae
1306 1169 1592 1234 ministris,
1628 1171 1693 1225 de
1733 1185 1927 1224 mona-

353 1261 475 1314 chis
528 1275 833 1329 eorumque
860 1262 1004 1315 votis
1028 1270 1080 1315 et
1110 1262 1469 1331 professione,
1500 1277 1564 1314 ac
1607 1263 1823 1316 tandem
1859 1263 1927 1319 de
1961 1254 1965 1259 ’

350 1360 691 1407 mortuorum
723 1353 998 1422 exsequiis
1051 1362 1106 1407 et
1163 1352 1465 1421 sepultura.
1522 1352 1692 1407 Porro
1735 1365 1920 1410 autem

349 1443 432 1496 hae
514 1443 855 1498 caeremoniae
903 1444 1067 1513 hique
1112 1447 1249 1500 ritus
1292 1460 1396 1500 non
1433 1454 1493 1498 ut
1547 1455 1795 1500 recentes
1858 1461 1923 1500 ac

348 1532 495 1596 novi,
529 1532 622 1586 sed
682 1541 741 1585 ut
792 1542 1004 1595 veteres
1030 1544 1194 1601 atque
1252 1534 1319 1587 ab
1384 1533 1649 1601 apostolis
1686 1533 1922 1588 derivati

346 1623 401 1675 iu
452 1623 624 1677 nostri
659 1624 901 1678 auctoris
932 1624 1153 1692 scriptis
1180 1624 1509 1679 referuntur.
1568 1623 1922 1694 Quapropter

346 1713 438 1781 qui
494 1714 678 1767 eadem
707 1714 908 1783 scripta
955 1713 1212 1783 Dionysio
1238 1714 1584 1784 Areopagitae
1616 1714 1916 1780 vindicant,

346 1802 398 1855 hi
439 1817 628 1857 omnes
678 1803 797 1857 illos
849 1803 986 1857 ritus
1012 1804 1081 1858 ab
1117 1804 1379 1874 apostolis
1425 1804 1757 1873 proﬂuxisse
1786 1820 1920 1859 con-

345 1893 591 1947 tendunt.
655 1892 756 1959 Qui
789 1909 919 1948 vero
951 1909 1015 1948 ea
1066 1894 1387 1948 recentioris
1417 1894 1705 1963 scriptoris
1750 1893 1919 1949 letum

342 2000 465 2039 esse
521 1985 842 2053 opinantur,
901 1986 938 2039 ii
1010 2001 1213 2056 negare
1278 2002 1382 2051 non
1436 1993 1668 2054 possunt
1731 1985 1918 2055 plures

341 2088 407 2127 ex
444 2072 635 2127 iisdem
668 2074 862 2128 ritibus
888 2090 917 2127 a
956 2076 1247 2130 traditione
1287 2076 1585 2144 apostolica
1621 2091 1873 2131 manasse
1903 2097 1915 2131 :

339 2174 571 2220 cieteros
620 2178 803 2220 autem
839 2175 953 2220 tum
979 2167 1310 2236 pedetentim
1343 2169 1644 2233 institutos,
1676 2183 1797 2222 cum
1818 2168 1918 2223 Ec-

338 2256 520 2311 clesiis
571 2272 674 2326 pax
706 2266 761 2311 et
805 2256 1171 2325 tranquillitas
1198 2258 1265 2312 ab
1294 2258 1715 2326 imperatoribus
1758 2258 1919 2312 Chri-

338 2347 539 2401 stianis
600 2349 725 2402 data
759 2357 862 2412 est,
893 2355 1054 2416 atque
1084 2348 1149 2402 ab
1202 2348 1336 2415 ipsis
1367 2347 1590 2417 templa,
1634 2347 1685 2401 in
1717 2347 1914 2415 quibus

336 2454 496 2494 sacra
551 2439 764 2509 publice
811 2439 1030 2508 ﬁerent,
1069 2440 1338 2495 mdilicata
1390 2441 1630 2495 fuerunt.
1682 2440 1818 2494 Hinc
1847 2441 1917 2494 li-

336 2532 508 2598 quido
534 2531 841 2603 colligimus
874 2532 1008 2586 tales
1045 2533 1268 2587 missam
1298 2533 1607 2588 celebrandi
1654 2544 1708 2588 et
1731 2548 1914 2588 sacra-

334 2632 515 2675 menta
528 2623 944 2678 administrandi
965 2624 1100 2677 ritus
1116 2625 1184 2677 ab
1201 2632 1423 2679 auctore
1445 2636 1633 2679 nostro
1650 2625 1911 2689 describi,

333 2714 523 2781 quales
555 2712 900 2769 Constantini
934 2715 1113 2788 Magni
1148 2727 1392 2786 tempore
1417 2726 1473 2771 et
1497 2727 1691 2787 quarto
1712 2716 1912 2775 saeculo

331 2808 617 2863 observari
639 2820 943 2877 cteperunt.

401 2898 592 2969 Magna
628 2914 790 2969 porro
822 2900 1015 2956 horum
1068 2901 1313 2955 auctoris
1355 2899 1526 2955 nostri
1576 2898 1906 2969 scriptorum

327 2993 539 3046 utilitas
566 2994 721 3048 triste
760 2993 980 3062 aliquod
1007 2994 1260 3058 aliorum,
1292 3010 1415 3063 qua:
1460 2995 1766 3063 perierunt,
1812 3010 1910 3050 no-

2039 529 2328 583 clesiastica
2359 532 2654 586 hierarchia
2683 548 2805 588 cum
2834 534 3027 590 Latina
3054 538 3334 603 versione,
3363 537 3608 607 Basilete,

2037 634 2177 675 anno
2206 622 2365 677 1559.
2403 622 2638 693 Epistola
2674 628 2739 679 ad
2770 626 3129 698 Polycarpum
3164 630 3309 685 inter
3349 632 3611 701 epistolas

2037 708 2139 764 SS.
2192 710 2412 767 Patrum
2461 730 2488 768 a
2541 715 2831 787 Symphor.
2883 719 3212 789 Champerio
3245 722 3388 792 typis
3435 723 3609 791 Ass.,

2035 801 2195 856 1516.
2251 804 2450 859 Eadem
2497 822 2621 862 cum
2690 811 2937 879 epistolis
2989 813 3182 881 lgnatii
3229 824 3283 868 et
3352 815 3609 881 aliorum,

2033 895 2361 961 Ant.1540,
2412 907 2469 952 et
2516 900 2711 955 Venet.
2746 902 3197 972 1546..Epistol:e
3235 908 3354 961 duae
3406 907 3458 961 in
3505 907 3607 962 0r-

2033 991 2512 1060 thodoxogmphia.
2583 992 2776 1049 Omnia
2827 996 3063 1066 denique
3125 1000 3366 1068 Dionysii
3428 1001 3602 1057 nostri

2039 1080 2213 1148 Opera
2267 1082 2459 1139 Latine
2513 1085 2565 1139 in
2615 1088 2857 1156 antiquis
2911 1088 3129 1143 Patrum
3204 1092 3607 1157 Bibliothecis,

2032 1189 2094 1229 ac
2145 1176 2197 1229 in
2235 1175 2541 1232 Coloniensi
2603 1193 2668 1232 ex
2720 1178 2955 1236 editione
2988 1183 3273 1248 Lansselii,
3304 1196 3357 1239 et
3397 1187 3450 1240 iu
3514 1204 3607 1241 no-

2029 1275 2142 1319 stra
2200 1267 2545 1339 Lugdunensi
2602 1285 2669 1324 ex
2737 1270 3070 1330 Corderiana
3134 1291 3325 1333 rursus
3384 1278 3602 1350 vulgata

2028 1368 2172 1413 sunt.

2099 1452 2497 1523 Antiquissima
2528 1457 2719 1512 horum
2756 1457 2993 1529 Operam
3048 1462 3225 1517 versio
3255 1463 3448 1518 Latina
3510 1480 3604 1521 ac-

2026 1552 2214 1597 curata
2242 1555 2329 1599 eSt
2370 1561 2399 1599 a
2431 1546 2598 1603 Scoto
2633 1548 2862 1619 Erigena
2887 1565 2981 1605 seu
3008 1550 3321 1621 Scotigena,
3351 1553 3444 1623 qui
3480 1569 3602 1609 eam

2025 1647 2089 1688 ex
2140 1638 2531 1707 manuscriptis
2576 1639 2781 1695 Graecis
2834 1642 2887 1696 in
2936 1644 3330 1697 monasterlum
3371 1645 3605 1701 Sandio—

2029 1725 2558 1795 nysianum,Carolo
2600 1730 2767 1789 Calvo
2799 1733 3122 1803 imperante,
3155 1733 3336 1790 allatis
3364 1735 3604 1797 adorna-

2028 1818 2124 1872 vit.
2166 1818 2293 1875 Haec
2349 1823 2533 1879 versio
2586 1840 2709 1879 cum
2764 1826 2887 1880 aliis
2944 1827 3296 1895 quibusdam,
3340 1829 3603 1883 nimirum

2020 1907 2167 1965 Petri
2210 1910 2504 1978 Sarrasini,
2531 1914 2806 1972 Ambrosii
2848 1915 3309 1983 Camalduleusis,
3341 1929 3396 1974 et
3446 1919 3598 1985 Mar;-

2020 2002 2126 2057 silii
2161 2005 2335 2061 Ficini
2380 2007 2524 2067 edita
2572 2021 2658 2063 est
2694 1988 2935 2067 Colonia)
2975 2028 3117 2068 anno
3166 2013 3323 2069 1546.
3393 2014 3602 2069 Eodem

2020 2108 2161 2149 anno
2192 2096 2295 2150 alia
2325 2099 2572 2154 Clauseri
2615 2103 2794 2157 studio
2831 2104 3183 2174 Argentorati
3234 2107 3439 2177 prodiit
3468 2126 3484 2162 :
3516 2120 3603 2164 at-

2017 2199 2123 2253 que
2168 2188 2359 2243 cadent
2413 2191 2464 2245 in
2516 2194 2651 2260 urbe
2713 2193 2999 2251 Perionius
3063 2215 3207 2253 anno
3244 2199 3376 2254 1557
3439 2215 3599 2255 suam

2016 2278 2257 2349 vulgavit
2314 2297 2436 2350 qua;
2488 2300 2631 2339 anno
2682 2287 2821 2342 1585
2892 2288 3141 2360 Lugduni
3197 2308 3388 2347 rursus
3440 2294 3600 2361 prelo

2016 2366 2260 2437 subjecta
2297 2381 2403 2425 est.
2459 2372 2581 2429 Illas
2626 2389 2957 2445 exceperunt
3010 2382 3187 2436 versio
3215 2381 3511 2448 Lansselii,
3569 2399 3601 2439 e

2005 2460 2281 2517 Societate
2336 2463 2463 2520 Jesu
2501 2468 2834 2539 presbyteri,
2868 2470 3093 2528 Parisiis
3124 2475 3399 2543 publicata
3450 2491 3599 2529 anno

2016 2550 2176 2618 1625,
2236 2568 2301 2608 ac
2333 2555 2546 2610 demum
2591 2556 2837 2614 Corderii
2903 2563 3161 2632 theologi,
3208 2563 3449 2632 ejusdem
3496 2566 3599 2621 So-

2016 2643 2231 2700 cietatis
2261 2648 2520 2716 doctoris,
2544 2665 2665 2720 quae
2693 2654 3005 2724 Antuerpia}
3029 2657 3169 2712 1655
3193 2658 3393 2713 emissa
3418 2667 3508 2713 est
3540 2661 3595 2713 in

2014 2736 2210 2793 lucem.

2083 2826 2255 2885 Porro
2285 2841 2467 2887 autem
2521 2834 2609 2888 vix
2663 2836 2764 2889 alia
2821 2838 3061 2909 reperias
3112 2848 3427 2894 sanctorum
3482 2838 3593 2893 Pa-

2015 2930 2156 2976 trum
2225 2939 2416 2994 opera,
2478 2928 2678 2995 quibus
2730 2928 3068 2987 illustrandis
3130 2942 3187 2987 et
3252 2936 3595 3004 exponendis

2013 3012 2279 3080 majorem
2357 3017 2658 3086 scriptores
2728 3023 3013 3089 posuerint
3071 3038 3317 3092 operam.
3381 3023 3596 3080 Prmter

328 3086 412 3140 bis
452 3086 782 3139 desiderium
818 3089 1054 3156 reliquit.
1088 3087 1145 3140 In
1179 3087 1263 3140 his
1304 3098 1486 3142 autem
1526 3098 1905 3155 numerantur,
1934 3136 1977 3193 ϐ
2014 3116 2346 3173 ιηεηιοταιρε
2374 3107 2519 3160 enim
2556 3086 2859 3173 versfo'nes’
2893 3112 3047 3168 mum
3102 3086 3154 3167 ίη
3194 3115 3294 3170 has
3344 3116 3595 3170 Macris

328 3172 463 3193 mh
502 3173 661 3193 πμ
762 3177 771 3188 .
850 3177 881 3193 ,.
1036 3177 1081 3193 ,η
1300 3176 1312 3193 ,
1462 3177 1486 3187 -
1545 3180 1570 3193 η
1654 3181 1673 3193 η
1853 3179 1879 3190 -

328 3172 464 3226 liber
494 3173 569 3226 De
594 3176 802 3243 hymnis
828 3177 1015 3230 divinis
1036 3177 1100 3242 °°,
1134 3177 1268 3230 liber
1287 3176 1358 3228 ἐν
1386 3177 1515 3245 ταῖς
1536 3179 1907 3248 θεολογικαῒς

325 3262 761 3320 ὑποτυπώσεσι
783 3269 850 3332 δί,
897 3269 975 3322 De
1006 3270 1471 3338 informationibus
1522 3270 1733 3336 divinis,
1769 3270 1905 3326 liber

331 3362 404 3415 De
437 3366 725 3433 symbolice
785 3366 1045 3434 theologia
1076 3367 1147 3431 '5',
1177 3368 1316 3421 liber
1346 3367 1423 3421 De
1456 3368 1638 3421 anima
1669 3367 1739 3432 ⁸³,
1766 3366 1905 3421 liber

326 3457 401 3508 De
424 3457 571 3524 justo
596 3458 869 3526 divinaque
887 3458 1095 3525 judicio
1122 3458 1189 3511 ⁸⁸.
1213 3459 1353 3513 liber
1375 3458 1449 3512 De
1472 3460 1534 3513 iis
1558 3476 1676 3530 qum
1704 3459 1796 3513 sub
1821 3461 1905 3513 in-

325 3549 586 3600 tellectum
635 3558 683 3601 et
713 3565 923 3602 sensum
970 3552 1163 3602 cadunt
1195 3550 1264 3606 ⁸³.
1324 3551 1390 3604 Et
1431 3553 1475 3605 si
1514 3553 1636 3607 divo
1670 3552 1903 3606 Maximo

326 3640 461 3695 ﬁdes
520 3642 773 3698 habenda
827 3642 966 3695 liber
1001 3641 1077 3694 De
1107 3643 1262 3711 legali
1306 3644 1603 3697 hierarchia
1637 3645 1705 3709 ⁸⁸,
1751 3656 1805 3698 et
1831 3645 1900 3698 li-

324 3732 419 3785 ber
445 3731 523 3785 De
550 3735 800 3803 angelicis
824 3734 1246 3787 ordinationibus
1277 3744 1327 3787 et
1371 3736 1779 3804 praprietatibus
1804 3736 1847 3767 ⁸⁷
1877 3752 1893 3790 :

321 3823 415 3875 sed
455 3834 763 3892 postremus
820 3825 910 3879 ille
939 3826 1074 3880 liber
1122 3840 1232 3879 non
1277 3826 1415 3880 alius
1445 3827 1511 3881 ab
1542 3827 1659 3897 ipso
1686 3826 1763 3882 De
1791 3843 1898 3882 σαῖς

318 3916 434 3967 testi
470 3917 767 3971 hierarchia
819 3917 961 3972 libro
1011 3918 1257 3986 pluribus
1292 3919 1582 3973 videbitur.
1630 3919 1897 3975 Caeterum

319 4022 385 4059 ea
418 4007 519 4060 fuit
566 4024 755 4063 eorum
815 4012 1084 4067 librorum
1140 4012 1362 4081 jactura
1414 4023 1473 4066 ut
1527 4013 1671 4066 nulla
1708 4028 1895 4069 eorum

320 4102 528 4153 mentio
560 4103 877 4171 nullumque
926 4114 1101 4159 exstet
1129 4106 1442 4175 vestigium,
1480 4106 1586 4160 nisi
1619 4106 1671 4159 in
1698 4106 1895 4162 iisdem

320 4193 561 4246 auctoris
595 4194 766 4247 nostri
793 4195 1078 4263 Operibus,
1113 4197 1197 4249 vel
1234 4199 1379 4265 quod
1411 4198 1650 4261 ipsorum
1700 4198 1895 4253 fultum

320 4300 426 4338 non
453 4286 525 4338 sit
564 4286 900 4340 testimonio.

901 4376 1130 4433 CAPUT
1188 4380 1331 4436 XXI.

2010 3198 2185 3251 nostri
2239 3196 2650 3255 lucubrationes
2716 3204 3005 3258 ediderunt
3068 3206 3316 3271 scholia,
3382 3217 3592 3270 notas,

2008 3289 2415 3345 observationes
2463 3302 2517 3346 et
2576 3296 2961 3364 paraphrases.
3010 3298 3074 3352 Et
3129 3314 3262 3353 vero
3298 3300 3593 3370 Dionysius

2007 3378 2217 3434 Rhetor
2266 3392 2319 3437 et
2366 3382 2602 3441 Joannes
2633 3386 3109 3458 ScytltOpolitanus
3139 3403 3297 3447 sexto
3324 3392 3590 3448 Ecclesiae

2007 3474 2205 3528 szeculo
2230 3477 2479 3544 quaidam
2508 3477 2559 3531 in
2598 3492 2693 3533 eas
2734 3481 2939 3535 scholia
2966 3487 3409 3555 conscripserunt
3441 3502 3456 3540 :
3490 3488 3588 3542 sed

2004 3579 2192 3619 eorum
2231 3567 2285 3620 in
2337 3570 2549 3638 primis,
2580 3588 2700 3643 qua:
2738 3590 2765 3625 a
2821 3575 3080 3647 Dionysio
3123 3578 3369 3649 profecta
3430 3590 3585 3645 sunt,

2001 3658 2276 3726 jacturam
2320 3663 2579 3730 patimur.
2634 3664 2881 3735 Septimo
2913 3668 3113 3723 saeculo
3151 3681 3379 3725 sanctus
3408 3671 3585 3726 Maxi-

2005 3766 2144 3816 mus,
2191 3762 2402 3823 martyr
2450 3754 2864 3824 celeberrimus,
2922 3761 3131 3815 scholia
3183 3762 3354 3817 etiam
3403 3766 3582 3818 conti-

2005 3858 2112 3898 nua
2143 3854 2197 3900 et
2242 3846 2493 3902 uberiora
2538 3855 2862 3920 composuit.
2897 3851 2967 3909 lis
3024 3865 3205 3909 autem
3261 3871 3440 3927 neque
3483 3857 3582 3913 do-

2003 3940 2202 4008 ctrina,
2240 3958 2412 4013 neque
2444 3944 2600 4009 ritus,
2631 3958 2686 4001 et
2709 3948 2992 4017 disciplina
3029 3950 3098 4004 ab
3135 3963 3360 4005 auctore
3388 3960 3582 4007 nostro

2004 4031 2201 4086 tradita
2245 4034 2608 4103 explicantur,
2648 4038 2741 4091 sed
2773 4040 3022 4107 quaedam
3075 4042 3129 4095 iu
3192 4053 3452 4097 auctores
3510 4045 3583 4097 ab

2002 4120 2094 4176 illo
2146 4124 2340 4180 citatos:
2393 4125 2793 4195 observantur,
2856 4131 3055 4199 quibus
3136 4120 3409 4188 Maximus
3464 4135 3581 4189 haec

1998 4215 2202 4283 scripta
2269 4215 2526 4288 Dionysio
2597 4220 2942 4291 Areopagitze
3005 4225 3290 4279 vindicare
3344 4238 3579 4284 conatus

1998 4315 2101 4359 est.
2157 4306 2212 4360 In
2279 4308 2526 4377 plurimis
2564 4322 2745 4367 autem
2778 4316 3000 4369 scholiis
3051 4332 3114 4371 ea
3164 4332 3284 4385 qua:
3331 4318 3386 4373 in
3421 4329 3574 4373 textu

1985 4395 2228 4451 auctoris
2290 4400 2567 4454 attention
2632 4402 3069 4460 consideratione
3124 4406 3349 4476 legenda
3396 4415 3568 4473 sunt,

313 4466 392 4521 De
419 4467 751 4551 εάίεῖοηίίῇηε,
777 4482 826 4523 ει
848 4472 1187 4569 ξειξιξίοίζξθαξ
1216 4480 1515 4569 ειίνιιηιίίῇηι
1549 4476 1803 4569 ρΡενιιηιι
1832 4494 1894 4531 ac
1924 4475 2240 4545 Domnihus
2286 4493 2764 4553 animadvertenda
2828 4502 3102 4568 pr0ponit.
3163 4466 3296 4566 (inae
3345 4501 3570 4569 quidem

547 4541 710 4592 variis
735 4541 790 4593 in
816 4552 877 4594 ea
898 4542 1112 4595 scholiis
1140 4555 1187 4597 et
1216 4541 1681 4600 observationibus.

383 4649 502 4704 .Iam
538 4666 667 4707 vero
698 4663 755 4708 ut
790 4655 858 4709 ad
893 4655 1350 4727 Dionysianornm
1407 4656 1645 4726 Operum
1702 4660 1895 4714 editio-

1980 4581 2166 4635 omnia
2218 4597 2493 4639 summam
2545 4588 2787 4656 ejusdem
2833 4590 3077 4653 Maximi,
3131 4592 3265 4645 tanti
3317 4592 3572 4646 videlicet

1982 4674 2256 4745 martyris,
2284 4674 2539 4745 pietatem
2572 4690 2626 4735 et
2650 4684 3068 4739 sanctimoniam
3095 4684 3321 4738 omnino
3351 4685 3569 4753 spirant

314 4758 409 4798 nes
450 4746 749 4812 veniamus,
776 4763 838 4801 ea
881 4752 1021 4819 typis
1061 4751 1265 4806 Graecis
1313 4766 1513 4807 excusa
1573 4764 1703 4809 sunt
1736 4754 1897 4809 Basi-
1978 4774 2031 4819 ρι
2065 4766 2330 4821 redolent,

312 4836 407 4889 lete
456 4839 787 4903 ³111101559,
815 4839 1051 4895 Colonia:
1088 4842 1246 4907 1577,
1276 4843 1449 4898 Paris.
1516 4846 1676 4910 1565,
1715 4845 1895 4903 Vene-

313 4928 593 4995 tiis1558,
620 4938 674 4984 et
715 4932 857 4998 apud
914 4933 1214 4990 Morellium
1271 4951 1414 4992 anno
1457 4939 1615 4993 1562.
1680 4938 1891 4997 Latinis

309 5036 440 5075 vero
461 5022 623 5076 simul
650 5024 955 5093 acGraacis,
989 5027 1213 5101 Parisiis
1244 5046 1387 5085 anno
1421 5032 1583 5098 1615,
1611 5044 1666 5088 et
1700 5051 1890 5088 rursus

310 5110 510 5166 ibidem
554 5114 716 5178 1644,
773 5129 828 5171 et
858 5108 1173 5189 Antuerpiai
1206 5138 1350 5176 anno
1404 5123 1564 5179 1665.
1625 5124 1886 5193 Quaedam

310 5215 499 5259 autem
538 5222 603 5260 ex
652 5208 737 5263 his
763 5212 1019 5278 operibus
1048 5214 1342 5282 separatim
1371 5218 1514 5271 edita
1552 5230 1700 5279 sunt.
1726 5222 1887 5273 nitui-

307 5313 427 5354 rum
459 5301 581 5354 libri
621 5306 751 5366 duo,
784 5306 922 5360 alter
952 5305 1029 5358 De
1054 5308 1274 5376 mystica
1309 5310 1594 5377 theologia,
1642 5313 1782 5368 alter
1814 5314 1889 5367 De

307 5396 501 5451 diuinis
528 5399 1027 5465 nominibus,Mars.
1063 5403 1251 5458 lt‘icino
1285 5406 1587 5475 interprete
1614 5418 1667 5463 et
1698 5412 1888 5479 expla-

307 5499 520 5556 natore,
549 5489 795 5552 Venetiis
824 5509 967 5551 anno
989 5496 1147 5561 1558,
1178 5508 1343 5566 atque
1361 5499 1502 5555 inter
1533 5500 1706 5570 Opera
1735 5506 1883 5573 ejus-

2063 4850 2452 4921 Pachymerius
2510 4855 2883 4922 paraphrasnn
2938 4870 3034 4908 seu
3095 4854 3567 4909 Commentariun:

1993 4959 2047 4996 tn
2101 4946 2290 4998 eadem
2374 4945 2615 5016 Dionysii
2663 4950 2837 5017 Opera
2890 4952 3156 5017 scripsit,
3218 4949 3311 5018 qui
3363 4965 3556 5003 meum.

1995 5038 2130 5091 ratis
2175 5038 2395 5092 Maximi
2440 5041 2664 5094 scholiis
2691 5041 2888 5109 saepius
2936 5042 3301 5111 subjungitur.
3366 5040 3562 5097 Postea

1995 5145 2124 5184 vero
2157 5131 2309 5201 Hngo
2334 5149 2363 5186 a
2391 5134 2595 5188 Sancto
2619 5132 2840 5186 Victore
2861 5174 2876 5196 ,
2905 5133 3164 5190 Albertus
3182 5134 3439 5206 Magnus,
3485 5137 3567 5190 di-

1994 5238 2093 5275 vus
2118 5223 2326 5279 'l‘homa
2388 5225 2653 5293 Aquinas,
2707 5226 2999 5295 Dionysius
3062 5225 3464 5282 Carthusianus
3512 5239 3569 5281 et

1992 5318 2214 5385 quidam
2252 5317 2342 5370 alii
2375 5317 2632 5371 nonnulla
2668 5320 2719 5373 in
2747 5318 3008 5386 quasdam
3045 5318 3287 5389 ejusdem
3322 5322 3571 5375 auctoris

1992 5410 2399 5465 lucubrationes
2422 5415 2781 5479 scripserunt.

2064 5502 2330 5559 Praeterea
2370 5506 2663 5561 editionem
2693 5513 3009 5563 eorumdcm
3045 5506 3281 5576 Operum
3313 5506 3566 5561 Latinam

381 5671 427 5701 5°
461 5671 534 5726 De
564 5678 676 5754 ςωί.
710 5678 842 5730 hier.
864 5694 996 5757 .cap.
1232 5680 1307 5732 De
1330 5680 1495 5757 divin.
1533 5683 1767 5757 nomin.,_
1791 5698 1908 5751 cap.
1945 5684 1996 5748 1,
2020 5683 2055 5757 ἓξ
2078 5693 2133 5738 et
2161 5686 2249 5757 11_,
2275 5696 2329 5741 et
2350 5685 2441 5740 lib.
2471 5666 2722 5757 Deintyst.
2747 5688 2929 5751 theol.,
2962 5705 3081 5757 cap.
3116 5690 3202 5743 12.
3281 5689 3325 5721 ⁶¹
3359 5689 3432 5745 De
3479 5690 3568 5743 di-

308 5741 671 5828 Pin;'ll(‘)rlltllz,
696 5763 821 5828 gap.
860 5748 908 5828 1.,
937 5741 992 5814 λ,
1025 5750 1081 5828 ξ).
1128 5750 1215 5812 15.
1243 5761 1294 5803 et
1326 5748 1400 5828 De
1446 5753 1813 5828 nt_y_st_.‘t_h‘eol..
1858 5741 1994 5828 cap;
2031 5754 2085 5815 2.
2123 5766 2176 5828 et
2201 5741 2376 5828 Epist.
2425 5759 2493 5807 ad
2542 5741 2649 5813 Tit:
2727 5760 2770 5788 ⁸³
2794 5760 2870 5811 De
2905 5741 3299 5825 diviti..toinin.,
3329 5741 3451 5828 cap.
3484 5741 3560 5815 ‘74.

309 5811 356 5841 “
388 5811 527 5867 Ibid.
607 5815 652 5846 "
684 5811 986 5874 De'eccles.
1020 5819 1174 5884 hicn,
1213 5836 1331 5889 cap.
1364 5821 1414 5874 1.

1493 5822 1536 5852 ⁸⁵
1562 5821 1729 5891 Ibid.,
1769 5839 1886 5892 cap.
1931 5825 1965 5878 5

2062 5828 2107 5863 θ’
2132 5826 2207 5881 De
2245 5827 2410 5882 divin.
2455 5829 2678 5897 nomin.,
2711 5842 2831 5898 cap.
2859 5830 2908 5882 ει.
