3748 6314
159 377 231 433 53
1509 368 2040 428 PROLEGOMENA.
3349 358 3421 415 διο

158 491 435 547 habemus
466 490 698 549 Parisiis
735 493 873 565 typis
893 492 1114 549 ﬂenrici
1143 491 1408 561 Stephani
1440 507 1580 545 anno
1610 489 1748 544 1515
1779 497 1819 549 Α
1855 484 2045 539 nullibi
2095 497 2330 552 unquam
2390 489 2581 535 auctor
2632 491 2821 534 nos1er
2879 474 3123 534 tradidit.
3180 474 3247 531 Et
3273 487 3422 530 certe

160 599 450 649 excusant,
496 600 619 655 quae
686 585 993 640 versionem
1036 585 1308 641 Ambrosii
1360 584 1745 640 Camaldnlen-

161 680 267 742 sis,
313 686 481 733 notas
536 678 700 733 Fabri
762 677 1117 747 Stapulensis,
1168 689 1223 732 et
1275 676 1740 732 commentarium

160 765 357 822 «Ιυάοοί
386 766 686 823 Clichtovei
732 768 1133 838 complectitur.
1186 768 1360 823 Porro
1379 767 1542 822 Fabri
1579 767 1745 822 scho-

164 859 234 913 lia
270 860 470 929 saepius
506 860 559 913 in
608 859 799 929 vulgus
850 861 1195 929 prodierunt,
1246 858 1600 931 Argentorati
1652 873 1748 911 an-

163 968 237 1005 no
281 951 428 1007 N98
448 961 503 1007 et
531 952 688 1019 1502,
743 963 800 1008 et
845 953 1072 1008 Parisiis
1128 951 1287 1007 1505.
1346 952 1403 1006 In
1445 951 1512 1005 iis
1564 959 1747 1004 autem

164 1043 350 1099 Faber
406 1045 712 1099 versionem
754 1045 1026 1125 Ambrosii
1071 1043 1505 1100 Camaidulensis
1533 1050 1628 1096 aut
1683 1040 1748 1095 il-

164 1136 723 1206 lustratautcorrigit
750 1158 763 1192 :
789 1146 950 1205 atque
976 1148 1036 1190 ut
1067 1136 1118 1189 id
1142 1146 1427 1205 praestaret
1458 1133 1745 1204 integrius,

163 1228 378 1285 Graecis
404 1228 813 1297 manuscriptis,
833 1243 953 1299 qua!
980 1228 1033 1283 in
1062 1228 1394 1297 Dionysiano
1415 1226 1749 1280 monasterio

163 1321 557 1385 servabantur,
595 1335 726 1374 usus
753 1327 859 1373 est.

241 1410 413 1466 Notas
434 1411 487 1465 in
517 1410 726 1481 singula
751 1409 990 1481 Dionysii
1022 1409 1195 1479 Opera
1214 1409 1458 1463 omnium
1487 1407 1750 1461 maximas

158 1508 276 1574 jam
313 1503 573 1573 pra-fatus
595 1502 889 1557 Corderius
910 1502 1235 1572 divulgavit,
1295 1516 1484 1569 eatque
1510 1502 1578 1554 ab
1634 1500 1753 1569 ipso

160 1598 477 1665 theologica:
508 1597 873 1667 appellantur.
932 1596 1000 1650 Et
1054 1611 1111 1649 re
1134 1596 1353 1665 quidem
1386 1596 1501 1663 ipsa
1540 1593 1645 1647 illa:
1681 1592 1750 1645 ad

168 1689 502 1758 theologiam
548 1690 928 1744 scholasticam
961 1687 1255 1757 pertinent,
1305 1686 1555 1754 atquein
1610 1684 1748 1749 illis,

163 1782 371 1851 quibus
408 1782 605 1836 librum
636 1783 712 1837 De
737 1784 923 1837 divinis
966 1781 1263 1835 nominibus
1289 1779 1565 1833 illustrare
1614 1791 1752 1832 con-

165 1876 373 1941 tendit,
397 1874 571 1933 fusius
600 1878 934 1946 uberiusque
968 1877 1231 1946 disputat.

747 1968 977 2026 CAPUT
1016 1966 1183 2022 XXII.

528 2062 693 2117 Nam
741 2062 985 2131 quwdam
1027 2062 1434 2115 observationes.

237 2156 444 2210 Auctor
471 2154 730 2211 Hebraice
766 2156 1045 2210 nesciebat.
1098 2153 1329 2209 —Nulli
1367 2152 1751 2224 iniucundum,

165 2263 267 2303 nec
293 2246 522 2302 forsitan
551 2247 740 2302 inutile
758 2246 863 2301 erit
886 2245 969 2300 his
990 2245 1465 2301 observationibus
1502 2242 1752 2314 quaedam

167 2340 431 2409 adjicere,
467 2355 588 2409 quae
611 2337 912 2392 attentione
965 2337 1146 2406 aliqua
1170 2352 1277 2390 non
1332 2335 1496 2406 plane
1522 2336 1744 2405 indigna

167 2430 519 2487 videbuntur.
569 2430 805 2483 Primum
835 2430 982 2484 enim
1013 2438 1209 2483 auctor
1252 2438 1438 2481 noster
1466 2425 1738 2480 llebraice

170 2523 473 2587 nesciebat,
514 2523 713 2592 quippe
753 2522 844 2591 qui
884 2522 971 2576 ubi
1004 2521 1292 2576 nonnullas
1344 2518 1737 2574 Hebraicorum

170 2616 470 2668 verborum
520 2612 1006 2682 interpretationes
1047 2610 1227 2673 alfert,
1263 2608 1543 2679 subiungit
1570 2607 1749 2660 conti-

168 2717 281 2757 nuo
303 2702 350 2735 ⁸⁸
377 2720 390 2756 :
424 2702 683 2757 Hebraice
711 2703 866 2774 periti
916 2704 1089 2767 aiunt,
1123 2701 1207 2757 vel
1235 2719 1249 2756 :
1292 2698 1363 2753 Ili
1385 2700 1476 2769 qui
1497 2697 1757 2753 Hebraice

171 2806 391 2849 norunt.

241 2889 519 2943 Praeterea
539 2889 763 2943 dubium
790 2889 964 2943 adhuc
992 2894 1046 2942 et
1072 2896 1337 2941 incertum
1357 2900 1477 2941 esse
1504 2884 1748 2950 videtur,

172 2990 359 3033 utrum
420 2981 504 3034 hae
562 2995 725 3035 v0ces
785 2995 904 3048 quae
965 2980 1017 3034 in
1069 2979 1330 3035 librorum
1386 2974 1759 3046 inscriptioni-

172 3072 275 3126 bus
331 3072 621 3139 leguntur,
677 3070 760 3137 Τῷ
784 3072 1292 3141 συμπρεσϐυτέρῳ
1328 3070 1580 3139 Τιμοθέῳ
1627 3070 1757 3122 Διο-

171 3164 412 3229 νύονιος,
446 3165 516 3218 ab
551 3176 774 3219 auctore
824 3167 939 3234 ipso
987 3163 1245 3233 profectae
1296 3164 1423 3218 sint.
1470 3162 1571 3230 Qui
1611 3160 1756 3216 enim

172 3257 290 3309 ﬁeri
324 3258 505 3325 potuit
535 3266 590 3310 ut
624 3256 715 3312 ille
766 3258 818 3310 in
852 3254 1093 3325 Operam
1118 3271 1340 3309 suorum
1400 3254 1575 3309 titulis
1600 3254 1757 3307 adbi-

174 3348 359 3402 buerit
394 3348 794 3415 πρεσϐύτερος
848 3362 1055 3414 vocem,
1121 3362 1226 3415 qua
1270 3345 1462 3399 nullibi
1511 3359 1753 3413 unquam

174 3441 226 3495 in
295 3441 491 3495 iisdem
552 3439 820 3508 Operibus
868 3440 981 3493 suis
1028 3439 1105 3493 uti
1152 3437 1431 3491 voluerit?
1484 3436 1756 3490 Dissimu-

172 3532 289 3586 lare
342 3543 524 3586 tamen
594 3549 697 3586 non
745 3546 1033 3599 possumus
1084 3532 1303 3586 easdem
1369 3529 1755 3596 inscriptiones

172 3625 369 3676 eodem
420 3623 579 3677 modo
606 3623 658 3676 in
715 3620 923 3677 Grzceis
973 3636 1039 3676 ac
1096 3619 1308 3676 Latinis
1357 3616 1754 3686 manuscriptis

176 3726 350 3785 atque
408 3713 464 3768 in
499 3716 659 3769 editis
700 3716 988 3779 exhiberi;
1025 3715 1120 3768 scd
1187 3714 1240 3768 in
1296 3713 1579 3767 codicibus
1652 3710 1756 3765 illis

175 3823 341 3860 manu
372 3809 634 3874 exaratis,
666 3823 894 3878 quorum
921 3806 1284 3875 antiquissimi
1321 3814 1540 3859 aetatem
1576 3802 1751 3857 sancti

175 3898 399 3951 Maximi
460 3914 565 3952 non
607 3910 911 3967 superant,
960 3914 1127 3952 voces
1186 3894 1563 3966 hujuscemodi
1616 3910 1644 3946 a
1682 3893 1749 3948 li-

173 3990 379 4045 brariis
443 3989 811 4059 scriptoribus
838 3991 889 4043 in
919 3991 1106 4045 titulos
1129 3988 1285 4043 facile
1308 3986 1514 4040 intrudi
1559 3995 1753 4055 potue~

177 4092 324 4137 runt.
361 4081 562 4138 Verum
594 4085 690 4137 has
718 4083 1063 4153 conjecturas
1088 4065 1305 4135 nostras
1334 4080 1569 4133 aliorum
1602 4077 1753 4146 judi-

176 4177 264 4230 cio
286 4176 525 4229 libenter
548 4176 934 4243 permittimus.

242 4267 322 4321 De
354 4270 590 4335 capitum
629 4267 1034 4323 summariis.—
1059 4264 1207 4319 Idem
1233 4276 1446 4334 quoque
1463 4261 1751 4317 dicendum

174 4361 239 4415 de
281 4365 526 4430 capitum
557 4361 890 4423 summariis,
944 4370 1003 4412 ut
1040 4368 1257 4421 vocant,
1314 4357 1621 4422 sententiis,
1657 4370 1755 4410 seu

177 4454 545 4525 argumentis,
579 4469 698 4521 quae
755 4452 806 4504 in
863 4450 1248 4520 manuscriptis
1298 4460 1352 4502 et
1406 4449 1571 4504 editis
1597 4448 1754 4501 libris

1852 576 1903 630 id
1949 576 2177 631 cuilibet
2220 574 2378 629 facile
2409 573 2826 643 persuadebitur
2847 612 2863 639 ,
2892 571 2937 626 si
2965 570 3149 625 animo
3175 568 3425 629 attendat

1851 683 1957 721 non
2004 666 2169 721 alium
2216 666 2501 735 scriptoris
2559 666 2732 720 nostri
2792 679 3023 733 scopum
3070 676 3192 717 esse
3256 674 3426 730 quam

1850 754 2273 810 ecclesiasticam
2319 754 2686 809 hierarchiam
2718 793 2734 819 ,
2774 752 3032 823 angelica:
3082 759 3139 805 et
3183 748 3426 807 ccclesiis

1855 848 2043 913 instar,
2077 846 2129 900 in
2163 854 2273 902 tres
2298 853 2525 910 tantum,
2547 844 2952 912 episcoporum,
2979 840 3420 911 presbyterorum

1849 950 1905 994 et
1923 940 2295 1005 diaconorum,
2315 954 2344 992 a
2370 937 2526 993 nobis
2546 950 2710 1005 supra
2728 944 3185 988 commemoratos
3206 930 3426 986 ordines

1851 1030 2235 1099 distinguendi.

1923 1122 2000 1178 De
2021 1123 2211 1177 ritibus
2272 1123 2659 1191 prtem-missis.
2683 1149 2755 1159 —-
2791 1117 2976 1186 Neque
3012 1117 3179 1171 etiam
3231 1126 3426 1170 omnes

1852 1216 2210 1271 czeremonias
2234 1224 2292 1270 et
2318 1215 2479 1281 ritus,
2514 1214 2659 1268 sicut
2712 1210 2895 1281 operis
2945 1208 3066 1279 ejus
3132 1204 3425 1261 consili-nn

1852 1305 2026 1374 magis
2083 1303 2361 1372 postulare
2432 1303 2764 1368 videbatur,
2823 1300 2879 1355 iu
2952 1306 3424 1354 sacramentorum

1851 1397 2329 1451 administratione
2359 1394 2643 1449 observari
2694 1392 2889 1448 solitos
2943 1388 3033 1445 ille
3082 1400 3425 1444 commemo-

1856 1499 1960 1544 rat.
2023 1490 2097 1545 De
2150 1489 2581 1545 confirmationis
2653 1486 2801 1539 enim
2875 1488 3226 1539 sacramento
3302 1485 3429 1547 post

1854 1581 2199 1651 baptisman
2244 1578 2680 1635 administrando
2734 1575 2823 1631 ubi
2889 1574 3168 1642 disputat,
3219 1570 3426 1623 nullum

1855 1671 1922 1726 de
1950 1687 2204 1725 manuum
2223 1670 2568 1740 impositione
2598 1668 2823 1722 verbum
2855 1664 3008 1720 fecit.
3041 1663 3217 1719 Nemo
3243 1671 3425 1716 tamen

1857 1761 2031 1815 nescit
2061 1776 2180 1817 eam
2231 1760 2299 1813 ab
2337 1760 2603 1829 apostolis
2657 1772 2957 1826 eorumque
3020 1752 3430 1810 successoribus

1782 1852 1827 1906 B
1853 1855 2021 1909 fuisse
2050 1854 2369 1908 adhibitam.
2403 1851 2541 1918 Quid
2568 1852 2712 1920 quod
2744 1860 2799 1905 et
2829 1851 2945 1918 ipse
2981 1848 3037 1902 in
3071 1848 3213 1903 libro
3244 1844 3318 1899 De
3344 1860 3431 1897 ec-

1852 1947 2146 2001 clesiastica
2170 1948 2496 2012 hierarchin,
2540 1946 2591 1999 in
2645 1945 2890 2000 secunda
2938 1943 3205 2012 cujusque
3233 1939 3430 2009 capitis

1853 2049 2026 2109 parte,
2059 2040 2148 2093 ubi
2181 2040 2247 2094 de
2273 2037 2650 2109 hujuscemodi
2689 2045 2900 2090 tantum
2938 2035 3137 2089 ritibus
3181 2031 3429 2094 disserit,

1854 2131 2143 2186 nonnullos
2181 2130 2547 2201 praetermisit,
2577 2143 2812 2200 quorum
2861 2126 3120 2195 deinceps
3176 2125 3230 2179 in
3264 2124 3426 2179 tertia

1855 2232 2012 2293 parte
2054 2222 2283 2278 refricat
2327 2223 2669 2278 memoriam.

1927 2315 2003 2371 De
2035 2320 2139 2372 ritu
2166 2317 2447 2387 singulari.
2469 2345 2541 2357 —
2565 2317 2641 2371 De
2664 2314 2991 2387 quibusdam
3039 2310 3203 2367 etiam
3260 2321 3433 2364 caere-

1855 2410 2054 2466 moniis
2078 2419 2298 2475 tractat,
2322 2424 2443 2480 qua:
2469 2410 2523 2464 in
2556 2422 2659 2463 sua
2690 2417 2898 2465 tantum
2923 2403 3169 2459 Ecclesia
3201 2410 3256 2457 et
3287 2416 3432 2456 non-

1857 2503 2020 2558 nullis
2065 2502 2294 2558 forsitan
2336 2502 2692 2557 vicinioribus
2721 2509 2881 2555 erant
2914 2499 2964 2553 in
2998 2513 3119 2552 usu.
3170 2494 3320 2549 Talis
3343 2503 3431 2549 est

1859 2596 1948 2651 ille
1974 2606 2082 2650 tam
2112 2595 2408 2665 singularis
2430 2593 2717 2648 duodecim
2739 2591 2939 2661 plumis
2953 2604 3171 2645 sacrum
3192 2587 3433 2644 chrisma

1857 2687 2201 2756 cooperiendi
2235 2688 2390 2743 ritus.
2447 2684 2581 2739 Illud
2641 2684 2804 2739 etiam
2838 2683 2891 2739 in
2952 2682 3133 2735 misste
3186 2679 3437 2736 celebra-

1860 2780 2007 2833 tione
2063 2778 2336 2847 peculiare
2387 2778 2604 2832 videtur
2652 2777 2824 2847 quod,
2868 2776 3111 2831 recitatis
3151 2771 3432 2828 defuncto-

1862 2886 1980 2924 rum
2046 2869 2398 2933 nominibus,
2460 2870 2616 2924 fieret
2673 2884 2931 2923 manumn
3003 2867 3177 2930 lotio,
3230 2876 3431 2923 conse-

1858 2962 2088 3017 crationi
2112 2962 2489 3017 eucharistica:
2528 2961 2942 3029 quamproxime
2973 2955 3372 3029 pratmittenda.

1929 3057 2006 3111 De
2026 3073 2151 3113 mss.
2170 3057 2368 3127 Reg.—
2392 3054 2581 3109 Plures
2607 3055 2909 3108 etiamnum
2926 3060 3145 3105 exstant
3163 3049 3216 3103 in
3236 3045 3434 3102 biblio-

1863 3149 2020 3204 theca
2070 3149 2235 3219 Begia
2296 3150 2491 3204 borum
2540 3145 2774 3217 Operam
2826 3142 3183 3212 manuscripti
3208 3140 3431 3197 codices

1862 3239 2060 3303 Graeci,
2075 3254 2306 3307 quorum
2326 3240 2648 3309 principuus,
2666 3252 2899 3293 numero
2919 3234 3062 3290 2262
3084 3235 3433 3295 subnotatus,

1857 3333 2100 3387 omnium
2133 3332 2406 3401 antiquior
2433 3340 2534 3397 est,
2566 3340 2622 3385 et
2644 3344 2911 3383 annorum
2933 3326 3038 3382 600
3065 3333 3282 3379 aetatem
3332 3336 3431 3377 no-

1858 3427 1941 3480 bis
1969 3424 2286 3495 praaseferre
2322 3424 2552 3477 videtur.
2615 3422 2693 3476 Ex
2740 3422 2844 3477 hoc
2882 3420 3072 3475 codice
3111 3418 3247 3483 solo,
3280 3415 3428 3480 aliis,

1858 3520 1949 3586 qui
1990 3515 2345 3585 sequentibus
2374 3515 2616 3569 numeris
2649 3522 2928 3575 nutantur,
2986 3524 3087 3565 nec
3142 3507 3428 3577 inspectis,

1859 3625 1958 3665 nec
1983 3610 2328 3672 examinatis,
2353 3623 2506 3664 suam
2536 3606 2836 3669 Morcllius,
2856 3605 2931 3658 uti
2960 3611 3207 3673 putatur,
3230 3601 3425 3656 editio-

1859 3716 1983 3755 nem
2017 3700 2324 3754 adornavit.

1930 3791 2008 3845 De
2035 3807 2161 3844 mss.
2189 3788 2525 3843 Colbertinis.
2550 3818 2620 3829 -—
2651 3789 2796 3844 Duos
2819 3788 2958 3843 alios
2984 3801 3050 3842 ex
3072 3780 3431 3843 celeberrima

1858 3878 2093 3934 Colberti
2130 3878 2459 3934 bibliotheca
2491 3879 2707 3933 codices
2754 3893 2923 3947 penes
2957 3891 3061 3932 nos
3114 3876 3433 3939 habuimus,

1860 3987 2090 4041 quorum
2142 3973 2311 4040 prior,
2342 3971 2658 4024 charactere
2701 3968 3108 4039 elegantissimo
3140 3975 3432 4029 exaratus,

1860 4073 2077 4117 aetatem
2120 4077 2271 4115 suam
2307 4062 2391 4115 bis
2443 4061 2643 4126 verbis,
2695 4060 2749 4113 in
2795 4059 2945 4114 calce
2987 4059 3134 4112 illius
3183 4057 3433 4125 adjectis,

1860 4155 2066 4207 indicat
2091 4170 2105 4207 :
2144 4151 2461 4223 Ἐτελειώοη
2491 4153 2523 4222 ἡ
2550 4150 2801 4223 παροῦσα
2828 4150 3009 4221 βίϐλος
3042 4149 3172 4221 μηνὶ
3201 4150 3433 4201 Ἰανουα-

1862 4247 1961 4319 ριῷ
2007 4247 2072 4312 ζ’,
2120 4248 2237 4299 ινδι.
2269 4253 2330 4311 ε’,
2367 4245 2511 4308 Etet;
2543 4251 2679 4316 ,gtp',
2726 4244 2777 4297 id
2837 4254 2920 4298 est
2962 4261 2976 4299 :
3019 4241 3295 4311 Perfectus
3358 4248 3436 4294 est

1860 4345 1945 4395 htc
1972 4343 2106 4395 hber
2148 4357 2321 4394 mense
2372 4339 2659 4405 Januario,
2694 4335 2826 4404 feria
2852 4336 3101 4405 septima,
3148 4332 3438 4388 indictione

1860 4449 1915 4490 v.
1953 4450 2091 4488 anno
2139 4434 2325 4487 mundi
2349 4432 2512 4487 6500.
2569 4432 2630 4485 lli
2684 4432 2789 4485 duo
2864 4430 3215 4482 characteres
3255 4422 3436 4479 Graeci

176 4546 425 4599 similiter
477 4553 794 4598 occurrunt.
855 4542 1014 4595 Plura
1081 4543 1282 4610 quippe
1357 4542 1596 4609 capitum
1654 4554 1744 4591 ar-

1916 4544 1941 4595 ρ
2012 4525 2067 4578 ἰιι
2094 4526 2281 4578 codice
2324 4525 2699 4591 manuscripto
2733 4524 2873 4575 inter
2900 4534 2960 4574 se
3013 4514 3434 4579 connexi,nibil

177 4649 471 4706 gnmenta,
541 4636 609 4689 ab
661 4637 727 4690 iis
786 4651 905 4703 qua:
978 4634 1031 4687 in
1096 4644 1244 4687 textu
1300 4642 1751 4703 pertractantur,

180 4730 637 4798 reprazscntandis
702 4728 838 4781 adeo
897 4734 1024 4781 sunt
1082 4726 1297 4788 aliena,
1358 4736 1417 4778 ut
1472 4740 1503 4777 a
1551 4722 1752 4792 quovis

179 4822 283 4874 alio
330 4820 514 4889 potius
549 4836 709 4888 quant
756 4820 826 4875 ab
886 4832 1112 4875 auctore
1159 4830 1345 4872 nostro
1396 4816 1601 4885 scripta
1635 4826 1754 4868 esse

178 4914 486 4966 videantur.

245 5006 324 5059 De
352 5004 625 5059 ordinibus
679 5004 993 5058 minoribus.
1012 5033 1081 5043 —-
1104 5003 1459 5059 Arbitrantur
1492 4998 1741 5054 nonnulli

177 5099 258 5152 his
294 5098 348 5152 in
402 5098 621 5166 scriptis
674 5099 910 5166 aliquam
966 5100 1233 5151 minorum
1290 5094 1547 5148 Ecclesia:
1597 5092 1750 5145 ordi-

176 5207 301 5244 num
336 5231 352 5255 ,
421 5204 577 5245 sacro
648 5190 936 5244 diaconatu
988 5189 1311 5243 inferiorum
1343 5225 1358 5249 ,
1418 5184 1751 5239 mentionem

177 5282 386 5336 haberi.
434 5282 507 5335 lis
570 5292 746 5335 tamen
805 5281 1053 5349 lectione,
1101 5298 1204 5351 qua
1252 5283 1547 5352 potuimus,
1595 5299 1757 5338 accu-

185 5377 386 5428 ratiore
424 5374 769 5439 examinatis,
812 5374 1015 5427 nullum
1061 5375 1219 5429 nobis
1268 5388 1455 5428 eormn
1497 5374 1749 5427 ordinum

178 5464 464 5534 vestigium
495 5464 640 5518 ullibi
667 5467 939 5534 apparuit.
966 5465 1087 5520 Non
1116 5480 1307 5520 sumus
1332 5465 1548 5534 quidem
1578 5464 1749 5518 nescri

180 5556 505 5610 mentionem
557 5555 627 5609 ibi
696 5556 811 5609 fieri
882 5566 1221 5621 cantorum;
1271 5557 1364 5609 sed
1419 5556 1748 5623 peculiarem

177 5648 466 5713 quemdam
525 5646 772 5698 ordinem
841 5659 908 5698 ex
953 5644 1020 5698 iis
1063 5644 1113 5697 in
1168 5643 1409 5697 Ecclesia
1464 5639 1724 5695 constitui

250 5823 293 5854 “
323 5822 397 5876 De
424 5824 616 5880 caelat.
651 5825 808 5890 hicn,
834 5838 954 5892 cap.
987 5825 1049 5891 7;
1079 5824 1152 5880 De
1176 5823 1362 5882 cedes.
1385 5821 1673 5887 Iiierarclt.,
1693 5834 1813 5888 cap.

1858 4619 2003 4671 aliud
2034 4618 2104 4672 ibi
2133 4616 2445 4685 signiﬁcare
2488 4615 2744 4693 videntur
2778 4624 2943 4681 quam
2999 4624 3206 4663 annum
3244 4605 3433 4660 mundi

1857 4709 1999 4764 6500
2028 4718 2082 4763 et
2109 4707 2310 4762 Christi
2335 4707 2460 4761 992.

1932 4802 2006 4853 De
2042 4820 2167 4854 mss.
2218 4800 2392 4853 Latin.
2437 4828 2506 4838 —
2532 4798 2589 4851 ln
2627 4797 2729 4851 hoc
2763 4808 2945 4849 autem
2983 4794 3173 4848 codice
3200 4789 3432 4859 adjectae

1857 4902 1982 4948 sunt
2021 4894 2190 4947 sancti
2242 4891 2461 4945 Maximi
2495 4898 2655 4952 notae,
2715 4888 2785 4942 ab
2841 4890 2925 4941 bis
2972 4900 3094 4956 qua:
3150 4884 3206 4939 in
3268 4882 3435 4938 editis

1858 4996 2127 5055 prostant,
2187 4986 2481 5056 plurimum
2541 4984 2941 5049 discrepantes.
3016 4977 3164 5044 Quas
3209 4976 3430 5046 quidem

1860 5082 2187 5135 variationes
2212 5094 2332 5132 cmn
2371 5092 2564 5131 onmes
2620 5076 2931 5129 describere
2990 5087 3095 5126 non
3130 5070 3432 5139 possimus,

1859 5177 1910 5229 id
1943 5173 2110 5229 semel
2141 5173 2463 5227 observasse
2504 5167 2756 5223 suﬂiciat.
2788 5165 2943 5220 Unde
2998 5173 3177 5216 autem
3198 5170 3320 5216 orta
3364 5161 3437 5213 sit

1858 5268 1948 5323 illa
1995 5274 2247 5319 notarum
2280 5260 2666 5329 discrepantia,
2700 5259 2744 5312 si
2773 5270 2952 5325 roges,
2979 5255 3130 5309 disce
3157 5270 3222 5309 ex
3259 5253 3433 5308 Atha-

1860 5359 1999 5413 nasii
2050 5356 2436 5413 testimonio,-a
2468 5353 2623 5406 nobis
2655 5366 2778 5405 mox
2832 5347 3186 5417 proferendo,
3220 5362 3329 5416 quo
3373 5360 3432 5402 se

1862 5451 2069 5509 scholia
2129 5448 2301 5505 sancti
2344 5446 2561 5498 Maximi
2622 5450 2678 5497 et
2722 5442 2950 5496 Joannis
2985 5439 3424 5511 Scytbopolitani

1862 5558 1892 5596 a
1918 5559 1975 5596 se
1995 5544 2223 5597 invicem
2245 5540 2559 5596 distinxisse
2586 5534 2840 5587 allirmat.
2869 5532 3006 5587 Hinc
3028 5534 3174 5587 enim
3209 5530 3434 5599 colliges

1859 5652 1921 5689 ea
1946 5635 2342 5705 imperitiorum
2377 5630 2725 5686 librariorum
2761 5628 2969 5683 incuria
2998 5627 3243 5696 potuisse
3271 5622 3434 5679 facile

1847 5817 1898 5883 4,
1926 5819 1990 5874 de
2025 5829 2155 5872 voce
2186 5810 2504 5881 Presbyteri.
