3748 6326
432 308 502 361 55

430 420 483 472 in
508 419 697 476 codice
745 423 1062 481 Colbertino
1087 429 1318 501 aliisque
1365 433 1613 503 pluribus

428 515 842 578 perturbatione
867 519 1145 576 confundi.

494 602 772 660 Posterior
789 609 1002 663 tandem
1022 613 1191 667 codex
1216 614 1559 676 Colbertinus
1578 636 1610 676 a
1629 625 1861 694 quodam
1880 643 1986 684 mo-

422 694 598 749 naebo
634 698 851 752 nomine
874 697 1140 772 Longino,
1180 720 1322 762 anno
1347 712 1557 775 mundi,
1591 725 1651 768 ut
1679 718 1749 772 ab
1790 720 1980 775 eodem

416 784 661 853 Longino
691 791 1039 860 subnotatur,
1059 795 1218 862 6780,
1238 798 1289 853 id
1320 810 1402 856 est
1423 801 1631 862 Christi
1652 823 1801 865 anno
1820 811 1974 877 1272,

414 878 718 948 descriptus
744 893 847 937 est.

483 968 557 1022 De
588 987 689 1028 ms.
742 972 1195 1046 Sandionysiano.
1221 981 1753 1049 —~Observabamus
1808 1009 1970 1065 supra

407 1063 671 1127 quosdam
704 1064 925 1122 Graecos
958 1072 1199 1139 codices,
1230 1072 1427 1132 Carolo
1455 1078 1623 1137 Calvo
1645 1084 1967 1155 imperante,

406 1152 458 1203 in
492 1152 678 1209 Sancti
731 1157 974 1230 Dionysii
1032 1180 1197 1233 prope
1254 1168 1521 1226 Lutetiam
1570 1183 1963 1236 monasterium

401 1242 567 1298 fuisse
591 1259 940 1319 asportatos;
991 1259 1084 1310 sed
1109 1256 1399 1327 lugendam
1423 1279 1609 1321 eorum
1645 1284 1768 1323 cum
1801 1284 1962 1328 caete—

396 1335 469 1388 ris
526 1336 695 1393 ferme
726 1343 978 1398 omnibus
1010 1347 1289 1406 ditissima:
1333 1355 1573 1425 ejusdem
1622 1361 1963 1421 bibliothecae

396 1430 782 1498 manuscriptis
823 1434 1092 1503 jacturam
1126 1443 1375 1503 fecimus.
1407 1448 1562 1504 Alius
1593 1455 1684 1521 qui
1713 1456 1785 1510 ibi
1812 1474 1959 1515 nunc

394 1516 642 1586 habetur,
672 1523 796 1579 illuc
814 1528 881 1582 ab
906 1529 1228 1598 imperatore
1248 1537 1491 1595 Manuele
1509 1516 1808 1617 Palieologo
1832 1551 1959 1606 mis-

388 1623 481 1662 sus
523 1623 620 1665 est.
663 1614 837 1683 Atque
866 1620 919 1674 in
970 1623 1199 1692 hujusce
1232 1630 1309 1685 rei
1351 1632 1510 1688 fidem
1556 1637 1671 1694 haec
1701 1641 1865 1696 verba
1898 1644 1952 1699 in

388 1697 493 1751 line
519 1699 760 1768 ejusdem
814 1709 957 1777 libri,
1017 1718 1111 1769 sed
1162 1734 1322 1774 manu
1370 1728 1669 1783 recentiori
1710 1732 1950 1801 subjecta

381 1796 509 1841 sunt
536 1805 551 1841 :
590 1809 609 1842 ε
641 1793 713 1847 Τὸ
740 1798 912 1869 παρὸν
934 1802 1137 1872 βιϐλίον
1180 1809 1461 1887 ἀπεστάλη
1500 1818 1650 1889 παρὰ
1675 1821 1772 1874 τοῦ
1806 1793 1951 1897 bdo;-

379 1882 597 1937 λοτάτου
633 1884 915 1956 βασιλέως,
951 1897 1045 1950 καὶ
1074 1882 1474 1976 αὑτοκράτοροξ
1529 1882 1820 1981 Ἱίωμαίων

376 1970 472 2039 ροῦ
498 1972 773 2048 ’Μανουὴλ
809 1982 904 2035 τοῦ
947 1970 1311 2059 Παλαιολόγου
1357 1970 1438 2059 sui;
1466 1997 1527 2051 τὸ
1575 1970 1943 2076 μουαστήριον

371 2061 466 2115 τοῦ
489 2066 665 2131 Ἀγίου
684 2071 960 2127 Διονυσίου
1008 2077 1087 2149 τῷ
1115 2080 1174 2135 ἐν
1214 2083 1473 2158 Παρυσιῳ
1507 2061 1608 2160 τῆξ
1660 2061 1943 2165 Φραῇιαξ

368 2152 401 2220 ἢ
437 2155 721 2228 Γαλατίας,
750 2164 859 2218 ἀπὸ
906 2167 1008 2237 τῆς
1041 2152 1660 2247 Κωνστανλτινουπόλέῷς
1699 2152 1940 2259 idesset;

367 2245 624 2322 Μανουὴλ
691 2254 788 2309 τοῦ
833 2259 1198 2335 Χρυσολωρᾶ,
1260 2271 1603 2341 πεμφθέντος
1641 2245 1940 2350 Ῠπρεσϐὲως

366 2342 519 2411 παρὰ
548 2346 643 2399 τοῦ
667 2350 957 2421 εἰρημένου
983 2356 1264 2428 βασιλέως,
1299 2364 1408 2419 ἔτει
1451 2368 1559 2422 ἀπὸ
1586 2342 1815 2440 acriost
1841 2342 1935 2433 x6;

363 2445 502 2498 σμου
531 2432 976 2513 ἑξακισχιλιοστῷ
1006 2448 1507 2529 ὲννεακισχιλιοστῷ
1537 2432 1930 2538 ἑξκαιδεκατῳ,

357 2520 467 2573 ἀπὸ
483 2527 807 2596 σαρκώσεως
827 2532 883 2585 δὲ
900 2535 995 2588 τοῦ
1008 2539 1213 2611 Κυρίου
1232 2520 1489 2621 χίλιοστῷ
1500 2520 1933 2630 τεέρακοσιοσέῷ

360 2610 554 2684 ὁγδοῷ.
577 2618 764 2685 Ὅστις
795 2625 1083 2697 εἰρημένος
1100 2610 1359 2701 βασιλεὺς
1386 2610 1519 2709 ἦλθε
1553 2610 1818 2717 πὲάτερον
1848 2610 1930 2711 εἰὲ

351 2703 414 2757 τὸ
428 2707 695 2779 Παρύσιον
713 2715 819 2786 πρὸ
844 2717 980 2771 ἐτῶν
1007 2725 1308 2797 τεσσάρων.
1324 2747 1342 2779 ι
1373 2703 1474 2786 Hic
1503 2703 1641 2790 liber
1662 2703 1923 2794 constam-

350 2797 571 2867 tinopoti
593 2805 663 2856 ad
678 2810 1053 2866 monasterium
1067 2814 1255 2871 Sancti
1272 2819 1512 2893 Dionysii
1531 2816 1851 2887 Parisiensis
1865 2835 1923 2889 in

347 2885 585 2945 Francia
605 2896 708 2948 sive
721 2892 899 2952 Gallia
924 2903 1114 2958 missus
1138 2916 1217 2961 est
1239 2927 1270 2963 a
1302 2885 1585 2970 celsissimo
1608 2922 1841 2991 principe
1866 2936 1916 2980 et

344 2982 662 3050 imperatore
686 2987 1044 3049 Romanorum
1073 2999 1288 3055 domino
1330 3003 1578 3061 Manuale
1607 2982 1914 3085 Palwologo

1569 323 1629 393 8.
1672 325 2039 385 DlONYSlUS
2074 333 2530 401 AREOPAGITA.
3578 370 3624 421 58

1657 453 1987 510 praepostera
2019 451 2063 505 Α
2098 465 2287 520 regem.
2331 453 2411 509 lbi
2441 457 2907 528 interpretationis
2943 482 2971 520 a
3001 468 3229 539 Joanne,
3279 490 3441 549 quem
3468 479 3621 537 Scoti-

2090 551 2283 604 genam
2321 556 2501 611 vocat,
2552 550 2710 607 edita
2759 557 3026 617 meminit.
3072 564 3460 633 Imperatorem
3518 590 3624 631 vero

2087 631 2372 687 certiorem
2402 636 2535 692 facit
2561 655 2621 695 se
2664 644 2731 697 ad
2758 660 2881 700 eum
2915 654 3219 710 versionem
3257 661 3479 719 mittere
3502 664 3622 723 Gra-

2083 734 2269 776 eorum
2300 723 2515 782 Maximi
2546 740 2599 784 et
2651 733 2883 791 Joannis
2914 740 3347 813 Scythopolitani
3408 755 3621 811 scbolio-

2084 828 2200 867 rum
2234 831 2250 869 :
2287 831 2404 885 qua:
2434 823 2646 888 quidem
2678 832 2949 894 quomodo
2972 847 2999 885 a
3025 850 3083 889 se
3115 837 3347 894 invicem
3377 843 3621 900 distinxe-

2078 904 2168 968 rit,
2198 906 2283 961 his
2312 912 2491 966 verbis
2533 916 2842 985 signiﬁcat:
2877 920 3126 991 Ipsorum
3182 940 3359 985 autem
3408 936 3619 991 scholia-

2077 1012 2190 1047 rum
2213 1014 2302 1051 seu
2321 1006 2689 1071 paratheseon,
2706 1027 3029 1084 qnwcunque
3055 1019 3108 1071 in
3138 1021 3281 1076 calce
3302 1028 3389 1079 sui
3419 1029 3612 1094 signum

2072 1088 2288 1155 vivi/Ecce
2315 1095 2483 1147 crucis
2505 1097 2734 1167 habent,
2774 1121 2805 1155 a
2852 1106 3001 1160 beato
3058 1110 3293 1169 Maximo
3338 1120 3617 1188 con/essm

2069 1192 2132 1229 ac
2165 1183 2418 1236 monacho
2444 1187 2654 1243 inventa
2699 1208 2988 1251 narrantur
3011 1215 3031 1253 :
3061 1212 3253 1258 cwtera
3301 1223 3421 1262 vero
3456 1215 3615 1267 sancti

2066 1267 2290 1326 Joannis
2339 1273 2760 1348 Scythpolitani
2812 1290 3069 1347 antistitis
3109 1311 3221 1351 esse
3264 1300 3536 1366 feruntur.

2136 1425 2211 1481 De
2231 1430 2452 1495 epistola
2470 1436 2743 1493 undecima
2759 1443 2829 1494 ad
2849 1443 3494 1516 Apol!o;rlzanem.~lllud
3512 1472 3617 1520 tan-

2061 1516 2180 1573 dem
2212 1521 2328 1576 sine
2361 1525 2739 1587 observatione
2782 1536 2967 1607 aliqua
3000 1550 3339 1610 praetermitti
3398 1569 3507 1610 non
3534 1560 3613 1612 de-

2058 1607 2167 1675 bet,
2222 1616 2366 1680 quod
2410 1632 2583 1687 neque
2638 1623 2799 1679 inhis
2849 1634 3100 1689 omnibus
3146 1642 3452 1712 codicibus,
3507 1650 3611 1703 sive

2056 1697 2259 1757 Graecis
2300 1705 2412 1760 sive
2440 1706 2668 1779 Latinis,
2720 1732 2894 1786 neque
2949 1723 3001 1776 iu
3034 1730 3285 1787 omnibus
3329 1734 3445 1790 fere
3501 1738 3611 1795 edi-

2057 1794 2315 1861 tionibus,
2347 1799 2452 1853 nisi
2519 1804 2573 1856 in
2618 1804 2954 1867 Bibliotheca
3010 1828 3192 1874 nostra
3247 1822 3608 1895 Lugdunensi,

2050 1886 2276 1952 epistola
2318 1893 2625 1960 undecima,
2668 1898 2911 1971 Dionysii
2950 1910 3124 1963 nostri
3158 1916 3381 1972 nomine
3410 1920 3607 1977 inscri-

2047 1985 2163 2044 pta,
2195 1980 2381 2035 decem
2430 1982 2551 2039 aliis
2601 1993 2977 2058 superioribus
3020 2002 3396 2062 subnectitur.
3439 2012 3503 2065 In
3552 2030 3607 2068 ea

2045 2078 2235 2123 auctor
2297 2071 2655 2144 Apollophaui
2734 2082 3080 2156 philosopho,
3140 2094 3208 2148 ad
3264 2111 3423 2166 quem
3490 2102 3609 2158 data

2042 2168 2163 2227 est,
2214 2165 2282 2216 de
2316 2165 2460 2221 illius
2506 2170 2571 2223 ad
2617 2168 2984 2234 Christianam
3039 2183 3200 2239 ﬁdem
3246 2165 3605 2250 conversione

2041 2250 2330 2317 plurimum
2360 2260 2682 2328 gratulatur,
2735 2277 2791 2321 et
2827 2270 2895 2325 de
2942 2273 3073 2329 solis
3117 2277 3450 2349 defectione,
3482 2302 3601 2355 qua;

2038 2338 2255 2397 Christo
2311 2349 2618 2418 moriente,
2657 2358 2982 2430 contigerat,
3037 2380 3350 2429 sermonem
3401 2392 3598 2436 rursus

2036 2429 2295 2493 instituit.

2106 2523 2237 2581 Haec
2267 2540 2450 2587 autem
2514 2538 2745 2606 epistola
2782 2560 2886 2601 non
2945 2551 3119 2605 solum
3152 2555 3459 2614 certissima
3491 2561 3605 2617 evi-

2032 2613 2210 2672 dentis
2245 2623 2464 2687 praefert
2502 2626 2756 2689 falsitatis
2783 2636 3005 2705 indicia,
3035 2643 3129 2697 sed
3178 2660 3278 2701 nec
3300 2647 3369 2702 ab
3403 2651 3600 2749 eodem

2032 2716 2251 2749 mmlnrp
2302 2728 2363 2749 sm
2394 2715 2578 2749 Anan...
2641 2727 2953 2749 -........:.,_--
3036 2733 3121 2749 κιο·
3273 2736 3334 2749 λ.
3482 2743 3495 2749 -

2028 2716 2251 2762 auctore
2300 2728 2364 2766 ac
2394 2715 2579 2773 decem
2638 2727 2979 2795 superiores,
3030 2733 3235 2805 aliique
3273 2715 3590 2811 Dionysian‘r

2026 2796 2169 2867 libri,
2211 2804 2454 2871 profecta
2486 2825 2607 2867 esse
2655 2816 2892 2871 videtur.
2941 2820 3232 2882 Enimvero
3260 2829 3353 2884 illa
3386 2847 3491 2888 nec
3543 2836 3596 2889 in

2022 2898 2431 2968 manuscriptis,
2478 2907 2557 2959 uti
2594 2907 2854 2977 diximus,
2902 2929 3005 2970 nec
3058 2917 3110 2972 in
3171 2923 3414 2981 melioris
3450 2938 3597 2987 nota:

2021 2984 2347 3044 editionibus
2367 2988 2581 3061 vulgata
2598 2998 2916 3057 est.Deinde
2944 3007 3012 3058 ab
3040 3008 3269 3064 aliarum
3311 3029 3434 3068 cum
3467 2984 3591 3085 epi-

342 3088 434 3137 per
465 3092 543 3129 me
590 3078 889 3137 Manuelem
916 3084 1316 3156 Chrysoloram,
1346 3095 1578 3163 legatum
1618 3074 1903 3156 missumve
1937 3106 1985 3168 C
2020 3074 2308 3143 smlamm’
2329 3088 2457 3180 ,lf’m
2484 3082 2923 3180 lucuqrauonum
2958 3096 3203 3170 Dionysii
3239 3108 3419 3160 nosui
3447 3111 3596 3180 Sly'o

341 3163 480 3217 dicto
508 3167 848 3238 imperatore,
906 3192 1044 3230 anno
1089 3196 1120 3230 a
1170 3184 1437 3237 creatione
1489 3190 1673 3243 mundi
1739 3192 1910 3249 sexies

341 3252 615 3309 millesimo
647 3267 1035 3330 nongenlesimo
1083 3268 1284 3323 decimo
1331 3286 1500 3339 sexto,
1545 3278 1611 3330 ab
1644 3278 1910 3336 lncarna-

338 3346 478 3400 tione
506 3365 625 3403 vero
666 3350 884 3409 Domini
916 3357 1193 3415 millesimo
1219 3367 1739 3437 quadringentesimo
1765 3385 1908 3429 octa-

338 3448 421 3486 νο.
459 3434 565 3500 Qui
590 3440 767 3496 dictus
822 3446 1106 3515 imperator
1134 3454 1284 3521 prius
1337 3434 1578 3514 Parisios
1610 3463 1751 3516 venit
1781 3475 1904 3522 ante

334 3539 563 3595 quatuor
614 3549 802 3590 annos.

402 3618 547 3678 Duos
575 3624 796 3697 insuper
818 3628 1042 3689 Latinos
1076 3638 1217 3692 nacti
1268 3653 1459 3697 sumus
1492 3659 1657 3700 manu
1692 3661 1894 3703 exara-

332 3710 417 3768 tos'
443 3717 682 3785 codices,
728 3724 928 3791 quibus
978 3730 1158 3784 versio
1208 3730 1436 3789 Joannis
1487 3737 1792 3809 Scotigenze
1829 3758 1896 3799 ac

328 3808 436 3862 divi
482 3809 727 3881 Maximi,
778 3814 1132 3890 eiusdemque
1193 3822 1419 3882 Joannis
1476 3808 1780 3901 Scotigene
1811 3836 1894 3907 (1)

326 3911 467 3956 nota:
506 3913 561 3959 et
602 3907 806 3962 scholia
862 3912 1211 3970 exhibentur.
1278 3916 1495 3976 Primus
1541 3923 1894 3984 Bibliotheca:

326 3990 504 4061 [legite
543 4005 645 4061 est,
679 4001 950 4056 secundus
1003 4004 1370 4063 Colbertinze:
1405 4014 1547 4068 alter
1604 4018 1673 4072 ab
1730 4022 1890 4077 annis

318 4084 538 4138 circiter
567 4087 690 4153 600,
718 4092 857 4145 alter
882 4108 1009 4149 vero
1030 4096 1134 4150 400
1162 4100 1491 4172 descriptus.
1546 4107 1604 4162 ln
1646 4120 1881 4181 utroque

318 4176 722 4236 praemittuntur
747 4181 984 4249 ejusdem
1010 4185 1236 4241 Joannis
1275 4189 1708 4262 Scythopolitani
1731 4176 1809 4271 (2)
1830 4210 1888 4255 et

318 4262 593 4322 Anastasii
641 4269 1047 4333 Bibliothecarii
1098 4282 1165 4336 ad
1208 4283 1459 4341 Carolum
1515 4262 1885 4362 Calvum‘epi-

313 4356 487 4419 stolze,
520 4361 717 4428 quibus
761 4366 809 4419 ei
859 4371 1125 4427 versionis
1152 4377 1446 4446 operisque
1510 4381 1591 4434 sui
1651 4384 1881 4438 reddunt

313 4445 603 4504 rationem.
670 4452 904 4523 Epistola
923 4457 1146 4517 Joannis
1169 4464 1247 4519 sic
1270 4445 1587 4523 inscribitur
1616 4487 1631 4524 :
1666 4470 1879 4525 Glorio-

313 4536 523 4591 sissimo
551 4544 929 4600 catholicorum
983 4568 1171 4622 regum,
1195 4555 1385 4611 Carolo
1432 4559 1664 4613 Joannes
1708 4571 1877 4617 extre-

309 4644 427 4682 mus
479 4634 681 4700 sophia:
736 4621 1080 4697 stridentium.
1129 4621 1493 4703 Knastasiana
1528 4666 1691 4707 vero:
1729 4652 1876 4708 Prte-

306 4721 442 4785 Iatio
469 4722 767 4793 Anastasii,
812 4735 1118 4795 apostolica:
1155 4739 1296 4792 sedis
1336 4741 1745 4807 bibliothecarii,
1800 4744 1873 4796 ad

304 4814 793 4873 excellentissimum
822 4839 988 4894 regem
1014 4835 1061 4880 et
1083 4825 1594 4885 Christianissimum
1617 4830 1868 4888 Carolum

378 4970 462 5041 (l)
492 4969 635 5045 Lege
664 4974 990 5051 Joannisque
1015 4983 1454 5059 Scythopolitani.
1489 4993 1642 5050 Em'r.
1670 4993 1837 5052 Pun.

2018 3176 2243 3230 prorsus
2292 3169 2577 3227 abhorret.
2624 3174 2866 3249 Denique
2890 3184 3014 3239 divo
3051 3169 3309 3256 Maximo,
3342 3169 3585 3262 Operum

2012 3252 2255 3325 Dionysii
2284 3258 2703 3331 diligentissimo
2726 3269 3053 3342 iudagatori,
3077 3277 3234 3346 plane
3260 3252 3592 3356 penitusque

2011 3344 2281 3415 incognita
2307 3349 2429 3404 fuit.
2468 3352 2656 3412 Nullas
2675 3363 2873 3416 etenim
2892 3363 2942 3417 in
2974 3344 3118 3432 eam,
3137 3369 3281 3423 sicut
3300 3371 3352 3426 in
3371 3383 3581 3432 czetera

2007 3435 2242 3509 Dionysii
2272 3440 2475 3510 Opera,
2496 3446 2583 3501 ille
2597 3450 2767 3506 edidit
2787 3456 3219 3514 observationes.
3264 3461 3405 3529 Quid
3430 3470 3581 3535 quod

2003 3540 2057 3584 et
2084 3531 2196 3600 ipse
2222 3532 2483 3593 Maximus
2509 3538 2820 3612 Dionysium
2838 3562 2960 3600 cum
2984 3548 3113 3605 solis
3131 3551 3371 3621 eclipsim
3395 3558 3589 3615 obser-

2003 3635 2178 3689 varet,
2218 3642 2419 3681 annum
2453 3631 2631 3687 aetatis
2665 3634 2983 3692 vicesimum
3012 3643 3263 3709 quintum
3317 3649 3579 3717 attigisse

2002 3718 2164 3772 meris
2185 3720 2428 3789 conjectu
2440 3726 2512 3777 ris
2531 3727 2763 3794 probare
2781 3741 3027 3789 conatur.
3045 3735 3114 3788 At
3132 3736 3274 3791 nulla
3304 3737 3409 3807 ipsi
3439 3756 3581 3809 opus

1998 3819 2117 3863 erat
2142 3812 2477 3880 conjectura,
2499 3818 2541 3869 si
2571 3817 2683 3872 hmc
2708 3820 2959 3888 epistola,
2992 3825 3080 3879 ubi
3110 3826 3161 3881 id
3187 3839 3375 3897 aperte
3390 3831 3579 3886 declao

1996 3912 2170 3969 ratur,
2188 3904 2241 3957 in
2269 3905 2383 3974 ejus
2410 3923 2604 3961 manus
2631 3910 2919 3980 aliquando
2941 3917 3198 3975 venisset.
3237 3919 3380 3976 Vero
3403 3923 3578 3992 igitur

1993 3992 2207 4047 videtur
2234 3996 2455 4051 omnino
2486 4000 2663 4055 simile
2694 4018 2812 4055 eam
2839 4020 2866 4056 a
2907 4007 3046 4061 male
3085 4008 3281 4065 feriato
3326 4015 3571 4082 quodam

1990 4083 2253 4152 scriptore
2284 4102 2350 4140 ex
2382 4090 2609 4157 septima
2639 4094 2884 4148 auctoris
2917 4098 3088 4151 nostri
3130 4100 3194 4152 ad
3224 4100 3571 4172 Apollopha-

1988 4189 2111 4229 nem
2134 4177 2385 4246 epistola,
2419 4179 2470 4231 in
2500 4196 2605 4248 qua
2632 4183 2699 4237 de
2738 4196 3035 4240 memorata
3064 4188 3195 4245 solis
3220 4191 3411 4259 eclipsi
3460 4194 3570 4251 dis.

1986 4276 2161 4337 putat,
2200 4279 2324 4337 post
2342 4270 2556 4326 Maximi
2573 4274 2778 4330 obitum
2797 4276 2961 4333 fuisse
2981 4283 3357 4350 compositam.
3387 4285 3569 4342 Porro

1985 4367 2165 4412 autem
2185 4376 2288 4415 non
2303 4361 2405 4415 alia
2424 4362 2639 4431 quidem
2670 4368 2877 4423 ratione
2902 4369 2994 4424 ille
3018 4370 3555 4445 Pseudo4Dionysius

1912 4436 1956 4493 D
1984 4466 2103 4504 eam
2127 4452 2409 4519 scripsisse
2440 4455 2677 4522 videtur,
2712 4460 2814 4512 nisi
2851 4469 2907 4513 ut
2932 4464 3181 4516 eumdem
3216 4464 3555 4535 Apollopha-

1980 4555 2102 4595 nem
2132 4542 2458 4599 Christianae
2491 4547 2761 4615 religioni,
2789 4550 2856 4605 ad
2891 4567 3051 4621 quam
3081 4565 3275 4609 auctor
3303 4559 3559 4633 epistola)

1977 4634 2220 4703 septima:
2243 4651 2363 4689 eum
2389 4636 2658 4695 adducere
2689 4651 3011 4709 tentaverat.
3042 4662 3237 4702 nomen
3265 4665 3423 4703 suum
3455 4651 3559 4705 ali-

1976 4719 2194 4794 quando
2223 4728 2436 4785 dedisse
2477 4733 2732 4790 omnibus
2753 4751 3083 4809 quocunque
3120 4742 3346 4798 tandem
3384 4743 3556 4799 modo

1975 4818 2349 4886 persuaderet.

1987 5000 2008 5071 (
2019 5000 2083 5072 2)
2120 5003 2260 5075 Lege
2300 5003 2611 5078 Scotigenw.
2635 5009 2711 5067 lo.
