3748 6316
22 382 90 435 57
1391 372 1922 431 PROLEGOMENA.
3221 372 3303 429 58

539 668 1162 782 sil-Ps:

436 550 517 631 5/4
1064 550 1313 625 752,044
1330 574 1579 624 aceto

1197 882 1471 939 ORDINIS
1522 881 2110 939 PRA‘IDICATORUM.

614 1046 684 1106 In
717 1047 1027 1111 Venetam
1062 1045 1344 1125 Operam
1377 1065 1521 1127 qua:
1550 1047 2002 1127 Areopagitica
2031 1049 2336 1110 dicuntur
2364 1046 2717 1112 editionem

989 1229 1787 1321 DISS'ERTATIO
1862 1229 2350 1321 PR/EVIA

20 1423 87 1477 In
120 1441 235 1478 ana
265 1434 566 1480 urteserttm
595 1432 771 1496 agitur
798 1439 867 1481 ae
893 1424 1120 1483 Scholiis
1156 1424 1342 1482 Sancti
1380 1424 1632 1491 Maximi,
1660 1433 1711 1479 et
1744 1425 1971 1481 Joannis
2004 1425 2453 1499 Scythopolitani,
2489 1442 2552 1480 ac
2589 1423 2842 1479 Germani
2861 1424 3307 1493 Constantinopo-

1390 1518 1547 1574 litani
1572 1519 1939 1588 patriarchat‘.

533 1765 763 1826 CAPUT
805 1769 1100 1827 PRIMUM.

1648 1786 1695 1841 Α
1725 1784 2063 1845 argumentis
2091 1776 2346 1828 damnata
2371 1790 2384 1826 :
2407 1787 2613 1841 easque
2636 1771 2880 1842 subjecta
2915 1780 3113 1825 ornant
3140 1768 3307 1823 Schoo

22 1885 268 1953 Operam
310 1883 805 1952 Areapagiticorum
830 1886 994 1937 editio
1023 1886 1425 1952 Antuerpiensis
1452 1900 1473 1938 .'
1494 1889 1584 1951 qui

1753 1872 1798 1923 ia
1835 1870 2087 1934 Maximi,
2147 1870 2495 1939 Pachymerte
2547 1867 2931 1932 Parapltrasis,
2972 1875 3028 1920 et
3064 1863 3309 1918 Carderis

96 1958 153 2008 in
186 1972 251 2009 ea
280 1954 603 2023 pra'stitum.
640 1953 916 2008 Posterior
936 1956 1045 2010 alia
1079 1954 1406 2011 Parisiensis
1430 1959 1619 2014 editio.

95 2028 405 2080 Casimirus
438 2024 686 2078 Oudinus
720 2034 958 2081 notatus.

91 2137 134 2193 Ι.
169 2138 441 2205 Quaenam
500 2154 649 2195 curm
695 2137 953 2193 adhibitae
998 2138 1222 2206 fuerint,
1274 2142 1405 2211 quid
1450 2143 1619 2197 etiam

25 2231 325 2300 amplioris
358 2232 715 2287 emolumenti
748 2233 800 2286 in
836 2249 974 2288 nova
993 2234 1258 2302 Operam,
1298 2250 1419 2303 quae
1448 2236 1619 2291 Areo-

22 2330 261 2397 pagitica
311 2329 591 2393 dicuntur,
612 2329 825 2383 Veneta
866 2328 1109 2383 editione
1134 2332 1465 2397 praestitum,
1497 2346 1617 2384 mu-

24 2438 127 2477 nus
173 2422 317 2476 mihi
348 2422 743 2478 demandatum
766 2430 874 2487 est,
900 2432 958 2475 ut
986 2424 1185 2492 praevia
1222 2424 1457 2493 quadam
1501 2424 1617 2478 dis-

22 2517 331 2571 sertatione
375 2516 753 2570 admonerem.
810 2517 979 2584 Agam
1022 2517 1190 2585 igitur
1238 2533 1339 2587 pro
1388 2534 1617 2575 munere

24 2618 439 2681 assumpto:et
486 2627 737 2681 quaenam
788 2613 955 2668 luerit
1001 2614 1250 2667 anterior
1284 2614 1451 2668 editio
1478 2616 1617 2668 sele-

21 2713 129 2768 cta,
162 2720 292 2774 quae
334 2704 537 2759 iterum
579 2705 913 2771 cuderetur;
948 2707 1281 2775 numaliqua
1324 2722 1446 2761 cum
1479 2722 1612 2763 mss.

22 2798 335 2862 codicibus,
390 2804 446 2851 et
508 2798 861 2866 quibusnam,
921 2798 1149 2855 collatio
1200 2798 1378 2853 Graeci
1435 2809 1616 2855 textus

19 2886 165 2943 facta
224 2887 427 2957 fuerit;
467 2904 718 2959 quaenam
773 2890 1035 2961 opuscula
1096 2889 1337 2961 adjecta,
1375 2905 1497 2959 qua:
1528 2890 1613 2945 vel

24 2979 86 3033 de
128 2980 381 3050 genuino
428 2990 662 3050 parente
693 2981 1016 3051 perquirunt
1047 2980 1131 3035 vel
1170 2980 1290 3049 ejus
1324 2982 1484 3035 ﬁdem
1519 2995 1615 3049 ρει-

27 3072 290 3127 tefaciant
314 3122 330 3139 ,
361 3088 431 3127 an
462 3076 609 3129 edita
642 3074 851 3129 scholia
888 3076 999 3131 sint
1031 3077 1190 3129 unius
1215 3074 1406 3130 Sancti
1440 3074 1612 3129 Maxi-

21 3166 116 3230 mi,
161 3180 234 3219 an
270 3166 460 3236 aliqua
495 3168 581 3223 vel
624 3170 790 3224 etiam
837 3168 987 3239 plura
1021 3167 1251 3223 Joannis
1295 3167 1609 3239 Scythopo-
1646 3152 1689 3206 Β

24 3255 205 3324 litani,
257 3273 330 3313 an
387 3261 553 3315 etiam
606 3262 853 3331 quaedam
904 3260 1192 3327 Germani,
1247 3263 1408 3332 regia:
1458 3261 1613 3315 urbis

25 3348 583 3423 Constantinopoleos
626 3356 993 3425 patriarchae;
1037 3356 1263 3411 totidem
1312 3367 1479 3411 erunt
1500 3356 1614 3411 dis-

24 3447 341 3502 sertationis
364 3461 715 3515 argumenta,
748 3466 813 3505 ac
841 3452 947 3505 alia
978 3465 1115 3506 sane
1147 3451 1232 3505 his
1261 3450 1464 3505 aﬂinia.

92 3543 613 3614 AreOpagiticorum
664 3543 903 3615 Operam
950 3547 1223 3602 editiones
1275 3561 1470 3601 omnes
1510 3545 1614 3601 hoc

26 3633 140 3690 loco
175 3651 477 3691 numerare
507 3654 916 3707 supervacanea
953 3655 1082 3694 cura
1117 3639 1283 3695 foret.
1330 3639 1613 3694 Nitidissi-

29 3743 165 3781 mam
196 3728 660 3798 Antuerpiensem
695 3747 941 3787 memoro
973 3748 1038 3787 ex
1061 3734 1265 3803 oﬂicina
1302 3732 1604 3787 Plantinia-

27 3837 89 3872 na
110 3820 457 3876 Balthasaris
492 3822 687 3877 Mareti
712 3824 871 3879 1654.
908 3825 1082 3880 Frons
1112 3828 1275 3896 primi
1314 3827 1447 3882 tomi
1481 3836 1565 3882 est
1592 3846 1606 3881 :

32 3911 195 3977 Opera
258 3914 326 3969 8.
387 3914 635 3986 Dionysii
691 3917 1053 3987 Areopagittc,
1110 3938 1228 3973 cum
1278 3919 1511 3975 Schaliis
1545 3922 1608 3977 S.

31 4003 272 4074 Maximi,
314 4017 364 4062 et
412 4006 747 4077 Paraphrasi
797 4011 1165 4081 Pachymerae,
1213 4030 1244 4066 a
1289 4013 1613 4068 Balthasare

31 4099 277 4154 Corderia
307 4103 434 4157 Sac.
459 4102 587 4156 Jesu
618 4104 761 4157 doct.
802 4104 963 4158 theol.
995 4104 1184 4158 Latine
1238 4107 1607 4174 interpretata,

30 4206 73 4246 et
110 4198 253 4251 notis
295 4196 608 4265 theologicis
656 4197 953 4251 illustrata.
1000 4198 1218 4253 Primus
1252 4200 1394 4253 idem
1428 4208 1611 4255 tomus

32 4290 262 4343 continet
292 4288 485 4344 Graece
526 4300 581 4343 et
614 4290 809 4345 Latine
866 4290 1035 4345 libros
1072 4291 1149 4345 De
1173 4293 1371 4345 certein
1400 4294 1611 4346 hierar-

31 4382 161 4445 chia,
194 4381 269 4435 De
299 4382 661 4436 ecclesiastica
693 4384 997 4438 hierarchia
1065 4394 1120 4438 et
1169 4384 1244 4440 De
1294 4387 1491 4440 divinis
1521 4403 1613 4439 na-

1723 1963 2125 2027 Adnotatianes,
2161 1971 2215 2016 et
2243 1961 2447 2015 Latina:
2469 1962 2960 2029 interpretationes.
2989 1958 3183 2014 Molem
3212 1971 3309 2008 vo-

1723 2052 1943 2107 luminis
2007 2063 2209 2123 angent
2260 2054 2519 2121 opuscula
2578 2053 2757 2121 plura,
2804 2067 2927 2121 qua:
2977 2060 3304 2119 sequuntur.

1722 2145 1763 2203 1.
1801 2146 1916 2199 Vita
1937 2154 1987 2198 et
2008 2144 2321 2199 Encamium
2345 2146 2587 2216 Dionysii
2612 2145 2946 2213 Areopagita'
2972 2160 3036 2197 ex
3060 2141 3305 2206 Mentcis,

1721 2240 2007 2309 interprete
2071 2237 2233 2293 Petro
2293 2238 2522 2293 Halloix
2579 2238 2703 2293 Sac.
2755 2239 2904 2292 Jesu.
2942 2237 3007 2290 ll.
3042 2236 3306 2291 Simeonis

1722 2335 2103 2399 Melapltrasta.’
2138 2331 2261 2386 Vita
2291 2342 2340 2386 et
2384 2332 2730 2387 Conversatio
2766 2330 2829 2386 8.
2862 2329 3104 2400 Dionysii
3139 2335 3304 2383 Areo-

1720 2428 1940 2498 pagitaz,
1964 2427 2030 2480 ab
2076 2427 2277 2479 incerto
2310 2424 2593 2493 interprete
2619 2420 2909 2477 Latinitate
2936 2425 3158 2488 donata,
3194 2433 3240 2477 et
3273 2438 3307 2474 α

1720 2520 1978 2574 Corderia
2009 2519 2291 2575 recensita.
2326 2516 2417 2572 Ill.
2476 2517 2551 2571 De
2584 2517 2843 2587 Dtonysio
2890 2517 3209 2585 Areopagita
3239 2529 3307 2567 cz

1720 2614 1915 2677 Suida,
1938 2614 2217 2681 interprete
2242 2610 2402 2665 Petro
2420 2608 2698 2671 Lansselia
2722 2608 2844 2663 Sac.
2874 2608 3026 2665 Iesu.
3056 2606 3147 2661 1V.
3183 2604 3306 2660 Vita

1718 2708 2055 2777 Areopagitae
2092 2722 2157 2760 ex
2189 2704 2345 2758 Libro
2390 2706 2620 2757 secundo
2678 2704 2985 2773 Nicephori,
3021 2699 3204 2754 Gra'ce
3255 2709 3303 2752 et

1717 2800 1905 2855 Latine
1937 2800 2001 2853 ab
2034 2804 2219 2853 eadem
2257 2797 2533 2853 Lansselia
2564 2800 2726 2851 edita.
2761 2796 2824 2850 ν.
2861 2794 3135 2848 Michaelis
3163 2790 3305 2861 Syn-

1716 2894 1817 2964 geli
1848 2888 2160 2945 Encamium
2193 2892 2246 2945 in
2280 2892 2341 2945 8.
2382 2891 2721 2960 Dionysium,
2759 2890 3048 2955 interprete
3100 2882 3304 2945 Basilio

1718 2984 1991 3047 Millania,
2048 2996 2095 3037 et
2139 3001 2170 3036 a
2218 2982 2379 3037 Petro
2431 2981 2708 3036 Lansselia
2762 2980 3007 3049 pluribus
3056 2978 3111 3030 in
3169 2975 3305 3029 locis

1718 3078 2059 3146 castigatum.
2103 3073 2190 3143 Vl.
2226 3074 2548 3145 Martyrium
2588 3071 2647 3129 S.
2685 3072 2931 3141 Dionysii
2964 3068 3304 3138 Areopagita:

1718 3186 1811 3239 per
1862 3169 2215 3232 Methodium,
2269 3168 2364 3229 vel,
2417 3177 2474 3220 ut
2520 3166 2636 3231 alii,
2684 3164 3076 3227 Metrodorum,
3128 3160 3301 3213 inter-

1718 3274 1863 3331 prete
1910 3260 2208 3315 Lansselia.
2264 3259 2374 3314 VII.
2437 3258 2555 3313 Vita
2600 3260 2838 3329 ejusdem
2870 3272 2962 3321 per
3010 3254 3074 3308 Β.
3104 3253 3170 3307 Ρ.
3207 3252 3305 3306 Pe-

1718 3366 1859 3410 trum
1895 3354 2116 3408 Hallaia:
2142 3353 2203 3408 8.
2235 3352 2291 3406 ,1.
2323 3354 2665 3416 concinnata,
2692 3352 3035 3420 ejusdemque
3068 3346 3303 3400 notatio-

1720 3450 1876 3504 nibus
1907 3448 2201 3502 illustrata.
2238 3445 2376 3500 VIII.
2416 3444 2650 3498 Laudati
2682 3443 2953 3497 Halloiaii
2985 3444 3050 3494 de
3080 3439 3141 3494 S.
3171 3438 3303 3491 Dia-

1717 3544 1857 3614 nysii
1906 3545 2236 3612 Areopagin
2272 3539 2397 3595 Vita
2426 3549 2473 3593 et
2508 3537 2768 3606 Operibus
2805 3535 3140 3601 Quatstianes
3171 3546 3307 3603 qua-

1717 3649 1859 3691 tuor.
1891 3634 1983 3691 IX.
2009 3636 2335 3705 Argumenta
2365 3645 2410 3687 et
2446 3632 2772 3687 Testimonia
2824 3648 2921 3700 pro
2951 3629 3212 3699 Operibus
3238 3626 3301 3682 8.

1715 3728 1963 3798 Dionysii
2007 3742 2073 3781 ex
2127 3725 2387 3779 Vindiciis
2438 3723 2827 3792 Areopagiticis
2859 3720 2927 3775 R.
2980 3720 3046 3774 P.
3081 3718 3305 3772 Martini

1716 3824 1899 3877 Detrio
1930 3819 2056 3876 Sac.
2086 3820 2240 3876 Jesu.
2272 3819 2340 3875 Χ.
2374 3820 2451 3874 De
2492 3820 2747 3888 Dionysio
2780 3814 3126 3883 Areopagita,
3151 3815 3303 3881 ejus-

1714 3933 1816 3986 que
1841 3918 2057 3986 scriptis
2094 3916 2399 3985 Disputatio
2453 3912 2799 3985 Apolagetica
2837 3906 2983 3962 Petri
3018 3905 3301 3959 Lansselii.

1714 4007 1809 4063 ΧΙ.
1884 4005 2169 4060 Variantes
2228 4005 2482 4058 lectiones
2542 4006 2597 4057 in
2658 4000 2834 4054 Libris
2892 3998 3301 4067 Areopagiticis.

1714 4101 1833 4158 XII.
1865 4101 2267 4155 Onantasticum
2299 4097 2693 4167 Dionysianum
2725 4094 3069 4147 Balthasaris
3100 4088 3304 4144 Corde-

1716 4198 1807 4250 rii.
1842 4195 1985 4248 Xlll.
2025 4193 2200 4246 Index
2230 4192 2467 4245 locorum
2498 4206 2667 4245 sacra:
2693 4189 3015 4257 Scriptum.
3040 4182 3185 4239 XIV.
3210 4181 3307 4235 In-

1714 4293 1815 4345 dex
1843 4293 1897 4344 in
1931 4291 2076 4343 binas
2110 4287 2336 4359 Operam
2371 4289 2543 4341 sancti
2576 4285 2813 4355 Dionysii
2844 4294 3031 4337 tantas.

1786 4387 1852 4442 Il.
1890 4386 2019 4440 Post
2052 4398 2228 4438 annos
2258 4384 2473 4445 decem,
2508 4396 2651 4435 nova
2684 4380 2911 4433 Lutetia:
2947 4378 3301 4440 Parisiorum,

32 4476 271 4541 minibus,
329 4474 652 4530 Balthasare
704 4477 970 4532 Conlerio
1030 4479 1352 4549 interprete.
1411 4479 1608 4535 Libros
1640 4511 1682 4569 ρ
1717 4496 1860 4535 anno
1888 4481 2102 4535 scilicet
2148 4479 2314 4541 1644,
2364 4486 2624 4530 accurata
2657 4485 2741 4530 est
2776 4476 2918 4542 apud
2946 4471 3304 4526 Laurentium

33 4566 336 4631 praecedunt
370 4567 547 4635 ipsius
582 4567 829 4622 Corderii
865 4568 1275 4623 Observationes
1335 4577 1607 4640 generales

33 4673 117 4721 pro
144 4658 493 4729 intelligentia
522 4659 585 4715 8.
625 4660 886 4730 οἱοηῃκὶἱ,
916 4672 969 4715 et
1000 4663 1173 4716 sancti
1210 4662 1436 4717 Maximi
1467 4664 1610 4718 Pro-

34 4749 191 4818 logus,
231 4763 287 4807 et
336 4753 555 4823 Georgii
588 4751 940 4825 Pachymertc
972 4754 1299 4810 Prooemium
1332 4773 1353 4812 :
1379 4758 1614 4827 singulis

35 4858 151 4898 vero
207 4846 477 4900 librorum
510 4848 782 4916 capitibus
829 4848 1214 4903 Adnotationes
1246 4849 1517 4915 Carderii,
1556 4862 1613 4906 et

38 4934 247 4989 Scholia
276 4936 336 4991 8.
373 4934 626 5001 Maximi,
665 4946 720 4993 et
751 4938 1069 5005 Paraprasis
1108 4937 1455 5013 Pachymera:
1486 4944 1615 4998 sub-

34 5025 319 5093 jiciuntur;
356 5042 478 5097 qua:
521 5028 705 5083 onmia
740 5030 824 5084 vir
854 5029 999 5091 idem
1034 5030 1387 5089 doctissimus
1408 5034 1615 5089 Corde-

37 5115 136 5172 rius
158 5119 354 5175 Latine
379 5122 681 5178 transtulit.

95 5210 298 5269 Tomos
333 5212 477 5268 alter
522 5216 908 5284 complectitur
941 5217 1185 5273 Corderii
1226 5218 1508 5291 Isagegem
1540 5223 1611 5275 ad

50 5308 305 5373 mysticam
337 5308 681 5378 theologiam,
728 5314 1062 5383 tum‘ipsum
1088 5315 1167 5371 De
1195 5319 1418 5387 mystica
1458 5319 1613 5373 thea-

46 5395 164 5465 logia
200 5400 428 5463 librum.
480 5418 606 5457 cum
661 5406 1116 5462 Adnotationibus
1145 5408 1526 5472 Corderianis,
1556 5418 1614 5467 et

45 5487 96 5542 S.
121 5490 343 5546 Maximi
375 5493 631 5561 Sclioliis,
661 5508 715 5552 et
741 5497 1085 5569 Pachymera:
1114 5501 1469 5572 Paraphrasi,
1509 5519 1604 5559 eo-

43 5583 147 5639 dem
170 5589 441 5644 Corderio
473 5588 798 5661 interprete.
832 5594 1079 5667 Dionysii
1105 5598 1344 5667 epistolte
1367 5614 1614 5670 sequun-

46 5686 136 5745 tur,
162 5698 281 5752 qua:
304 5685 497 5738 decem
526 5695 679 5748 sunt.
703 5703 768 5743 ea
793 5690 997 5759 rejecta
1033 5707 1155 5757 qua:
1192 5695 1260 5751 ad
1284 5696 1611 5767 Apollopha-

49 5784 143 5824 nent
185 5775 570 5847 philosophum
622 5780 968 5850 inscribitur,
1016 5786 1341 5846 certissimis
1392 5787 1611 5854 νοθείας

1717 4576 1999 4631 Cattereau
2051 4575 2219 4628 editio
2274 4573 2464 4628 Grmcc
2516 4582 2571 4625 et
2622 4571 2837 4625 Latine.
2898 4567 3118 4621 Titulus
3166 4574 3303 4619 est:

1719 4671 1909 4725 Sancti
1962 4669 2209 4739 Dionysii
2254 4666 2591 4735 Areopagita:
2647 4664 2882 4732 Operam
2913 4660 3155 4714 omnium
3185 4673 3307 4728 qua'

1718 4774 1965 4831 exstant,
2013 4772 2061 4817 et
2119 4759 2638 4815 Commentariorum
2691 4756 2882 4823 quibus
2931 4753 3302 4805 illustrantur.

1723 4856 1875 4911 Tom.
1900 4854 1991 4910 1...
2029 4855 2180 4909 Tant.
2221 4855 2339 4908 11...
2374 4869 2535 4921 opera
2564 4862 2610 4903 et
2636 4849 2811 4903 studio
2837 4846 2988 4900 Petri
3016 4842 3305 4906 Lansselii,

1718 4960 1770 5004 et
1801 4948 2138 5003 Balthasaris
2181 4948 2426 5002 Corderii
2471 4943 2595 4999 Sac.
2627 4942 2685 4996 Ι.
2714 4941 3161 5011 presbyterorum.
3197 4935 3306 4987 Ac-

1719 5045 1873 5098 cessit
1931 5060 2068 5097 nunc
2120 5043 2354 5111 primum
2397 5037 2734 5107 Areopagitae
2776 5033 3011 5104 defensio
3054 5032 3307 5086 adversus

1721 5142 2029 5195 ha'reticum
2059 5137 2432 5201 Calvinistam,
2457 5149 2553 5202 per
2583 5131 2794 5184 clariss.
2836 5137 2887 5183 et
2940 5124 3185 5180 nobiliss.
3219 5124 3271 5177 vi

1719 5251 1840 5289 rum
1886 5234 2157 5287 dominum
2197 5230 2267 5285 ο.
2296 5228 2562 5283 Joannem
2592 5229 2657 5281 de
2684 5224 3006 5285 Chaumont,
3042 5217 3308 5273 Christia-

1728 5328 1932 5382 nissimi
1985 5326 2119 5395 regis
2152 5325 2210 5378 in
2244 5323 2414 5377 sacris
2452 5339 2514 5375 ac
2548 5318 2923 5375 secretioribus
2951 5314 3101 5384 regni
3134 5312 3310 5368 consi-

1719 5422 1806 5475 liis
1853 5417 2246 5481 cansiliarium,
2301 5426 2352 5469 et
2408 5412 2707 5468 arcanioris
2746 5411 2919 5479 Regia:
2974 5405 3308 5461 bibliotheca’

1720 5511 2057 5581 praefectum.
2087 5509 2138 5564 Ν
2146 5525 2243 5562 ora
2274 5508 2441 5563 editio
2460 5547 2475 5573 ,
2504 5501 2921 5575 pracedentibus
2974 5498 3306 5554 emendatior

1719 5616 1768 5661 et
1793 5605 2023 5659 auctior.
2056 5602 2207 5659 Ordo
2244 5600 2447 5672 prioris
2475 5598 2740 5653 editionis
2794 5594 3047 5651 cernitur
3094 5593 3151 5648 in
3202 5591 3308 5646 ista

1718 5696 2005 5767 paululum
2032 5696 2380 5763 immutatus,
2410 5708 2475 5747 ac
2506 5689 2876 5745 Lansseliana:
2906 5687 3104 5756 aliqua:
3139 5684 3309 5737 inter-

1720 5792 2062 5860 pretationes
2094 5786 2304 5844 Latina:
2351 5786 2570 5843 selectae
2611 5792 2746 5841 sunt
2789 5798 2903 5853 pra:
2932 5774 3305 5837 Corderianis.

539 733 589 780 ι
662 668 822 782 J.
905 669 1073 782 Γ.
1151 666 1585 780 BER!
