3748 6384
390 358 456 421 59
1527 343 1584 398 S.
1623 334 1990 396 DIONYSIUS
2025 326 2485 388 AREOPAGITA.
3585 315 3633 370 ω
3663 57 3687 421 1

394 393 456 421 JU
1538 393 1584 398 "
1623 393 1650 396 '
1676 393 1685 394 ί
1706 393 1723 396 '
1853 393 1858 394 ⁷

390 479 574 533 Prinne
600 474 654 527 in
690 471 964 526 volumine
995 467 1400 538 prmmittuutur
1427 456 1670 513 Corderii
1703 453 1964 508 Observa-
1996 456 2040 512 Α
2070 459 2295 516 prorsus
2329 442 2574 498 laborem
2602 439 2927 509 susciperet,
2967 435 3059 508 qui
3085 441 3484 505 argumentum
3515 430 3633 486 idem
3713 454 3715 485 I

390 571 555 622 ,εοηεε
585 569 876 637 gemmas,
923 561 1276 629 ejusdemque
1317 555 1544 624 Isngoge
1583 553 1638 605 in
1681 550 1965 620 Mysticam
2074 537 2490 607 aggrederetur.
2521 553 2539 586 ι
2585 533 2704 602 Quo
2739 533 2792 587 in
2842 531 2961 586 loco
2991 529 3174 632 minus
3199 535 3562 633 .aeeuratutn
3596 542 3634 581 se
3703 545 3715 577 Α

883 655 909 658 _
1093 655 1105 658 _
1246 647 1280 658 ..
1359 650 1371 658 .
1778 641 1794 658 .
1856 643 1891 658 ,ο
1949 657 1956 658 -
2068 628 2267 658 η-...1..,ι
2301 625 2542 658 num-mn
2575 625 2628 658 :n
2662 623 2952 658 usu-incana
2985 621 3245 658 ρΑιΙιηιὶηι
3299 631 3624 658 rae-oneum“:
3697 640 3715 658 ,η

387 529 555 622 lienes
585 569 876 637 generales,
923 529 1276 629 ejusdemque
1317 555 1544 624 Isagoge
1583 553 1638 605 in
1681 550 1965 620 Mysticam
2074 537 2490 637 aggrederetur.
2521 553 2539 586 ι
2575 533 2715 637 ,ρυοῄ
2739 533 2792 636 in
2842 531 2961 586 loco
2991 529 3174 637 minus
3199 535 3562 637 .aecuratutn
3596 542 3634 581 se
3677 529 3716 637 li

390 617 752 727 nuncii-an,
784 665 840 711 et
864 617 1201 709 'Proatmium
1234 617 1582 720 Ραειιῃῖηὲηυ
1608 617 1966 699 οιιηίιιειῑιιει
2068 628 2271 700 pra-bet
2301 625 2548 727 Oudinus
2662 623 2954 727 utriusque
2985 619 3246 727 editionis
3299 617 3631 680 recensione.

3697 640 3715 666 -νγ

390 667 752 727 Theologiam,
784 667 840 711 et
871 667 1201 709 Brommmm
1234 667 1582 720 racnymerw
1608 667 1731 699 cum
1778 667 1966 696 uauua
2069 667 2271 700 ιιι-μιν·
2304 667 2544 682 νην-πη
2664 667 2953 687 νην-νη
2987 667 3245 676 ν--ν-ν----
3300 667 3631 680 -ν---τ--νέή
3699 667 3706 670 -

388 749 724 803 Corderiana
766 745 1142 798 translatione.
1205 740 1515 795 Succedunt
1553 737 1743 793 Greece
1772 746 1827 792 et
1857 734 1966 789 La-
2069 733 2127 775 ιιι
2155 736 2223 776 ne
2252 722 2471 791 (Ιυίάθῐη
2497 719 2704 776 Vidisse
2734 719 2966 773 alienun
3010 717 3128 786 ipse
3154 715 3439 771 Videat!"-
3705 757 3715 760 ~

394 840 522 900 tine,
557 838 818 893 Corderio
866 837 1187 900 interprete,
1226 835 1346 888 libri
1399 834 1472 886 De
1507 831 1706 886 ctelesti
1761 832 1966 884 ltierar-
2689 828 2918 888 CAPUT
2957 829 3020 888 ΙΙ,
3713 821 3715 850 ³

393 932 512 962 οιιὲι.
585 930 653 962 n.
685 929 1049 962 κηριιηὲηριῖρη
1093 927 1389 962 Ιιίιηιηοιιιιιῖη
1447 924 1518 962 Dc
1562 924 1754 962 diuini;
1800 923 1970 962 nnmi-
2080 928 2426 962 Duc-inhumana
2460 927 2742 962 οΑὸΙεηι-ιηι
2772 925 3021 962 ωροτε-ἰωὴ
3064 940 3197 962 unum
3226 923 3390 962 Mihin
3427 919 3638 962 Votuin,
3713 927 3715 941 ‘

394 840 522 900 tine,
557 838 818 893 Corderio
866 837 1187 900 interprete,
1226 835 1346 888 libri
1399 834 1472 886 De
1507 831 1706 886 ctelesti
1761 832 1966 884 ltierar-
2689 828 2918 888 CAPUT
2957 829 3020 888 ΙΙ,

389 932 534 999 chio,
577 930 653 984 De
682 929 1049 983 ecclesiastica
1091 927 1412 990 hierarcltia,
1444 924 1518 979 De
1562 924 1754 978 divinis
1800 923 1970 978 nomi-
2071 928 2428 999 Parisiensem
2460 927 2744 999 editionem
2771 925 3021 999 exprimit
3064 940 3197 999 noua
3225 923 3390 976 editio
3415 919 3639 999 ferreis.

2143 997 2327 1053 (ἔνανεο
2388 1008 2531 1052 textu
2577 996 2808 1066 Operam
2839 991 3641 1066 ⁷Ανεορασὲιὶερηιηιλξειιριίο-

394 1024 568 1088 nibus,
601 1023 680 1076 De
711 1023 935 1092 mystica
968 1021 1252 1090 theologia,
1279 1035 1403 1074 cum
1435 1016 1677 1085 ejusdem
1716 1016 1818 1071 viri
1866 1016 1970 1070 do-
2143 1016 2327 1053 ωαέο
2388 1016 2531 1052 ιεπια
2577 1016 2808 1079 "Parum
2860 1016 3379 1075 Ατεοριιςυιερταηιτ
3407 1016 3641 1073 ιῖεηυηυ·
3713 1023 3715 1032 '

396 1113 631 1136 Μεηεωε
699 1111 1148 1136 “nummum
1227 1108 1673 1136 M,_m,n,,u:,__m
1761 1118 1810 1136 Δ,
1861 1107 1934 1136 ,δή
2153 1085 2370 1136 rumque
2394 1066 2929 1134 prwserttm,collato
2953 1081 3069 1117 cunt
3097 1061 3641 1136 codicebtbltotheee
3683 1016 3716 1136 |_.

392 1113 631 1166 ctissimi‘
698 1111 1170 1180 interpretatione,
1227 1108 1698 1173 adnotationibus,
1759 1118 1815 1164 et
1861 1107 1969 1161 Pa-

390 1206 670 1277 chymerm
724 1206 1068 1274 paraphrasi.
1142 1204 1400 1272 Epistolas
1463 1211 1788 1271 sequuntur,
1852 1215 1974 1269 quas

393 1299 580 1354 decem
630 1309 1008 1363 numerantur,
1047 1297 1290 1353 Corderii
1341 1294 1774 1352 adnotationibus
1831 1294 1970 1348 dun-

393 1399 544 1444 taxat
576 1391 882 1446 illustratus.
1583 1445 1593 1458 .

471 1479 605 1546 Qum
643 1496 774 1534 vero
829 1481 1081 1535 volumen
1132 1480 1363 1536 alterum
1409 1480 1814 1549 complectitur,
1855 1481 1979 1537 iure

397 1582 548 1626 sunt.
581 1573 624 1627 l.
665 1571 925 1642 Prologus
981 1572 1170 1626 Sancti
1207 1572 1451 1635 Maximi,
1480 1573 1782 1643 interprete
1812 1571 1973 1629 Petro

396 1665 695 1719 Lansselio.
745 1663 809 1719 ll.
866 1665 1055 1720 Graece
1107 1673 1341 1727 tantum,
1386 1663 1685 1735 Ἐρμηνείσι
1753 1663 1972 1730 λέξεων,

397 1773 518 1824 (piae
543 1757 708 1809 etiam
743 1765 925 1811 exstat
949 1757 1000 1811 in
1027 1755 1213 1812 Graeca
1246 1753 1558 1808 Morelliana
1591 1755 1830 1809 editione
1868 1755 1972 1808 Pa-

2144 1132 2324 1192 Sanc'ti
2368 1132 2562 1191 Marci.
2625 1137 2893 1204 Opuscula
2945 1142 3126 1192 aucta.
3179 1132 3384 1198 Variae,
3417 1147 3550 1202 qua:
3581 1132 3642 1198 {e-

2141 1217 2332 1263 runtur
2378 1211 2442 1262 de
2473 1206 2702 1277 Operum
2734 1219 2948 1260 auctore
2976 1205 3268 1272 Opiniones.

2145 1300 2186 1354 ι.
2231 1299 2522 1354 Saerarum
2579 1299 2885 1353 litterarum
2936 1296 3259 1358 cultoribus,
3285 1295 3380 1364 qui
3429 1311 3646 1350 accura-

2076 1394 2268 1449 tiorem
2319 1391 2558 1462 aliquam
2617 1388 2859 1460 Operam
2910 1387 3421 1458 Areopagiticorum
3462 1387 3650 1443 editio-
3689 1387 3716 1462 |‘

2075 1500 2198 1540 nem
2227 1483 2330 1539 sibi
2373 1482 2589 1538 facilius
2642 1496 2705 1536 ac
2765 1479 2963 1535 minori
3018 1480 3374 1551 pecuniarum
3435 1487 3647 1548 sumptu
3693 1465 3715 1546 Ιέ

2077 1593 2397 1648 comparare
2428 1588 2655 1646 queant,
2699 1577 2838 1631 bene
2873 1575 3229 1630 consulturus
3282 1573 3654 1644 typographus

2079 1668 2344 1734 Venetus,
2395 1667 2765 1724 Parisiensem
2820 1673 3146 1723 recensitam
3199 1666 3417 1734 selegit,
3475 1675 3653 1733 utpote

2079 1761 2360 1831 opusculis
2431 1761 2787 1831 apologeticis
2839 1758 3278 1830 locupletiorem,
3338 1757 3715 1836 Latinisque

397 1851 612 1904 risiensi
646 1851 771 1903 anni
805 1850 968 1912 {562.
1003 1850 1164 1904 ἱιι-8ο.
1195 1847 1283 1903 lll.
1315 1847 1532 1903 Scholia
1565 1846 1752 1902 Sancti
1794 1847 1972 1902 Μαωὶ·
2008 1854 2050 1911 Β
2081 1857 2358 1925 plerisque
2383 1855 2685 1912 doctissimi
2721 1854 3150 1924 peritissimique
3183 1853 3280 1907 viri
3307 1851 3464 1906 Petri
3491 1851 3656 1905 Laus-

398 1943 467 1992 mi
535 1941 587 1994 in
641 1942 962 2010 superiores
1048 1941 1462 2011 Areopagiticos
1528 1939 1722 2004 libros,
1777 1941 1971 1995 eodem

396 2030 678 2086 Lansselio
713 2033 1032 2102 interprete.
1062 2031 1150 2086 IV.
1201 2030 1415 2104 Georgii
1463 2029 1806 2104 Pachymerw
1861 2033 1976 2108 Pa-

398 2124 676 2189 ron/erasis
708 2127 762 2178 in
818 2123 1112 2192 Epistolas,
1149 2125 1450 2195 interprete
1502 2125 1802 2180 Godefrido
1859 2123 1975 2179 Til-

399 2230 621 2279 tnannn,
655 2216 962 2272 Carthusiaa
989 2217 1316 2271 Parisiensis
1367 2217 1658 2270 monacho.
1699 2217 1760 2270 V.
1788 2213 1976 2270 Sancti

399 2306 625 2361 Maximi
680 2308 894 2364 Scholia
945 2310 999 2362 in
1051 2308 1346 2377 Epistolas,
1376 2323 1498 2362 eum
1542 2308 1738 2362 Latina
1797 2309 1976 2363 inter-

398 2401 705 2468 pretatione
741 2399 1100 2456 Corderiana.
1135 2401 1218 2457 Vl.
1254 2400 1549 2472 Opuscula,
1582 2413 1641 2455 ut
1693 2403 1745 2458 in
1775 2404 1976 2459 editio-

400 2506 470 2545 ne
515 2493 680 2560 priori
736 2491 1144 2561 Autuerpiensi,
1196 2492 1338 2548 inter
1389 2508 1512 2562 quas
1563 2492 1759 2548 Latine
1813 2494 1980 2548 vertit

402 2581 714 2637 Lansselins
749 2581 1063 2638 Encomium
1093 2601 1157 2638 ea:
1186 2583 1404 2639 Menwis
1451 2582 1676 2649 ercis,
1703 2586 1981 2644 recensuit

402 2673 579 2728 Vitam
609 2693 637 2728 a
674 2675 1044 2745 Metaphraste
1099 2676 1505 2739 concinnatam.
1560 2676 1757 2732 Latine
1799 2678 1980 2733 inter-

408 2774 656 2834 pretatus
679 2775 762 2820 est
786 2769 892 2821 duo
927 2778 1186 2836 excerpta
1215 2782 1282 2822 ex
1317 2767 1508 2834 Suida,
1543 2778 1598 2822 et
1644 2769 1978 2838 Nicephoro,

360 2907 368 2913 .
416 2856 588 2910 Vitam
620 2856 834 2927 Syngeli
864 2860 1197 2928 emendavit,
1243 2875 1307 2914 ac
1338 2859 1663 2930 Martyrium
1716 2863 1978 2918 Methodii

401 2949 704 3005 Latinitate
729 2953 951 3006 donavit
973 2951 1379 3022 illustravitqne
1400 2954 1561 3008 notis.
1588 2953 1702 3009 Vll.
1730 2957 1981 3026 Sequun-

401 3053 490 3095 tur
520 3042 765 3113 Dionysii
811 3042 1032 3099 Guerini
1072 3045 1392 3115 Martyrium
1445 3047 1800 3118 AreOpagitw,
1855 3067 1982 3104 ear-

403 3135 644 3189 minibus
675 3136 882 3192 Latinis
913 3153 1258 3206 expressum,
1290 3138 1409 3193 Vita
1441 3143 1509 3195 ab
1541 3140 1818 3196 Halloizio
1847 3158 1978 3197 con-

2081 1948 2196 2003 selii
2230 1947 2764 2018 interpretationibus
2786 1956 3066 2001 ornatam.

2150 2035 2315 2092 Novae
2373 2047 2555 2092 tamen
2617 2052 2762 2091 cura:
2813 2036 3199 2105 praetermissa:
3259 2051 3365 2090 non
3417 2044 3558 2090 sunt
3601 2034 3653 2087 ad

2079 2131 2476 2184 emendandum
2515 2139 2720 2185 textum
2751 2128 3026 2190 Graecum,
3061 2129 3179 2183 sive
3236 2127 3656 2198 AreOpagitico-

2085 2179 2476 2184 ----------------
2517 2179 2720 2185 --ν---η-
2760 2179 3026 2190 ν--η---η
3062 2179 3175 2183 ----
3237 2179 3301 2182 ---
3327 2179 3551 2198 nr“-
3590 2179 3599 2181 -

2080 2238 2200 2277 rum
2235 2222 2500 2292 Operum,
2555 2223 2672 2278 sive
2729 2222 3101 2287 Scboliornm,
3155 2223 3445 2291 ipsumque
3500 2221 3658 2275 variis
3705 2179 3716 2308 1

2080 2313 2431 2378 lectionibus,
2465 2313 2508 2367 si
2540 2329 2662 2383 quae
2697 2328 2833 2383 opus
2860 2311 3062 2376 forent,
3092 2313 3502 2375 exornandam;
3541 2311 3655 2366 dili-
3707 2315 3712 2383 ι

2082 2403 2315 2470 gentiori
2356 2402 2505 2458 facta
2559 2403 2856 2458 collatione
2906 2417 3030 2458 cum
3069 2402 3402 2455 nitidissime
3443 2400 3658 2455 Veneta:

2056 2495 2272 2550 .Saneti
2325 2494 2499 2551 Marci
2553 2495 2897 2550 bibliotheca:
2956 2494 3166 2549 codice.
3216 2492 3454 2560 Operam
3524 2492 3659 2546 hanc

2084 2587 2306 2641 navavit
2357 2586 2661 2641 industrius
2692 2601 2758 2640 ac
2788 2600 2921 2640 sane
2964 2585 3171 2654 peritus
3225 2582 3501 2651 Georgius
3526 2580 3658 2636 Gon—

2081 2680 2326 2744 stautini,
2361 2678 2580 2733 natione
2609 2677 2851 2748 Graecus,
2884 2691 2950 2730 ex
2983 2674 3254 2730 Joannina
3301 2677 3437 2728 urbe
3493 2674 3639 2742 Epiri

2082 2771 2264 2827 Labor
2293 2771 2460 2827 cessit
2486 2785 2612 2825 cum
2643 2770 3037 2825 emolumento.
3078 2768 3365 2823 Variautes
3398 2768 3662 2822 lectiones

2083 2865 2136 2918 in
2169 2863 2438 2932 Operibus
2479 2870 2780 2918 occurrunt
2829 2860 3164 2928 frequentes,
3205 2875 3269 2914 ac
3298 2875 3577 2930 praeterea
3609 2858 3658 2912 iu

2084 2953 2321 3009 Scholiis
2345 2954 2464 3009 erui
2516 2969 2623 3007 non
2654 2966 2829 3021 pauca
2863 2952 3238 3006 additamenta
3271 2960 3527 3020 potuere.
3559 2949 3659 3004 Fo~

2084 3048 2278 3102 liorum
2304 3049 2588 3119 margines
2621 3048 2736 3101 haec
2778 3045 2961 3100 Omnia
2996 3054 3283 3113 praestant.
3323 3045 3396 3099 De
3418 3043 3660 3100 Scholiis

2087 3140 2344 3195 Germani
2392 3139 2744 3203 Patriarchat,
2778 3154 2901 3209 qua:
2945 3153 3090 3193 nunc
3140 3139 3379 3206 primum
3421 3138 3497 3191 ab
3549 3138 3662 3191 aliis

405 3225 650 3290 cinnata,
680 3228 1039 3299 ejusdemque
1069 3231 1402 3294 Quwstiones
1428 3245 1678 3301 quatuor,
1716 3234 1978 3290 Vindiciie
2009 3217 2052 3275 (ἶ
2087 3235 2342 3289 distincta
2373 3235 2644 3304 prodeunt
2682 3233 2839 3304 juxta
2897 3232 3102 3288 codicis
3150 3233 3332 3296 (idem,
3364 3231 3553 3286 dicam
3583 3233 3660 3286 in-

409 3317 637 3374 Martini
673 3321 875 3389 Delrio,
910 3333 964 3377 et
991 3322 1257 3378 Lansselii
1289 3324 1595 3393 Disputatio
1630 3328 1980 3398 apologotica.

408 3411 545 3467 VM.
575 3414 802 3469 Accedit
825 3417 1158 3487 Areopagitw
1194 3418 1441 3485 Defensio
1479 3420 1733 3473 adversus
1762 3423 1982 3474 [uereti-

403 3523 526 3559 cum
576 3507 922 3562 Calvinistam
973 3509 1296 3564 Charentont'
1350 3513 1672 3576 ministrum,
1707 3529 1736 3566 a
1775 3511 1986 3569 Joanne

405 3602 629 3656 domino
660 3602 727 3656 de
763 3602 1072 3657 Cbaumont
1120 3604 1327 3660 Gallice
1358 3605 1593 3672 primum
1645 3610 1982 3677 conscripta,

409 3695 753 3765 subindeque
805 3697 998 3752 Latine
1030 3698 1266 3754 reddita.
1305 3698 1397 3752 ΙΧ.
1431 3698 1780 3767 Postremum
1807 3699 1984 3754 locum

409 3797 596 3841 tenent
627 3787 888 3843 Lansselii
921 3789 1082 3843 Nota:
1102 3790 1170 3843 ad
1203 3791 1547 3861 Pac/tyntera:
1600 3789 1986 3860 Paraphrasim

407 3881 465 3934 in
497 3879 787 3950 Epistolas,
827 3883 1176 3953 ejusdemque
1226 3884 1386 3939 Nota:
1435 3885 1488 3939 in
1539 3884 1714 3939 Vitam
1746 3886 1987 3957 Syngeli,

406 3983 464 4027 et
491 3975 545 4028 in
579 3975 838 4030 Methodii
865 3975 1206 4046 Martyrium.

481 4068 569 4122 Ill.
602 4069 784 4124 t-labes
815 4085 878 4124 ea
925 4071 1246 4142 singillatim
1291 4081 1645 4135 enumerata,
1677 4073 1728 4126 in
1786 4073 1988 4142 quibus

409 4161 770 4224 conveniunt,
804 4174 860 4216 et
908 4164 962 4217 in
1007 4164 1207 4233 quibus
1247 4164 1534 4232 dili‘erunt,
1579 4167 1695 4220 sive
1735 4167 1986 4222 ordinem

410 4264 648 4322 spectes,
675 4256 791 4309 sive
820 4255 1048 4310 Latinas
1079 4258 1584 4326 interpretationes,
1629 4275 1694 4313 ac
1730 4269 1889 4315 notas
1938 4269 1994 4315 et

411 4347 701 4414 opuscula,
761 4349 1029 4404 editiones
1077 4351 1219 4416 dum,
1254 4353 1675 4418 Antuerpiensis
1727 4363 1782 4408 et
1835 4354 1992 4407 Pari-

411 4437 631 4491 siensis.
669 4440 742 4492 De
789 4448 1022 4509 utraque
1071 4439 1326 4496 Casimiri
1376 4441 1574 4496 Oudini
1611 4444 1876 4509 judiciqu
1911 4456 1993 4500 est

2087 3328 2276 3383 ferius.

2158 3421 2630 3492 ll.Opusculorum
2650 3435 2936 3476 numerum
2963 3431 3122 3490 auget
3145 3421 3499 3490 primoopus,
3525 3419 3663 3490 quod

2090 3511 2296 3567 Gallice
2323 3511 2586 3580 scriptum
2612 3511 2926 3578 editumque
2955 3510 3186 3564 frontem
3215 3508 3437 3579 praefert
3477 3529 3492 3564 :
3532 3509 3665 3562 Pro-

2092 3602 2250 3656 bléme
2275 3605 2497 3670 proposé
2527 3618 2636 3654 aux
2679 3613 2924 3667 spavants
2954 3603 3205 3654 ioue/tant
3233 3601 3306 3654 les
3331 3601 3491 3654 lieres
3513 3603 3668 3654 attri-

2093 3695 2222 3747 bues
2255 3694 2287 3748 ὰ
2315 3693 2373 3749 S.
2413 3695 2582 3764 Denys
2625 3695 2974 3764 l’Aréopagite
2997 3707 3016 3747 .'
3042 3695 3110 3746 ait
3146 3693 3250 3746 l’on
3291 3692 3554 3746 demands
3592 3691 3668 3745 s’il

2094 3787 2207 3855 [aut
2257 3788 2392 3853 dire,
2434 3803 2533 3855 que
2577 3797 2654 3839 cet
2702 3799 2894 3838 auteur
2935 3803 2967 3838 a
3017 3786 3116 3839 tiré
3141 3801 3220 3839 ses
3258 3785 3548 3854 principes,
3573 3797 3669 3836 uno

2095 3880 2266 3947 partie
2298 3881 2370 3932 .de
2408 3895 2466 3931 sa
2517 3878 2776 3940 doctrine,
2822 3888 2870 3930 et
2910 3877 2958 3929 le
3011 3878 3170 3930 traité
3209 3878 3275 3929 de
3301 3892 3359 3929 sa
3391 3873 3684 3944 Théologie'

2100 3973 2382 4042 mystique,
2409 3971 2472 4024 de
2497 3971 2636 4023 saint
2672 3967 2903 4022 Clement
2929 3967 3334 4031 d’Alexandrie,
3363 3975 3409 4019 et
3443 3967 3509 4019 de
3531 3965 3669 4018 saint

2097 4063 2348 4134 Grégoire
2372 4063 2436 4116 de
2472 4061 2644 4132 Nysae
2667 4079 2686 4118 :
2711 4077 2778 4113 ou
2817 4061 2863 4113 si
2888 4075 2975 4113 ces
3000 4060 3142 4112 deuo:
3175 4056 3332 4111 l’éres
3358 4068 3447 4110 ont
3472 4059 3590 4124 pris
3612 4056 3670 4108 de

2097 4157 2193 4210 lui.
2237 4155 2278 4208 Α
2338 4153 2494 4208 Paris
2537 4154 2663 4206 cltez
2706 4152 2843 4208 Jcatt
2896 4154 2960 4204 de
2993 4150 3161 4220 Nully
3192 4149 3270 4203 M.
3305 4147 3456 4204 DCC.
3506 4147 3668 4202 γιιι.

2103 4246 2426 4300 «Ρνοωεηιιι
2496 4245 2727 4299 itteratis
2774 4244 2898 4296 viris
2939 4243 3266 4310 propositum
3308 4241 3451 4294 circa
3508 4241 3710 4293 libros.

2098 4338 2356 4407 Dionysio
2394 4335 2724 4404 AreOpagita:
2747 4333 2977 4385 trioutos
3002 4346 3020 4383 :
3049 4347 3152 4401 quo
3186 4333 3254 4383 ad
3280 4344 3501 4382 examen
3525 4345 3673 4382 uoca-

2100 4444 2208 4494 tur,
2246 4429 2622 4500 quwrilttrque,
2668 4440 2790 4478 num
2842 4425 3078 4492 ipsorum
3125 4437 3338 4489 operum
3371 4424 3576 4471 Auctor
3616 4434 3674 4470 ex

414 4540 560 4583 torno
596 4529 637 4594 1,
671 4530 747 4583 De
790 4533 1134 4599 scriptoribus
1180 4545 1228 4587 et
1253 4535 1466 4602 scriptis
1510 4535 1883 4590 ecclesiasticis
1923 4542 1983 4592 ad

2154 4524 2363 4577 lemente
2393 4519 2784 4581 Alexandrino,
2812 4524 2862 4569 et
2894 4531 2959 4568 ex
2994 4514 3111 4566 divo
3145 4509 3397 4578 Gregorio
3434 4509 3672 4577 Nysseno

413 4636 616 4674 annum
653 4622 780 4686 5‘20,
815 4623 920 4677 col.
958 4624 1115 4677 1571.
1147 4641 1166 4674 ‹
1201 4624 1489 4678 Baltltasar
1516 4625 1836 4690 Corderius,
1879 4627 1989 4695 pri-

416 4729 536 4767 lllllS
563 4714 810 4768 omnium
839 4714 1129 4770 dilIusione
1163 4727 1216 4770 et
1242 4716 1598 4785 amplitudine
1643 4715 1996 4771 Commenta-

416 4809 646 4871 riorum,
701 4808 1083 4877 disquisitione
1134 4810 1558 4876 abstrusiorum,
1615 4811 1866 4864 doctrina
1913 4825 1997 4864 re-

414 4914 535 4952 rttm
567 4902 884 4954 omnium...
942 4902 1118 4956 Vitam
1172 4902 1230 4956 S.
1282 4903 1519 4973 Dionysii
1569 4903 1914 4972 Areopagitae
1943 4912 1998 4956 et

415 4993 601 5048 omnia
652 4995 768 5060 ejus
796 4993 997 5062 Opera,
1027 5005 1081 5049 et
1119 4995 1384 5062 quidquid
1421 4997 1489 5049 ab
1529 4995 1652 5049 aliis
1691 4993 1898 5049 Graecis
1929 4994 1996 5049 de

418 5087 514 5141 illo
547 5089 754 5142 dictum
791 5097 894 5153 est,
921 5086 1351 5143 Commentariis
1397 5088 1694 5142 uberrimis
1716 5089 1998 5144 elucidare

421 5176 608 5236 labore
641 5181 800 5248 plane
865 5180 1091 5244 exitnio,
1146 5180 1272 5232 licet
1320 5180 1547 5233 forsitan
1600 5180 1781 5233 minus
1829 5177 1998 5240 felici,

421 5283 652 5330 conatus
678 5284 783 5328 est.
809 5274 1110 5343 Apparebit
1148 5272 1483 5327 incredibilis
1519 5271 1612 5325 ille
1664 5271 1816 5324 labor
1862 5271 2000 5325 Cor-

419 5367 558 5422 derii
599 5382 666 5439 es
710 5367 1048 5435 inspectione
1089 5365 1331 5418 omnium
1382 5363 1440 5418 S.
1481 5363 1720 5432 Dionysii
1751 5363 2000 5431 Areopa-

425 5461 550 5529 sine
606 5459 868 5528 Operam,
923 5466 979 5512 et
1033 5456 1275 5512 omnium
1309 5455 1375 5509 ad
1411 5455 1587 5508 Vitam
1621 5461 1677 5506 et
1737 5453 2001 5506 Encomia

423 5552 665 5617 ejusdem
723 5551 1109 5619 spectantium,
1146 5563 1265 5620 quae
1317 5546 1628 5615 Antuerpite
1683 5561 1828 5599 anno
1860 5545 1999 5599 1654

427 5644 619 5699 Graece
657 5653 713 5698 et
759 5642 952 5698 Latine
985 5643 1194 5697 duobus
1230 5639 1283 5693 in
1318 5638 1447 5694 folio
1476 5638 1638 5692 tomis
1672 5635 2004 5690 nitidissime

432 5737 576 5790 edita
611 5746 759 5801 sunt,
803 5745 916 5789 tum
951 5750 1139 5790 recusa
1175 5733 1418 5790 Parisiis.
1449 5745 1592 5785 anno
1649 5728 1808 5792 1644,
1844 5730 2005 5783 modo

433 5829 716 5899 lormaque
771 5829 998 5884 eisdem.
1058 5826 1136 5898 _Ut
1187 5841 1319 5882 sane
1383 5826 1717 5897 inposterum
1766 5823 2005 5878 inutilem

2101 4616 2474 4688 deprompserit
2509 4611 2778 4682 principia
2821 4626 2944 4672 sua,
2975 4623 3037 4660 ac
3081 4605 3342 4658 doctrinae
3370 4612 3598 4669 partem,
3631 4611 3672 4652 et

2101 4710 2410 4764 Tractatum
2447 4705 2511 4759 de
2560 4701 2786 4772 Mystica
2833 4698 3121 4766 Tlteologia
3148 4711 3167 4749 :
3195 4712 3265 4748 an
3291 4696 3354 4746 ab
3381 4692 3473 4745 illa
3519 4693 3673 4762 quid-

2097 4801 2240 4868 piam
2290 4796 2379 4848 isti
2425 4793 2805 4846 mutuaveriut.
2841 4807 2861 4841 ι
2904 4789 3094 4855 Neque
3157 4787 3337 4839 solum
3369 4781 3673 4843 Problema,

2100 4890 2246 4959 quod
2279 4885 2633 4958 preponitur,
2695 4881 3042 4950 argumentis
3093 4890 3259 4946 atque
3313 4874 3676 4931 solutionibus

2101 4993 2332 5052 utraque
2360 4995 2426 5033 ex
2450 4988 2602 5047 parte
2627 4975 2868 5029 munitur
2898 4987 2909 5021 :
2942 4985 3128 5024 verum
3165 4971 3327 5022 etiam
3359 4978 3676 5037 argumenta

2102 5081 2421 5142 comparent
2465 5072 2519 5124 in
2566 5085 2655 5129 eo,
2717 5082 2781 5120 ac
2829 5065 3132 5118 solutiones
3160 5103 3175 5127 ,
3239 5078 3360 5130 quae
3426 5061 3677 5133 Dionysio

2102 5165 2462 5235 Areopagitae,
2501 5160 2671 5216 veluti
2717 5158 2954 5228 genuino
2985 5155 3222 5219 auctori,
3256 5154 3467 5217 favent,
3501 5165 3556 5207 et
3584 5153 3676 5206 ad-

2105 5268 2410 5313 versantur.
2438 5253 2680 5308 Prodibit
2717 5249 2864 5319 Opus
2889 5246 3080 5301 Latine
3100 5248 3367 5301 duntaxat
3392 5246 3676 5299 redditum.

2176 5351 2324 5404 Inter
2354 5364 2450 5402 eos
2501 5347 2591 5413 qui
2643 5343 2741 5397 abs
2791 5342 3050 5410 Dionysio
3103 5339 3436 5407 Areopagita
3468 5338 3679 5414 abjudi—

2109 5452 2235 5497 cant
2258 5441 2459 5510 Opera,
2488 5437 2856 5490 ortltodoxum
2882 5433 3197 5501 quempiam
3249 5431 3521 5499 sequioris
3553 5439 3679 5483 aeta-

2111 5538 2180 5592 tis
2203 5548 2480 5589 auctorem
2547 5537 2746 5600 putant
2777 5526 2972 5594 aliqui,
3007 5525 3404 5578 heterodoxum
3435 5523 3546 5574 alii.
3578 5521 3677 5576 Pro

2110 5631 2272 5685 Petro
2310 5629 2604 5697 Cnaplneo,
2637 5641 2730 5679 seu
2786 5623 3033 5685 Fullone,
3073 5630 3171 5674 aut
3225 5619 3414 5687 aliquo
3457 5633 3525 5672 ex
3572 5617 3680 5687 ejus

2112 5726 2340 5779 asseclis
2377 5721 2713 5790 Eutychiana
2739 5726 2832 5770 aut
2864 5713 3296 5784 Monopbysitica
3343 5711 3431 5764 Ine
3465 5708 3681 5769 infectu,

2119 5819 2383 5892 pugnavit
2428 5813 2696 5870 acerrime
2736 5809 2967 5868 Michael
2996 5807 3309 5876 Lequienus
3335 5805 3387 5858 in
3421 5803 3678 5858 Disserta-

3693 1589 3708 1868 1

3697 1871 3712 2152 ε
