3748 6316
13 355 81 409 BI
1383 356 1918 415 PROLEGOMENA.
3226 358 3297 414 62

13 480 189 529 tione
241 491 282 530 ιι
330 474 740 543 Damascenica,
768 491 797 530 a
834 492 988 533 num.
1018 479 1088 532 10
1118 480 1183 535 ad
1216 494 1501 534 numerum
1534 496 1625 535 us.
1652 484 1701 542 Α
1728 496 1891 548 quem
1923 496 2021 549 pro
2054 496 2158 535 una
2191 478 2476 553 hypostasi
2507 478 2743 547 aliisque
2786 464 3189 532 controversiis
3231 491 3298 530 eo

13 581 142 634 que
215 566 309 619 16.
359 568 513 634 Quod
570 580 891 638 excerptum
942 572 1085 625 inter
1141 582 1442 625 memorata
1483 586 1622 639 opu-

11 658 194 713 scula
247 675 445 713 novum
491 661 669 715 locum
721 662 907 716 habet.
961 660 1142 717 Hocce
1183 677 1313 715 vero
1364 663 1621 730 excipere

12 749 238 802 debuit
263 748 495 805 adversa
523 752 851 807 Dissertatio
904 762 1118 816 nostra,
1153 751 1227 805 De
1258 752 1364 820 ﬁde
1384 754 1620 807 auctoris

12 840 279 906 Operam
309 856 429 910 qut:
456 841 605 912 vulgo
637 842 1009 913 Areopagitica
1034 846 1304 906 dicuntur,
1330 861 1399 896 an
1445 844 1622 896 ortho-

12 933 215 984 doxus
262 931 445 999 fuerit,
491 950 561 986 an
604 934 880 987 htereticus
946 936 1025 989 vel
1076 933 1486 1003 Apollinarista,
1534 936 1616 987 vel

14 1022 440 1091 Eutychianus,
467 1040 557 1077 seu
576 1022 973 1094 Manaphysita.
992 1024 1115 1079 Jatn
1141 1026 1284 1079 edita
1305 1035 1621 1079 numeratur

13 1128 184 1166 nona
221 1114 367 1170 inter
397 1114 534 1169 alias
572 1116 796 1185 triginta
833 1116 1259 1171 Dissertationes
1304 1118 1380 1171 De
1436 1120 1617 1188 gestis,

12 1218 69 1259 et
129 1208 377 1275 scriptis,
411 1225 473 1261 ac
528 1210 769 1262 doctrina
822 1212 991 1263 sancti
1039 1209 1255 1264 Thema:
1313 1211 1615 1277 Aquinatis,

13 1297 182 1365 typis
236 1298 415 1350 editas
446 1296 687 1360 in-rolio,
721 1295 989 1373 Venetiis,
1036 1297 1179 1364 apud
1222 1296 1381 1350 Joan.
1434 1298 1621 1363 Bapti-

13 1400 174 1441 Statu
234 1387 493 1457 Pasquali
549 1387 708 1445 1750.
760 1388 959 1443 Eadem
988 1399 1197 1457 prostat
1229 1390 1285 1443 in
1314 1404 1450 1443 nova
1474 1389 1617 1455 ejus-

13 1480 151 1532 dem
184 1478 249 1536 S.
279 1479 501 1534 Thomte
523 1476 760 1548 Operum
797 1480 1039 1535 editione
1064 1477 1286 1547 Veneta,
1311 1490 1456 1534 tomo
1485 1479 1616 1545 Vlll,

10 1571 176 1624 iit-4.

98 1662 203 1715 Ill.
238 1661 317 1715 Ex
351 1663 435 1717 his
461 1664 739 1734 opusculis
768 1666 936 1722 variae
979 1667 1350 1730 innotescunt,
1383 1681 1502 1733 quae
1538 1666 1619 1720 fe-

16 1767 242 1809 runtur
279 1755 352 1809 de
399 1771 661 1825 germano
707 1758 1219 1828 Areopagiticorum
1253 1759 1489 1826 Operum
1519 1773 1615 1826 pa-

1726 581 1970 641 tempore
2014 571 2232 639 agitatis
2286 578 2593 639 opponeret
2628 566 3032 623 Orientalibus.
3098 564 3295 619 Verum

1724 665 1958 733 denique
2012 665 2096 718 his
2148 662 2399 717 omnibus
2426 660 2746 729 antiquiori,
2788 674 2983 728 magno
3013 658 3295 728 Dionysio,

1721 757 2066 811 Alexandriae
2119 756 2395 825 episcopo,
2454 751 2813 819 adjudicanda
2845 765 2968 805 esse
2996 749 3296 819 Are0pagi-

1724 850 1829 903 tica
1860 849 2169 918 conjecerat
2208 846 2341 902 Joan
2361 883 2376 900 .
2404 844 2681 913 Philippus
2709 843 3043 899 Baraterius.
3083 840 3209 897 Haec
3238 843 3291 894 in

1722 950 1906 995 nostra
1932 939 2325 994 Dissertatioue
2354 938 2587 993 refutata
2612 946 2738 989 sunt
2756 944 3056 990 commenta
3084 933 3290 988 omnia.

1791 1030 2036 1083 Primum
2090 1028 2517 1083 memoravimus
2578 1025 2874 1097 Hypatium
2906 1064 2921 1088 ,
2973 1024 3289 1092 episcopum

1721 1123 2076 1191 Epltesinum,
2112 1120 2204 1189 qui
2234 1118 2659 1187 Apollinaristas
2710 1116 3000 1171 hzereticos
3034 1116 3292 1184 antiquos

1720 1214 1907 1268 fecerit
1936 1222 2191 1266 auctores
2237 1210 2758 1277 AreOpagiticorum.
2794 1206 2944 1260 Hanc
2980 1206 3291 1259 refutarunt

1719 1306 2085 1374 opinationem
2116 1301 2357 1358 Joannes
2386 1299 2894 1371 Scythopolitanus.
2927 1308 2981 1353 et
3024 1297 3292 1351 Maximus

1726 1399 1781 1452 in
1814 1396 2044 1464 Prologo
2070 1404 2124 1450 et
2170 1395 2223 1450 in
2255 1394 2419 1447 notis.
2454 1390 2591 1447 Vide
2648 1401 2814 1459 caput
2854 1389 2888 1442 3
2941 1388 3265 1443 Dissertatio

1722 1490 1826 1543 nis.
1855 1488 2034 1558 Longe
2060 1487 2332 1540 recentior
2363 1494 2447 1538 est
2471 1499 2660 1539 eorum
2715 1480 3012 1543 sententia,
3044 1480 3135 1547 qui
3185 1478 3292 1531 En-

1722 1581 1995 1652 tychianis
2025 1588 2078 1631 et
2108 1577 2501 1647 Monophysitis
2554 1576 2861 1629 tribuerunt
2888 1572 3292 1640 Areopagitica.

1720 1673 2023 1727 Casiutirus
2047 1671 2291 1726 Oudiuus
2338 1670 2415 1722 De
2447 1667 2792 1735 scriptoribus
2813 1673 2863 1717 et
2884 1666 3097 1733 scriptis
3123 1664 3291 1717 eccle-

1720 1764 1971 1829 siasticis,
2023 1764 2141 1817 loco
2199 1764 2450 1832 superius
2482 1762 2723 1824 laudato,
2756 1759 2937 1827 capite
2965 1759 3021 1819 2,
3057 1758 3138 1810 sic
3166 1758 3285 1810 ait:

18 1858 194 1900 rente
240 1849 553 1916 Opiniones.
602 1847 800 1904 Paucis
833 1866 928 1905 eas
961 1867 1270 1907 memorare
1324 1851 1504 1906 liceat.
1536 1851 1616 1904 Ac
1647 1826 1690 1881 Β
1725 1874 1745 1907 ι
1780 1855 1985 1923 Opinor
2030 1855 2218 1922 igitur.
2258 1868 2327 1908 ne
2378 1853 2507 1921 quid
2564 1826 2923 1911 dssimulem.
2958 1849 3134 1918 Opera
3194 1848 3289 1901 illa

15 1940 220 2005 primo
255 1939 426 1992 veluti
481 1954 579 2009 pro
606 1950 888 2010 comperto
922 1942 1112 1995 haberi
1144 1950 1346 2008 potest,
1377 1956 1440 1994 ac
1468 1952 1617 1995 certe

16 2028 219 2094 debet,
252 2038 469 2083 certum
497 2045 562 2084 ac
588 2031 884 2101 genuinum
946 2030 1166 2086 exstare
1203 2031 1407 2085 nullum
1438 2032 1490 2084 iu
1521 2046 1618 2084 an-

21 2106 295 2189 tiquitate
355 2131 789 2187 monumentum,
825 2137 932 2191 quo
981 2123 1157 2177 eviuci
1209 2134 1395 2192 queat,
1428 2121 1617 2191 primis

17 2223 276 2279 quatuor
313 2210 570 2265 Ecclesia“:
601 2212 840 2277 szeculis,
874 2212 959 2267 vel
992 2214 1154 2267 etiam
1188 2212 1373 2267 adulto
1405 2213 1614 2281 quinto,

19 2315 75 2356 et
105 2305 179 2357 ad
236 2304 404 2357 linem
452 2314 731 2373 vergente,
766 2304 1151 2373 Areopagitica
1186 2304 1406 2358 laudata
1437 2302 1614 2371 Opera

20 2397 367 2450 iunotuisse.
396 2395 507 2450 Hac
536 2398 602 2449 de
632 2411 689 2450 re
726 2397 839 2464 agit
866 2396 1143 2449 uberrime
1174 2406 1364 2449 auctor
1398 2394 1615 2448 Proble-

21 2494 193 2543 matis
223 2490 376 2558 quod
404 2490 653 2557 superius
686 2488 1114 2543 memoravimus
1146 2505 1160 2541 :
1190 2488 1272 2557 egi
1318 2489 1481 2542 etiam
1514 2502 1617 2556 ego

22 2585 79 2638 in
120 2583 532 2639 Dissertatione
560 2582 753 2646 cita-ta,
794 2582 1065 2650 capitibus
1099 2581 1148 2645 l,
1175 2580 1231 2643 2,
1254 2581 1288 2635 4
1310 2590 1364 2634 et
1387 2597 1505 2649 seq.

95 2678 277 2733 Primi
313 2677 464 2730 fuere
490 2675 813 2729 heterodoxi
850 2674 1166 2737 Severiani,
1194 2674 1413 2729 concilii
1459 2690 1615 2731 (ecu-

22 2769 231 2823 menici
266 2766 733 2822 Chalcedonensis
780 2768 988 2831 hostes,
1016 2774 1073 2818 ut
1106 2774 1287 2820 certos
1321 2776 1485 2821 testes
1516 2768 1615 2821 ad-

24 2862 280 2923 hibeam,
321 2860 412 2927 qui
458 2858 771 2912 testimonia
798 2873 864 2912 ex
915 2858 1321 2927 AreOpagiticis
1348 2857 1616 2928 Operibus

24 2956 365 3021 deprompta
405 2950 751 3004 adduxerunt
802 2952 853 3004 in
903 2949 1226 3010 Collatione,
1258 2966 1422 3019 quam
1473 2951 1614 3006 Con-

24 3042 395 3110 stantinopoli
430 3043 677 3095 habuere
709 3056 832 3096 cum
853 3042 1199 3105 orthodoxis,
1238 3057 1470 3110 quorum
1497 3044 1613 3111 pri-

1719 1946 1921 2010 omnia,
1975 1954 2126 1999 tanto
2181 1944 2325 1999 fastu
2382 1943 2585 1997 Sancto
2638 1941 2904 2011 Dionysio
2938 1941 3291 2009 Areopagitae

1719 2036 2003 2099 attributa,
2060 2034 2229 2088 fuisse
2275 2035 2505 2089 c0nlicta
2541 2050 2570 2086 a
2604 2032 2929 2086 Severianis
2991 2031 3287 2091 luereticis,

1718 2142 1935 2183 errores
1977 2126 2295 2196 Eutychetis
2344 2124 2787 2193 amplexantibus
2816 2163 2832 2188 ,
2883 2133 3049 2191 atque
3100 2133 3294 2176 sancto

1718 2218 1978 2290 Dionysio
2006 2217 2348 2287 Areopagitae
2395 2216 2699 2285 supposita,
2734 2216 2891 2284 cujus
2940 2216 3039 2268 sub
3073 2213 3293 2266 nomine

1718 2310 2114 2372 conﬂuxerant,
2146 2318 2203 2363 ut
2232 2306 2367 2362 lalsa
2402 2318 2650 2361 veterum
2702 2307 3034 2360 auctoritate
3076 2318 3294 2359 errores

1717 2416 1849 2457 suos
1882 2400 2260 2455 defenderent.
2290 2399 2535 2453 Coulicta
2569 2398 2659 2453 illa
2706 2397 2875 2452 fuisse
2903 2400 3051 2451 circa
3088 2410 3291 2449 annum

1718 2491 1844 2558 520,
1870 2489 2187 2545 Severianis
2214 2500 2344 2544 tunc
2375 2489 2636 2557 temporis
2681 2488 2733 2541 iu
2769 2489 3005 2559 imperio
3036 2488 3290 2541 obtinen-

1721 2584 1888 2648 tibus,
1912 2598 1943 2637 a
1973 2582 2175 2652 quibus
2207 2581 2295 2636 illa
2327 2582 2565 2651 primum
2619 2582 2720 2634 sub
2752 2582 3002 2650 specioso
3048 2577 3292 2648 Dionysii

1715 2676 2056 2744 Areopagitae
2100 2673 2342 2738 nomine,
2377 2689 2523 2729 anno
2551 2672 2679 2733 552,
2720 2674 2774 2727 in
2806 2672 3109 2727 Collatioue
3147 2670 3295 2725 Con-

1716 2764 2201 2835 stantinopolitana
2266 2763 2413 2818 inter
2484 2762 2798 2815 Catholicos
2849 2771 2905 2814 et
2964 2761 3293 2815 Severiauos

1716 2856 1951 2927 allegata
1993 2865 2142 2921 sunt,
2194 2853 2625 2924 producentibus
2660 2854 2747 2907 illa
2780 2869 2812 2908 e
2855 2855 3096 2908 tenebris
3123 2853 3290 2907 Seve—

1717 2949 1915 3014 riauis,
1981 2948 2077 3003 sed
2117 2945 2443 3001 orthodoxis
2474 2945 2591 3009 illa,
2618 2945 2690 2997 uti
2723 2944 2981 2999 Ecclesiae
3012 2945 3293 3011 hucusque

1719 3044 1896 3112 ignota
1928 3051 1984 3096 et
2036 3041 2278 3095 inaudita
2320 3040 2771 3107 reprobautibns.
2808 3036 2965 3091 Venit
3012 3037 3066 3089 in
3112 3052 3291 3090 meam

29 3154 152 3189 mus
196 3145 324 3187 erat
362 3133 649 3204 Hypatius,
671 3135 960 3202 episcopus
997 3132 1327 3200 Ephesinus.
1354 3133 1452 3189 llic
1485 3150 1612 3193 vero
1640 3157 1683 3216 ο
1717 3134 2039 3189 sententiam
2073 3131 2310 3187 Joannes
2345 3130 2642 3185 Dallzeus...
2680 3129 2732 3183 iu
2764 3144 2928 3197 opere
2965 3127 3041 3180 De
3070 3128 3286 3195 scriptis

26 3232 243 3297 primus
276 3228 401 3291 fuit,
436 3229 526 3297 qui
554 3227 744 3281 eadem
774 3226 949 3296 Opera
1001 3226 1096 3280 abs
1144 3228 1403 3297 Dionysio
1434 3230 1610 3283 Areo-

29 3324 215 3390 pagita
273 3319 632 3383 abjudicavit,
698 3318 997 3385 tribuitque
1051 3319 1289 3387 antiquis
1343 3321 1615 3377 haereticis

25 3413 463 3482 Apollinaristis.
498 3409 633 3464 Vide
666 3422 829 3479 caput
865 3413 1097 3481 primum
1137 3415 1313 3467 citatze
1341 3413 1613 3467 Disserta-

29 3505 222 3557 tionis.
276 3501 494 3555 SlBCUlO
536 3511 690 3555 sexto
720 3502 954 3568 incepto.
985 3503 1036 3556 id
1064 3514 1146 3555 est
1180 3519 1321 3555 anno
1345 3503 1474 3566 552,
1512 3504 1612 3555 ha-

30 3596 137 3646 bita
191 3592 301 3646 fuit
333 3592 591 3660 prtedicta
638 3592 869 3646 Collatio
900 3610 914 3647 :
950 3608 1056 3660 quo
1084 3596 1307 3657 saeculo,
1332 3595 1415 3648 vel
1448 3596 1612 3648 etiam

29 3686 263 3737 cadente
301 3684 517 3751 quinto,
572 3699 668 3752 pro
718 3693 909 3737 sancto
971 3683 1232 3752 Dionysio
1283 3686 1613 3753 AreOpagita

30 3775 297 3842 pugnavit
350 3772 606 3838 Joannes,
674 3774 1156 3843 Scythopolitauus
1203 3776 1465 3837 antistes;
1518 3790 1616 3842 pu-

31 3866 220 3933 gnavit
256 3864 425 3916 etiam
464 3862 784 3931 insequente
824 3863 1021 3916 saaculo
1066 3873 1291 3917 sanctus
1323 3863 1610 3927 Maximus,

34 3956 198 4008 abbas
239 3953 751 4023 Chrysopolitanus,
796 3970 861 4009 ac
893 3954 1133 4021 sequiori
1160 3964 1327 4009 {etate
1358 3948 1613 4008 Theodo-

34 4060 122 4098 rus
175 4046 408 4112 quidam
455 4044 767 4114 presbyter,
820 4046 959 4114 apud
1009 4044 1289 4107 Photium,
1352 4047 1541 4100 codice
1571 4062 1610 4099 t.

33 4136 387 4204 Apologetica
452 4136 711 4205 opuscula
770 4136 933 4191 simul
991 4138 1219 4191 collecta
1255 4139 1615 4206 prmstatVe-

36 4236 153 4279 ncta
190 4229 313 4279 hzec
364 4226 555 4287 editio,
586 4241 705 4294 qua:
746 4228 1085 4296 scripserunt
1138 4229 1458 4295 llalloixius,
1488 4230 1616 4283 Dci-

35 4319 163 4383 rius,
195 4312 544 4381 Lansselius,
572 4317 996 4374 Chaumontius.

101 4408 249 4461 lnter
281 4425 380 4462 eos
403 4409 493 4477 qui
524 4409 791 4479 genuinos
828 4409 1173 4478 Areopagitas
1198 4411 1340 4464 fetus
1361 4412 1612 4465 inﬁcian~

1715 3244 1833 3295 qua:
1866 3226 2105 3295 Dionysii
2126 3224 2458 3293 Areopagitw
2480 3234 2527 3277 et
2553 3222 2751 3291 Ignatii
2780 3220 3095 3274 Antiocheni
3121 3219 3294 3271 nomio

1717 3318 1866 3371 nibus
1915 3316 2381 3386 circumferuntur,
2432 3324 2539 3369 etc.
2578 3333 2596 3366 ι
2632 3313 2737 3367 Pro
2809 3312 3148 3371 Severianis,
3188 3320 3283 3363 aut

1717 3408 2131 3479 Menophysitis,
2180 3408 2344 3462 veluti
2393 3407 2887 3475 Areopagiticorunt
2948 3404 3290 3464 auctoribus,

1715 3519 1779 3558 ac
1841 3503 2141 3569 praesertim
2178 3500 2340 3554 Petro
2371 3499 2646 3566 Cuaphaeo
2699 3512 2793 3550 seu
2826 3484 3072 3557 Fullone,
3110 3494 3293 3547 Eccle-

1716 3597 1810 3649 siae
1837 3594 2191 3647 Antiochense
2222 3603 2475 3660 tyranno,
2507 3597 2599 3641 aut
2645 3587 2753 3640 alio
2806 3588 3041 3654 partium
3083 3584 3200 3651 ejus
3238 3593 3292 3639 et

1718 3685 2068 3739 consiliorum
2100 3683 2273 3744 socio,
2301 3683 2413 3751 agit
2449 3682 2727 3736 uberrime
2782 3677 3017 3733 Michael
3051 3678 3291 3745 Lequie-~

1717 3793 1819 3832 nus
1864 3776 1983 3830 loco
2034 3776 2219 3839 citato,
2257 3775 2554 3843 pluresque
2598 3777 2650 3827 in
2694 3774 2933 3827 medium
2965 3768 3177 3839 profert
3216 3784 3282 3822 ac

1718 3870 2011 3939 ampliﬁcat
2073 3869 2442 3938 conjecturas.
2501 3866 2691 3920 Virum
2770 3862 3145 3917 doctissimqu
3194 3874 3294 3930 pro

1717 3964 1859 4018 virili
1910 3962 2221 4030 insequitur
2278 3969 2391 4012 tota
2442 3958 2772 4012 Dissertatio
2827 3957 3025 4023 saepius
3074 3956 3290 4008 citata:

1718 4072 1892 4125 neque
1922 4055 2236 4123 opinionem
2268 4052 2410 4118 ejus,
2458 4066 2621 4118 quam
2659 4058 2908 4113 noverat,
2936 4046 3291 4101 verisimilem

1719 4159 1871 4217 putat
1909 4146 2257 4201 Christianus
2305 4144 2644 4209 Augustinus
2670 4141 2816 4210 Salig
2869 4142 2919 4193 in
2950 4149 3187 4193 tractatu
3217 4139 3294 4193 De

1722 4238 2155 4309 Eutychianismo
2199 4246 2322 4289 ante
2354 4236 2628 4303 Eutychen
2654 4253 2673 4291 :
2705 4249 2883 4304 neque
2938 4246 3154 4287 rursum
3199 4248 3294 4301 ap-

1718 4334 1912 4402 probat
1943 4330 2247 4385 Maturinus
2289 4328 2570 4384 Vessieres
2598 4329 2899 4385 La-Croze.
2947 4328 3144 4381 Sedem
3175 4324 3291 4378 Au-

1722 4424 2029 4477 tiochenam
2059 4438 2206 4477 anno
2235 4422 2333 4476 lit
2371 4424 2545 4489 prima
2594 4424 2713 4475 vice
2750 4421 2923 4473 tenuit
2965 4417 3292 4487 Cnaphaaus,

39 4512 116 4553 tur
140 4499 346 4568 Opera,
380 4503 447 4553 de
478 4500 675 4568 quibus
699 4504 939 4570 agimus,
970 4502 1121 4554 varia
1156 4515 1284 4557 sunt
1319 4504 1514 4571 placita
1534 4504 1587 4559 Ili

1769 4530 2029 4581 erumque
2060 4516 2255 4568 invasit
2289 4528 2436 4567 anno
2461 4513 2567 4566 476
2597 4523 2652 4567 et
2682 4513 3024 4581 insequente,
3046 4524 3112 4564 ac
3134 4508 3295 4563 tertio

38 4609 285 4663 auctore,
335 4613 501 4664 quem
554 4598 882 4665 perquirunt
925 4614 937 4648 :
978 4598 1267 4666 ipsumque
1303 4600 1477 4652 virum
1526 4614 1617 4653 or-

40 4690 336 4743 tbodoxum
370 4690 575 4742 habent
602 4688 711 4750 alii,
742 4688 947 4753 aliique
996 4690 1417 4752 heterodoxum,
1449 4690 1616 4743 dissi—

38 4780 269 4847 dentque
323 4780 389 4832 de
435 4780 659 4832 natione
687 4778 823 4845 ejus.
860 4777 1185 4834 Guillelmus
1232 4780 1444 4835 Caveus
1472 4780 1619 4832 arbi-

42 4882 208 4925 tratus
230 4870 611 4939 est,0perum
666 4879 946 4922 auctorem
995 4872 1101 4925 diei
1153 4887 1309 4941 posse
1338 4871 1623 4939 Apollineo

42 4963 195 5026 rium,
225 4978 391 5031 quem
451 4972 607 5031 putat
659 4961 825 5015 fuisse
884 4962 939 5014 in
1000 4962 1105 5030 [ide
1162 4972 1617 5029 sanum,patrem

41 5055 366 5123 Apollinaris
400 5056 669 5108 haeretici.
710 5054 783 5108 Ea
816 5054 1167 5108 Mathurinus
1202 5053 1479 5108 Vcssieres
1511 5052 1619 5108 La-

40 5146 205 5203 Croze
255 5148 451 5203 tribuit
505 5147 761 5217 Syuesio,
794 5148 1156 5202 Ptolemaidis
1191 5149 1450 5217 episcopo
1483 5165 1497 5201 :
1536 5149 1618 5200 in~

44 5252 427 5307 centoremque
454 5240 556 5307 ipsi
591 5240 779 5306 fuisse,
804 5250 863 5294 ut
895 5240 1085 5296 eadem
1116 5241 1405 5301 scriberet,
1436 5239 1617 5294 Theo-

46 5331 238 5397 philum
277 5331 714 5385 Alexandrinum
761 5332 1068 5385 contendit.
1102 5330 1449 5399 Quid?quod
1476 5330 1621 5384 Hen-

50 5416 185 5472 ricus
236 5418 550 5473 Dodvvellus
591 5419 645 5474 in
678 5421 910 5489 epistola
942 5422 1007 5474 ad
1046 5420 1283 5475 Caveum
1335 5436 1617 5476 commeno

51 5516 125 5562 lus
151 5518 255 5571 est,
298 5525 329 5563 a
362 5508 564 5564 Latino
619 5511 893 5565 catholico
942 5512 1161 5566 homine
1213 5513 1473 5579 quadam,
1501 5512 1619 5568 for-

52 5603 186 5652 lasse
238 5600 515 5669 Gregorio
547 5600 762 5671 Magno,
789 5604 1025 5656 conﬁcta
1072 5618 1193 5656 esse
1233 5602 1411 5671 Opera
1450 5604 1622 5657 Areo-
1672 5607 1678 5615 '

51 5690 294 5758 pagitica,
338 5701 538 5760 utpote
566 5693 657 5762 qui
718 5704 848 5747 ante
914 5694 1294 5761 pontificatum
1333 5694 1423 5747 diu
1455 5696 1619 5749 vitam

53 5781 211 5843 egerit
257 5782 765 5853 Constantinopoli,
798 5800 862 5839 ac
914 5785 1233 5854 Dionysium
1262 5785 1616 5854 conﬂuxerit,

1719 4605 2006 4673 occupavit
2036 4621 2179 4658 anno
2215 4604 2320 4657 485
2348 4604 2413 4656 ad
2440 4619 2639 4656 annum
2665 4617 2845 4670 usque
2864 4601 2989 4655 488.

1790 4697 2080 4750 Auctorem
2105 4709 2233 4763 ergo
2261 4693 2505 4761 apprime
2537 4692 2925 4753 orthodoxum,
2954 4691 3166 4745 censuit
3188 4689 3296 4743 La-

1723 4787 1891 4840 tinum
1936 4785 2261 4848 Dodwellus,
2293 4782 2608 4853 Egyptian]
2660 4782 2981 4836 Paschasius
3033 4781 3297 4847 Quesncl—

1722 4878 1845 4940 lius,
1878 4886 1933 4931 et
1980 4874 2221 4930 Joannes
2274 4874 2419 4928 Bona
2465 4891 2478 4926 :
2518 4873 2764 4931 Grzecum
2799 4873 3121 4940 scriptorem
3147 4872 3293 4924 Atti-

1721 4983 1953 5035 cumque
2001 4966 2330 5035 Lequienus.
2383 4963 2519 5018 Vide
2571 4972 2733 5030 caput
2787 4965 2819 5016 6
2872 4962 3293 5016 Dissertationis.

1720 5058 1977 5112 Auctoris
2008 5057 2268 5125 ejusdem,
2299 5055 2545 5124 quisquis
2581 5055 2669 5107 ille
2707 5054 2890 5116 fuerit,
2936 5062 3175 5121 tempora
3205 5054 3296 5107 de-

1722 5148 1841 5202 ﬁnit
1873 5147 2113 5201 Marinus
2145 5156 2265 5215 post
2297 5144 2625 5209 Nestorium,
2668 5154 2722 5198 et
2758 5154 2881 5199 ante
2924 5144 3295 5213 Eutychiano-

1722 5255 1843 5292 rum
1877 5238 2088 5303 turbas,
2140 5238 2332 5305 quinto
2386 5236 2583 5291 saeculo
2627 5237 2844 5290 labente
2877 5251 2890 5286 :
2924 5234 3030 5288 imo
3063 5235 3296 5289 conﬁcta

1719 5345 1886 5398 upera
1929 5340 2114 5383 censet
2159 5328 2415 5383 Nicolaus
2447 5328 2725 5393 Nourrius,
2771 5336 2950 5380 asceta
2986 5325 3296 5379 Benedicti-

1721 5436 1822 5474 nus
1865 5420 2285 5483 Sammaurteus,
2322 5419 2464 5473 intra
2496 5434 2696 5471 annum
2721 5416 2848 5478 451.
2902 5430 3009 5483 quo
3057 5414 3297 5486 synodus

1720 5515 2055 5567 meumenica
2126 5513 2393 5583 Ephesina
2462 5513 2723 5565 adversus
2778 5509 3180 5574 Nestorianos,
3244 5518 3298 5561 et

1720 5606 1844 5667 451,
1877 5621 1985 5675 quo
2022 5606 2258 5676 synodus
2294 5603 2752 5660 Chalcedonensis
2788 5610 2979 5658 contra
3001 5599 3298 5666 Eutychia-

1722 5714 1822 5751 nm
1854 5698 2124 5751 celebrata
2152 5706 2252 5753 est.
2278 5697 2447 5753 Paulo
2473 5696 2738 5753 seriorem
2764 5694 2955 5751 feturae
2977 5702 3189 5750 aetatem
3211 5708 3298 5747 ar-

1720 5788 1993 5844 bitrantur
2018 5788 2127 5843 alii.
