3708 6306
435 342 503 398 b3
1562 337 1622 396 ἓ,
1662 334 2039 394 DlONYSlUS
2075 334 2537 394 AREOPAGITA.

1050 456 1279 513 CAPUT
1319 454 1406 510 Ill.

441 572 659 629 Scholia
706 576 760 626 in
808 572 978 638 Opera
1034 571 1397 640 AreOpagitica
1445 569 1796 640 scripsitnon
1826 567 2013 640 solum

513 645 802 709 Maximus,
830 644 919 695 sed
945 654 1065 695 ante
1085 639 1255 709 ipsum
1279 640 1512 694 Joannes
1535 639 2011 709 Scythopolitanus.

513 714 577 767 In
603 715 753 766 editis
773 705 993 780 confusa
1020 705 1275 777 prostant.
1309 709 1574 762 Nourrius
1591 705 1825 762 notatus.
1859 705 2018 780 Scito-

511 783 583 835 lia
617 782 843 834 Joannis
874 775 1302 849 'SrythOpolilani
1346 782 1398 831 in
1429 781 1695 832 codicibus
1744 795 1870 832 mss.
1909 775 2015 849 ali-

516 854 636 906 cubi
666 844 967 914 ampliora:
991 844 1200 904 Indicia
1230 850 1379 919 queis
1414 849 1543 919 _alia
1562 849 1759 902 secerni
1799 849 1861 899 ab
1898 844 2017 897 aliis

514 932 757 987 possunt.
788 921 919 985 Quis
947 922 1106 988 fuerit
1136 917 1370 973 Joannes
1401 917 1887 987 ScythOpolitanus.

513 1012 558 1064 l.
602 1012 715 1065 Sub
744 1012 903 1065 unius
927 1009 1141 1064 Maximi
1170 1010 1407 1075 nomine,
1428 1010 1531 1077 qui
1562 1007 1758 1062 saeculo
1791 1007 2021 1076 septimo

446 1103 649 1167 ﬂoruit,
674 1106 1039 1174 pugnavitque
1069 1105 1342 1173 egregiam
1374 1116 1604 1170 pugnam
1631 1102 1891 1153 adversus
1914 1100 2023 1152 ha:-

447 1198 649 1250 reticos
686 1196 1086 1260 Mouothelitas,
1126 1196 1447 1262 prodierunt
1487 1192 1701 1245 Scholia
1750 1192 1805 1243 in
1849 1189 2023 1257 Opera

448 1287 811 1355 Areopagitica
856 1287 907 1339 in
951 1284 1280 1339 editionibus
1328 1284 1709 1350 Anluerpiensi
1764 1292 1818 1336 et
1864 1281 2021 1333 Pari-

448 1376 638 1437 siensi,
672 1393 735 1429 ac
774 1384 936 1429 modo
968 1376 1232 1443 prodeunt
1278 1374 1329 1426 in
1375 1372 1598 1427 Veneta.
1651 1372 1758 1426 Sed
1784 1380 2024 1424 attamen

450 1480 555 1517 non
591 1482 753 1518 unum
788 1466 1133 1519 scholiastetn
1178 1465 1492 1525 Maximum,
1532 1465 1626 1517 sed
1679 1464 1842 1516 alium
1896 1465 2027 1516 ube-

451 1555 761 1622 rioremque
785 1554 1044 1609 Joannem
1076 1554 1603 1625 ScythOpolitanum,
1626 1569 1847 1622 operam
1873 1566 2025 1607 suam

451 1660 708 1708 navasse,
753 1646 906 1700 testis
936 1654 1020 1699 est
1050 1646 1510 1715 locupletissimus
1535 1646 1879 1707 Anastasius,
1920 1644 2030 1697 lto-

453 1751 627 1789 mana:
652 1736 906 1790 Ecclesia:
925 1736 1387 1801 biblimhecarius,
1420 1738 1470 1788 in
1494 1736 1724 1805 epistola
1750 1737 1815 1789 ad
1848 1748 2026 1803 regem

2038 370 2039 379 η
2075 339 2537 394 AREOPAGITA.

2038 458 2082 513 Α
2112 454 2251 506 citer
2270 452 2390 513 600,
2437 453 2576 506 alter
2629 466 2757 507 vero
2805 449 2933 516 400,
2974 451 3298 521 descriptus.
3352 449 3408 509 In
3459 339 3629 619 υιτοᾳέ

2114 542 2529 611 praemittuntur
2571 542 2813 612 ejusdem
2856 542 3080 598 Joannis
3112 543 3529 613 Scythopolitani
3573 552 3589 618 (

2114 542 2529 611 praemittuntur
2571 542 2813 612 ejusdem
2856 542 3080 598 Joannis
3112 543 3529 613 Scythopolitani
3573 552 3589 618 (

2117 647 2209 685 ror
2230 631 2284 685 2.
2313 632 2455 701 Lege
2480 632 2793 703 Scotigcnw)
2824 644 2881 690 et
2901 635 3175 688 Anastasii
3200 632 3582 691 Bibliothecarii
3603 644 3631 695 si

2116 722 2367 777 Carolum
2393 724 2619 777 Calvum
2652 725 2921 795 Epistolas,
2958 726 3153 795 quibus
3179 726 3228 779 ei
3267 727 3529 781 versionis
3550 712 3632 799 apd

2121 815 2304 883 risque
2352 816 2433 870 sui
2486 816 2713 870 reddunt
2773 816 3063 871 rationem.
3100 835 3119 868 ι
3177 816 3393 870 Scilicet
3432 788 3634 877 ratiuiiel

2118 908 2296 961 reddit
2340 910 2407 961 de
2454 924 2551 963 sua
2609 908 2841 975 Operum
2890 908 3392 977 AreOpagiticorum
3446 886 3635 969 νει-είά

2120 996 2359 1052 Joannes
2396 1000 2702 1069 Scotigena.
2731 1001 3122 1056 etAnastasius
3156 984 3637 1061 llihliothecariusd

2121 1107 2217 1147 sua
2254 1092 2439 1144 Latina
2482 1092 2820 1145 Scholiorum
2863 1091 3081 1147 Maximi
3122 1105 3177 1148 et
3205 1092 3429 1148 Joannis
3466 1082 3639 1165 Scytha

2123 1183 2347 1252 politani
2378 1184 2757 1239 translatione.

2200 1274 2475 1342 Epistolas,
2507 1289 2669 1342 quam
2703 1276 2767 1327 ad
2800 1290 2979 1344 regem
3017 1275 3270 1330 Carolum
3307 1276 3521 1331 Calvum
3556 1278 3644 1335 sui

2132 1369 2240 1437 psit
2275 1367 2583 1436 Scotigena,
2619 1367 2979 1436 fragmentum
3018 1370 3431 1425 commentariis
3463 1373 3645 1439 praemii

2130 1462 2281 1523 titur,
2310 1476 2337 1511 a
2374 1458 2631 1529 Dionysio
2660 1460 3021 1514 Carthusiano
3051 1461 3343 1526 confectis;
3376 1463 3571 1532 integra
3597 1476 3648 1519 ve‘

2130 1566 2191 1602 ro
2221 1548 2450 1602 habetur
2482 1550 2624 1603 inter
2683 1549 2889 1603 Veteres
2933 1549 3199 1613 Epistolas
3250 1553 3581 1620 Ilibernicas,
3619 1556 3650 1613 sl

2131 1642 2351 1698 Usserio
2386 1642 2662 1697 collectas.
2709 1643 3011 1709 Scotigenze
3050 1647 3288 1700 laborem
3324 1647 3562 1701 laudibus
3598 1665 3649 1703 es

2133 1734 2269 1789 tollit
2300 1735 2623 1788 Anastasius
2669 1733 3123 1791 Bibliothecarius
3150 1739 3201 1790 in
3242 1738 3467 1805 epistola
3498 1740 3640 1792 citata

450 1827 703 1881 Carolum
728 1828 973 1891 Calvum,
1008 1844 1153 1882 anno
1182 1828 1400 1881 circiter
1418 1828 1544 1881 865.
1582 1826 1754 1881 Verba
1782 1828 2028 1895 sunt(5):
2061 1822 2107 1880 Β
2142 1844 2160 1876 ¢
2196 1825 2393 1879 Beatus
2447 1827 2634 1894 itaque
2681 1827 3004 1896 AreOpagita
3064 1829 3373 1900 Dionysius,
3442 1830 3656 1899 inquiens

456 1938 475 1970 ι
518 1918 671 1986 Ctepi
701 1919 883 1972 sedulo
909 1934 1174 1986 quazrere.
1228 1920 1273 1972 si
1308 1920 1445 1973 forte
1497 1920 1719 1989 reperiri
1769 1919 2034 1989 potuisset

454 2018 756 2077 praeceptor
780 2012 1073 2077 quispiam,
1105 2012 1187 2064 vel
1217 2012 1434 2079 aliquod
1457 2013 1743 2080 scriptum,
1773 2028 1879 2079 quo
1903 2026 2037 2064 enu-

454 2101 623 2155 cleate
658 2112 835 2154 tantus
864 2100 1027 2156 Pater
1055 2103 1367 2173 (Dionysius
1398 2102 1742 2173 Arcopagita)
1786 2103 1940 2156 nohis
1966 2103 2032 2155 li-.

453 2192 673 2257 quidius
706 2191 1045 2246 illucesccret
1079 2212 1093 2245 :
1128 2201 1181 2247 et
1233 2193 1357 2261 quia
1402 2193 1513 2260 jam
1555 2207 1649 2261 per
1697 2193 2032 2259 interpretis,

454 2281 704 2349 (Joannis
743 2286 888 2337 Scoti
934 2285 1201 2355 Erigonae)
1241 2288 1563 2339 industriam
1609 2285 1809 2352 lingua:
1837 2294 2033 2338 nostra:

456 2373 631 2428 fuerat
662 2378 911 2441 traditus,
946 2379 1145 2431 uostris
1175 2378 1372 2446 patulis
1401 2377 1716 2434 redderetur
1733 2376 2033 2443 perfectius

459 2466 840 2521 iutellectibus.
909 2468 1043 2521 Cum
1090 2484 1218 2521 ecce
1269 2476 1487 2535 repente
1533 2466 1871 2529 Paratheses,
1918 2467 2035 2521 sive

457 2557 676 2612 Scholia
721 2558 773 2612 in
801 2575 947 2624 eum,
993 2576 1113 2628 qua:
1139 2559 1605 2627 Constantinopoli
1640 2560 1851 2627 positus
1881 2558 2034 2612 vide-

462 2665 598 2713 ram,
624 2652 689 2703 ad
736 2666 931 2704 manus
971 2666 1187 2715 venere,
1221 2651 1418 2720 quibus
1450 2661 1720 2720 utcunque
1762 2653 2034 2719 interpre-

460 2744 611 2808 tatis,
648 2743 781 2796 mihi
835 2743 1227 2810 aliquantulum
1276 2745 1449 2812 magis
1498 2744 1737 2797 emicuit.
1800 2744 1929 2810 Qua:
1980 2745 2033 2799 in

463 2837 798 2906 marginibus
841 2838 1181 2905 interpretati
1225 2838 1433 2892 codicis
1478 2836 1619 2905 ejus,
1666 2846 1724 2891 ut
1756 2839 1808 2891 in
1849 2838 2035 2892 Graeco

460 2931 660 3000 reperi,
712 2945 837 2983 mox
879 2931 1233 2999 interpretata
1261 2939 1555 2998 utcunque,
1600 2930 1769 2983 donec
1810 2945 1838 2981 a
1880 2929 2038 2982 docto

460 3025 657 3078 melius
683 3025 1193 3091 interpretarentur,
1239 3023 1691 3092 respondentibus
1740 3022 1912 3089 signis
1954 3021 2038 3074 in-

458 3124 674 3183 terpres
710 3132 809 3184 ego
832 3115 967 3169 satis
989 3115 1273 3184 imperitus
1313 3114 1633 3183 apposui....
1662 3114 1904 3181 Ipsorum
1940 3129 2036 3166 an-

460 3215 570 3260 tem
614 3207 984 3272 Scholiorum,
1024 3208 1138 3261 sive
1175 3206 1549 3260 Paratheseon
1597 3222 1933 3275 quaecunque
1984 3206 2037 3259 in

460 3297 608 3353 calce
656 3300 740 3352 sui
794 3300 1009 3368 signum
1054 3299 1283 3354 viviﬁcze
1324 3299 1505 3353 crucis
1560 3300 1782 3363 habent,
1816 3314 1846 3352 a
1882 3300 2039 3353 beato

462 3388 703 3445 Maximo
733 3390 1042 3445 confessore
1078 3401 1132 3445 et
1161 3393 1428 3447 monacho
1458 3391 1674 3445 inventa
1709 3401 2034 3450 narrantur;

459 3490 659 3536 cetera
690 3497 841 3547 vero,
880 3482 1054 3537 sancti
1087 3482 1313 3537 Joannis
1344 3482 1773 3552 Scythopolitani
1800 3480 2041 3549 episcopi

460 3582 584 3629 esse
625 3572 895 3628 feruntur.
944 3592 962 3624 ι
1006 3574 1335 3628 Accuratum
1371 3573 1646 3629 Anastasii
1696 3573 1936 3627 laborem
1988 3573 2041 3627 in

468 3664 755 3733 utriusque
786 3662 1010 3718 scholiis
1042 3663 1436 3732 distinguendis
1457 3664 1582 3733 quis
1607 3662 1903 3732 impensius
1936 3675 2042 3715 non

464 3754 854 3823 commendet?
887 3754 1126 3822 Epistola
1159 3754 1327 3807 citata
1355 3752 1497 3823 typis
1520 3752 1660 3806 edita
1693 3751 2046 3821 praemittitur

465 3846 891 3901 Commentariis
930 3848 980 3900 in
1012 3848 1395 3918 Areopagitam
1447 3862 1477 3900 a
1527 3845 1784 3915 Dionysio
1816 3844 2047 3899 Carthu-

464 3936 620 3990 siano
642 3937 996 4003 elucubratis,
1021 3938 1295 4007 editisque
1318 3947 1565 4007 typorum
1596 3934 1861 3989 beneﬁcio
1894 3932 2048 3987 Colo-

465 4027 588 4089 nite,
620 4027 869 4091 impensis
904 4024 1048 4079 Petri
1074 4028 1313 4093 Quentel,
1368 4044 1507 4081 anno
1552 4026 1723 4088 1556,
1774 4024 1994 4079 in-folio
2029 4042 2043 4078 :

471 4117 810 4188 habeturque
866 4120 1004 4173 inter
1059 4118 1268 4173 Veteres
1312 4117 1582 4186 Epistolas
1624 4116 1963 4180 Hiberaicas,
2016 4130 2046 4168 a

467 4208 675 4263 Jacobo
703 4210 931 4265 Usserio
962 4212 1243 4275 collectas,
1275 4226 1340 4266 ac
1385 4212 1562 4265 editas
1606 4207 1834 4263 Parisiis
1865 4210 1917 4262 in
1949 4206 2050 4276 0f-

468 4302 631 4367 ﬁcina
676 4302 925 4355 Ludovici
950 4302 1180 4356 Billainc
1204 4304 1367 4367 1665,
1409 4318 1557 4356 num.
1584 4300 1775 4355 XXIV.

544 4390 787 4458 Utraque
816 4390 1058 4455 Scholia,
1092 4394 1392 4461 eademque
1426 4392 1696 4456 distincta,
1746 4392 1799 4445 in
1826 4390 2052 4445 vetustis

2138 1933 2298 1985 quem
2331 1917 2470 1971 inter
2488 1927 2684 1971 caetera
2715 1930 2948 1984 constat,
2983 1921 3248 1976 industria
3279 1933 3364 1976 tua
3398 1925 3580 1992 (ipsius
3608 1938 3657 1981 re

2136 2011 2217 2079 gis
2240 2010 2467 2078 Caroli),
2509 2011 2953 2079 prmstantissime
2978 2013 3305 2081 principum,
3333 2017 3384 2067 in
3411 2015 3660 2069 Romanun

2137 2115 2442 2154 sermonem
2470 2099 2862 2157 translatum...
2895 2100 3199 2156 Mirandum
3232 2114 3315 2157 est
3340 2106 3598 2174 quomodo
3614 2110 3662 2161 vi:

2138 2194 2225 2247 ille
2256 2194 2536 2258 barbarus,
2586 2195 2676 2263 qui
2722 2197 2776 2247 in
2807 2196 2998 2264 ﬁnibus
3024 2197 3209 2249 mundi
3234 2199 3465 2265 positus,
3508 2210 3662 2266 quanti

2137 2287 2206 2339 ab
2233 2286 2541 2339 hominibus
2574 2287 3008 2351 conversatione,
3054 2296 3204 2343 tanto
3236 2290 3387 2344 credi
3429 2294 3593 2361 potuit
3621 2294 3658 2344 al

2141 2376 2305 2430 terius
2352 2376 2549 2446 lingua:
2594 2378 2828 2432 dictione
2860 2378 3204 2448 longinquus,
3258 2382 3385 2436 talia
3445 2384 3665 2437 intellecu

2137 2481 2356 2534 capere,
2408 2468 2461 2521 in
2510 2468 2781 2537 aliamque
2834 2469 3075 2538 linguam
3129 2472 3425 2528 transferre
3466 2474 3665 2528 valuerit

2136 2559 2403 2615 Joannem
2461 2564 2625 2618 innuo
2675 2561 3045 2631 Scotigenam,
3099 2564 3276 2619 virum
3332 2582 3489 2635 quem
3530 2570 3669 2621 audit:

2138 2654 2377 2720 comperi
2408 2668 2504 2721 per
2532 2654 2713 2709 omnia
2746 2668 3017 2709 sanctum.
3055 2675 3074 2707 ι
3109 2655 3183 2709 De
3214 2657 3332 2725 ipso
3356 2660 3671 2714 disserenteu

2137 2744 2260 2797 vide
2276 2742 2435 2802 Joan.
2461 2745 2731 2799 Albertum
2760 2745 3095 2816 Fabricium,
3115 2749 3168 2803 in
3188 2748 3510 2805 Bibliotheca
3529 2750 3674 2803 Latini

2138 2835 2323 2888 medice
2357 2845 2405 2888 et
2438 2836 2637 2903 inﬁma:
2667 2840 2865 2893 letalis.

2211 2926 2271 2981 ll.
2304 2926 2421 2980 Non
2454 2927 2625 2980 latent
2658 2928 2713 2981 in
2760 2930 2977 2997 pluteis,
3021 2946 3197 3001 neque
3223 2934 3406 2988 abdita
3431 2944 3678 2989 servantul

2141 3018 2194 3071 in
2235 3019 2363 3071 solis
2387 3019 2667 3073 codicibus
2694 3035 2825 3075 mss.
2855 3037 2977 3091 quae
3008 3025 3059 3077 in
3091 3025 3462 3095 Areopagitica
3503 3026 3680 3097 scripsit

2142 3108 2345 3164 scholia
2377 3108 2616 3164 Joannes
2643 3110 3139 3183 ScythOpolitanus.
3171 3116 3328 3171 Edita
3363 3130 3608 3188 prostant
3630 3122 3682 3173 in.

2146 3210 2226 3254 ter
2267 3216 2327 3254 ea
2376 3218 2496 3269 qua:
2534 3203 2636 3257 sub
2668 3204 2831 3259 unius
2858 3204 3078 3259 Maximi
3122 3210 3341 3262 nomine
3383 3213 3681 3279 prodierunt

2144 3292 2371 3345 confusa
2417 3308 2539 3346 cum
2595 3293 2731 3361 ipsis
2776 3312 2790 3349 :
2834 3297 2978 3365 quod
3012 3300 3194 3365 utique
3224 3300 3538 3356 dolendum.
3586 3301 3681 3355 Ben

2149 3383 2290 3437 hanc
2322 3383 2655 3437 adnotarunt
2693 3383 2928 3442 Jacobus
2960 3387 3215 3443 Usserius
3251 3401 3305 3445 et
3352 3390 3575 3446 Michael
3617 3391 3681 3445 Le

2145 3475 2405 3544 quienus.
2458 3474 2673 3530 Usserii
2702 3474 2872 3532 all‘ero
2922 3480 3111 3543 verba,
3139 3496 3259 3549 qua:
3296 3480 3554 3549 leguntur
3582 3497 3681 3552 aput

2146 3566 2495 3622 Guillelmum
2531 3567 2695 3633 Cave,
2733 3572 2799 3625 ad
2846 3586 3047 3627 annum
3099 3572 3228 3639 520,
3278 3573 3330 3627 in
3374 3574 3579 3628 Joanne
3606 3575 3681 3628 .lla

2144 3660 2343 3713 mentio.
2370 3658 2463 3714 Sic
2483 3662 2645 3717 habet
2677 3679 2805 3721 vero
2833 3664 2886 3717 in
2920 3662 3247 3715 Bibliotheca
3272 3664 3566 3734 theologica
3592 3680 3681 3718 mss

2152 3768 2171 3800 ι
2208 3748 2445 3805 Joannes
2499 3751 2983 3822 Scythopolitanus
3040 3753 3258 3822 scripsit
3308 3754 3362 3808 in
3412 3754 3682 3825 Dionysiun

2148 3842 2530 3911 Arcopagitam
2573 3846 2821 3913 Scholia,
2857 3848 3064 3917 pariter
3098 3860 3163 3900 ac
3195 3845 3485 3903 Maximus.
3531 3848 3681 3901 Verur

2106 3922 2123 3941 ⁴
2151 3935 2203 3987 in
2233 3933 2386 3988 libris
2411 3934 2649 4007 Dionysii
2682 3939 2749 3991 ab
2773 3954 2916 3992 anno
2942 3938 3079 3991 1562
3120 3940 3383 3995 inclusive
3414 3942 3573 3995 editis
3596 3944 3681 4009 (qu

2153 4042 2344 4096 nempe
2376 4043 2520 4081 anno
2548 4027 2736 4083 Grazca
2771 4030 2939 4084 editio
2968 4028 3338 4084 Morelliorum
3382 4031 3557 4087 lucem
3595 4032 3681 4083 vidi

2152 4116 2375 4172 Parisiis
2400 4119 2559 4188 in-8),
2589 4119 2749 4173 simul
2772 4120 2996 4174 confusa
3030 4128 3153 4174 sunt
3176 4121 3397 4177 Joannis
3422 4134 3477 4177 et
3511 4123 3681 4176 Maxiu

2155 4207 2377 4261 Scholia
2410 4224 2425 4260 :
2454 4224 2574 4276 quae
2606 4223 2712 4261 non
2744 4208 2794 4261 in
2829 4209 3226 4277 antiquioribtts
3253 4209 3447 4276 solum,
3485 4227 3603 4277 qua:
3624 4210 3681 4279 Cy

2153 4304 2463 4372 parissiotae
2490 4313 2734 4372 tempore
2763 4303 2987 4371 (saeculo
3021 4304 3132 4371 xlv)
3173 4304 3509 4370 ferebantur,
3538 4305 3681 4359 editic

2157 4394 2311 4447 nibus
2336 4393 2514 4461 (ωδε.)
2548 4392 2766 4447 fuerunt
2788 4394 3069 4457 distincta;
3104 4394 3197 4447 sed
3223 4395 3387 4448 etiam
3419 4395 3473 4449 in
3504 4406 3682 4463 utroqu

468 4482 747 4537 codicibus
780 4499 914 4535 mss.
949 4482 1345 4537 Parisiensibus
1380 4494 1433 4537 et
1462 4484 1582 4537 aliis
1608 4483 1831 4550 reperiri
1876 4485 2046 4537 aduo-
2083 4492 2126 4546 Ι)
2157 4498 2265 4550 quo
2296 4499 2428 4537 usus
2458 4495 2539 4537 est
2569 4484 2687 4551 ipse
2718 4482 2992 4537 Morellius
3018 4486 3225 4538 codice.
3256 4485 3312 4536 In
3334 4500 3565 4553 quorum
3593 4486 3682 4538 alte

473 4586 552 4628 tat
578 4574 826 4629 laudatus
856 4576 1127 4631 Usserius.
1165 4575 1338 4631 Verba
1374 4577 1489 4643 ejus
1529 4578 1777 4631 dabimus
1819 4592 2049 4653 numero

472 4668 798 4735 insequenti.
850 4669 1063 4722 Testem
1114 4684 1327 4737 quoque
1362 4670 1529 4724 affero
1569 4670 1842 4725 laudatqu
1887 4669 2047 4724 Nico-

470 4759 612 4812 laum
644 4758 853 4828 Nourry
887 4759 940 4812 in
970 4759 1246 4826 Apparatu
1268 4762 1337 4813 ad
1360 4759 1739 4813 Bibliothecam
1761 4764 2049 4814 maximam

469 4859 694 4902 ueterum
735 4847 984 4911 Patrum,
1021 4848 1412 4903 Dissertatione
1431 4866 1481 4912 Χ,
1513 4851 1575 4903 de
1599 4850 1857 4919 Operibus
1879 4853 2049 4904 sancti

473 4941 718 5011 Dionysii
768 4940 1119 5008 Areopagita',
1170 4944 1345 5011 capite
1380 4944 1471 4996 22.
1501 4943 1630 5012 Ejus
1655 4944 1825 4996 allero
1859 4945 2048 5009 verba,

471 5048 592 5102 qum
629 5034 981 5099 castigatione
1024 5034 1283 5103 indigent,
1330 5052 1360 5089 a
1418 5036 1751 5107 typographo
1797 5035 2050 5089 facillime

472 5122 812 5180 deformata?
840 5144 858 5176 ι
900 5126 1044 5179 Duos
1078 5125 1280 5194 pariter
1316 5130 1459 5181 nacti
1494 5143 1681 5182 sumus
1710 5129 1924 5181 codices
1945 5126 2050 5179 La-

478 5217 619 5269 tinos
643 5233 806 5270 manu
829 5229 1106 5282 exaratos,
1136 5218 1329 5287 quibus
1358 5219 1614 5288 (Operutn
1644 5219 2054 5288 Areopagitico-

477 5307 621 5375 rum)
649 5310 829 5363 versio
854 5309 1081 5364 Joannis
1114 5310 1436 5380 Scotigenie,
1462 5325 1526 5363 ac
1555 5311 1661 5363 divi
1688 5310 1929 5375 Maximi,
1956 5307 2051 5363 Jo-

478 5399 745 5468 annisque
779 5400 1082 5472 Scotigenae
1122 5405 1299 5474 (error
1338 5405 1389 5458 l.
1435 5403 1577 5472 Lege
1604 5401 2051 5471 Scythopolitani)

480 5500 621 5546 notia
677 5505 732 5547 et
787 5492 1001 5550 Scholia
1058 5497 1400 5551 exhibentur.
1446 5496 1658 5550 Primus
1706 5495 2054 5549 Bibliotheca:

480 5583 684 5654 Regina,
717 5593 773 5639 et
801 5591 1071 5644 secundus
1107 5589 1448 5644 Colbcrtiuus
1477 5611 1487 5643 :
1515 5589 1653 5642 alter
1675 5588 1742 5641 ab
1764 5587 1918 5641 annis
1943 5588 2053 5642 cir-

2158 4592 2219 4630 ro
2244 4576 2307 4628 ad
2338 4578 2634 4643 marginem
2667 4587 2793 4629 sunt
2824 4579 3071 4645 apposita
3122 4575 3348 4629 Joannis
3377 4576 3682 4647 Scythopoli

2161 4670 2269 4722 tani
2300 4669 2418 4721 sine
2450 4670 2671 4723 nomine
2703 4668 2957 4730 Scholia;
3003 4671 3053 4723 in
3086 4670 3260 4722 altero
3302 4684 3433 4722 vero
3479 4670 3681 4722 seorsin

2158 4772 2281 4830 post
2320 4760 2626 4814 absolutum
2662 4770 2869 4815 textum
2898 4762 3162 4829 integrum
3192 4760 3457 4829 Dionysii,
3516 4761 3681 4813 Maxin

2160 4854 2377 4905 nomine
2401 4852 2657 4920 insignita
2690 4852 2943 4916 Scholia;
2971 4866 3033 4904 eo
3057 4851 3324 4915 breviora,
3360 4853 3501 4920 quod
3532 4852 3597 4904 ab
3618 4867 3681 4903 an

2160 4943 2423 5012 pliortbus
2460 4942 2707 5005 Joannis,
2751 4957 2872 4995 cum
2905 4942 3099 5010 quibus
3132 4956 3193 4994 ea
3226 4941 3509 5009 conjunxit
3540 4942 3681 4995 More

2160 5034 2284 5101 lius,
2316 5050 2564 5104 separata
2593 5034 2831 5088 fuerant.
2866 5034 3035 5087 Porro
3058 5033 3268 5102 vulgata
3310 5034 3400 5087 illa
3432 5035 3682 5102 Scythopt

2163 5130 2314 5180 litaui
2362 5128 2607 5191 Scholia,
2638 5126 2829 5180 eadem
2875 5127 2964 5179 illa
2998 5126 3111 5193 ipsa
3142 5133 3271 5178 sunt
3317 5140 3437 5192 qua:
3482 5126 3676 5194 Dionys

2161 5219 2532 5272 Alexandrino
2573 5218 2639 5271 ab
2670 5216 2793 5271 aliis
2836 5226 2962 5269 sunt
3009 5216 3264 5270 attributa
3293 5232 3308 5271 :
3342 5219 3486 5285 quod
3518 5233 3585 5270 ex
3612 5232 3682 5269 set

2165 5312 2330 5364 tentia
2357 5327 2387 5364 a
2410 5310 2784 5380 Cyparissiota
2815 5324 2879 5361 ex
2912 5308 3148 5378 Dionysii
3185 5308 3421 5363 Scholiis
3444 5309 3607 5363 citata
3642 5326 3682 5378 p.

2162 5410 2255 5465 tet,
2290 5418 2409 5471 qua}
2445 5402 2498 5455 in
2537 5398 2770 5455 Scholiis
2801 5400 2919 5451 istis
2964 5400 3183 5453 totidem
3222 5400 3402 5453 verbis
3439 5401 3677 5470 reperitu

2161 5494 2323 5547 Istam
2356 5510 2483 5548 vero
2509 5494 2833 5550 sententiam
2869 5492 3321 5563 Scythopolitani,
3375 5508 3483 5546 non
3517 5493 3681 5547 Malll

2160 5600 2301 5653 esse,
2331 5586 2501 5657 liquet
2532 5599 2598 5641 ex
2628 5583 2822 5639 Latina
2852 5585 3102 5641 versione
3126 5582 3480 5639 Scholiorum
3509 5584 3682 5655 Scylla

554 5746 633 5818 ('5)
678 5745 806 5802 Vide
854 5746 1177 5820 Patrologite
1237 5749 1439 5805 Latina:
1484 5757 1614 5802 tom.
1653 5745 1888 5809 CXXIX,
1948 5744 2036 5802 col
2088 5744 2201 5800 737.
