3748 6308
14 284 91 338 65
1389 264 1625 327 ΡΒΟιΕι

1811 263 1938 338 ita,
3204 258 3276 315 os

16 393 261 466 politani
288 409 317 447 a
350 392 592 450 Roberto
620 393 874 463 episcopo
899 389 1262 447 Lincolnieusi
1288 388 1447 447 facta,
1467 398 1522 441 et
1550 402 1603 441 in
1634 404 1679 457 Α
1708 385 1783 440 tio
1813 382 2000 454 (verba
2028 388 2157 435 sunt
2177 378 2457 448 Lequieni)
2489 379 2555 433 ab
2590 376 2694 432 alio
2727 382 2947 431 auctore
2991 376 3159 431 indita
3196 377 3278 431 eis

14 487 361 543 bibliotheca
393 484 607 556 collegii
641 484 895 554 Corporis
926 482 1127 538 Christi
1158 482 1299 551 apud
1330 478 1605 534 Oxonien-

14 595 116 635 ses
142 593 283 632 mss.
308 585 608 642 asservata,
644 577 696 631 iu
729 592 831 644 qua
870 575 1154 642 reperitur.
1190 592 1209 625 ι

94 671 261 725 Hunc
292 670 503 725 Usserii
534 670 711 723 locum
738 669 937 722 indicat
960 667 1120 723 Joan.
1143 665 1400 721 Albertus
1419 662 1609 719 Fabri-

15 765 150 818 cius
186 764 239 816 in
267 761 595 816 Bibliotheca
625 758 831 823 Crteca,
875 759 1013 816 libro
1045 775 1099 825 v,
1142 760 1322 829 capite
1352 760 1406 821 l,
1454 773 1606 814 num.

16 857 77 915 6,
112 853 355 923 allegata
392 853 633 921 ejusdem
665 851 871 906 Usscrii
908 850 1289 905 Dissertatione
1318 848 1383 900 de
1407 845 1609 916 Diony-

20 948 103 999 sio
135 962 159 1000 :
188 960 377 1014 quam,
405 945 603 1013 inquit,
648 943 717 999 Η.
752 943 1088 998 Whartonus
1118 941 1287 999 edidit
1315 941 1381 993 ad
1404 937 1610 993 calcem

23 1038 153 1091 libri
188 1037 266 1091 De
290 1035 569 1102 scripturis
590 1039 858 1104 sacrisque
884 1033 1195 1089 vernaculis.
1215 1032 1393 1087 Vitam
1420 1030 1615 1100 agebat

24 1134 299 1191 laudatus
336 1135 631 1200 Robertus,
683 1128 1077 1187 Lincolnieusis
1112 1127 1419 1196 episcopus,
1453 1125 1614 1179 tertio

25 1225 251 1280 decimo
278 1224 498 1289 saeculo,
544 1224 821 1292 vitamque
865 1219 1217 1276 commutavit
1266 1232 1388 1273 cum
1444 1224 1617 1268 morte

28 1330 184 1371 anno
212 1318 379 1384 1255,
413 1318 555 1388 apud
582 1316 831 1372 eumdem
858 1312 1166 1367 Fabricium
1201 1311 1253 1364 in
1292 1305 1617 1360 Bibliotheca

31 1408 235 1463 Latina
265 1410 453 1465 media:
478 1421 525 1464 et
551 1410 747 1478 inﬁma:
780 1409 969 1461 wtatis.
990 1405 1119 1472 Quae
1142 1417 1267 1458 vero
1293 1398 1494 1454 invehit
1518 1397 1621 1452 Us-

29 1507 223 1560 serius
254 1504 325 1559 de
358 1500 788 1572 Scythopolitani
827 1498 1060 1554 Scholiis
1094 1494 1351 1564 Dionysio
1383 1492 1619 1548 Alexan—

28 1600 204 1653 drino
227 1596 532 1659 attributis,
565 1594 740 1664 deque
769 1592 1037 1648 sententia
1064 1590 1463 1661 Cyparissiotaa,
1492 1586 1619 1641 dili-

31 1684 275 1753 gentiori
304 1698 430 1737 cura
453 1683 807 1750 expendimus
829 1697 927 1735 nos
949 1680 1001 1735 in
1026 1678 1415 1735 Dissertatione
1435 1684 1618 1731 nostra

31 1791 183 1845 sche
212 1775 411 1838 citata,
434 1775 615 1840 capite
647 1773 703 1830 5.

106 1869 262 1922 Inter
289 1866 434 1921 edita
460 1865 680 1921 Scholia
713 1873 842 1919 sunt
870 1862 1047 1933 aliqua
1082 1877 1201 1932 quae
1222 1860 1361 1916 satis
1384 1859 1620 1929 produnt

30 1963 349 2025 auctorem,
382 1974 487 2013 non
524 1957 840 2020 Maximum,
879 1955 972 2011 sed
1011 1954 1199 2017 alium,
1230 1952 1417 2022 utique
1455 1948 1622 2005 Joan-

35 2065 160 2105 nem
195 2048 735 2121 Scythopolitanum.
781 2047 1011 2118 Egregie
1069 2061 1181 2100 rem
1227 2043 1485 2114 patefacit
1525 2040 1624 2096 Mi-

34 2144 199 2199 chael
250 2141 567 2213 Lequienus
623 2141 675 2195 in
723 2139 1114 2195 Dissertatione
1152 2134 1536 2191 Damascenica
1561 2148 1622 2188 ιι.

42 2256 59 2286 ι
93 2234 363 2304 inprimis
390 2248 449 2288 se
489 2248 553 2287 ea
582 2242 761 2297 astate,
792 2232 952 2301 inque
982 2244 1044 2285 ea
1076 2229 1296 2299 regione
1323 2227 1525 2282 vixisse
1547 2226 1623 2280 si-

36 2328 295 2396 gnificat,
329 2326 382 2379 in
412 2325 609 2394 quibus
630 2321 1057 2391 Origenistarum
1088 2320 1309 2375 haeresis
1332 2318 1629 2374 invalesce-

41 2428 142 2472 ret.
174 2416 324 2472 Nam
356 2418 407 2470 in
431 2422 594 2485 caput
618 2415 649 2467 7
676 2413 753 2467 De
789 2412 1141 2467 ecclesiastica
1183 2410 1502 2472 hierarchia,
1562 2409 1628 2464 ad

38 2526 99 2562 ea
130 2511 307 2564 verba
345 2522 510 2577 prope
544 2506 755 2560 initium
780 2504 899 2557 τῶν
926 2503 993 2556 δὲ
1020 2502 1291 2571 ἀνιέρων,
1324 2520 1343 2553 ‹
1376 2500 1626 2569 profano—

43 2618 159 2654 rum
183 2617 334 2664 vero,
364 2619 382 2650 ι
421 2598 705 2653 recensitis
726 2596 1115 2651 vetustioribus
1143 2594 1431 2657 hzcreticis,
1452 2592 1631 2647 Simo-

42 2708 109 2747 ne
138 2692 335 2763 Mago,
353 2689 671 2756 Menandro,
696 2689 1001 2750 Valentino,
1027 2686 1297 2742 Marcione
1320 2694 1375 2739 et
1395 2683 1630 2751 Manete,

41 2787 110 2839 de
168 2783 521 2857 Origenianis
577 2783 855 2851 subiungit
895 2780 994 2834 καὶ
1030 2780 1146 2833 νῦν
1173 2778 1260 2843 δὲ,
1294 2780 1348 2831 ol
1371 2776 1488 2831 ἀπὸ
1515 2775 1634 2830 τῶν

53 2877 405 2948 Ὠριγένους
450 2877 876 2949 προερχόμενα
920 2877 1147 2945 μύθων,
1204 2891 1223 2925 ι
1277 2882 1324 2928 et
1374 2889 1513 2927 nunc
1544 2872 1634 2943 qui

43 2972 317 3037 prodeunt
369 2968 672 3037 fabularum
723 2967 964 3037 Origenis
1000 2974 1283 3020 sectatores
1332 2982 1351 3016 ι
1404 2964 1523 3028 vel,
1576 2970 1637 3018 ut

46 3062 369 3117 Lansselius
392 3063 575 3128 vertit,
600 3070 755 3132 atque
789 3060 944 3115 etiam
968 3074 1105 3114 nunc
1128 3059 1192 3112 ab
1219 3056 1459 3127 Origenis
1475 3057 1636 3124 prod-

41 3165 168 3208 eunt
205 3154 458 3223 fabulis).
502 3153 665 3225 Atqui
707 3155 881 3209 sancti
939 3152 1157 3206 Maximi
1197 3166 1313 3206 aevo
1355 3151 1632 3206 exsoleve-

46 3259 169 3303 rant
204 3264 438 3319 prorsus
475 3246 818 3317 Origeuistze,
849 3262 915 3302 ex
952 3262 1060 3316 quo
1097 3246 1356 3317 Origenes
1389 3262 1511 3301 cum
1554 3247 1641 3300 Di-

46 3345 235 3413 dyme,
266 3340 505 3410 Evagrio
529 3341 759 3411 aliisque
777 3343 968 3395 horum
991 3340 1154 3396 sociis
1176 3358 1204 3395 a
1226 3344 1412 3411 quinta
1436 3343 1641 3413 synodo

49 3437 346 3505 proscripti
370 3434 581 3489 fuerant
612 3452 626 3488 :
661 3436 797 3489 adeo
816 3443 873 3487 ut
898 3436 1094 3489 saeculo
1113 3438 1364 3503 septimo,
1398 3451 1506 3505 quo
1533 3438 1643 3490 Ma-

51 3530 235 3583 ximus
279 3526 533 3590 ﬂorebat,
580 3525 723 3579 nuda
766 3539 953 3580 eorum
1001 3534 1309 3593 superesset
1356 3526 1640 3579 memoria.

48 3620 234 3677 Etate
268 3636 405 3675 vero
453 3619 677 3674 Joannis
716 3618 1140 3689 Scythopolitaui
1189 3620 1370 3687 (quem
1429 3618 1643 3673 labente

54 3716 258 3769 sacculo
298 3722 456 3767 sexto
482 3712 750 3777 ﬂoruisse,
797 3712 935 3766 infra
967 3712 1300 3779 dicendum),
1336 3725 1524 3764 eorum
1556 3723 1646 3762 er-

53 3823 203 3861 rores
233 3821 342 3876 per
366 3805 696 3859 monasteria
726 3803 1021 3858 Palaestina:
1043 3804 1450 3873 grassabantur,
1474 3800 1647 3855 Leon-

60 3902 128 3953 tio
152 3899 402 3967 quodam
433 3897 749 3968 Byzantino,
774 3898 1000 3963 Joanne,
1027 3899 1230 3951 Isidoro
1253 3905 1307 3949 et
1330 3894 1521 3950 Nouno
1549 3909 1646 3947 au-

56 3992 309 4044 ctoribus
350 4012 362 4044 ;
390 3990 530 4043 unde
555 3989 888 4058 gravissima:
919 3990 1109 4053 turbae,
1151 4002 1217 4042 ac
1265 3986 1520 4041 tumultus
1551 4000 1649 4054 per

57 4098 172 4135 eam
204 4095 434 4136 omnem
465 4084 737 4149 regionem
768 4080 987 4135 excitati
1013 4085 1162 4132 sunt.
1192 4095 1211 4128 ι
1243 4076 1646 4141 Animadverte,

60 4172 280 4226 Scholia
328 4184 425 4224 sua
466 4170 610 4224 circa
650 4171 763 4224 haec
790 4178 1031 4239 tempora
1070 4166 1353 4234 scripsisse
1386 4164 1647 4219 Joannem

63 4264 607 4335 Scythopolitanum,
642 4271 826 4330 utpote
878 4262 969 4329 qui
1022 4259 1088 4313 de
1138 4257 1461 4329 Origeuistis
1514 4257 1646 4325 agit,

62 4358 147 4423 qui
176 4370 330 4408 nunc
361 4354 619 4406 dicuntur
647 4353 924 4420 prodiisse.
968 4350 1232 4419 Tempora
1278 4350 1479 4403 certius
1511 4348 1648 4403 infra

60 4447 377 4502 deﬁnienda
409 4454 556 4499 sunt.

125 4539 249 4591 Alia
278 4539 393 4591 duo
434 4546 561 4590 sunt
597 4535 803 4591 scholia
834 4550 956 4604 quae
987 4535 1220 4604 produnt
1250 4544 1551 4589 auctorem.
1588 4532 1647 4587 ln

62 4643 223 4699 caput
255 4633 288 4685 7
344 4628 420 4682 De
446 4630 638 4682 cwlesti
669 4628 986 4693 hierarcltia,
1020 4628 1086 4680 ad
1122 4641 1183 4680 ea
1218 4626 1400 4689 verba,
1430 4628 1518 4691 εἰς
1552 4627 1653 4678 οὺ-

56 4725 307 4789 ρανούς,
344 4723 399 4774 in
421 4721 605 4780 ctelos.
636 4730 761 4774 nota
796 4720 875 4771 sic
898 4716 1415 4788 appingiturthOta
1458 4725 1651 4771 contra

64 4816 376 4869 Basiliauos
408 4824 461 4867 et
491 4812 843 4867 Nestorianos
865 4809 1049 4865 Jesum
1072 4809 1374 4871 Christum,
1396 4810 1449 4862 in
1483 4808 1653 4861 C(Blos

64 4918 433 4975 assumptum,
474 4906 774 4960 secundum
808 4903 951 4973 quod
985 4902 1146 4956 homo
1177 4911 1283 4965 est,
1316 4913 1435 4953 esse
1466 4898 1652 4953 Domi-

64 5014 187 5054 num
238 4997 671 5067 intelligibilium
728 4996 1208 5058 mnuium,etc....
1272 5000 1464 5046 contra
1525 5001 1654 5042 vero

66 5091 377 5163 Acephalos
408 5101 462 5143 et
488 5087 874 5157 Eutychianos,
923 5086 1064 5155 quod
1102 5084 1352 5155 quamvis
1392 5080 1655 5136 Dominus

66 5184 362 5246 Virtutum,
395 5195 556 5235 verus
586 5190 640 5233 et
677 5179 997 5233 manifestus
1029 5182 1212 5231 homo.
1243 5192 1262 5226 ι
1298 5174 1430 5228 Item
1475 5172 1528 5224 in
1560 5184 1654 5223 ca-

70 5282 155 5340 put
189 5273 223 5326 Ἷ
260 5272 349 5326 De
380 5271 734 5325 ecclesiastica
772 5270 1096 5333 hierarchia,
1139 5266 1208 5320 ad
1238 5282 1302 5321 ea
1334 5264 1523 5326 verba,
1558 5259 1659 5314 καὶ

71 5367 255 5433 ἱεράν,
279 5377 336 5420 ει
364 5381 596 5426 sacram,
627 5365 740 5419 haac
765 5361 1125 5431 subjiciuntur
1153 5377 1167 5415 :
1199 5377 1218 5411 t
1254 5361 1478 5414 Sacram
1510 5356 1661 5409 theo-

76 5464 271 5531 Iugiam
302 5461 487 5515 dicit:
521 5458 598 5512 Tu
636 5475 689 5511 es
730 5457 973 5510 Christus
1012 5455 1189 5509 Filius
1228 5453 1325 5506 Dei
1371 5452 1488 5513 uiui,
1517 5449 1661 5519 quod

77 5553 379 5609 notandum
409 5562 492 5605 est
529 5559 722 5605 contra
751 5549 1071 5611 Basiliauos,
1118 5556 1175 5600 et
1202 5543 1574 5605 Nestoriauos,
1608 5551 1663 5595 et

76 5646 468 5710 Paulianistas,
502 5653 554 5697 et
579 5642 803 5698 similes.
851 5658 870 5692 ι
902 5641 1109 5707 Quibus
1139 5642 1192 5693 in
1230 5638 1363 5692 locis
1385 5633 1664 5689 Nestoria-

75 5756 164 5797 nos
194 5741 361 5795 vides
408 5737 584 5794 dictos
628 5734 947 5790 Basilianos.
993 5751 1011 5786 ι
1047 5732 1173 5789 ιιωο
1202 5740 1386 5787 autem
1416 5725 1661 5811 appella-1

1708 492 1830 533 esse
1861 492 1966 530 non
1997 476 2195 544 potuit,
2229 485 2586 542 praeterquam
2628 487 2658 527 a
2692 469 2900 525 Joanne
2935 468 3280 540 Scythopoli-

1710 583 1858 637 tauo,
1891 570 1981 639 qui
2015 567 2180 622 variis
2211 566 2429 633 scriptis
2467 581 2496 617 a
2531 564 2728 617 Basilio
2754 561 2943 626 Cilice,
2980 562 3279 615 Antioche—

1711 679 1793 718 ηαξ
1840 661 2095 716 Ecclesia:
2144 660 2462 731 presbytero
2512 658 2821 715 lacessitus.
2872 655 3119 709 eumdem
3178 650 3283 706 Ba-

1710 752 1889 809 silium
1927 761 2182 821 tanquam
2214 749 2648 805 versutissimum
2674 746 3005 799 Nestorianaz
3036 740 3284 810 impieta-

1715 839 1784 892 tis
1808 848 2247 907 propagatorem,
2287 836 2663 891 antirrheticis
2683 831 3155 888 dissertationibus
3180 839 3288 883 tra-

1715 933 1972 993 duxerat,
2007 930 2173 984 veluti
2208 938 2395 983 narrat
2428 927 2654 981 Photius
2680 927 2732 979 in
2766 924 3109 988 Bibliotheca,
3159 924 3286 977 cod.

1714 1038 1817 1077 ιον
1849 1031 1902 1075 et
1930 1037 2059 1076 CVII.
2091 1037 2114 1071 ι

1785 1115 1966 1170 Priori
2013 1115 2064 1168 iu
2106 1114 2294 1169 codice
2342 1112 2506 1167 verba
2565 1119 2692 1166 sunt
2736 1109 2918 1163 Photii
2952 1108 3178 1163 :Lectus
3206 1116 3283 1160 est

1720 1206 1952 1261 Joannes
1976 1205 2335 1276 Scythopolita
2352 1203 2777 1272 σχολαστικός,
2800 1202 3173 1267 scholasticus,
3190 1200 3287 1253 udo

1718 1314 1893 1352 versus
1924 1296 2169 1352 Ecclesia:
2198 1298 2577 1351 desertores....
2629 1295 2846 1361 Scripti,
2892 1296 2947 1346 in
2973 1296 3110 1363 quod
3158 1290 3291 1360 Scy-

1720 1390 1970 1459 thopolita
1995 1390 2268 1445 scribit...
2308 1389 2528 1459 fortasse
2552 1386 2784 1441 Basilius
2808 1384 2949 1439 Cilix
2980 1396 3054 1439 est
3082 1394 3288 1441 auctor.

1720 1484 1787 1538 Et
1810 1483 1916 1536 alio
1957 1482 2009 1533 in
2041 1481 2225 1535 codice
2265 1496 2280 1533 :
2321 1479 2508 1533 Lectus
2538 1489 2613 1532 est
2651 1478 2782 1531 liber
2823 1476 3038 1540 Basilii,
3070 1477 3287 1545 presby-

1723 1577 1819 1629 teri
1855 1574 2056 1636 Cilicis,
2086 1573 2331 1627 adversus
2358 1570 2618 1625 Joannem
2642 1562 3076 1639 Scythopolitam,
3121 1568 3205 1620 cui
3240 1574 3288 1620 et

1725 1667 1991 1722 Causidici
2016 1682 2222 1730 nomen,
2240 1665 2578 1732 Δικόλογον.
2606 1663 2782 1718 Unum
2805 1677 2943 1725 esse,
2966 1668 3022 1716 et
3042 1661 3291 1713 eumdem

1649 1744 1691 1798 Β
1720 1758 1983 1813 Joannem
2005 1754 2530 1827 Scythopolitauum,
2565 1754 2690 1806 licet
2726 1752 2884 1804 aliter
2904 1760 2955 1805 et
2984 1750 3143 1804 aliter
3197 1762 3296 1801 co-

1722 1847 2539 1921 gnominatum,Scholasticum
2596 1854 2651 1899 et
2711 1843 3072 1904 Causidicum,
3131 1855 3295 1909 grave

1724 1945 1930 1999 nullum
1967 1948 2351 2011 argumentum
2383 1939 2582 2004 obstat,
2607 1937 2901 2006 quominus
2940 1935 3292 1988 aﬂirmemus.

1721 2032 1781 2087 ln
1799 2031 1986 2087 codice
2016 2030 2181 2100 priori
2205 2029 2320 2084 hac
2348 2029 2614 2082 habentur
2639 2045 2651 2080 :
2685 2025 2904 2092 Scripsit
2929 2021 3296 2094 (Scythopoli-

1725 2126 1905 2180 tanus)
1948 2130 2162 2192 rogatus
2221 2139 2253 2175 a
2305 2120 2607 2190 patriarcha
2647 2120 2897 2188 quodam,
2954 2116 3038 2170 cui
3076 2114 3299 2168 Iuliano

1725 2230 1932 2269 nomen.
1966 2211 2023 2267 lu
2061 2213 2243 2268 sedem
2271 2211 2659 2266 Antiochenam
2690 2207 3004 2263 conscendit
3030 2206 3300 2271 Julianus,

1728 2317 1849 2376 post
1891 2305 2109 2359 Petrum
2137 2304 2490 2373 Cuaphzeum,
2524 2318 2666 2355 anno
2703 2300 2832 2362 471,
2868 2315 3097 2368 eamque
3131 2298 3303 2351 tenuit

1729 2398 1795 2451 ad
1826 2412 2027 2451 annum
2053 2395 2178 2450 476.
2203 2393 2339 2449 Vide
2359 2394 2645 2448 Boschium
2680 2392 2755 2444 De
2777 2391 3099 2459 patriarchis
3120 2387 3305 2439 Antio-

1730 2489 1929 2554 chenis,
1961 2489 2103 2541 inter
2132 2487 2263 2539 Acta
2314 2493 2639 2547 sanctorum,
2695 2491 2837 2535 tonio
2882 2480 2946 2534 IV
2991 2479 3141 2535 Julii.
3190 2479 3306 2532 Hoc

1732 2583 1917 2651 itaque
1950 2590 2191 2650 tempore
2234 2578 2399 2646 coepit
2450 2574 2929 2644 Scythopolitauus
2986 2573 3038 2625 in
3082 2584 3305 2624 arenam

1733 2675 2068 2731 descendere
2119 2674 2395 2726 adrersum
2454 2668 2705 2722 Ecclesia:
2753 2671 3060 2729 desertores,
3119 2672 3177 2717 ut
3233 2660 3310 2715 ait

1733 2768 1982 2833 Photius,
2007 2766 2110 2819 sive
2131 2773 2312 2817 contra
2338 2761 2606 2830 Eutychen
2627 2770 2673 2812 et
2694 2756 3026 2820 Dioscorum,
3045 2754 3310 2823 ejusdemc

1732 2877 1832 2929 que
1870 2868 2021 2913 secta:
2062 2857 2311 2910 asseclas.
2359 2854 2639 2908 Calantutn
2672 2858 2859 2905 contra
2893 2848 3147 2902 Basiliam
3175 2842 3310 2899 Cili-

1736 2968 1852 3008 cem
1906 2950 2084 3006 serius
2132 2948 2348 3001 videtur
2391 2945 2699 2998 strinxisse.
2753 2942 2807 2994 lu
2848 2941 2953 2994 alio
3000 2938 3187 2993 codice
3234 2935 3313 2989 ais

1739 3044 1966 3099 Photius
2000 3056 2013 3093 :
2044 3037 2272 3093 Basilius
2300 3034 2439 3089 Cilix
2469 3034 2565 3102 fuit
2602 3032 2883 3101 presbyter,
2934 3038 2991 3080 ut
3028 3027 3092 3078 de
3122 3041 3174 3077 se
3204 3023 3314 3089 ipss

1741 3135 1987 3204 affirmat,
2010 3128 2346 3184 Antiochena:
2383 3123 2652 3184 Ecclesiae,
2685 3135 2794 3190 quo
2824 3129 3049 3186 tempore
3070 3116 3314 3168 thronum

1741 3203 1813 3280 ibi
1858 3224 2060 3277 tenebat
2110 3218 2427 3279 Flavianus,
2477 3213 2800 3281 Romanique
2862 3210 3064 3262 clavum
3109 3203 3317 3272 imperii

1742 3315 2078 3370 Anastasius.
2107 3309 2397 3377 Imperium
2433 3306 2601 3359 ternuit
2623 3306 2723 3357 iste
2744 3305 2812 3354 ah
2838 3314 2980 3353 anno
3006 3296 3101 3351 491
3131 3297 3197 3348 ad
3222 3310 3319 3346 an-

1745 3423 1871 3461 nutu
1898 3403 2024 3459 5t8.
2071 3400 2172 3468 Qui
2218 3412 2348 3451 vero
2377 3394 2668 3449 Flavianus
2708 3390 2906 3445 dicitur
2945 3384 3320 3439 Antiochequ

1743 3495 2081 3567 patriarcha,
2128 3490 2450 3559 intelligitur
2480 3486 2643 3553 hujus
2668 3482 2902 3536 nominis
2929 3477 3217 3537 secundus,
3251 3472 3321 3525 ab

1746 3607 1891 3648 anno
1934 3589 2154 3645 circiter
2182 3584 2287 3639 499
2317 3583 2383 3636 ad
2409 3596 2607 3635 annum
2636 3576 2759 3631 iiii.
2802 3572 3016 3643 Optime
3046 3568 3322 3625 cobtrrent

1745 3686 1949 3742 omnia.

1814 3776 1902 3831 lll.
1933 3773 2052 3829 Jam
2078 3785 2207 3842 ergo
2231 3770 2372 3822 inter
2401 3764 2544 3820 edita
2574 3764 2675 3818 sub
2708 3760 2866 3815 unius
2892 3755 3109 3811 Maximi
3151 3749 3324 3806 nomi-

1750 3886 1820 3926 ne
1853 3867 2095 3932 Scholia,
2140 3865 2315 3918 locum
2358 3859 2559 3912 habent
2596 3857 2712 3910 sine
2745 3853 2904 3906 dubio
2944 3866 3064 3919 quae
3100 3848 3326 3916 scripsit

1750 3969 1993 4023 Joannes
2024 3957 2526 4031 Scythopolitanus,
2562 3950 2782 4006 confusa
2808 3964 2929 4003 cum
2952 3947 3179 4001 eisdem.
3230 3941 3328 3994 Mi-

1752 4076 1856 4115 nus
1882 4065 2141 4113 accurata
2172 4051 2392 4123 profero
2424 4046 2587 4101 verba
2614 4042 2816 4097 Nicolai
2851 4038 3061 4093 Nourrii
3091 4036 3209 4090 loco
3236 4048 3329 4090 su-

1753 4152 1940 4224 perius
1970 4150 2165 4204 citato.
2207 4164 2225 4196 ι
2256 4144 2312 4197 In
2338 4141 2524 4195 codice
2552 4135 2890 4195 Colbertino,
2920 4146 3079 4185 manu
3102 4136 3332 4182 exarato

1751 4260 1926 4300 mense
1982 4239 2266 4296 Januario,
2319 4234 2453 4302 {cria
2499 4230 2743 4298 septima,
2797 4224 3077 4279 indictione
3120 4220 3327 4290 quinta,

1754 4354 1892 4393 anno
1928 4333 2112 4389 mundi
2136 4329 2294 4393 6500,
2339 4329 2387 4381 id
2419 4336 2504 4381 est
2537 4321 2740 4378 Christi
2773 4319 2897 4382 992,
2943 4316 3165 4384 adjectae
3203 4320 3332 4366 sunt

1683 4432 1731 4491 D
1758 4430 1944 4486 Sancti
1974 4425 2193 4480 Maximi
2223 4431 2384 4483 notae,
2412 4418 2479 4471 ab
2504 4416 2588 4470 his
2628 4428 2746 4482 qua:
2791 4412 2844 4464 in
2872 4409 3033 4463 editis
3063 4415 3327 4474 prostant,

1755 4524 2044 4595 plurimum
2071 4520 2516 4584 discrepantes...
2551 4510 2704 4565 Unde
2736 4516 2856 4560 orta
2898 4505 2968 4558 sit
3014 4503 3099 4555 illa
3128 4501 3335 4555 discre-

1754 4592 1936 4684 pantia
1966 4614 2011 4666 si
2038 4624 2215 4679 roges,
2246 4609 2395 4661 disce
2420 4618 2484 4658 ex
2515 4599 2786 4655 Anastasii
2818 4594 3127 4650 testimonio
3152 4592 3335 4662 (supe-

1758 4682 1868 4759 rius
1890 4705 2098 4767 allato),
2131 4716 2236 4770 quo
2275 4713 2332 4752 se
2364 4694 2580 4750 Scholia
2638 4691 2697 4746 S.
2746 4686 2965 4741 Maximi
3010 4694 3063 4738 et
3106 4682 3335 4736 Joannis

1756 4792 2188 4867 Scythopolitani
2237 4806 2266 4843 a
2322 4802 2381 4842 se
2438 4785 2667 4839 invicem
2716 4778 3053 4839 distinxisse,
3085 4772 3334 4827 allirmat.

1760 4864 1902 4942 llinc
1927 4864 2070 4940 enim
2100 4882 2345 4948 colliges,
2369 4893 2435 4933 ea
2465 4874 2839 4945 imperitorum
2866 4868 3218 4922 librariorum
3254 4864 3339 4917 in-

1758 4983 1934 5046 curia,
1969 4974 2211 5048 potuisse
2235 4971 2395 5026 facile
2443 4970 2497 5023 in
2528 4966 2719 5022 codice
2763 4959 3074 5018 Colbertino
3108 4955 3343 5023 aliisque

1759 5074 2007 5145 pluribus
2044 5077 2376 5139 prtepostera
2403 5058 2813 5131 perturbatione
2843 5050 3123 5109 confundi.
3155 5066 3176 5101 ι
3212 5048 3342 5113 Qui-

1764 5139 1868 5222 bus
1899 5164 2115 5217 videtur
2143 5158 2328 5214 verbis
2350 5165 2572 5226 putasse
2602 5148 2901 5213 Nourrius,
2924 5139 3345 5213 Scythopolitam

1767 5256 1986 5315 Scholia
2011 5254 2157 5311 edita
2189 5250 2429 5307 nondum
2461 5260 2601 5310 esse,
2633 5257 2698 5296 ac
2737 5240 2911 5295 latere
2941 5235 2996 5290 in
3039 5231 3345 5290 codicibus.

1768 5351 2001 5407 Fallitur
2029 5346 2268 5417 egregie,
2306 5343 2382 5396 uti
2412 5340 2613 5394 dictum
2648 5345 2760 5390 est.

1836 5446 2149 5497 Admonere
2191 5447 2368 5491 tamen
2417 5432 2651 5502 pretium
2691 5434 2774 5481 est
2816 5438 3017 5492 operai,
3049 5423 3101 5475 iu
3140 5418 3345 5473 Veneto

1766 5538 1957 5595 codice
1985 5543 2173 5590 nostro
2200 5529 2492 5584 Marciana:
2519 5521 2864 5579 bibliotheca:
2880 5517 3068 5572 eadem
3102 5512 3343 5573 Scholia,

1767 5644 1890 5699 quae
1914 5627 2055 5698 typis
2089 5623 2235 5677 edita
2262 5627 2411 5683 sunt,
2442 5614 2687 5670 auctiora
2715 5619 2770 5664 et
2792 5608 3055 5678 ampliora
3086 5602 3342 5686 reperiri:

1770 5735 1892 5794 quae
1938 5719 2124 5786 utique
2158 5713 2527 5769 additamenta
2579 5702 2858 5773 praestabit
2913 5712 3048 5754 nova
3107 5705 3344 5764 praesens
