3748 6328
458 251 522 307 67
1588 253 1648 312 S.
1686 250 2062 313 DIONYSIUS
2097 252 2563 311 AREOPAGITA.
3670 260 3723 315 es

454 370 644 423 editio.
698 366 936 425 Jacobus
977 367 1261 426 Echardus
1314 368 1371 425 in
1434 366 1792 440 Scriptoribus
1840 370 2021 423 ordini.

2179 369 2347 431 Lua»;
2368 383 2449 421 τε.
2486 368 2538 421 In
2576 377 2739 437 caput
2776 367 2871 434 iii,
2915 370 2983 423 ad
3017 383 3205 425 vocem
3236 369 3615 439 ῥᾳστώνην,
3660 390 3723 427 se-

462 459 901 524 Pradicatorum,
939 471 1085 515 tomo
1109 459 1170 526 ll,
1204 461 1271 515 ad
1321 477 1523 516 annum
1572 460 1733 527 l6'i9,
1767 462 1820 515 in
1856 460 2036 515 Fran-

455 553 594 605 cisco
621 551 939 621 Combe/ile
969 556 1212 619 adnotat,
1244 558 1418 610 virum
1452 556 1926 625 prteclarissimum
1953 571 2041 611 re-

459 643 688 711 liquisse
751 645 900 712 prelo
956 657 1205 715 paratum
1262 658 1466 701 tomum
1496 648 1558 701 lll
1593 647 1832 700 Auctarii
1859 649 2035 702 novis-

454 737 574 789 simi
610 736 943 791 Bibliotheca:
980 740 1283 792 bra'corum
1334 737 1577 803 Patrum,
1631 740 1683 793 in
1725 755 1832 809 quo
1860 739 2034 795 locum

454 829 733 882 habuisset
786 829 1001 883 Scholia
1056 833 1108 883 in
1157 831 1466 900 Dionysium
1511 833 1922 900 Areopagitam..
1973 850 2038 886 ea:

454 919 633 990 Regio,
674 921 1133 990 Sandionysiano,
1174 939 1235 974 ac
1277 922 1476 989 duplici
1523 923 1803 976 Mazarino
1841 925 2035 976 codici-

450 1011 564 1072 bus,
619 1010 798 1064 multis
855 1024 1010 1064 aucta
1067 1022 1114 1065 et
1152 1012 1447 1067 emendata.
1491 1011 1630 1065 Sttttt
1678 1028 1870 1081 nempe
1902 1014 2037 1085 Scy-

451 1104 775 1172 thopolitani
812 1104 1051 1168 Scholia,
1094 1119 1213 1173 qum
1242 1114 1423 1158 tamen
1468 1107 1534 1158 ad
1572 1104 1863 1158 Maximum
1896 1106 2035 1160 rele-

448 1198 603 1253 rebat
630 1199 713 1252 vir
736 1202 948 1255 doctus.

516 1290 736 1343 Addere
790 1291 914 1344 licet
963 1290 1409 1345 Commentarinm
1461 1294 1624 1345 etiam
1671 1293 1922 1361 fusiorem
1978 1294 2033 1346 in

446 1387 697 1448 quartam
737 1380 975 1449 Dionysii
1013 1381 1339 1449 Areopagita:
1376 1381 1449 1433 sic
1487 1384 1637 1450 vulgo
1683 1386 1814 1437 dicti
1840 1385 2034 1453 episto-

448 1471 577 1534 lam,
607 1488 723 1539 qua:
751 1482 825 1525 est
856 1475 924 1525 ad
952 1472 1141 1526 Caium
1173 1490 1192 1539 _:
1221 1476 1363 1543 quod
1394 1489 1530 1544 Opus
1560 1476 1919 1531 Combelisius
1940 1493 2034 1532 vo-

450 1577 540 1619 cat
569 1566 794 1621 Maximi
818 1574 1101 1638 genuinum
1153 1584 1219 1623 ex
1265 1571 1455 1625 codice
1488 1570 1680 1641 Regio,
1712 1572 1869 1642 idque
1902 1588 2029 1624 nus-

446 1674 605 1725 quam
657 1671 810 1711 antea
849 1660 983 1728 typis
1020 1676 1289 1716 excusant.
1337 1661 1443 1715 Sed
1488 1662 1614 1715 illud
1658 1663 1863 1717 editum
1891 1664 2031 1733 typis

2138 461 2320 513 cunda
2371 461 2642 528 expositio
2692 460 2939 525 affertur,
2992 477 3114 516 cum
3156 463 3360 529 ἄλλως
3414 466 3719 534 praemissa

2138 550 2284 605 Idem
2333 560 2627 608 observare
2677 554 2807 607 licet
2856 555 2909 607 in
2963 564 3129 623 caput
3162 554 3197 608 2
3242 556 3318 608 De
3361 557 3720 610 ecclesiastira

2136 642 2476 707 hierarchia,
2514 645 2579 697 ad
2621 644 2708 697 illa
2753 645 2950 708 verba,
3003 645 3290 715 intelligere
3326 649 3523 700 animo
3562 658 3615 698 et
3651 666 3720 699 ras

2136 739 2315 797 tione;
2340 746 2392 788 et
2416 735 2467 787 in
2502 745 2662 805 caput
2692 734 2748 798 5,
2768 735 2831 789 ad
2868 751 3053 800 voces,
3080 737 3134 789 in
3157 739 3363 803 altam,
3392 749 3450 791 et
3480 740 3562 792 ad
3602 739 3717 793 illas.

2136 830 2263 881 dicit
2288 828 2379 897 qui
2404 827 2542 880 lotus
2568 837 2643 881 est
2665 844 2681 892 ;
2706 840 2762 881 et
2791 829 2841 881 itt
2870 838 3032 897 caput
3053 828 3106 886 4.
3129 829 3195 882 ad
3221 832 3409 895 verba,
3437 839 3529 883 est
3556 832 3719 893 alique

2136 919 2376 979 celestis,
2422 929 2477 972 et
2509 919 2573 972 ad
2624 920 2778 983 illud,
2812 920 3192 989 inferioribus;
3222 932 3277 975 et
3304 923 3357 975 in
3388 930 3573 991 caput
3604 923 3641 976 '2
3666 924 3717 976 Di

2134 1013 2328 1064 divinis
2361 1012 2689 1076 nominibus,
2744 1014 2811 1065 ad
2842 1013 3027 1079 verba,
3060 1031 3250 1081 passus
3293 1016 3523 1079 divina;
3579 1027 3637 1070 et
3682 1018 3717 1069 in

2135 1114 2297 1170 caput
2323 1104 2379 1169 4,
2410 1106 2477 1157 ad
2509 1119 2691 1168 voces,
2720 1104 2816 1157 καὶ
2842 1105 3232 1176 ὑπερκὸσμιον.

2207 1197 2262 1248 lu
2307 1206 2469 1263 caput
2510 1196 2564 1259 Ξ),
2595 1197 2662 1249 ad
2687 1198 2877 1261 verba,
2914 1208 3085 1263 etest,
3121 1211 3167 1253 et
3197 1200 3331 1262 erit,
3367 1200 3564 1268 prima
3607 1198 3717 1252 sub-

2130 1283 2322 1352 jicitur
2352 1295 2513 1351 nota;
2552 1287 2660 1340 alia
2691 1287 2946 1355 sequitur
2983 1290 3178 1344 deinde
3205 1304 3327 1343 cum
3376 1290 3469 1343 his
3515 1289 3716 1348 verbis.

2133 1381 2213 1441 et;
2237 1377 2297 1431 τὸ
2332 1378 2465 1433 αύτό
2490 1394 2503 1432 :
2530 1388 2585 1433 et
2629 1380 2681 1432 in
2720 1390 2882 1448 caput
2914 1382 2967 1444 7,
3013 1382 3079 1434 ad
3125 1395 3317 1444 voces,
3358 1392 3405 1434 et
3454 1382 3720 1451 imagines

2133 1473 2416 1541 quasdam.
2446 1472 2569 1526 llaec
2604 1488 2734 1527 vero
2765 1475 2900 1528 satis
2930 1486 3094 1529 sunt:
3123 1490 3224 1529 nec
3250 1475 3395 1529 enim
3431 1476 3660 1529 diutius
3680 1476 3717 1528 ia

2136 1565 2223 1619 his
2274 1564 2549 1619 immorari
2584 1565 2750 1633 licet,
2778 1581 2900 1635 qua:
2941 1568 3056 1622 sola
3092 1568 3342 1622 codicum
3377 1568 3720 1638 inspectione

2136 1653 2469 1719 deprehendi
2495 1663 2610 1708 tuto
2640 1667 2893 1724 possunt.

449 1748 645 1802 Oxonii
680 1750 809 1802 l68l
848 1752 1150 1820 putaverint
1174 1767 1273 1820 ego
1302 1752 1353 1805 itt
1386 1753 1696 1821 Appendice
1718 1755 1787 1806 ad
1806 1752 2031 1806 Joannis
2062 1752 2104 1806 B
2210 1746 2273 1801 V.
2318 1747 2402 1800 Ad
2453 1758 2734 1802 auelorem
2766 1748 3032 1804 Joannem
3067 1748 3604 1820 Scythopolitanum
3626 1752 3723 1805 red.

449 1840 595 1894 Scoti
634 1840 1055 1909 Erigena'lihros
1085 1844 1313 1913 quinque
1358 1843 1433 1898 De
1480 1846 1739 1899 divisione
1786 1855 2029 1902 naturtc.’

447 1931 535 1985 ubi
569 1942 746 1989 exstat
770 1932 960 1989 Grmce
993 1944 1047 1989 el
1080 1935 1297 2001 Latine,
1340 1935 1638 2005 interprete
1686 1936 1789 1989 'Plt.
1827 1935 2029 2001 Galam,

441 2022 643 2095 Anglu,
690 2023 925 2091 Epistula
980 2027 1151 2093 prima
1207 2027 1268 2081 S.
1298 2025 1521 2081 Maximi
1551 2029 1618 2080 ad
1648 2028 1900 2081 Thomam
1955 2031 2033 2081 vi-

444 2130 558 2166 rum
593 2126 832 2168 sanctum
875 2118 937 2169 de
973 2117 1198 2171 diversis
1223 2121 1625 2187 quiestionibus,
1676 2114 1746 2171 ac
1784 2128 2032 2188 prostant

443 2206 621 2274 capite
644 2204 676 2259 5
708 2207 939 2261 fusiores
960 2209 1015 2260 in
1044 2209 1317 2275 epistolam
1346 2221 1592 2276 quartam
1620 2212 1688 2264 ad
1719 2210 1909 2263 Caium
1930 2213 2029 2265 sub

441 2296 685 2365 ejusdem
726 2298 942 2351 Maximi
981 2299 1197 2353 nomine
1223 2300 1635 2355 Commentarii.

514 2387 601 2442 IV.
646 2390 728 2442 An
762 2406 891 2445 vero
934 2389 1154 2444 Maximi
1190 2392 1431 2457 Scholia,
1465 2402 1520 2449 et
1556 2410 1616 2447 ea
1661 2409 1781 2463 qua:
1807 2392 2030 2462 scripsit

443 2477 952 2548 Scythopolitanus,
980 2493 1213 2551 utraque
1244 2485 1470 2539 confusa
1507 2486 1559 2539 in
1600 2486 1783 2549 editis,
1828 2485 2027 2539 indicia

446 2573 670 2638 iuerint,
698 2592 817 2644 qua:
852 2577 1176 2631 secernunt?
1232 2578 1304 2630 Ea
1332 2578 1551 2645 quidem
1585 2577 1912 2632 Anastasius
1940 2575 2028 2629 Bi-

440 2666 830 2722 bliothecarius
872 2667 1293 2733 prudentissime
1322 2670 1388 2723 ab
1419 2670 1650 2724 invicem
1680 2671 1915 2724 discreta
1944 2671 2027 2723 in-

442 2770 776 2828 terpretatus
812 2768 915 2827 est,
969 2777 1316 2831 quwcunque,
1370 2762 1641 2830 inquiens,
1691 2762 1747 2816 in
1770 2762 1912 2815 calce
1941 2764 2025 2816 sui

438 2853 646 2922 signum
672 2852 849 2905 vivicte
877 2854 1045 2906 crucis
1074 2854 1287 2918 habent,
1320 2870 1351 2905 a
1375 2854 1523 2907 beato
1551 2853 1787 2907 Maximo
1819 2854 2026 2923 confes-

438 2962 558 2998 sore
592 2955 638 2999 et
687 2946 943 2999 monacho
991 2947 1196 3001 iuventa
1229 2960 1541 3013 narrantur,
1579 2959 1769 3002 cratera
1809 2964 1929 3002 vero
1959 2945 2020 3002 S.

436 3037 687 3102 Joannis,
713 3038 1133 3107 Scythopolitani
1164 3040 1421 3107 episcotti,
1463 3056 1573 3093 csse
1601 3041 1864 3109 feruntur.
1910 3040 2021 3093 Ea-

2134 1857 2201 1898 eo
2224 1884 2239 1907 ,
2286 1838 2355 1893 de
2385 1852 2492 1907 quo
2516 1840 2648 1894 satis
2672 1841 2911 1895 nondum
2947 1842 3246 1896 innotescit
3274 1883 3287 1905 ,
3313 1843 3438 1910 quis
3484 1842 3588 1896 ille
3622 1842 3719 1893 tue-

2137 1933 2208 1981 rit
2237 1948 2249 1982 :
2283 1943 2345 1983 ac
2383 1930 2642 2001 ingerunt
2678 1947 2811 1985 sane
2860 1932 3231 1987 difﬁcultatem
3289 1942 3399 1986 tum
3434 1934 3719 1988 Anasmsii

2136 2021 2254 2074 Bibl
2279 2024 2547 2077 othecarii
2573 2065 2586 2088 ,
2637 2036 2750 2077 tum
2802 2024 2983 2079 Pbotii
3023 2026 3274 2094 superius
3317 2027 3491 2079 allata
3534 2029 3718 2081 verba.

2130 2110 2397 2167 Joannem
2430 2112 2948 2185 Scythopolitanum
2969 2158 2983 2181 ,
3017 2117 3363 2173 Scholiorum
3403 2129 3716 2178 auctorem.

2133 2215 2291 2258 vocat
2317 2207 2623 2276 episcopum
2657 2209 2765 2274 ille;
2798 2210 2866 2265 de
2892 2209 3105 2267 Joanne
3127 2211 3603 2282 Scytbopolitano
3626 2214 3717 2281 agit

2133 2296 2270 2361 iste,
2329 2314 2493 2367 quem
2561 2301 2722 2355 modo
2785 2301 3171 2357 Scholasticum
3228 2305 3499 2373 appellat,
3567 2308 3717 2359 modo

2131 2387 2498 2457 Causidicum,
2562 2392 2707 2446 nulla
2765 2394 2977 2465 ingesta
3029 2397 3360 2466 episcopalis
3420 2400 3717 2471 dignitatis

2132 2482 2428 2539 mentione.

2205 2570 2570 2629 Nihilominus
2602 2574 2829 2632 Photius
2866 2578 2980 2646 ipse
3004 2577 3265 2635 Joannem
3292 2580 3713 2652 Scythopolita-

2132 2679 2259 2717 num
2289 2675 2556 2720 memorat
2591 2670 2886 2722 antistitem
2917 2671 3109 2725 codice
3137 2686 3393 2732 ccxxxvt,
3425 2674 3525 2727 ubi
3562 2673 3714 2729 refert

2128 2755 2438 2824 synodicam
2466 2759 2745 2826 epistolam
2769 2759 3060 2828 Sep/tronii
3078 2762 3518 2831 Ilierosolymita:
3571 2774 3715 2834 (cou-

2130 2859 2211 2901 tra
2242 2848 2652 2919 Monothelitas,
2702 2867 2844 2906 anno
2871 2855 2974 2909 635
3006 2857 3315 2927 scriptam),
3352 2860 3403 2912 in
3451 2874 3572 2927 qua
3610 2875 3710 2913 meo

2129 2947 2377 2992 moratur
2425 2940 2608 2993 beatus
2660 2941 2897 2996 Joannes
2934 2946 3157 2998 antistes
3204 2945 3711 3017 Scythopolitanus,

2126 3030 2219 3095 qui
2244 3032 2389 3084 docet
2416 3043 2463 3085 et
2488 3035 2573 3099 pie
2595 3035 2659 3086 de
2685 3036 2886 3103 synodo
2911 3036 3333 3093 Chalcedonensi
3361 3043 3614 3110 scripsit.

438 3132 558 3185 dem
597 3146 813 3199 quoque
854 3146 959 3183 non
983 3130 1231 3193 confusa,
1268 3132 1364 3185 sed
1398 3132 1650 3186 distincta
1678 3140 1829 3197 sunt,
1856 3131 2023 3187 Usse-
2051 3102 2094 3159 ϐ
2198 3119 2317 3184 QUO
2355 3137 2482 3177 νθτο
2518 3125 2561 3179 i5
2608 3126 2852 3181 "Ol‘uel‘il
2905 3130 3186 3199 lempore?
3227 3132 3374 3186 Ιηῑθτ
3423 3136 3712 3201 episcopos

448 3222 529 3274 rio
561 3224 881 3289 adnotante,
918 3222 969 3275 in
1011 3222 1251 3291 antiquis
1282 3223 1583 3289 codicibus,
1616 3233 1672 3279 et
1718 3224 1771 3276 in
1802 3234 2021 3293 utroque

438 3314 617 3366 codice
647 3329 746 3382 quo
779 3330 903 3366 usus
939 3326 1013 3368 est
1042 3313 1317 3367 Morellius
1345 3330 1367 3378 ;
1403 3315 1457 3368 in
1500 3331 1724 3384 quorum
1756 3315 1923 3368 altera
1954 3316 2025 3367 ad

438 3407 726 3473 marginem
762 3417 881 3458 sunt
910 3405 1151 3475 apposita
1181 3404 1409 3458 Joannis
1440 3403 1865 3474 Scythopolitani
1911 3404 2023 3458 sine

440 3499 647 3549 nomine
670 3496 885 3550 Scholia
914 3512 934 3550 :
962 3497 1016 3548 in
1040 3496 1207 3548 altera
1239 3511 1355 3549 vero
1375 3498 1617 3561 seorsim,
1659 3505 1776 3563 post
1804 3495 2021 3550 absolu-

438 3599 548 3639 tum
576 3597 775 3641 textum
798 3590 1056 3657 integrum
1094 3588 1358 3659 Dionysii,
1401 3588 1627 3644 Maximi
1654 3590 1861 3643 nomine
1889 3590 2021 3643 insi-

435 3678 582 3746 gnita
616 3678 848 3734 Scholia.

506 3768 587 3821 Ad
620 3769 765 3838 ipsas
793 3770 935 3839 quod
962 3771 1155 3826 attinet
1182 3770 1470 3836 editiones,
1500 3770 1698 3825 indicia
1724 3779 2021 3826 occurrunt

435 3863 824 3918 distinctionis.
861 3862 916 3918 lu
962 3865 1279 3919 Morelliana
1336 3864 1462 3919 anni
1512 3863 1653 3919 1562
1704 3865 1788 3918 his
1838 3864 2021 3918 verbis

437 3955 757 4011 inscribitur
789 3958 1053 4028 Prologus
1087 3976 1102 4011 :
1134 3957 1437 4027 Πρόλογος
1488 3955 1594 4009 τοῦ
1630 3956 1804 4025 ἁγίου
1831 3954 2021 4019 Μαξί-

434 4066 570 4115 μου,
635 4047 677 4120 ἢ
737 4050 888 4103 κατά
942 4067 1138 4116 τινας,
1204 4048 1484 4103 Ἰωάννου
1545 4047 1652 4102 τοῦ
1714 4050 2019 4102 Σκυθοπο-

431 4140 628 4204 λίτου,
664 4159 683 4191 ‹
725 4140 984 4211 Prologus
1010 4144 1179 4197 sancti
1201 4142 1449 4204 Maximi,
1485 4140 1581 4203 vel,
1605 4142 1892 4194 secundum
1915 4142 2019 4192 ali-

432 4249 584 4300 quos,
608 4231 834 4286 Joannis
868 4233 1308 4304 Scythopolitani.
1338 4249 1357 4284 ι
1378 4233 1457 4286 Ad
1483 4232 1626 4287 hunc
1652 4230 1799 4286 omni
1830 4228 2018 4300 procui

433 4325 597 4379 dubio
626 4323 905 4379 Scholium
934 4328 1170 4395 pertinet
1196 4328 1249 4381 in
1280 4340 1388 4395 quo
1411 4324 1733 4395 Origenistaa
1762 4325 2018 4378 dicuntur

434 4431 572 4467 nunc
599 4416 888 4485 prodiisse,
928 4419 980 4470 in
1012 4416 1299 4472 Palaestina
1324 4415 1555 4471 scilicet.
1597 4413 1851 4482 Ejusdem
1893 4419 2019 4465 sunt

432 4508 664 4573 scholia,
692 4508 849 4577 queis
881 4507 1187 4562 Nestoriani
1218 4507 1562 4577 appellantur
1590 4503 1871 4558 Basiliani.
1902 4503 2012 4558 Ad-

432 4606 589 4653 notat
637 4597 911 4663 Usserius,
954 4599 1171 4655 Maximi
1207 4600 1427 4655 Scholia
1483 4599 1721 4652 breviora
1764 4612 1907 4663 esse,
1955 4605 2011 4651 et

432 4692 691 4759 ampliora
738 4707 859 4760 quas
915 4694 1135 4763 scripsit
1193 4692 1692 4764 Scythopolitanus.
1740 4690 1892 4757 Quod
1937 4692 2008 4744 ita

432 4782 805 4852 intelligimus,
833 4796 889 4837 ιιι
921 4786 1082 4839 etiam
1116 4785 1448 4856 longiuscula
1478 4784 1727 4853 qumdam
1758 4780 2009 4837 confece-

435 4876 507 4929 rit
537 4875 820 4942 Maximus,
854 4887 909 4932 et
938 4894 1043 4932 non
1072 4878 1245 4933 solum
1280 4878 1565 4942 breviora;
1614 4878 1708 4931 sed
1739 4874 2007 4931 etbrevia

428 4980 765 5040 quaecunque
796 4970 1076 5040 scripserit
1104 4970 1603 5041 Scythopolitauus,
1625 4978 1801 5025 etnon
1829 4968 2007 5024 solum

430 5060 745 5129 prolixiora.

502 5151 559 5206 In
593 5155 781 5208 eadem
812 5156 975 5210 verba
992 5156 1364 5226 eamdemque
1397 5156 1644 5212 auctoris
1675 5155 2003 5211 sententiam

429 5256 727 5299 occurrunt
771 5261 877 5300 non
910 5260 1040 5300 raro
1079 5248 1204 5300 bina
1246 5248 1453 5303 scholia
1478 5291 1492 5315 ,
1527 5248 1760 5303 alterum
1796 5248 2008 5304 scilicet

431 5331 675 5401 Maximi,
694 5334 1132 5406 Scytbopolitani
1160 5336 1414 5403 alterum,
1432 5340 1517 5395 his
1537 5340 1717 5396 verbis
1741 5340 2004 5409 discreta,

429 5426 660 5491 ἄλλως,
692 5436 748 5480 et
771 5426 860 5492 εἰς
886 5427 1054 5481 αὐτό.
1106 5426 1379 5482 Nonnulla
1408 5430 1594 5497 accipe
1624 5429 1898 5499 exempla.
1948 5430 2004 5482 ln

430 5526 592 5585 caput
618 5517 683 5570 10
717 5517 790 5571 De
823 5520 1016 5573 στιβειὶ
1044 5520 1345 5574 hierarchia
1372 5563 1385 5587 ,
1422 5522 1488 5575 ad
1522 5521 1610 5575 illa
1645 5522 1831 5582 verba,
1861 5538 2005 5590 κρυ-

426 5608 678 5678 φιώτερα
694 5608 832 5678 μέν,
868 5627 889 5661 ι
914 5612 1190 5665 occultiori
1214 5614 1443 5683 quidem,
1474 5631 1492 5665 ι
1537 5624 1655 5682 post
1686 5614 2000 5683 longiuscu-

430 5696 536 5749 lant
562 5695 1001 5764 adnotationem,
1028 5701 1249 5755 additur
1272 5700 1377 5757 alia
1408 5705 1690 5771 praemisso
1714 5702 1998 5759 adverbio.

2130 3212 2615 3284 ScythOpolitanos
2665 3221 2719 3273 in
2773 3223 3154 3291 patriarchatu
3225 3222 3705 3295 Jerosolymitano

2124 3303 2388 3360 Joannem
2442 3310 2798 3376 probabiliter
2854 3314 2996 3368 circa
3048 3329 3249 3369 annum
3303 3315 3409 3369 496
3480 3318 3709 3373 collocat

2125 3394 2434 3464 Lequienus
2466 3399 2518 3452 in
2553 3399 2772 3456 Oriente
2825 3402 3155 3466 Christiano,
3208 3415 3337 3461 tom.
3378 3405 3462 3459 lll.
3497 3408 3616 3463 Res
3647 3409 3707 3461 ita

2126 3502 2186 3541 se
2216 3488 2415 3543 habeat
2441 3507 2457 3544 :
2506 3489 2733 3547 dubium
2770 3504 2952 3549 manet
2983 3497 3184 3561 adhuc,
3214 3514 3339 3551 num
3375 3497 3421 3551 is
3446 3501 3704 3552 confece-

2126 3578 2200 3631 rit
2231 3578 2455 3635 Scholia
2483 3581 2535 3635 iu
2571 3582 2889 3640 Maximum.
2943 3584 3115 3641 Favet
3156 3601 3225 3656 ep
3250 3589 3486 3657 scopalis
3538 3591 3710 3662 digni-

2128 3680 2234 3738 tas,
2289 3673 2536 3741 ipsorum
2572 3680 2782 3733 auctori
2820 3680 3025 3734 tributa
3069 3681 3136 3733 ab
3164 3680 3455 3737 Anastasio
3504 3682 3707 3737 Biblio-

2127 3764 2400 3820 thecario:
2424 3777 2479 3820 at
2506 3780 2737 3838 sumpta:
2757 3785 2822 3825 ex
2844 3770 3039 3826 Photio
3064 3770 3402 3827 diliicultates
3428 3776 3705 3842 negotium

2126 3857 2387 3928 ingerunt
2432 3861 2576 3915 haud
2626 3863 2698 3915 ita
2757 3862 2893 3918 leve.
2952 3862 3234 3919 Laudatus
3282 3863 3606 3935 Lequienus
3662 3866 3704 3919 in

2124 3947 2524 4005 Dissertatione
2579 3950 2975 4006 Damascenica
3047 3967 3083 4008 tt
3143 3955 3385 4008 tribuere
3446 3956 3705 4025 praedicta

2124 4039 2344 4096 Scholia
2386 4041 2601 4096 videtur
2626 4041 2823 4099 Joauni
2857 4044 3332 4116 Scythopolitano,
3366 4045 3643 4104 lacessito
3680 4064 3703 4101 a

2122 4132 2321 4187 Basilio
2358 4132 2553 4199 Cilice,
2613 4146 2668 4189 et
2715 4136 2888 4204 ipsum
2945 4139 3171 4207 scriptis
3202 4141 3316 4194 suis
3359 4140 3703 4195 lacessenti:

2121 4225 2215 4278 sed
2269 4225 2415 4280 hunc
2448 4241 2478 4279 a
2510 4225 2722 4282 Joanne
2765 4229 3167 4299 ScythOpoleos
3218 4232 3474 4301 episcopo
3517 4233 3705 4285 distin-

2122 4318 2238 4384 guit
2270 4318 2321 4370 itt
2355 4317 2574 4371 Oriente
2624 4318 2952 4377 Christiano.
2989 4320 3189 4386 Quidni
3237 4321 3573 4377 Anastasius
3614 4322 3701 4376 Bi-

2053 4438 2098 4493 υ
2126 4406 2517 4463 bliothecarius
2540 4417 2595 4462 et
2625 4409 2853 4464 Pbotius
2880 4410 3164 4465 conciliari
3216 4419 3437 4478 queant,
3470 4412 3517 4464 si
3552 4412 3703 4466 dixe-

2122 4498 2315 4561 rimus,
2368 4498 2633 4553 Joannem
2667 4498 3212 4571 Scythopoiitanum,
3246 4511 3403 4555 antea
3429 4503 3703 4557 scholasti-

2116 4606 2235 4642 cum
2265 4600 2323 4643 et
2366 4594 2692 4645 causidicum
2719 4633 2734 4655 ,
2771 4595 2946 4647 virum
2978 4592 3349 4647 clarissimum
3392 4595 3461 4648 ob
3494 4598 3696 4665 scripta

2117 4681 2172 4735 in
2206 4682 2520 4738 desertores
2554 4684 2835 4754 Ecclesiae,
2863 4695 2917 4740 et
2945 4687 2999 4740 in
3034 4686 3296 4741 Basiliam
3331 4686 3560 4746 Cilicem
3583 4690 3699 4744 elu-

2115 4775 2369 4839 cubrata,
2404 4775 2605 4831 infulas
2634 4787 2821 4846 postea
2841 4777 3144 4833 obtinuisse
3168 4777 3426 4835 Ecclesiae
3461 4781 3698 4851 Scytho-

2114 4870 2401 4937 politanze?
2437 4869 2708 4941 Tempora
2737 4875 3092 4928 conveniunt.
3121 4872 3387 4929 Joannem
3414 4891 3527 4930 sua:
3560 4893 3697 4947 pne.

2114 4961 2283 5018 fuisse
2332 4964 2588 5019 Ecclesiae
2645 4967 2712 5020 ad
2771 4981 2976 5020 annum
3033 4966 3259 5021 circiter
3308 4967 3415 5022 518
3471 4970 3697 5024 adnotat

2113 5052 2464 5122 Lequienus,
2528 5072 2636 5125 quo
2690 5058 3077 5112 moderandam
3152 5070 3527 5129 assumpserat
3574 5077 3693 5116 eam

2113 5144 2486 5214 Theodosius,
2519 5150 2766 5219 epistolae
2793 5152 3090 5221 synodicm,
3120 5168 3284 5221 quam
3334 5151 3578 5209 JOattnes
3608 5154 3689 5208 Je-

2113 5239 2536 5309 rosolymitanus
2574 5252 2765 5295 contra
2797 5240 3059 5297 Severum
3091 5244 3488 5300 Antiochenam
3522 5246 3692 5311 dedit,

2109 5333 2452 5402 subscriptus
2483 5348 2625 5388 anno
2650 5335 2754 5389 518
2788 5352 2801 5386 :
2837 5335 3155 5402 Θεοδόσιος
3202 5338 3538 5405 ἐπίσκοπος
3586 5338 3689 5408 τῆς

2108 5425 2587 5481 Σκυθοπολιτῶν.
2654 5426 2811 5481 Hunc
2858 5442 2988 5481 vero
3042 5430 3111 5483 ad
3154 5445 3355 5483 annum
3404 5432 3691 5500 pervenire

2108 5518 2229 5572 sine
2256 5519 2423 5573 dubio
2451 5521 2631 5587 potuit
2660 5518 2899 5574 Joannes
2934 5520 3425 5591 Scytbopolitanus
3475 5526 3687 5578 schola-

2108 5610 2280 5664 sticus
2308 5619 2402 5663 aut
2428 5611 2758 5679 causidicus,
2786 5611 2877 5680 qui
2906 5612 3017 5681 jam
3050 5628 3196 5666 anno
3222 5614 3322 5668 471
3352 5614 3572 5669 circiter
3599 5630 3687 5671 ro-

2108 5717 2267 5778 gatus
2311 5722 2343 5761 a
2395 5704 2614 5761 Juliano
2671 5707 2988 5776 patriarcha
3020 5708 3364 5763 Antiocheno
3412 5709 3683 5766 calamum
