3748 6310
0 295 82 346 69
1384 269 1916 330 PROLEGOMENA.
3235 263 3302 316 70
3333 306 3339 312 .

1649 456 1696 512 Α
2321 384 2444 441 CAP
2455 385 2550 442 UT
2603 383 2690 440 IV.

1725 500 2010 556 Editorum
2042 501 2377 557 Scholiorum
2403 500 2657 555 nonnulla
2676 499 2942 554 Germano
2973 497 3300 564 patriarcha'

1795 575 1975 625 tribuit
2023 574 2188 626 codex
2219 589 2317 624 ms.
2364 571 2567 625 Veneta:
2611 570 2904 624 Marciame
2933 569 3258 621 bibliothecis
3282 586 3303 624 :

1793 660 1911 714 qua:
1953 645 2132 714 omnia
2159 644 2514 714 indicantur,
2551 642 3095 714 Animadversioncs_:
3124 639 3307 706 conje-

1799 707 1967 768 cturae
1995 715 2060 766 de
2094 713 2355 766 Germano
2375 710 2680 776 patriarcha
2701 714 2895 764 invecto
2926 728 3021 778 pro
3041 707 3302 762 Maaimo.

1800 784 1932 848 Quis
1973 784 2064 837 ille
2113 785 2272 852 fuerit
2313 784 2610 836 (ζει-1111111118
2662 782 2987 852 patriarcha.
3032 781 3152 832 Alia
3189 795 3306 848 qua?

1799 856 2044 922 feruntur
2073 851 2213 919 apud
2259 852 2650 919 bibliographos
2692 855 2747 904 in
2784 851 2928 920 Opus
2968 851 3276 918 Arenpagiti

1798 941 1914 978 cum
1947 927 2182 988 Scholia,
2216 937 2566 977 recensentur.

0 413 343 467 strinxerat
368 405 660 460 adversum
705 398 971 455 Ecclesia:
1003 396 1317 452 desertores
1337 433 1352 456 ,
1387 405 1457 446 ac
1479 388 1632 446 Basi-

0 506 162 558 lium
191 499 425 556 Cilicem
452 504 640 566 postea
667 496 948 548 insecutus
975 499 1081 546 est.

86 593 446 664 Dignissima
473 599 557 644 est
589 586 1073 642 animadversione
1095 581 1199 636 alia
1228 575 1621 648 chronologica

1 699 190 752 nota,
223 703 391 756 quam
422 684 582 739 oll'ert
615 679 894 736 adnotalio
919 675 1169 746 superius
1191 671 1352 726 allata
1385 687 1532 726 num.
1563 669 1624 730 2.

5 784 68 835 in
111 794 256 848 cap.
304 779 355 846 7,
388 778 462 831 De
486 774 838 830 ecclesiastica
868 770 1192 832 hierarchia,
1217 767 1307 821 ubi
1342 781 1478 818 nunc
1499 780 1624 833 pro-

6 875 200 928 diisse
223 873 486 927 dicuntur
518 867 822 937 fabularum
855 863 1101 934 Origenis
1125 870 1408 914 sectatores
1431 858 1485 910 in
1520 856 1625 908 Pa-

11 956 278 1020 laestina.
316 962 520 1030 Nempe
565 959 745 1028 magni
792 965 971 1010 motus
1000 955 1052 1008 in
1084 951 1428 1008 monasteriis
1459 949 1628 1004 Palae-

9 1059 200 1112 stinae
232 1071 382 1110 anno
423 1054 520 1109 5'5l
577 1067 676 1122 pro
722 1048 1070 1120 dogmatibus
1120 1044 1375 1114 Origenis
1415 1040 1622 1098 exciti:

12 1153 121 1205 sed
154 1150 278 1219 jam
311 1155 472 1202 antea
502 1143 748 1212 inctepti,
807 1142 1000 1196 Nonno
1033 1138 1300 1193 monacho
1324 1137 1625 1200 incentore,

13 1243 120 1312 qtti
160 1250 463 1311 propterea
488 1249 610 1292 ante
638 1251 836 1290 annum
881 1233 985 1289 518
1025 1232 1233 1302 ejectus
1276 1231 1627 1293 monasterio,

18 1347 83 1392 ut
148 1339 360 1392 iterum
421 1333 844 1392 restitueretur,
907 1327 1020 1396 egit
1076 1327 1257 1379 eodem
1315 1341 1454 1376 anno
1506 1339 1630 1376 cum

15 1431 281 1491 Joanne,
323 1427 412 1496 qui
442 1425 572 1480 Elia:
616 1423 946 1492 patriarchae
977 1417 1439 1489 Jerosolymitauo
1467 1414 1633 1470 suffe-

17 1535 156 1579 ctus
196 1523 406 1577 fuerat.
448 1519 574 1574 llaec
608 1519 801 1571 latiore
829 1530 1081 1572 sermone
1113 1519 1339 1567 narrant
1379 1510 1633 1565 Norisius

1799 1039 1840 1096 l.
1901 1039 2301 1095 Nitidissimum
2356 1037 2712 1094 inter‘alios.
2759 1037 2813 1090 in
2872 1038 3073 1103 quibus
3128 1035 3308 1103 Opera

1732 1133 2112 1201 Areopagitica
2135 1173 2148 1191 .

1733 1220 1791 1274 S.
1825 1220 1992 1275 Marci
2039 1221 2384 1276 bzhliothecze
2426 1222 2642 1275 rodices
2675 1235 2836 1272 manu
2884 1227 3160 1272 exaratos.
3188 1234 3310 1271 cum

1730 1313 1835 1367 viri
1892 1314 2109 1382 quidam
2180 1315 2498 1382 peritissimi
2559 1315 2966 1381 expenderent,
3031 1326 3310 1365 versarent

1731 1409 1897 1461 etiam
1930 1422 2053 1477 ego,
2087 1422 2113 1460 s
2140 1405 2366 1474 iugulare
2391 1405 2673 1476 quidpiam
2707 1404 2993 1458 addiscere
3034 1403 3217 1456 statim
3244 1418 3308 1455 ex

1731 1514 1798 1554 eo
1829 1500 1999 1565 licuit,
2035 1499 2178 1554 inter
2209 1496 2427 1552 Scholia
2473 1512 2669 1563 nempe
2719 1498 2770 1550 in
2803 1495 2978 1564 Opera
3016 1489 3317 1564 AreOpagi-

2227 1141 2281 1184 et
2358 1129 2579 1184 Scholia
2640 1137 2767 1184 cont
2795 1140 3028 1190 nentur,
3088 1126 3312 1182 Veneta!
3387 1183 3395 1192 ,

20 1615 106 1668 De
134 1615 351 1684 synodo
377 1611 584 1680 quinta,
606 1607 787 1677 capite
806 1608 830 1661 Ι
847 1621 862 1671 ,
879 1615 936 1660 et
961 1604 1162 1676 Pagius
1185 1603 1250 1656 ad
1276 1617 1476 1656 annum
1502 1599 1632 1661 552,

21 1725 193 1762 num.
231 1707 290 1763 3.
327 1704 437 1759 Hoc
467 1704 632 1772 igitur
662 1712 904 1770 tempore
965 1697 1251 1752 verissime
1284 1692 1630 1749 Scholiorum

1735 1591 1840 1646 tica
1877 1591 2100 1660 reperiri
2138 1591 2397 1646 nonnulla
2426 1632 2441 1655 ,
2489 1605 2609 1657 qua:
2660 1589 2881 1645 cuidam
2911 1587 3184 1642 Germano
3222 1601 3315 1655 pa-

1737 1685 1989 1738 triarchae
2039 1685 2439 1738 attribuuntur.
2503 1681 2748 1735 Primum
2792 1683 2846 1736 in
2893 1679 3083 1734 co-lice
3136 1678 3314 1730 locum

21 1809 238 1854 auctor
292 1800 559 1852 adnotare
604 1794 813 1865 νοιιιίι,
842 1807 981 1847 nunc
1029 1792 1288 1860 ρνοάῆεδε
1319 1788 1626 1858 fabularum
1664 1800 1702 1852 η
1735 1784 1884 1828 tenet
1909 1777 2045 1829 llbel'
2068 1773 2145 1828 De
2173 1775 2362 1828 divinis
2406 1773 2724 1836 nominibus,
2775 1773 3193 1840 marginemqne
3223 1784 3321 1820 CX-

23 1892 301 1962 Origenis
350 1899 674 1944 sectatores:
704 1886 852 1956 quod
897 1885 1083 1954 utique
1128 1892 1339 1951 tempus
1394 1880 1632 1932 maxime

24 1985 310 2040 convenit
336 1981 557 2047 Joanni,
583 1981 806 2052 egregio
835 1977 1093 2048 scriptori
1131 1986 1328 2031 contra
1369 1971 1632 2026 Basiliam

25 2076 296 2136 Cilicem,
331 2083 387 2129 et
419 2071 678 2128 Ecclesiae
717 2073 1052 2134 desertores,
1087 2085 1152 2124 ac
1183 2067 1634 2138 Scythopolitano

27 2171 336 2238 episcolio.
371 2166 446 2221 De
474 2166 583 2220 lato
620 2165 670 2219 in
705 2163 995 2234 Origenem
1024 2177 1087 2216 ac
1120 2156 1291 2216 novos
1325 2161 1632 2216 fabularum

27 2264 160 2328 eius
213 2267 633 2315 consectatores
677 2257 1033 2310 anathemate
1061 2255 1113 2309 in
1144 2255 1350 2326 synodo
1395 2255 1631 2323 quadam

28 2348 666 2419 Constantinopolitaua
693 2347 796 2400 sub
827 2345 1018 2400 Menua
1039 2385 1054 2405 ,
1089 2345 1241 2399 urbis
1268 2343 1428 2412 regia:
1461 2344 1635 2414 patri-

35 2447 217 2500 archa
239 2486 255 2510 ,
285 2444 432 2498 inter
464 2456 666 2495 annum
707 2440 812 2494 558
837 2448 893 2492 et
925 2454 1128 2492 annum
1158 2438 1285 2502 544,
1313 2449 1440 2491 ante
1471 2452 1640 2505 syno-

34 2544 176 2594 dum
209 2540 464 2608 quintam
513 2534 934 2595 (ecumenicam,
971 2530 1406 2585 luculentissime
1446 2538 1636 2582 contra

35 2635 280 2704 Pagium
334 2632 584 2700 aliosque
654 2627 880 2682 disserit
939 2623 1252 2693 Lequienus
1307 2622 1362 2676 in
1426 2619 1639 2676 Oriente

37 2729 398 2789 Christiano,
424 2734 572 2781 torno
595 2721 657 2777 111
679 2761 695 2786 ,
724 2722 777 2776 111
810 2718 1102 2774 Eustochio
1125 2716 1441 2786 patriarcha
1486 2713 1642 2770 Jero—

36 2821 414 2894 solymitano.

113 2912 440 2969 Theodosio
489 2907 1000 2982 Scythopolitanam
1050 2904 1349 2961 Ecclesium
1395 2911 1641 2972 regente,

40 3014 166 3059 erat
221 3004 446 3076 quidam
478 3000 784 3073 Scythopoli
830 2999 1179 3054 scholasticus
1210 2997 1471 3061 Joannes,
1529 2992 1644 3047 Ex-

43 3101 305 3168 pelleuta:
372 3097 543 3165 ﬁlius,
596 3103 652 3149 ut
691 3087 924 3162 legimus
971 3095 1026 3148 in
1070 3091 1186 3146 Vita
1231 3090 1402 3144 sancti
1465 3085 1642 3150 Sabaz,
1671 3129 1712 3187 Ο

39 3193 196 3262 apud
229 3189 588 3253 Cotelerium,
629 3188 682 3242 in
711 3186 1075 3240 Monumentis
1123 3181 1376 3236 Ecclesia:
1419 3177 1642 3244 Gra'caz,

47 3288 136 3338 vir
165 3285 341 3337 bonus
371 3291 421 3336 ct
450 3283 628 3336 animo
657 3279 1016 3335 illuminatus.
1078 3277 1295 3344 Anceps
1323 3274 1493 3327 lueret
1540 3270 1644 3326 Le-

45 3375 297 3446 quienus
329 3387 397 3426 an
428 3373 533 3428 iste
577 3372 933 3427 scholasticus
967 3370 1206 3424 Joannes
1250 3364 1647 3438 Scythopolita-

50 3485 197 3535 nus,
250 3464 584 3533 Expelleutae
645 3465 827 3534 ﬁlius,
889 3463 996 3518 dici
1048 3463 1189 3518 idem
1253 3460 1448 3516 debeat
1521 3474 1645 3514 cum

46 3562 273 3617 Joanne
323 3556 764 3629 Scythopolitano
803 3557 1155 3618 scholastica,
1202 3567 1362 3624 quem
1417 3553 1650 3608 Photius

53 3664 337 3712 memorat
389 3653 582 3709 codice
624 3667 750 3706 xcv.
810 3651 1108 3706 Distinctos
1147 3649 1338 3702 ambos
1388 3647 1650 3700 evincunt

53 3751 278 3804 diversa
333 3747 622 3814 utriusque
675 3754 961 3811 tempora,
1013 3756 1078 3795 ac
1112 3740 1328 3794 diversa
1367 3736 1650 3808 utriusque

54 3844 264 3905 studia,
301 3840 530 3894 alterius
575 3837 677 3892 viri
720 3835 842 3890 boni
872 3844 921 3890 et
949 3834 1130 3890 animo
1173 3832 1484 3892 illuminati,
1517 3830 1651 3884 alte-

58 3940 291 4004 riusque
325 3933 379 3988 in
416 3930 908 4000 disceptationibus
933 3926 1184 3982 innutriti
1217 3926 1509 3980 adversum
1555 3923 1653 3978 lte-

62 4031 367 4088 terodoxos
393 4045 407 4081 :
443 4038 502 4081 ut
524 4029 640 4097 jam
667 4034 886 4080 constet
916 4022 1114 4078 iterum
1137 4061 1152 4086 ,
1193 4017 1460 4075 Joannem
1511 4023 1650 4086 Scy-

62 4126 468 4198 thopolitanum
513 4121 723 4186 Pbotii,
753 4117 1148 4174 scholasticum
1186 4125 1242 4170 et
1285 4112 1605 4168 causidicu'v
1634 4150 1650 4176 ,

63 4238 233 4277 unum
257 4235 404 4284 esse,
438 4229 492 4274 et
520 4233 688 4272 unum
713 4216 819 4271 dici
848 4230 936 4284 pot
951 4230 1010 4269 se
1037 4227 1159 4266 cum
1188 4207 1398 4264 Joanne
1419 4205 1650 4274 Anasta-

63 4320 128 4372 sii
165 4313 592 4371 Biblictltecarii
620 4353 636 4376 ,
681 4312 943 4381 episcopo
974 4305 1449 4377 Scytbopolitauo,
1479 4299 1656 4355 Scho-

66 4413 263 4466 liorum
297 4409 355 4463 in
384 4405 768 4478 Areopagitica
810 4401 987 4472 Opera
1039 4399 1326 4468 scriptore.
1378 4395 1434 4449 In
1483 4394 1650 4448 aliam

68 4506 218 4559 abire
247 4503 637 4574 conjecturam
663 4498 870 4568 placuit
899 4495 1033 4550 mihi
1070 4494 1123 4546 in
1151 4487 1542 4545 Dissertatione
1573 4488 1649 4539 ci-

66 4609 205 4663 tata,
234 4597 427 4666 capite
451 4594 488 4650 4
509 4633 528 4659 ,
576 4607 731 4647 1111111.
761 4590 798 4644 2
823 4630 838 4654 ,
887 4588 976 4644 cui
1014 4586 1150 4641 satis
1183 4584 1414 4638 fortasse
1438 4595 1502 4635 ea
1535 4580 1648 4633 lieri

67 4702 247 4761 potest
283 4691 524 4750 ratione,
557 4702 664 4757 qua
713 4683 1068 4740 concordiam
1123 4678 1362 4733 Photius
1398 4677 1562 4736 inter,
1596 4682 1652 4727 et

68 4782 424 4838 Anastasium
475 4773 965 4848 Bibliothecarium
1015 4770 1146 4824 iniri
1172 4780 1354 4839 .pos.~e
1387 4765 1655 4821 indicavi—

71 4894 206 4932 mus.
228 4873 510 4929 D.,ctioris
530 4871 796 4941 cujusque
824 4866 1095 4936 judicium
1126 4873 1266 4918 esto.
1294 4861 1650 4930 Compertum

71 4985 196 5026 sero
223 4985 292 5024 ex
337 4967 429 5021 bis
469 4964 725 5018 omnibus
753 4960 870 5015 ﬁeri
903 4957 1142 5026 denique
1175 4955 1429 5018 videtur,
1458 4965 1654 5021 perpe-

72 5079 182 5118 ntn
221 5077 252 5115 a
307 5057 591 5115 nonnull's
631 5055 797 5109 tribui
843 5051 1061 5108 Scholia
1104 5047 1301 5102 Joanni
1353 5045 1652 5110 Maxentio,

72 5160 470 5217 monachorum
510 5149 836 5219 Scytharum
889 5143 1189 5218 primipilo,
1229 5157 1329 5212 per
1361 5139 1478 5194 haec
1513 5148 1652 5192 tem-

72 5270 195 5325 pora
235 5255 413 5306 vitam
459 5245 680 5317 agenti,
724 5259 789 5298 ac
835 5253 1123 5310 perperam
1161 5237 1342 5306 ipsum
1393 5227 1652 5286 confundi

75 5366 187 5406 cum
215 5349 441 5405 Joanne
475 5340 948 5414 Scytltopolitano,
977 5333 1062 5391 vel
1088 5333 1331 5403 episcopo
1413 5325 1497 5382 vel
1550 5325 1657 5378 Ba-

75 5447 172 5502 silii
203 5445 402 5503 Cilicis
438 5441 794 5496 insectatore.

1735 1874 1934 1917 ornant
1964 1863 2206 1919 Schnl'a.
2241 1862 2366 1918 Haec
2391 1879 2522 1916 vero
2555 1863 2794 1917 occurrit
2831 1862 2989 1915 initio
3015 1871 3139 1916 nota
3175 1875 3320 1913 mar-

1736 1957 1934 2026 ginalis
1965 1973 1978 2008 :
2007 1957 2376 2024 Σημείωσαι·
2419 1954 2536 2007 ὅσα
2584 1954 2701 2023 μὲν
2759 1955 3014 2021 ἔχουσιν
3071 1950 3321 2020 ἀριθμὸν

1737 2050 1989 2116 σχόλια,
2021 2047 2140 2101 εἱσι
2165 2047 2477 2114 Γερμανοῦ
2506 2045 2871 2113 πατριάρχου
2891 2060 2902 2070 °
2927 2045 3044 2098 ὅσα
3075 2044 3143 2096 δὲ
3171 2045 3320 2097 ἄνευ

1737 2139 2289 2209 ἀριθμοῦ,Μαξίμσυ
2313 2139 2606 2207 μοναχοῦ.
2648 2155 2667 2186 1
2708 2135 2847 2189 Nota
2880 2153 2898 2190 :
2935 2135 3066 2201 Quia
3117 2135 3320 2189 scholia

1741 2248 2021 2287 numerum
2070 2231 2299 2294 habent,
2343 2239 2466 2282 sunt
2512 2231 2762 2284 Germani
2811 2230 3165 2298 patriarcltar;
3203 2245 3322 2298 qua:

1742 2341 1960 2378 numero
1987 2334 2194 2389 carent,
2233 2325 2302 2376 ad
2337 2323 2633 2376 Maximum
2669 2322 2984 2375 monachum
3009 2330 3268 2386 spectant.
3296 2340 3318 2371 s

1740 2415 1950 2472 Novum
1987 2418 2116 2486 quid
2169 2417 2556 2470 ominabatnur
2601 2429 2830 2477 omnes,
2883 2415 3025 2483 quod
3062 2411 3321 2467 Venetam

1741 2510 2037 2566 editionem
2074 2510 2312 2564 maxime
2346 2517 2681 2572 exornaret;
2712 2515 2769 2561 at
2797 2521 2923 2560 cum
2955 2507 3119 2561 editis
3158 2505 3326 2560 colla-

1744 2604 1891 2658 tione
1933 2601 2114 2665 facta,
2156 2600 2268 2669 jam
2319 2600 2460 2672 typis
2505 2614 2635 2654 cnsa
2688 2608 2944 2668 prostare
2989 2598 3172 2654 omnia
3225 2598 3331 2653 sub

1745 2694 1906 2746 unius
1949 2691 2172 2746 Maximi
2222 2693 2476 2756 nomine,
2530 2698 2683 2745 certo
2729 2690 3198 2760 deprehendimus
3260 2705 3324 2742 ea

1745 2785 1985 2841 Scholia.

1820 2878 2041 2933 Scholia
2074 2891 2206 2932 vero
2259 2893 2364 2932 non
2398 2891 2568 2946 pauca
2616 2877 2873 2931 visuntur
2901 2891 3022 2944 qua:
3051 2873 3331 2943 alphabeti

1745 2973 1918 3030 Graeci
1947 2971 2147 3026 litteris
2176 2979 2560 3030 numerantur,
2585 2983 2646 3022 ea
2671 2969 2885 3023 scilicet
2911 2951 3032 3036 quae
3054 2965 3332 3021 Germano

1748 3064 2075 3137 patriarcha:
2109 3064 2425 3118 tribuuntur
2462 3061 2514 3116 in
2543 3060 2750 3115 codice.
2783 3059 2840 3114 In
2873 3068 3036 3130 caput
3066 3059 3089 3112 l
3119 3057 3197 3112 De
3224 3075 3329 3112 cae-

1748 3159 1867 3214 lesti
1898 3156 2202 3212 hierarchia
2228 3164 2589 3208 numerantur
2616 3153 2744 3219 tria;
2768 3153 2821 3206 in
2855 3163 3023 3221 caput
3049 3151 3107 3217 2,
3142 3150 3332 3206 itidem

1751 3251 1888 3319 tria;
1921 3251 1974 3305 in
2001 3259 2166 3320 caput
2193 3249 2245 3314 7,
2279 3262 2416 3315 sex;
2452 3247 2506 3301 iu
2536 3254 2700 3316 caput
2737 3245 2827 3311 12,
2864 3255 3123 3314 quatuor;
3155 3242 3210 3297 in
3240 3257 3338 3297 ca-

1749 3351 1846 3414 put
1877 3341 1962 3396 1⁷5.
2011 3340 2200 3395 itidem
2245 3348 2522 3408 quatuor;
2554 3325 2607 3391 in
2633 3336 2843 3407 caputl
2882 3336 2957 3390 De
2980 3334 3334 3390 ecclesiastica

1749 3433 2054 3488 hierarchia
2084 3440 2211 3486 sunt
2243 3441 2478 3498 septem,
2515 3444 2580 3483 ac
2607 3430 2812 3488 iterum
2848 3429 3126 3498 quinque;
3159 3427 3212 3480 in
3243 3442 3336 3479 ca-

1751 3537 1849 3596 put
1871 3525 1908 3579 ‘2
1931 3567 1946 3592 ,
1995 3525 2096 3580 tria
2120 3564 2136 3590 ,
2188 3539 2253 3578 ac
2285 3524 2481 3577 iterum
2526 3533 2775 3592 septem;
2808 3521 2862 3574 in
2896 3528 3062 3590 caput
3098 3520 3132 3574 5
3153 3558 3168 3583 ,
3201 3519 3333 3581 duo,

1753 3619 2062 3687 iterumque
2097 3617 2371 3687 quinque;
2420 3615 2473 3667 in
2511 3621 2676 3682 caput
2723 3612 2797 3678 4,
2847 3611 3120 3681 quinque;
3160 3609 3214 3663 in
3245 3623 3338 3662 ca-

1753 3720 1848 3780 put
1876 3711 1932 3773 6,
1962 3709 2110 3774 tria;
2146 3710 2197 3762 in
2225 3716 2394 3776 caput
2423 3706 2458 3759 4
2509 3703 2586 3758 De
2632 3705 2825 3757 divinis
2871 3702 3167 3756 nominibus
3209 3708 3339 3754 sunt

1753 3815 1977 3866 novem,
2007 3800 2318 3867 iterumque
2348 3796 2475 3861 tria,
2510 3809 2574 3848 ac
2602 3795 2801 3847 iterum
2828 3801 3090 3862 quatuor,
3118 3802 3182 3841 ac
3215 3801 3340 3840 rur-

1753 3907 1875 3946 sum
1927 3903 2122 3945 novem
2146 3927 2162 3950 ,
2195 3897 2251 3940 et
2301 3895 2494 3955 postea
2537 3893 2782 3952 septem;
2838 3882 2890 3934 in
2926 3888 3089 3948 caput
3123 3879 3174 3944 7,
3211 3878 3335 3930 tria.

1754 3981 2143 4055 Huiuscemodi
2175 3979 2416 4034 Scholiis
2447 3986 2599 4032 caret
2645 3976 2784 4029 liber
2813 3973 2891 4026 De
2921 3973 3144 4041 mystica
3189 3967 3339 4021 theca

1753 4078 1922 4147 logia.
1975 4076 2254 4144 Apparent
2305 4068 2406 4123 tria
2452 4069 2507 4120 in
2561 4063 2834 4133 epistolam
2887 4062 2961 4128 8,
3002 4061 3075 4114 ad
3124 4057 3339 4112 Titum:

1753 4185 1952 4228 caetera
2006 4161 2264 4220 Gerutanl
2336 4159 2544 4215 scholia
2604 4172 2718 4212 non
2786 4156 3010 4209 habent.
3071 4150 3340 4205 Numeros

1757 4270 1926 4325 istos,
1977 4259 2052 4314 uti
2101 4267 2228 4311 sunt
2274 4253 2327 4306 in
2391 4250 2622 4315 codice,
2677 4246 2880 4304 Veneta
2926 4243 3094 4299 editio
3136 4254 3338 4312 1191111-

1754 4365 1950 4414 sentat.

1679 4469 1729 4529 υ
1827 4450 1894 4505 ll.
1948 4447 2138 4514 Itaque
2191 4442 2237 4498 si
2292 4439 2469 4496 codici
2533 4433 2796 4507 praedicto
2848 4429 3019 4494 ﬁdes,
3081 4441 3188 4481 non
3247 4423 3340 4478 uni

1757 4540 2034 4602 Maximo,
2079 4535 2175 4592 sed
2225 4547 2404 4602 neque
2433 4529 2598 4584 etiam
2634 4522 2830 4581 Joanni
2866 4518 3339 4592 Si-ythortolitauo,

1756 4634 1906 4691 edita
1958 4627 2182 4685 Scholia
2225 4622 2520 4680 tribuenda
2555 4627 2718 4684 sunt;
2752 4615 2850 4670 sed
2898 4627 3090 4667 eorum
3126 4623 3343 4678 quoque

1756 4736 1968 4800 partem
2010 4724 2320 4781 Germanus
2350 4714 2661 4788 patriarcha
2707 4709 2810 4766 sibi
2848 4707 3114 4762 vindicat.
3152 4702 3340 4756 Fidem

1756 4794 1970 4880 codicis
2015 4819 2279 4874 roborare
2335 4813 2552 4866 videtur
2593 4802 2872 4862 adnotatio
2919 4799 3080 4855 Joan.
3130 4794 3340 4849 Alberti

1756 4914 1997 4974 Fabricii
2057 4913 2111 4967 in
2156 4906 2485 4964 Bibliotheca
2539 4898 2728 4954 Graeca
2754 4937 2770 4962 ,
2807 4894 2948 4950 libro
2978 4909 3032 4957 v,
3071 4889 3250 4958 capite
3287 4887 3340 4950 ‘l,

1760 5025 1913 5066 num.
1942 5006 2002 5072 6,
2040 5003 2129 5057 ubi
2161 5001 2245 5056 sic
2272 4999 2349 5051 ait
2373 5010 2386 5046 :
2413 4993 2663 5049 Germani
2689 4987 3008 5058 patriarcha!
3031 4979 3340 5035 Constanti-

1758 5069 2054 5175 nopolitani
2100 5092 2321 5150 Scholia
2381 5089 2434 5143 in
2483 5085 2798 5139 bibliotheca
2855 5075 3118 5175 Vaticana
3161 5069 3344 5172 adhuc

1757 5161 2060 5255 servantur.
2085 5192 2167 5243 An
2189 5185 2380 5242 eadem
2405 5179 2612 5235 fuerint
2637 5189 2764 5229 cum
2789 5164 3028 5225 nostris?
3050 5161 3340 5217 Rationem

1757 5291 2034 5350 reddant,
2071 5281 2165 5352 qui
2200 5293 2364 5334 manu
2391 5283 2616 5328 versare
2640 5307 2655 5330 ,
2690 5275 2744 5320 et
2785 5257 2986 5316 intueri
3032 5254 3249 5320 oculis,
3278 5265 3344 5306 ac

1761 5391 1949 5439 mente
1987 5349 2304 5446 expendere
2348 5367 2566 5422 codices
2593 5359 2888 5414 Vaticanos
2933 5349 3150 5414 valent;
3211 5361 3346 5400 cou-

1754 5472 1990 5548 jecturis
2025 5460 2415 5536 indulgendum
2442 5455 2575 5511 mihi
2605 5461 2712 5507 est.

1834 5526 2046 5638 Stylum
2082 5526 2218 5630 ego:
2245 5562 2301 5611 et
2338 5548 2558 5608 modum
2581 5583 2599 5609 ,
2635 5556 2699 5595 ac
2732 5536 3042 5593 doctrinam
3092 5526 3345 5585 Scholio-

1764 5628 1925 5728 rum,
1958 5671 2080 5730 qua:
2108 5628 2308 5707 literis
2338 5636 2613 5714 alphabeti
2664 5637 2948 5687 numerata
2987 5635 3138 5689 sunt,
3163 5628 3344 5676 atten-

1763 5717 1872 5810 tius
1909 5717 2051 5808 licet
2101 5738 2404 5812 expendatn
2429 5771 2448 5800 ,
2494 5725 2631 5786 nihil
2662 5731 2904 5779 attamen
2935 5717 3098 5773 Video
3133 5728 3246 5782 quo
3275 5722 3340 5764 ea
