  <div class='ocr_page' id='page_1' title='image "/cluster/home/n/w/nwhite01/storage/ocr_20150623/3/hvd.32044014713192/043.png"; bbox 0 0 3748 6392; ppageno 0'>
   <div class='ocr_carea' id='block_1_1' title="bbox 398 246 3689 340">
    <p class='ocr_par' dir='ltr' id='par_1_1' title="bbox 398 246 3689 340">
     <span class='ocr_line' id='line_1_1' title="bbox 398 246 3689 340; baseline -0.013 -4"><span class='ocrx_word' id='word_1_1' title='bbox 398 286 455 340; x_wconf 81' lang='grc' dir='ltr'>Ἠ</span> <span class='ocrx_word' id='word_1_2' title='bbox 1541 270 1600 326; x_wconf 87' lang='lat' dir='ltr'><strong>S.</strong></span> <span class='ocrx_word' id='word_1_3' title='bbox 1636 262 2005 322; x_wconf 76' lang='lat' dir='ltr'><strong>DIONYSIUS</strong></span> <span class='ocrx_word' id='word_1_4' title='bbox 2042 257 2501 317; x_wconf 80' lang='lat' dir='ltr'><strong>AREOPAGI&#39;I‘A.</strong></span> <span class='ocrx_word' id='word_1_5' title='bbox 3628 246 3689 301; x_wconf 68' lang='grc' dir='ltr'><strong>’ἃ</strong></span> 
     </span>
    </p>
   </div>
   <div class='ocr_carea' id='block_1_2' title="bbox 398 382 2042 465">
    <p class='ocr_par' dir='ltr' id='par_1_2' title="bbox 398 382 2042 465">
     <span class='ocr_line' id='line_1_2' title="bbox 398 382 2042 465; baseline -0.013 -11"><span class='ocrx_word' id='word_1_6' title='bbox 398 399 504 455; x_wconf 87' lang='lat' dir='ltr'><strong>dici</strong></span> <span class='ocrx_word' id='word_1_7' title='bbox 533 397 764 452; x_wconf 85' lang='lat' dir='ltr'><strong>debeant</strong></span> <span class='ocrx_word' id='word_1_8' title='bbox 793 392 1037 465; x_wconf 87' lang='lat' dir='ltr'><strong>profecta</strong></span> <span class='ocrx_word' id='word_1_9' title='bbox 1065 391 1135 446; x_wconf 88' lang='lat' dir='ltr'><strong>ab</strong></span> <span class='ocrx_word' id='word_1_10' title='bbox 1167 388 1276 445; x_wconf 88' lang='lat' dir='ltr'><strong>alio</strong></span> <span class='ocrx_word' id='word_1_11' title='bbox 1307 393 1550 450; x_wconf 83' lang='lat' dir='ltr'><strong>auctore,</strong></span> <span class='ocrx_word' id='word_1_12' title='bbox 1578 384 1675 454; x_wconf 99' lang='lat' dir='ltr'><strong>qui</strong></span> <span class='ocrx_word' id='word_1_13' title='bbox 1702 399 1809 438; x_wconf 92' lang='lat' dir='ltr'><strong>non</strong></span> <span class='ocrx_word' id='word_1_14' title='bbox 1843 382 1966 436; x_wconf 83' lang='lat' dir='ltr'><strong>fue-</strong></span> <span class='ocrx_word' id='word_1_15' title='bbox 1996 387 2042 442; x_wconf 78' lang='grc' dir='ltr'>Α</span> 
     </span>
    </p>
   </div>
   <div class='ocr_carea' id='block_1_3' title="bbox 397 473 1961 553">
    <p class='ocr_par' dir='ltr' id='par_1_3' title="bbox 397 473 1961 553">
     <span class='ocr_line' id='line_1_3' title="bbox 397 473 1961 553; baseline -0.01 -12"><span class='ocrx_word' id='word_1_16' title='bbox 397 489 471 542; x_wconf 85' lang='lat' dir='ltr'><strong>rit</strong></span> <span class='ocrx_word' id='word_1_17' title='bbox 500 486 793 553; x_wconf 75' lang='lat' dir='ltr'><strong>Maximus,</strong></span> <span class='ocrx_word' id='word_1_18' title='bbox 837 493 927 540; x_wconf 90' lang='lat' dir='ltr'><strong>aut</strong></span> <span class='ocrx_word' id='word_1_19' title='bbox 954 484 1193 540; x_wconf 84' lang='lat' dir='ltr'><strong>Joannes</strong></span> <span class='ocrx_word' id='word_1_20' title='bbox 1224 478 1728 549; x_wconf 87' lang='lat' dir='ltr'><strong>Scythopolitanus.</strong></span> <span class='ocrx_word' id='word_1_21' title='bbox 1764 473 1961 527; x_wconf 87' lang='lat' dir='ltr'><strong>Eadem</strong></span> 
     </span>
    </p>
   </div>
   <div class='ocr_carea' id='block_1_4' title="bbox 398 565 1964 648">
    <p class='ocr_par' dir='ltr' id='par_1_4' title="bbox 398 565 1964 648">
     <span class='ocr_line' id='line_1_4' title="bbox 398 565 1964 648; baseline -0.013 -14"><span class='ocrx_word' id='word_1_22' title='bbox 398 594 497 648; x_wconf 90' lang='lat' dir='ltr'><strong>pro</strong></span> <span class='ocrx_word' id='word_1_23' title='bbox 525 595 621 633; x_wconf 88' lang='lat' dir='ltr'><strong>sua</strong></span> <span class='ocrx_word' id='word_1_24' title='bbox 646 578 839 648; x_wconf 87' lang='lat' dir='ltr'><strong>peritia</strong></span> <span class='ocrx_word' id='word_1_25' title='bbox 869 575 1133 644; x_wconf 78' lang='lat' dir='ltr'><strong>ponderet</strong></span> <span class='ocrx_word' id='word_1_26' title='bbox 1156 572 1374 642; x_wconf 85' lang='lat' dir='ltr'><strong>sapiens</strong></span> <span class='ocrx_word' id='word_1_27' title='bbox 1402 570 1596 628; x_wconf 79' lang='lat' dir='ltr'><strong>lector.</strong></span> <span class='ocrx_word' id='word_1_28' title='bbox 1620 578 1674 623; x_wconf 88' lang='lat' dir='ltr'><strong>et</strong></span> <span class='ocrx_word' id='word_1_29' title='bbox 1698 565 1964 629; x_wconf 84' lang='lat' dir='ltr'><strong>conferat,</strong></span> 
     </span>
    </p>
   </div>
   <div class='ocr_carea' id='block_1_5' title="bbox 401 658 1968 738">
    <p class='ocr_par' dir='ltr' id='par_1_5' title="bbox 401 658 1968 738">
     <span class='ocr_line' id='line_1_5' title="bbox 401 658 1968 738; baseline -0.009 -16"><span class='ocrx_word' id='word_1_30' title='bbox 401 686 465 724; x_wconf 91' lang='lat' dir='ltr'><strong>ac</strong></span> <span class='ocrx_word' id='word_1_31' title='bbox 489 669 752 738; x_wconf 83' lang='lat' dir='ltr'><strong>judicium</strong></span> <span class='ocrx_word' id='word_1_32' title='bbox 781 667 941 721; x_wconf 89' lang='lat' dir='ltr'><strong>ferat.</strong></span> <span class='ocrx_word' id='word_1_33' title='bbox 972 666 1028 718; x_wconf 93' lang='lat' dir='ltr'><strong>In</strong></span> <span class='ocrx_word' id='word_1_34' title='bbox 1061 673 1187 717; x_wconf 89' lang='lat' dir='ltr'><strong>nota</strong></span> <span class='ocrx_word' id='word_1_35' title='bbox 1214 663 1474 731; x_wconf 88' lang='lat' dir='ltr'><strong>quadam,</strong></span> <span class='ocrx_word' id='word_1_36' title='bbox 1500 674 1565 713; x_wconf 86' lang='lat' dir='ltr'><strong>eo</strong></span> <span class='ocrx_word' id='word_1_37' title='bbox 1594 658 1755 712; x_wconf 87' lang='lat' dir='ltr'><strong>modo</strong></span> <span class='ocrx_word' id='word_1_38' title='bbox 1780 669 1968 709; x_wconf 89' lang='lat' dir='ltr'><strong>nume-</strong></span> 
     </span>
    </p>
   </div>
   <div class='ocr_carea' id='block_1_6' title="bbox 404 748 1964 828">
    <p class='ocr_par' dir='ltr' id='par_1_6' title="bbox 404 748 1964 828">
     <span class='ocr_line' id='line_1_6' title="bbox 404 748 1964 828; baseline -0.011 -14"><span class='ocrx_word' id='word_1_39' title='bbox 404 770 546 826; x_wconf 86' lang='lat' dir='ltr'><strong>rata,</strong></span> <span class='ocrx_word' id='word_1_40' title='bbox 566 762 618 813; x_wconf 91' lang='lat' dir='ltr'><strong>in</strong></span> <span class='ocrx_word' id='word_1_41' title='bbox 644 768 808 828; x_wconf 88' lang='lat' dir='ltr'><strong>caput</strong></span> <span class='ocrx_word' id='word_1_42' title='bbox 836 758 894 819; x_wconf 84' lang='grc'>2,</span> <span class='ocrx_word' id='word_1_43' title='bbox 928 756 1005 810; x_wconf 89' lang='lat' dir='ltr'><strong>De</strong></span> <span class='ocrx_word' id='word_1_44' title='bbox 1033 753 1225 809; x_wconf 79' lang='lat' dir='ltr'><strong>caelesti</strong></span> <span class='ocrx_word' id='word_1_45' title='bbox 1248 751 1567 812; x_wconf 86' lang='lat' dir='ltr'><strong>hierarchia,</strong></span> <span class='ocrx_word' id='word_1_46' title='bbox 1594 750 1671 803; x_wconf 90' lang='lat' dir='ltr'><strong>sic</strong></span> <span class='ocrx_word' id='word_1_47' title='bbox 1699 748 1964 815; x_wconf 80' lang='lat' dir='ltr'><strong>legimus:</strong></span> 
     </span>
    </p>
   </div>
   <div class='ocr_carea' id='block_1_7' title="bbox 368 831 1970 921">
    <p class='ocr_par' dir='ltr' id='par_1_7' title="bbox 368 831 1970 921">
     <span class='ocr_line' id='line_1_7' title="bbox 368 831 1970 921; baseline -0.011 -16"><span class='ocrx_word' id='word_1_48' title='bbox 368 831 374 838; x_wconf 30' lang='grc'><strong><em>⁸</em></strong></span> <span class='ocrx_word' id='word_1_49' title='bbox 406 851 545 917; x_wconf 86' lang='lat' dir='ltr'><strong>Quid</strong></span> <span class='ocrx_word' id='word_1_50' title='bbox 574 868 733 921; x_wconf 88' lang='lat' dir='ltr'><strong>porro</strong></span> <span class='ocrx_word' id='word_1_51' title='bbox 758 852 824 904; x_wconf 89' lang='lat' dir='ltr'><strong>sit</strong></span> <span class='ocrx_word' id='word_1_52' title='bbox 858 847 1165 902; x_wconf 76' lang='lat' dir='ltr'><strong>resonantia</strong></span> <span class='ocrx_word' id='word_1_53' title='bbox 1198 854 1434 898; x_wconf 74' lang='lat' dir='ltr'><strong>extrema</strong></span> <span class='ocrx_word' id='word_1_54' title='bbox 1455 882 1470 905; x_wconf 95' lang='lat'><strong>,</strong></span> <span class='ocrx_word' id='word_1_55' title='bbox 1499 841 1764 909; x_wconf 71' lang='lat' dir='ltr'><strong>explicabo</strong></span> <span class='ocrx_word' id='word_1_56' title='bbox 1794 839 1850 891; x_wconf 89' lang='lat' dir='ltr'><strong>in</strong></span> <span class='ocrx_word' id='word_1_57' title='bbox 1879 852 1970 888; x_wconf 85' lang='lat' dir='ltr'><strong>ca-</strong></span> 
     </span>
    </p>
   </div>
   <div class='ocr_carea' id='block_1_8' title="bbox 402 928 1969 1012">
    <p class='ocr_par' dir='ltr' id='par_1_8' title="bbox 402 928 1969 1012">
     <span class='ocr_line' id='line_1_8' title="bbox 402 928 1969 1012; baseline -0.011 -16"><span class='ocrx_word' id='word_1_58' title='bbox 402 944 506 1012; x_wconf 86' lang='lat' dir='ltr'><strong>pite</strong></span> <span class='ocrx_word' id='word_1_59' title='bbox 534 944 566 998; x_wconf 70' lang='lat'><strong>4</strong></span> <span class='ocrx_word' id='word_1_60' title='bbox 594 943 716 996; x_wconf 89' lang='lat' dir='ltr'><strong>libri</strong></span> <span class='ocrx_word' id='word_1_61' title='bbox 744 943 817 996; x_wconf 90' lang='lat' dir='ltr'><strong>De</strong></span> <span class='ocrx_word' id='word_1_62' title='bbox 846 941 1035 993; x_wconf 83' lang='lat' dir='ltr'><strong>divinis</strong></span> <span class='ocrx_word' id='word_1_63' title='bbox 1070 936 1387 992; x_wconf 75' lang='lat' dir='ltr'><strong>nominibus.</strong></span> <span class='ocrx_word' id='word_1_64' title='bbox 1435 934 1585 987; x_wconf 81' lang='lat' dir='ltr'><strong>Hanc</strong></span> <span class='ocrx_word' id='word_1_65' title='bbox 1613 928 1969 985; x_wconf 82' lang='lat' dir='ltr'><strong>resonantium</strong></span> 
     </span>
    </p>
   </div>
   <div class='ocr_carea' id='block_1_9' title="bbox 406 1018 1972 1105">
    <p class='ocr_par' dir='ltr' id='par_1_9' title="bbox 406 1018 1972 1105">
     <span class='ocr_line' id='line_1_9' title="bbox 406 1018 1972 1105; baseline -0.013 -14"><span class='ocrx_word' id='word_1_66' title='bbox 406 1035 656 1105; x_wconf 86' lang='lat' dir='ltr'><strong>intelligit</strong></span> <span class='ocrx_word' id='word_1_67' title='bbox 690 1051 873 1088; x_wconf 90' lang='lat' dir='ltr'><strong>rerum</strong></span> <span class='ocrx_word' id='word_1_68' title='bbox 904 1033 1147 1087; x_wconf 86' lang='lat' dir='ltr'><strong>ordinem</strong></span> <span class='ocrx_word' id='word_1_69' title='bbox 1178 1045 1209 1083; x_wconf 89' lang='lat' dir='ltr'><strong>a</strong></span> <span class='ocrx_word' id='word_1_70' title='bbox 1239 1030 1349 1083; x_wconf 89' lang='lat' dir='ltr'><strong>Deo</strong></span> <span class='ocrx_word' id='word_1_71' title='bbox 1395 1033 1654 1081; x_wconf 88' lang='lat' dir='ltr'><strong>statutum</strong></span> <span class='ocrx_word' id='word_1_72' title='bbox 1678 1063 1693 1086; x_wconf 93' lang='lat'><strong>,</strong></span> <span class='ocrx_word' id='word_1_73' title='bbox 1742 1036 1805 1075; x_wconf 89' lang='lat' dir='ltr'><strong>ac</strong></span> <span class='ocrx_word' id='word_1_74' title='bbox 1839 1018 1972 1073; x_wconf 86' lang='lat' dir='ltr'><strong>infe-</strong></span> 
     </span>
    </p>
   </div>
   <div class='ocr_carea' id='block_1_10' title="bbox 406 1111 1969 1187">
    <p class='ocr_par' dir='ltr' id='par_1_10' title="bbox 406 1111 1969 1187">
     <span class='ocr_line' id='line_1_10' title="bbox 406 1111 1969 1187; baseline -0.014 -5"><span class='ocrx_word' id='word_1_75' title='bbox 406 1129 610 1183; x_wconf 88' lang='lat' dir='ltr'><strong>riorum</strong></span> <span class='ocrx_word' id='word_1_76' title='bbox 646 1126 1098 1180; x_wconf 52' lang='lat' dir='ltr'><strong>“illustrationem</strong></span> <span class='ocrx_word' id='word_1_77' title='bbox 1162 1137 1192 1174; x_wconf 88' lang='lat' dir='ltr'><strong>a</strong></span> <span class='ocrx_word' id='word_1_78' title='bbox 1239 1117 1633 1187; x_wconf 86' lang='lat' dir='ltr'><strong>superioribus.</strong></span> <span class='ocrx_word' id='word_1_79' title='bbox 1685 1111 1969 1180; x_wconf 86' lang='lat' dir='ltr'><strong>Quidpiam</strong></span> 
     </span>
    </p>
   </div>
   <div class='ocr_carea' id='block_1_11' title="bbox 312 1201 1974 1272">
    <p class='ocr_par' dir='ltr' id='par_1_11' title="bbox 312 1201 1974 1272">
     <span class='ocr_line' id='line_1_11' title="bbox 312 1201 1974 1272; baseline -0.011 -1"><span class='ocrx_word' id='word_1_80' title='bbox 312 1216 318 1222; x_wconf 83' lang='grc'><strong>’</strong></span> <span class='ocrx_word' id='word_1_81' title='bbox 406 1231 537 1272; x_wconf 87' lang='lat' dir='ltr'><strong>vero</strong></span> <span class='ocrx_word' id='word_1_82' title='bbox 564 1216 674 1269; x_wconf 75' lang='lat' dir='ltr'><strong>tale</strong></span> <span class='ocrx_word' id='word_1_83' title='bbox 706 1214 759 1266; x_wconf 92' lang='lat' dir='ltr'><strong>in</strong></span> <span class='ocrx_word' id='word_1_84' title='bbox 794 1213 1020 1267; x_wconf 80' lang='lat' dir='ltr'><strong>scholiis</strong></span> <span class='ocrx_word' id='word_1_85' title='bbox 1046 1212 1239 1265; x_wconf 90' lang='lat' dir='ltr'><strong>eodem</strong></span> <span class='ocrx_word' id='word_1_86' title='bbox 1271 1208 1430 1262; x_wconf 88' lang='lat' dir='ltr'><strong>modo</strong></span> <span class='ocrx_word' id='word_1_87' title='bbox 1462 1205 1759 1259; x_wconf 88' lang='lat' dir='ltr'><strong>numeratis</strong></span> <span class='ocrx_word' id='word_1_88' title='bbox 1791 1201 1842 1253; x_wconf 92' lang='lat' dir='ltr'><strong>in</strong></span> <span class='ocrx_word' id='word_1_89' title='bbox 1886 1215 1974 1253; x_wconf 88' lang='lat' dir='ltr'><strong>ca-</strong></span> 
     </span>
    </p>
   </div>
   <div class='ocr_carea' id='block_1_12' title="bbox 406 1292 1973 1378">
    <p class='ocr_par' dir='ltr' id='par_1_12' title="bbox 406 1292 1973 1378">
     <span class='ocr_line' id='line_1_12' title="bbox 406 1292 1973 1378; baseline -0.011 -15"><span class='ocrx_word' id='word_1_90' title='bbox 406 1317 503 1378; x_wconf 90' lang='lat' dir='ltr'><strong>put</strong></span> <span class='ocrx_word' id='word_1_91' title='bbox 531 1309 565 1362; x_wconf 79' lang='grc'><strong>4</strong></span> <span class='ocrx_word' id='word_1_92' title='bbox 596 1307 674 1361; x_wconf 89' lang='lat' dir='ltr'><strong>De</strong></span> <span class='ocrx_word' id='word_1_93' title='bbox 701 1306 894 1358; x_wconf 79' lang='lat' dir='ltr'><strong>divinis</strong></span> <span class='ocrx_word' id='word_1_94' title='bbox 940 1302 1234 1357; x_wconf 72' lang='lat' dir='ltr'><strong>nominibus</strong></span> <span class='ocrx_word' id='word_1_95' title='bbox 1273 1299 1566 1359; x_wconf 87' lang='lat' dir='ltr'><strong>indicatur,</strong></span> <span class='ocrx_word' id='word_1_96' title='bbox 1612 1305 1706 1349; x_wconf 90' lang='lat' dir='ltr'><strong>aut</strong></span> <span class='ocrx_word' id='word_1_97' title='bbox 1750 1292 1973 1361; x_wconf 86' lang='lat' dir='ltr'><strong>exponi-</strong></span> 
     </span>
    </p>
   </div>
   <div class='ocr_carea' id='block_1_13' title="bbox 408 1383 1973 1456">
    <p class='ocr_par' dir='ltr' id='par_1_13' title="bbox 408 1383 1973 1456">
     <span class='ocr_line' id='line_1_13' title="bbox 408 1383 1973 1456; baseline -0.012 -1"><span class='ocrx_word' id='word_1_98' title='bbox 408 1411 520 1456; x_wconf 91' lang='lat' dir='ltr'><strong>tur.</strong></span> <span class='ocrx_word' id='word_1_99' title='bbox 546 1401 626 1453; x_wconf 91' lang='lat' dir='ltr'><strong>An</strong></span> <span class='ocrx_word' id='word_1_100' title='bbox 652 1414 782 1453; x_wconf 85' lang='lat' dir='ltr'><strong>vero</strong></span> <span class='ocrx_word' id='word_1_101' title='bbox 816 1397 1010 1450; x_wconf 91' lang='lat' dir='ltr'><strong>modus</strong></span> <span class='ocrx_word' id='word_1_102' title='bbox 1056 1395 1159 1448; x_wconf 92' lang='lat' dir='ltr'><strong>iste</strong></span> <span class='ocrx_word' id='word_1_103' title='bbox 1205 1409 1265 1447; x_wconf 92' lang='lat' dir='ltr'><strong>se</strong></span> <span class='ocrx_word' id='word_1_104' title='bbox 1312 1388 1578 1445; x_wconf 83' lang='lat' dir='ltr'><strong>referendi</strong></span> <span class='ocrx_word' id='word_1_105' title='bbox 1626 1386 1677 1439; x_wconf 93' lang='lat' dir='ltr'><strong>in</strong></span> <span class='ocrx_word' id='word_1_106' title='bbox 1712 1384 1817 1438; x_wconf 89' lang='lat' dir='ltr'><strong>alio</strong></span> <span class='ocrx_word' id='word_1_107' title='bbox 1854 1383 1973 1436; x_wconf 92' lang='lat' dir='ltr'><strong>loco</strong></span> 
     </span>
    </p>
   </div>
   <div class='ocr_carea' id='block_1_14' title="bbox 410 1476 1975 1551">
    <p class='ocr_par' dir='ltr' id='par_1_14' title="bbox 410 1476 1975 1551">
     <span class='ocr_line' id='line_1_14' title="bbox 410 1476 1975 1551; baseline -0.013 -5"><span class='ocrx_word' id='word_1_108' title='bbox 410 1494 791 1551; x_wconf 89' lang='lat' dir='ltr'><strong>disserentem,</strong></span> <span class='ocrx_word' id='word_1_109' title='bbox 829 1487 1121 1544; x_wconf 83' lang='lat' dir='ltr'><strong>conveniat</strong></span> <span class='ocrx_word' id='word_1_110' title='bbox 1152 1484 1447 1542; x_wconf 88' lang='lat' dir='ltr'><strong>Germano,</strong></span> <span class='ocrx_word' id='word_1_111' title='bbox 1478 1479 1569 1548; x_wconf 88' lang='lat' dir='ltr'><strong>qui</strong></span> <span class='ocrx_word' id='word_1_112' title='bbox 1596 1476 1801 1531; x_wconf 84' lang='lat' dir='ltr'><strong>scholia</strong></span> <span class='ocrx_word' id='word_1_113' title='bbox 1846 1489 1975 1528; x_wconf 90' lang='lat' dir='ltr'><strong>non-</strong></span> 
     </span>
    </p>
   </div>
   <div class='ocr_carea' id='block_1_15' title="bbox 412 1562 1976 1651">
    <p class='ocr_par' dir='ltr' id='par_1_15' title="bbox 412 1562 1976 1651">
     <span class='ocr_line' id='line_1_15' title="bbox 412 1562 1976 1651; baseline -0.013 -14"><span class='ocrx_word' id='word_1_114' title='bbox 412 1584 556 1637; x_wconf 89' lang='lat' dir='ltr'><strong>nulla</strong></span> <span class='ocrx_word' id='word_1_115' title='bbox 593 1581 885 1651; x_wconf 58' lang='lat' dir='ltr'><strong>adjiciebat</strong></span> <span class='ocrx_word' id='word_1_116' title='bbox 914 1579 979 1632; x_wconf 91' lang='lat' dir='ltr'><strong>ad</strong></span> <span class='ocrx_word' id='word_1_117' title='bbox 1018 1577 1237 1632; x_wconf 86' lang='lat' dir='ltr'><strong>Scholia</strong></span> <span class='ocrx_word' id='word_1_118' title='bbox 1271 1571 1492 1627; x_wconf 79' lang='lat' dir='ltr'><strong>Maximi</strong></span> <span class='ocrx_word' id='word_1_119' title='bbox 1537 1578 1593 1623; x_wconf 89' lang='lat' dir='ltr'><strong>et</strong></span> <span class='ocrx_word' id='word_1_120' title='bbox 1639 1562 1976 1636; x_wconf 84' lang='lat' dir='ltr'><strong>Scythopo&#39;i-</strong></span> 
     </span>
    </p>
   </div>
   <div class='ocr_carea' id='block_1_16' title="bbox 411 1656 1973 1738">
    <p class='ocr_par' dir='ltr' id='par_1_16' title="bbox 411 1656 1973 1738">
     <span class='ocr_line' id='line_1_16' title="bbox 411 1656 1973 1738; baseline -0.012 -12"><span class='ocrx_word' id='word_1_121' title='bbox 411 1675 558 1729; x_wconf 80' lang='lat' dir='ltr'><strong>iani?</strong></span> <span class='ocrx_word' id='word_1_122' title='bbox 586 1673 927 1729; x_wconf 89' lang='lat' dir='ltr'><strong>Conveniunt</strong></span> <span class='ocrx_word' id='word_1_123' title='bbox 960 1686 1090 1726; x_wconf 87' lang='lat' dir='ltr'><strong>sane</strong></span> <span class='ocrx_word' id='word_1_124' title='bbox 1121 1664 1594 1738; x_wconf 89' lang='lat' dir='ltr'><strong>Scythopolitano,</strong></span> <span class='ocrx_word' id='word_1_125' title='bbox 1634 1659 1724 1728; x_wconf 87' lang='lat' dir='ltr'><strong>qui</strong></span> <span class='ocrx_word' id='word_1_126' title='bbox 1765 1656 1973 1727; x_wconf 87' lang='lat' dir='ltr'><strong>primus</strong></span> 
     </span>
    </p>
   </div>
   <div class='ocr_carea' id='block_1_17' title="bbox 413 1750 1972 1836">
    <p class='ocr_par' dir='ltr' id='par_1_17' title="bbox 413 1750 1972 1836">
     <span class='ocr_line' id='line_1_17' title="bbox 413 1750 1972 1836; baseline -0.013 -15"><span class='ocrx_word' id='word_1_127' title='bbox 413 1765 763 1836; x_wconf 87' lang='lat' dir='ltr'><strong>amplioribus</strong></span> <span class='ocrx_word' id='word_1_128' title='bbox 792 1765 934 1817; x_wconf 90' lang='lat' dir='ltr'><strong>notis</strong></span> <span class='ocrx_word' id='word_1_129' title='bbox 972 1761 1287 1815; x_wconf 89' lang='lat' dir='ltr'><strong>illustrabat</strong></span> <span class='ocrx_word' id='word_1_130' title='bbox 1322 1758 1470 1825; x_wconf 92' lang='lat' dir='ltr'><strong>Opus</strong></span> <span class='ocrx_word' id='word_1_131' title='bbox 1508 1750 1972 1820; x_wconf 87' lang='lat' dir='ltr'><strong>Areopagiticum.</strong></span> 
     </span>
    </p>
   </div>
   <div class='ocr_carea' id='block_1_18' title="bbox 418 1839 1979 1916">
    <p class='ocr_par' dir='ltr' id='par_1_18' title="bbox 418 1839 1979 1916">
     <span class='ocr_line' id='line_1_18' title="bbox 418 1839 1979 1916; baseline -0.011 -5"><span class='ocrx_word' id='word_1_132' title='bbox 418 1855 764 1911; x_wconf 82' lang='lat' dir='ltr'><strong>Conveniunt</strong></span> <span class='ocrx_word' id='word_1_133' title='bbox 787 1854 949 1907; x_wconf 89' lang='lat' dir='ltr'><strong>etiam</strong></span> <span class='ocrx_word' id='word_1_134' title='bbox 984 1851 1240 1911; x_wconf 78' lang='lat' dir='ltr'><strong>Maximo,</strong></span> <span class='ocrx_word' id='word_1_135' title='bbox 1268 1848 1362 1916; x_wconf 88' lang='lat' dir='ltr'><strong>qui</strong></span> <span class='ocrx_word' id='word_1_136' title='bbox 1394 1844 1620 1901; x_wconf 87' lang='lat' dir='ltr'><strong>seorsim</strong></span> <span class='ocrx_word' id='word_1_137' title='bbox 1642 1842 1710 1896; x_wconf 89' lang='lat' dir='ltr'><strong>ab</strong></span> <span class='ocrx_word' id='word_1_138' title='bbox 1740 1840 1834 1894; x_wconf 92' lang='lat' dir='ltr'><strong>illo</strong></span> <span class='ocrx_word' id='word_1_139' title='bbox 1860 1839 1979 1894; x_wconf 81' lang='lat' dir='ltr'><strong>bre-</strong></span> 
     </span>
    </p>
   </div>
   <div class='ocr_carea' id='block_1_19' title="bbox 412 1942 1330 2015">
    <p class='ocr_par' dir='ltr' id='par_1_19' title="bbox 412 1942 1330 2015">
     <span class='ocr_line' id='line_1_19' title="bbox 412 1942 1330 2015; baseline -0.007 -15"><span class='ocrx_word' id='word_1_140' title='bbox 412 1949 497 2000; x_wconf 90' lang='lat' dir='ltr'><strong>via</strong></span> <span class='ocrx_word' id='word_1_141' title='bbox 529 1946 773 2015; x_wconf 62' lang='lat' dir='ltr'><strong>quaedam</strong></span> <span class='ocrx_word' id='word_1_142' title='bbox 804 1942 1079 1998; x_wconf 83' lang='lat' dir='ltr'><strong>scribebat</strong></span> <span class='ocrx_word' id='word_1_143' title='bbox 1102 1942 1330 1995; x_wconf 72' lang='lat' dir='ltr'><strong>scholia.</strong></span> 
     </span>
    </p>
   </div>
   <div class='ocr_carea' id='block_1_20' title="bbox 480 2023 1979 2095">
    <p class='ocr_par' dir='ltr' id='par_1_20' title="bbox 480 2023 1979 2095">
     <span class='ocr_line' id='line_1_20' title="bbox 480 2023 1979 2095; baseline -0.009 -5"><span class='ocrx_word' id='word_1_144' title='bbox 480 2036 538 2091; x_wconf 89' lang='lat' dir='ltr'><strong>Id</strong></span> <span class='ocrx_word' id='word_1_145' title='bbox 576 2052 708 2091; x_wconf 88' lang='lat' dir='ltr'><strong>vero</strong></span> <span class='ocrx_word' id='word_1_146' title='bbox 741 2034 976 2089; x_wconf 75' lang='lat' dir='ltr'><strong>maxime</strong></span> <span class='ocrx_word' id='word_1_147' title='bbox 1029 2030 1604 2095; x_wconf 80' lang='lat' dir='ltr'><strong>animadvertendum,</strong></span> <span class='ocrx_word' id='word_1_148' title='bbox 1638 2023 1979 2095; x_wconf 73' lang='lat' dir='ltr'><strong>frequentius</strong></span> 
     </span>
    </p>
   </div>
   <div class='ocr_carea' id='block_1_21' title="bbox 415 2114 1978 2192">
    <p class='ocr_par' dir='ltr' id='par_1_21' title="bbox 415 2114 1978 2192">
     <span class='ocr_line' id='line_1_21' title="bbox 415 2114 1978 2192; baseline -0.01 -9"><span class='ocrx_word' id='word_1_149' title='bbox 415 2128 666 2183; x_wconf 86' lang='lat' dir='ltr'><strong>breviora</strong></span> <span class='ocrx_word' id='word_1_150' title='bbox 696 2142 814 2183; x_wconf 80' lang='lat' dir='ltr'><strong>esse</strong></span> <span class='ocrx_word' id='word_1_151' title='bbox 851 2124 1090 2187; x_wconf 89' lang='lat' dir='ltr'><strong>scholia,</strong></span> <span class='ocrx_word' id='word_1_152' title='bbox 1128 2138 1248 2192; x_wconf 69' lang='lat' dir='ltr'><strong>qua:</strong></span> <span class='ocrx_word' id='word_1_153' title='bbox 1277 2131 1561 2176; x_wconf 85' lang='lat' dir='ltr'><strong>numerata</strong></span> <span class='ocrx_word' id='word_1_154' title='bbox 1584 2126 1731 2181; x_wconf 92' lang='lat' dir='ltr'><strong>sunt,</strong></span> <span class='ocrx_word' id='word_1_155' title='bbox 1754 2130 1820 2170; x_wconf 89' lang='lat' dir='ltr'><strong>ac</strong></span> <span class='ocrx_word' id='word_1_156' title='bbox 1840 2114 1978 2169; x_wconf 85' lang='lat' dir='ltr'><strong>Ger-</strong></span> 
     </span>
    </p>
   </div>
   <div class='ocr_carea' id='block_1_22' title="bbox 416 2207 1981 2277">
    <p class='ocr_par' dir='ltr' id='par_1_22' title="bbox 416 2207 1981 2277">
     <span class='ocr_line' id='line_1_22' title="bbox 416 2207 1981 2277; baseline -0.009 -5"><span class='ocrx_word' id='word_1_157' title='bbox 416 2233 578 2273; x_wconf 92' lang='lat' dir='ltr'><strong>mano</strong></span> <span class='ocrx_word' id='word_1_158' title='bbox 616 2219 981 2271; x_wconf 82' lang='lat' dir='ltr'><strong>tribuuntur:</strong></span> <span class='ocrx_word' id='word_1_159' title='bbox 1056 2214 1356 2277; x_wconf 88' lang='lat' dir='ltr'><strong>eademque</strong></span> <span class='ocrx_word' id='word_1_160' title='bbox 1401 2213 1447 2266; x_wconf 86' lang='lat' dir='ltr'><strong>si</strong></span> <span class='ocrx_word' id='word_1_161' title='bbox 1504 2210 1726 2277; x_wconf 76' lang='lat' dir='ltr'><strong>colligas</strong></span> <span class='ocrx_word' id='word_1_162' title='bbox 1772 2207 1981 2272; x_wconf 87' lang='lat' dir='ltr'><strong>omnia,</strong></span> 
     </span>
    </p>
   </div>
   <div class='ocr_carea' id='block_1_23' title="bbox 419 2297 1973 2379">
    <p class='ocr_par' dir='ltr' id='par_1_23' title="bbox 419 2297 1973 2379">
     <span class='ocr_line' id='line_1_23' title="bbox 419 2297 1973 2379; baseline -0.011 -13"><span class='ocrx_word' id='word_1_163' title='bbox 419 2324 590 2379; x_wconf 78' lang='lat' dir='ltr'><strong>pauca</strong></span> <span class='ocrx_word' id='word_1_164' title='bbox 622 2309 802 2377; x_wconf 93' lang='lat' dir='ltr'><strong>potius</strong></span> <span class='ocrx_word' id='word_1_165' title='bbox 828 2322 949 2361; x_wconf 88' lang='lat' dir='ltr'><strong>esse</strong></span> <span class='ocrx_word' id='word_1_166' title='bbox 979 2321 1140 2375; x_wconf 88' lang='lat' dir='ltr'><strong>quam</strong></span> <span class='ocrx_word' id='word_1_167' title='bbox 1166 2304 1419 2374; x_wconf 88' lang='lat' dir='ltr'><strong>plurima.</strong></span> <span class='ocrx_word' id='word_1_168' title='bbox 1459 2300 1679 2354; x_wconf 88' lang='lat' dir='ltr'><strong>Duobus</strong></span> <span class='ocrx_word' id='word_1_169' title='bbox 1712 2297 1860 2353; x_wconf 86' lang='lat' dir='ltr'><strong>hisce</strong></span> <span class='ocrx_word' id='word_1_170' title='bbox 1889 2297 1973 2350; x_wconf 87' lang='lat' dir='ltr'><strong>in-</strong></span> 
     </span>
    </p>
   </div>
   <div class='ocr_carea' id='block_1_24' title="bbox 415 2390 1984 2461">
    <p class='ocr_par' dir='ltr' id='par_1_24' title="bbox 415 2390 1984 2461">
     <span class='ocr_line' id='line_1_24' title="bbox 415 2390 1984 2461; baseline -0.009 -7"><span class='ocrx_word' id='word_1_171' title='bbox 415 2401 604 2461; x_wconf 88' lang='lat' dir='ltr'><strong>diciis,</strong></span> <span class='ocrx_word' id='word_1_172' title='bbox 652 2399 987 2453; x_wconf 84' lang='lat' dir='ltr'><strong>seholiorum</strong></span> <span class='ocrx_word' id='word_1_173' title='bbox 1040 2394 1327 2449; x_wconf 88' lang='lat' dir='ltr'><strong>brevitatis</strong></span> <span class='ocrx_word' id='word_1_174' title='bbox 1373 2407 1437 2446; x_wconf 91' lang='lat' dir='ltr'><strong>ac</strong></span> <span class='ocrx_word' id='word_1_175' title='bbox 1496 2390 1810 2461; x_wconf 90' lang='lat' dir='ltr'><strong>paucitatis,</strong></span> <span class='ocrx_word' id='word_1_176' title='bbox 1863 2401 1984 2457; x_wconf 64' lang='lat' dir='ltr'><strong>qua:</strong></span> 
     </span>
    </p>
   </div>
   <div class='ocr_carea' id='block_1_25' title="bbox 418 2477 1982 2549">
    <p class='ocr_par' dir='ltr' id='par_1_25' title="bbox 418 2477 1982 2549">
     <span class='ocr_line' id='line_1_25' title="bbox 418 2477 1982 2549; baseline -0.007 -8"><span class='ocrx_word' id='word_1_177' title='bbox 418 2505 548 2543; x_wconf 89' lang='lat' dir='ltr'><strong>vere</strong></span> <span class='ocrx_word' id='word_1_178' title='bbox 576 2486 793 2541; x_wconf 79' lang='lat' dir='ltr'><strong>Maximi</strong></span> <span class='ocrx_word' id='word_1_179' title='bbox 826 2497 976 2549; x_wconf 88' lang='lat' dir='ltr'><strong>sunt,</strong></span> <span class='ocrx_word' id='word_1_180' title='bbox 1010 2485 1327 2539; x_wconf 86' lang='lat' dir='ltr'><strong>indicarunt</strong></span> <span class='ocrx_word' id='word_1_181' title='bbox 1353 2483 1507 2535; x_wconf 91' lang='lat' dir='ltr'><strong>nobis</strong></span> <span class='ocrx_word' id='word_1_182' title='bbox 1532 2480 1785 2536; x_wconf 91' lang='lat' dir='ltr'><strong>Usscrius</strong></span> <span class='ocrx_word' id='word_1_183' title='bbox 1804 2487 1860 2533; x_wconf 89' lang='lat' dir='ltr'><strong>et</strong></span> <span class='ocrx_word' id='word_1_184' title='bbox 1882 2477 1982 2531; x_wconf 86' lang='lat' dir='ltr'><strong>Le-</strong></span> 
     </span>
    </p>
   </div>
   <div class='ocr_carea' id='block_1_26' title="bbox 418 2569 1987 2651">
    <p class='ocr_par' dir='ltr' id='par_1_26' title="bbox 418 2569 1987 2651">
     <span class='ocr_line' id='line_1_26' title="bbox 418 2569 1987 2651; baseline -0.01 -14"><span class='ocrx_word' id='word_1_185' title='bbox 418 2583 672 2651; x_wconf 86' lang='lat' dir='ltr'><strong>quienus.</strong></span> <span class='ocrx_word' id='word_1_186' title='bbox 704 2578 840 2633; x_wconf 86' lang='lat' dir='ltr'><strong>Ilinc</strong></span> <span class='ocrx_word' id='word_1_187' title='bbox 864 2576 1029 2632; x_wconf 88' lang='lat' dir='ltr'><strong>menti</strong></span> <span class='ocrx_word' id='word_1_188' title='bbox 1063 2578 1396 2630; x_wconf 88' lang='lat' dir='ltr'><strong>obversatur</strong></span> <span class='ocrx_word' id='word_1_189' title='bbox 1425 2574 1773 2641; x_wconf 85' lang='lat' dir='ltr'><strong>conjectura,</strong></span> <span class='ocrx_word' id='word_1_190' title='bbox 1820 2569 1987 2623; x_wconf 87' lang='lat' dir='ltr'><strong>libra-</strong></span> 
     </span>
    </p>
   </div>
   <div class='ocr_carea' id='block_1_27' title="bbox 419 2659 1985 2741">
    <p class='ocr_par' dir='ltr' id='par_1_27' title="bbox 419 2659 1985 2741">
     <span class='ocr_line' id='line_1_27' title="bbox 419 2659 1985 2741; baseline -0.009 -15"><span class='ocrx_word' id='word_1_191' title='bbox 419 2675 584 2731; x_wconf 87' lang='lat' dir='ltr'><strong>rium,</strong></span> <span class='ocrx_word' id='word_1_192' title='bbox 621 2675 712 2741; x_wconf 88' lang='lat' dir='ltr'><strong>qui</strong></span> <span class='ocrx_word' id='word_1_193' title='bbox 747 2669 1076 2722; x_wconf 84' lang='lat' dir='ltr'><strong>Marcianum</strong></span> <span class='ocrx_word' id='word_1_194' title='bbox 1110 2666 1354 2727; x_wconf 84' lang='lat' dir='ltr'><strong>codicem</strong></span> <span class='ocrx_word' id='word_1_195' title='bbox 1381 2662 1745 2725; x_wconf 85' lang='lat' dir='ltr'><strong>describebat,</strong></span> <span class='ocrx_word' id='word_1_196' title='bbox 1775 2659 1985 2716; x_wconf 77' lang='lat' dir='ltr'><strong>scholia</strong></span> 
     </span>
    </p>
   </div>
   <div class='ocr_carea' id='block_1_28' title="bbox 418 2752 1984 2821">
    <p class='ocr_par' dir='ltr' id='par_1_28' title="bbox 418 2752 1984 2821">
     <span class='ocr_line' id='line_1_28' title="bbox 418 2752 1984 2821; baseline -0.01 -4"><span class='ocrx_word' id='word_1_197' title='bbox 418 2781 451 2817; x_wconf 84' lang='lat' dir='ltr'><strong>a</strong></span> <span class='ocrx_word' id='word_1_198' title='bbox 481 2762 703 2817; x_wconf 88' lang='lat' dir='ltr'><strong>scholiis</strong></span> <span class='ocrx_word' id='word_1_199' title='bbox 748 2760 1003 2814; x_wconf 75' lang='lat' dir='ltr'><strong>distincta</strong></span> <span class='ocrx_word' id='word_1_200' title='bbox 1040 2757 1319 2812; x_wconf 87' lang='lat' dir='ltr'><strong>inveniens</strong></span> <span class='ocrx_word' id='word_1_201' title='bbox 1348 2794 1363 2820; x_wconf 96' lang='lat'><strong>,</strong></span> <span class='ocrx_word' id='word_1_202' title='bbox 1392 2769 1455 2809; x_wconf 85' lang='lat' dir='ltr'><strong>ac</strong></span> <span class='ocrx_word' id='word_1_203' title='bbox 1488 2752 1710 2821; x_wconf 87' lang='lat' dir='ltr'><strong>majoris</strong></span> <span class='ocrx_word' id='word_1_204' title='bbox 1746 2752 1984 2820; x_wconf 83' lang='lat' dir='ltr'><strong>ipsorum</strong></span> 
     </span>
    </p>
   </div>
   <div class='ocr_carea' id='block_1_29' title="bbox 417 2841 1986 2923">
    <p class='ocr_par' dir='ltr' id='par_1_29' title="bbox 417 2841 1986 2923">
     <span class='ocr_line' id='line_1_29' title="bbox 417 2841 1986 2923; baseline -0.007 -17"><span class='ocrx_word' id='word_1_205' title='bbox 417 2853 592 2923; x_wconf 89' lang='lat' dir='ltr'><strong>partis</strong></span> <span class='ocrx_word' id='word_1_206' title='bbox 640 2860 920 2904; x_wconf 88' lang='lat' dir='ltr'><strong>auctorem</strong></span> <span class='ocrx_word' id='word_1_207' title='bbox 972 2849 1229 2916; x_wconf 78' lang='lat' dir='ltr'><strong>ignorans</strong></span> <span class='ocrx_word' id='word_1_208' title='bbox 1274 2843 1536 2899; x_wconf 75' lang='lat' dir='ltr'><strong>Joannem</strong></span> <span class='ocrx_word' id='word_1_209' title='bbox 1580 2841 1986 2914; x_wconf 76' lang='lat' dir='ltr'><strong>Scytbopolita-</strong></span> 
     </span>
    </p>
   </div>
   <div class='ocr_carea' id='block_1_30' title="bbox 418 2933 1985 3007">
    <p class='ocr_par' dir='ltr' id='par_1_30' title="bbox 418 2933 1985 3007">
     <span class='ocr_line' id='line_1_30' title="bbox 418 2933 1985 3007; baseline -0.008 -8"><span class='ocrx_word' id='word_1_210' title='bbox 418 2961 584 3007; x_wconf 86' lang='lat' dir='ltr'><strong>num,</strong></span> <span class='ocrx_word' id='word_1_211' title='bbox 638 2943 741 2995; x_wconf 89' lang='lat' dir='ltr'><strong>alia</strong></span> <span class='ocrx_word' id='word_1_212' title='bbox 786 2940 1039 2994; x_wconf 88' lang='lat' dir='ltr'><strong>tribuerit</strong></span> <span class='ocrx_word' id='word_1_213' title='bbox 1088 2936 1362 2992; x_wconf 88' lang='lat' dir='ltr'><strong>Germano</strong></span> <span class='ocrx_word' id='word_1_214' title='bbox 1410 2936 1733 3006; x_wconf 64' lang='lat' dir='ltr'><strong>patriarchae</strong></span> <span class='ocrx_word' id='word_1_215' title='bbox 1789 2943 1844 2988; x_wconf 92' lang='lat' dir='ltr'><strong>et</strong></span> <span class='ocrx_word' id='word_1_216' title='bbox 1882 2933 1985 2987; x_wconf 86' lang='lat' dir='ltr'><strong>alia</strong></span> 
     </span>
    </p>
   </div>
   <div class='ocr_carea' id='block_1_31' title="bbox 419 3022 1984 3094">
    <p class='ocr_par' dir='ltr' id='par_1_31' title="bbox 419 3022 1984 3094">
     <span class='ocr_line' id='line_1_31' title="bbox 419 3022 1984 3094; baseline -0.006 -9"><span class='ocrx_word' id='word_1_217' title='bbox 419 3031 672 3085; x_wconf 77' lang='lat' dir='ltr'><strong>Maximo.</strong></span> <span class='ocrx_word' id='word_1_218' title='bbox 728 3027 1008 3084; x_wconf 84' lang='lat' dir='ltr'><strong>Tenebras</strong></span> <span class='ocrx_word' id='word_1_219' title='bbox 1069 3025 1362 3094; x_wconf 83' lang='lat' dir='ltr'><strong>depellere,</strong></span> <span class='ocrx_word' id='word_1_220' title='bbox 1413 3041 1476 3078; x_wconf 84' lang='lat' dir='ltr'><strong>ac</strong></span> <span class='ocrx_word' id='word_1_221' title='bbox 1531 3024 1787 3078; x_wconf 87' lang='lat' dir='ltr'><strong>dirimere</strong></span> <span class='ocrx_word' id='word_1_222' title='bbox 1836 3022 1984 3076; x_wconf 87' lang='lat' dir='ltr'><strong>litem</strong></span> 
     </span>
    </p>
   </div>
   <div class='ocr_carea' id='block_1_32' title="bbox 2140 365 3684 441">
    <p class='ocr_par' dir='ltr' id='par_1_32' title="bbox 2140 365 3684 441">
     <span class='ocr_line' id='line_1_32' title="bbox 2140 365 3684 441; baseline -0.005 -13"><span class='ocrx_word' id='word_1_223' title='bbox 2140 371 2234 429; x_wconf 85' lang='lat' dir='ltr'><strong>IV.</strong></span> <span class='ocrx_word' id='word_1_224' title='bbox 2276 374 2554 428; x_wconf 87' lang='lat' dir='ltr'><strong>Adnotare</strong></span> <span class='ocrx_word' id='word_1_225' title='bbox 2597 378 2875 441; x_wconf 82' lang='lat' dir='ltr'><strong>postremo</strong></span> <span class='ocrx_word' id='word_1_226' title='bbox 2922 369 3041 426; x_wconf 90' lang='lat' dir='ltr'><strong>loco</strong></span> <span class='ocrx_word' id='word_1_227' title='bbox 3066 370 3260 436; x_wconf 87' lang='lat' dir='ltr'><strong>liceat,</strong></span> <span class='ocrx_word' id='word_1_228' title='bbox 3297 367 3481 423; x_wconf 83' lang='lat' dir='ltr'><strong>alios</strong></span> <span class='ocrx_word' id='word_1_229' title='bbox 3515 365 3684 420; x_wconf 85' lang='lat' dir='ltr'><strong>etia</strong></span> 
     </span>
    </p>
   </div>
   <div class='ocr_carea' id='block_1_33' title="bbox 2071 460 3685 534">
    <p class='ocr_par' dir='ltr' id='par_1_33' title="bbox 2071 460 3685 534">
     <span class='ocr_line' id='line_1_33' title="bbox 2071 460 3685 534; baseline -0.005 -15"><span class='ocrx_word' id='word_1_230' title='bbox 2071 465 2367 534; x_wconf 89' lang='lat' dir='ltr'><strong>scriptores</strong></span> <span class='ocrx_word' id='word_1_231' title='bbox 2392 462 2684 518; x_wconf 90' lang='lat' dir='ltr'><strong>nonnullos</strong></span> <span class='ocrx_word' id='word_1_232' title='bbox 2708 464 3020 529; x_wconf 88' lang='lat' dir='ltr'><strong>memorari,</strong></span> <span class='ocrx_word' id='word_1_233' title='bbox 3044 464 3137 532; x_wconf 91' lang='lat' dir='ltr'><strong>qui</strong></span> <span class='ocrx_word' id='word_1_234' title='bbox 3171 464 3223 517; x_wconf 93' lang='lat' dir='ltr'><strong>in</strong></span> <span class='ocrx_word' id='word_1_235' title='bbox 3253 462 3469 531; x_wconf 81' lang='lat' dir='ltr'><strong>Opera</strong></span> <span class='ocrx_word' id='word_1_236' title='bbox 3503 460 3685 513; x_wconf 77' lang='lat' dir='ltr'><strong>Areo-</strong></span> 
     </span>
    </p>
   </div>
   <div class='ocr_carea' id='block_1_34' title="bbox 2070 553 3685 626">
    <p class='ocr_par' dir='ltr' id='par_1_34' title="bbox 2070 553 3685 626">
     <span class='ocr_line' id='line_1_34' title="bbox 2070 553 3685 626; baseline -0.002 -20"><span class='ocrx_word' id='word_1_237' title='bbox 2070 556 2301 624; x_wconf 86' lang='lat' dir='ltr'><strong>pagitica</strong></span> <span class='ocrx_word' id='word_1_238' title='bbox 2346 555 2663 626; x_wconf 88' lang='lat' dir='ltr'><strong>scripserint</strong></span> <span class='ocrx_word' id='word_1_239' title='bbox 2707 553 2953 617; x_wconf 87' lang='lat' dir='ltr'><strong>scholia,</strong></span> <span class='ocrx_word' id='word_1_240' title='bbox 2984 556 3114 622; x_wconf 90' lang='lat' dir='ltr'><strong>quin</strong></span> <span class='ocrx_word' id='word_1_241' title='bbox 3161 569 3223 608; x_wconf 87' lang='lat' dir='ltr'><strong>ea</strong></span> <span class='ocrx_word' id='word_1_242' title='bbox 3272 564 3499 608; x_wconf 85' lang='lat' dir='ltr'><strong>tamen</strong></span> <span class='ocrx_word' id='word_1_243' title='bbox 3559 556 3685 610; x_wconf 67' lang='lat' dir='ltr'><strong>satis</strong></span> 
     </span>
    </p>
   </div>
   <div class='ocr_carea' id='block_1_35' title="bbox 2072 641 3688 702">
    <p class='ocr_par' dir='ltr' id='par_1_35' title="bbox 2072 641 3688 702">
     <span class='ocr_line' id='line_1_35' title="bbox 2072 641 3688 702; baseline -0.006 -3"><span class='ocrx_word' id='word_1_244' title='bbox 2072 646 2432 700; x_wconf 83' lang='lat' dir='ltr'><strong>iunctescant.</strong></span> <span class='ocrx_word' id='word_1_245' title='bbox 2480 646 2639 702; x_wconf 90' lang='lat' dir='ltr'><strong>Joan.</strong></span> <span class='ocrx_word' id='word_1_246' title='bbox 2689 645 2943 700; x_wconf 89' lang='lat' dir='ltr'><strong>Albertus</strong></span> <span class='ocrx_word' id='word_1_247' title='bbox 2983 644 3266 700; x_wconf 81' lang='lat' dir='ltr'><strong>Fabricius</strong></span> <span class='ocrx_word' id='word_1_248' title='bbox 3318 646 3388 699; x_wconf 86' lang='lat' dir='ltr'><strong>in</strong></span> <span class='ocrx_word' id='word_1_249' title='bbox 3466 641 3688 695; x_wconf 79' lang='lat' dir='ltr'><strong>Biblio-</strong></span> 
     </span>
    </p>
   </div>
   <div class='ocr_carea' id='block_1_36' title="bbox 2072 730 3687 804">
    <p class='ocr_par' dir='ltr' id='par_1_36' title="bbox 2072 730 3687 804">
     <span class='ocr_line' id='line_1_36' title="bbox 2072 730 3687 804; baseline -0.001 -22"><span class='ocrx_word' id='word_1_250' title='bbox 2072 733 2222 784; x_wconf 82' lang='lat' dir='ltr'><strong>theca</strong></span> <span class='ocrx_word' id='word_1_251' title='bbox 2248 730 2455 796; x_wconf 63' lang='lat' dir='ltr'><strong>Crazca,</strong></span> <span class='ocrx_word' id='word_1_252' title='bbox 2490 733 2626 787; x_wconf 91' lang='lat' dir='ltr'><strong>libro</strong></span> <span class='ocrx_word' id='word_1_253' title='bbox 2649 750 2701 798; x_wconf 91' lang='lat' dir='ltr'><strong>v,</strong></span> <span class='ocrx_word' id='word_1_254' title='bbox 2741 737 2916 804; x_wconf 84' lang='lat' dir='ltr'><strong>capite</strong></span> <span class='ocrx_word' id='word_1_255' title='bbox 2950 737 3001 801; x_wconf 86' lang='grc'><strong>1,</strong></span> <span class='ocrx_word' id='word_1_256' title='bbox 3042 751 3095 789; x_wconf 93' lang='lat' dir='ltr'><strong>n.</strong></span> <span class='ocrx_word' id='word_1_257' title='bbox 3134 733 3190 798; x_wconf 87' lang='lat'><strong>6,</strong></span> <span class='ocrx_word' id='word_1_258' title='bbox 3241 735 3462 802; x_wconf 88' lang='lat' dir='ltr'><strong>paucis</strong></span> <span class='ocrx_word' id='word_1_259' title='bbox 3502 730 3687 784; x_wconf 76' lang='lat' dir='ltr'><strong>verbis</strong></span> 
     </span>
    </p>
   </div>
   <div class='ocr_carea' id='block_1_37' title="bbox 2074 824 3691 896">
    <p class='ocr_par' dir='ltr' id='par_1_37' title="bbox 2074 824 3691 896">
     <span class='ocr_line' id='line_1_37' title="bbox 2074 824 3691 896; baseline -0.001 -21"><span class='ocrx_word' id='word_1_260' title='bbox 2074 832 2323 878; x_wconf 88' lang='lat' dir='ltr'><strong>recenset</strong></span> <span class='ocrx_word' id='word_1_261' title='bbox 2356 824 2573 879; x_wconf 80' lang='lat' dir='ltr'><strong>Scholia</strong></span> <span class='ocrx_word' id='word_1_262' title='bbox 2609 825 2817 896; x_wconf 78' lang='lat' dir='ltr'><strong>Georgii</strong></span> <span class='ocrx_word' id='word_1_263' title='bbox 2862 827 3317 882; x_wconf 85' lang='lat' dir='ltr'><strong>Hieromnemonis</strong></span> <span class='ocrx_word' id='word_1_264' title='bbox 3364 829 3439 877; x_wconf 81' lang='lat' dir='ltr'><strong>in</strong></span> <span class='ocrx_word' id='word_1_265' title='bbox 3491 826 3691 876; x_wconf 83' lang='lat' dir='ltr'><strong>biblio-</strong></span> 
     </span>
    </p>
   </div>
   <div class='ocr_carea' id='block_1_38' title="bbox 2075 914 3688 982">
    <p class='ocr_par' dir='ltr' id='par_1_38' title="bbox 2075 914 3688 982">
     <span class='ocr_line' id='line_1_38' title="bbox 2075 914 3688 982; baseline -0.001 -15"><span class='ocrx_word' id='word_1_266' title='bbox 2075 915 2224 968; x_wconf 88' lang='lat' dir='ltr'><strong>theca</strong></span> <span class='ocrx_word' id='word_1_267' title='bbox 2278 914 2535 970; x_wconf 76' lang='lat' dir='ltr'><strong>Medic-ea.</strong></span> <span class='ocrx_word' id='word_1_268' title='bbox 2587 916 2736 971; x_wconf 91' lang='lat' dir='ltr'><strong>Inter</strong></span> <span class='ocrx_word' id='word_1_269' title='bbox 2788 919 3004 973; x_wconf 85' lang='lat' dir='ltr'><strong>codices</strong></span> <span class='ocrx_word' id='word_1_270' title='bbox 3053 917 3424 972; x_wconf 62' lang='lat' dir='ltr'><strong>Bibliotheca</strong></span> <span class='ocrx_word' id='word_1_271' title='bbox 3499 914 3688 982; x_wconf 63' lang='lat' dir='ltr'><strong>Regi:</strong></span> 
     </span>
    </p>
   </div>
   <div class='ocr_carea' id='block_1_39' title="bbox 2073 1005 3686 1073">
    <p class='ocr_par' dir='ltr' id='par_1_39' title="bbox 2073 1005 3686 1073">
     <span class='ocr_line' id='line_1_39' title="bbox 2073 1005 3686 1073; baseline 0.005 -14"><span class='ocrx_word' id='word_1_272' title='bbox 2073 1005 2452 1073; x_wconf 88' lang='lat' dir='ltr'><strong>Taurinensis,</strong></span> <span class='ocrx_word' id='word_1_273' title='bbox 2490 1019 2614 1063; x_wconf 91' lang='lat' dir='ltr'><strong>tom.</strong></span> <span class='ocrx_word' id='word_1_274' title='bbox 2648 1009 2691 1073; x_wconf 81' lang='grc' dir='ltr'><strong>Ι,</strong></span> <span class='ocrx_word' id='word_1_275' title='bbox 2724 1021 3042 1064; x_wconf 87' lang='lat' dir='ltr'><strong>numeratur</strong></span> <span class='ocrx_word' id='word_1_276' title='bbox 3072 1014 3241 1065; x_wconf 74' lang='lat' dir='ltr'><strong>codex</strong></span> <span class='ocrx_word' id='word_1_277' title='bbox 3270 1010 3448 1065; x_wconf 83' lang='lat' dir='ltr'><strong>CCC.</strong></span> <span class='ocrx_word' id='word_1_278' title='bbox 3481 1006 3686 1067; x_wconf 69' lang='lat' dir='ltr'><strong>LXIX.</strong></span> 
     </span>
    </p>
   </div>
   <div class='ocr_carea' id='block_1_40' title="bbox 2073 1098 3684 1171">
    <p class='ocr_par' dir='ltr' id='par_1_40' title="bbox 2073 1098 3684 1171">
     <span class='ocr_line' id='line_1_40' title="bbox 2073 1098 3684 1171; baseline -0.002 -20"><span class='ocrx_word' id='word_1_279' title='bbox 2073 1098 2532 1163; x_wconf 88' lang='lat' dir='ltr'><strong>membranaceus,</strong></span> <span class='ocrx_word' id='word_1_280' title='bbox 2590 1102 2772 1156; x_wconf 83' lang='lat' dir='ltr'><strong>steculi</strong></span> <span class='ocrx_word' id='word_1_281' title='bbox 2823 1117 2933 1168; x_wconf 72' lang='lat' dir='ltr'><strong>le,</strong></span> <span class='ocrx_word' id='word_1_282' title='bbox 2982 1103 3033 1155; x_wconf 91' lang='lat' dir='ltr'><strong>in</strong></span> <span class='ocrx_word' id='word_1_283' title='bbox 3085 1118 3194 1171; x_wconf 85' lang='lat' dir='ltr'><strong>quo</strong></span> <span class='ocrx_word' id='word_1_284' title='bbox 3246 1103 3684 1157; x_wconf 72' lang='lat' dir='ltr'><strong>«continentur</strong></span> 
     </span>
    </p>
   </div>
   <div class='ocr_carea' id='block_1_41' title="bbox 2074 1187 3684 1262">
    <p class='ocr_par' dir='ltr' id='par_1_41' title="bbox 2074 1187 3684 1262">
     <span class='ocr_line' id='line_1_41' title="bbox 2074 1187 3684 1262; baseline 0.002 -22"><span class='ocrx_word' id='word_1_285' title='bbox 2074 1187 2315 1259; x_wconf 84' lang='lat' dir='ltr'><strong>Dionysii</strong></span> <span class='ocrx_word' id='word_1_286' title='bbox 2346 1192 2685 1261; x_wconf 59' lang='lat' dir='ltr'><strong>Areopagitae</strong></span> <span class='ocrx_word' id='word_1_287' title='bbox 2718 1192 2925 1262; x_wconf 87' lang='lat' dir='ltr'><strong>Opera,</strong></span> <span class='ocrx_word' id='word_1_288' title='bbox 2959 1210 3081 1249; x_wconf 91' lang='lat' dir='ltr'><strong>cum</strong></span> <span class='ocrx_word' id='word_1_289' title='bbox 3131 1194 3354 1248; x_wconf 89' lang='lat' dir='ltr'><strong>scholiis</strong></span> <span class='ocrx_word' id='word_1_290' title='bbox 3432 1194 3684 1246; x_wconf 62' lang='lat' dir='ltr'><strong>Andre:</strong></span> 
     </span>
    </p>
   </div>
   <div class='ocr_carea' id='block_1_42' title="bbox 2076 1281 3686 1354">
    <p class='ocr_par' dir='ltr' id='par_1_42' title="bbox 2076 1281 3686 1354">
     <span class='ocr_line' id='line_1_42' title="bbox 2076 1281 3686 1354; baseline 0.001 -22"><span class='ocrx_word' id='word_1_291' title='bbox 2076 1281 2376 1349; x_wconf 88' lang='lat' dir='ltr'><strong>cujusdam,</strong></span> <span class='ocrx_word' id='word_1_292' title='bbox 2414 1285 2866 1351; x_wconf 85' lang='lat' dir='ltr'><strong>quemadmodum</strong></span> <span class='ocrx_word' id='word_1_293' title='bbox 2911 1285 3090 1354; x_wconf 79' lang='lat' dir='ltr'><strong>legere</strong></span> <span class='ocrx_word' id='word_1_294' title='bbox 3133 1296 3215 1339; x_wconf 93' lang='lat' dir='ltr'><strong>est</strong></span> <span class='ocrx_word' id='word_1_295' title='bbox 3260 1296 3391 1353; x_wconf 79' lang='lat' dir='ltr'><strong>post</strong></span> <span class='ocrx_word' id='word_1_296' title='bbox 3464 1286 3686 1354; x_wconf 80' lang='lat' dir='ltr'><strong>aliquot</strong></span> 
     </span>
    </p>
   </div>
   <div class='ocr_carea' id='block_1_43' title="bbox 2076 1370 3684 1443">
    <p class='ocr_par' dir='ltr' id='par_1_43' title="bbox 2076 1370 3684 1443">
     <span class='ocr_line' id='line_1_43' title="bbox 2076 1370 3684 1443; baseline 0.004 -19"><span class='ocrx_word' id='word_1_297' title='bbox 2076 1370 2312 1441; x_wconf 86' lang='lat' dir='ltr'><strong>Dionysii</strong></span> <span class='ocrx_word' id='word_1_298' title='bbox 2362 1375 2522 1427; x_wconf 90' lang='lat' dir='ltr'><strong>verba</strong></span> <span class='ocrx_word' id='word_1_299' title='bbox 2569 1375 2622 1428; x_wconf 91' lang='lat' dir='ltr'><strong>in</strong></span> <span class='ocrx_word' id='word_1_300' title='bbox 2675 1377 2899 1443; x_wconf 66' lang='lat' dir='ltr'><strong>caput!</strong></span> <span class='ocrx_word' id='word_1_301' title='bbox 2958 1375 3033 1430; x_wconf 90' lang='lat' dir='ltr'><strong>De</strong></span> <span class='ocrx_word' id='word_1_302' title='bbox 3072 1378 3265 1431; x_wconf 84' lang='lat' dir='ltr'><strong>divinis</strong></span> <span class='ocrx_word' id='word_1_303' title='bbox 3319 1379 3684 1438; x_wconf 75' lang='lat' dir='ltr'><strong>nominibus.</strong></span> 
     </span>
    </p>
   </div>
   <div class='ocr_carea' id='block_1_44' title="bbox 2077 1460 3683 1538">
    <p class='ocr_par' dir='ltr' id='par_1_44' title="bbox 2077 1460 3683 1538">
     <span class='ocr_line' id='line_1_44' title="bbox 2077 1460 3683 1538; baseline 0.006 -25"><span class='ocrx_word' id='word_1_304' title='bbox 2077 1460 2172 1519; x_wconf 87' lang='lat' dir='ltr'><strong>fol.</strong></span> <span class='ocrx_word' id='word_1_305' title='bbox 2224 1464 2275 1517; x_wconf 87' lang='lat'><strong>6.</strong></span> <span class='ocrx_word' id='word_1_306' title='bbox 2341 1464 2589 1538; x_wconf 82' lang='grc' dir='ltr'>Ἀνδρέου</span> <span class='ocrx_word' id='word_1_307' title='bbox 2660 1467 2947 1538; x_wconf 77' lang='grc' dir='ltr'><strong>ἐξήγησις,</strong></span> <span class='ocrx_word' id='word_1_308' title='bbox 3002 1470 3273 1523; x_wconf 63' lang='lat' dir='ltr'><strong>(Andr-et:</strong></span> <span class='ocrx_word' id='word_1_309' title='bbox 3327 1472 3683 1523; x_wconf 67' lang='lat' dir='ltr'><strong>narratio.»</strong></span> 
     </span>
    </p>
   </div>
   <div class='ocr_carea' id='block_1_45' title="bbox 2078 1554 3685 1632">
    <p class='ocr_par' dir='ltr' id='par_1_45' title="bbox 2078 1554 3685 1632">
     <span class='ocr_line' id='line_1_45' title="bbox 2078 1554 3685 1632; baseline 0.004 -23"><span class='ocrx_word' id='word_1_310' title='bbox 2078 1554 2451 1624; x_wconf 89' lang='lat' dir='ltr'><strong>Subjiciuntur</strong></span> <span class='ocrx_word' id='word_1_311' title='bbox 2494 1574 2709 1628; x_wconf 88' lang='lat' dir='ltr'><strong>semper</strong></span> <span class='ocrx_word' id='word_1_312' title='bbox 2732 1561 2927 1615; x_wconf 90' lang='lat' dir='ltr'><strong>deinde</strong></span> <span class='ocrx_word' id='word_1_313' title='bbox 2960 1562 3130 1616; x_wconf 76' lang='lat' dir='ltr'><strong>textui</strong></span> <span class='ocrx_word' id='word_1_314' title='bbox 3162 1561 3415 1632; x_wconf 78' lang='lat' dir='ltr'><strong>Dionysii</strong></span> <span class='ocrx_word' id='word_1_315' title='bbox 3459 1562 3685 1617; x_wconf 79' lang='lat' dir='ltr'><strong>scholia</strong></span> 
     </span>
    </p>
   </div>
   <div class='ocr_carea' id='block_1_46' title="bbox 2077 1650 3687 1726">
    <p class='ocr_par' dir='ltr' id='par_1_46' title="bbox 2077 1650 3687 1726">
     <span class='ocr_line' id='line_1_46' title="bbox 2077 1650 3687 1726; baseline 0.005 -25"><span class='ocrx_word' id='word_1_316' title='bbox 2077 1650 2241 1704; x_wconf 92' lang='lat' dir='ltr'><strong>rubro</strong></span> <span class='ocrx_word' id='word_1_317' title='bbox 2284 1652 2469 1706; x_wconf 68' lang='lat' dir='ltr'><strong>colore</strong></span> <span class='ocrx_word' id='word_1_318' title='bbox 2498 1652 2790 1719; x_wconf 91' lang='lat' dir='ltr'><strong>descripta,</strong></span> <span class='ocrx_word' id='word_1_319' title='bbox 2838 1662 2897 1706; x_wconf 93' lang='lat' dir='ltr'><strong>ut</strong></span> <span class='ocrx_word' id='word_1_320' title='bbox 2936 1654 3023 1708; x_wconf 80' lang='lat' dir='ltr'><strong>vix</strong></span> <span class='ocrx_word' id='word_1_321' title='bbox 3072 1655 3173 1725; x_wconf 83' lang='lat' dir='ltr'><strong>legi</strong></span> <span class='ocrx_word' id='word_1_322' title='bbox 3204 1657 3462 1726; x_wconf 87' lang='lat' dir='ltr'><strong>possint.</strong></span> <span class='ocrx_word' id='word_1_323' title='bbox 3507 1654 3687 1710; x_wconf 87' lang='lat' dir='ltr'><strong>Scho-</strong></span> 
     </span>
    </p>
   </div>
   <div class='ocr_carea' id='block_1_47' title="bbox 2006 1738 3682 1819">
    <p class='ocr_par' dir='ltr' id='par_1_47' title="bbox 2006 1738 3682 1819">
     <span class='ocr_line' id='line_1_47' title="bbox 2006 1738 3682 1819; baseline 0.008 -29"><span class='ocrx_word' id='word_1_324' title='bbox 2006 1758 2051 1817; x_wconf 77' lang='lat' dir='ltr'><strong>B</strong></span> <span class='ocrx_word' id='word_1_325' title='bbox 2080 1738 2147 1792; x_wconf 92' lang='lat' dir='ltr'><strong>lia</strong></span> <span class='ocrx_word' id='word_1_326' title='bbox 2182 1740 2294 1795; x_wconf 62' lang='lat' dir='ltr'><strong>haec</strong></span> <span class='ocrx_word' id='word_1_327' title='bbox 2326 1750 2500 1796; x_wconf 85' lang='lat' dir='ltr'><strong>tamen</strong></span> <span class='ocrx_word' id='word_1_328' title='bbox 2531 1742 2905 1811; x_wconf 63' lang='lat' dir='ltr'><strong>(Bibliotheca:</strong></span> <span class='ocrx_word' id='word_1_329' title='bbox 2951 1746 3188 1803; x_wconf 90' lang='lat' dir='ltr'><strong>editores</strong></span> <span class='ocrx_word' id='word_1_330' title='bbox 3235 1748 3584 1819; x_wconf 86' lang='lat' dir='ltr'><strong>inquiunt),</strong></span> <span class='ocrx_word' id='word_1_331' title='bbox 3632 1756 3682 1798; x_wconf 74' lang='lat' dir='ltr'><strong>ut</strong></span> 
     </span>
    </p>
   </div>
   <div class='ocr_carea' id='block_1_48' title="bbox 2081 1831 3686 1910">
    <p class='ocr_par' dir='ltr' id='par_1_48' title="bbox 2081 1831 3686 1910">
     <span class='ocr_line' id='line_1_48' title="bbox 2081 1831 3686 1910; baseline 0.004 -26"><span class='ocrx_word' id='word_1_332' title='bbox 2081 1831 2376 1887; x_wconf 90' lang='lat' dir='ltr'><strong>observare</strong></span> <span class='ocrx_word' id='word_1_333' title='bbox 2400 1836 2632 1904; x_wconf 87' lang='lat' dir='ltr'><strong>contigit</strong></span> <span class='ocrx_word' id='word_1_334' title='bbox 2658 1853 2725 1891; x_wconf 83' lang='lat' dir='ltr'><strong>ex</strong></span> <span class='ocrx_word' id='word_1_335' title='bbox 2755 1839 3185 1910; x_wconf 88' lang='lat' dir='ltr'><strong>comparatione,</strong></span> <span class='ocrx_word' id='word_1_336' title='bbox 3211 1839 3408 1893; x_wconf 87' lang='lat' dir='ltr'><strong>eadem</strong></span> <span class='ocrx_word' id='word_1_337' title='bbox 3443 1839 3686 1891; x_wconf 81' lang='lat' dir='ltr'><strong>omnino</strong></span> 
     </span>
    </p>
   </div>
   <div class='ocr_carea' id='block_1_49' title="bbox 2081 1924 3675 2002">
    <p class='ocr_par' dir='ltr' id='par_1_49' title="bbox 2081 1924 3675 2002">
     <span class='ocr_line' id='line_1_49' title="bbox 2081 1924 3675 2002; baseline 0.001 -26"><span class='ocrx_word' id='word_1_338' title='bbox 2081 1931 2203 1976; x_wconf 89' lang='lat' dir='ltr'><strong>sunt</strong></span> <span class='ocrx_word' id='word_1_339' title='bbox 2236 1934 2400 1993; x_wconf 90' lang='lat' dir='ltr'><strong>atque</strong></span> <span class='ocrx_word' id='word_1_340' title='bbox 2430 1924 2637 1983; x_wconf 84' lang='lat' dir='ltr'><strong>scholia</strong></span> <span class='ocrx_word' id='word_1_341' title='bbox 2672 1928 2860 1985; x_wconf 87' lang='lat' dir='ltr'><strong>Sancti</strong></span> <span class='ocrx_word' id='word_1_342' title='bbox 2920 1930 3136 1985; x_wconf 78' lang='lat' dir='ltr'><strong>Maximi</strong></span> <span class='ocrx_word' id='word_1_343' title='bbox 3173 1930 3313 2002; x_wconf 92' lang='lat' dir='ltr'><strong>typis</strong></span> <span class='ocrx_word' id='word_1_344' title='bbox 3344 1930 3626 2000; x_wconf 78' lang='lat' dir='ltr'><strong>vulgata.</strong></span> <span class='ocrx_word' id='word_1_345' title='bbox 3660 1947 3675 1978; x_wconf 75' lang='grc' dir='ltr'>ι</span> 
     </span>
    </p>
   </div>
   <div class='ocr_carea' id='block_1_50' title="bbox 2080 2013 3682 2086">
    <p class='ocr_par' dir='ltr' id='par_1_50' title="bbox 2080 2013 3682 2086">
     <span class='ocr_line' id='line_1_50' title="bbox 2080 2013 3682 2086; baseline 0.004 -19"><span class='ocrx_word' id='word_1_346' title='bbox 2080 2014 2280 2081; x_wconf 87' lang='lat' dir='ltr'><strong>Quidni</strong></span> <span class='ocrx_word' id='word_1_347' title='bbox 2313 2013 2592 2085; x_wconf 90' lang='lat' dir='ltr'><strong>quidpiam</strong></span> <span class='ocrx_word' id='word_1_348' title='bbox 2622 2019 2802 2075; x_wconf 92' lang='lat' dir='ltr'><strong>simile</strong></span> <span class='ocrx_word' id='word_1_349' title='bbox 2826 2061 2841 2086; x_wconf 95' lang='lat'><strong>,</strong></span> <span class='ocrx_word' id='word_1_350' title='bbox 2889 2021 3025 2076; x_wconf 86' lang='lat' dir='ltr'><strong>falsa</strong></span> <span class='ocrx_word' id='word_1_351' title='bbox 3076 2022 3518 2076; x_wconf 85' lang='lat' dir='ltr'><strong>nomenclatura</strong></span> <span class='ocrx_word' id='word_1_352' title='bbox 3546 2020 3682 2075; x_wconf 84' lang='lat' dir='ltr'><strong>Ger-</strong></span> 
     </span>
    </p>
   </div>
   <div class='ocr_carea' id='block_1_51' title="bbox 2083 2106 3678 2178">
    <p class='ocr_par' dir='ltr' id='par_1_51' title="bbox 2083 2106 3678 2178">
     <span class='ocr_line' id='line_1_51' title="bbox 2083 2106 3678 2178; baseline 0.004 -18"><span class='ocrx_word' id='word_1_353' title='bbox 2083 2106 2229 2160; x_wconf 90' lang='lat' dir='ltr'><strong>mani</strong></span> <span class='ocrx_word' id='word_1_354' title='bbox 2260 2108 2586 2176; x_wconf 68' lang='lat' dir='ltr'><strong>patriarchae</strong></span> <span class='ocrx_word' id='word_1_355' title='bbox 2615 2111 2853 2178; x_wconf 88' lang='lat' dir='ltr'><strong>invecta,</strong></span> <span class='ocrx_word' id='word_1_356' title='bbox 2887 2113 3157 2172; x_wconf 83' lang='lat' dir='ltr'><strong>acciderit</strong></span> <span class='ocrx_word' id='word_1_357' title='bbox 3181 2117 3233 2169; x_wconf 88' lang='lat' dir='ltr'><strong>tu</strong></span> <span class='ocrx_word' id='word_1_358' title='bbox 3268 2114 3503 2170; x_wconf 80' lang='lat' dir='ltr'><strong>Veneto</strong></span> <span class='ocrx_word' id='word_1_359' title='bbox 3531 2114 3678 2168; x_wconf 75' lang='lat' dir='ltr'><strong>Mar-</strong></span> 
     </span>
    </p>
   </div>
   <div class='ocr_carea' id='block_1_52' title="bbox 2082 2198 2485 2255">
    <p class='ocr_par' dir='ltr' id='par_1_52' title="bbox 2082 2198 2485 2255">
     <span class='ocr_line' id='line_1_52' title="bbox 2082 2198 2485 2255; baseline 0.005 -2"><span class='ocrx_word' id='word_1_360' title='bbox 2082 2198 2240 2254; x_wconf 90' lang='lat' dir='ltr'><strong>ciano</strong></span> <span class='ocrx_word' id='word_1_361' title='bbox 2263 2200 2485 2255; x_wconf 78' lang='lat' dir='ltr'><strong>codice?</strong></span> 
     </span>
    </p>
   </div>
   <div class='ocr_carea' id='block_1_53' title="bbox 2154 2290 3677 2369">
    <p class='ocr_par' dir='ltr' id='par_1_53' title="bbox 2154 2290 3677 2369">
     <span class='ocr_line' id='line_1_53' title="bbox 2154 2290 3677 2369; baseline 0.003 -24"><span class='ocrx_word' id='word_1_362' title='bbox 2154 2290 2583 2349; x_wconf 89' lang='lat' dir='ltr'><strong>Commentarios</strong></span> <span class='ocrx_word' id='word_1_363' title='bbox 2619 2295 2674 2349; x_wconf 93' lang='lat' dir='ltr'><strong>in</strong></span> <span class='ocrx_word' id='word_1_364' title='bbox 2724 2295 3040 2368; x_wconf 87' lang='lat' dir='ltr'><strong>Dionysium</strong></span> <span class='ocrx_word' id='word_1_365' title='bbox 3078 2298 3484 2369; x_wconf 87' lang='lat' dir='ltr'><strong>Areopagitam</strong></span> <span class='ocrx_word' id='word_1_366' title='bbox 3540 2298 3677 2353; x_wconf 83' lang='lat' dir='ltr'><strong>scri-</strong></span> 
     </span>
    </p>
   </div>
   <div class='ocr_carea' id='block_1_54' title="bbox 2083 2382 3678 2460">
    <p class='ocr_par' dir='ltr' id='par_1_54' title="bbox 2083 2382 3678 2460">
     <span class='ocr_line' id='line_1_54' title="bbox 2083 2382 3678 2460; baseline 0.006 -26"><span class='ocrx_word' id='word_1_367' title='bbox 2083 2382 2261 2450; x_wconf 90' lang='lat' dir='ltr'><strong>psisse</strong></span> <span class='ocrx_word' id='word_1_368' title='bbox 2288 2382 2471 2453; x_wconf 89' lang='lat' dir='ltr'><strong>lingua</strong></span> <span class='ocrx_word' id='word_1_369' title='bbox 2500 2385 2729 2455; x_wconf 88' lang='lat' dir='ltr'><strong>Syriaca</strong></span> <span class='ocrx_word' id='word_1_370' title='bbox 2757 2387 2932 2442; x_wconf 87' lang='lat' dir='ltr'><strong>fertur</strong></span> <span class='ocrx_word' id='word_1_371' title='bbox 2954 2388 3191 2444; x_wconf 89' lang='lat' dir='ltr'><strong>Joannes</strong></span> <span class='ocrx_word' id='word_1_372' title='bbox 3224 2392 3379 2444; x_wconf 69' lang='lat' dir='ltr'><strong>Darte</strong></span> <span class='ocrx_word' id='word_1_373' title='bbox 3411 2392 3478 2444; x_wconf 91' lang='lat' dir='ltr'><strong>in</strong></span> <span class='ocrx_word' id='word_1_374' title='bbox 3516 2391 3678 2460; x_wconf 79' lang='lat' dir='ltr'><strong>Syria</strong></span> 
     </span>
    </p>
   </div>
   <div class='ocr_carea' id='block_1_55' title="bbox 2086 2471 3672 2549">
    <p class='ocr_par' dir='ltr' id='par_1_55' title="bbox 2086 2471 3672 2549">
     <span class='ocr_line' id='line_1_55' title="bbox 2086 2471 3672 2549; baseline 0.006 -24"><span class='ocrx_word' id='word_1_375' title='bbox 2086 2471 2395 2541; x_wconf 89' lang='lat' dir='ltr'><strong>episc0pus.</strong></span> <span class='ocrx_word' id='word_1_376' title='bbox 2432 2474 2505 2530; x_wconf 92' lang='lat' dir='ltr'><strong>De</strong></span> <span class='ocrx_word' id='word_1_377' title='bbox 2534 2478 2632 2530; x_wconf 91' lang='lat' dir='ltr'><strong>viri</strong></span> <span class='ocrx_word' id='word_1_378' title='bbox 2676 2489 2855 2541; x_wconf 79' lang='lat' dir='ltr'><strong>aetate,</strong></span> <span class='ocrx_word' id='word_1_379' title='bbox 2888 2481 3062 2549; x_wconf 86' lang='lat' dir='ltr'><strong>deque</strong></span> <span class='ocrx_word' id='word_1_380' title='bbox 3104 2484 3235 2537; x_wconf 88' lang='lat' dir='ltr'><strong>urbe</strong></span> <span class='ocrx_word' id='word_1_381' title='bbox 3265 2482 3425 2548; x_wconf 90' lang='lat' dir='ltr'><strong>cujus</strong></span> <span class='ocrx_word' id='word_1_382' title='bbox 3465 2483 3672 2537; x_wconf 78' lang='lat' dir='ltr'><strong>infulas</strong></span> 
     </span>
    </p>
   </div>
   <div class='ocr_carea' id='block_1_56' title="bbox 2085 2564 3670 2635">
    <p class='ocr_par' dir='ltr' id='par_1_56' title="bbox 2085 2564 3670 2635">
     <span class='ocr_line' id='line_1_56' title="bbox 2085 2564 3670 2635; baseline 0.006 -20"><span class='ocrx_word' id='word_1_383' title='bbox 2085 2564 2417 2633; x_wconf 80' lang='lat' dir='ltr'><strong>episcopales</strong></span> <span class='ocrx_word' id='word_1_384' title='bbox 2465 2570 2757 2635; x_wconf 79' lang='lat' dir='ltr'><strong>gestaverit</strong></span> <span class='ocrx_word' id='word_1_385' title='bbox 2811 2572 2931 2635; x_wconf 88' lang='lat' dir='ltr'><strong>ille,</strong></span> <span class='ocrx_word' id='word_1_386' title='bbox 3013 2574 3277 2628; x_wconf 83' lang='lat' dir='ltr'><strong>dissident</strong></span> <span class='ocrx_word' id='word_1_387' title='bbox 3324 2578 3433 2629; x_wconf 89' lang='lat' dir='ltr'><strong>viri</strong></span> <span class='ocrx_word' id='word_1_388' title='bbox 3499 2576 3670 2630; x_wconf 84' lang='lat' dir='ltr'><strong>docti.</strong></span> 
     </span>
    </p>
   </div>
   <div class='ocr_carea' id='block_1_57' title="bbox 2088 2653 3671 2727">
    <p class='ocr_par' dir='ltr' id='par_1_57' title="bbox 2088 2653 3671 2727">
     <span class='ocr_line' id='line_1_57' title="bbox 2088 2653 3671 2727; baseline 0.005 -16"><span class='ocrx_word' id='word_1_389' title='bbox 2088 2653 2370 2711; x_wconf 90' lang='lat' dir='ltr'><strong>Uberrime</strong></span> <span class='ocrx_word' id='word_1_390' title='bbox 2424 2669 2852 2727; x_wconf 87' lang='lat' dir='ltr'><strong>pertractantem</strong></span> <span class='ocrx_word' id='word_1_391' title='bbox 2912 2665 3003 2719; x_wconf 82' lang='lat' dir='ltr'><strong>adi</strong></span> <span class='ocrx_word' id='word_1_392' title='bbox 3060 2664 3323 2721; x_wconf 82' lang='lat' dir='ltr'><strong>Joannem</strong></span> <span class='ocrx_word' id='word_1_393' title='bbox 3382 2667 3671 2722; x_wconf 82' lang='lat' dir='ltr'><strong>Morinum</strong></span> 
     </span>
    </p>
   </div>
   <div class='ocr_carea' id='block_1_58' title="bbox 2086 2745 3671 2826">
    <p class='ocr_par' dir='ltr' id='par_1_58' title="bbox 2086 2745 3671 2826">
     <span class='ocr_line' id='line_1_58' title="bbox 2086 2745 3671 2826; baseline 0.006 -26"><span class='ocrx_word' id='word_1_394' title='bbox 2086 2745 2164 2801; x_wconf 88' lang='lat' dir='ltr'><strong>De</strong></span> <span class='ocrx_word' id='word_1_395' title='bbox 2184 2749 2351 2802; x_wconf 81' lang='lat' dir='ltr'><strong>sacris</strong></span> <span class='ocrx_word' id='word_1_396' title='bbox 2376 2751 2820 2817; x_wconf 77' lang='lat' dir='ltr'><strong>ordinationibus,</strong></span> <span class='ocrx_word' id='word_1_397' title='bbox 2875 2769 2905 2808; x_wconf 92' lang='lat' dir='ltr'><strong>a</strong></span> <span class='ocrx_word' id='word_1_398' title='bbox 2936 2771 3060 2826; x_wconf 89' lang='lat' dir='ltr'><strong>pag.</strong></span> <span class='ocrx_word' id='word_1_399' title='bbox 3090 2757 3214 2824; x_wconf 75' lang='grc'><strong>423,</strong></span> <span class='ocrx_word' id='word_1_400' title='bbox 3245 2773 3313 2814; x_wconf 89' lang='lat' dir='ltr'><strong>ac</strong></span> <span class='ocrx_word' id='word_1_401' title='bbox 3340 2760 3525 2814; x_wconf 87' lang='lat' dir='ltr'><strong>etiam</strong></span> <span class='ocrx_word' id='word_1_402' title='bbox 3561 2759 3671 2826; x_wconf 69' lang='lat' dir='ltr'><strong>lege</strong></span> 
     </span>
    </p>
   </div>
   <div class='ocr_carea' id='block_1_59' title="bbox 2088 2839 3667 2918">
    <p class='ocr_par' dir='ltr' id='par_1_59' title="bbox 2088 2839 3667 2918">
     <span class='ocr_line' id='line_1_59' title="bbox 2088 2839 3667 2918; baseline 0.009 -26"><span class='ocrx_word' id='word_1_403' title='bbox 2088 2839 2556 2909; x_wconf 88' lang='lat' dir='ltr'><strong>Dissertationem,</strong></span> <span class='ocrx_word' id='word_1_404' title='bbox 2581 2858 2744 2912; x_wconf 91' lang='lat' dir='ltr'><strong>quam</strong></span> <span class='ocrx_word' id='word_1_405' title='bbox 2776 2842 2981 2901; x_wconf 88' lang='lat' dir='ltr'><strong>Gallice</strong></span> <span class='ocrx_word' id='word_1_406' title='bbox 3020 2848 3335 2918; x_wconf 86' lang='lat' dir='ltr'><strong>inscriptam</strong></span> <span class='ocrx_word' id='word_1_407' title='bbox 3391 2852 3667 2907; x_wconf 81' lang='lat' dir='ltr'><strong>diximus.</strong></span> 
     </span>
    </p>
   </div>
   <div class='ocr_carea' id='block_1_60' title="bbox 2087 2925 3670 3011">
    <p class='ocr_par' dir='ltr' id='par_1_60' title="bbox 2087 2925 3670 3011">
     <span class='ocr_line' id='line_1_60' title="bbox 2087 2925 3670 3011; baseline 0.007 -32"><span class='ocrx_word' id='word_1_408' title='bbox 2087 2925 2397 2996; x_wconf 38' lang='lat' dir='ltr'><strong>Problemel,</strong></span> <span class='ocrx_word' id='word_1_409' title='bbox 2444 2939 2549 2985; x_wconf 91' lang='lat' dir='ltr'><strong>etc.</strong></span> <span class='ocrx_word' id='word_1_410' title='bbox 2606 2930 2701 2986; x_wconf 85' lang='lat' dir='ltr'><strong>His</strong></span> <span class='ocrx_word' id='word_1_411' title='bbox 2731 2934 2868 2989; x_wconf 88' lang='lat' dir='ltr'><strong>addo</strong></span> <span class='ocrx_word' id='word_1_412' title='bbox 2922 2936 3309 3004; x_wconf 85' lang='lat' dir='ltr'><strong>peritissimum</strong></span> <span class='ocrx_word' id='word_1_413' title='bbox 3355 2938 3670 3011; x_wconf 87' lang='lat' dir='ltr'><strong>Josephum</strong></span> 
     </span>
    </p>
   </div>
   <div class='ocr_carea' id='block_1_61' title="bbox 2091 3015 3665 3093">
    <p class='ocr_par' dir='ltr' id='par_1_61' title="bbox 2091 3015 3665 3093">
     <span class='ocr_line' id='line_1_61' title="bbox 2091 3015 3665 3093; baseline 0.006 -22"><span class='ocrx_word' id='word_1_414' title='bbox 2091 3015 2396 3072; x_wconf 90' lang='lat' dir='ltr'><strong>Simonium</strong></span> <span class='ocrx_word' id='word_1_415' title='bbox 2445 3020 2801 3077; x_wconf 87' lang='lat' dir='ltr'><strong>Assemanum</strong></span> <span class='ocrx_word' id='word_1_416' title='bbox 2856 3023 2908 3079; x_wconf 85' lang='lat' dir='ltr'><strong>in</strong></span> <span class='ocrx_word' id='word_1_417' title='bbox 2968 3026 3291 3082; x_wconf 78' lang='lat' dir='ltr'><strong>Bibliotheca</strong></span> <span class='ocrx_word' id='word_1_418' title='bbox 3356 3030 3665 3093; x_wconf 72' lang='lat' dir='ltr'><strong>Orientati,</strong></span> 
     </span>
    </p>
   </div>
   <div class='ocr_carea' id='block_1_62' title="bbox 418 3097 3669 3187">
    <p class='ocr_par' dir='ltr' id='par_1_62' title="bbox 418 3097 3669 3187">
     <span class='ocr_line' id='line_1_62' title="bbox 418 3097 3669 3187; baseline -0.001 -11"><span class='ocrx_word' id='word_1_419' title='bbox 418 3136 636 3177; x_wconf 84' lang='lat' dir='ltr'><strong>omnem</strong></span> <span class='ocrx_word' id='word_1_420' title='bbox 692 3136 799 3175; x_wconf 92' lang='lat' dir='ltr'><strong>non</strong></span> <span class='ocrx_word' id='word_1_421' title='bbox 848 3126 1094 3187; x_wconf 88' lang='lat' dir='ltr'><strong>possunt,</strong></span> <span class='ocrx_word' id='word_1_422' title='bbox 1148 3118 1251 3171; x_wconf 89' lang='lat' dir='ltr'><strong>nisi</strong></span> <span class='ocrx_word' id='word_1_423' title='bbox 1304 3116 1502 3170; x_wconf 85' lang='lat' dir='ltr'><strong>vetusti</strong></span> <span class='ocrx_word' id='word_1_424' title='bbox 1561 3114 1775 3168; x_wconf 89' lang='lat' dir='ltr'><strong>codices</strong></span> <span class='ocrx_word' id='word_1_425' title='bbox 1834 3097 2057 3168; x_wconf 61' lang='lat' dir='ltr'><strong>homno</strong></span> <span class='ocrx_word' id='word_1_426' title='bbox 2093 3113 2238 3160; x_wconf 81' lang='lat' dir='ltr'><strong>lomo</strong></span> <span class='ocrx_word' id='word_1_427' title='bbox 2270 3106 2339 3173; x_wconf 87' lang='lat' dir='ltr'><strong>ll,</strong></span> <span class='ocrx_word' id='word_1_428' title='bbox 2368 3109 2546 3175; x_wconf 84' lang='lat' dir='ltr'><strong>capite</strong></span> <span class='ocrx_word' id='word_1_429' title='bbox 2577 3109 2676 3176; x_wconf 82' lang='grc'><strong>18,</strong></span> <span class='ocrx_word' id='word_1_430' title='bbox 2726 3113 2814 3168; x_wconf 91' lang='lat' dir='ltr'><strong>ubi</strong></span> <span class='ocrx_word' id='word_1_431' title='bbox 2861 3115 3122 3171; x_wconf 83' lang='lat' dir='ltr'><strong>Joannem</strong></span> <span class='ocrx_word' id='word_1_432' title='bbox 3174 3118 3325 3172; x_wconf 74' lang='lat' dir='ltr'><strong>Darze</strong></span> <span class='ocrx_word' id='word_1_433' title='bbox 3367 3136 3485 3174; x_wconf 88' lang='lat' dir='ltr'><strong>non</strong></span> <span class='ocrx_word' id='word_1_434' title='bbox 3548 3132 3669 3175; x_wconf 83' lang='lat' dir='ltr'><strong>ante</strong></span> 
     </span>
    </p>
   </div>
   <div class='ocr_carea' id='block_1_63' title="bbox 423 3204 1987 3277">
    <p class='ocr_par' dir='ltr' id='par_1_63' title="bbox 423 3204 1987 3277">
     <span class='ocr_line' id='line_1_63' title="bbox 423 3204 1987 3277; baseline -0.004 -12"><span class='ocrx_word' id='word_1_435' title='bbox 423 3222 587 3275; x_wconf 48' lang='lat' dir='ltr'><strong>nota),</strong></span> <span class='ocrx_word' id='word_1_436' title='bbox 621 3211 672 3263; x_wconf 92' lang='lat' dir='ltr'><strong>in</strong></span> <span class='ocrx_word' id='word_1_437' title='bbox 706 3210 904 3277; x_wconf 83' lang='lat' dir='ltr'><strong>quibus</strong></span> <span class='ocrx_word' id='word_1_438' title='bbox 953 3208 1172 3262; x_wconf 78' lang='lat' dir='ltr'><strong>Maximi</strong></span> <span class='ocrx_word' id='word_1_439' title='bbox 1209 3206 1416 3260; x_wconf 87' lang='lat' dir='ltr'><strong>scholia</strong></span> <span class='ocrx_word' id='word_1_440' title='bbox 1450 3222 1477 3258; x_wconf 90' lang='lat' dir='ltr'><strong>a</strong></span> <span class='ocrx_word' id='word_1_441' title='bbox 1511 3205 1735 3260; x_wconf 91' lang='lat' dir='ltr'><strong>scholiis</strong></span> <span class='ocrx_word' id='word_1_442' title='bbox 1761 3204 1987 3259; x_wconf 87' lang='lat' dir='ltr'><strong>Joannis</strong></span> 
     </span>
    </p>
   </div>
   <div class='ocr_carea' id='block_1_64' title="bbox 426 3295 1810 3373">
    <p class='ocr_par' dir='ltr' id='par_1_64' title="bbox 426 3295 1810 3373">
     <span class='ocr_line' id='line_1_64' title="bbox 426 3295 1810 3373; baseline -0.004 -17"><span class='ocrx_word' id='word_1_443' title='bbox 426 3300 858 3373; x_wconf 87' lang='lat' dir='ltr'><strong>Scythopolitani</strong></span> <span class='ocrx_word' id='word_1_444' title='bbox 892 3307 1151 3352; x_wconf 90' lang='lat' dir='ltr'><strong>accurate</strong></span> <span class='ocrx_word' id='word_1_445' title='bbox 1179 3297 1412 3350; x_wconf 89' lang='lat' dir='ltr'><strong>discreta</strong></span> <span class='ocrx_word' id='word_1_446' title='bbox 1443 3295 1810 3351; x_wconf 89' lang='lat' dir='ltr'><strong>inveniantur.</strong></span> 
     </span>
    </p>
   </div>
   <div class='ocr_carea' id='block_1_65' title="bbox 496 3384 1990 3455">
    <p class='ocr_par' dir='ltr' id='par_1_65' title="bbox 496 3384 1990 3455">
     <span class='ocr_line' id='line_1_65' title="bbox 496 3384 1990 3455; baseline -0.002 -14"><span class='ocrx_word' id='word_1_447' title='bbox 496 3389 582 3444; x_wconf 87' lang='lat' dir='ltr'><strong>Ill.</strong></span> <span class='ocrx_word' id='word_1_448' title='bbox 625 3390 756 3455; x_wconf 85' lang='lat' dir='ltr'><strong>Quis</strong></span> <span class='ocrx_word' id='word_1_449' title='bbox 790 3389 876 3442; x_wconf 89' lang='lat' dir='ltr'><strong>ille</strong></span> <span class='ocrx_word' id='word_1_450' title='bbox 906 3388 1068 3439; x_wconf 86' lang='lat' dir='ltr'><strong>fuerit</strong></span> <span class='ocrx_word' id='word_1_451' title='bbox 1098 3388 1403 3441; x_wconf 83' lang='lat' dir='ltr'><strong>Germanus</strong></span> <span class='ocrx_word' id='word_1_452' title='bbox 1447 3384 1781 3455; x_wconf 85' lang='lat' dir='ltr'><strong>patriarcha,</strong></span> <span class='ocrx_word' id='word_1_453' title='bbox 1814 3385 1858 3439; x_wconf 88' lang='lat' dir='ltr'><strong>si</strong></span> <span class='ocrx_word' id='word_1_454' title='bbox 1890 3398 1990 3438; x_wconf 87' lang='lat' dir='ltr'><strong>sua</strong></span> 
     </span>
    </p>
   </div>
   <div class='ocr_carea' id='block_1_66' title="bbox 424 3476 1988 3549">
    <p class='ocr_par' dir='ltr' id='par_1_66' title="bbox 424 3476 1988 3549">
     <span class='ocr_line' id='line_1_66' title="bbox 424 3476 1988 3549; baseline -0.004 -14"><span class='ocrx_word' id='word_1_455' title='bbox 424 3491 480 3535; x_wconf 85' lang='lat' dir='ltr'><strong>et</strong></span> <span class='ocrx_word' id='word_1_456' title='bbox 510 3482 625 3549; x_wconf 86' lang='lat' dir='ltr'><strong>ipse</strong></span> <span class='ocrx_word' id='word_1_457' title='bbox 668 3480 884 3533; x_wconf 80' lang='lat' dir='ltr'><strong>Scholia</strong></span> <span class='ocrx_word' id='word_1_458' title='bbox 932 3478 1219 3546; x_wconf 88' lang='lat' dir='ltr'><strong>scripserit</strong></span> <span class='ocrx_word' id='word_1_459' title='bbox 1285 3478 1335 3531; x_wconf 92' lang='lat' dir='ltr'><strong>in</strong></span> <span class='ocrx_word' id='word_1_460' title='bbox 1374 3476 1547 3545; x_wconf 89' lang='lat' dir='ltr'><strong>Opera</strong></span> <span class='ocrx_word' id='word_1_461' title='bbox 1581 3476 1988 3547; x_wconf 84' lang='lat' dir='ltr'><strong>Areopagitica,</strong></span> 
     </span>
    </p>
   </div>
   <div class='ocr_carea' id='block_1_67' title="bbox 428 3567 1990 3639">
    <p class='ocr_par' dir='ltr' id='par_1_67' title="bbox 428 3567 1990 3639">
     <span class='ocr_line' id='line_1_67' title="bbox 428 3567 1990 3639; baseline -0.001 -15"><span class='ocrx_word' id='word_1_462' title='bbox 428 3572 809 3639; x_wconf 81' lang='lat' dir='ltr'><strong>inquirendum</strong></span> <span class='ocrx_word' id='word_1_463' title='bbox 834 3581 943 3625; x_wconf 88' lang='lat' dir='ltr'><strong>est.</strong></span> <span class='ocrx_word' id='word_1_464' title='bbox 972 3569 1166 3623; x_wconf 79' lang='lat' dir='ltr'><strong>Paucis</strong></span> <span class='ocrx_word' id='word_1_465' title='bbox 1192 3584 1280 3623; x_wconf 89' lang='lat' dir='ltr'><strong>res</strong></span> <span class='ocrx_word' id='word_1_466' title='bbox 1306 3578 1414 3621; x_wconf 84' lang='lat' dir='ltr'><strong>tota</strong></span> <span class='ocrx_word' id='word_1_467' title='bbox 1449 3569 1705 3639; x_wconf 76' lang='lat' dir='ltr'><strong>exigitur.</strong></span> <span class='ocrx_word' id='word_1_468' title='bbox 1736 3567 1990 3634; x_wconf 86' lang='lat' dir='ltr'><strong>Ejusdem</strong></span> 
     </span>
    </p>
   </div>
   <div class='ocr_carea' id='block_1_68' title="bbox 428 3658 1995 3727">
    <p class='ocr_par' dir='ltr' id='par_1_68' title="bbox 428 3658 1995 3727">
     <span class='ocr_line' id='line_1_68' title="bbox 428 3658 1995 3727; baseline -0.003 -13"><span class='ocrx_word' id='word_1_469' title='bbox 428 3661 666 3714; x_wconf 88' lang='lat' dir='ltr'><strong>nominis</strong></span> <span class='ocrx_word' id='word_1_470' title='bbox 712 3662 817 3713; x_wconf 90' lang='lat' dir='ltr'><strong>duo</strong></span> <span class='ocrx_word' id='word_1_471' title='bbox 843 3659 1099 3715; x_wconf 84' lang='lat' dir='ltr'><strong>Germani</strong></span> <span class='ocrx_word' id='word_1_472' title='bbox 1134 3669 1331 3727; x_wconf 71' lang='lat' dir='ltr'><strong>prtesto</strong></span> <span class='ocrx_word' id='word_1_473' title='bbox 1363 3668 1512 3721; x_wconf 88' lang='lat' dir='ltr'><strong>sunt,</strong></span> <span class='ocrx_word' id='word_1_474' title='bbox 1541 3660 1628 3727; x_wconf 90' lang='lat' dir='ltr'><strong>qui</strong></span> <span class='ocrx_word' id='word_1_475' title='bbox 1658 3658 1995 3727; x_wconf 86' lang='lat' dir='ltr'><strong>patriarcha-</strong></span> 
     </span>
    </p>
   </div>
   <div class='ocr_carea' id='block_1_69' title="bbox 426 3750 1986 3820">
    <p class='ocr_par' dir='ltr' id='par_1_69' title="bbox 426 3750 1986 3820">
     <span class='ocr_line' id='line_1_69' title="bbox 426 3750 1986 3820; baseline 0.001 -18"><span class='ocrx_word' id='word_1_476' title='bbox 426 3752 531 3804; x_wconf 89' lang='lat' dir='ltr'><strong>lem</strong></span> <span class='ocrx_word' id='word_1_477' title='bbox 590 3751 750 3820; x_wconf 72' lang='lat' dir='ltr'><strong>regia:</strong></span> <span class='ocrx_word' id='word_1_478' title='bbox 799 3752 948 3804; x_wconf 88' lang='lat' dir='ltr'><strong>urbis</strong></span> <span class='ocrx_word' id='word_1_479' title='bbox 1004 3750 1547 3818; x_wconf 84' lang='lat' dir='ltr'><strong>Constantinopoleos</strong></span> <span class='ocrx_word' id='word_1_480' title='bbox 1607 3751 1858 3803; x_wconf 90' lang='lat' dir='ltr'><strong>thronum</strong></span> <span class='ocrx_word' id='word_1_481' title='bbox 1911 3761 1986 3803; x_wconf 84' lang='lat' dir='ltr'><strong>te-</strong></span> 
     </span>
    </p>
   </div>
   <div class='ocr_carea' id='block_1_70' title="bbox 427 3841 1995 3912">
    <p class='ocr_par' dir='ltr' id='par_1_70' title="bbox 427 3841 1995 3912">
     <span class='ocr_line' id='line_1_70' title="bbox 427 3841 1995 3912; baseline -0.001 -17"><span class='ocrx_word' id='word_1_482' title='bbox 427 3857 630 3898; x_wconf 86' lang='lat' dir='ltr'><strong>nuere:</strong></span> <span class='ocrx_word' id='word_1_483' title='bbox 667 3843 828 3895; x_wconf 89' lang='lat' dir='ltr'><strong>ambo</strong></span> <span class='ocrx_word' id='word_1_484' title='bbox 856 3841 1031 3896; x_wconf 86' lang='lat' dir='ltr'><strong>sacris</strong></span> <span class='ocrx_word' id='word_1_485' title='bbox 1061 3841 1258 3894; x_wconf 86' lang='lat' dir='ltr'><strong>litteris</strong></span> <span class='ocrx_word' id='word_1_486' title='bbox 1300 3841 1466 3905; x_wconf 83' lang='lat' dir='ltr'><strong>clari,</strong></span> <span class='ocrx_word' id='word_1_487' title='bbox 1503 3850 1557 3896; x_wconf 91' lang='lat' dir='ltr'><strong>et</strong></span> <span class='ocrx_word' id='word_1_488' title='bbox 1589 3843 1818 3912; x_wconf 88' lang='lat' dir='ltr'><strong>plurium</strong></span> <span class='ocrx_word' id='word_1_489' title='bbox 1866 3856 1995 3907; x_wconf 86' lang='lat' dir='ltr'><strong>ope-</strong></span> 
     </span>
    </p>
   </div>
   <div class='ocr_carea' id='block_1_71' title="bbox 429 3932 1992 4004">
    <p class='ocr_par' dir='ltr' id='par_1_71' title="bbox 429 3932 1992 4004">
     <span class='ocr_line' id='line_1_71' title="bbox 429 3932 1992 4004; baseline -0.003 -16"><span class='ocrx_word' id='word_1_490' title='bbox 429 3951 547 3988; x_wconf 89' lang='lat' dir='ltr'><strong>rum</strong></span> <span class='ocrx_word' id='word_1_491' title='bbox 605 3936 924 4004; x_wconf 87' lang='lat' dir='ltr'><strong>scriptores.</strong></span> <span class='ocrx_word' id='word_1_492' title='bbox 982 3933 1198 3987; x_wconf 86' lang='lat' dir='ltr'><strong>Primus</strong></span> <span class='ocrx_word' id='word_1_493' title='bbox 1247 3933 1564 3987; x_wconf 86' lang='lat' dir='ltr'><strong>conscendit</strong></span> <span class='ocrx_word' id='word_1_494' title='bbox 1614 3933 1795 3986; x_wconf 87' lang='lat' dir='ltr'><strong>sedem</strong></span> <span class='ocrx_word' id='word_1_495' title='bbox 1848 3932 1992 3985; x_wconf 81' lang='lat' dir='ltr'><strong>illam</strong></span> 
     </span>
    </p>
   </div>
   <div class='ocr_carea' id='block_1_72' title="bbox 428 4024 1996 4095">
    <p class='ocr_par' dir='ltr' id='par_1_72' title="bbox 428 4024 1996 4095">
     <span class='ocr_line' id='line_1_72' title="bbox 428 4024 1996 4095; baseline -0.002 -12"><span class='ocrx_word' id='word_1_496' title='bbox 428 4045 572 4083; x_wconf 91' lang='lat' dir='ltr'><strong>anno</strong></span> <span class='ocrx_word' id='word_1_497' title='bbox 607 4028 742 4090; x_wconf 81' lang='lat' dir='ltr'><strong>7l5,</strong></span> <span class='ocrx_word' id='word_1_498' title='bbox 778 4042 1006 4095; x_wconf 79' lang='lat' dir='ltr'><strong>eamque</strong></span> <span class='ocrx_word' id='word_1_499' title='bbox 1031 4066 1046 4090; x_wconf 96' lang='lat'><strong>,</strong></span> <span class='ocrx_word' id='word_1_500' title='bbox 1079 4025 1342 4094; x_wconf 81' lang='lat' dir='ltr'><strong>dignitate</strong></span> <span class='ocrx_word' id='word_1_501' title='bbox 1368 4024 1615 4078; x_wconf 86' lang='lat' dir='ltr'><strong>abdicata</strong></span> <span class='ocrx_word' id='word_1_502' title='bbox 1643 4063 1658 4087; x_wconf 94' lang='lat'><strong>,</strong></span> <span class='ocrx_word' id='word_1_503' title='bbox 1715 4038 1853 4078; x_wconf 89' lang='lat' dir='ltr'><strong>anno</strong></span> <span class='ocrx_word' id='word_1_504' title='bbox 1894 4025 1996 4080; x_wconf 78' lang='lat'><strong>730</strong></span> 
     </span>
    </p>
   </div>
   <div class='ocr_carea' id='block_1_73' title="bbox 428 4114 1998 4170">
    <p class='ocr_par' dir='ltr' id='par_1_73' title="bbox 428 4114 1998 4170">
     <span class='ocr_line' id='line_1_73' title="bbox 428 4114 1998 4170; baseline -0.001 -1"><span class='ocrx_word' id='word_1_505' title='bbox 428 4118 651 4170; x_wconf 88' lang='lat' dir='ltr'><strong>dimisit.</strong></span> <span class='ocrx_word' id='word_1_506' title='bbox 706 4115 911 4170; x_wconf 88' lang='lat' dir='ltr'><strong>Infulas</strong></span> <span class='ocrx_word' id='word_1_507' title='bbox 967 4117 1183 4169; x_wconf 87' lang='lat' dir='ltr'><strong>easdem</strong></span> <span class='ocrx_word' id='word_1_508' title='bbox 1243 4115 1311 4168; x_wconf 88' lang='lat' dir='ltr'><strong>ab</strong></span> <span class='ocrx_word' id='word_1_509' title='bbox 1369 4130 1512 4168; x_wconf 89' lang='lat' dir='ltr'><strong>anno</strong></span> <span class='ocrx_word' id='word_1_510' title='bbox 1566 4114 1704 4167; x_wconf 71' lang='lat'><strong>1222</strong></span> <span class='ocrx_word' id='word_1_511' title='bbox 1774 4115 1840 4168; x_wconf 88' lang='lat' dir='ltr'><strong>ad</strong></span> <span class='ocrx_word' id='word_1_512' title='bbox 1900 4130 1998 4168; x_wconf 82' lang='lat' dir='ltr'><strong>an-</strong></span> 
     </span>
    </p>
   </div>
   <div class='ocr_carea' id='block_1_74' title="bbox 432 4203 1999 4274">
    <p class='ocr_par' dir='ltr' id='par_1_74' title="bbox 432 4203 1999 4274">
     <span class='ocr_line' id='line_1_74' title="bbox 432 4203 1999 4274; baseline -0.002 -15"><span class='ocrx_word' id='word_1_513' title='bbox 432 4222 562 4259; x_wconf 91' lang='lat' dir='ltr'><strong>num</strong></span> <span class='ocrx_word' id='word_1_514' title='bbox 602 4204 740 4259; x_wconf 72' lang='grc'>1240</span> <span class='ocrx_word' id='word_1_515' title='bbox 766 4207 994 4274; x_wconf 83' lang='lat' dir='ltr'><strong>gestavit</strong></span> <span class='ocrx_word' id='word_1_516' title='bbox 1028 4204 1184 4257; x_wconf 88' lang='lat' dir='ltr'><strong>alter.</strong></span> <span class='ocrx_word' id='word_1_517' title='bbox 1243 4204 1485 4257; x_wconf 85' lang='lat' dir='ltr'><strong>Tertium</strong></span> <span class='ocrx_word' id='word_1_518' title='bbox 1532 4218 1833 4257; x_wconf 87' lang='lat' dir='ltr'><strong>memorare</strong></span> <span class='ocrx_word' id='word_1_519' title='bbox 1863 4203 1999 4258; x_wconf 88' lang='lat' dir='ltr'><strong>Ger-</strong></span> 
     </span>
    </p>
   </div>
   <div class='ocr_carea' id='block_1_75' title="bbox 429 4294 1999 4363">
    <p class='ocr_par' dir='ltr' id='par_1_75' title="bbox 429 4294 1999 4363">
     <span class='ocr_line' id='line_1_75' title="bbox 429 4294 1999 4363; baseline -0.002 -12"><span class='ocrx_word' id='word_1_520' title='bbox 429 4312 649 4351; x_wconf 86' lang='lat' dir='ltr'><strong>manum</strong></span> <span class='ocrx_word' id='word_1_521' title='bbox 682 4307 970 4363; x_wconf 85' lang='lat' dir='ltr'><strong>praetereo,</strong></span> <span class='ocrx_word' id='word_1_522' title='bbox 998 4309 1161 4362; x_wconf 91' lang='lat' dir='ltr'><strong>quem</strong></span> <span class='ocrx_word' id='word_1_523' title='bbox 1191 4294 1510 4363; x_wconf 84' lang='lat' dir='ltr'><strong>dignitatem</strong></span> <span class='ocrx_word' id='word_1_524' title='bbox 1556 4294 1832 4363; x_wconf 82' lang='lat' dir='ltr'><strong>indeptum</strong></span> <span class='ocrx_word' id='word_1_525' title='bbox 1878 4310 1999 4350; x_wconf 89' lang='lat' dir='ltr'><strong>esse</strong></span> 
     </span>
    </p>
   </div>
   <div class='ocr_carea' id='block_1_76' title="bbox 429 4384 1997 4454">
    <p class='ocr_par' dir='ltr' id='par_1_76' title="bbox 429 4384 1997 4454">
     <span class='ocr_line' id='line_1_76' title="bbox 429 4384 1997 4454; baseline -0.003 -12"><span class='ocrx_word' id='word_1_526' title='bbox 429 4402 574 4442; x_wconf 88' lang='lat' dir='ltr'><strong>anno</strong></span> <span class='ocrx_word' id='word_1_527' title='bbox 630 4386 806 4448; x_wconf 69' lang='grc'>1264,</span> <span class='ocrx_word' id='word_1_528' title='bbox 884 4386 936 4438; x_wconf 90' lang='lat' dir='ltr'><strong>in</strong></span> <span class='ocrx_word' id='word_1_529' title='bbox 991 4386 1167 4454; x_wconf 86' lang='lat' dir='ltr'><strong>prima</strong></span> <span class='ocrx_word' id='word_1_530' title='bbox 1221 4384 1559 4438; x_wconf 89' lang='lat' dir='ltr'><strong>ostendimus</strong></span> <span class='ocrx_word' id='word_1_531' title='bbox 1619 4386 1997 4439; x_wconf 84' lang='lat' dir='ltr'><strong>dissertatione</strong></span> 
     </span>
    </p>
   </div>
   <div class='ocr_carea' id='block_1_77' title="bbox 432 4475 1998 4549">
    <p class='ocr_par' dir='ltr' id='par_1_77' title="bbox 432 4475 1998 4549">
     <span class='ocr_line' id='line_1_77' title="bbox 432 4475 1998 4549; baseline -0.001 -17"><span class='ocrx_word' id='word_1_532' title='bbox 432 4494 595 4549; x_wconf 88' lang='lat' dir='ltr'><strong>quam</strong></span> <span class='ocrx_word' id='word_1_533' title='bbox 643 4476 779 4531; x_wconf 74' lang='lat' dir='ltr'><strong>Vita:</strong></span> <span class='ocrx_word' id='word_1_534' title='bbox 821 4475 1065 4546; x_wconf 81' lang='lat' dir='ltr'><strong>Gregorii</strong></span> <span class='ocrx_word' id='word_1_535' title='bbox 1120 4475 1299 4545; x_wconf 79' lang='lat' dir='ltr'><strong>Cyprii</strong></span> <span class='ocrx_word' id='word_1_536' title='bbox 1346 4475 1696 4544; x_wconf 86' lang='lat' dir='ltr'><strong>subjecimus,</strong></span> <span class='ocrx_word' id='word_1_537' title='bbox 1745 4490 1809 4529; x_wconf 88' lang='lat' dir='ltr'><strong>ac</strong></span> <span class='ocrx_word' id='word_1_538' title='bbox 1856 4481 1998 4547; x_wconf 85' lang='lat' dir='ltr'><strong>typis</strong></span> 
     </span>
    </p>
   </div>
   <div class='ocr_carea' id='block_1_78' title="bbox 429 4570 1064 4628">
    <p class='ocr_par' dir='ltr' id='par_1_78' title="bbox 429 4570 1064 4628">
     <span class='ocr_line' id='line_1_78' title="bbox 429 4570 1064 4628; baseline -0.009 0"><span class='ocrx_word' id='word_1_539' title='bbox 429 4573 698 4628; x_wconf 85' lang='lat' dir='ltr'><strong>edidimus</strong></span> <span class='ocrx_word' id='word_1_540' title='bbox 727 4587 874 4625; x_wconf 88' lang='lat' dir='ltr'><strong>anno</strong></span> <span class='ocrx_word' id='word_1_541' title='bbox 907 4570 1064 4624; x_wconf 78' lang='lat' dir='ltr'><strong>I753.</strong></span> 
     </span>
    </p>
   </div>
   <div class='ocr_carea' id='block_1_79' title="bbox 506 4658 2003 4730">
    <p class='ocr_par' dir='ltr' id='par_1_79' title="bbox 506 4658 2003 4730">
     <span class='ocr_line' id='line_1_79' title="bbox 506 4658 2003 4730; baseline -0.002 -12"><span class='ocrx_word' id='word_1_542' title='bbox 506 4663 805 4730; x_wconf 88' lang='lat' dir='ltr'><strong>Utriusque</strong></span> <span class='ocrx_word' id='word_1_543' title='bbox 867 4660 1045 4728; x_wconf 90' lang='lat' dir='ltr'><strong>Opera</strong></span> <span class='ocrx_word' id='word_1_544' title='bbox 1124 4658 1457 4727; x_wconf 89' lang='lat' dir='ltr'><strong>diligentiori</strong></span> <span class='ocrx_word' id='word_1_545' title='bbox 1515 4675 1646 4714; x_wconf 89' lang='lat' dir='ltr'><strong>cura</strong></span> <span class='ocrx_word' id='word_1_546' title='bbox 1719 4669 2003 4715; x_wconf 88' lang='lat' dir='ltr'><strong>recensent</strong></span> 
     </span>
    </p>
   </div>
   <div class='ocr_carea' id='block_1_80' title="bbox 434 4750 2003 4824">
    <p class='ocr_par' dir='ltr' id='par_1_80' title="bbox 434 4750 2003 4824">
     <span class='ocr_line' id='line_1_80' title="bbox 434 4750 2003 4824; baseline -0.003 -16"><span class='ocrx_word' id='word_1_547' title='bbox 434 4753 795 4824; x_wconf 84' lang='lat' dir='ltr'><strong>hibliographi</strong></span> <span class='ocrx_word' id='word_1_548' title='bbox 852 4768 865 4805; x_wconf 92' lang='lat'><strong>:</strong></span> <span class='ocrx_word' id='word_1_549' title='bbox 917 4766 1093 4820; x_wconf 88' lang='lat' dir='ltr'><strong>neque</strong></span> <span class='ocrx_word' id='word_1_550' title='bbox 1145 4750 1252 4803; x_wconf 90' lang='lat' dir='ltr'><strong>ulla</strong></span> <span class='ocrx_word' id='word_1_551' title='bbox 1300 4750 1652 4816; x_wconf 90' lang='lat' dir='ltr'><strong>scholiorum,</strong></span> <span class='ocrx_word' id='word_1_552' title='bbox 1702 4751 1767 4805; x_wconf 90' lang='lat' dir='ltr'><strong>de</strong></span> <span class='ocrx_word' id='word_1_553' title='bbox 1807 4752 2003 4820; x_wconf 86' lang='lat' dir='ltr'><strong>quibus</strong></span> 
     </span>
    </p>
   </div>
   <div class='ocr_carea' id='block_1_81' title="bbox 435 4841 2001 4914">
    <p class='ocr_par' dir='ltr' id='par_1_81' title="bbox 435 4841 2001 4914">
     <span class='ocr_line' id='line_1_81' title="bbox 435 4841 2001 4914; baseline -0.001 -17"><span class='ocrx_word' id='word_1_554' title='bbox 435 4844 667 4914; x_wconf 85' lang='lat' dir='ltr'><strong>agimus,</strong></span> <span class='ocrx_word' id='word_1_555' title='bbox 718 4843 859 4913; x_wconf 89' lang='lat' dir='ltr'><strong>apud</strong></span> <span class='ocrx_word' id='word_1_556' title='bbox 909 4842 1055 4911; x_wconf 82' lang='lat' dir='ltr'><strong>ipsos</strong></span> <span class='ocrx_word' id='word_1_557' title='bbox 1106 4841 1330 4894; x_wconf 89' lang='lat' dir='ltr'><strong>mentio.</strong></span> <span class='ocrx_word' id='word_1_558' title='bbox 1378 4841 1542 4911; x_wconf 86' lang='lat' dir='ltr'><strong>Atqui</strong></span> <span class='ocrx_word' id='word_1_559' title='bbox 1595 4858 1728 4898; x_wconf 87' lang='lat' dir='ltr'><strong>vero</strong></span> <span class='ocrx_word' id='word_1_560' title='bbox 1760 4844 2001 4905; x_wconf 89' lang='lat' dir='ltr'><strong>scholia,</strong></span> 
     </span>
    </p>
   </div>
   <div class='ocr_carea' id='block_1_82' title="bbox 439 4934 2002 5005">
    <p class='ocr_par' dir='ltr' id='par_1_82' title="bbox 439 4934 2002 5005">
     <span class='ocr_line' id='line_1_82' title="bbox 439 4934 2002 5005; baseline -0.001 -16"><span class='ocrx_word' id='word_1_561' title='bbox 439 4946 703 5005; x_wconf 90' lang='lat' dir='ltr'><strong>quotquot</strong></span> <span class='ocrx_word' id='word_1_562' title='bbox 746 4936 797 4988; x_wconf 95' lang='lat' dir='ltr'><strong>in</strong></span> <span class='ocrx_word' id='word_1_563' title='bbox 845 4935 994 5003; x_wconf 90' lang='lat' dir='ltr'><strong>Opus</strong></span> <span class='ocrx_word' id='word_1_564' title='bbox 1040 4934 1476 5002; x_wconf 81' lang='lat' dir='ltr'><strong>Areopagiticum</strong></span> <span class='ocrx_word' id='word_1_565' title='bbox 1516 4938 1653 5005; x_wconf 85' lang='lat' dir='ltr'><strong>typis</strong></span> <span class='ocrx_word' id='word_1_566' title='bbox 1677 4936 1817 4991; x_wconf 90' lang='lat' dir='ltr'><strong>edita</strong></span> <span class='ocrx_word' id='word_1_567' title='bbox 1854 4945 2002 5001; x_wconf 92' lang='lat' dir='ltr'><strong>sunt,</strong></span> 
     </span>
    </p>
   </div>
   <div class='ocr_carea' id='block_1_83' title="bbox 442 5027 2005 5098">
    <p class='ocr_par' dir='ltr' id='par_1_83' title="bbox 442 5027 2005 5098">
     <span class='ocr_line' id='line_1_83' title="bbox 442 5027 2005 5098; baseline 0 -17"><span class='ocrx_word' id='word_1_568' title='bbox 442 5029 789 5098; x_wconf 89' lang='lat' dir='ltr'><strong>reperiuntur</strong></span> <span class='ocrx_word' id='word_1_569' title='bbox 828 5028 1010 5081; x_wconf 81' lang='lat' dir='ltr'><strong>omnia</strong></span> <span class='ocrx_word' id='word_1_570' title='bbox 1047 5028 1098 5080; x_wconf 89' lang='lat' dir='ltr'><strong>in</strong></span> <span class='ocrx_word' id='word_1_571' title='bbox 1130 5029 1366 5095; x_wconf 84' lang='lat' dir='ltr'><strong>antiquis</strong></span> <span class='ocrx_word' id='word_1_572' title='bbox 1403 5027 1713 5092; x_wconf 88' lang='lat' dir='ltr'><strong>codicibus,</strong></span> <span class='ocrx_word' id='word_1_573' title='bbox 1745 5027 1834 5096; x_wconf 91' lang='lat' dir='ltr'><strong>qui</strong></span> <span class='ocrx_word' id='word_1_574' title='bbox 1872 5027 2005 5082; x_wconf 89' lang='lat' dir='ltr'><strong>Ger-</strong></span> 
     </span>
    </p>
   </div>
   <div class='ocr_carea' id='block_1_84' title="bbox 438 5114 2005 5186">
    <p class='ocr_par' dir='ltr' id='par_1_84' title="bbox 438 5114 2005 5186">
     <span class='ocr_line' id='line_1_84' title="bbox 438 5114 2005 5186; baseline -0.003 -13"><span class='ocrx_word' id='word_1_575' title='bbox 438 5118 586 5173; x_wconf 90' lang='lat' dir='ltr'><strong>mani</strong></span> <span class='ocrx_word' id='word_1_576' title='bbox 632 5116 856 5172; x_wconf 87' lang='lat' dir='ltr'><strong>seeundi</strong></span> <span class='ocrx_word' id='word_1_577' title='bbox 907 5126 1120 5171; x_wconf 70' lang='lat' dir='ltr'><strong>aetatem</strong></span> <span class='ocrx_word' id='word_1_578' title='bbox 1176 5124 1462 5186; x_wconf 86' lang='lat' dir='ltr'><strong>superant.</strong></span> <span class='ocrx_word' id='word_1_579' title='bbox 1507 5114 1652 5169; x_wconf 90' lang='lat' dir='ltr'><strong>Inter</strong></span> <span class='ocrx_word' id='word_1_580' title='bbox 1700 5115 1815 5169; x_wconf 80' lang='lat' dir='ltr'><strong>haec</strong></span> <span class='ocrx_word' id='word_1_581' title='bbox 1867 5114 2005 5183; x_wconf 82' lang='lat' dir='ltr'><strong>typis</strong></span> 
     </span>
    </p>
   </div>
   <div class='ocr_carea' id='block_1_85' title="bbox 437 5204 2007 5274">
    <p class='ocr_par' dir='ltr' id='par_1_85' title="bbox 437 5204 2007 5274">
     <span class='ocr_line' id='line_1_85' title="bbox 437 5204 2007 5274; baseline -0.003 -12"><span class='ocrx_word' id='word_1_582' title='bbox 437 5207 582 5262; x_wconf 90' lang='lat' dir='ltr'><strong>edita</strong></span> <span class='ocrx_word' id='word_1_583' title='bbox 608 5207 813 5261; x_wconf 88' lang='lat' dir='ltr'><strong>scholia</strong></span> <span class='ocrx_word' id='word_1_584' title='bbox 845 5207 1025 5260; x_wconf 91' lang='lat' dir='ltr'><strong>locum</strong></span> <span class='ocrx_word' id='word_1_585' title='bbox 1056 5206 1275 5269; x_wconf 86' lang='lat' dir='ltr'><strong>habent,</strong></span> <span class='ocrx_word' id='word_1_586' title='bbox 1303 5220 1423 5274; x_wconf 71' lang='lat' dir='ltr'><strong>qua:</strong></span> <span class='ocrx_word' id='word_1_587' title='bbox 1450 5204 1724 5259; x_wconf 88' lang='lat' dir='ltr'><strong>Germano</strong></span> <span class='ocrx_word' id='word_1_588' title='bbox 1756 5204 2007 5259; x_wconf 86' lang='lat' dir='ltr'><strong>tribuun-</strong></span> 
     </span>
    </p>
   </div>
   <div class='ocr_carea' id='block_1_86' title="bbox 441 5294 2007 5366">
    <p class='ocr_par' dir='ltr' id='par_1_86' title="bbox 441 5294 2007 5366">
     <span class='ocr_line' id='line_1_86' title="bbox 441 5294 2007 5366; baseline -0.001 -15"><span class='ocrx_word' id='word_1_589' title='bbox 441 5308 570 5366; x_wconf 67' lang='lat' dir='ltr'><strong>tur:</strong></span> <span class='ocrx_word' id='word_1_590' title='bbox 619 5298 788 5366; x_wconf 78' lang='lat' dir='ltr'><strong>igitur</strong></span> <span class='ocrx_word' id='word_1_591' title='bbox 841 5299 884 5351; x_wconf 89' lang='lat' dir='ltr'><strong>si</strong></span> <span class='ocrx_word' id='word_1_592' title='bbox 934 5297 1060 5365; x_wconf 91' lang='lat' dir='ltr'><strong>quis</strong></span> <span class='ocrx_word' id='word_1_593' title='bbox 1101 5296 1409 5349; x_wconf 82' lang='lat' dir='ltr'><strong>Germanus</strong></span> <span class='ocrx_word' id='word_1_594' title='bbox 1462 5294 2007 5364; x_wconf 87' lang='lat' dir='ltr'><strong>Constantinopoleos</strong></span> 
     </span>
    </p>
   </div>
   <div class='ocr_carea' id='block_1_87' title="bbox 440 5386 2008 5459">
    <p class='ocr_par' dir='ltr' id='par_1_87' title="bbox 440 5386 2008 5459">
     <span class='ocr_line' id='line_1_87' title="bbox 440 5386 2008 5459; baseline 0.001 -17"><span class='ocrx_word' id='word_1_595' title='bbox 440 5389 749 5459; x_wconf 88' lang='lat' dir='ltr'><strong>patriarcha</strong></span> <span class='ocrx_word' id='word_1_596' title='bbox 794 5388 1077 5459; x_wconf 81' lang='lat' dir='ltr'><strong>scripserit</strong></span> <span class='ocrx_word' id='word_1_597' title='bbox 1118 5403 1215 5453; x_wconf 86' lang='lat' dir='ltr'><strong>ea,</strong></span> <span class='ocrx_word' id='word_1_598' title='bbox 1247 5388 1367 5441; x_wconf 88' lang='lat' dir='ltr'><strong>sine</strong></span> <span class='ocrx_word' id='word_1_599' title='bbox 1408 5386 1575 5442; x_wconf 91' lang='lat' dir='ltr'><strong>dubio</strong></span> <span class='ocrx_word' id='word_1_600' title='bbox 1606 5386 1774 5443; x_wconf 88' lang='lat' dir='ltr'><strong>fuisse</strong></span> <span class='ocrx_word' id='word_1_601' title='bbox 1798 5388 2008 5459; x_wconf 86' lang='lat' dir='ltr'><strong>primus</strong></span> 
     </span>
    </p>
   </div>
   <div class='ocr_carea' id='block_1_88' title="bbox 441 5483 1281 5538">
    <p class='ocr_par' dir='ltr' id='par_1_88' title="bbox 441 5483 1281 5538">
     <span class='ocr_line' id='line_1_88' title="bbox 441 5483 1281 5538; baseline -0.002 -1"><span class='ocrx_word' id='word_1_602' title='bbox 441 5483 646 5538; x_wconf 89' lang='lat' dir='ltr'><strong>debuit.</strong></span> <span class='ocrx_word' id='word_1_603' title='bbox 1274 5494 1281 5501; x_wconf 86' lang='lat'><em>‘</em></span> 
     </span>
    </p>
   </div>
   <div class='ocr_carea' id='block_1_89' title="bbox 514 5592 2005 5666">
    <p class='ocr_par' dir='ltr' id='par_1_89' title="bbox 514 5592 2005 5666">
     <span class='ocr_line' id='line_1_89' title="bbox 514 5592 2005 5666; baseline -0.001 -14"><span class='ocrx_word' id='word_1_604' title='bbox 514 5597 592 5664; x_wconf 72' lang='grc'><strong>(4)</strong></span> <span class='ocrx_word' id='word_1_605' title='bbox 630 5595 855 5649; x_wconf 86' lang='lat' dir='ltr'><strong>Joannis</strong></span> <span class='ocrx_word' id='word_1_606' title='bbox 910 5595 1057 5649; x_wconf 90' lang='lat' dir='ltr'><strong>Scoti</strong></span> <span class='ocrx_word' id='word_1_607' title='bbox 1112 5595 1293 5666; x_wconf 76' lang='lat' dir='ltr'><strong>versio</strong></span> <span class='ocrx_word' id='word_1_608' title='bbox 1348 5594 1612 5666; x_wconf 72' lang='lat' dir='ltr'><strong>Operttm__</strong></span> <span class='ocrx_word' id='word_1_609' title='bbox 1647 5592 1707 5666; x_wconf 85' lang='lat' dir='ltr'><strong>S.</strong></span> <span class='ocrx_word' id='word_1_610' title='bbox 1763 5593 2005 5666; x_wconf 82' lang='lat' dir='ltr'><strong>Dionysii</strong></span> 
     </span>
    </p>
   </div>
   <div class='ocr_carea' id='block_1_90' title="bbox 450 5662 2006 5735">
    <p class='ocr_par' dir='ltr' id='par_1_90' title="bbox 450 5662 2006 5735">
     <span class='ocr_line' id='line_1_90' title="bbox 450 5662 2006 5735; baseline 0 -14"><span class='ocrx_word' id='word_1_611' title='bbox 450 5662 988 5735; x_wconf 59' lang='lat' dir='ltr'><strong>Areopagitzvustat</strong></span> <span class='ocrx_word' id='word_1_612' title='bbox 1018 5666 1169 5720; x_wconf 84' lang='lat' dir='ltr'><strong>Patr.</strong></span> <span class='ocrx_word' id='word_1_613' title='bbox 1198 5664 1319 5723; x_wconf 88' lang='lat' dir='ltr'><strong>Lat.</strong></span> <span class='ocrx_word' id='word_1_614' title='bbox 1355 5662 1638 5731; x_wconf 67' lang='lat' dir='ltr'><strong>ucxxu,</strong></span> <span class='ocrx_word' id='word_1_615' title='bbox 1668 5664 1808 5719; x_wconf 87' lang='lat' dir='ltr'><strong>inter</strong></span> <span class='ocrx_word' id='word_1_616' title='bbox 1855 5662 2006 5721; x_wconf 82' lang='lat' dir='ltr'><strong>Scoti</strong></span> 
     </span>
    </p>
   </div>
   <div class='ocr_carea' id='block_1_91' title="bbox 2092 3199 3601 3278">
    <p class='ocr_par' dir='ltr' id='par_1_91' title="bbox 2092 3199 3601 3278">
     <span class='ocr_line' id='line_1_91' title="bbox 2092 3199 3601 3278; baseline 0.012 -29"><span class='ocrx_word' id='word_1_617' title='bbox 2092 3211 2293 3252; x_wconf 90' lang='lat' dir='ltr'><strong>annum</strong></span> <span class='ocrx_word' id='word_1_618' title='bbox 2319 3199 2420 3255; x_wconf 86' lang='lat'><strong>700</strong></span> <span class='ocrx_word' id='word_1_619' title='bbox 2444 3200 2692 3258; x_wconf 86' lang='lat' dir='ltr'><strong>ﬂoruisse</strong></span> <span class='ocrx_word' id='word_1_620' title='bbox 2720 3207 2961 3261; x_wconf 89' lang='lat' dir='ltr'><strong>ostendit</strong></span> <span class='ocrx_word' id='word_1_621' title='bbox 2991 3208 3073 3262; x_wconf 91' lang='lat' dir='ltr'><strong>vir</strong></span> <span class='ocrx_word' id='word_1_622' title='bbox 3093 3210 3336 3278; x_wconf 89' lang='lat' dir='ltr'><strong>apprime</strong></span> <span class='ocrx_word' id='word_1_623' title='bbox 3367 3214 3601 3267; x_wconf 90' lang='lat' dir='ltr'><strong>doctus.</strong></span> 
     </span>
    </p>
   </div>
   <div class='ocr_carea' id='block_1_92' title="bbox 2704 3317 3031 3375">
    <p class='ocr_par' dir='ltr' id='par_1_92' title="bbox 2704 3317 3031 3375">
     <span class='ocr_line' id='line_1_92' title="bbox 2704 3317 3031 3375; baseline 0.006 -4"><span class='ocrx_word' id='word_1_624' title='bbox 2704 3317 2931 3375; x_wconf 84' lang='lat' dir='ltr'><strong>CAPUT</strong></span> <span class='ocrx_word' id='word_1_625' title='bbox 2971 3320 3031 3375; x_wconf 89' lang='lat' dir='ltr'><strong>V.</strong></span> 
     </span>
    </p>
   </div>
   <div class='ocr_carea' id='block_1_93' title="bbox 2093 3422 3667 3504">
    <p class='ocr_par' dir='ltr' id='par_1_93' title="bbox 2093 3422 3667 3504">
     <span class='ocr_line' id='line_1_93' title="bbox 2093 3422 3667 3504; baseline 0.008 -28"><span class='ocrx_word' id='word_1_626' title='bbox 2093 3422 2320 3488; x_wconf 62' lang='lat' dir='ltr'><strong>Latinae,</strong></span> <span class='ocrx_word' id='word_1_627' title='bbox 2352 3444 2468 3497; x_wconf 74' lang='lat' dir='ltr'><strong>qua:</strong></span> <span class='ocrx_word' id='word_1_628' title='bbox 2498 3428 2741 3504; x_wconf 56' lang='lat' dir='ltr'><strong>feruntur</strong></span> <span class='ocrx_word' id='word_1_629' title='bbox 2768 3430 2953 3504; x_wconf 87' lang='lat' dir='ltr'><strong>_0peris</strong></span> <span class='ocrx_word' id='word_1_630' title='bbox 2980 3434 3351 3504; x_wconf 74' lang='lat' dir='ltr'><strong>Areopagitici,</strong></span> <span class='ocrx_word' id='word_1_631' title='bbox 3397 3441 3667 3493; x_wconf 73' lang='lat' dir='ltr'><strong>versione:</strong></span> 
     </span>
    </p>
   </div>
   <div class='ocr_carea' id='block_1_94' title="bbox 2164 3494 3668 3569">
    <p class='ocr_par' dir='ltr' id='par_1_94' title="bbox 2164 3494 3668 3569">
     <span class='ocr_line' id='line_1_94' title="bbox 2164 3494 3668 3569; baseline 0.009 -25"><span class='ocrx_word' id='word_1_632' title='bbox 2164 3494 2515 3569; x_wconf 67' lang='lat' dir='ltr'><strong>recensentur.</strong></span> <span class='ocrx_word' id='word_1_633' title='bbox 2550 3494 2675 3553; x_wconf 89' lang='lat' dir='ltr'><strong>Loci</strong></span> <span class='ocrx_word' id='word_1_634' title='bbox 2696 3494 2975 3569; x_wconf 71' lang='lat' dir='ltr'><strong>cujusdam</strong></span> <span class='ocrx_word' id='word_1_635' title='bbox 3005 3505 3077 3558; x_wconf 91' lang='lat' dir='ltr'><strong>De</strong></span> <span class='ocrx_word' id='word_1_636' title='bbox 3113 3494 3313 3560; x_wconf 41' lang='lat' dir='ltr'><strong>Diiiuis</strong></span> <span class='ocrx_word' id='word_1_637' title='bbox 3339 3494 3668 3562; x_wconf 72' lang='lat' dir='ltr'><strong>nominibus</strong></span> 
     </span>
    </p>
   </div>
   <div class='ocr_carea' id='block_1_95' title="bbox 2163 3562 3668 3647">
    <p class='ocr_par' dir='ltr' id='par_1_95' title="bbox 2163 3562 3668 3647">
     <span class='ocr_line' id='line_1_95' title="bbox 2163 3562 3668 3647; baseline 0.008 -33"><span class='ocrx_word' id='word_1_638' title='bbox 2163 3562 2355 3647; x_wconf 68' lang='lat' dir='ltr'><strong>Latina</strong></span> <span class='ocrx_word' id='word_1_639' title='bbox 2403 3562 3016 3647; x_wconf 39' lang='lat' dir='ltr'><strong>versio-apud&#39;sanctum</strong></span> <span class='ocrx_word' id='word_1_640' title='bbox 3068 3577 3306 3628; x_wconf 66' lang='lat' dir='ltr'><strong>thomum</strong></span> <span class='ocrx_word' id='word_1_641' title='bbox 3349 3577 3668 3647; x_wconf 81' lang='lat' dir='ltr'><strong>Aquinatem</strong></span> 
     </span>
    </p>
   </div>
   <div class='ocr_carea' id='block_1_96' title="bbox 2163 3636 3270 3709">
    <p class='ocr_par' dir='ltr' id='par_1_96' title="bbox 2163 3636 3270 3709">
     <span class='ocr_line' id='line_1_96' title="bbox 2163 3636 3270 3709; baseline 0.011 -24"><span class='ocrx_word' id='word_1_642' title='bbox 2163 3636 2415 3689; x_wconf 82' lang='lat' dir='ltr'><strong>sincerior</strong></span> <span class='ocrx_word' id='word_1_643' title='bbox 2443 3654 2505 3690; x_wconf 91' lang='lat' dir='ltr'><strong>ac</strong></span> <span class='ocrx_word' id='word_1_644' title='bbox 2536 3636 2759 3692; x_wconf 78' lang='lat' dir='ltr'><strong>nitidior</strong></span> <span class='ocrx_word' id='word_1_645' title='bbox 2782 3658 2937 3709; x_wconf 82' lang='lat' dir='ltr'><strong>quam</strong></span> <span class='ocrx_word' id='word_1_646' title='bbox 2966 3643 3021 3694; x_wconf 87' lang='lat' dir='ltr'><strong>in</strong></span> <span class='ocrx_word' id='word_1_647' title='bbox 3044 3647 3270 3697; x_wconf 79' lang='lat' dir='ltr'><strong>cwteris.</strong></span> 
     </span>
    </p>
   </div>
   <div class='ocr_carea' id='block_1_97' title="bbox 2166 3745 3665 3824">
    <p class='ocr_par' dir='ltr' id='par_1_97' title="bbox 2166 3745 3665 3824">
     <span class='ocr_line' id='line_1_97' title="bbox 2166 3745 3665 3824; baseline 0.005 -25"><span class='ocrx_word' id='word_1_648' title='bbox 2166 3745 2207 3799; x_wconf 92' lang='lat' dir='ltr'><strong>l.</strong></span> <span class='ocrx_word' id='word_1_649' title='bbox 2251 3748 2360 3802; x_wconf 86' lang='lat' dir='ltr'><strong>Abs</strong></span> <span class='ocrx_word' id='word_1_650' title='bbox 2413 3764 2471 3803; x_wconf 87' lang='lat' dir='ltr'><strong>re</strong></span> <span class='ocrx_word' id='word_1_651' title='bbox 2502 3767 2605 3804; x_wconf 86' lang='lat' dir='ltr'><strong>non</strong></span> <span class='ocrx_word' id='word_1_652' title='bbox 2655 3753 2779 3816; x_wconf 83' lang='lat' dir='ltr'><strong>erit,</strong></span> <span class='ocrx_word' id='word_1_653' title='bbox 2833 3762 3118 3824; x_wconf 86' lang='lat' dir='ltr'><strong>antequam</strong></span> <span class='ocrx_word' id='word_1_654' title='bbox 3173 3756 3665 3812; x_wconf 69' lang='lat' dir='ltr'><strong>diSSt-rtatiuncnlm</strong></span> 
     </span>
    </p>
   </div>
   <div class='ocr_carea' id='block_1_98' title="bbox 2097 3836 3665 3918">
    <p class='ocr_par' dir='ltr' id='par_1_98' title="bbox 2097 3836 3665 3918">
     <span class='ocr_line' id='line_1_98' title="bbox 2097 3836 3665 3918; baseline 0.007 -28"><span class='ocrx_word' id='word_1_655' title='bbox 2097 3836 2256 3891; x_wconf 82' lang='lat' dir='ltr'><strong>linem</strong></span> <span class='ocrx_word' id='word_1_656' title='bbox 2301 3840 2537 3906; x_wconf 88' lang='lat' dir='ltr'><strong>impono,</strong></span> <span class='ocrx_word' id='word_1_657' title='bbox 2570 3846 2747 3898; x_wconf 86' lang='lat' dir='ltr'><strong>varias</strong></span> <span class='ocrx_word' id='word_1_658' title='bbox 2775 3859 3074 3911; x_wconf 87' lang='lat' dir='ltr'><strong>recensere,</strong></span> <span class='ocrx_word' id='word_1_659' title='bbox 3107 3862 3225 3916; x_wconf 62' lang='lat' dir='ltr'><strong>quae</strong></span> <span class='ocrx_word' id='word_1_660' title='bbox 3247 3865 3471 3918; x_wconf 89' lang='lat' dir='ltr'><strong>operum</strong></span> <span class='ocrx_word' id='word_1_661' title='bbox 3504 3852 3665 3904; x_wconf 82' lang='lat' dir='ltr'><strong>Areo-</strong></span> 
     </span>
    </p>
   </div>
   <div class='ocr_carea' id='block_1_99' title="bbox 2099 3928 3665 4010">
    <p class='ocr_par' dir='ltr' id='par_1_99' title="bbox 2099 3928 3665 4010">
     <span class='ocr_line' id='line_1_99' title="bbox 2099 3928 3665 4010; baseline 0.01 -34"><span class='ocrx_word' id='word_1_662' title='bbox 2099 3928 2450 3997; x_wconf 83' lang='lat' dir='ltr'><strong>pagiticorum</strong></span> <span class='ocrx_word' id='word_1_663' title='bbox 2490 3933 2745 3988; x_wconf 89' lang='lat' dir='ltr'><strong>hactenus</strong></span> <span class='ocrx_word' id='word_1_664' title='bbox 2778 3937 3036 3990; x_wconf 60' lang='lat' dir='ltr'><strong>confectte</strong></span> <span class='ocrx_word' id='word_1_665' title='bbox 3075 3949 3216 4003; x_wconf 84' lang='lat' dir='ltr'><strong>sunt,</strong></span> <span class='ocrx_word' id='word_1_666' title='bbox 3250 3956 3313 3993; x_wconf 90' lang='lat' dir='ltr'><strong>ac</strong></span> <span class='ocrx_word' id='word_1_667' title='bbox 3365 3943 3508 4010; x_wconf 89' lang='lat' dir='ltr'><strong>typis</strong></span> <span class='ocrx_word' id='word_1_668' title='bbox 3547 3954 3665 4010; x_wconf 79' lang='lat' dir='ltr'><strong>pro-</strong></span> 
     </span>
    </p>
   </div>
   <div class='ocr_carea' id='block_1_100' title="bbox 2098 4018 3663 4086">
    <p class='ocr_par' dir='ltr' id='par_1_100' title="bbox 2098 4018 3663 4086">
     <span class='ocr_line' id='line_1_100' title="bbox 2098 4018 3663 4086; baseline 0.009 -16"><span class='ocrx_word' id='word_1_669' title='bbox 2098 4018 2325 4084; x_wconf 88' lang='lat' dir='ltr'><strong>dierunt,</strong></span> <span class='ocrx_word' id='word_1_670' title='bbox 2381 4020 2604 4077; x_wconf 84' lang='lat' dir='ltr'><strong>Latinas</strong></span> <span class='ocrx_word' id='word_1_671' title='bbox 2640 4027 2931 4082; x_wconf 79' lang='lat' dir='ltr'><strong>versiones.</strong></span> <span class='ocrx_word' id='word_1_672' title='bbox 2984 4029 3037 4081; x_wconf 89' lang='lat' dir='ltr'><strong>Id</strong></span> <span class='ocrx_word' id='word_1_673' title='bbox 3085 4030 3435 4085; x_wconf 80' lang='lat' dir='ltr'><strong>emolumenti</strong></span> <span class='ocrx_word' id='word_1_674' title='bbox 3477 4032 3663 4086; x_wconf 82' lang='lat' dir='ltr'><strong>saltem</strong></span> 
     </span>
    </p>
   </div>
   <div class='ocr_carea' id='block_1_101' title="bbox 2098 4107 3665 4188">
    <p class='ocr_par' dir='ltr' id='par_1_101' title="bbox 2098 4107 3665 4188">
     <span class='ocr_line' id='line_1_101' title="bbox 2098 4107 3665 4188; baseline 0.005 -27"><span class='ocrx_word' id='word_1_675' title='bbox 2098 4107 2276 4178; x_wconf 84' lang='lat' dir='ltr'><strong>colligi</strong></span> <span class='ocrx_word' id='word_1_676' title='bbox 2315 4114 2530 4179; x_wconf 87' lang='lat' dir='ltr'><strong>poterit,</strong></span> <span class='ocrx_word' id='word_1_677' title='bbox 2564 4117 2687 4168; x_wconf 91' lang='lat' dir='ltr'><strong>utsi</strong></span> <span class='ocrx_word' id='word_1_678' title='bbox 2724 4118 3031 4171; x_wconf 74' lang='lat' dir='ltr'><strong>veraioaum</strong></span> <span class='ocrx_word' id='word_1_679' title='bbox 3086 4120 3386 4188; x_wconf 81' lang='lat' dir='ltr'><strong>hujusmodi</strong></span> <span class='ocrx_word' id='word_1_680' title='bbox 3427 4120 3665 4175; x_wconf 88' lang='lat' dir='ltr'><strong>collatio-</strong></span> 
     </span>
    </p>
   </div>
   <div class='ocr_carea' id='block_1_102' title="bbox 2099 4203 3661 4279">
    <p class='ocr_par' dir='ltr' id='par_1_102' title="bbox 2099 4203 3661 4279">
     <span class='ocr_line' id='line_1_102' title="bbox 2099 4203 3661 4279; baseline 0.005 -26"><span class='ocrx_word' id='word_1_681' title='bbox 2099 4216 2219 4254; x_wconf 87' lang='lat' dir='ltr'><strong>nem</strong></span> <span class='ocrx_word' id='word_1_682' title='bbox 2248 4203 2388 4258; x_wconf 91' lang='lat' dir='ltr'><strong>inire</strong></span> <span class='ocrx_word' id='word_1_683' title='bbox 2413 4206 2676 4274; x_wconf 88' lang='lat' dir='ltr'><strong>quispiam</strong></span> <span class='ocrx_word' id='word_1_684' title='bbox 2708 4218 2942 4276; x_wconf 82' lang='lat' dir='ltr'><strong>excptet,</strong></span> <span class='ocrx_word' id='word_1_685' title='bbox 2974 4226 3080 4279; x_wconf 92' lang='lat' dir='ltr'><strong>quo</strong></span> <span class='ocrx_word' id='word_1_686' title='bbox 3102 4212 3330 4266; x_wconf 90' lang='lat' dir='ltr'><strong>lucidius</strong></span> <span class='ocrx_word' id='word_1_687' title='bbox 3350 4212 3661 4267; x_wconf 72' lang='lat' dir='ltr'><strong>obscurior:</strong></span> 
     </span>
    </p>
   </div>
   <div class='ocr_carea' id='block_1_103' title="bbox 2101 4294 3661 4368">
    <p class='ocr_par' dir='ltr' id='par_1_103' title="bbox 2101 4294 3661 4368">
     <span class='ocr_line' id='line_1_103' title="bbox 2101 4294 3661 4368; baseline 0.005 -26"><span class='ocrx_word' id='word_1_688' title='bbox 2101 4294 2345 4357; x_wconf 66' lang='lat' dir='ltr'><strong>quaedam</strong></span> <span class='ocrx_word' id='word_1_689' title='bbox 2389 4294 2765 4363; x_wconf 80' lang='lat' dir='ltr'><strong>Areopagitica</strong></span> <span class='ocrx_word' id='word_1_690' title='bbox 2812 4295 2928 4351; x_wconf 88' lang='lat' dir='ltr'><strong>loca</strong></span> <span class='ocrx_word' id='word_1_691' title='bbox 2973 4300 3529 4368; x_wconf 88' lang='lat' dir='ltr'><strong>comprehendantur,</strong></span> <span class='ocrx_word' id='word_1_692' title='bbox 3571 4313 3661 4352; x_wconf 86' lang='lat' dir='ltr'><strong>no-</strong></span> 
     </span>
    </p>
   </div>
   <div class='ocr_carea' id='block_1_104' title="bbox 2031 4387 3120 4473">
    <p class='ocr_par' dir='ltr' id='par_1_104' title="bbox 2031 4387 3120 4473">
     <span class='ocr_line' id='line_1_104' title="bbox 2031 4387 3120 4473; baseline 0.009 -39"><span class='ocrx_word' id='word_1_693' title='bbox 2031 4420 2073 4473; x_wconf 69' lang='grc'><strong>0</strong></span> <span class='ocrx_word' id='word_1_694' title='bbox 2102 4393 2219 4435; x_wconf 84' lang='lat' dir='ltr'><strong>seat</strong></span> <span class='ocrx_word' id='word_1_695' title='bbox 2256 4398 2368 4450; x_wconf 89' lang='lat' dir='ltr'><strong>eas,</strong></span> <span class='ocrx_word' id='word_1_696' title='bbox 2402 4399 2466 4437; x_wconf 91' lang='lat' dir='ltr'><strong>ac</strong></span> <span class='ocrx_word' id='word_1_697' title='bbox 2498 4387 2651 4440; x_wconf 86' lang='lat' dir='ltr'><strong>facile</strong></span> <span class='ocrx_word' id='word_1_698' title='bbox 2676 4391 2916 4456; x_wconf 85' lang='lat' dir='ltr'><strong>reperire</strong></span> <span class='ocrx_word' id='word_1_699' title='bbox 2939 4401 3120 4459; x_wconf 87' lang='lat' dir='ltr'><strong>queat.</strong></span> 
     </span>
    </p>
   </div>
   <div class='ocr_carea' id='block_1_105' title="bbox 2172 4472 3664 4552">
    <p class='ocr_par' dir='ltr' id='par_1_105' title="bbox 2172 4472 3664 4552">
     <span class='ocr_line' id='line_1_105' title="bbox 2172 4472 3664 4552; baseline 0.004 -26"><span class='ocrx_word' id='word_1_700' title='bbox 2172 4472 2387 4529; x_wconf 88' lang='lat' dir='ltr'><strong>Primus</strong></span> <span class='ocrx_word' id='word_1_701' title='bbox 2421 4474 2565 4531; x_wconf 89' lang='lat' dir='ltr'><strong>hanc</strong></span> <span class='ocrx_word' id='word_1_702' title='bbox 2604 4488 2841 4547; x_wconf 88' lang='lat' dir='ltr'><strong>spartam</strong></span> <span class='ocrx_word' id='word_1_703' title='bbox 2894 4496 3088 4535; x_wconf 88' lang='lat' dir='ltr'><strong>ornare</strong></span> <span class='ocrx_word' id='word_1_704' title='bbox 3117 4482 3407 4552; x_wconf 88' lang='lat' dir='ltr'><strong>assumpsit</strong></span> <span class='ocrx_word' id='word_1_705' title='bbox 3435 4482 3664 4538; x_wconf 83' lang='lat' dir='ltr'><strong>Joannes</strong></span> 
     </span>
    </p>
   </div>
   <div class='ocr_carea' id='block_1_106' title="bbox 2105 4565 3665 4642">
    <p class='ocr_par' dir='ltr' id='par_1_106' title="bbox 2105 4565 3665 4642">
     <span class='ocr_line' id='line_1_106' title="bbox 2105 4565 3665 4642; baseline 0.003 -23"><span class='ocrx_word' id='word_1_706' title='bbox 2105 4565 2300 4620; x_wconf 89' lang='lat' dir='ltr'><strong>Scotus</strong></span> <span class='ocrx_word' id='word_1_707' title='bbox 2321 4565 2554 4636; x_wconf 90' lang='lat' dir='ltr'><strong>Erigena</strong></span> <span class='ocrx_word' id='word_1_708' title='bbox 2580 4570 2679 4638; x_wconf 72' lang='lat'><strong>(4).</strong></span> <span class='ocrx_word' id='word_1_709' title='bbox 2709 4570 2782 4624; x_wconf 90' lang='lat' dir='ltr'><strong>De</strong></span> <span class='ocrx_word' id='word_1_710' title='bbox 2805 4586 2929 4626; x_wconf 85' lang='lat' dir='ltr'><strong>vera</strong></span> <span class='ocrx_word' id='word_1_711' title='bbox 2956 4571 3070 4640; x_wconf 88' lang='lat' dir='ltr'><strong>ejus</strong></span> <span class='ocrx_word' id='word_1_712' title='bbox 3098 4576 3270 4642; x_wconf 89' lang='lat' dir='ltr'><strong>patria</strong></span> <span class='ocrx_word' id='word_1_713' title='bbox 3296 4573 3455 4629; x_wconf 83' lang='lat' dir='ltr'><strong>Joan.</strong></span> <span class='ocrx_word' id='word_1_714' title='bbox 3485 4575 3665 4629; x_wconf 86' lang='lat' dir='ltr'><strong>Alber-</strong></span> 
     </span>
    </p>
   </div>
   <div class='ocr_carea' id='block_1_107' title="bbox 2102 4656 3663 4730">
    <p class='ocr_par' dir='ltr' id='par_1_107' title="bbox 2102 4656 3663 4730">
     <span class='ocr_line' id='line_1_107' title="bbox 2102 4656 3663 4730; baseline 0.007 -22"><span class='ocrx_word' id='word_1_715' title='bbox 2102 4663 2188 4710; x_wconf 85' lang='lat' dir='ltr'><strong>tus</strong></span> <span class='ocrx_word' id='word_1_716' title='bbox 2232 4656 2514 4713; x_wconf 87' lang='lat' dir='ltr'><strong>Fabricius</strong></span> <span class='ocrx_word' id='word_1_717' title='bbox 2562 4663 2673 4730; x_wconf 83' lang='lat' dir='ltr'><strong>agit</strong></span> <span class='ocrx_word' id='word_1_718' title='bbox 2708 4663 2758 4715; x_wconf 90' lang='lat' dir='ltr'><strong>in</strong></span> <span class='ocrx_word' id='word_1_719' title='bbox 2807 4661 3133 4719; x_wconf 82' lang='lat' dir='ltr'><strong>Bibliotheca</strong></span> <span class='ocrx_word' id='word_1_720' title='bbox 3163 4665 3355 4719; x_wconf 82' lang='lat' dir='ltr'><strong>Latina</strong></span> <span class='ocrx_word' id='word_1_721' title='bbox 3396 4669 3581 4719; x_wconf 81' lang='lat' dir='ltr'><strong>media:</strong></span> <span class='ocrx_word' id='word_1_722' title='bbox 3622 4670 3663 4713; x_wconf 80' lang='lat' dir='ltr'><strong>cl</strong></span> 
     </span>
    </p>
   </div>
   <div class='ocr_carea' id='block_1_108' title="bbox 2104 4750 3661 4829">
    <p class='ocr_par' dir='ltr' id='par_1_108' title="bbox 2104 4750 3661 4829">
     <span class='ocr_line' id='line_1_108' title="bbox 2104 4750 3661 4829; baseline 0.001 -26"><span class='ocrx_word' id='word_1_723' title='bbox 2104 4750 2300 4817; x_wconf 73' lang='lat' dir='ltr'><strong>inﬁma:</strong></span> <span class='ocrx_word' id='word_1_724' title='bbox 2327 4755 2518 4819; x_wconf 70' lang='lat' dir='ltr'><strong>rotatis,</strong></span> <span class='ocrx_word' id='word_1_725' title='bbox 2552 4762 2612 4829; x_wconf 45' lang='grc' dir='ltr'><strong>ιιι</strong></span> <span class='ocrx_word' id='word_1_726' title='bbox 2641 4763 2865 4810; x_wconf 62' lang='lat' dir='ltr'><strong>cancros</strong></span> <span class='ocrx_word' id='word_1_727' title='bbox 2890 4757 2990 4811; x_wconf 91' lang='lat' dir='ltr'><strong>hoc</strong></span> <span class='ocrx_word' id='word_1_728' title='bbox 3020 4757 3137 4811; x_wconf 91' lang='lat' dir='ltr'><strong>loco</strong></span> <span class='ocrx_word' id='word_1_729' title='bbox 3169 4767 3507 4827; x_wconf 69' lang='lat' dir='ltr'><strong>przeteream.</strong></span> <span class='ocrx_word' id='word_1_730' title='bbox 3538 4757 3592 4809; x_wconf 89' lang='lat' dir='ltr'><strong>In</strong></span> <span class='ocrx_word' id='word_1_731' title='bbox 3618 4752 3661 4805; x_wconf 68' lang='lat' dir='ltr'><strong>iul</strong></span> 
     </span>
    </p>
   </div>
   <div class='ocr_carea' id='block_1_109' title="bbox 2104 4843 3658 4917">
    <p class='ocr_par' dir='ltr' id='par_1_109' title="bbox 2104 4843 3658 4917">
     <span class='ocr_line' id='line_1_109' title="bbox 2104 4843 3658 4917; baseline 0.003 -22"><span class='ocrx_word' id='word_1_732' title='bbox 2104 4857 2240 4909; x_wconf 88' lang='lat' dir='ltr'><strong>opus</strong></span> <span class='ocrx_word' id='word_1_733' title='bbox 2270 4843 2582 4899; x_wconf 85' lang='lat' dir='ltr'><strong>incubuisse</strong></span> <span class='ocrx_word' id='word_1_734' title='bbox 2611 4848 2782 4916; x_wconf 91' lang='lat' dir='ltr'><strong>ipsum</strong></span> <span class='ocrx_word' id='word_1_735' title='bbox 2823 4848 2975 4917; x_wconf 84' lang='lat' dir='ltr'><strong>jussu</strong></span> <span class='ocrx_word' id='word_1_736' title='bbox 3008 4850 3148 4917; x_wconf 87' lang='lat' dir='ltr'><strong>regis</strong></span> <span class='ocrx_word' id='word_1_737' title='bbox 3182 4849 3356 4902; x_wconf 86' lang='lat' dir='ltr'><strong>Caroli</strong></span> <span class='ocrx_word' id='word_1_738' title='bbox 3386 4849 3557 4915; x_wconf 88' lang='lat' dir='ltr'><strong>Calvi,</strong></span> <span class='ocrx_word' id='word_1_739' title='bbox 3588 4846 3658 4899; x_wconf 90' lang='lat' dir='ltr'><strong>di-</strong></span> 
     </span>
    </p>
   </div>
   <div class='ocr_carea' id='block_1_110' title="bbox 2105 4935 3663 5012">
    <p class='ocr_par' dir='ltr' id='par_1_110' title="bbox 2105 4935 3663 5012">
     <span class='ocr_line' id='line_1_110' title="bbox 2105 4935 3663 5012; baseline 0 -23"><span class='ocrx_word' id='word_1_740' title='bbox 2105 4937 2310 4989; x_wconf 88' lang='lat' dir='ltr'><strong>scimus</strong></span> <span class='ocrx_word' id='word_1_741' title='bbox 2340 4950 2403 4990; x_wconf 80' lang='lat' dir='ltr'><strong>ex</strong></span> <span class='ocrx_word' id='word_1_742' title='bbox 2433 4935 2673 5003; x_wconf 86' lang='lat' dir='ltr'><strong>ejusdem</strong></span> <span class='ocrx_word' id='word_1_743' title='bbox 2702 4938 2925 5005; x_wconf 88' lang='lat' dir='ltr'><strong>epistola</strong></span> <span class='ocrx_word' id='word_1_744' title='bbox 2957 4940 3022 4991; x_wconf 86' lang='lat' dir='ltr'><strong>ad</strong></span> <span class='ocrx_word' id='word_1_745' title='bbox 3048 4940 3292 4993; x_wconf 88' lang='lat' dir='ltr'><strong>eumdem</strong></span> <span class='ocrx_word' id='word_1_746' title='bbox 3327 4956 3533 5012; x_wconf 87' lang='lat' dir='ltr'><strong>regem,</strong></span> <span class='ocrx_word' id='word_1_747' title='bbox 3558 4951 3663 5009; x_wconf 77' lang='lat' dir='ltr'><strong>qua:</strong></span> 
     </span>
    </p>
   </div>
   <div class='ocr_carea' id='block_1_111' title="bbox 2107 5025 3661 5098">
    <p class='ocr_par' dir='ltr' id='par_1_111' title="bbox 2107 5025 3661 5098">
     <span class='ocr_line' id='line_1_111' title="bbox 2107 5025 3661 5098; baseline 0.003 -19"><span class='ocrx_word' id='word_1_748' title='bbox 2107 5025 2314 5097; x_wconf 88' lang='lat' dir='ltr'><strong>integra</strong></span> <span class='ocrx_word' id='word_1_749' title='bbox 2359 5035 2539 5081; x_wconf 79' lang='lat' dir='ltr'><strong>exstat</strong></span> <span class='ocrx_word' id='word_1_750' title='bbox 2579 5029 2717 5082; x_wconf 88' lang='lat' dir='ltr'><strong>inter</strong></span> <span class='ocrx_word' id='word_1_751' title='bbox 2749 5028 3060 5082; x_wconf 84' lang='lat' dir='ltr'><strong>Ilibernicas</strong></span> <span class='ocrx_word' id='word_1_752' title='bbox 3108 5029 3375 5098; x_wconf 77' lang='lat' dir='ltr'><strong>Epistolas</strong></span> <span class='ocrx_word' id='word_1_753' title='bbox 3405 5048 3434 5084; x_wconf 85' lang='lat' dir='ltr'><strong>a</strong></span> <span class='ocrx_word' id='word_1_754' title='bbox 3474 5031 3661 5087; x_wconf 87' lang='lat' dir='ltr'><strong>Jacobo</strong></span> 
     </span>
    </p>
   </div>
   <div class='ocr_carea' id='block_1_112' title="bbox 2110 5117 3662 5186">
    <p class='ocr_par' dir='ltr' id='par_1_112' title="bbox 2110 5117 3662 5186">
     <span class='ocr_line' id='line_1_112' title="bbox 2110 5117 3662 5186; baseline 0.001 -15"><span class='ocrx_word' id='word_1_755' title='bbox 2110 5117 2328 5172; x_wconf 87' lang='lat' dir='ltr'><strong>Usscrio</strong></span> <span class='ocrx_word' id='word_1_756' title='bbox 2366 5118 2647 5186; x_wconf 90' lang='lat' dir='ltr'><strong>collectas,</strong></span> <span class='ocrx_word' id='word_1_757' title='bbox 2704 5135 2853 5173; x_wconf 92' lang='lat' dir='ltr'><strong>num.</strong></span> <span class='ocrx_word' id='word_1_758' title='bbox 2914 5118 3004 5174; x_wconf 79' lang='grc'><strong>25.</strong></span> <span class='ocrx_word' id='word_1_759' title='bbox 3046 5120 3135 5173; x_wconf 90' lang='lat' dir='ltr'><strong>Ait</strong></span> <span class='ocrx_word' id='word_1_760' title='bbox 3163 5121 3250 5174; x_wconf 91' lang='lat' dir='ltr'><strong>ille</strong></span> <span class='ocrx_word' id='word_1_761' title='bbox 3306 5137 3431 5176; x_wconf 89' lang='lat' dir='ltr'><strong>vero</strong></span> <span class='ocrx_word' id='word_1_762' title='bbox 3468 5142 3482 5178; x_wconf 86' lang='lat'><strong>:</strong></span> <span class='ocrx_word' id='word_1_763' title='bbox 3516 5141 3572 5179; x_wconf 89' lang='lat' dir='ltr'><strong>se</strong></span> <span class='ocrx_word' id='word_1_764' title='bbox 3608 5126 3662 5173; x_wconf 81' lang='lat' dir='ltr'><strong>dc</strong></span> 
     </span>
    </p>
   </div>
   <div class='ocr_carea' id='block_1_113' title="bbox 2108 5203 3658 5281">
    <p class='ocr_par' dir='ltr' id='par_1_113' title="bbox 2108 5203 3658 5281">
     <span class='ocr_line' id='line_1_113' title="bbox 2108 5203 3658 5281; baseline 0.001 -23"><span class='ocrx_word' id='word_1_765' title='bbox 2108 5203 2290 5260; x_wconf 72' lang='grc' dir='ltr'><strong>στωεο</strong></span> <span class='ocrx_word' id='word_1_766' title='bbox 2321 5208 2375 5261; x_wconf 85' lang='lat' dir='ltr'><strong>in</strong></span> <span class='ocrx_word' id='word_1_767' title='bbox 2399 5206 2644 5261; x_wconf 85' lang='lat' dir='ltr'><strong>Latinum</strong></span> <span class='ocrx_word' id='word_1_768' title='bbox 2682 5209 3012 5262; x_wconf 81' lang='lat' dir='ltr'><strong>transtulisse</strong></span> <span class='ocrx_word' id='word_1_769' title='bbox 3051 5209 3211 5264; x_wconf 86' lang='lat' dir='ltr'><strong>libros</strong></span> <span class='ocrx_word' id='word_1_770' title='bbox 3246 5222 3474 5281; x_wconf 88' lang='lat' dir='ltr'><strong>quatuor</strong></span> <span class='ocrx_word' id='word_1_771' title='bbox 3509 5212 3658 5267; x_wconf 81' lang='lat' dir='ltr'><strong>sancti</strong></span> 
     </span>
    </p>
   </div>
   <div class='ocr_carea' id='block_1_114' title="bbox 2108 5293 3660 5369">
    <p class='ocr_par' dir='ltr' id='par_1_114' title="bbox 2108 5293 3660 5369">
     <span class='ocr_line' id='line_1_114' title="bbox 2108 5293 3660 5369; baseline 0.001 -22"><span class='ocrx_word' id='word_1_772' title='bbox 2108 5293 2288 5349; x_wconf 84' lang='lat' dir='ltr'><strong>Patris</strong></span> <span class='ocrx_word' id='word_1_773' title='bbox 2311 5295 2551 5366; x_wconf 75' lang='lat' dir='ltr'><strong>Dionysii</strong></span> <span class='ocrx_word' id='word_1_774' title='bbox 2577 5296 2905 5364; x_wconf 83' lang='lat' dir='ltr'><strong>Areopagin</strong></span> <span class='ocrx_word' id='word_1_775' title='bbox 2928 5297 3154 5366; x_wconf 82' lang='lat' dir='ltr'><strong>episcopi</strong></span> <span class='ocrx_word' id='word_1_776' title='bbox 3180 5299 3518 5361; x_wconf 80' lang='lat' dir='ltr'><strong>Athenarum,</strong></span> <span class='ocrx_word' id='word_1_777' title='bbox 3547 5312 3660 5369; x_wconf 80' lang='lat' dir='ltr'><strong>quos</strong></span> 
     </span>
    </p>
   </div>
   <div class='ocr_carea' id='block_1_115' title="bbox 2108 5388 3655 5461">
    <p class='ocr_par' dir='ltr' id='par_1_115' title="bbox 2108 5388 3655 5461">
     <span class='ocr_line' id='line_1_115' title="bbox 2108 5388 3655 5461; baseline -0.001 -20"><span class='ocrx_word' id='word_1_778' title='bbox 2108 5391 2404 5457; x_wconf 82' lang='lat' dir='ltr'><strong>scripsitad</strong></span> <span class='ocrx_word' id='word_1_779' title='bbox 2438 5388 2763 5443; x_wconf 84' lang='lat' dir='ltr'><strong>Timotheum</strong></span> <span class='ocrx_word' id='word_1_780' title='bbox 2799 5390 3095 5457; x_wconf 76' lang='lat' dir='ltr'><strong>episcopum</strong></span> <span class='ocrx_word' id='word_1_781' title='bbox 3139 5391 3455 5461; x_wconf 85' lang='lat' dir='ltr'><strong>Epltesinum</strong></span> <span class='ocrx_word' id='word_1_782' title='bbox 3492 5389 3655 5457; x_wconf 84' lang='lat' dir='ltr'><strong>(nimi—</strong></span> 
     </span>
    </p>
   </div>
   <div class='ocr_carea' id='block_1_116' title="bbox 2111 5480 3659 5547">
    <p class='ocr_par' dir='ltr' id='par_1_116' title="bbox 2111 5480 3659 5547">
     <span class='ocr_line' id='line_1_116' title="bbox 2111 5480 3659 5547; baseline -0.003 -13"><span class='ocrx_word' id='word_1_783' title='bbox 2111 5496 2229 5534; x_wconf 88' lang='lat' dir='ltr'><strong>rum</strong></span> <span class='ocrx_word' id='word_1_784' title='bbox 2261 5481 2338 5535; x_wconf 89' lang='lat' dir='ltr'><strong>De</strong></span> <span class='ocrx_word' id='word_1_785' title='bbox 2376 5483 2567 5537; x_wconf 75' lang='lat' dir='ltr'><strong>ere/esti</strong></span> <span class='ocrx_word' id='word_1_786' title='bbox 2610 5481 2929 5547; x_wconf 83' lang='lat' dir='ltr'><strong>Itierarcltia,</strong></span> <span class='ocrx_word' id='word_1_787' title='bbox 2966 5480 3042 5535; x_wconf 83' lang='lat' dir='ltr'><strong>De</strong></span> <span class='ocrx_word' id='word_1_788' title='bbox 3085 5483 3435 5536; x_wconf 85' lang='lat' dir='ltr'><strong>ecclesiastica</strong></span> <span class='ocrx_word' id='word_1_789' title='bbox 3477 5485 3659 5538; x_wconf 80' lang='lat' dir='ltr'><strong>Iticror-</strong></span> 
     </span>
    </p>
   </div>
   <div class='ocr_carea' id='block_1_117' title="bbox 2111 5592 3654 5719">
    <p class='ocr_par' dir='ltr' id='par_1_117' title="bbox 2111 5592 3654 5719">
     <span class='ocr_line' id='line_1_117' title="bbox 2111 5592 3654 5719; baseline 0 -72"><span class='ocrx_word' id='word_1_790' title='bbox 2111 5592 2309 5719; x_wconf 67' lang='lat' dir='ltr'><strong>Opera,</strong></span> <span class='ocrx_word' id='word_1_791' title='bbox 2357 5607 2585 5652; x_wconf 85' lang='lat' dir='ltr'><strong>curante</strong></span> <span class='ocrx_word' id='word_1_792' title='bbox 2627 5593 2712 5647; x_wconf 76' lang='lat' dir='ltr'><strong>D&quot;</strong></span> <span class='ocrx_word' id='word_1_793' title='bbox 2748 5592 2813 5648; x_wconf 88' lang='lat' dir='ltr'><strong>II.</strong></span> <span class='ocrx_word' id='word_1_794' title='bbox 2838 5592 2888 5650; x_wconf 84' lang='lat' dir='ltr'><strong>J.</strong></span> <span class='ocrx_word' id='word_1_795' title='bbox 2935 5593 3111 5663; x_wconf 87' lang='lat' dir='ltr'><strong>Floss,</strong></span> <span class='ocrx_word' id='word_1_796' title='bbox 3142 5594 3434 5664; x_wconf 83' lang='lat' dir='ltr'><strong>Bonnensi,</strong></span> <span class='ocrx_word' id='word_1_797' title='bbox 3485 5609 3654 5652; x_wconf 70' lang='lat' dir='ltr'><strong>recen-</strong></span> 
     </span>
     <span class='ocr_line' id='line_1_118' title="bbox 2115 5680 2239 5718; baseline 0 0"><span class='ocrx_word' id='word_1_798' title='bbox 2115 5680 2158 5718; x_wconf 82' lang='lat' dir='ltr'><strong>SI</strong></span> <span class='ocrx_word' id='word_1_799' title='bbox 2190 5682 2239 5718; x_wconf 87' lang='lat' dir='ltr'><strong>a.</strong></span> 
     </span>
    </p>
   </div>
   <div class='ocr_carea' id='block_1_118' title="bbox 2115 5680 2239 5718">
    <p class='ocr_par' dir='ltr' id='par_1_118' title="bbox 2115 5680 2239 5718">
     <span class='ocr_line' id='line_1_119' title="bbox 2115 5680 2239 5718; baseline 0 0"><span class='ocrx_word' id='word_1_800' title='bbox 2115 5680 2239 5718; x_wconf 76' lang='lat' dir='ltr'><strong>sua.</strong></span> 
     </span>
    </p>
   </div>
  </div>
