3748 6304
133 293 213 350 π

1505 304 2034 364 PROLEGOMENA.
3311 325 3374 381 78

130 408 282 472 chio,
305 407 382 462 De
401 409 591 466 diuinis
614 413 933 483 nominibus,
960 416 1034 471 De
1063 420 1283 489 mystica
1318 420 1628 493 theologia),
1654 435 1711 479 et
1737 427 1781 484 Α
1811 424 2007 479 librum
2056 441 2218 480 unum
2240 466 2255 493 ,
2305 427 2384 483 De
2432 430 2786 487 ecclesiastica
2833 436 3128 493 hierarchia
3177 439 3372 497 librum

129 500 315 554 decem
338 502 583 570 epistolas
610 505 865 573 ejusdem.
898 508 1031 562 Data
1067 519 1149 565 est
1174 510 1399 578 epistola
1433 528 1713 585 nuneupa-
1812 532 1999 582 unum,
2034 518 2108 572 De
2137 520 2325 574 divinis
2364 524 2659 579 nominibus
2684 525 2879 581 librum
2910 544 3101 595 unum,
3130 530 3207 586 De
3259 547 3375 599 my-

130 591 281 647 toria
307 608 450 648 anno
485 595 609 659 858,
642 605 702 652 ut
728 597 979 657 Usserius
1006 602 1229 657 adnotat
1252 602 1304 657 in
1337 605 1601 675 margine.

207 683 491 742 Versionis
525 687 748 758 hujuscc
800 694 1126 748 mentionem
1173 695 1389 766 ingerit,
1435 711 1501 751 ac
1540 698 1704 755 etiam

125 775 327 832 laudat
366 794 485 834 eam
526 781 846 839 Anastasius
893 783 1343 845 Bibliothecarius
1378 790 1430 845 in
1477 791 1705 861 epistola

126 869 201 923 ad
230 873 481 930 eumdem
517 890 701 947 regem
725 892 869 933 anno
894 879 999 935 865
1025 882 1245 952 scripta,
1274 898 1377 953 qua
1407 900 1559 940 suam
1602 886 1703 956 ipsi

121 959 383 1019 Latinam
435 976 712 1039 nuncupat
752 972 1056 1027 versionem
1122 974 1461 1030 Scholiorum
1526 978 1702 1033 sancti

120 1056 372 1125 Maximi,
401 1068 455 1113 et
493 1059 717 1117 Joannis
760 1063 1185 1134 Scythopolitani
1232 1069 1491 1138 episcopi.
1527 1070 1699 1126 Verba

118 1148 375 1205 dedimus
416 1151 591 1222 capite
618 1154 674 1221 3,
708 1172 857 1210 num.
891 1156 928 1211 I.
960 1156 1085 1213 llaec
1130 1175 1259 1215 vero
1298 1159 1485 1216 Latina
1521 1162 1697 1218 Scoti-

117 1254 279 1309 genae
327 1243 507 1297 versio
551 1244 1051 1316 Areopagiticorum
1095 1248 1329 1320 Operam
1362 1262 1543 1307 exstat
1584 1254 1699 1310 fere

113 1330 335 1401 integra
374 1335 514 1403 typis
543 1336 686 1390 edita
720 1340 859 1408 apud
911 1341 1219 1413 Dionysium
1255 1345 1693 1415 Carthusianum,

114 1423 216 1488 qui
243 1436 366 1475 eam
392 1424 641 1481 adhibuit
663 1427 715 1481 in
734 1430 849 1485 suis
868 1420 1283 1490 commentariis
1306 1435 1358 1490 in
1381 1436 1694 1510 Dionysium

109 1510 523 1582 Areopagitam,
554 1516 787 1574 Coloniae
815 1522 978 1587 cusis,
1013 1523 1257 1593 impensis
1296 1526 1443 1581 Petri
1473 1528 1695 1595 Quentel

110 1619 259 1657 anno
291 1604 447 1661 1556.
486 1606 543 1661 ln
586 1609 909 1667 Praefatione
947 1615 1013 1669 ad
1054 1616 1307 1673 lectorem
1352 1620 1691 1678 haechaben-

112 1702 243 1749 tur:
281 1715 301 1748 ι
347 1695 593 1769 Vulgaris
626 1703 931 1770 translatio,
961 1721 1082 1776 qua:
1104 1709 1302 1763 dicitur
1327 1724 1446 1767 esse
1470 1710 1692 1770 Joannis

1750 630 1755 635 ν
1808 610 1940 663 stica
1959 610 2217 682 theologia
2246 613 2442 669 librum
2476 632 2662 684 unum,
2697 618 2960 689 Epistolas
2983 623 3177 679 decem.
3211 625 3378 679 Scho-

1808 700 1881 753 lia
1906 700 2069 755 etiam
2094 701 2146 756 in
2172 701 2367 759 librum
2400 705 2477 759 De
2518 706 2871 764 ecclesiastica
2900 712 3219 781 hierarchia,
3244 731 3377 772 non-

1806 789 1933 845 dum
1969 806 1999 846 a
2036 808 2305 864 quoquam
2345 796 2508 867 (quod
2540 798 2731 870 sciam)
2774 804 3054 872 translata,
3083 822 3203 877 quae
3233 811 3377 867 edita

1808 890 1936 935 sunt
1989 881 2238 953 Basiieae,
2269 884 2321 939 in
2370 885 2578 943 officina
2626 889 2986 961 liervagiana,
3035 901 3301 956 converti.
3351 920 3371 954 ι

1803 968 2153 1041 Lngdunensi
2189 984 2312 1030 utor
2351 977 2587 1035 editione
2624 984 2765 1051 apud
2820 983 3141 1045 Gulielmum
3192 990 3376 1047 Rovil-

1802 1062 1959 1129 lium,
1994 1065 2151 1131 1585,
2188 1067 2343 1124 in-8°.

1872 1156 1927 1211 lu
1966 1158 2143 1214 fronte
2165 1159 2698 1221 Commentariorum
2731 1166 2971 1240 Dionysii
2998 1170 3369 1242 Cartbusiani,

1800 1260 1937 1317 quos
1970 1250 2109 1319 Iypis
2149 1252 2323 1308 editos
2346 1254 2582 1312 Coloniae
2612 1257 2750 1314 1556
2772 1260 3371 1331 adnotavimus,recen-

1800 1350 1949 1395 selur
1978 1342 2141 1396 etiam
2176 1342 2365 1400 Latina
2395 1347 2631 1403 Marsilii
2662 1349 2840 1407 Ficini
2869 1355 3226 1418 interpretatio
3267 1361 3374 1413 im-

1797 1432 2028 1499 per/ecta
2068 1443 2127 1488 ut
2159 1452 2274 1507 qua:
2324 1440 2494 1493 solum
2526 1441 2714 1497 Divina
2759 1442 2987 1499 Nomina
3039 1450 3285 1516 continet,
3320 1458 3371 1505 et

1797 1519 2077 1592 Mysticam
2106 1525 2458 1597 theologiam.
2520 1529 2616 1586 His
2650 1534 2902 1590 omnibus
2942 1535 3166 1591 nitidior
3195 1549 3250 1593 et
3279 1554 3370 1594 ac-

1796 1617 2038 1670 curatior
2088 1619 2298 1673 accedit
2358 1635 2421 1676 ea
2478 1638 2639 1693 quam
2698 1624 3033 1681 elucubravit
3088 1628 3371 1687 Balthasar

1795 1703 2091 1763 Corderius
2116 1708 2244 1765 Soe.
2273 1709 2421 1767 Jesu.
2450 1710 2506 1767 ln
2535 1713 2853 1783 praefatione
2883 1716 2960 1771 ait
3000 1717 3089 1772 ille
3113 1733 3129 1770 :
3160 1718 3368 1775 Novam

106 1788 487 1861 Scotigenae...
524 1808 553 1848 a
586 1796 843 1869 Dionysio
863 1809 1047 1856 nostro
1067 1801 1428 1861 Carthusiano
1452 1821 1550 1877 per
1575 1809 1657 1863 sin

1854 1815 1932 1853 mc
1961 1801 2244 1857 editionem
2276 1805 2534 1859 adornavi
2562 1823 2682 1859 cum
2719 1806 2915 1863 Latina
2958 1826 3073 1867 mea
3107 1811 3369 1884 interpre-

105 1880 237 1951 gula
276 1886 534 1955 capitula,
578 1903 746 1961 prepe
785 1892 851 1947 de
889 1892 1055 1948 verbo
1085 1894 1152 1949 ad
1189 1896 1434 1963 verbum,
1458 1886 1691 1970 explica-

105 1984 223 2041 tur,
254 1989 485 2048 excepto
514 1983 656 2050 quod
714 1984 767 2039 in
799 1986 1122 2057 quibusdam
1172 1987 1522 2062 Areopagitae
1570 1994 1688 2062 epi-

101 2064 264 2121 stolis
313 2067 766 2141 interpretandis,
814 2074 1205 2132 Carthusianus
1269 2060 1455 2135 noster
1517 2060 1690 2137 utitur

103 2156 467 2214 translatione
509 2160 732 2219 alterius
763 2166 1040 2235 cujusdam
1063 2168 1308 2232 Joannis,
1342 2186 1447 2226 non
1477 2188 1560 2240 re,
1592 2176 1685 2231 sed

100 2258 467 2317 cognomento
494 2251 777 2309 Sarraceni
801 2272 820 2310 :
851 2258 901 2311 in
925 2275 1062 2312 nona
1086 2274 1216 2314 vero
1240 2269 1293 2314 et
1315 2262 1515 2317 decima
1547 2265 1686 2335 (epi-

98 2339 290 2407 stola),
319 2341 741 2401 Camaldulensis
772 2349 1109 2421 (Ambrosii).
1146 2373 1165 2405 ι

174 2431 331 2487 Haud
385 2436 459 2490 ita
507 2439 684 2493 artatis
739 2442 949 2507 mediae,
1007 2444 1345 2518 maximeque
1394 2451 1681 2521 sequioris,

98 2522 237 2578 viris
292 2526 469 2583 doctis
502 2528 706 2598 placuit
746 2534 926 2589 versio
960 2532 1275 2608 Scotigemc,
1308 2542 1435 2610 quin
1487 2559 1680 2601 novam

97 2630 325 2686 cperam
358 2619 415 2673 in
443 2622 839 2680 transferendis
866 2625 1021 2683 libris
1042 2635 1095 2684 et
1122 2631 1364 2700 epistolis
1386 2636 1682 2707 Areopagi-

96 2708 227 2763 ticis
261 2710 613 2769 collocarent.
646 2715 782 2772 llinc
824 2720 1093 2776 secundus
1139 2722 1378 2778 laborem
1416 2727 1558 2784 hunc
1594 2742 1681 2786 as.

95 2799 334 2867 sumpsit
357 2800 503 2856 circa
536 2818 737 2859 annum
761 2806 899 2862 1118
927 2805 1166 2865 Joannes
1196 2808 1537 2883 Sarraeinus,
1562 2816 1679 2872 sive

96 2892 457 2962 Sarrasenus,
492 2907 551 2951 ut
580 2899 803 2954 adnotat
822 2899 1108 2957 Fabricius
1140 2903 1192 2958 in
1235 2902 1563 2961 Bibliotheca
1597 2907 1679 2962 ci-

96 2992 233 3039 tata.
267 2984 359 3042 Sic
390 3002 518 3043 vero
566 3004 790 3046 narrare
832 2993 1007 3063 pergit
1038 2994 1169 3050 ille:
1220 3012 1246 3051 ο
1282 2995 1473 3052 Latine
1519 3000 1678 3053 vertit

96 3074 475 3134 Hierarchiam
523 3081 759 3155 Dionysii
808 3085 1147 3158 Areopagit'c
1182 3088 1494 3159 (utramque
1532 3093 1675 3148 scili-

92 3181 200 3237 cet,
230 3172 532 3241 cmlestem,
566 3186 621 3231 et
649 3178 1119 3251 ecclesiasticam).
1150 3180 1356 3237 Viderit
1382 3183 1673 3252 Gesnerus,

90 3265 181 3334 qui
208 3264 262 3318 in
303 3264 630 3322 Bibliotheca
658 3283 753 3323 sua
786 3270 901 3325 ait:
937 3266 1298 3327 Sarracenum
1330 3274 1673 3330 transtulisse

92 3370 283 3413 omnes
340 3359 683 3429 Areopagitae
730 3360 920 3431 libros,
977 3378 1314 3434 excusosque
1370 3381 1492 3422 esse
1545 3383 1670 3423 cum

91 3446 344 3521 Dionysii
376 3450 725 3509 Cartliusiani
757 3453 1175 3513 Commentariis
1204 3458 1467 3527 Colonim,
1507 3473 1614 3519 etc.
1637 3482 1663 3512 ›

88 3538 145 3595 1η
174 3540 261 3597 bis
292 3543 483 3613 utique
513 3544 951 3616 Commentariis,
996 3550 1297 3622 eademque
1337 3552 1393 3609 in
1435 3554 1674 3613 editione

89 3631 403 3688 Coloniensi
431 3635 557 3689 anni
596 3634 755 3704 1556,
796 3638 1043 3708 impensis
1072 3639 1313 3708 Quentel,
1348 3654 1525 3699 exstat
1566 3645 1673 3699 La-

90 3724 199 3778 tina
231 3722 527 3780 Sarraceui
568 3728 745 3783 versio
788 3728 863 3784 De
901 3732 1094 3787 scelesti
1138 3734 1460 3803 hierarchia,
1501 3745 1553 3791 et
1595 3736 1671 3792 De

82 3817 448 3873 ecclesiastica
492 3820 825 3888 hierarchia,
879 3834 1109 3895 utraque
1170 3828 1349 3884 dicata
1411 3831 1671 3902 magistro

82 3907 276 3964 Joanni
306 3912 372 3966 de
396 3911 717 3970 Sarisberiis
741 3934 756 3970 :
792 3917 918 3972 item
949 3917 1140 3974 Latina
1168 3921 1348 3977 versio
1370 3921 1449 3978 De
1472 3925 1665 3979 divinis

84 4000 406 4067 nominibus,
437 4011 490 4057 et
532 4003 609 4059 De
644 4008 866 4076 mystica
898 4010 1177 4079 theologia,
1207 4020 1436 4083 utraque
1461 4016 1669 4085 pariter

86 4091 150 4145 ad
187 4091 435 4147 Odonem
486 4093 674 4151 Sancti
725 4099 965 4170 Dionysii
1010 4103 1260 4158 abbatem
1314 4115 1660 4177 nuncupata:

87 4181 321 4254 itemque
354 4186 571 4241 demum
627 4187 821 4245 Latina
873 4193 1053 4249 versio
1105 4195 1447 4263 epistularum
1503 4200 1665 4255 unde-

88 4276 203 4329 cim.

155 4366 398 4425 Tertium
428 4386 658 4428 numero
687 4373 1020 4431 Ambrosium
1062 4389 1347 4450 oratorem,
1379 4389 1433 4435 et
1478 4398 1661 4437 mona-

1797 1891 1995 1944 tatione
2021 1905 2040 1943 :
2069 1909 2188 1962 qui:
2225 1897 2429 1950 caeteris
2458 1897 2625 1969 (quod
2661 1909 2797 1955 certe
2821 1912 3039 1958 conatus
3061 1905 3199 1977 sum)
3224 1922 3370 1976 pres-

1794 1981 1927 2047 sius,
1963 1991 2013 2035 et
2048 1984 2267 2049 clarius,
2295 1996 2448 2057 atque
2478 1990 2732 2060 theologis
2762 1997 3231 2062 accommodatius,
3255 2014 3369 2054 cer-

1794 2075 1977 2129 borum
2008 2078 2122 2148 ejus
2150 2082 2250 2134 vim
2282 2082 2420 2151 (qua:
2464 2084 2531 2137 iis
2569 2085 2700 2138 inest
2740 2087 3006 2158 maxime).
3033 2091 3360 2160 exprimeret,

1791 2178 1839 2221 et
1880 2168 2015 2238 siglo
2054 2170 2212 2238 plano
2242 2190 2451 2228 sensum
2474 2175 2711 2231 redderet
2735 2179 3043 2246 genuinum.

1862 2260 1925 2312 ll.
1954 2258 2096 2315 Loca
2126 2271 2305 2317 tamen
2330 2264 2508 2334 aliqua
2536 2267 2909 2338 Areopagitica
2934 2269 3147 2327 felicius
3180 2282 3366 2329 trans-

1790 2344 1916 2399 ferri
1976 2347 2028 2401 in
2070 2347 2321 2405 Latinum
2391 2354 2630 2422 potuisse
2670 2358 3029 2414 observarunt.
3060 2362 3160 2417 viri
3196 2365 3364 2421 docti.

1789 2426 2105 2505 Exemplum
2131 2438 2300 2493 affero
2331 2457 2397 2496 ex
2436 2446 2615 2513 capite
2646 2445 2681 2499 2
2732 2447 2808 2501 De
2835 2451 3025 2505 divinis
3046 2455 3363 2523 nominibus,

1786 2527 1874 2581 ubi
1905 2524 1932 2599 §
1963 2527 1994 2581 6
2023 2530 2097 2582 sic
2119 2530 2270 2585 habet
2298 2542 2467 2589 textus
2500 2533 2719 2592 Graecus
2750 2552 2768 2590 :
2801 2542 3151 2616 Διακέκριται
3178 2544 3235 2597 δὲ
3264 2546 3366 2617 τῆς

1784 2617 2203 2691 ἀγαθοπρεποῦς
2231 2624 2309 2686 εἰς
2352 2627 2499 2695 ἡμᾶς
2531 2624 2836 2701 Θεουργίας,
2866 2632 2927 2685 τὸ
2955 2634 3075 2687 καθ’
3107 2635 3271 2706 ἡμᾶς,
3305 2636 3365 2703 ἐξ

1783 2710 1958 2781 ἡμῶν,
1988 2711 2182 2776 ὀλικῶς
2213 2716 2305 2769 καὶ
2326 2718 2541 2789 ἀληθῶς
2566 2723 2893 2796 οὐσιωθῆναι
2920 2726 3014 2780 τὸν
3044 2728 3362 2799 ὑπερούσιον

1781 2802 1974 2871 Λόγον,
2006 2805 2101 2858 καὶ
2144 2807 2335 2876 δρᾶσαι
2365 2810 2459 2862 καὶ
2502 2812 2693 2867 παθεῖν
2736 2815 2835 2869 ὅσα
2878 2817 2980 2888 τῆς
3010 2818 3363 2894 ἀνθρωπικῆς

1780 2894 1945 2948 αὑτοῦ
1975 2895 2262 2969 οεουργίας
2293 2900 2440 2955 ἐστὶν
2486 2902 2712 2976 ἔκκριτοι
2740 2907 2834 2958 καὶ
2864 2907 3130 2980 ἐξαίρετα.
3168 2910 3362 2967 Sarra-

1781 2986 1901 3041 ceui
1955 2989 2237 3046 translatio
2288 2992 2403 3049 haec
2452 3003 2573 3050 est:
2646 2995 2940 3052 Discretum
2997 3011 3167 3055 autem
3209 3010 3283 3056 est
3322 3022 3355 3059 a

1784 3078 2004 3150 benigna
2025 3082 2093 3135 ad
2121 3099 2215 3137 nos
2252 3084 2432 3140 divina
2467 3090 2787 3156 operatione,
2818 3096 3105 3151 secundum
3146 3116 3263 3167 nos,
3294 3118 3360 3158 ea:

1781 3172 1953 3237 nobis,
1986 3173 2217 3229 totaliter
2237 3186 2286 3230 et
2316 3193 2433 3233 vere
2454 3181 2801 3238 substantiam
2827 3186 3024 3255 factum
3049 3207 3157 3245 esse
3179 3210 3357 3264 super-

1777 3262 2128 3320 substantiale
2159 3264 2387 3322 Verbum
2416 3282 2435 3321 :
2465 3270 2662 3340 facere,
2685 3283 2730 3327 et
2762 3277 2873 3344 pati
2913 3262 3354 3353 quaecunquehu-

1778 3370 1951 3408 mana:
1988 3355 2152 3425 ipsius
2195 3360 2650 3428 contemplationis
2680 3376 2800 3420 sunt
2847 3367 3008 3424 electa
3047 3383 3094 3426 et
3132 3387 3350 3433 semota.

1782 3442 1985 3500 Vocum
2036 3445 2284 3515 illarum,
2328 3451 2437 3519 τῆς
2481 3454 2859 3528 ἀνθρωπικῆς
2912 3462 3098 3519 αὐτοῦ
3153 3469 3355 3536 Occup-

1775 3536 1926 3605 γίας,
1974 3537 2194 3597 minime
2226 3541 2309 3597 vis
2358 3546 2722 3614 exprimitur:
2762 3550 2870 3608 imo
2902 3557 3166 3624 θεωρίας,
3228 3576 3355 3614 con-

1779 3629 2156 3700 templationis,
2201 3632 2395 3700 legisse
2431 3639 2648 3696 videtur
2693 3643 2959 3714 interpres
3008 3662 3109 3717 pro
3148 3654 3352 3720 θεουρ-

1773 3722 1924 3790 γίας.
1957 3722 2132 3779 Minus
2176 3726 2343 3782 etiam
2381 3740 2633 3786 accurata
2667 3735 2881 3791 videtur
2913 3739 3192 3795 translatio
3222 3741 3354 3799 Sco-

1776 3812 1989 3883 tigenae,
2031 3826 2079 3871 et
2130 3820 2359 3889 operari,
2405 3831 2453 3875 et
2500 3825 2614 3892 pati
2642 3842 2965 3898 quiscunque
3006 3831 3350 3886 humanitatis

1771 3905 1887 3975 ejus
1948 3908 2126 3964 divina
2181 3914 2390 3968 actione
2435 3925 2558 3970 sunt
2598 3919 2860 3985 discreta,
2905 3930 2956 3974 et
3003 3938 3204 3977 summe
3251 3923 3351 3977 nti-

1771 3998 1961 4054 randa.
2008 3999 2243 4072 Legebat
2280 4003 2515 4064 fortasse
2569 4008 2950 4080 ἀνθρωπηΐης
2996 4028 3096 4083 pro
3123 4015 3349 4084 ἀνθρω-

1769 4088 1970 4157 πικῆς.
2000 4089 2319 4150 Feliciorem
2351 4110 2459 4151 non
2497 4096 2663 4154 habet
2707 4101 3009 4158 versionem
3032 4103 3351 4162 Ambrosius

1771 4183 2203 4243 Camaldulensis
2232 4209 2243 4244 :
2276 4205 2441 4260 eaque
2469 4200 2520 4246 et
2558 4202 2714 4262 gessit
2752 4203 2807 4249 et
2829 4196 3041 4264 pertulit
3068 4212 3188 4267 quin
3227 4209 3351 4253 sunt

1767 4276 2012 4331 humana:
2033 4279 2146 4349 ejus
2169 4282 2539 4352 assumptionis
2559 4285 2721 4340 electa
2744 4294 2901 4358 atque
2920 4290 3203 4361 prazcipua.
3234 4292 3345 4346 Vo-

1766 4386 1880 4427 cem
1897 4375 2205 4445 θεουργίας
2224 4376 2357 4432 satis
2370 4392 2475 4433 non
2486 4379 2757 4451 exprimit.
2772 4379 3103 4452 Imperfectis
3128 4384 3344 4439 demum

91 4461 233 4517 cltum
258 4462 691 4520 Camaldulensis
716 4466 942 4535 ordinis,
973 4476 1031 4522 ut
1058 4469 1372 4527 inscribitur
1391 4472 1445 4527 in
1468 4478 1658 4530 eodem

1854 4470 1893 4517 it
1939 4462 2177 4519 Perionii
2212 4474 2267 4520 et
2296 4465 2544 4523 Corderii
2574 4469 2855 4524 versiones
2884 4490 2896 4525 :
2950 4469 3064 4535 illa,
3094 4470 3341 4540 fecitque,

88 4554 317 4622 Dionysii
361 4555 715 4613 Cartbusiani
764 4559 1058 4627 volumine,
1105 4563 1248 4633 quod
1294 4564 1559 4636 integram
1591 4567 1660 4621 ab

87 4648 260 4702 eodem
302 4648 611 4703 confectam
642 4650 980 4723 AreOpagitae
1024 4652 1307 4722 librorum,
1349 4666 1404 4712 et
1439 4657 1654 4727 Episto-

87 4732 245 4795 larum
284 4740 542 4796 undecim
578 4744 882 4799 versionem
928 4752 1167 4813 prtestat.
1202 4744 1244 4798 Τ
1250 4748 1529 4802 raversarii
1564 4763 1659 4803 co-

86 4844 304 4897 gnomen
334 4831 452 4900 ejus
481 4840 586 4900 est,
621 4848 686 4890 ac
715 4835 973 4904 oppidum
1007 4834 1209 4892 Portici
1238 4852 1399 4907 supra
1428 4837 1656 4893 Forum-

86 4918 282 4989 livium,
322 4921 525 4991 patria.
556 4921 903 4979 Celeberrimi
938 4924 1134 4980 smculo
1178 4926 1407 4981 cadente
1446 4926 1655 4983 decimo

86 5024 287 5081 quarto,
328 5015 661 5086 labenteque
694 5018 886 5086 quinto
920 5018 1129 5073 decimo
1158 5019 1441 5090 scriptoris
1480 5019 1654 5092 elogia

89 5112 256 5160 texunt
280 5106 671 5176 bibliographi.
712 5106 1137 5164 Praeclarissime
1172 5110 1239 5166 de
1280 5124 1346 5165 eo
1377 5111 1653 5166 disseren-

87 5202 175 5245 tem
206 5194 323 5263 lege
342 5195 662 5264 Apostolum
690 5196 894 5253 chum
920 5200 976 5254 in
1007 5199 1482 5255 Dissertationibus
1522 5199 1653 5255 Vos-

84 5287 229 5341 sianis
258 5286 447 5343 ltalice
480 5290 719 5358 scriptis,
747 5298 881 5346 tom.
908 5290 951 5348 Ι.

140 5378 373 5445 Quartus
416 5391 503 5435 est
540 5380 851 5439 Joacbimus
895 5385 1216 5455 Perionius,
1269 5387 1651 5447 Bcnedictinus

83 5470 573 5528 Cormoeriacenus.
605 5474 923 5533 Versionem
963 5494 1116 5534 suam
1155 5479 1405 5534 Latinam
1440 5495 1651 5536 nuncu-

82 5572 156 5627 pat
190 5563 456 5622 cardinaii
508 5565 926 5623 Vindocinensi.
971 5570 1027 5625 In
1078 5571 1304 5641 epistola
1343 5570 1468 5625 data
1518 5570 1644 5629 Kal.

82 5652 197 5710 Maii
241 5659 403 5723 1555,
452 5659 532 5715 sic
586 5660 799 5715 habet:
854 5680 873 5713 ι
915 5663 1172 5718 Converti
1222 5673 1401 5719 autem
1463 5666 1647 5720 omnia

81 5746 175 5813 eius
195 5766 361 5823 opera
394 5765 517 5822 quin
539 5764 775 5818 exstant,
809 5755 858 5807 id
889 5764 969 5807 est
1002 5754 1075 5810 οε
1101 5756 1296 5813 caelesti
1336 5756 1644 5813 hierarchia

374 5848 645 5912 l’unon.
692 5848 811 5908 (in.
859 5849 968 5910 ΙΙΙ.

1768 4563 1818 4609 et
1868 4571 2056 4624 passus
2106 4565 2182 4611 est
2228 4558 2429 4627 omnia,
2476 4575 2594 4628 qua:
2615 4560 2862 4615 humana:
2907 4560 3071 4631 ipsius
3122 4560 3343 4615 actionis

1768 4649 2037 4719 prtecipua
2081 4661 2202 4705 sunt
2234 4661 2282 4705 et
2313 4650 2608 4719 singularia
2636 4664 2656 4703 .‘
2700 4652 2834 4718 ista,
2890 4668 3053 4723 eaque
3105 4655 3339 4723 gesserit,

1769 4741 2079 4811 tuleritque,
2102 4759 2220 4812 qua:
2242 4742 2490 4799 humanm
2511 4744 2675 4815 ipsius
2705 4745 2927 4800 actionis
2939 4747 3203 4817 prwcipua
3218 4755 3341 4800 sunt

1750 4842 1807 4897 et
1836 4834 2150 4904 singularia.

1830 4922 1909 4978 lta
1938 4939 2066 4980 vero
2099 4933 2303 4981 textum
2328 4926 2647 4982 vertendum
2666 4928 2820 4999 jubet
2845 4928 3075 4986 Michael
3105 4929 3365 5000 Lequie-~

1762 5030 1865 5070 nus
1894 5014 2287 5073 Dissertationc
2346 5032 2387 5073 ιι
2434 5018 2847 5088 Damascenica,
2886 5038 3035 5078 num.
3068 5022 3186 5089 XV,
3223 5040 3341 5095 ege-

1760 5106 1952 5177 ritque,
1982 5117 2030 5161 et
2062 5124 2333 5177 perpessus
2360 5110 2430 5163 sit
2465 5112 2657 5166 eximia
2686 5129 2919 5184 qumque,
2952 5122 3001 5167 et
3030 5116 3337 5170 excellentia

1758 5198 2215 5254 humano-divina!
2273 5201 2575 5271 efficientia
2620 5221 2795 5273 opera.
2842 5204 2992 5260 lianc
3038 5212 3137 5261 suo
3200 5217 3337 5263 tem-

1759 5305 1918 5360 pore,
1948 5300 2042 5345 aut
2068 5307 2098 5345 a
2122 5307 2203 5360 se,
2231 5302 2327 5347 aut
2357 5295 2426 5349 ab
2448 5295 2570 5351 aliis
2595 5294 2926 5360 confectam,
2955 5296 3091 5351 vidit
3114 5308 3335 5353 sanctus

1757 5382 2001 5438 Thomas
2038 5383 2287 5454 Aquinas
2317 5387 2646 5454 versionem,
2676 5397 2731 5443 et
2754 5385 2999 5443 adhibuit
3042 5404 3103 5445 ιιι
3130 5407 3205 5458 p.,
3237 5406 3333 5460 qu.

1753 5487 1868 5541 xu,
1898 5483 2003 5529 art.
2038 5476 2091 5543 1,
2126 5476 2176 5530 in
2208 5490 2325 5546 arg.
2355 5477 2403 5543 1,
2434 5480 2641 5548 cperari
2669 5489 2717 5533 et
2744 5481 2855 5550 pati
2879 5497 3200 5552 qua'cunque
3228 5482 3335 5536 hu-

1752 5582 1928 5621 mana:
1949 5567 2066 5635 ejus
2108 5567 2401 5638 divinaeque
2450 5571 2742 5637 operationi
2778 5581 3095 5642 congruunt.
3128 5572 3331 5641 Nempe

1753 5660 1957 5731 Doctor
1998 5659 2294 5728 Angeiicus
2332 5674 2432 5729 pro
2486 5676 2582 5715 sua
2609 5662 2828 5732 peritia,
2871 5679 3077 5736 proque
3114 5679 3175 5719 ea
3219 5676 3331 5734 qua

1750 5753 1984 5822 pollebat
2021 5753 2225 5823 ingenii
2250 5755 2330 5819 vi,
2360 5753 2475 5810 suis
2504 5756 2556 5811 in
2594 5759 2850 5827 operibus
2884 5759 3043 5816 modo
3078 5757 3322 5827 sequitur
