3748 6308
149 301 223 356 77
1507 296 2038 355 PBOLEGOMENA.
2233 286 2239 290 ”
3323 299 3387 355 78

149 422 293 472 tione
320 418 426 470 ista
451 413 583 470 novti
615 417 758 488 sequi
789 417 980 481 libuit;
1011 416 1242 484 adeoque
1283 415 1428 482 prior
1456 415 1673 537 huiusce
1704 415 1871 480 operis
1901 426 2090 474 tomus,
2120 415 2208 483 qui
2236 412 2295 468 S.
2329 413 2569 482 Dionysii
2597 424 2890 468 contextum
2931 414 3221 468 universum
3269 433 3386 470 cum

151 487 500 537 Pachumeraz
536 485 863 537 Paranhrasi
888 487 1137 537 continet.
1165 503 1230 537 ea:
1252 490 1485 537 versione
1542 485 1751 536 'orderii
1788 485 2136 537 concinnatus
2157 495 2252 537 est.
2278 501 2395 537 cum
2424 485 2655 537 eiusdem
2681 487 3039 537 natationibus
3064 485 3133 536 ad
3157 490 3386 537 sinuato-

151 487 500 555 Pachymeraz
536 485 863 553 Paraphrasi
888 487 1137 545 continet.
1165 503 1230 539 ea:
1252 490 1485 538 versione
1511 485 1751 537 Corderii
1788 485 2136 537 concinnatus
2157 495 2252 545 est.
2278 501 2395 538 cum
2424 485 2655 555 ejusdem
2681 487 3039 538 natationibus
3064 485 3133 536 ad
3157 490 3390 553 singulo-

149 575 270 611 rum
297 554 526 618 capitum
559 557 754 609 calcem
783 557 1024 623 adjectis.
1055 557 1207 620 Quod
1249 556 1318 608 ad
1347 555 1685 620 posteriorem
1732 571 1850 607 uero
1883 563 2079 606 tomum
2109 564 2326 619 spectat,
2353 571 2454 623 quo
2487 554 2548 610 S.
2598 555 2824 608 Maximi
2867 555 3106 616 Scholia,
3155 557 3390 623 variique

150 635 416 682 tractatus
443 627 557 689 alii,
583 637 629 679 et
661 627 1004 694 complurium
1030 637 1304 678 auctorum
1339 625 1393 694 in
1420 625 1572 676 istius
1604 633 1710 675 tam
1739 624 1901 675 divini
1932 624 2167 676 auctoris
2202 625 2358 677 vitam
2403 635 2491 677 aut
2531 627 2721 691 scripta
2745 625 3143 678 dissertationes
3174 635 3224 694 et
3253 638 3389 679 nota:

150 698 528 759 continentur;
568 693 806 764 quaidain
831 697 883 747 in
907 713 964 748 eo
983 711 1046 747 ex
1073 696 1302 748 versione
1332 693 1607 764 Lansselii,
1636 705 1681 746 et
1723 694 1830 744 alia
1860 694 2113 764 quantum
2153 710 2224 764 ea;
2257 695 2482 748 editione
2512 694 2746 748 Corderii
2772 694 3137 764 deprehendes.
3167 693 3231 747 Et
3255 711 3388 764 quo—

148 768 295 818 niam
326 765 382 818 id
431 762 612 830 optare
647 767 905 834 quispiam
935 767 1183 830 potuerit,
1226 775 1281 816 ut
1328 765 1442 834 ipsa
1481 763 1542 820 S.
1577 763 1800 834 Maximi
1845 762 2081 834 Scholia,
2115 775 2164 817 et
2193 762 2534 832 Pachymeraz
2581 765 2632 816 in
2666 765 2930 832 Epistolas
2977 762 3384 830 Paraphrasivn,

147 836 312 887 simul
342 852 458 887 cum
511 831 738 888 aliorum
766 831 1017 887 omnium
1049 851 1258 900 operum
1317 833 1640 898 Paraphrasi
1686 833 1884 900 reliqua
1919 842 1964 903 et
2000 831 2240 903 Corderii
2295 831 2564 888 adnotatis
2595 835 2662 886 ad
2703 831 3031 903 singulorum
3079 833 3389 902 Dionysiani

149 914 327 958 textus
352 907 581 964 capitum
614 907 946 969 appendicem
969 905 1151 956 eadem
1184 905 1344 956 series
1367 903 1628 955 exhiberet
1653 919 1670 965 ;
1695 918 1755 954 ne
1784 919 1880 954 suo
1914 902 2016 954 isto
2043 901 2225 956 Lector
2249 915 2362 958 rato
2391 905 2597 957 excidat
2623 914 2668 956 et
2703 901 2984 972 frustratus
3009 904 3171 956 videri
3198 901 3386 970 possit,

147 978 219 1025 ad
255 975 465 1042 singula
496 976 611 1040 ipsa
659 973 872 1042 praefati
905 985 1074 1026 testas
1109 975 1280 1041 capita
1307 989 1395 1025 seu
1443 988 1619 1024 eorum
1653 972 1982 1037 appendicem
2018 985 2067 1023 et
2107 973 2300 1026 calcem
2333 975 2529 1028 indices
2573 983 2722 1026 notas
2768 975 3079 1039 adjecimus,
3110 989 3226 1042 qua:
3277 984 3390 1026 tum

146 1045 220 1095 ad
246 1041 486 1104 Scholia,
514 1056 620 1095 tum
660 1047 726 1095 ad
775 1041 1154 1107 Paraphrasim
1199 1044 1540 1100 antedictam,
1589 1043 1874 1112 designatis
1903 1042 2152 1094 editionis
2191 1045 2462 1112 utriusque
2491 1044 2720 1112 paginis,
2749 1053 2959 1096 avocent
2998 1059 3058 1095 ac
3098 1041 3388 1098 remittant.

148 1112 242 1166 Ita
277 1131 370 1166 nec
403 1115 573 1165 minus
623 1114 912 1166 curiositati
946 1113 1275 1180 satisfactum
1318 1113 1494 1180 fuerit,
1529 1126 1619 1163 nec
1647 1110 1847 1177 aliquid
1878 1112 2096 1165 utilitati
2127 1110 2443 1175 detractum,
2476 1110 2574 1166 aut
2610 1114 2888 1180 legentium
2921 1112 3173 1179 voluptati
3200 1129 3219 1176 ;
3271 1127 3390 1179 quae

147 1189 399 1249 utrinque
426 1194 533 1235 tam
563 1186 740 1235 eadem
772 1198 926 1249 quam
954 1183 997 1234 si
1022 1200 1124 1234 uno
1150 1193 1328 1235 tenore
1357 1183 1456 1234 ista
1489 1191 1832 1249 contectaque
1856 1191 2178 1234 constarent.
2209 1181 2358 1235 Nihil
2393 1186 2654 1236 enimvero
2688 1183 2742 1235 in
2771 1183 2973 1236 caeteris
3001 1184 3390 1249 quanticunque

145 1248 319 1304 studii
347 1253 493 1305 licuit
533 1248 963 1319 pra’termissum,
1013 1254 1150 1321 quod
1177 1253 1244 1303 ad
1299 1267 1479 1303 noram
1513 1248 1648 1302 hanc
1689 1251 1969 1321 editionem
2019 1266 2082 1302 ea:
2127 1256 2357 1304 omnium
2401 1255 2530 1305 votis
2561 1265 2607 1306 et
2653 1253 2826 1304 animo
2868 1248 3279 1306 cumulatissime
3302 1248 3391 1302 in-

146 1324 460 1374 struendam
510 1322 829 1392 acinumeris
877 1319 1112 1374 omnibus
1149 1322 1514 1374 absolvendum
1563 1322 1864 1386 pertineret,
1904 1319 2056 1374 lectio
2096 1323 2208 1390 ipsa
2237 1324 2450 1388 certius,
2491 1340 2651 1392 quam
2682 1325 2954 1377 verborum
3004 1321 3387 1375 commendatio

144 1393 528 1459 camprobabit.
577 1391 722 1447 Vale.

967 1593 3384 1617 W

1349 1753 2218 1869 COBDEBII

261 1969 928 2033 OBSERVATIONES
964 1969 1439 2033 GENERALES
1483 1969 1640 2031 PRO
1675 1968 2084 2032 FAClLlORl
2125 1968 2748 2029 lNTELLlGENTIA
2781 1969 2841 2030 S.
2880 1969 3261 2030 DlONYSll.

1667 2159 1734 2169 ...-

567 2315 1002 2372 OBSERVATIO
1044 2313 1279 2369 PRIMA.

133 2428 274 2485 Tota
318 2428 562 2483 doctrina
605 2430 779 2482 sancti
827 2429 1062 2498 Dionysii
1103 2427 1352 2481 innititur
1381 2424 1541 2498 uerbo
1589 2422 1704 2498 Dei.

211 2500 531 2555 Substantia
560 2510 752 2552 nostra:
776 2494 1104 2551 Hierarchia:
1133 2499 1340 2551 uerbum
1371 2494 1483 2547 Dei.
1502 2495 1710 2547 Descri-

1732 2314 1779 2371 Α
1807 2307 1952 2371 νοῦν,
1984 2307 2073 2361 διὰ
2101 2307 2264 2377 μέσου
2299 2307 2458 2375 λὸγου
2503 2307 2812 2376 σωματικοῦ
2846 2307 2962 2377 μὲν,
3010 2305 3296 2376 ἀῦλοτέρου
3328 2307 3385 2359 δὲ

1811 2399 1990 2468 ὅμως,
2019 2398 2239 2470 γραφῆς
2273 2399 2447 2462 ἐκτὸς,
2482 2399 2530 2450 οί
2562 2398 2932 2469 καθηγεμόνες
2957 2397 3114 2468 ἡμῶν
3144 2398 3386 2468 ἐμυήθη-

1816 2505 1932 2542 σαν.
1983 2508 2002 2542 ι
2047 2491 2101 2544 Id
2142 2498 2265 2544 est:
2300 2490 2611 2543 Substantia
2657 2492 2794 2543 enim
2828 2490 3142 2543 hieiarchia:
3189 2501 3386 2542 nostra

206 2572 318 2636 ptio
349 2569 640 2636 Scripturtc
676 2581 722 2622 et
753 2569 1125 2621 traditionutn.

211 2683 440 2752 Magnus
466 2683 726 2754 Dionysiu
745 2700 780 2750 ς,
811 2692 870 2737 ut
897 2683 1113 2752 sapiens
1141 2682 1470 2737 architectus
1487 2680 1554 2746 θ’,
1589 2691 1710 2748 ope-

135 2791 258 2830 rum
321 2791 544 2830 suorum
600 2777 1015 2830 fundamentum
1065 2775 1246 2845 posuit
1293 2773 1516 2829 verbum
1577 2772 1705 2835 Dei.

137 2885 266 2922 cum
301 2869 606 2939 scriptum,
643 2878 753 2921 tum
803 2869 1090 2933 traditum;
1134 2867 1302 2934 probe
1343 2866 1523 2919 sciens
1573 2863 1708 2918 nihil

135 2959 228 3013 illo
274 2975 398 3015 esse
447 2961 720 3026 stabilius,
754 2961 885 3014 nihil
929 2961 1156 3026 ﬁrmius,
1191 2959 1406 3014 dicente
1438 2957 1704 3013 Domino:

135 3049 337 3104 Ctzlum
375 3060 427 3105 et
475 3063 616 3104 terra
663 3053 987 3115 transibunt,
1017 3055 1174 3107 verba
1224 3061 1400 3106 autem
1447 3067 1562 3104 mea
1605 3068 1707 3106 non

133 3144 434 3196 transibunt
457 3145 526 3198 7°.
561 3143 698 3198 Huic
727 3160 860 3214 ergo
885 3145 1196 3200 ﬁrmissimo
1223 3146 1575 3202 fundamento
1598 3156 1706 3203 tota

135 3235 261 3305 ejus
299 3237 550 3292 doctrina
599 3237 987 3291 sublimissima
1040 3238 1307 3293 innititur.
1350 3239 1429 3293 Ac
1468 3242 1703 3308 primum

132 3330 356 3398 quidem
383 3339 543 3398 caput
575 3329 810 3384 Caelestis
841 3331 1152 3385 hierarchia:
1189 3339 1362 3386 totum
1395 3341 1479 3388 est
1517 3335 1582 3389 de
1612 3349 1706 3388 sa-

129 3441 222 3480 cra
261 3425 583 3494 Scriptura,
638 3426 876 3488 docens,
917 3425 1033 3493 ejus
1077 3424 1438 3482 illustratione
1485 3429 1550 3482 ad
1588 3444 1702 3484 caa-

129 3517 350 3571 lestium
381 3531 562 3570 rerum
583 3514 983 3584 indagationem
1007 3518 1483 3588 cognitionemque
1508 3533 1704 3574 ascen-

129 3607 369 3659 dendum
405 3620 547 3660 esse.
572 3605 764 3675 Capite
800 3608 1058 3673 secundo,
1093 3606 1341 3662 cmlestes
1369 3608 1638 3664 hierarchi
1661 3625 1704 3666 .s

130 3700 206 3751 ait
239 3712 364 3753 esse
421 3697 772 3752 celebrandas
804 3716 824 3749 ι
853 3698 994 3751 κατὰ
1029 3699 1129 3769 τὴν
1165 3700 1343 3754 αὐτῶν
1375 3701 1434 3753 ὲν
1466 3706 1578 3764 τοῖς
1601 3703 1702 3755 Λο-

124 3794 267 3862 γίοις
324 3791 725 3861 ὲκεραντορίαν,
772 3807 791 3840 s
835 3791 887 3844 id
943 3801 1027 3844 est
1072 3793 1356 3845 secundum
1399 3795 1700 3846 earumdem

129 3885 418 3952 mysticam
462 3883 516 3934 in
567 3881 812 3935 Oraculis
869 3883 1309 3950 explanationem.
1366 3885 1430 3936 Et
1473 3900 1592 3954 cap.
1633 3887 1697 3939 6:

133 3995 152 4027 ι
185 3971 400 4028 οὐκοῦν
421 3977 580 4045 ἡμεῖς
616 3977 712 4045 μὲν
741 3976 890 4029 οὐδὲν
916 3976 1281 4046 αὐτοκινήτως
1316 3977 1574 4048 ἐροῦμενο
1602 3981 1702 4034 ὅσα

125 4068 182 4121 δὲ
208 4067 322 4120 τῶν
347 4067 651 4135 ἀγγελικᾶΝ
677 4067 964 4138 Θεαμάτων
996 4068 1102 4120 ὑπὸ
1121 4069 1228 4120 τῶν
1257 4069 1416 4139 ἱερῶν
1440 4069 1702 4140 θεολόγων

125 4163 433 4234 ὲΘεωρήΘη,
461 4163 636 4216 ταῦτα
661 4163 959 4234 μυηθέντες
986 4166 1163 4234 ἡμεῖς,
1189 4165 1264 4228 ὼς
1293 4160 1392 4218 οἶοί
1421 4167 1481 4219 τέ
1512 4169 1699 4238 ἐσμεν,

125 4254 492 4325 ὶκθησόμεθα.
535 4274 552 4307 ι
591 4255 774 4325 Itaque
807 4272 900 4308 nos
929 4257 1137 4324 quidem
1164 4257 1294 4309 nihil
1323 4267 1464 4311 motu
1490 4260 1704 4327 proprio

130 4343 391 4406 dicemus,
423 4344 535 4408 sed,
567 4360 682 4413 qua:
722 4345 958 4414 angelica
1004 4346 1299 4413 spectacula
1330 4350 1526 4402 sanctis
1557 4351 1705 4404 theo-

127 4432 261 4502 logis
301 4435 417 4487 visa
463 4435 700 4502 fuerint,
748 4435 938 4499 edocti,
985 4453 1081 4504 pro
1129 4438 1326 4490 viribus
1363 4455 1698 4506 exponemus.

129 4521 291 4578 Libro
329 4527 494 4578 etiam
544 4523 622 4578 De
665 4525 1021 4579 ecclesiastica
1070 4527 1402 4593 hierarchia,
1453 4544 1573 4600 cap.
1621 4533 1642 4586 1
1682 4549 1697 4587 :

134 4611 530 4678 Hierarchiam,
580 4615 776 4686 inquit,
812 4628 1045 4671 nostram
1079 4618 1186 4672 Deo
1219 4619 1394 4674 insita:
1420 4637 1482 4675 ac
1509 4623 1700 4677 divinae

133 4701 435 4772 dei/ictaque
463 4704 722 4769 scientite,
757 4720 850 4757 nec
893 4721 996 4758 non
1034 4707 1317 4775 aﬂlationis
1345 4718 1396 4763 et
1423 4709 1703 4779 perfectio-

132 4795 206 4846 nis
233 4811 345 4847 esse
369 4795 714 4862 functionem,
745 4814 762 4845 ι
793 4796 856 4847 ὲκ
878 4797 985 4848 τῶν
1010 4798 1396 4870 ὑπερκοσμίων
1428 4804 1522 4854 καὶ
1548 4803 1702 4872 ἱερω-

128 4883 301 4936 scith
333 4885 480 4954 ἡμᾶς
523 4883 1028 4953 ἀποδείξαιΛογίων
1060 4890 1188 4959 χρή,
1232 4909 1249 4940 ›
1300 4891 1350 4944 id
1383 4900 1467 4945 est
1500 4908 1566 4945 ex
1611 4909 1704 4946 su-

1811 2589 1932 2632 sunt
1964 2581 2213 2635 divinitus
2237 2581 2435 2635 tradita
2461 2581 2949 2637 oracula.’Maa:'me
2978 2598 3093 2637 vero
3122 2582 3221 2635 ista
3247 2579 3386 2636 Ora-

1813 2670 1932 2724 cula
1974 2669 2195 2725 dicimus
2222 2672 2538 2734 ueneranda,
2568 2690 2684 2741 qutc
2722 2691 2752 2726 a
2782 2674 2950 2747 sacris
2983 2674 3172 2726 nostris
3201 2672 3384 2726 initia-

1813 2761 2014 2814 toribus
2035 2799 2050 2825 ,
2083 2761 2260 2815 divino
2310 2761 2511 2830 Spiritu
2558 2762 2770 2831 amatis,
2800 2763 2855 2816 in
2897 2761 3189 2830 Scripturis
3219 2765 3385 2817 sacris

1811 2850 2062 2918 librisque
2100 2851 2408 2920 theologicis
2435 2851 2630 2904 tradita
2677 2853 2825 2906 nobis
2856 2863 3018 2918 sunt;
3059 2853 3138 2906 uti
3170 2863 3219 2908 et
3263 2854 3378 2919 illa,

1810 2958 1927 3012 qua:
1959 2943 2022 2994 ab
2065 2941 2249 2993 iisdem
2296 2942 2425 2994 uiris
2458 2944 2652 2995 sanctis
2695 2930 2962 2996 subtiliori
3011 2959 3114 2997 non
3166 2945 3380 2999 omnino

1811 3032 2087 3097 dissitafab
2132 3032 2314 3086 ordine
2352 3031 2542 3085 cmlesti
2585 3033 2973 3098 insinuatione,
3005 3034 3070 3088 de
3112 3045 3282 3090 mente
3327 3038 3383 3090 in

1811 3136 2051 3187 mentem,
2081 3125 2346 3178 mediante
2369 3124 2544 3190 verbo,
2564 3140 2812 3190 corporeo
2842 3126 3049 3194 quidem
3079 3125 3191 3190 illo,
3224 3128 3383 3182 simul

1814 3227 1987 3270 tamen
2028 3217 2404 3282 immateriato,
2440 3219 2551 3270 sine
2585 3218 2898 3284 scriptione,
2935 3218 3257 3272 institutores
3285 3237 3382 3273 no-

1811 3309 1910 3360 stri
1940 3325 2092 3361 sacra
2133 3309 2364 3378 quadam
2396 3308 2724 3360 traductione
2753 3316 2874 3358 sunt
2899 3306 3090 3360 edocti.
3129 3308 3228 3362 Ubi
3259 3325 3381 3363 ver-

1813 3398 1942 3454 bum
2008 3399 2104 3454 Dei
2171 3411 2279 3453 tam
2327 3401 2591 3467 scriptum
2644 3412 2809 3466 quam
2849 3397 3104 3452 traditum
3160 3400 3382 3469 pulchre

1812 3491 2091 3547 describit.
2147 3491 2343 3546 Sacros
2378 3502 2559 3547 autem
2615 3493 2920 3551 initiatores
2965 3507 3180 3550 nostros
3224 3503 3382 3551 vocat

1811 3582 2107 3650 apostolos,
2153 3598 2384 3654 quorum
2427 3593 2534 3636 tam
2566 3583 2681 3652 ipse
2719 3600 2879 3655 quam
2927 3585 2985 3643 S.
3036 3585 3379 3650 Timotheus,

1733 3663 1775 3717 Β
1813 3674 1881 3728 ad
1926 3689 2084 3744 quem
2130 3675 2298 3730 libros
2341 3692 2469 3731 suos
2499 3676 2711 3742 Scribit,
2737 3677 2988 3747 discipuli
3020 3679 3374 3733 exstiterunt.

1809 3767 1954 3822 Dicit
1979 3776 2159 3822 autem
2203 3767 2552 3822 traditionem
2581 3771 2751 3837 magis
2781 3772 2850 3826 ad
2879 3772 3196 3843 angelorum
3229 3773 3380 3827 locu-

1810 3859 2014 3913 tionem
2058 3858 2317 3912 accedere
2358 3873 2520 3926 quam
2570 3858 2932 3929 Scripturam,
2964 3863 3089 3932 quia
3122 3863 3247 3918 licet
3276 3879 3374 3918 ore

1805 3952 2026 4020 quidem
2061 3953 2313 4020 corporis
2342 3953 2704 4008 instrumento
2744 3953 2858 4019 ﬁat,
2892 3955 2944 4007 in
2975 3969 3083 4024 quo
3107 3955 3174 4010 ab
3208 3969 3374 4026 ange-

1805 4039 1911 4095 lica
1957 4041 2228 4098 locutione
2283 4043 2508 4108 deﬁcit,
2549 4045 2644 4114 qui
2691 4045 2795 4100 sibi
2843 4054 3032 4100 mutuo
3064 4045 3375 4102 immediate

1808 4143 2101 4204 conceptus
2130 4148 2262 4190 suos
2292 4134 2623 4204 patefaciunt
2644 4174 2662 4203 ,
2689 4137 2749 4190 ﬁt
2783 4144 2961 4191 tamen
3002 4138 3162 4192 modo
3195 4137 3377 4194 minus

1807 4225 2076 4282 materiali
2120 4239 2283 4294 quam
2314 4224 2617 4294 scriptura,
2656 4226 2782 4295 quia
2826 4227 2942 4283 solo
2969 4229 3158 4295 verbo,
3195 4230 3284 4284 ubi
3318 4231 3371 4284 in

1805 4316 2094 4386 scripturis
2124 4325 2180 4369 et
2207 4316 2448 4372 calamus
2473 4328 2528 4371 et
2558 4325 2922 4372 atramentum
2954 4319 3194 4374 materia:
3223 4335 3373 4376 cras-

1805 4412 1981 4465 siores
2012 4412 2360 4466 adhibentur.

1875 4520 1934 4576 S.
1967 4523 2254 4594 Dionysius
2290 4525 2517 4594 prwﬁgit
2549 4524 2651 4596 sibi
2682 4523 3017 4595 Scripturam
3051 4535 3304 4596 tanquam

2459 4595 2716 4663 regulam.

1875 4707 1930 4760 la
1980 4707 2119 4761 libro
2151 4722 2278 4761 vero
2307 4706 2382 4761 De
2414 4708 2605 4761 divinis
2645 4710 2942 4763 nominibus
2977 4710 3114 4764 hanc
3159 4710 3352 4763 iterum

1813 4797 1915 4852 sibi
1944 4797 2114 4868 legem
2146 4800 2393 4868 praeﬁgit,
2425 4811 2484 4855 ut
2515 4801 2650 4855 nihil
2678 4800 2784 4854 nisi
2805 4815 2871 4854 ex
2898 4799 3176 4868 Scriptura
3203 4798 3370 4852 dicat.

1803 4890 1941 4962 Cap.
1983 4893 2036 4958 1,
2085 4893 2188 4947 sub
2237 4892 2501 4946 initium:
2537 4910 2556 4943 ‹
2595 4894 2774 4946 Ἔστω
2809 4892 2866 4945 δὲ
2895 4893 2990 4944 καὶ
3030 4889 3124 4944 νῦν
3170 4890 3300 4960 ἡμῖν
3343 4889 3373 4941 ὁ

128 4976 576 5042 permundialibus
609 4988 657 5030 et
681 4979 1049 5032 sacratissimis
1073 4978 1320 5035 Oraculis
1342 4983 1700 5038 demonstran-

1875 5001 1912 5039 ιν
1965 4984 2159 5053 λογίων
2215 4985 2416 5056 Θεσμὸς
2477 4985 2956 5057 προδιωρισμένος.
3007 5002 3026 5035 ι
3076 4981 3155 5037 Sit
3197 4991 3374 5035 autent

121 5068 246 5120 .dum
276 5068 427 5120 nobis
450 5078 548 5123 est.
575 5067 781 5124 Ibidem
812 5081 935 5138 post
960 5073 1193 5126 medium
1226 5085 1389 5141 caput
1415 5094 1428 5128 :
1463 5095 1481 5126 t
1527 5078 1698 5131 Οὑσία

129 5161 228 5230 γὰρ
259 5161 363 5229 τῆς
391 5160 515 5213 καθ’
551 5163 697 5232 ἡμᾶς
730 5166 1009 5235 ἱεραρχίας
1053 5167 1172 5219 ἐστὶ
1221 5166 1290 5220 τὰ
1327 5166 1699 5240 Θεοπαράδοτα

119 5248 295 5320 Aci-(ta.
336 5253 652 5306 Σεπτότατα
688 5255 742 5306 δὲ
775 5253 945 5322 Λόγια
973 5254 1148 5308 ταῦτὰ
1196 5275 1394 5326 φαμεν,
1427 5260 1526 5311 ὅσα
1563 5261 1698 5330 πρὸς

127 5343 229 5397 τῶν
257 5344 460 5398 ἐνθέων
489 5345 644 5414 ἡμῶν
677 5346 1070 5416 ἱεροτελεστῶν,
1099 5349 1155 5400 ὲν
1184 5349 1535 5420 ἁγιογρὰροις
1567 5353 1696 5421 ἡμῖν

131 5438 215 5488 καὶ
237 5437 579 5507 Θεολογικαῐς
606 5439 903 5509 δεδώρηται
924 5441 1151 5505 δέλτοιςο
1179 5444 1273 5494 καὶ
1302 5445 1406 5514 μὴν
1435 5446 1533 5498 ὅσα
1565 5445 1697 5515 πρὸς

131 5529 228 5582 τῶν
252 5531 436 5583 αὐτῶν
469 5532 631 5603 ἱερῶν
659 5531 869 5602 ἀνδρῶν
914 5529 1179 5605 ἀῡλοτέρᾳ.
1223 5538 1441 5606 μυήσει,
1471 5539 1562 5589 καὶ
1587 5539 1702 5604 γεί-

129 5623 232 5674 τονί
260 5640 380 5686 πως
407 5624 509 5694 ἤδη
547 5624 649 5694 τῆς
686 5626 941 5696 οὐρανίας
988 5628 1265 5697 ἱεραρχίας
1289 5671 1304 5696 ,
1349 5630 1412 5682 ὲκ
1456 5629 1570 5692 νοὸς
1623 5631 1700 5692 εἰς

199 5780 241 5813 "
272 5781 288 5835 |
319 5782 448 5838 Cor.
478 5797 559 5851 in,
597 5782 683 5838 10.
759 5785 804 5815 ⁷⁸
837 5783 968 5840 Luc.
1004 5801 1112 5853 xxi,
1142 5784 1230 5840 35.

1804 5081 2091 5132 etiamnum
2141 5077 2287 5131 nobis
2339 5079 2674 5132 oraculorum
2726 5094 2881 5132 sacra
2923 5075 3230 5144 prwscripta
3261 5074 3369 5138 lex,

1803 5177 1910 5224 etc.
1948 5169 2014 5222 Et
2044 5169 2229 5222 statim
2266 5176 2433 5238 post:
2472 5189 2488 5220 ι
2529 5168 2776 5222 Καθόλου
2822 5165 3108 5237 τοιγαροῦν
3143 5166 3203 5218 οὺ
3248 5165 3372 5218 τολ-

1807 5261 2004 5332 μητέον
2033 5262 2226 5324 εἰπεῖν,
2255 5260 2379 5314 οὔτε
2415 5261 2520 5332 μὴν
2551 5260 2799 5331 ἐννοῆσαί
2829 5277 2881 5312 τι
2905 5257 3033 5328 περὶ
3060 5257 3160 5327 τῆς
3199 5259 3369 5328 ὑπερ-

1802 5353 1984 5405 ουσίου
2013 5353 2107 5405 καὶ
2126 5353 2361 5423 κρυφίας
2392 5352 2663 5424 θεότητος,
2700 5351 2850 5422 παρὰ
2871 5349 2941 5403 τὰ
2967 5348 3202 5412 Θειωδῶς
3239 5351 3373 5420 ἡμῖν

1801 5447 1866 5497 ὲκ
1897 5445 2007 5498 τῶν
2061 5445 2220 5517 ἱερῶν
2263 5445 2460 5513 λογίων
2500 5444 2907 5514 ὲκπεφασμένα.
2948 5443 3061 5514 Τῆς
3091 5442 3199 5514 γὰρ
3230 5444 3370 5514 ὑπὲρ

1799 5536 1957 5605 λόγον
2010 5538 2105 5592 καὶ
2163 5537 2287 5592 νοῦν
2337 5540 2430 5591 καὶ
2477 5539 2660 5590 οὐσίαν
2709 5536 2879 5605 αὐτῆς
2921 5535 3370 5606 ὑπερουσιότητος

1803 5632 2066 5700 ἀγνωσία,
2096 5618 2234 5704 αὐτῇ
2264 5633 2360 5703 τὴν
2391 5631 2708 5702 ὑπερούσιον
2731 5629 3036 5702 ἐπιστήμην
3062 5627 3364 5689 ἀναθετέον,
