3748 6318
400 255 469 313 79
1526 259 1583 318 S.
1623 262 1993 323 DIONYSIUS
2030 262 2485 323 AREOPAGlTA.
3548 266 3618 324 80

394 375 646 428 τοσοῦτον
677 375 770 429 ἐπὶ
798 375 859 429 τὸ
890 376 1112 439 ἄναντες
1152 375 1539 443 ἀνανεύοντας,
1592 378 1716 433 ὅσον
1760 381 1947 451 ἐαυτὴη

2105 382 2298 435 iasticce
2326 379 2663 445 hierarchite,
2686 386 2741 435 et
2768 377 2972 450 passim
2999 377 3148 444 alibi,
3177 377 3410 448 appellat
3446 396 3467 430 s
3495 379 3618 442 τοὺς

391 465 668 519 ἐνδίδωσιν
689 468 721 535 ή
756 464 1060 535 θεαρχικῶν
1082 464 1276 535 λογίων
1304 468 1478 532 ἀκτὶς,
1509 469 1645 539 πρὸς
1668 469 1768 533 τὰς
1791 471 1960 542 ὑπερ-

393 556 559 627 τέρας
590 556 783 624 αὐγὰς,
816 559 883 626 τῇ
926 558 1053 627 περὶ
1091 556 1159 609 τὰ
1191 556 1309 609 θεῖα
1340 558 1659 632 σωφροσύνῃ
1689 560 1783 613 καὶ
1815 558 1959 613 ὁσιό-

391 664 513 719 τητι
549 646 1021 719 συστελλομένους.
1066 669 1083 701 ι
1126 649 1276 703 Nihil
1314 651 1479 721 igitur
1505 654 1717 706 omnino
1749 669 1956 721 presu-

391 740 641 792 rnendum
675 739 848 792 dicere
877 740 954 793 vel
982 741 1215 809 cogitare
1240 744 1305 796 de
1336 743 1762 809 superessentiuli
1789 753 1838 799 et
1861 744 1957 797 ab-

391 828 505 880 dita
537 830 769 893 deitate,
805 838 997 895 prwter
1040 828 1135 883 illa
1186 846 1305 899 qua:
1349 831 1603 885 diuinitus
1651 831 1800 885 nobis
1833 840 1957 887 sunt

389 919 556 972 sacris
600 918 822 989 eloquiis
853 920 1145 974 elucidata.
1192 921 1333 976 Nam
1381 931 1429 977 et
1476 938 1765 978 sermonem
1796 935 1843 978 et
1874 925 1959 978 in-

390 1009 654 1063 tellectum
700 1022 749 1064 et
799 1012 1082 1065 essentiam
1144 1014 1349 1066 excedit
1406 1014 1955 1081 superessentialitatis

388 1104 502 1171 ejus
523 1104 814 1172 ignoratio,
838 1105 924 1157 cui
949 1105 1397 1174 superessentialis
1412 1108 1629 1159 scientia
1657 1106 1953 1162 tribuenda.

391 1196 569 1261 Quare
620 1205 823 1248 tantum
873 1196 943 1249 ad
995 1198 1318 1251 inaccessum
1365 1197 1501 1251 illud
1534 1198 1707 1253 lumen
1753 1200 1956 1267 aspire-

386 1302 525 1353 mus,
556 1297 814 1357 quantum
845 1303 900 1341 se
933 1288 1276 1343 insinuaverit
1317 1289 1616 1343 divinorum
1646 1290 1737 1343 ille
1770 1290 1953 1345 radius

387 1379 731 1432 oraculorum
754 1419 769 1444 ,
800 1396 902 1449 quo
931 1381 1363 1434 eminentioribus
1393 1382 1507 1434 istis
1545 1398 1716 1435 rerum
1752 1381 1962 1434 divina-

389 1484 507 1522 rum
538 1468 942 1537 splendoribus,
998 1471 1277 1526 sobrietate
1308 1473 1538 1541 quadam
1571 1488 1633 1525 ac
1673 1474 1955 1526 sanctitate

390 1566 867 1625 contemperamur.
956 1606 969 1615 ν

455 1648 698 1717 Denique
737 1648 791 1704 in
846 1648 1073 1720 Mystica
1107 1649 1411 1722 Theologia,
1454 1667 1573 1722 cap.
1615 1654 1663 1715 Ι,
1698 1670 1764 1707 ex
1803 1653 1954 1709 Scri-

2070 473 2349 542 θεολόγους
2384 492 2403 525 s
2440 474 2728 542 theologos,
2763 490 2783 524 ς
2817 473 2947 536 τοὺς
2985 471 3200 535 ἐνθέους
3226 470 3383 543 ἡμῶν
3421 473 3619 544 lepore-

2061 561 2272 625 λεστάς,
2306 581 2324 613 s
2359 561 2533 615 divino
2566 562 2780 615 numine
2812 562 3012 632 amatos
3048 577 3226 615 sacros
3274 571 3480 615 nostros
3516 561 3619 613 ini-

2060 653 2299 717 tiatores,
2336 668 2356 703 ι
2394 651 2523 714 τοὺς
2570 650 2784 714 ἐνθέους
2828 650 3126 722 ἱεράρχας,
3156 669 3174 703 s
3220 650 3394 704 divino
3433 635 3617 717 spiritu

2059 742 2263 811 aﬁlatos
2300 741 2627 807 hierarcltas,
2658 759 2679 793 α
2712 741 2839 804 τοὺς
2886 740 3136 811 πρώτους
3178 740 3280 809 τῆς
3318 738 3441 792 καθ’
3478 740 3620 808 ἡμᾶς

2061 831 2344 903 ἱεραρχίας
2376 832 2784 903 καθηγεμόνας,
2826 850 2847 885 ›
2872 835 3068 901 primos
3100 832 3409 885 hierarclrite
3430 842 3618 885 nostris

2059 933 2430 996 praeceptores,
2483 919 2575 993 §5
2606 941 2620 978 :
2656 941 2676 975 ι
2718 922 2813 977 Ἐκ
2856 923 2957 994 τῆς
3000 923 3324 994 ὑπερουσεου
3369 922 3621 994 θεαρχῑας

2057 1008 2253 1075 αὐτούς
2273 1029 2332 1066 τε
2345 1012 2790 1086 ἀναπλησθέντας
2811 1012 2904 1066 τοῦ
2942 1012 3087 1083 ἱεροῦ
3114 1011 3310 1082 δώρου,
3340 1012 3436 1066 καὶ
3460 1014 3541 1076 εἰς
3564 1011 3621 1066 τὸ

2057 1100 2183 1170 ἑξῆς
2201 1099 2331 1155 αὐτὸ
2353 1106 2685 1173 προαγαγεῖν
2714 1103 2819 1156 ὑπὸ
2844 1103 2948 1173 τῆς
2971 1102 3264 1173 θεαρχικῆς
3290 1102 3623 1174 ἀγαθότητος

2056 1190 2516 1264 ἀπεσταλμένους.
2539 1211 2557 1243 ι
2592 1192 2677 1246 Ex
2703 1191 3119 1260 superessentiali
3150 1191 3441 1246 Diuinitate
3471 1206 3623 1246 sacro

2057 1281 2198 1349 ipsos
2231 1298 2447 1336 munere
2472 1282 2716 1351 repletos,
2749 1292 2796 1337 et
2829 1283 2886 1336 in
2911 1290 3144 1351 posteros
3177 1282 3312 1335 illud
3340 1283 3510 1354 ipsum
3531 1285 3621 1337 de-

2057 1373 2282 1427 rivatum
2316 1390 2348 1426 a
2375 1373 2552 1427 divina
2577 1374 2809 1428 bonitate
2836 1375 3041 1438 missos,
3069 1385 3178 1429 etc.

2551 1486 2990 1544 OBSERVATIO
3042 1488 3130 1543 Ill.

2229 1581 2573 1648 Quadruplex
2607 1583 2671 1636 de
2706 1582 2813 1637 Deo
2854 1582 3263 1651 philosophandi
3289 1584 3446 1639 ratio.

2127 1671 2369 1728 Notanda
2398 1682 2481 1728 est
2509 1674 2667 1744 hujus
2692 1674 2866 1729 sancti
2893 1674 3228 1743 quadruplex
3258 1676 3325 1731 de
3359 1676 3470 1731 Deo
3501 1674 3622 1744 phi-

382 1742 560 1809 ptnris
598 1743 798 1809 tradit,
854 1743 1018 1798 Deum
1067 1745 1325 1801 tenebras
1375 1747 1622 1816 posuisse
1674 1747 1947 1803 latibulum

2105 1764 2378 1833 isophandi
2417 1742 2590 1822 ratfo.
2606 1764 2791 1819 Prima
2841 1742 2946 1831 est,
2986 1742 3145 1835 prout
3182 1767 3323 1822 Deus
3353 1767 3408 1821 in
3444 1742 3620 1836 seipse

384 1844 543 1883 suum
568 1830 637 1896 ’⁸,
685 1842 740 1885 et
791 1832 967 1887 lucem
1020 1835 1331 1891 inhabitare
1380 1838 1811 1893 inaccessibilem
1849 1856 1865 1896 :
1900 1848 1955 1894 et

383 1922 635 1991 exemplo
698 1922 901 1994 Moysis
956 1927 1287 1993 ostendit",
1346 1930 1617 1997 quomodo
1666 1931 1953 2003 caliginem

384 2010 529 2066 illam
563 2014 845 2083 mysticam
880 2018 1193 2073 subintrare
1218 2030 1490 2087 oporteat.
1517 2021 1592 2075 Ex
1620 2024 1815 2091 quibus
1846 2041 1954 2080 cte-

385 2102 629 2171 terisque
677 2106 897 2173 scriptis
951 2106 1109 2175 ejus,
1161 2112 1413 2165 omnibus
1459 2113 1665 2180 liquido
1714 2126 1954 2182 constat,

386 2192 445 2243 S.
487 2192 802 2265 Dionysium
834 2195 908 2249 nil
942 2197 1045 2252 nisi
1074 2214 1104 2254 e
1130 2200 1296 2257 verbo
1332 2200 1429 2256 Dei
1460 2203 1834 2274 depromptum
1868 2206 1954 2260 al-

384 2282 554 2339 terre.

898 2354 1332 2417 OBSERVATIO
1372 2359 1438 2418 ll.

385 2441 495 2528 Cur
546 2444 962 2528 δηυὶωψδξᾳε,
995 2462 1042 2504 et
1063 2447 1543 2528 ‘quammagniﬁce
1576 2456 1643 2511 de
1672 2455 1953 2528 Scriptura

455 2516 724 2598 lgquntur.
778 2516 976 2598 Quibus
1032 2516 1328 2598 nominibus
1354 2516 1682 2598 'Sc'ripturas
1706 2516 1952 2598 appellet.

466 2583 671 2649 Quibus
706 2588 1003 2642 nominibus
1037 2592 1299 2659 apostolos
1326 2583 1618 2662 compellet.

456 2674 593 2727 Cum
630 2684 850 2729 sanctus
879 2678 989 2742 hic,
1015 2681 1090 2732 uti
1124 2692 1397 2736 ostensum
1423 2692 1525 2748 est,
1558 2694 1721 2740 totam
1750 2687 1954 2743 doctri-

386 2781 515 2821 nam
550 2781 705 2821 suam
738 2767 957 2824 hauriat
989 2780 1042 2825 et
1076 2773 1319 2827 stabiliat
1358 2788 1422 2828 ex
1472 2777 1642 2832 verbo
1682 2779 1811 2846 Dei,
1849 2780 1954 2836 hoc

387 2859 461 2914 illi
519 2863 716 2919 merito
774 2862 1022 2934 inprimis
1056 2880 1199 2920 cura:
1237 2876 1317 2923 est
1352 2877 1410 2922 ut
1453 2883 1560 2939 quo
1595 2872 1820 2925 verbum
1858 2873 1950 2927 Dei

388 2952 564 3023 majus
595 2959 737 3028 apud
769 2975 867 3014 nos
910 2968 1247 3012 momentum
1289 2959 1512 3027 habeat,
1550 2976 1647 3031 per
1678 2964 1952 3019 sublimis-

389 3046 560 3102 simas
595 3061 650 3103 et
688 3065 917 3119 prorsus
950 3052 1161 3105 divinas
1194 3051 1448 3121 loquendi
1487 3052 1780 3120 formulas,
1809 3053 1952 3107 divi-
1982 3081 2023 3136 ρ

389 3149 515 3189 nam
555 3136 674 3205 ejus
722 3142 1101 3194 auctoritatem
1142 3141 1300 3195 nobis
1340 3140 1609 3207 inculcet,
1642 3156 1850 3211 nosque
1883 3144 1956 3197 si-

389 3224 498 3277 mul
547 3226 600 3278 in
648 3226 888 3295 ejusdem
943 3229 1357 3283 admirationem
1403 3228 1613 3297 rapiat,
1647 3243 1823 3298 neque
1857 3230 1957 3283 llll-

391 3315 552 3369 miles
586 3316 653 3370 de
682 3318 980 3389 Scripturis
1007 3319 1368 3389 cngitationes
1397 3320 1599 3375 habere
1629 3322 1789 3375 sinat.
1816 3321 1956 3376 Hinc

386 3404 505 3460 fere
540 3421 816 3475 nunquam
864 3423 958 3465 eas
1000 3409 1210 3478 vulgari
1263 3409 1479 3463 nomine
1526 3408 1837 3479 Scripturas
1862 3427 1957 3478 ap-

386 3497 589 3566 pellat,
634 3499 729 3553 sed
784 3500 965 3555 divina
1014 3515 1239 3571 prorsus
1284 3501 1493 3557 ratione
1527 3502 1951 3571 circumscribit,

386 3590 469 3644 uti
502 3606 567 3644 cx
606 3590 739 3646 locis
784 3607 946 3663 supra
982 3594 1166 3647 citatis
1210 3602 1265 3648 et
1300 3594 1535 3650 maxime
1574 3597 1752 3664 capite
1784 3596 1809 3650 ι
1841 3594 1955 3650 Ca:-

387 3682 530 3737 l‘estis
563 3674 877 3739 hierarcliite
928 3685 1115 3739 videre
1148 3684 1308 3753 licet,
1353 3685 1442 3739 ubi
1473 3686 1526 3739 in
1564 3686 1722 3740 titulo
1745 3726 1760 3754 ,
1796 3701 1952 3741 sacra

386 3770 671 3841 Scriptura
731 3774 934 3828 dicitur
989 3775 1118 3828 θεία
1169 3774 1507 3844 temporc,
1545 3775 1597 3829 id
1649 3787 1731 3831 est
1777 3776 1953 3829 divina

386 3862 696 3929 illustratio,
728 3873 783 3919 et
809 3864 862 3919 in
905 3872 1161 3919 contextu
1200 3864 1646 3934 Πατροκινήτου
1687 3881 1955 3935 φωτοφα-

384 3956 552 4020 νὲίας
591 3954 886 4024 πρόοδος,
923 3956 975 4011 id
1014 3964 1096 4011 est
1134 3973 1166 4011 a
1200 3954 1549 4012 Patremon
1583 3957 1952 4012 illustrationis

385 4048 672 4101 emanatio.
707 4048 775 4101 Et
808 4049 1060 4104 invocato
1092 4047 1246 4116 Jesu,
1279 4052 1347 4103 ad
1381 4049 1499 4117 ejus
1540 4048 1952 4120 contemplatio-

387 4150 510 4189 nem
542 4152 603 4191 se
643 4148 963 4194 reverenter
992 4154 1347 4209 componens,
1383 4141 1578 4194 ibidem
1610 4142 1725 4195 ait:
1760 4159 1779 4193 ι
1829 4141 1952 4195 Ἐπὶ

380 4225 480 4290 τὰς
532 4226 641 4281 τῶν
700 4230 1010 4302 ἱερωτάτων
1052 4231 1249 4300 λογίων
1292 4232 1835 4304 Πατροπαραδότους’
1860 4233 1950 4286 ἐλ-

380 4318 617 4391 λάμψεις
664 4322 741 4385 ὡς
783 4321 1004 4392 ἐφικτὸν
1038 4322 1441 4395 ἀνανεύσωμεν.
1478 4341 1498 4375 ι
1537 4324 1619 4376 Ad
1646 4325 1952 4379 sacratissi-

2055 1868 2176 1907 csse
2207 1854 2532 1923 concipitur,
2562 1856 2865 1910 secundum
2902 1870 2994 1909 eas
3028 1855 3387 1925 proprietates
3413 1871 3479 1909 ac
3501 1869 3623 1923 per-

2055 1946 2343 2011 fectiones,
2376 1962 2497 2015 qua:
2532 1946 2605 2002 illi
2632 1961 2700 2001 ex
2723 1956 2914 2002 natura
2948 1947 3022 2000 rei
3059 1962 3155 2001 scu
3191 1948 3623 2003 substantialiter

2054 2039 2388 2093 conveniunt
2426 2047 2674 2107 respectu
2722 2039 2835 2103 sui,
2884 2048 2944 2093 ut
2984 2048 3154 2105 sunt,
3188 2053 3311 2094 esse
3354 2054 3523 2093 unum
3570 2040 3620 2092 in

2056 2131 2291 2184 essentia
2324 2145 2419 2185 seu
2463 2140 2654 2186 natura
2683 2132 2862 2186 divina
2884 2170 2899 2197 ,
2938 2132 3137 2185 trinum
3172 2133 3222 2185 in
3260 2134 3533 2201 personis,
3567 2138 3619 2186 et

2054 2233 2249 2278 czctera
2285 2237 2404 2292 qua:
2456 2221 2565 2277 Deo
2598 2230 2723 2277 sunt
2764 2222 3079 2277 intrinseca.
3122 2221 3371 2277 Secunda
3398 2261 3416 2288 ,
3460 2230 3621 2293 pr0ut

2055 2313 2436 2367 consideratur
2476 2329 2596 2368 cum
2630 2323 2875 2385 respectu
2918 2324 2973 2368 et
3003 2315 3194 2368 ordine
3221 2314 3285 2367 ad
3317 2322 3618 2378 creaturas,

2056 2411 2324 2474 quatenus
2359 2406 2609 2461 videlicet
2652 2421 2839 2461 earum
2890 2416 3085 2461 auctor
3143 2417 3247 2473 est,
3280 2408 3621 2474 gubernator

2055 2511 2119 2551 ac
2148 2495 2292 2560 ﬁnis,
2329 2506 2382 2551 et
2409 2497 2490 2551 sic
2521 2498 2596 2552 illi
2629 2498 2912 2567 desumpta
2945 2514 3010 2553 ex
3042 2497 3253 2553 ell'ectis
3290 2498 3511 2551 nomina
3540 2508 3621 2553 πρ

2057 2588 2382 2642 commodat.
2410 2585 2615 2649 Tertia,
2649 2596 2811 2656 prout
2841 2587 2981 2641 Deus
3025 2589 3079 2642 in
3128 2587 3425 2657 Scripturis
3448 2587 3621 2642 sacris

2057 2679 2396 2733 diversarum
2441 2694 2625 2733 rerum
2667 2695 3057 2750 corporearum
3092 2680 3281 2749 ﬁguris
3322 2694 3622 2749 repraesen-

2057 2773 2230 2828 tatur,
2280 2775 2336 2821 et
2383 2768 2695 2822 earumdem
2735 2769 3047 2824 nominibus
3089 2770 3353 2833 allicltur,
3392 2778 3451 2823 ut
3498 2784 3620 2824 cuni

2054 2865 2281 2910 vocatur
2323 2872 2519 2925 agnus,
2553 2858 2654 2922 leo,
2692 2868 2864 2928 petra,
2893 2871 3002 2913 etc.
3036 2859 3265 2927 Quarta,
3312 2869 3477 2931 prout
3527 2874 3623 2930 per

2055 2945 2296 2999 omnium
2328 2960 2509 2999 rerum
2554 2948 2995 3016 conceptibilium
3042 2951 3400 3013 ablationem,
3432 2958 3489 3004 et
3521 2966 3619 3004 no-

2057 3035 2157 3088 SIri
2209 3035 2378 3105 ipsius
2418 3036 2851 3103 abdicationem,
2884 3038 3054 3093 divini
3102 3041 3304 3095 amoris
3353 3041 3620 3096 subvecta

2057 3126 2252 3195 pennis
2275 3164 2290 3192 ,
2344 3142 2498 3182 mens
2540 3138 2723 3184 nostra
2756 3129 2809 3183 in
2842 3131 3005 3184 Deum
3039 3132 3357 3202 subrigitur,
3388 3141 3448 3187 et
3476 3147 3620 3202 pra:-

2058 3217 2250 3272 sentias
2301 3217 2421 3286 ejus
2455 3220 2621 3274 radiis
2656 3219 2831 3273 amata
2856 3259 2872 3285 ,
2906 3220 3187 3293 caligando
3224 3222 3435 3291 penitus
3464 3230 3619 3278 extra

2056 3324 2327 3380 supraque
2370 3326 2430 3366 se
2469 3311 2677 3381 rapitur
2707 3321 2871 3381 atque
2903 3312 3241 3369 absorbetur.
3274 3316 3352 3367 Ac
3382 3315 3619 3383 primam

2056 3403 2272 3472 quidem
2320 3416 2409 3458 res
2452 3403 2665 3459 divinas
2714 3406 2986 3461 tractandi
3034 3408 3298 3459 rationem
3337 3407 3517 3461 tenuit
3566 3408 3620 3460 in

2056 3494 2198 3549 libro
2242 3492 2680 3565 Hypotyposewn,
2721 3505 2779 3549 ut
2818 3511 2884 3550 ex
2911 3512 3029 3567 cap.
3062 3497 3095 3552 5
3122 3495 3363 3566 Mysticae
3418 3497 3620 3552 theolo-

2056 3587 2156 3657 gite
2203 3594 2397 3652 patet;
2434 3585 2528 3641 sed
2575 3601 2768 3656 magno
2798 3586 3054 3642 Ecclesiae
3093 3590 3290 3644 damno
3335 3589 3622 3646 divinissi-

2060 3694 2180 3733 mus
2209 3679 2301 3735 ille
2328 3687 2595 3737 tractatus
2623 3679 2919 3735 intercidit.
2950 3679 3260 3735 Secundam
3283 3696 3413 3735 vero
3442 3682 3621 3736 ratio-

2054 3784 2178 3825 nem
2222 3780 2406 3826 servat
2437 3771 2493 3825 in
2538 3770 2679 3824 libro
2706 3770 2784 3824 De
2804 3769 2996 3824 divinis
3024 3772 3342 3826 nominibus.
3376 3771 3621 3827 Tertiam

2052 3860 2350 3916 tradiderat
2379 3863 2432 3916 in
2462 3862 2760 3933 Symbolica
2811 3864 3090 3933 theologia,
3120 3865 3273 3934 cujus
3304 3864 3621 3934 frequenter

2054 3954 2385 4010 mentionem
2428 3954 2593 4020 facit,
2626 3956 2721 4010 sed
2752 3954 3005 4011 similiter
3043 3957 3404 4011 desideratur.
3434 3956 3619 4025 Quar-

2053 4053 2163 4100 tam
2197 4050 2435 4119 denique
2477 4048 2823 4116 maximeque
2857 4047 3160 4103 mirabilem
3189 4049 3428 4118 practice
3460 4051 3620 4105 theo-

2049 4140 2260 4211 logandi
2306 4156 2554 4196 normam
2586 4141 2752 4197 tradit
2794 4141 2846 4194 in
2889 4138 3114 4212 Hystica
3183 4140 3469 4211 theologia,
3498 4158 3622 4214 qua:

2050 4245 2158 4287 non
2194 4240 2405 4286 tantum
2455 4230 2790 4286 intellectum
2841 4230 2952 4285 Deo
2983 4231 3206 4301 subjicit
3247 4240 3304 4287 et
3346 4233 3624 4303 adjungit,

2048 4322 2143 4377 sed
2207 4322 2291 4377 vel
2361 4323 2762 4393 quammaxime
2823 4320 3071 4377 alIectum
3120 4323 3324 4390 allicit,
3398 4334 3496 4393 et,
3561 4335 3620 4379 ut

381 4431 586 4468 morum
617 4431 651 4469 a
684 4415 934 4470 Patribus
956 4418 1179 4472 traditas
1208 4418 1533 4489 eloquiorum
1562 4418 1942 4473 illustrationes
1975 4422 2020 4478 Ι)
2051 4414 2114 4469 S.
2139 4413 2407 4470 Maximus
2437 4422 2491 4470 et
2524 4414 2816 4488 Dionysius
2857 4417 3259 4472 Alexandrinus
3292 4417 3615 4487 loquuntur,

380 4520 477 4573 pro
500 4494 697 4561 uiribus
735 4506 1107 4574 suspiciamus.
1135 4507 1202 4561 Et
1225 4522 1466 4574 rursum,
1502 4515 1659 4562 vocat
1686 4521 1808 4563 eam
1846 4508 1949 4579 τὴν

2047 4507 2175 4573 ταῖς
2206 4506 2545 4574 ἀδιδάκτοις
2571 4507 2657 4563 vel
2687 4510 2863 4578 pctius
2890 4507 3285 4575 θεοδιδάκτοις
3303 4523 3623 4578 μυσταγω-

380 4594 616 4665 ἀρχικὴν
666 4596 761 4649 καὶ
782 4595 1111 4668 ὑπεράρχιον
1137 4596 1233 4650 τοῦ
1258 4595 1549 4668 θεαρχικοῦ
1586 4596 1800 4669 Πατρὸς
1835 4614 1947 4666 φω-

2105 4602 2204 4667 ἀις
2236 4602 2288 4655 in
2324 4601 2435 4656 Deo
2464 4598 2782 4656 felicissime
2828 4599 3059 4656 collocat
3102 4614 3167 4655 ac
3212 4599 3415 4664 ﬁrmat,
3449 4599 3526 4653 ita
3563 4607 3621 4653 ut

380 4686 648 4751 τοδοσίαν,
688 4704 709 4738 ι
760 4687 812 4740 id
861 4696 944 4741 est
984 4689 1325 4758 principalem
1360 4697 1411 4742 et
1450 4688 1951 4759 superprincipalem

382 4776 586 4841 Patris,
609 4775 703 4846 qui
722 4777 1037 4846 principium
1054 4776 1360 4833 Divinitatis
1383 4789 1491 4845 est,
1506 4778 1949 4845 illustrationem;

379 4876 436 4921 et
461 4867 620 4936 paulo
649 4875 805 4938 post:
846 4868 985 4939 «τὴν
1023 4867 1316 4941 θεαρχικὴν
1353 4869 1570 4935 ἀκτῖνα,
1612 4888 1633 4923 s
1671 4870 1725 4926 id
1754 4879 1837 4926 est
1862 4871 1947 4925 di-

381 4958 876 5027 uino-principalem
907 4960 1157 5027 radium;
1190 4961 1318 5016 alibi
1352 4979 1372 5013 ι
1414 4964 1515 5035 τὴν
1560 4962 1878 5032 Θεολογίαν,
1916 4982 1939 5018 s

382 5058 491 5104 etc.
539 5046 632 5104 Sic
664 5051 987 5105 traditiones
1022 5061 1181 5106 vocat
1206 5064 1258 5108 c.
1294 5052 1351 5117 2,
1382 5052 1411 5124 ς
1442 5053 1496 5116 3,
1526 5072 1545 5105 ι
1579 5054 1679 5125 τὴν
1707 5055 1945 5125 κρυφίαν

380 5138 475 5191 καὶ
504 5140 781 5211 ἱερατικὴν
814 5140 1136 5211 παράδοσιν,
1158 5159 1178 5193 s
1220 5142 1273 5196 id
1305 5152 1384 5197 est
1407 5160 1657 5197 arcanam
1689 5156 1736 5197 et
1768 5161 1945 5199 sacer-

380 5231 606 5285 dotalem
641 5234 1003 5301 traditionem,
1037 5236 1236 5305 quibus
1258 5234 1489 5305 aliisque
1536 5236 1942 5294 sublimissimis

379 5321 634 5391 loquendi
667 5324 858 5389 modis,
902 5327 970 5380 ad
1018 5325 1281 5382 sublimes
1310 5341 1374 5381 ac
1413 5328 1521 5382 Deo
1556 5328 1748 5399 dignas
1776 5329 1938 5398 erigit

378 5415 779 5471 meditationes.
818 5418 1075 5474 Eamdetn
1126 5418 1195 5473 ob
1244 5434 1465 5473 causam
1511 5418 1618 5475 SS.
1666 5421 1940 5489 apostolos

378 5506 619 5574 aliosque
666 5506 958 5577 Scriptum
987 5523 1157 5564 sacrae
1198 5512 1526 5579 scriptores,
1573 5526 1627 5567 e.
1662 5512 1688 5565 1
1744 5510 1930 5567 Eccle-

525 5664 571 5696 “
598 5662 739 5720 Psal.
774 5680 910 5721 xvn.
931 5668 977 5699 ⁷·
1003 5666 1173 5724 Exod.
1208 5683 1324 5736 six,
1376 5684 1540 5722 χχχιιι

2050 4692 2198 4747 nulla
2236 4689 2524 4760 theologia:
2552 4704 2684 4761 pars
2704 4703 2737 4745 a
2766 4690 3109 4746 divinissimo
3130 4689 3293 4758 plano
3321 4689 3441 4743 viro
3474 4702 3622 4757 pra-

2054 4783 2315 4842 termissa
2342 4783 2609 4842 videatur.

2544 4865 2978 4927 OBSERVATIO
3026 4865 3117 4925 Ν.

2244 4964 2416 5029 Quam
2447 4963 2546 5017 vim
2580 4961 2802 5016 habeant
2836 4960 3121 5030 composita
3155 4972 3221 5012 ea:
3260 4958 3440 5026 ὑπὲρ.

2120 5054 2399 5111 Notandus
2420 5067 2633 5123 quoque
2654 5067 2776 5107 cum
2806 5051 2992 5105 Lessio
3019 5050 3113 5104 lib.
3140 5065 3157 5103 I
3178 5048 3255 5101 De
3275 5048 3622 5119 perfectioni-

2052 5146 2149 5200 bus
2175 5146 2390 5212 divinis,
2423 5160 2545 5213 cap.
2566 5146 2624 5207 5,
2653 5141 2915 5197 mirabilis
2936 5149 2988 5195 et
3011 5140 3129 5209 plus
3150 5154 3315 5209 quam
3347 5139 3626 5194 humanus

2052 5240 2248 5294 modus
2283 5236 2541 5307 loquendi
2582 5233 2643 5290 S.
2678 5232 2943 5300 Dionysii,
2985 5245 3097 5301 quo
3135 5233 3307 5285 utitur
3333 5229 3403 5283 ad
3435 5230 3620 5300 expri-

2054 5331 2304 5385 mendam
2351 5343 2571 5385 suorum
2619 5335 2978 5395 conceptuum
3024 5325 3436 5387 sublimitatem,
3464 5331 3521 5377 et
3551 5321 3619 5374 ad

2051 5421 2353 5476 divinitatis
2378 5436 2538 5491 supra
2565 5419 2745 5475 omnia
2792 5428 2973 5474 creata
2997 5428 3177 5474 mente
3203 5415 3616 5485 conceptibilja,

2052 5512 2317 5569 inﬁnitam
2384 5514 2733 5569 einiuentiam
2777 5512 3155 5569 insinuandain
3222 5512 3618 5584 praepositione
