3748 6314
160 375 243 433 ’81
1543 375 2075 433 PROLEGOMENA.
3360 377 3426 436 89

174 488 332 557 ὑπέρ
361 488 647 559 praeposita
667 528 684 555 ,
716 489 963 546 vocando
991 505 1047 545 ν.
1075 504 1130 561 g.
1167 489 1336 545 Deum
1379 508 1396 542 ι
1434 490 1748 563 anapaestos

1934 489 2249 556 sentialiter,
2291 504 2353 547 ac
2377 489 2607 563 proinde
2648 487 2889 551 absolute
2910 499 2964 545 et
2989 491 3254 560 perfecte,
3288 494 3432 549 sicut

177 579 396 644 οὐσίαν,
433 598 454 632 s
483 581 763 634 essentiam
798 582 1312 650 superessentialem,
1344 583 1601 637 nimirum
1626 585 1753 655 quia

174 680 264 726 est
291 674 530 728 essentia
561 687 657 727 seu
682 673 986 729 substantia
1016 674 1347 730 eminentior
1369 676 1518 730 omni
1563 690 1753 731 essen-

175 763 251 817 tia
285 763 614 831 conceptiin
646 779 677 818 a
708 774 959 820 creatura
986 783 1000 819 :
1034 765 1161 820 item
1182 784 1202 818 ι
1244 767 1589 837 ὑπεράγαθον
1616 769 1755 837 ἀγα-

174 855 412 926 θάς-ητα,
443 856 539 909 καὶ
562 856 825 928 ὑπέρθεον
872 856 1134 929 Osos-qm,
1171 877 1192 911 ι
1230 859 1513 913 bonitatem
1542 871 1589 914 et
1617 861 1754 915 divi-

172 949 419 1015 nitatem,
444 949 585 1002 omni
611 948 844 1002 bonitate
869 958 920 1003 et
943 950 1139 1005 deitate
1159 950 1486 1019 conceptibiti
1516 952 1751 1005 eminen-

174 1038 403 1103 tiorem;
460 1040 729 1107 quomodo
776 1041 1092 1109 exponenda
1138 1051 1267 1095 sunt
1312 1043 1494 1096 omnia
1536 1044 1754 1097 nomina

172 1128 481 1199 composita
510 1144 578 1185 ex
607 1131 873 1198 particula
895 1132 1071 1200 ὺπέρ,
1107 1140 1162 1186 ιιι
1187 1132 1554 1203 ὐπέρφωτος,
1582 1137 1756 1204 ὑπερ-

170 1218 405 1288 άρχιος,
439 1222 810 1290 ὑπερτελής,
841 1233 976 1290 etc.,
1006 1224 1057 1278 id
1108 1234 1192 1280 est
1235 1226 1379 1279 omni
1431 1226 1565 1292 luce,
1611 1228 1754 1281 omni

171 1313 467 1379 principio,
497 1313 640 1367 omni
684 1313 1003 1383 perfectione
1033 1314 1397 1373 excellentior.
1445 1316 1577 1371 Illud
1607 1318 1751 1372 enim

172 1400 350 1469 ὑπέρ,
385 1403 439 1457 id
467 1412 741 1473 estsuper,
769 1406 911 1475 apud
941 1403 1256 1476 Dionysium
1282 1406 1337 1460 in
1363 1407 1755 1476 compositione

172 1492 428 1560 designat
467 1493 848 1549 excellentiam
873 1534 889 1559 ,
918 1504 1160 1550 creatam
1192 1510 1410 1551 omnem
1443 1497 1754 1568 intelligen-

177 1582 313 1635 tiam
343 1592 722 1651 superantem.

223 1694 339 1751 Vox
384 1699 568 1752 οὐσία
594 1715 752 1770 quam
791 1700 909 1790 vim.
936 1701 1128 1824 Iiéabeat
1178 1719 1297 1757 cum
1345 1704 1718 1773 prazpositione

880 1785 966 1824 υπ
999 1789 1053 1824 ο.

880 1785 1053 1839 ῡπερ.

1858 582 1975 651 ipsa
2025 580 2285 638 divinitas
2336 590 2421 638 est
2470 584 2523 638 in
2574 583 2814 652 qualibet
2860 598 3096 647 persona
3142 598 3209 639 ex
3255 581 3427 640 tribus

1863 680 2000 737 tota,
2031 673 2299 743 perlecta,
2332 680 2539 745 integra
2567 684 2620 729 et
2644 674 2827 745 plena.

1930 764 2085 824 Unde
2125 767 2265 824 bene
2305 769 2613 825 observavit
2648 768 2708 823 P.
2752 768 2948 825 Franc.
2998 768 3305 824 Turrianus
3358 769 3427 823 ad

1854 860 2082 917 Joannis
2107 861 2492 933 Cyparissiotte
2523 860 2788 916 Decadem
2819 876 2873 916 tv
2909 860 3274 930 Expositionis
3307 877 3427 914 ina-

1857 952 2081 1019 teriatat,
2110 966 2230 1020 cap.
2267 950 2321 1017 9,
2354 965 2459 1006 non
2490 950 2562 1005 ita
2594 965 2713 1006 esse
2745 961 2803 1004 ut
2825 950 3040 1020 quidem
3071 960 3425 1023 putaverunt,

1857 1045 2038 1100 divina
2089 1046 2307 1099 nomina
2364 1045 2664 1100 secundum
2720 1043 3072 1115 Dionysium,
3128 1046 3425 1099 secundum

1855 1151 2077 1192 causam
2118 1144 2325 1191 tantum
2353 1138 2419 1192 de
2449 1136 2560 1191 Deo
2588 1135 2715 1201 dici,
2743 1145 2804 1189 ut
2834 1136 3035 1200 bonus,
3066 1137 3208 1206 quod
3236 1136 3307 1191 sit
3338 1150 3429 1188 au-

1856 1237 1976 1282 ctor
1999 1228 2277 1293 bonitatis,
2306 1229 2549 1297 sapiens,
2577 1226 2721 1296 quod
2750 1227 3056 1295 sapientiae,
3087 1238 3142 1282 et
3171 1225 3429 1282 similiter

1856 1319 1911 1374 in
1940 1320 2082 1376 aliis.
2114 1320 2171 1377 Si
2201 1321 2347 1377 enim
2376 1321 2468 1375 sic
2500 1320 2815 1375 dicerentur
2847 1319 2913 1373 de
2945 1317 3074 1382 Deo,
3109 1318 3428 1372 clauderent

1856 1410 1913 1467 in
1969 1428 2070 1468 suo
2119 1412 2396 1468 intellectu
2424 1450 2441 1477 ,
2489 1420 2549 1465 ut
2590 1411 2668 1466 ait
2709 1409 2767 1465 S.
2803 1409 3077 1475 Thomas,
3126 1409 3428 1463 bonitatem

1854 1512 2151 1569 creaturae;
2204 1518 2269 1557 ac
2305 1503 2533 1572 proinde
2577 1502 2644 1556 de
2690 1510 2943 1557 creatura
2989 1499 3239 1569 inprimis
3277 1499 3429 1554 dice-

1855 1603 2070 1673 rentur,
2104 1595 2261 1667 quasi
2314 1594 2454 1650 Deus
2491 1594 2767 1649 diceretur
2806 1593 2981 1647 bonus
3010 1600 3064 1645 et
3104 1591 3325 1659 sapiens
3360 1591 3426 1643 ad

1856 1682 2266 1739 similitudinem
2295 1683 2445 1749 boni,
2477 1684 2562 1739 cui
2594 1683 2688 1738 dat
2720 1682 3051 1746 bonitatem;
3076 1691 3131 1735 et
3165 1681 3431 1749 sapientis

1855 1777 1945 1833 cui
1986 1777 2081 1832 dat
2110 1777 2454 1848 sapientiam.
2476 1778 2548 1833 At
2578 1792 2684 1833 non
2715 1777 2795 1831 sic
2825 1775 3115 1845 Dionysius
3146 1775 3338 1838 sensit,
3369 1781 3428 1827 ut

248 1857 387 1911 Cum
414 1866 595 1914 autem
622 1861 929 1932 prmpositio
966 1862 1119 1932 ὺπέρ
1159 1864 1290 1918 nulli
1325 1864 1589 1945 vocabulo
1640 1864 1751 1921 fre-
1783 1845 1827 1902 Β
1859 1870 2076 1925 nomina
2120 1845 2303 1924 divina
2354 1870 2652 1925 secundum
2700 1883 2919 1924 causam
2952 1876 3162 1921 tantum
3201 1865 3268 1920 de
3312 1866 3424 1919 Deo

175 1951 440 2018 quentius
471 1964 821 2023 prwponatur
852 1970 1014 2026 quam
1054 1958 1172 2011 voci
1216 1958 1431 2022 οὐσία,
1472 1959 1752 2015 sciendum

171 2041 323 2098 itane
372 2057 558 2096 vocem
592 2047 731 2113 apud
771 2046 1085 2117 Dionysium
1138 2057 1195 2103 ut
1239 2050 1533 2117 plurimum
1578 2052 1753 2122 accipi

170 2146 285 2205 pro
314 2135 579 2200 essentia,
625 2139 931 2192 substantia
956 2178 971 2204 ,
1003 2148 1219 2204 natura,
1254 2143 1556 2211 praesertim
1590 2143 1755 2215 spiri-

181 2226 311 2279 tuali
332 2265 351 2289 ,
378 2236 433 2281 et
466 2230 735 2283 interdum
764 2232 960 2299 etiam,
996 2233 1091 2288 sed
1126 2234 1328 2298 rarius,
1364 2248 1465 2304 pro
1498 2236 1751 2290 materia.

178 2316 413 2383 Quando
466 2328 648 2374 autem
710 2321 1023 2391 adjungitur
1092 2325 1170 2379 illi
1232 2327 1546 2395 praepositio
1588 2325 1751 2399 ὑπέρ,

178 2423 293 2468 tum
338 2414 455 2471 fere
495 2417 562 2472 de
593 2417 704 2473 Deo
739 2421 1011 2490 rebusque
1039 2422 1241 2477 divinis
1273 2439 1335 2477 ac
1366 2432 1757 2492 supernatura-

174 2506 323 2564 libus
354 2525 534 2566 sermo
580 2520 683 2566 est.
724 2511 863 2568 llinc
896 2514 990 2569 lib.
1034 2514 1122 2570 'De
1173 2516 1365 2570 divinis
1423 2517 1753 2584 nominibus,

183 2614 309 2669 cap.
339 2604 395 2668 1,
426 2602 455 2675 §
493 2605 539 2667 ί,
572 2615 626 2659 et
671 2605 801 2661 alibi
857 2608 1056 2677 passim
1079 2648 1096 2674 ,
1141 2608 1300 2664 ﬁdem
1342 2618 1501 2664 vocat
1532 2628 1551 2662 ι
1588 2612 1757 2681 ὑπερ-

177 2692 359 2749 ούσιον
387 2695 717 2766 ἐπιστήμην,
738 2715 756 2749 ι
787 2696 838 2750 id
866 2705 949 2752 est
972 2701 1427 2765 supernaturalem
1446 2701 1749 2765 scientiam,

176 2786 304 2857 quia
359 2787 568 2844 viribus
624 2797 831 2843 natura:
888 2790 1076 2845 haberi
1132 2791 1357 2861 nequit,
1415 2792 1507 2846 sed
1559 2806 1587 2845 a
1646 2791 1756 2845 Deo

175 2880 338 2935 nobis
381 2879 499 2948 ejus
552 2881 771 2937 habitus
827 2881 1035 2937 infundi
1092 2883 1293 2947 debet,
1349 2894 1407 2938 et
1472 2883 1568 2938 Dei
1624 2896 1755 2953 gra-

180 2975 254 3026 tia
306 2987 444 3042 opus
516 2982 600 3027 est
656 2982 715 3027 ut
761 2982 918 3029 actus
960 2973 1085 3028 fidei
1131 2974 1406 3031 eliciatur.
1451 2975 1543 3031 Sic
1591 2976 1754 3029 etiam

178 3061 485 3129 Christum,
524 3074 782 3131 tanquam
814 3063 939 3119 tidei
967 3072 1022 3118 et
1063 3066 1254 3134 gratia:
1284 3074 1561 3121 auctorem
1584 3104 1601 3131 ,
1631 3079 1755 3135 cap.

180 3150 205 3204 1
240 3148 393 3206 Eccl.
434 3153 612 3205 hierar
642 3151 716 3224 ,§
752 3154 800 3218 1,
831 3153 1063 3223 appellat
1097 3171 1115 3205 ι
1153 3152 1588 3225 Θεαρχικώτατον
1623 3154 1749 3209 νοῦν
1785 3189 1834 3251 c

178 3242 277 3297 καὶ
326 3242 678 3315 ὑπερούσιον,
714 3261 734 3295 ›
764 3244 817 3298 id
854 3254 939 3298 est
980 3254 1206 3298 mentem
1257 3246 1486 3299 maxime
1519 3245 1754 3301 divinam

178 3351 244 3387 ac
278 3334 761 3404 supernaturalem.
812 3334 1079 3391 Similiter
1123 3337 1538 3391 sacramentalia
1575 3345 1630 3391 et
1670 3350 1761 3391 sa-

180 3435 469 3479 cramenta
494 3465 508 3490 ,
555 3435 611 3481 et
650 3424 964 3496 Scripturas
994 3426 1204 3482 divinas
1240 3427 1438 3482 ibidem
1475 3427 1504 3499 §
1536 3427 1569 3483 5
1605 3436 1761 3484 vocat

187 3537 205 3570 ι
242 3518 305 3571 τὸ
337 3517 484 3590 ἱερὸν
510 3518 683 3591 δῶρον
712 3521 810 3591 τῆς
847 3520 1176 3591 ὑπερουσίου
1212 3518 1503 3591 θεαρχίας,
1540 3540 1559 3573 ι
1592 3520 1643 3574 id
1674 3530 1763 3576 est

182 3626 400 3664 sacrum
440 3627 631 3665 munus
660 3612 1081 3682 supernaturalis
1126 3611 1221 3666 Dei
1250 3613 1603 3681 principatus.
1632 3610 1760 3667 Haec

184 3699 335 3754 enim
363 3701 548 3756 omnia
581 3711 830 3771 spectant
867 3701 939 3756 ad
976 3702 1222 3757 ordinem
1254 3709 1450 3757 natura
1480 3703 1762 3758 sublimio-

182 3806 327 3859 rem,
355 3790 569 3846 scilicet
607 3791 827 3862 gratite,
858 3807 965 3861 qua
1012 3806 1179 3861 supra
1221 3800 1471 3846 naturant
1502 3793 1572 3847 ad
1620 3793 1762 3848 divi-

186 3895 323 3935 num
352 3879 642 3950 quemdam
672 3889 872 3936 statum
904 3881 1202 3949 elevamur,
1234 3882 1312 3936 uti
1361 3882 1519 3938 docet
1559 3882 1763 3956 Diony-

185 3973 303 4028 sius
333 3970 413 4025 De
444 3970 570 4026 eccl.
607 3971 764 4039 hicn,
803 3988 924 4042 cap.
953 3972 1008 4038 2,
1038 3984 1192 4042 parte
1228 3990 1269 4031 ι.

708 4109 1144 4170 OBSERVATIO
1182 4112 1247 4169 γ.

190 4208 334 4274 Quid
379 4206 677 4278 signiﬁcent
725 4205 1013 4278 composita
1064 4221 1130 4278 ea:
1187 4207 1352 4278 αὐτό.
1405 4205 1638 4265 Nomina
1679 4212 1764 4265 ἀί.-

262 4280 386 4332 vina
416 4273 700 4347 quo'scnsu
717 4274 781 4326 de
804 4273 909 4328 Deo
926 4274 1195 4347 pradicet.
1229 4277 1371 4342 Quid
1431 4281 1500 4333 sit
1556 4299 1616 4335 ea
1640 4283 1764 4337 θεο·

260 4344 510 4471 πρεσὲᾢς
563 4349 866 4419 praedicari.
924 4344 1050 4400 Non
1105 4346 1279 4408 solum
1324 4352 1611 4405 secundum
1642 4369 1764 4407 cuu-

258 4436 374 4474 sam
442 4435 531 4474 tct.

1853 1963 2198 2029 dicerentur;
2235 1964 2328 2017 sed
2361 1963 2462 2026 sic,
2490 1972 2547 2015 ut
2575 1960 2686 2015 Deo
2729 1962 2961 2030 primum
2993 1958 3430 2012 attribuerentur

1855 2062 1912 2107 ut
1939 2068 2061 2107 eum
2089 2054 2307 2116 decent,
2336 2052 2386 2106 id
2412 2061 2496 2107 est
2522 2051 2923 2122 imparticipate
2954 2059 3009 2104 et
3035 2048 3427 2104 cssentialiter.

1852 2147 1986 2201 Cum
2020 2147 2167 2200 enim
2197 2145 2333 2200 dicit
2369 2144 2652 2214 Scriptura
2687 2161 2703 2199 :
2744 2143 2911 2198 Nemo
2955 2145 3120 2197 bonus
3147 2143 3249 2197 nisi
3282 2140 3427 2195 solus

1855 2241 1997 2293 Deus
2016 2237 2082 2302 ",
2112 2239 2335 2308 perinde
2362 2248 2448 2293 est
2476 2252 2539 2292 ac
2556 2238 2601 2291 si
2627 2236 2805 2291 dicat!
2833 2234 3001 2290 Nemo
3030 2250 3124 2305 per
3146 2247 3207 2290 se
3233 2234 3426 2297 bonus,

1855 2326 1907 2379 id
1936 2335 2040 2390 est,
2068 2340 2226 2380 nemo
2254 2340 2417 2395 supra
2444 2326 2736 2380 bonitatem
2748 2321 3257 2393 participatam,nisi
3283 2320 3432 2376 solus

1856 2415 1998 2468 Deus
2032 2432 2046 2469 :
2081 2416 2161 2471 sic
2192 2417 2340 2471 enim
2373 2414 2715 2469 intellexitet
2740 2414 3133 2483 interpretatus
3164 2419 3248 2466 est
3278 2409 3423 2465 idem

1856 2506 2149 2579 Dionysius
2175 2522 2299 2577 cap.
2327 2507 2363 2560 2
2395 2506 2470 2561 De
2494 2506 2682 2560 divinis
2709 2505 3009 2559 nominibus
3039 2505 3091 2557 in
3121 2501 3427 2572 principio:

1858 2612 1916 2656 ut
1941 2601 2055 2670 jam
2079 2602 2255 2656 bonus
2282 2610 2338 2655 et
2367 2600 2589 2668 sapiens
2617 2599 2832 2654 dicatur
2861 2598 3024 2664 Deus,
3060 2597 3183 2665 quia
3216 2595 3431 2650 bonitas

1856 2690 1911 2744 in
1942 2706 2008 2745 eo
2032 2689 2321 2747 antecellat
2343 2702 2396 2745 et
2417 2698 2704 2759 exsuperet
2730 2703 2943 2744 omnem
2968 2687 3267 2742 bonitatem
3284 2698 3432 2739 creaa

1858 2790 1968 2835 tam
2018 2789 2073 2836 et
2114 2782 2524 2851 participatam.
2555 2779 2872 2848 Hujusmodi
2906 2788 3085 2835 autem
3120 2778 3302 2834 divina
3333 2790 3432 2831 no«

1862 2872 2029 2938 mina,
2064 2888 2184 2940 qua:
2216 2874 2515 2928 secundum
2549 2873 2940 2941 plenitudinem
2990 2880 3044 2925 et
3090 2886 3195 2923 non
3238 2882 3433 2923 secun-

1857 2965 1983 3021 dum
2012 2964 2487 3033 participationem
2530 2965 2640 3019 Deo
2679 2962 3071 3024 attribuuntur,
3106 2968 3265 3013 vocat
3307 2956 3418 3011 Diu

1859 3055 2050 3125 nysius
2080 3053 2400 3123 θεοπρεπῆ,
2427 3054 2481 3109 id
2508 3062 2593 3109 est
2616 3052 2832 3107 nomina
2868 3053 3035 3105 Deum
3069 3049 3342 3104 decentia.
3372 3048 3431 3102 Si

1862 3145 2028 3216 igitur
2077 3147 2378 3202 secundum
2429 3159 2647 3200 causam
2691 3152 2897 3198 tantum
2945 3143 3279 3205 dicerentur,
3323 3154 3432 3194 non

1860 3246 2048 3293 essent
2075 3239 2294 3293 nomina
2337 3236 2505 3291 Deum
2538 3235 2811 3300 decentia,
2838 3232 2961 3302 quia
2997 3233 3075 3287 sic
3109 3232 3255 3285 dicta
3290 3231 3344 3283 in
3374 3242 3435 3284 se

1862 3330 2145 3386 includunt
2168 3368 2184 3397 ,
2220 3339 2279 3385 ut
2319 3329 2453 3395 dixi,
2485 3328 2665 3384 solum
2715 3326 3164 3397 participatioaes
3194 3335 3432 3392 creatas,

1862 3432 1923 3477 ut
1947 3423 2122 3477 bonus
2162 3420 2465 3477 bonitatem
2497 3419 2902 3489 participatam,
2931 3416 3086 3485 cujus
3121 3422 3312 3469 auctor
3337 3412 3436 3467 bo-

1862 3528 1965 3568 nus
1998 3512 2172 3581 Deus;
2216 3514 2439 3583 sapiens
2480 3511 2806 3581 sapientiam
2840 3509 3253 3580 participatam,
3279 3506 3435 3573 cujus

1862 3616 2055 3661 auctor
2102 3606 2326 3677 sapiens
2380 3606 2562 3673 Deus;
2612 3618 2666 3666 et
2686 3608 2751 3663 ad
2776 3606 3025 3663 eumdem
3050 3601 3268 3658 modum
3303 3600 3432 3654 alia.

1863 3698 2045 3765 Quare
2073 3696 2134 3755 S.
2162 3697 2424 3771 Dionysio
2451 3697 2779 3754 contradicit
2814 3705 2868 3751 et
2916 3701 3203 3764 repugnat,
3231 3691 3324 3762 qui
3351 3692 3435 3745 dio

1862 3791 1942 3847 cit
1994 3792 2217 3846 nomina
2260 3790 2445 3845 divina
2491 3788 2794 3845 secundum
2843 3784 3193 3855 Dionysium,
3242 3796 3436 3836 secun-

1863 3885 1990 3938 dum
2040 3892 2261 3939 causam
2297 3892 2506 3937 tantum
2546 3880 2655 3937 dici
2695 3879 2761 3935 de
2788 3880 2899 3935 Deo
2932 3896 2946 3930 :
2979 3878 3058 3931 sic
3084 3875 3230 3929 enim
3268 3874 3435 3937 dicta,

1866 3994 1970 4033 non
1998 3986 2125 4032 sunt
2166 3977 2333 4031 Deum
2375 3976 2646 4041 decentia,
2693 3988 2759 4028 ac
2791 3972 3022 4041 proinde
3066 3970 3145 4023 sic
3188 3976 3434 4036 accepta,

1864 4085 1972 4125 non
2014 4078 2141 4124 sunt
2179 4067 2399 4124 nomina
2438 4067 2645 4122 divina.
2671 4064 2932 4134 Dionysio
2967 4071 3148 4117 autem
3187 4070 3436 4123 auctore,

1864 4161 2087 4216 nomina
2134 4160 2315 4215 divina
2358 4159 2526 4214 Deum
2567 4157 2843 4221 decentia,
2878 4152 3150 4218 absolute,
3176 4154 3439 4223 perlecte,

1866 4252 2080 4322 integre
2107 4261 2163 4309 et
2189 4252 2383 4323 plene,
2409 4251 2464 4307 id
2493 4260 2577 4307 est
2605 4258 2999 4321 exsuperanter
3032 4255 3089 4302 et
3129 4243 3438 4301 eminentes

1866 4344 1977 4400 Deo
2006 4346 2356 4401 conveniunt.

2356 4457 2793 4516 OBSERVATIO
2833 4456 2921 4511 Vl.

261 4530 444 4587 Simili
489 4529 604 4586 fere
650 4530 810 4585 modo
856 4528 1199 4601 intelligenda
1230 4542 1355 4588 sunt
1385 4534 1607 4590 nomina
1642 4550 1762 4602 qua:
1793 4532 1839 4587 D
1904 4554 2179 4621 Quomodo
2224 4552 2363 4607 De,“
2398 4553 2467 4606 εει
2506 4566 2598 4621 ρον
2638 4566 2693 4603 σε
2722 4550 2865 4612 vim,
2900 4558 2949 4601 σε
2992 4553 3181 4599 ακειοι·
3222 4554 3316 4609 ρετ
3345 4553 3402 4594 se

192 4631 597 4695 componuntur
627 4638 691 4678 ex
722 4622 983 4692 particula
1013 4625 1185 4691 αὑτό,
1216 4634 1275 4681 ιιι
1300 4643 1425 4682 cum
1453 4628 1506 4682 in
1533 4629 1672 4686 libro
1688 4631 1768 4687 De

192 4716 388 4769 diuinis
422 4715 745 4782 nominibus,
774 4730 897 4786 cap.
929 4715 963 4769 5
988 4725 1039 4770 et
1068 4717 1157 4779 li,
1181 4727 1235 4771 et
1259 4716 1410 4784 alibi,
1459 4718 1630 4774 Deum
1666 4735 1767 4774 vo-

192 4816 280 4862 cat
322 4806 389 4861 τὸ
438 4806 583 4860 αὺτό
630 4806 783 4862 εἶναι
808 4847 823 4872 ,
874 4807 989 4876 τὴν
1034 4807 1353 4877 αὐτοζωήν,
1376 4810 1492 4877 τὴν
1511 4811 1768 4865 αὑτοσο-

189 4899 359 4969 ρίαν,
396 4907 533 4964 etc.,
577 4897 631 4952 id
663 4907 747 4954 est
776 4915 868 4969 per
896 4915 948 4953 se
982 4915 1112 4963 esse,
1150 4915 1243 4968 per
1282 4917 1336 4954 se
1370 4894 1564 4964 υἱιαηι,’
1577 4916 1672 4970 per
1710 4918 1766 4956 se

188 4991 547 5060 sapientiam,
575 4999 630 5046 et
670 4991 889 5058 similia,
937 5007 1058 5061 quae
1101 4992 1200 5047 soli
1248 4994 1357 5048 Deo
1404 5002 1763 5065 competunt:

193 5082 343 5138 nulla
375 5084 522 5136 enim
555 5092 807 5138 creatura
833 5095 915 5139 est
945 5099 1042 5153 per
1068 5099 1126 5138 se
1166 5085 1215 5138 id
1247 5087 1387 5153 quod
1412 5098 1521 5150 est,
1550 5087 1644 5140 sed
1673 5102 1769 5156 per

191 5175 708 5248 participationem;
740 5176 886 5231 solus
917 5184 1099 5232 autem
1131 5177 1274 5233 Dens
1311 5188 1396 5233 est
1436 5179 1612 5248 ipsum
1665 5180 1770 5235 hoc

192 5268 341 5338 quod
375 5276 465 5322 est
494 5282 592 5336 per
619 5284 700 5336 se,
734 5268 785 5323 id
812 5276 895 5324 est
930 5283 1026 5324 sua
1051 5270 1285 5324 essentia
1304 5309 1321 5334 ,
1353 5281 1408 5324 et
1437 5286 1592 5325 suum
1624 5285 1765 5338 esse,

192 5371 249 5416 et
272 5376 383 5415 non
431 5362 731 5416 secundum
761 5363 1258 5433 participationem.
1306 5364 1515 5419 Idcirco
1551 5365 1610 5419 ι).
1641 5364 1770 5419 Dio-

194 5454 383 5524 nysius
415 5466 543 5522 cap.
577 5452 613 5506 2
639 5453 715 5506 ait
764 5453 878 5510 ba-c
908 5455 1149 5522 nomina,
1182 5463 1438 5523 tanquam
1471 5454 1637 5509 Deum
1669 5457 1767 5511 de-

193 5545 408 5605 centia,
444 5545 673 5599 attribui
717 5545 985 5602 divinitati
1031 5550 1193 5603 trium
1226 5546 1590 5602 Personarum
1630 5549 1770 5619 ἀμε-

187 5633 341 5704 ρῶς,
380 5635 490 5689 boc
532 5644 617 5690 est
648 5636 1074 5710 imparticipate,
1126 5649 1288 5710 atque
1332 5638 1465 5695 adeo
1511 5640 1667 5712 pleno
1715 5650 1769 5698 et

292 5812 338 5845 ”
370 5810 542 5871 Marc.
576 5828 631 5868 ι.

2509 4623 2654 4687 vitae,
2682 4630 2791 4676 etc.

1938 4717 2037 4773 Hic
2096 4717 2323 4772 ulterius
2368 4714 2663 4769 notandum
2707 4708 2983 4780 quomodo
3036 4704 3096 4761 S.
3145 4699 3439 4771 Dionysius

1866 4813 2156 4883 aliquando
2192 4809 2411 4880 quidem
2442 4808 2610 4861 Deum
2643 4812 2800 4860 vocet
2847 4798 2963 4868 τὴν
3018 4793 3346 4883 abi-orant,
3380 4792 3439 4883 id

1865 4881 2083 4975 est—per
2125 4921 2181 4958 se
2222 4905 2418 4967 vitam,
2469 4897 2762 4969 aliquando
2808 4907 2941 4948 vero
2985 4888 3097 4956 τῆς
3144 4881 3440 4975 αὐτοζωτίς

1869 4973 2258 5063 ὺποὰτάτην,
2307 4992 2426 5045 sive
2475 5005 2565 5059 per
2612 5004 2666 5043 se
2716 4988 2836 5057 vita:
2881 4989 3310 5038 sustentatorem.
3374 4973 3441 5028 Et

1870 5090 2060 5143 eodem
2102 5086 2277 5154 capite
2312 5083 2372 5137 11
2416 5095 2522 5149 quo
2557 5093 2719 5134 sensu
2765 5077 2880 5129 haec
2914 5068 3263 5137 intelligenda
3307 5064 3439 5127 sint,

1873 5183 2100 5251 ipsemet
2127 5176 2313 5245 pandit
2358 5173 2442 5227 bis
2472 5170 2654 5226 verbis
2684 5183 2699 5221 :
2742 5185 2759 5219 t
2795 5166 2909 5218 Οὐκ
2936 5154 3438 5256 évavEEoV-ubfoﬁd-

1870 5247 2032 5341 ν-αμιν
2058 5264 2388 5339 ἢαὺτοζωὴν
2414 5264 2586 5317 εἰπεῖν
2612 5260 2704 5315 τὸν
2730 5257 2887 5317 Θεὸν,
2906 5252 3119 5322 καὶτῆς
3144 5247 3444 5341 αὐτοςωῆ-ς,

1873 5364 1908 5434 ἢ
1933 5336 2176 5433 έίρήιιης,
2219 5358 2253 5429 ἢ
2298 5356 2579 5426 δυνάμεως
2619 5349 2970 5440 umquam"
3003 5342 3071 5396 τὰ
3103 5341 3199 5440 μὲν
3246 5336 3354 5409 γὰρ
3380 5337 3442 5440 ex

1874 5430 2193 5513 eadem,
2220 5450 2313 5502 καὶ
2343 5446 2577 5517 μάλιστα
2615 5444 2680 5494 ὲκ
2718 5438 2827 5492 τῶν
2865 5432 3094 5507 πρώτως
3132 5430 3321 5491 ὄντων,
3369 5430 3443 5487 ὼς

1876 5545 2046 5607 αἴτιος
2090 5544 2305 5597 πάντων
2347 5537 2456 5592 τῶν
2484 5537 2651 5593 ὄντων
2694 5532 2909 5601 λέγεται
2935 5544 2948 5557 ο
2984 5524 3053 5579 τὰ
3096 5522 3153 5575 δὲ
3186 5520 3261 5583 ὼς
3306 5516 3441 5585 ὑπὲρ

1877 5637 2052 5692 πάντα
2090 5634 2185 5688 καὶ
2206 5633 2275 5686 τὰ
2318 5629 2548 5704 πρώτως
2592 5626 2740 5691 ὄντα,
2785 5618 3002 5692 ὑπερὼν
3052 5610 3439 5684 ὑπερθέσεως..
