3708 6312
310 354 384 413 ss
1440 354 1495 410 s.
1544 353 1912 412 monvsws
1946 354 2399 416 AREOPAGITA.
3485 353 3563 412 86

310 470 441 528 Non
479 484 737 545 pugnant,
782 471 983 544 inquit,
1029 486 1230 536 secum,
1279 469 1456 525 dicere
1500 469 1663 525 Deum
1698 488 1790 541 per
1829 488 1884 526 se
1910 482 1957 540 Α
1985 474 2258 539 sanctitas,
2275 465 2512 541 iustitia,
2550 473 2937 541 misericordia,
2971 473 3264 537 beatitudo,
3303 472 3406 527 vita
3435 489 3560 526 oni-

308 575 620 637 potestatem
648 576 698 620 et
737 584 829 635 per
856 583 911 621 se
951 565 1149 631 vitam;
1180 575 1228 619 et
1266 565 1438 620 dicere
1482 564 1645 619 Deum
1673 574 1879 619 creato-

306 674 418 712 rem
441 675 537 726 pcr
563 674 618 712 se
652 659 792 723 vitae,
830 656 907 713 vel
930 674 1025 727 per
1047 673 1100 712 se
1129 658 1297 726 pacis,
1326 657 1405 712 vel
1442 673 1535 727 per
1564 674 1619 712 se
1645 665 1877 727 potesta-

306 748 411 812 tis;
431 749 543 803 lucc
567 748 708 802 enim
722 747 926 801 dicitur
943 747 1085 803 Deus
1109 764 1173 801 ea:
1196 747 1263 801 iis
1283 764 1401 818 qua:
1421 760 1563 814 sunt,
1578 755 1630 801 et
1650 746 1879 801 maxime

306 852 374 892 ea:
410 838 476 892 iis
509 854 627 909 qua:
653 838 827 907 prima
857 847 1003 904 sunt,
1032 848 1283 907 tanquam
1310 854 1470 892 causa
1497 838 1730 892 omnium
1758 854 1878 908 qua:

306 938 431 983 sunt
469 948 489 987 :
528 928 623 984 illa
653 940 827 984 autem
868 930 1067 983 dicitur
1108 939 1359 1002 tanquam
1405 932 1637 985 existens
1684 948 1876 1001 super-

304 1020 727 1075 substantialiter
757 1037 918 1090 supra
951 1023 1127 1076 omnia
1156 1039 1275 1093 qua:
1310 1032 1455 1090 sunt,
1484 1032 1533 1077 et
1563 1040 1681 1094 quae
1703 1022 1876 1093 primo

303 1122 447 1168 sunt.
478 1112 691 1179 Dicitur
719 1128 851 1183 ergo
883 1112 1025 1168 Deus
1064 1129 1159 1183 per
1185 1131 1241 1168 se
1268 1114 1397 1179 vita,
1427 1112 1638 1168 scilicet
1671 1114 1877 1183 impar-

306 1202 555 1273 ticipata,
606 1203 876 1259 illimitata
901 1243 918 1271 ,
954 1213 1061 1260 etc.
1100 1204 1301 1259 Auctor
1342 1220 1470 1260 vero
1503 1220 1596 1274 per
1637 1221 1691 1260 se
1732 1208 1873 1271 vitae,

302 1292 514 1349 scilicet
544 1294 907 1365 participatae,
944 1295 1190 1352 Iimitatas
1211 1336 1226 1363 ,
1257 1306 1391 1361 etc.,
1420 1296 1535 1351 sive
1563 1296 1691 1351 doni
1729 1296 1875 1353 illius

301 1399 412 1453 quo
442 1385 691 1441 viventes
720 1386 881 1454 facit,
921 1387 997 1442 ita
1028 1387 1284 1441 nimirum
1315 1396 1375 1441 ut
1405 1402 1502 1457 per
1541 1400 1601 1442 se
1629 1386 1739 1441 vita
1781 1402 1876 1440 na-

308 1487 490 1532 turam
532 1480 658 1534 vitae
687 1480 983 1551 significet,
1023 1478 1078 1535 id
1109 1488 1190 1535 est
1221 1494 1285 1535 ea
1312 1494 1434 1549 quae
1460 1479 1665 1535 cadunt
1694 1479 1748 1534 in
1779 1478 1875 1534 de-

304 1569 603 1626 finitionem
643 1570 769 1626 vitae
799 1570 904 1641 (5).

784 1663 1222 1721 OBSERVATIO
1260 1662 1374 1721 VII.

586 1757 728 1822 Quid
764 1758 970 1827 signent
1005 1757 1292 1826 composita
1322 1772 1388 1811 ea:
1419 1755 1584 1828 ἀρχή.

1983 562 2126 614 nium
2158 562 2454 625 viventium,
2497 580 2607 617 esse
2648 565 2886 618 omnium
2916 566 3275 629 existentium,
3317 564 3561 618 omnium

1979 652 2249 722 perfectio,
2290 652 2647 721 pulchritudo,
2690 671 2961 721 mensura,
3009 657 3169 721 ratio,
3217 656 3388 719 salus,
3429 672 3565 709 con-

1977 747 2224 812 servatio.
2253 745 2406 800 Unde
2432 745 2587 801 divus
2608 746 2939 811 Bernardus,
2978 748 3077 803 lib.
3108 764 3143 801 v
3192 748 3272 804 De
3295 750 3508 803 consid.
3537 764 3561 805 :

1982 837 2122 903 Quid
2151 848 2226 893 est
2258 838 2439 893 Deus?
2491 837 2748 894 Voluntas
2788 841 3133 909 omnipotens,
3165 841 3562 896 benevolentis-

1978 932 2113 985 sima
2148 930 2340 996 virtus,
2366 929 2539 983 lumen
2575 941 2854 997 Meritum,
2898 932 3352 987 incommutabilis
3395 934 3560 1000 ratio,

1978 1029 2175 1076 a'terna
2204 1021 2490 1075 beatitudo.
2527 1022 2595 1076 Et
2620 1022 2761 1076 infra
2793 1040 2808 1077 :
2838 1024 2992 1076 Amat
3035 1034 3090 1076 ut
3124 1025 3384 1090 charitas,
3412 1028 3563 1078 novit

1977 1122 2035 1165 ut
2080 1113 2298 1177 veritas,
2333 1113 2543 1184 judicat
2582 1124 2639 1168 ut
2681 1118 2922 1186 (equitas,
2965 1115 3271 1170 dominatur
3298 1126 3354 1170 ut
3388 1118 3563 1185 maje-

1976 1212 2111 1270 stas,
2143 1205 2276 1273 regit
2305 1213 2363 1257 ut
2390 1205 2729 1273 principium,
2757 1218 3004 1274 operatur
3048 1217 3103 1259 ut
3140 1208 3331 1273 virtus,
3371 1215 3564 1261 tuetur

1978 1302 2031 1345 ut
2069 1290 2238 1358 salus,
2277 1293 2471 1349 revelat
2510 1304 2568 1348 ut
2611 1293 2724 1357 lux,
2775 1294 2975 1348 assistit
3010 1305 3066 1348 ut
3099 1297 3290 1365 pietas,
3329 1306 3443 1351 etc.
3493 1296 3567 1351 Et

1976 1388 2225 1455 quamvis
2260 1387 2492 1458 plurima
2520 1401 2704 1443 rerum
2737 1388 2958 1444 nomina
2985 1389 3060 1446 illi
3093 1406 3201 1446 non
3238 1391 3565 1446 tribuantur

1977 1479 2047 1532 ob
2078 1478 2547 1549 imperfectionem
2587 1496 2753 1553 quam
2788 1482 3095 1549 involvunt,
3130 1491 3317 1538 tamen
3363 1497 3563 1537 omnes

1979 1586 2161 1626 rerum
2216 1573 2429 1643 species
2475 1585 2531 1630 et
2584 1576 2770 1632 omnia
2831 1576 3110 1632 individua
3170 1578 3381 1633 suntin
3438 1578 3563 1647 ipso

1976 1663 2280 1719 eminenter
2309 1667 2608 1721 secundum
2650 1682 2751 1723 sua
2779 1678 3094 1739 prototypa,
3126 1677 3183 1723 et
3226 1668 3401 1722 veluti
3436 1668 3564 1737 pni-

1978 1770 2151 1810 mzcva
2179 1766 2234 1811 et
2257 1765 2463 1813 aeterna
2494 1759 2727 1826 semina,
2757 1775 2826 1815 ex
2850 1775 3083 1831 quorum
3110 1762 3161 1815 vi
3195 1759 3561 1830 pullularunt,

372 1843 489 1898 Non
523 1860 649 1899 raro
686 1861 905 1915 quoque
950 1844 1009 1901 S.
1043 1846 1336 1917 Dionysius
1364 1844 1539 1901 utitur
1563 1843 1873 1899 nominibus
1905 1832 1948 1887 Β
1979 1858 2144 1918 atque
2165 1850 2514 1905 adeosuntin
2534 1850 2651 1919 ipso
2673 1852 2985 1916 intrinsece,
3001 1867 3104 1907 non
3123 1853 3339 1923 quidem
3358 1866 3565 1907 secun-

298 1949 368 1990 ex
393 1952 524 1992 voce
554 1938 695 2009 ἀρχή
728 1938 1066 2008 compositis,
1092 1939 1335 1994 vocando
1366 1937 1538 1993 Deum
1566 1937 1877 2005 θεαρχίαν,

298 2030 628 2099 θεαρχικὴν
666 2031 948 2098 ὕπαρξιν,
1006 2040 1142 2098 etc.,
1171 2030 1226 2086 id
1258 2040 1343 2087 est
1368 2029 1874 2101 Dei-principatum,

296 2124 650 2179 substantiam
675 2123 1244 2193 diviitmprincipalem,
1268 2122 1566 2178 divinitatis
1591 2122 1875 2192 originem,

300 2213 355 2267 in
393 2216 664 2270 creaturis
698 2214 935 2281 scilicet,
968 2214 1098 2283 quia
1131 2214 1277 2269 Deus
1306 2222 1393 2269 est
1432 2223 1627 2269 auctor
1674 2212 1875 2267 divini-

300 2305 429 2361 tatis
470 2307 528 2362 in
578 2308 793 2364 cunctis
839 2308 1153 2363 hominibus
1203 2315 1261 2364 et
1312 2306 1525 2378 angelis
1566 2307 1659 2377 qui
1708 2306 1875 2363 Deum

298 2395 586 2457 imitantur
610 2408 665 2456 et
711 2400 759 2455 ei
791 2399 1004 2456 similes
1048 2401 1211 2468 ﬁunt,
1252 2400 1322 2457 de
1364 2399 1565 2471 quibus
1610 2401 1877 2470 scriptum

298 2502 388 2549 est
420 2511 438 2549 :
482 2493 596 2565 Ego
626 2494 742 2549 dixi
768 2508 788 2548 :
815 2494 905 2549 Dii
930 2497 1054 2551 estis
1077 2495 1149 2562 ’δ;
1196 2506 1249 2552 et
1276 2496 1410 2551 illud
1447 2520 1461 2553 ;
1492 2494 1634 2550 Dens
1657 2496 1877 2550 deorum

298 2590 357 2643 in
408 2588 542 2645 Sion
592 2590 662 2645 ⁷⁸.
720 2590 1016 2658 Θεαρχίαν
1062 2590 1247 2661 itaque
1297 2590 1464 2658 dicit,
1512 2589 1666 2659 quasi
1726 2585 1879 2641 θεῶν

297 2681 583 2750 ὀρχοντα,
612 2682 864 2736 dicamus
897 2696 996 2737 nos
1026 2682 1196 2737 Deum
1231 2682 1481 2748 deorum,
1506 2690 1566 2736 ut
1591 2680 1760 2736 David
1794 2682 1878 2735 di-

299 2772 395 2827 cit.
436 2770 628 2840 Cap.5
664 2769 903 2826 Calestis
924 2772 1245 2827 hierarchiw
1290 2773 1457 2828 Deum
1479 2779 1637 2828 vocat
1664 2774 1869 2825 τελετ-

298 2866 519 2933 αρχίαν
550 2864 650 2918 καὶ
689 2865 1255 2933 αὐτοτελεταρχιαν,
1279 2863 1333 2918 id
1359 2870 1443 2918 est
1471 2863 1726 2933 originem
1757 2878 1879 2933 per-

300 2956 567 3025 factionis,
604 2966 652 3011 et
691 2972 782 3027 per
806 2972 863 3011 se
906 2956 1164 3027 originem
1198 2955 1539 3025 perfectionis
1556 2972 1579 3021 ;
1614 2954 1745 3010 item
1776 2971 1878 3008 τα-

300 3048 578 3123 ξαρχίαν,
608 3049 659 3105 id
688 3058 774 3105 est
817 3050 1074 3119 originem
1106 3049 1480 3103 ordinationis.
1519 3048 1652 3103 item
1685 3063 1803 3117 cap.
1839 3048 1882 3102 5-

1978 1942 2103 1996 dum
2124 1956 2281 1996 suum
2305 1957 2427 1997 esse
2456 1943 2685 1999 iormale
2705 1953 2760 1999 et
2784 1944 3093 2008 essentiale,
3120 1944 3216 1998 sed
3250 1943 3563 1998 secundum

1976 2046 2099 2086 esse
2118 2046 2275 2087 suum
2305 2036 2550 2091 eminens
2568 2044 2622 2090 et
2646 2036 3121 2105 superessentiale.
3154 2035 3308 2091 Unde
3335 2035 3455 2103 ipse
3474 2040 3563 2089 est

1977 2124 2161 2179 omnia
2187 2132 2242 2179 et
2281 2124 2493 2194 singula
2533 2127 2842 2193 eminenter
2895 2138 2952 2184 et
2996 2126 3559 2197 superessentialiter.

2362 2217 2639 2282 Quomodo
2663 2219 2843 2273 omnia
2876 2228 3151 2289 negentur.

2048 2308 2330 2380 Negantur
2375 2310 2444 2364 de
2488 2310 2605 2379 ipso
2653 2311 2859 2378 omnia,
2907 2311 3035 2381 quia
3085 2312 3202 2381 ipse
3253 2319 3341 2366 est
3387 2325 3562 2381 supra

1976 2416 2194 2456 omnem
2245 2403 2515 2457 rationem
2540 2410 2595 2458 et
2634 2404 2870 2473 speciem
2915 2413 3116 2458 creata:
3144 2403 3314 2457 menti
3357 2417 3562 2459 conce—

1976 2493 2244 2565 ptibilem.
2274 2492 2366 2549 Sic
2396 2493 2702 2565 Dionysius,
2741 2495 2908 2565 capit.
2931 2494 3033 2550 ult.
3064 2493 3224 2564 Myst.
3258 2492 3558 2563 tlieologite,

1977 2586 2111 2643 dicit
2138 2587 2308 2642 Deum
2347 2603 2470 2644 esse
2503 2604 2609 2643 non
2643 2589 3033 2654 substantiam,
3074 2603 3183 2643 non
3217 2588 3416 2653 vitam,
3451 2603 3559 2642 non

1977 2675 2177 2745 lucem,
2205 2692 2315 2733 non
2345 2692 2589 2744 sensum,
2621 2693 2727 2733 non
2760 2663 3023 2747 mentem,
3055 2694 3164 2733 non
3199 2679 3557 2748 sapientiam,

1978 2785 2082 2825 non
2130 2769 2459 2839 bonitatem,
2512 2785 2622 2826 non
2668 2772 2966 2838 deitatem,
3022 2772 3117 2826 sed
3167 2771 3428 2841 quiddam
3474 2769 3562 2825 his

1976 2864 2235 2919 omnibus
2266 2864 2598 2919 eminentius
2629 2871 2792 2933 atque
2824 2863 3200 2935 praestantius.
3251 2862 3415 2917 Ratio
3450 2869 3559 2927 est,

1975 2957 2103 3025 quia
2136 2956 2321 3011 omnia
2355 2956 2489 3022 ista,
2520 2965 2789 3026 quatenus
2820 2954 2989 3009 menti
3019 2962 3222 3010 creatae
3249 2962 3378 3007 sunt
3404 2967 3561 3008 com-

1977 3048 2367 3120 prehensibilia
2403 3058 2457 3104 et
2483 3049 2866 3113 nominabilis,
2904 3047 3108 3103 habent
3136 3056 3436 3117 conceptus
3461 3046 3565 3099 ob-

299 3140 380 3195 De
420 3142 611 3195 diviin's
653 3142 975 3210 nominibus,
1014 3142 1051 3213 θ
1079 3141 1137 3208 2,
1176 3156 1377 3210 corpus
1407 3142 1469 3196 Β.
1509 3139 1747 3211 Virginis
1777 3157 1873 3197 vo-
1903 3180 1944 3237 Ο
1971 3144 2204 3214 jectivos
2242 3143 2505 3199 limitatos
2549 3143 2603 3198 in
2636 3144 2853 3198 ratione
2892 3141 3037 3197 entis
3069 3157 3085 3197 :
3129 3140 3391 3194 limitatos
3415 3178 3430 3202 ,
3476 3137 3563 3191 in-

301 3244 393 3289 cat
424 3233 768 3302 ζωαρχικόν,
808 3233 863 3288 id
907 3242 992 3288 est
1016 3233 1158 3299 quod
1182 3235 1304 3288 vitce
1332 3233 1655 3304 principium
1680 3232 1846 3288 dedit.

782 3346 1223 3404 OBSERVATIO
1261 3346 1400 3405 Vili.

301 3438 615 3512 Dionysium
660 3439 840 3493 omnia
865 3442 929 3492 de
962 3439 1066 3512 Deo
1091 3440 1353 3512 afﬁrmare
1369 3449 1424 3512 et
1454 3441 1643 3493 iterum
1667 3453 1876 3509 negare.

565 3510 838 3575 Quomodo
868 3511 1047 3563 omnia
1071 3512 1135 3563 de
1160 3510 1271 3565 Deo
1293 3511 1638 3581 aﬂirmentur.

372 3602 683 3659 Notandum
723 3619 940 3674 quoque
972 3604 1032 3659 S.
1068 3604 1387 3674 Dionysium
1434 3604 1528 3659 lib.
1579 3604 1657 3657 De
1683 3604 1879 3659 divinis

302 3698 623 3763 nominibus,
656 3713 780 3767 cap.
813 3698 869 3767 i,
909 3699 968 3764 2,
1008 3696 1099 3764 15,
1140 3706 1196 3751 et
1240 3695 1392 3765 alibi,
1429 3696 1726 3766 aliquando
1756 3697 1880 3766 qui-

302 3791 424 3845 dem
455 3793 636 3845 omnia
670 3790 738 3846 de
774 3790 889 3847 Deo
921 3790 1216 3855 aﬂirmare,
1249 3790 1555 3859 aliquando
1584 3807 1713 3845 vero
1751 3807 1879 3846 rur-

300 3896 423 3937 sum
446 3882 628 3938 omnia
656 3897 878 3953 negare.
907 3882 1045 3940 Hinc
1086 3882 1222 3938 dicit
1246 3882 1422 3938 Deum
1448 3883 1636 3938 omnia
1660 3896 1784 3937 esse
1817 3891 1891 3938 ut.

301 3970 474 4027 Deum
519 3973 705 4041 decet;
752 3983 808 4027 et
844 3973 981 4028 nihil
1032 3989 1222 4029 eorum
1255 3987 1401 4039 esse,
1450 3980 1509 4027 ut
1548 3988 1715 4044 supra
1748 3976 1885 4030 sub-

301 4066 561 4120 stantiam
613 4076 730 4132 est;
776 4078 1076 4134 utrumque
1118 4067 1265 4122 enim
1309 4066 1529 4137 proprie
1571 4067 1772 4122 dicitur
1824 4067 1886 4123 in-

304 4157 402 4212 Dei
428 4159 789 4228 amplitudine
818 4173 834 4211 :
869 4169 953 4223 ut,
983 4159 1128 4213 Deus
1158 4167 1242 4213 est
1274 4158 1412 4225 vita,
1440 4158 1582 4215 Deus
1612 4169 1697 4214 est
1719 4157 1881 4213 boni-

308 4261 391 4305 tas
412 4259 534 4327 ;\et,
562 4251 708 4305 Deus
733 4265 839 4306 non
871 4262 955 4306 est
979 4251 1113 4318 vita,
1142 4261 1197 4306 et
1234 4267 1340 4307 non
1367 4262 1451 4307 est
1476 4253 1723 4320 bonitas,
1752 4254 1880 4322 quia

303 4352 391 4400 est
435 4358 599 4414 supra
643 4346 780 4411 haec,
828 4359 948 4413 quae
979 4360 1080 4400 nos
1122 4359 1222 4414 per
1263 4345 1435 4399 vitam
1469 4356 1527 4401 et
1570 4348 1880 4402 bonitatem

305 4437 681 4509 intelligimus.
704 4441 769 4493 Et
797 4440 902 4494 hoc
929 4453 1090 4495 sensu
1121 4453 1245 4510 cap.
1275 4441 1333 4507 2,
1357 4440 1488 4512 θαι,
1515 4452 1673 4498 vocat
1708 4443 1876 4498 Deum

1980 3252 2169 3307 quam,
2212 3253 2316 3293 non
2359 3252 2425 3292 ex
2470 3248 2628 3306 parte
2674 3237 2752 3291 rei
2795 3250 2915 3304 qua:
2962 3234 3301 3301 concipitur,
3347 3231 3441 3285 sed
3490 3245 3562 3285 ex

1979 3336 2135 3396 parte
2180 3328 2324 3381 modi
2352 3327 2719 3395 concipiendi.
2754 3325 2907 3380 Unde
2938 3336 2998 3379 ut
3028 3324 3108 3379 sic
3137 3322 3557 3393 concipiuntur,

1982 3433 2088 3472 non
2120 3419 2405 3473 includunt
2450 3418 2759 3473 formaliter
2799 3417 2935 3473 alias
2964 3417 3331 3487 perfectiones
3364 3432 3379 3470 :
3415 3414 3559 3468 ratio

1980 3510 2126 3564 enim
2170 3511 2514 3575 substantias,
2569 3521 2627 3564 ut
2676 3526 2705 3564 a
2754 3519 3011 3565 creatura
3060 3509 3389 3576 concipitur,
3445 3522 3559 3560 non

1982 3602 2218 3658 includit
2248 3605 2521 3659 rationem
2555 3604 2845 3672 sapientiae
2874 3613 2967 3656 aut
2997 3611 3225 3657 ceteras
3258 3600 3559 3668 perfectio-

1982 3711 2104 3761 nes,
2136 3711 2240 3752 nec
2271 3706 2482 3763 contra,
2518 3697 2612 3750 sed
2642 3710 2869 3766 quaeque
2900 3709 3057 3750 suum
3090 3691 3384 3746 limitatum
3420 3704 3561 3744 con-

1982 3794 2200 3855 ceptum
2246 3786 2433 3840 habet.
2484 3786 2627 3840 Deus
2668 3793 2852 3840 autem
2883 3794 2963 3840 est
3002 3783 3140 3837 ratio
3176 3795 3408 3852 prorsus
3446 3779 3559 3833 illi-

1983 3874 2210 3941 mitata,
2263 3873 2409 3928 unde
2462 3872 2772 3928 formaliter
2826 3873 2912 3929 vel
2969 3874 3278 3928 eminenter
3331 3870 3561 3925 includit

1982 3978 2195 4019 omnem
2224 3963 2614 4035 perfectionem
2645 3963 3095 4034 conceptibilem.

2184 4057 2545 4127 Perfectiones
2580 4058 2865 4128 dupliciter
2893 4059 3127 4118 existunt
3156 4058 3209 4111 in
3246 4056 3377 4110 Deo.

2053 4152 2191 4211 Hinc
2216 4160 2367 4222 patet
2413 4165 2606 4206 omnes
2628 4151 2996 4221 perfectiones
3026 4165 3146 4221 quae
3172 4151 3281 4207 Deo
3312 4150 3564 4204 tribuum-

1986 4259 2071 4303 tur
2099 4249 2309 4317 absque
2336 4248 2688 4317 metaphora,
2719 4247 3009 4314 dupliciter
3035 4246 3089 4299 in
3116 4245 3234 4313 ipso
3266 4243 3557 4309 contineri,

1982 4340 2285 4396 iormaliter
2317 4346 2373 4394 et
2410 4338 2714 4393 eminenter
2752 4356 2768 4392 :
2810 4337 3141 4401 formaliter,
3168 4337 3213 4389 si
3243 4342 3562 4405 spectentur

1983 4430 2282 4486 secundum
2307 4429 2587 4499 proprium
2616 4437 2958 4497 conceptum,
2992 4442 3099 4495 quo
3123 4442 3151 4479 a
3178 4426 3286 4479 Deo
3309 4433 3365 4480 et
3387 4423 3561 4478 beatis

308 4547 328 4580 ι
367 4528 591 4584 πάντων
636 4529 783 4586 θέσιν
829 4532 921 4584 καὶ
963 4531 1180 4586 πάντων
1216 4531 1526 4603 ἀφαίρεσιν,
1577 4551 1599 4584 s
1644 4535 1879 4587 omnium

2056 4524 2386 4594 ncipiunlur,
2435 4524 2527 4593 qui
2560 4532 2643 4578 est
2689 4522 2996 4577 illimitatus
3027 4521 3080 4574 in
3126 4532 3326 4587 genere
3359 4517 3506 4571 entis
3536 4533 3555 4583 ;

301 4622 641 4692 positionem,
673 4633 721 4676 et
766 4623 1003 4676 omnium
1047 4622 1387 4689 ablutionem,
1417 4625 1544 4693 quia
1572 4626 1880 4679 eminenter

304 4716 460 4787 ponit
491 4716 698 4781 omnia,
747 4724 1010 4785 tanquam
1051 4717 1232 4771 omnia
1277 4717 1615 4785 continens;
1667 4724 1721 4771 et
1766 4717 1882 4770 for-

305 4808 525 4864 maliter
559 4810 741 4864 omnia
766 4810 969 4875 aufert,
995 4810 1124 4877 quia
1158 4812 1305 4866 ratio
1342 4811 1562 4880 prOpria
1596 4825 1704 4878 qua
1735 4808 1880 4863 Deus

302 4910 411 4969 est,
440 4900 680 4956 excludit
719 4903 787 4957 ab
822 4902 942 4972 ipso
969 4916 1188 4955 omnem
1225 4901 1511 4956 formalem
1544 4902 1815 4955 rationem
1850 4914 1879 4953 a

303 5003 491 5048 creata
519 5007 699 5050 mente
738 4996 1306 5065 comprehensibilem,
1342 4997 1423 5050 uti
1453 4995 1667 5049 erudite
1691 4995 1882 5049 obser-

300 5097 397 5139 vat
437 5086 655 5143 Lessius
688 5088 783 5143 lib.
812 5105 830 5142 ι
888 5088 964 5143 De
995 5090 1213 5159 perfect.
1246 5088 1433 5152 divin.,
1464 5102 1586 5155 cap.
1633 5089 1690 5149 5,
1724 5086 1881 5153 cujus

300 5179 471 5232 verba
520 5180 644 5233 eum
697 5181 755 5233 S.
803 5180 1064 5251 Dionysio
1112 5194 1364 5248 magnam
1412 5177 1588 5231 lucem
1625 5176 1880 5243 afferant,

305 5271 394 5325 hic
418 5270 621 5326 referre
637 5271 876 5339 placuit:
908 5271 1130 5338 Omnia,
1159 5272 1356 5339 inquit,
1381 5272 1445 5323 de
1472 5270 1583 5323 Deo
1613 5269 1884 5338 afﬁrman-

305 5372 414 5426 tur,
450 5363 575 5432 quia
608 5364 786 5416 omnia
819 5375 938 5417 sunt
971 5367 1024 5417 in
1057 5365 1171 5433 ipso
1214 5360 1508 5430 formaliter
1536 5362 1615 5414 vel
1646 5363 1881 5414 eminen-

1984 4619 2319 4685 eminenter,
2365 4618 2411 4672 si
2445 4616 2863 4670 considerentur
2909 4611 3209 4668 secundum
3266 4616 3560 4677 conceptus

1985 4713 2261 4783 prOprios,
2291 4724 2429 4779 quos
2458 4710 2660 4764 habent
2694 4716 2754 4762 ut
2779 4722 2808 4760 a
2833 4705 3107 4761 creaturis
3131 4705 3336 4770 absque
3360 4699 3561 4753 lumine

1985 4805 2174 4875 gloria
2222 4800 2758 4871 apprehenduntur:
2799 4799 2906 4853 etsi
2956 4797 3109 4852 enim
3156 4809 3247 4850 res
3292 4798 3561 4860 concepta

1984 4899 2056 4952 sit
2099 4896 2317 4965 proprie
2356 4895 2412 4949 in
2447 4893 2581 4959 Deo,
2614 4906 2723 4947 non
2775 4900 2961 4945 tamen
3010 4902 3139 4944 cum
3185 4901 3252 4941 eo
3301 4884 3463 4940 modo
3506 4893 3563 4939 et

1983 4987 2309 5043 limitatione
2337 4987 2438 5043 sub
2462 4999 2569 5056 qua
2601 4983 2934 5052 concipitur.

2500 5098 2938 5159 OBSERVATIO
2974 5095 3069 5155 1X.

1987 5194 2348 5269 Perlectiones
2378 5193 2478 5269 Dei
2508 5192 2795 5262 dupliciter
2824 5188 3248 5269 considerantur.
3276 5182 3559 5269 Quomodo

2189 5267 2335 5320 Deus
2364 5268 2737 5318 denominetur
2765 5264 2997 5326 sapiens,
3021 5264 3225 5326 justus,
3253 5264 3363 5309 etc.

2059 5358 2129 5416 Ut
2174 5360 2293 5416 hate
2343 5368 2398 5413 et
2437 5358 2544 5413 alia
2601 5370 2722 5427 qua:
2773 5369 2937 5424 supra
2987 5354 3307 5423 attigimus,
3368 5352 3561 5408 inelins

304 5460 408 5511 ter.
465 5454 602 5508 llinc
646 5457 844 5509 dieitur
900 5456 1185 5524 sapientia,
1232 5453 1463 5516 bonitati.
1512 5452 1724 5518 veritas,
1761 5459 1875 5527 lux,
1925 5456 1942 5529 ζ
1989 5454 2384 5525 intelligantur,
2424 5452 2629 5508 ibidem
2664 5464 2695 5505 e
2740 5448 2933 5503 Lessio
2978 5447 3275 5503 notandum
3323 5457 3429 5510 cst,
3478 5445 3560 5498 di-

378 5635 428 5669 “
465 5635 610 5693 Psal.
663 5653 851 5693 Lxxxt.
931 5638 976 5667 ⁷³
1009 5636 1154 5691 Psal.
1211 5651 1442 5689 LXXXIII.

381 5796 461 5869 (5)
493 5792 630 5852 Vide
659 5793 802 5853 infra
832 5810 879 5852 c.
912 5795 944 5849 5
980 5804 1035 5854 et
1065 5796 1124 5850 ll
1174 5793 1248 5855 De
1271 5793 1460 5849 divinis
1490 5792 1786 5853 nominibus
1826 5803 1881 5850 ct
1908 5791 2207 5865 Epistolam
2250 5793 2307 5850 S.
2341 5790 2583 5862 Dionysii
2619 5789 2686 5846 ad
2713 5789 2906 5849 Caium
2932 5786 3116 5863 (epist.
3155 5786 3224 5857 1).
