3708 6270
124 316 168 371 85
1452 325 1989 387 PROLEGOMENA.
3292 336 3363 393 86

120 435 238 489 vinas
279 434 664 504 perfectiones
741 442 1047 509 dupliciter
1102 441 1444 499 considerari
1501 460 1685 515 posse.
1718 452 1765 511 Α
1793 448 1891 501 sed
1934 443 2099 499 etiam
2142 458 2305 501 omne
2348 445 2619 517 obiectum
2669 448 3042 521 intelligibile,
3072 457 3131 506 et
3170 450 3249 507 sic
3299 451 3369 509 de

119 528 277 592 Primo,
303 536 361 582 ut
387 537 525 585 sunt
559 529 622 586 in
656 535 853 591 rebus
879 535 1079 591 creatis
1108 535 1194 590 vel
1230 536 1395 590 etiam
1427 546 1590 606 prout
1617 538 1687 592 ab

118 620 343 677 intellectu
374 632 575 680 creato
607 628 853 698 absque
884 629 1089 684 lumine
1115 628 1300 699 gloriae
1323 629 1535 699 concipi
1562 643 1687 698 pos-

117 724 235 779 sunt;
274 716 543 783 secundo,
593 728 667 774 ut
716 730 863 776 sunt
906 722 961 776 in
1008 721 1139 775 Deo.
1190 719 1247 775 Si
1293 722 1477 792 priore
1523 722 1687 777 modo

116 809 513 873 considerentur,
571 812 1023 885 distinguuntur
1055 814 1200 869 inter
1248 829 1309 870 se
1356 812 1684 881 formaliter,

114 905 193 957 imo
216 899 390 957 multa
412 901 601 959 etiam
637 906 910 975 realiter,
936 917 1170 978 suntque
1202 908 1433 963 diversae
1472 908 1685 974 formae,

112 994 171 1049 vel
192 994 419 1052 rationes
460 996 786 1060 formales.
820 1003 888 1059 Et
915 1002 1165 1075 quamvis
1213 1002 1600 1072 concipiantur
1630 1012 1691 1059 ut

111 1086 391 1154 illimitatae,
446 1088 546 1146 vel
617 1090 873 1149 inﬁnitae
928 1093 1284 1165 perfectionis
1334 1094 1477 1149 intra
1532 1110 1687 1151 suam

110 1179 300 1247 speciem
331 1194 430 1235 seu
469 1184 784 1241 rationem
821 1185 1141 1255 fcrmalem,
1178 1193 1360 1241 tamen
1396 1187 1446 1241 in
1475 1188 1690 1244 ratione

104 1273 215 1329 entis
253 1273 333 1328 vel
369 1274 776 1344 perfectionis
808 1288 939 1335 sunt
964 1277 1232 1345 limitatze,
1265 1279 1392 1349 qnia
1428 1296 1535 1336 una
1576 1297 1686 1337 non

106 1364 292 1419 includit
337 1366 544 1425 aliam.
598 1368 736 1425 Hoc
790 1373 958 1429 modo
1004 1373 1111 1430 illa:
1147 1373 1518 1446 perfectiones
1576 1389 1686 1430 non

105 1466 199 1511 sunt
241 1457 291 1513 in
341 1456 459 1514 Deo
506 1459 881 1530 formaliter,
933 1466 1029 1521 sed
1077 1469 1382 1523 eminenter
1432 1476 1685 1534 tantum,

104 1566 257 1620 nempe
283 1561 343 1607 ut
386 1554 447 1608 in
480 1569 678 1612 causa
729 1559 1044 1628 superioris
1083 1560 1319 1627 ordinis,
1349 1568 1405 1615 et
1430 1563 1687 1631 analoga.

103 1642 146 1696 Si
180 1656 293 1698 vero
343 1647 616 1704 secundo
674 1651 853 1707 modo
898 1651 1301 1721 concipiantur,
1336 1654 1417 1710 sic
1447 1668 1555 1710 non
1590 1654 1688 1709 ha-

101 1736 202 1788 bent
240 1734 383 1790 inter
428 1752 495 1793 se
534 1740 730 1795 ullam
770 1742 1184 1801 distinctionem
1231 1744 1544 1811 formalem,
1589 1747 1688 1802 sed

103 1835 200 1881 sunt
222 1841 321 1882 una
351 1828 807 1901 simplicissima
835 1833 1034 1901 forma,
1069 1849 1100 1891 a
1134 1850 1241 1907 qua
1274 1836 1420 1892 Deus
1442 1838 1685 1893 omnium

102 1918 278 1975 illarum
316 1922 763 1990 perfectionum
807 1925 1311 1984 denominationem
1343 1929 1567 2000 accipit,
1592 1931 1689 1985 sed

106 2006 235 2080 longe
266 2010 434 2067 altior
465 2028 657 2083 quam
715 2032 881 2073 mens
923 2028 1104 2074 creata
1145 2020 1442 2089 concipere
1488 2022 1686 2091 possit.

102 2098 277 2156 Dicitur
316 2106 469 2160 enim
506 2109 771 2178 sapiens,
810 2125 919 2166 non
953 2113 1109 2185 quasi
1147 2112 1416 2182 sapientia
1450 2113 1692 2169 imbutus

103 2200 146 2244 et
176 2192 520 2263 informatus,
558 2199 673 2254 sed
711 2209 778 2256 ut
828 2203 1093 2274 sapientia
1126 2220 1225 2275 per
1255 2219 1314 2262 se
1363 2204 1688 2261 subsistens.

103 2283 275 2341 Dicitur
295 2288 506 2358 justus,
564 2293 916 2362 misericors,
940 2308 1175 2363 sanctus,
1212 2312 1317 2352 non
1346 2307 1405 2351 ut
1441 2298 1527 2353 his
1564 2313 1691 2370 per-

108 2372 401 2435 lectionibus
443 2379 729 2450 allectus,
772 2396 999 2442 ornatus
1042 2396 1105 2443 et-
1129 2388 1368 2443 imbutus
1395 2387 1693 2458 (quomodo

106 2483 128 2521 ι
152 2470 288 2527 nobis
325 2473 721 2549 concipitur),
747 2480 847 2536 sed
879 2490 939 2537 ut
954 2480 1191 2552 justitia,
1235 2481 1609 2537 misericordia
1638 2491 1697 2537 et

105 2562 333 2619 sanctitas
363 2566 810 2635 substantialis,
863 2587 959 2642 per
999 2588 1061 2628 se
1107 2574 1441 2629 subsistens.
1488 2574 1692 2630 Eodem

107 2654 235 2711 modo
260 2658 618 2730 accipiendae
653 2677 857 2718 omnes
893 2665 1014 2721 alia:
1041 2666 1404 2736 perfectiones
1437 2682 1560 2738 quae
1590 2668 1693 2736 ipsi

106 2746 407 2817 tribuuntur,
448 2753 598 2826 quia
630 2754 690 2809 in
724 2755 821 2811 illo
851 2756 995 2810 nulla
1035 2767 1117 2813 est
1154 2757 1448 2813 diversitas
1481 2760 1690 2813 forma-

107 2852 201 2894 rum
220 2854 306 2898 aut
327 2846 630 2903 rationum
663 2848 1119 2915 formalium,sed
1146 2865 1250 2905 una
1280 2850 1688 2922 simplicissima

108 2930 249 2990 forma
273 2952 373 3007 per
406 2956 473 2996 se
523 2942 880 3008 subsistens,
916 2942 1124 2998 infinite
1155 2959 1320 3014 supra
1362 2944 1546 3000 omnia
1579 2944 1692 3001 ele-

110 3034 227 3094 vata,
254 3043 371 3099 qua:
418 3042 515 3089 est
562 3034 753 3104 ipsius
790 3034 1029 3090 essentia
1067 3034 1253 3107 (quam
1301 3036 1566 3094 Deitatem
1596 3054 1695 3095 νο-ρ

112 3133 214 3174 me
239 3127 566 3199 possumus)
598 3142 711 3197 per
744 3141 909 3197 quam
938 3142 1128 3183 omnes
1158 3127 1262 3183 illa:
1289 3128 1691 3193 denominatio-

1786 535 2024 591 caeteris.

1791 646 1963 701 Nulla
1999 657 2076 703 est
2113 649 2409 704 similitudo
2450 650 2588 704 inter
2615 651 2961 721 perfectiones
2994 652 3092 707 Dei
3125 663 3173 707 et
3217 670 3372 707 crea-

2497 732 2653 777 (urat.

1863 808 2149 879 Sequitur,
2190 814 2376 877 tertio,
2426 813 2795 884 perfectiones
2850 815 3089 880 divinas,
3136 823 3199 869 ut
3243 824 3374 871 sunt

1790 904 1846 960 in
1881 905 2009 972 Dee,
2056 922 2163 962 non
2210 909 2411 963 habere
2443 909 2608 964 ullam
2640 909 3054 965 similitudinem
3087 924 3212 965 eum
3244 925 3374 980 per-

1789 997 2119 1054 fectionibus
2163 1015 2286 1070 quae
2333 1008 2460 1055 sunt
2513 1000 2598 1057 vel
2644 1015 2767 1057 esse
2815 1010 3046 1070 possunt
3094 1000 3150 1056 in
3206 1003 3374 1057 rebus

1790 1091 2013 1158 creatis,
2037 1100 2097 1146 ut
2117 1093 2276 1148 docet
2310 1093 2601 1164 Dionysius
2625 1108 2749 1163 cap.
2784 1092 2819 1148 9
2872 1093 2946 1146 De
2974 1093 3169 1147 divinis
3199 1096 3376 1147 nomi-

1789 1183 1965 1249 nibus,
1998 1191 2055 1238 et
2087 1198 2209 1253 cap.
2246 1182 2281 1237 5
2316 1181 2555 1253 Mysticw
2603 1183 2901 1252 theologica.
2940 1183 3111 1250 Quam
3149 1184 3220 1241 ob
3246 1199 3378 1237 can-

1791 1270 1909 1331 sam
1959 1278 2103 1332 Deus
2152 1277 2358 1332 dicitur
2408 1292 2515 1331 non
2561 1290 2684 1331 esse
2724 1278 3059 1341 substantia,
3106 1293 3215 1332 nun
3256 1292 3379 1333 esse

1790 1371 1927 1436 vita,
1980 1380 2115 1437 etc.,
2160 1372 2287 1441 quia
2328 1371 2401 1427 ita
2439 1381 2524 1427 est
2566 1386 2731 1441 super
2768 1374 2950 1426 omnia
3000 1372 3274 1436 elevatus,
3318 1380 3380 1425 ut

1790 1477 1917 1519 cum
1955 1464 2105 1518 nulla
2136 1480 2195 1519 re
2231 1474 2417 1520 creata
2450 1463 2537 1518 vel
2568 1463 2794 1519 creabili
2830 1463 3247 1519 similitudinem
3280 1464 3379 1517 ha-

1788 1554 1938 1611 beat.
1986 1557 2124 1623 Quia
2182 1568 2367 1612 tamen
2414 1571 2502 1611 res
2548 1564 2755 1611 creatae
2798 1556 3039 1626 aliquam
3088 1555 3157 1609 ad
3207 1553 3377 1608 Deum

1788 1650 2204 1718 proportionem
2234 1648 2440 1703 habent
2471 1656 2734 1716 tanquam
2765 1646 2996 1702 effectus
3022 1656 3077 1702 et
3112 1644 3380 1701 imitatio-

1792 1753 1893 1795 nos
1934 1741 2183 1809 quasdam
2215 1741 2358 1795 illius
2405 1739 2498 1810 (ob
2544 1756 2707 1810 quam
2748 1741 3188 1810 proportionem,
3224 1739 3272 1792 si
3306 1738 3383 1790 sit

1794 1831 1847 1886 in
1895 1846 2109 1888 summo
2152 1832 2322 1903 gradu
2373 1832 2633 1887 dicuntur
2678 1833 2846 1887 etiam
2888 1830 2999 1884 Deo
3047 1830 3279 1893 similes,
3325 1836 3383 1880 et

1794 1924 1890 1981 Dei
1917 1925 2206 1995 imagines,
2232 1932 2290 1979 ut
2319 1932 2470 1994 patet
2509 1925 2562 1978 in
2597 1933 2795 1979 natura
2835 1920 3247 1990 intellectuali),
3282 1934 3379 1972 ne-

1792 2032 1900 2097 que
1929 2032 2031 2072 nos
2060 2016 2228 2075 Deum
2254 2017 2371 2072 nisi
2387 2032 2454 2073 ex
2486 2018 2651 2072 rebus
2675 2016 2875 2075 creatis
2900 2031 2999 2086 per
3031 2014 3379 2083 analogicuin

1794 2124 2083 2165 ascensum
2111 2124 2452 2183 cognoscere
2481 2126 2797 2181 possumus,
2831 2110 2955 2163 ideo
2988 2108 3212 2162 nomina
3251 2120 3379 2175 per-

1792 2200 2097 2259 fectionum
2125 2214 2432 2259 creatarum
2466 2204 2533 2258 ad
2557 2204 2926 2274 perfectiones
2953 2201 3171 2256 divinas
3197 2208 3380 2254 trans-

1794 2292 2059 2362 ferimus;
2122 2294 2370 2365 alioquin
2429 2299 2498 2352 de
2552 2280 2757 2351 divinis
2807 2292 2956 2350 nullo
3010 2291 3178 2347 modo
3228 2290 3375 2359 loqui

1795 2401 2103 2457 possemus.
2134 2386 2337 2442 Verum
2378 2387 2498 2444 haec
2542 2389 2762 2443 nomina
2792 2385 2953 2457 longe
2993 2382 3175 2443 altiori
3209 2394 3377 2435 sensu

1795 2482 2115 2553 accipienda
2173 2490 2337 2547 sunt,
2383 2497 2506 2538 cum
2560 2483 2878 2536 tribuuntur
2931 2478 3095 2533 rebus
3152 2471 3377 2538 divinis,

1796 2556 2126 2648 quam'cum
2157 2576 2367 2631 creatis
2401 2592 2415 2629 :
2464 2576 2518 2629 in
2556 2575 2668 2630 Deo
2697 2575 2843 2629 enim
2885 2571 3201 2643 significant
3242 2567 3377 2623 subs

1797 2669 2061 2724 Stantlam
2098 2684 2127 2721 a
2162 2683 2220 2722 se
2252 2667 2608 2731 existentem,
2652 2680 2716 2720 ac
2748 2664 2975 2736 proinde
3010 2662 3238 2717 omnino
3268 2658 3380 2713 illi-

1796 2760 2075 2827 mitatam,
2111 2772 2234 2827 qua:
2265 2773 2362 2828 per
2392 2772 2453 2814 se
2485 2756 2792 2812 formaliter
2828 2757 3036 2824 absque
3064 2753 3211 2808 omni
3250 2759 3374 2804 actu

1796 2850 1982 2906 elicito
2035 2858 2265 2919 praestat
2317 2848 2502 2903 omnia
2565 2862 2686 2917 quae
2748 2846 3118 2914 perfectiones
3172 2852 3375 2897 creatae

1794 2952 2059 3013 praestare
2103 2950 2372 3013 possunt,
2417 2949 2472 2996 et
2516 2941 2675 2999 modo
2720 2938 2931 2993 infinite
2976 2937 3377 2992 excellentiori.

1795 3016 1987 3106 itaque
2025 3048 2203 3106 neque
2242 3035 2297 3089 in
2332 3036 2494 3091 modo
2542 3035 2836 3100 existendi,
2883 3047 3062 3104 neque
3114 3032 3168 3084 in
3220 3030 3380 3085 modo

1798 3128 2094 3199 Operandi,
2122 3142 2301 3199 neque
2336 3129 2389 3182 in
2421 3128 2584 3183 modo
2628 3128 2899 3185 tribuendi
2933 3140 3090 3182 suum
3126 3122 3376 3180 etleetum

113 3226 189 3267 nes
208 3213 279 3271 illi
308 3232 374 3272 ex
410 3232 587 3291 parte
624 3222 713 3275 rei
764 3231 1102 3292 competunt.
1152 3220 1208 3276 ld
1238 3222 1383 3276 enim
1411 3233 1495 3277 est
1526 3222 1687 3294 longe
1717 3224 1760 3283 C
1795 3220 2079 3278 formalem
2108 3220 2326 3283 estulla
2364 3218 2687 3285 similitudo,
2721 3230 2827 3274 etc.

111 3304 371 3375 perfectius
414 3322 477 3367 et
523 3312 764 3383 dignius
810 3312 884 3367 illi
926 3313 1237 3381 maiestati,
1284 3314 1496 3369 infinite
1528 3330 1690 3384 supra

113 3404 263 3460 omnia
299 3418 425 3474 qua:
456 3413 599 3461 sunt
632 3412 689 3459 et
721 3418 844 3474 qua:
871 3418 977 3460 non
1014 3413 1143 3464 sunt
1174 3406 1263 3475 (ut
1288 3404 1579 3477 Dionysius
1612 3406 1694 3461 lo-

112 3492 287 3563 quitur)
318 3495 586 3553 elevatae.

422 3591 730 3657 Quomodo
759 3607 815 3645 se
838 3603 1033 3647 mutuo.
1052 3593 1352 3649 includunt.

170 3679 291 3739 line
340 3686 615 3755 sequitur
661 3686 867 3755 primo,
924 3684 1108 3740 omnia
1161 3689 1463 3754 attributa,
1530 3701 1694 3762 prout

117 3776 518 3832 considerantur
556 3777 622 3832 in
666 3792 882 3834 summa
915 3793 1011 3835 sua
1045 3777 1352 3839 elevatione
1398 3783 1696 3854 (quomodo

117 3876 221 3920 sunt
242 3870 290 3923 in
317 3870 484 3941 Deo),
521 3886 589 3927 se
633 3877 829 3927 mutuo
858 3872 1159 3943 includere,
1194 3886 1247 3932 et
1275 3876 1329 3930 in
1364 3877 1526 3932 unius
1553 3892 1691 3932 con-

117 3969 248 4027 cepto
280 3963 601 4019 intrinsece
628 3963 841 4021 includi
871 3967 1077 4035 omnia,
1109 3968 1236 4038 quia
1263 3977 1395 4024 sunt
1421 3984 1527 4025 una
1555 3970 1693 4027 sim-

118 4048 380 4116 plicissima
411 4055 633 4122 forma,
679 4056 736 4110 in
771 4070 831 4112 se
856 4059 1033 4113 omnis
1061 4060 1433 4115 distinctionis
1464 4077 1691 4131 expers,

120 4144 174 4195 de
193 4146 329 4213 cujus
358 4149 595 4211 ratione
632 4156 720 4204 est
743 4149 925 4203 omnia
960 4150 1048 4204 illa
1077 4151 1384 4208 fortnaliter
1410 4162 1465 4210 et
1493 4170 1695 4211 secun-

122 4236 221 4290 dum
248 4255 527 4296 summam
572 4240 923 4297 identitatem
956 4242 1255 4312 includere,
1291 4256 1346 4300 et
1377 4249 1566 4307 omnia
1600 4250 1694 4305 illa

120 4341 216 4385 esse
240 4331 584 4391 iormaliter.

430 4424 724 4491 Quomodo
750 4425 854 4479 sint
884 4427 1091 4496 inﬁnite
1119 4428 1355 4491 elevata.

178 4505 457 4580 Sequitur,
519 4512 794 4578 secundo,
838 4516 1206 4584 perfectiones
1252 4520 1486 4586 divinas,
1529 4532 1694 4594 prout

128 4612 228 4653 sunt
271 4604 322 4658 in
357 4606 504 4671 Deo,
541 4620 672 4661 esse
719 4605 935 4662 infinite
976 4608 1221 4667 elevatus
1259 4627 1423 4681 supra
1464 4614 1688 4669 easdem

126 4692 466 4755 perfectiones
500 4707 805 4768 spectatas,
841 4709 1000 4769 prout
1031 4714 1161 4759 sunt
1187 4714 1280 4758 aut
1309 4715 1540 4774 possunt
1570 4719 1709 4767 csso

128 4778 170 4833 in
202 4789 494 4859 creaturis,
530 4801 630 4844 aut
662 4790 832 4845 etiam
875 4802 1039 4861 prout
1068 4809 1107 4851 a
1132 4806 1312 4851 mente
1340 4808 1525 4853 creata
1562 4813 1697 4867 pos-

126 4894 228 4940 sunt
251 4890 490 4959 concipi.
527 4890 697 4947 Ratio
737 4902 846 4958 est,
878 4894 1004 4963 quia
1039 4904 1098 4949 ut
1133 4905 1265 4949 sunt
1300 4896 1355 4950 in
1388 4898 1523 4964 Deo,
1566 4908 1699 4955 sunt

127 4973 326 5037 infinita:
390 4984 763 5054 perfectionis
815 5003 921 5041 non
975 4987 1150 5043 solum
1214 4992 1359 5043 intra
1415 4995 1713 5062 propriam.

127 5076 362 5142 speciem,
396 5078 498 5133 sed
532 5078 791 5134 absolute
820 5091 874 5134 et
905 5080 961 5134 in
987 5089 1103 5137 toto
1129 5096 1330 5151 genere
1357 5086 1521 5139 entis.
1553 5086 1694 5140 Tum

129 5160 261 5217 etiam
290 5164 423 5235 quia
456 5166 514 5220 in
550 5166 666 5223 Deo
708 5184 818 5223 non
848 5180 977 5226 sunt
1006 5171 1183 5227 forma
1219 5174 1400 5243 aliqua
1434 5177 1697 5233 acciden-

129 5255 266 5321 taria,
316 5260 409 5312 sed
464 5262 789 5319 substantia
837 5281 935 5335 per
971 5281 1033 5322 se
1072 5269 1404 5334 subsistens,
1459 5278 1514 5324 et
1555 5286 1582 5321 a
1636 5281 1699 5323 se

132 5338 313 5403 habens
350 5352 539 5405 omnia
583 5352 823 5420 infinite,
863 5373 983 5426 quae
1025 5362 1094 5415 ad
1137 5361 1403 5416 rationem
1435 5360 1700 5431 cujusque

130 5438 457 5499 perfectionis
506 5450 789 5514 spectant,
823 5462 876 5502 ν.
925 5465 1004 5520 3.,
1047 5453 1317 5522 sapientia
1361 5451 1542 5507 divina
1588 5469 1699 5509 non

133 5537 200 5581 est
224 5533 479 5601 qualitas,
525 5538 626 5592 sed
660 5540 965 5597 substantia
1000 5560 1097 5613 per
1128 5560 1186 5601 se
1220 5544 1551 5612 subsistens,
1594 5548 1700 5602 lia-

136 5614 242 5676 bcos
271 5640 297 5678 a
328 5642 385 5682 se
416 5643 528 5683 non
564 5628 751 5686 solum
786 5631 1055 5692 infinitum
1088 5636 1271 5694 lumen
1310 5636 1700 5705 intellectuale,

245 5804 285 5836 "
324 5806 472 5868 Paul.
518 5825 717 5867 (λων.

2313 3355 2754 3417 OBSERVATIO
2796 3358 2859 3412 X.

1800 3451 2038 3506 Nomina
2066 3455 2369 3507 communia
2401 3469 2505 3521 quo
2546 3468 2701 3521 sensu
2734 3456 2882 3520 prius
2910 3451 2973 3504 de
3001 3450 3133 3513 Deo,
3156 3462 3203 3504 et
3234 3465 3381 3518 prius

1870 3529 1935 3576 de
1968 3526 2227 3581 creaturis
2270 3520 2539 3577 dicamur.
2581 3520 2814 3576 Nomina
2857 3533 2979 3575 sunt
3013 3528 3165 3575 rebus
3204 3530 3378 3589 poste-

1872 3595 2041 3647 riora.
2073 3592 2307 3648 Nomina
2331 3594 2394 3647 ab
2428 3592 2634 3646 homine
2661 3596 2896 3646 inventa.

1874 3684 2009 3740 Nota
2050 3683 2112 3741 S.
2143 3684 2435 3751 Thomam,
2467 3691 2625 3754 parte
2656 3700 2694 3748 ι,
2719 3698 2814 3753 qu.
2856 3685 2940 3752 l5,
2975 3693 3081 3743 art.
3108 3685 3165 3751 6,
3199 3684 3382 3740 dicere

1797 3778 2093 3851 prmdictas
2124 3777 2512 3850 perfectiones,
2541 3786 2804 3846 quantum
2846 3779 2913 3832 ad
2949 3793 3063 3834 rem
3098 3777 3380 3849 signiﬁca-

1798 3876 1911 3921 tam
1948 3881 2046 3936 per
2072 3860 2297 3931 nomen,
2329 3865 2483 3935 prius
2508 3865 2617 3920 dici
2646 3864 2715 3922 de
2744 3864 2854 3921 Deo
2878 3882 3042 3936 quam
3067 3866 3135 3922 de
3161 3875 3382 3925 creatu-

1799 3964 1918 4030 ris;
1951 3962 2077 4033 quia
2110 3977 2140 4015 a
2172 3961 2284 4016 Deo
2322 3959 2639 4029 huiusmodi
2666 3960 3039 4030 perfectiones
3072 3960 3126 4015 in
3159 3968 3383 4017 creatu-

1800 4072 1891 4111 ras
1912 4062 2166 4121 manant;
2192 4053 2287 4108 sed
2304 4054 2662 4122 quantumad
2687 4052 3090 4123 impositioncm
3118 4054 3380 4120 nominis,

1800 4149 1954 4219 prius
1978 4163 2007 4201 a
2038 4147 2197 4201 nobis
2222 4147 2427 4215 imponi
2453 4146 2723 4200 creaturis
2746 4161 2883 4216 quas
2914 4147 3068 4215 prius
3098 4148 3385 4217 cognosci-

1801 4257 1962 4305 mus;
2011 4239 2156 4297 unde
2212 4248 2268 4295 et
2319 4240 2540 4299 modum
2594 4239 2942 4309 significandi
3000 4240 3234 4307 habent,
3291 4242 3385 4309 qui

1800 4318 2065 4400 competit
2088 4331 2380 4386 creaturis.
2409 4329 2536 4385 Non
2569 4331 2712 4385 enim
2750 4330 2952 4401 (inquit
2988 4329 3242 4396 Basilius,
3281 4332 3382 4386 lib.

1804 4440 1867 4489 II,
1899 4435 2087 4479 contra
2115 4423 2468 4493 Eunomium)
2503 4433 2700 4483 natura
2730 4440 2906 4478 rerum
2950 4426 3167 4479 nomina
3210 4426 3387 4497 sequi—

1804 4529 1915 4583 tur,
1952 4519 2059 4571 imo
2082 4526 2199 4586 post
2228 4534 2311 4571 res
2334 4517 2479 4586 ipsas
2507 4517 2715 4570 inventa
2747 4529 2869 4577 sunt
2899 4520 3136 4572 nomina.
3172 4517 3387 4572 Etenim

1804 4614 1851 4666 si
1894 4613 1996 4668 hoc
2026 4618 2173 4665 esset
2202 4624 2414 4675 verum,
2447 4624 2555 4663 non
2592 4624 2715 4667 esse
2756 4612 3175 4667 nominarebus
3204 4619 3388 4680 poste-

1807 4704 1978 4768 riora,
2007 4718 2145 4773 opus
2187 4711 2352 4769 esset,
2380 4713 2438 4758 ut
2469 4717 2702 4773 quorum
2732 4713 2859 4757 sunt
2903 4705 3106 4759 eadem
3138 4702 3391 4758 nomina-

1807 4802 2009 4867 tiones,
2060 4815 2163 4855 una
2215 4809 2268 4854 et
2318 4799 2507 4853 eadem
2554 4800 2863 4855 substantia
2918 4809 3102 4854 esset:
3159 4814 3385 4867 ex'qno

1806 4897 1997 4961 fieret,
2025 4903 2083 4948 ut
2113 4895 2239 4963 quia
2270 4893 2367 4963 qui
2402 4900 2535 4947 sunt
2577 4892 2782 4947 virtute
2829 4892 3079 4965 perfecti,
3107 4892 3255 4961 digni
3281 4907 3384 4947 no-

1809 4990 1957 5053 mine
1997 4988 2096 5042 Dei
2122 4987 2415 5050 habentur,
2446 4992 2501 5040 et
2542 4982 2619 5037 dii
2663 4983 3031 5054 appellantur,
3074 4992 3260 5038 essent
3288 4984 3389 5040 ho-

1814 5084 1992 5139 mines
2043 5080 2312 5153 ὁμούσιοι,
2370 5079 2424 5135 id
2478 5086 2566 5133 est
2614 5076 2859 5145 ejusdem
2911 5076 3232 5132 substantia:
3281 5092 3392 5147 qua

1810 5176 1976 5232 Deus.
2014 5173 2214 5229 Verum
2263 5174 2406 5227 sicut
2447 5172 2553 5227 hoc
2584 5170 2793 5235 dicere,
2834 5166 3127 5223 manifesta
3171 5170 3389 5225 insania

1808 5279 1930 5333 est;
1981 5269 2060 5323 sic
2111 5266 2240 5322 illud
2274 5266 2481 5331 dicere,
2514 5278 2672 5335 aeque
2716 5261 2993 5319 dementia
3022 5272 3131 5319 est.
3182 5263 3296 5317 lmu
3333 5271 3392 5318 et

1808 5357 2104 5428 Gregorius
2142 5355 2419 5428 Nyssenus
2451 5354 2549 5414 lib.
2581 5370 2710 5424 xui,
2740 5354 3027 5423 disputans
3056 5364 3251 5410 contra
3281 5353 3391 5409 Eu-

1814 5450 2057 5507 nomium
2085 5467 2099 5503 :
2130 5448 2431 5513 Miserator,
2473 5448 2671 5518 inquit,
2696 5456 2744 5501 et
2774 5448 3073 5502 misericors
3105 5447 3390 5510 Dominus,

1809 5546 2039 5616 patiens,
2081 5552 2129 5597 et
2166 5543 2347 5597 multa:
2384 5540 2759 5594 misericordia:
2805 5540 3021 5609 ".Quid
3071 5542 3188 5596 haec
3224 5541 3401 5594 aiunt.

1801 5636 2149 5709 significare?
2172 5634 2525 5698 Naturamne,
2561 5647 2629 5688 an
2666 5632 3070 5692 onerationem?
3102 5632 3269 5689 Nemo
3294 5646 3381 5697 sa-
