3708 6356
340 331 411 386 ετ
1470 324 1527 381 S.
1569 321 1937 380 DIONYSIUS
1974 322 2428 380 AREOPAGITA.

3511 319 3588 375 88

333 464 403 504 ne
430 441 871 504 aliuddeciarare
895 442 1482 513 dixeritprzeterquam
1506 436 1968 510 operationem.A
2000 452 2161 489 unum
2225 445 2302 490 est
2351 434 2491 505 quod
2545 431 2897 502 signiﬁcatur.
2949 429 3018 484 Et
3072 430 3118 485 si
3170 430 3336 485 Deum
3388 430 3583 496 dicas,

332 539 563 607 Quando
592 538 759 610 igitur
795 537 1085 592 miseratus
1113 543 1198 589 est
1224 533 1502 600 Dominus,
1540 542 1686 587 utex
1724 545 1912 602 opera-

333 633 483 686 tione
501 628 869 685 miserationis
895 640 1091 682 nomen
1118 624 1374 681 duceret?
1395 621 1651 693 Nunquid
1683 633 1811 679 ante
1830 624 1908 678 vi-

334 735 449 780 tam
466 720 797 779 humanam?
818 719 1016 789 Ecquis
1036 728 1165 773 tunc
1186 716 1565 773 misericordia
1595 715 1909 787 indigebat?

332 819 404 874 At
436 830 565 873 vero
603 822 726 886 post
766 822 1048 884 peccatum
1087 824 1308 882 prorsus
1357 807 1739 864 misericordia
1772 823 1911 880 opus

331 909 460 976 fuit,
489 914 773 979 peccatum
806 912 990 960 autem
1024 911 1149 974 post
1182 901 1461 959 hominem
1495 900 1758 969 existitit;
1786 908 1910 973 post

332 1002 610 1058 hominem
632 998 802 1068 igitur
828 998 971 1055 actio
1000 994 1294 1053 miserendi
1314 1006 1371 1052 et
1396 994 1788 1051 misericordia
1808 1008 1910 1051 no-

334 1110 481 1152 men.
506 1093 663 1152 Unde
681 1091 1027 1149 manifestum
1051 1088 1283 1147 eﬂicitur
1311 1088 1616 1160 posteriora
1652 1101 1776 1142 esse
1806 1100 1911 1142 no-

334 1192 482 1247 mina
507 1189 621 1258 ipsa
647 1187 954 1243 aeternitate
972 1184 1093 1254 Dei,
1124 1192 1179 1241 et
1212 1192 1336 1256 post
1369 1182 1649 1239 hominem
1677 1189 1733 1237 et
1756 1193 1912 1236 men-

337 1292 444 1341 tem
468 1283 708 1341 hominis
734 1283 957 1337 inventa
980 1293 1124 1335 esse.
1148 1276 1299 1334 Mens
1328 1276 1477 1332 enim
1502 1277 1741 1331 humana
1766 1272 1911 1329 sicut

334 1379 567 1434 aliarum
589 1392 773 1434 rerum
793 1376 1013 1431 nomina
1038 1373 1344 1439 adinvenit,
1374 1372 1456 1428 sic
1484 1371 1651 1427 etiam
1689 1367 1911 1424 nomina

338 1468 433 1524 Dei
461 1483 748 1539 aggressa,
768 1478 822 1525 et
847 1468 1017 1523 veluti
1045 1466 1332 1521 materiam
1351 1473 1531 1533 nacta,
1555 1463 1643 1518 illa
1682 1465 1798 1533 ipsa
1831 1458 1912 1514 ef-

335 1556 477 1615 fecta
507 1570 563 1615 et
593 1561 961 1627 admirabilia,
995 1576 1116 1633 quae
1142 1562 1197 1617 in
1224 1559 1480 1615 universo
1501 1553 1908 1624 contemplatur

335 1650 654 1721 insequens,
686 1661 743 1709 et
775 1653 843 1708 de
874 1654 985 1710 Deo
1029 1653 1338 1724 inquirens,
1372 1650 1591 1706 nomina
1626 1643 1907 1718 imposuit.

334 1745 572 1801 Nomina
603 1749 907 1832 communia
937 1766 1040 1820 quo
1062 1748 1320 1832 .sensu'de
1348 1747 1483 1832 Deo,
1517 1755 1566 1801 et
1603 1762 1709 1817 quo
1738 1760 1899 1801 sensu
1929 1776 1974 1832 Β

743 1820 807 1872 de
837 1818 1100 1874 creaturis
1128 1818 1485 1889 intelligenda.

403 1909 485 1963 Ex
525 1910 610 1965 his
641 1924 772 1980 ergo
810 1910 1106 1982 colligitur,
1144 1926 1267 1965 cum
1323 1909 1633 1978 hujusmodi
1678 1910 1899 1966 nomina

335 2000 520 2056 divina
551 2004 617 2058 de
640 2002 906 2057 creaturis
923 2015 1058 2072 quas
1075 2002 1225 2072 prius
1252 2002 1650 2071 cognoscimus,
1672 2009 1727 2057 et
1752 2001 1909 2071 prius

338 2095 711 2162 nominamus,
764 2094 1051 2160 dicuntur,
1087 2095 1288 2151 habere
1330 2109 1395 2150 ea
1442 2094 1660 2150 modum
1696 2094 1907 2164 signiﬁ-

333 2186 513 2249 candi,
542 2187 634 2256 qui
657 2188 918 2257 competit
948 2187 1236 2250 creaturis,
1266 2187 1410 2242 sicut
1447 2187 1522 2241 ait
1550 2187 1608 2242 S.
1637 2187 1901 2254 Thomas,

332 2284 389 2331 et
417 2277 715 2332 secundum
757 2288 997 2334 nostram
1055 2280 1504 2334 consuetudinem
1560 2281 1779 2351 proprie
1827 2281 1903 2336 si-

332 2368 597 2445 gniﬁcare
614 2371 993 2439 operationem
1015 2388 1109 2427 seu
1133 2371 1392 2427 effectum
1416 2373 1822 2443 participatum,
1844 2382 1903 2429 ut

332 2462 508 2517 bonus
540 2461 844 2517 bonitatem
874 2473 1142 2533 creatam,
1171 2463 1389 2534 sapiens
1418 2465 1737 2535 sapientiam
1764 2466 1896 2521 item

334 2560 604 2618 creatam,
641 2564 697 2608 et
723 2553 974 2609 similiter
998 2556 1051 2609 in
1082 2554 1311 2625 reliquis
1350 2555 1667 2610 nominibus
1692 2556 1902 2627 signiﬁ-

332 2644 589 2699 cantibus
640 2640 954 2716 hujusmodi
1007 2646 1377 2715 perfectiones
1406 2647 1806 2717 participatas;
1846 2655 1902 2702 et

335 2740 394 2785 ut
416 2734 496 2787 sic
524 2749 630 2788 non
664 2736 921 2790 dicuntur
961 2736 1178 2806 proprie
1206 2735 1274 2791 de
1304 2736 1435 2803 Deo,
1464 2737 1592 2806 quia
1626 2737 1771 2792 Deus
1813 2745 1899 2793 est

327 2836 495 2892 supra
538 2825 664 2890 ista,
709 2842 874 2897 supra
916 2828 1140 2893 bonum,
1186 2843 1346 2898 supra
1395 2833 1719 2898 sapientem.
1763 2828 1898 2884 Cum

327 2929 464 2970 vero
509 2917 577 2973 de
611 2918 724 2973 Deo
759 2920 977 2989 proprie
1020 2920 1299 2987 dicuntur,
1336 2921 1629 2976 essentiam
1664 2921 1783 2991 ejus
1824 2920 1900 2976 si-

328 3005 610 3075 gniﬁcare,
641 3017 695 3063 et
719 3012 1012 3065 secundum
1054 3020 1307 3064 naturam
1352 3011 1484 3077 dici,
1534 3020 1588 3065 et
1636 3010 1783 3065 dicta
1831 3010 1901 3065 de

2000 528 2237 582 eumdem
2268 525 2560 591 ostendisti,
2614 540 2763 594 quem
2793 540 2885 593 per
2915 522 3114 592 reliqua
3145 523 3363 576 nomina
3396 535 3583 577 mente

1998 622 2301 688 concepisti.
2370 619 2450 673 Ex
2504 617 2590 672 his
2640 616 2805 686 igitur
2872 614 3219 669 manifestum
3292 612 3352 667 ﬁt
3420 614 3581 684 quod

1998 717 2189 771 eadem
2232 715 2413 771 divina
2454 711 2671 767 nomina
2709 720 2763 765 et
2796 709 2998 765 eaedem
3053 708 3301 763 notiones
3352 716 3578 763 nostra:

1997 804 2065 860 de
2104 806 2216 861 Deo
2240 803 2515 870 dicuntur,
2544 799 2855 869 nullamque
2905 797 3262 854 differentiam
3313 796 3394 852 rei
3437 800 3580 851 sub-

1992 898 2153 966 iectas
2206 899 2274 951 ad
2332 895 2499 950 Deum
2565 892 2738 948 relata
2804 897 3243 960 repraesentant:
3304 897 3361 943 et
3418 890 3580 959 quod

1998 987 2218 1045 nomina
2259 986 2355 1042 Dei
2406 984 2672 1055 triplicem
2716 982 2918 1038 habent
2963 996 3185 1037 causam
3228 980 3576 1036 elﬁcientem

2000 1078 2241 1152 quidem,
2276 1085 2511 1132 mentem
2550 1075 2719 1141 ipsam
2755 1075 3085 1137 humanam;
3119 1073 3433 1139 materiam,
3479 1072 3581 1126 illa

1998 1170 2140 1226 unde
2186 1168 2537 1239 colliguntur,
2563 1167 2617 1223 id
2644 1176 2730 1222 est
2777 1164 3003 1231 eﬁ‘ecta;
3052 1164 3235 1228 ﬁnem,
3281 1162 3454 1220 Deum
3506 1162 3585 1217 ad

1998 1276 2157 1332 quem
2186 1260 2517 1315 referuntur.

2494 1370 2934 1429 OBSERVATIO
2972 1368 3065 1425 XI.

2000 1461 2386 1535 S.‘Dionysius
2426 1463 2626 1535 primus
2665 1473 2850 1535 auctor
2889 1462 3169 1535 theologia:
3205 1461 3581 1535 scholasticas.

2071 1531 2343 1601 Principia
2368 1533 2656 1602 theologica
2680 1548 2743 1586 ea:
2768 1534 2939 1601 prima
2963 1534 3174 1599 periodo
3199 1531 3441 1601 Dionysii
3472 1533 3582 1585 de—

2068 1600 2363 1673 promptat
2394 1600 2565 1656 Omne
2607 1600 2801 1656 donum
2843 1620 2875 1656 a
2921 1602 3029 1657 Deo
3074 1618 3187 1656 esse
3214 1642 3229 1668 ,
3282 1602 3577 1664 desursum

2069 1670 2214 1735 esse,
2261 1689 2293 1726 a
2326 1670 2494 1742 Patre
2512 1673 2791 1742 luminum.
2825 1673 3056 1742 Spiritus
3106 1680 3320 1742 sanctus
3364 1675 3577 1725 donum

2072 1742 2275 1796 Patris.
2317 1742 2426 1798 Cur
2460 1741 2626 1795 Pater
2667 1740 2927 1796 luminum
2968 1743 3163 1796 dictus.
3204 1741 3418 1795 Patrem
3456 1756 3581 1795 esse

2072 1813 2388 1880 principium
2419 1812 2831 1867 emanationum.
2873 1812 3078 1864 Bonum
3108 1814 3191 1864 sui
3229 1812 3575 1878 diﬂusivum.

2075 1881 2218 1935 Deus
2244 1884 2423 1935 omnia
2453 1882 2585 1950 facit
2617 1880 2679 1933 ob
2710 1881 3013 1936 bonitatem.
3050 1880 3240 1950 Gratia
3272 1898 3375 1934 non
3408 1882 3580 1933 datur

2070 1968 2134 2006 ea:
2186 1953 2405 2006 meritis.
2456 1949 2772 2003 Immediate
2813 1960 2887 2005 est
2934 1966 2967 2004 a
3019 1951 3149 2007 Deo.
3196 1949 3422 2005 Uniemli
3468 1952 3579 2004 vim

2072 2022 2244 2076 habet.
2271 2020 2551 2075 Hominem
2576 2021 2737 2075 elevat
2768 2037 2928 2083 supra
2949 2028 3147 2074 statum
3169 2032 3399 2076 naturce.
3430 2021 3578 2077 Deus

2076 2092 2307 2146 omnium
2333 2090 2647 2159 principium
2679 2100 2726 2144 et
2748 2089 2899 2158 ﬁnis.

2071 2181 2373 2238 Observatu
2438 2194 2659 2250 quoque
2725 2180 3102 2251 dignissimum
3164 2180 3440 2251 quomodo
3511 2179 3575 2235 S.

2002 2274 2292 2346 Dionysius
2359 2274 2569 2345 primus
2627 2273 2968 2330 scholasticae
3028 2275 3320 2347 theologiaa
3374 2276 3577 2345 jecerit

2002 2366 2373 2432 fundamenta,
2408 2367 2607 2435 quibus
2641 2368 2823 2421 caueri
2858 2367 3118 2438 deinceps
3150 2366 3412 2437 theOIOgi,
3448 2382 3577 2420 eam

2001 2474 2121 2529 quas
2160 2459 2227 2514 de
2266 2458 2377 2513 Deo
2417 2460 2688 2529 rebusque
2730 2459 2928 2514 divinis
2959 2461 3012 2513 in
3052 2458 3255 2514 scholis
3303 2459 3572 2521 traditur,

2002 2552 2311 2608 doctrinam
2345 2566 2562 2605 omnem
2597 2551 3020 2607 inadiﬁcarunt.
3056 2550 3317 2623 Exemplo
3348 2552 3422 2607 sit
3452 2566 3581 2621 pro:

2002 2643 2208 2696 ximum
2237 2644 2382 2711 quod
2418 2641 2659 2696 occurrit
2694 2643 2891 2713 capitis
2921 2642 3081 2713 primi
3134 2640 3212 2695 De
3243 2642 3437 2697 ccelesti
3460 2642 3578 2695 hie-

2001 2735 2217 2788 rarchia
2236 2733 2714 2801 exordium,cujus
2734 2734 2968 2804 primam
2992 2733 3271 2804 periodum
3294 2734 3341 2789 si
3362 2743 3577 2791 attente

2002 2826 2124 2896 quis
2164 2825 2509 2896 expenderit,
2553 2834 2687 2895 quot
2717 2825 2883 2881 verba
2918 2835 2993 2881 tot
3024 2827 3270 2890 oracula,
3314 2825 3577 2881 totidem-

2001 2930 2111 2987 que
2141 2916 2412 2971 altissima
2451 2915 2789 2971 scholastica:
2815 2916 3078 2971 doctrinae
3107 2915 3375 2986 principia
3403 2917 3578 2970 mira-

2000 3007 2166 3063 bitur.
2206 3007 2298 3064 Sic
2337 3007 2500 3063 habet
2539 3024 2551 3062 :
2600 3025 2620 3059 ι
2657 3006 2833 3063 Πᾶσα
2862 3008 3033 3075 δόσις
3068 3007 3282 3079 ἀγαθὴ,
3319 3009 3419 3062 καὶ
3454 3008 3579 3064 πᾶν

329 3100 606 3154 creaturis
635 3101 813 3169 quoad
843 3116 959 3156 rem
991 3100 1379 3170 signiﬁcatam,
1412 3115 1521 3155 non
1552 3101 1771 3170 proprie
1800 3100 1893 3155 sed

2070 3116 2234 3169 mysi
2282 3100 2531 3167 τέλειον,
2578 3100 2807 3156 ἂνωθέν
2851 3101 3002 3168 ἐστι,
3051 3101 3411 3157 καταϐαῖνον
3456 3103 3578 3158 ἀπὸ

324 3205 423 3261 per
444 3192 672 3246 abusum
701 3193 872 3247 verbi.
905 3200 961 3249 et
985 3208 1079 3262 per
1107 3192 1467 3247 imitationem
1498 3200 1553 3247 et
1584 3192 1899 3247 similitudi-

326 3296 454 3337 nem
503 3283 794 3351 quamdam
847 3282 1186 3353 analogicam
1228 3284 1332 3338 dici
1382 3300 1397 3335 :
1444 3292 1611 3353 atque
1662 3284 1737 3337 ita
1778 3298 1900 3353 quas

329 3375 456 3421 sunt
501 3370 815 3423 communia
858 3371 975 3425 Deo
1019 3380 1074 3425 et
1113 3372 1384 3427 creaturis
1427 3373 1670 3439 nomina,
1720 3372 1900 3442 quoad

326 3475 445 3515 rem
477 3461 839 3528 signiﬁcatam
874 3476 1004 3517 vere
1030 3471 1086 3517 et
1118 3464 1355 3533 proprie,
1393 3464 1446 3519 id
1472 3475 1555 3521 est
1586 3465 1897 3521 essentiali-

328 3556 415 3604 ter
443 3561 500 3605 et
543 3567 642 3620 per
672 3566 732 3607 se
767 3553 1026 3607 dicuntur
1057 3554 1124 3609 de
1168 3555 1317 3620 Deo;
1371 3555 1438 3609 de
1484 3563 1736 3610 creatura
1766 3568 1898 3610 vero

332 3658 440 3697 non
473 3658 603 3698 vere
627 3659 801 3714 neque
830 3646 1067 3714 proprie,
1101 3645 1228 3714 quia
1257 3661 1363 3700 non
1394 3659 1490 3715 per
1519 3660 1577 3700 se
1602 3646 1855 3702 dicuntur
1879 3661 1895 3701 :

327 3736 509 3802 quoad
545 3749 675 3790 vero
705 3735 1106 3805 impositionem
1134 3736 1440 3803 nominum,
1472 3736 1693 3806 proprie
1721 3737 1895 3808 signi-

330 3821 498 3876 ﬁcant
558 3824 612 3878 id
661 3824 729 3879 ad
783 3829 926 3893 quod
973 3826 1226 3894 imposita
1277 3834 1425 3894 sunt,
1457 3825 1709 3896 imposita
1749 3829 1896 3885 enim

323 3923 453 3968 sunt
484 3915 641 3985 prius
680 3916 747 3970 ad
782 3918 1172 3985 signiﬁcandas
1202 3917 1566 3987 perfectiones
1598 3918 1897 3991 participa-

327 4013 437 4069 tas,
466 4021 602 4075 quas
632 4021 663 4061 a
708 4007 822 4064 Deo
856 4010 910 4063 in
938 4009 1207 4066 creaturis
1238 4009 1461 4065 eﬂ‘ectas
1492 4012 1894 4081 cognoscimus,

329 4111 394 4151 ex
427 4100 645 4167 quibus,
689 4103 758 4155 ad
799 4102 1223 4171 cognoscendas,
1261 4113 1537 4172 utcunque
1582 4117 1893 4173 possumus,

328 4191 698 4259 perfectiones
731 4190 1052 4248 essentiales
1079 4194 1172 4248 Dei
1201 4194 1543 4261 deducimur,
1578 4195 1722 4250 sicut
1751 4194 1894 4249 scri-

321 4289 475 4349 ptum
499 4290 617 4335 est:
650 4283 950 4338 Invisibilia
971 4284 1070 4340 Dei
1098 4303 1190 4356 per
1211 4302 1274 4340 ea
1297 4303 1413 4357 qua:
1434 4288 1577 4357 facta
1600 4300 1719 4343 sunt
1742 4290 1896 4344 intel-

326 4372 462 4427 lecta
486 4375 888 4444 conspiciuntur
908 4377 977 4432 ⁷⁷.

1999 3194 2106 3248 τοῦ
2134 3192 2365 3262 Πατρός
2387 3192 2505 3246 τῶν
2535 3193 2740 3263 φώτων
2773 3196 2839 3250 ⁷⁸.
2886 3195 3043 3250 Ἀλλὰ
3069 3197 3163 3251 καὶ
3195 3198 3343 3249 πᾶσα
3365 3197 3578 3268 Πατρο-

2000 3286 2219 3355 κινήτου
2254 3286 2625 3354 φωτοφανείας
2672 3285 2897 3358 πρόοδος
2946 3286 3025 3350 εἰς
3060 3288 3207 3358 ἡμᾶς
3234 3286 3577 3356 ἁγαθοδὸτως

2000 3373 2238 3444 φοιτῶσα
2263 3373 2422 3428 πάλιν
2446 3374 2521 3438 ὼς
2545 3376 2783 3440 ἑνοποιὺς
2808 3375 3038 3447 δύναμις
3066 3377 3406 3440 ἁνατατικῶς
3428 3378 3577 3448 ἡμᾶς

2000 3465 2245 3530 ἀναπλοῖ,
2296 3464 2391 3518 καὶ
2433 3466 2750 3538 ἐπιστρέφει
2794 3467 2931 3539 πρὸς
2975 3466 3072 3537 τὴν
3115 3466 3210 3519 τοῦ
3253 3466 3571 3537 συναγωγοῦ

1999 3556 2210 3627 Πατρὸς
2231 3556 2480 3629 ἑνότητα,
2519 3558 2613 3610 καὶ
2650 3557 2894 3611 Θεοποιὸν
2918 3557 3211 3627 ἁπλότητα.
3245 3557 3355 3612 Καὶ
3377 3557 3485 3629 γὰρ
3510 3558 3573 3627 ἐξ

1999 3646 2163 3700 αὑτοῦ
2190 3647 2385 3713 πάντα,
2413 3648 2505 3700 καὶ
2529 3649 2608 3711 εἰς
2629 3646 2811 3700 αὐτόν.
2858 3666 2880 3700 s
2915 3647 3081 3701 Omne
3114 3647 3298 3701 datum
3339 3646 3528 3706 bonum
3548 3688 3568 3716 ,

1996 3744 2047 3789 et
2077 3752 2227 3789 omne
2254 3737 2447 3791 donum
2482 3737 2766 3807 perfectum
2794 3738 3071 3791 desursum
3100 3748 3205 3803 est,
3247 3738 3569 3793 descendens

1999 3843 2032 3880 a
2070 3824 2231 3881 Patre
2263 3826 2544 3882 luminum.
2579 3829 2719 3893 Quin
2748 3837 2797 3881 et
2830 3828 2997 3883 omnis
3024 3845 3055 3882 a
3081 3828 3241 3883 Patre
3263 3840 3419 3884 mota:
3444 3829 3567 3884 illu-

1998 3920 2270 3973 strationis
2292 3923 2575 3989 emanatio,
2606 3921 2660 3974 in
2692 3937 2783 3975 nos
2806 3921 3027 3990 beneﬁce
3053 3923 3328 3978 exundans
3348 3940 3370 3989 ;
3397 3923 3567 3979 denuo

1998 4028 2092 4065 ceu
2123 4012 2319 4080 uni/ica
2351 4014 2446 4079 vis,
2489 4014 2559 4066 ad
2602 4028 2795 4083 supera
2829 4031 2923 4068 nos
2956 4016 3198 4084 erigenda
3241 4014 3564 4084 simpliﬁcat,

1997 4114 2043 4157 et
2072 4105 2326 4158 convertit
2362 4105 2431 4157 ad
2459 4106 2829 4174 congregantis
2874 4104 3056 4159 Patris
3084 4106 3340 4158 unitatem
3367 4115 3415 4159 et
3454 4107 3565 4159 dei-

1996 4196 2153 4265 ﬁcam
2182 4194 2599 4263 simplicitatem.
2638 4194 2905 4261 Quoniam
2941 4211 3006 4249 ea:
3047 4197 3159 4265 ipso
3197 4204 3249 4250 et
3291 4197 3349 4250 in
3392 4195 3564 4267 ipsum

1996 4298 2119 4342 sunt
2161 4289 2359 4342 omnia.
2383 4287 2527 4342 Ecce
2557 4296 2689 4357 quot
2728 4288 2911 4343 brevis
2943 4288 3060 4341 haec
3094 4286 3355 4357 periodus
3393 4285 3564 4341 subli-

1998 4381 2259 4436 missima:
2288 4380 2572 4450 theologia:
2598 4380 2865 4450 principia
2888 4380 3303 4449 complectatur.

322 4481 517 4539 Omnia
562 4485 659 4540 Dei
706 4490 919 4545 nomina
940 4492 1084 4569 quid
1116 4510 1280 4569 unum
1325 4504 1374 4551 et
1416 4497 1553 4553 idem
1589 4499 1889 4569 signiﬁcant
1920 4442 1972 4504 Β
2030 4565 2040 4569 _
2073 4472 2276 4537 Primo’
2306 4473 2693 4569 bPWTPmn?
2719 4486 2750 4569 ,a
2778 4473 2886 4569 De?
2913 4472 3274 4569 daf‘imfsse;
3299 4471 3438 4569 quoq
3465 4473 3559 4569 ‘1‘?’

879 4562 1142 4617 ad’Deum
1172 4566 1359 4619 relata.

390 4642 807 4705 Observandum
857 4653 946 4708 hic
993 4669 1117 4709 cum
1156 4654 1527 4727 Cyparissiota
1568 4662 1770 4718 Decad.
1812 4680 1887 4733 ιν,

319 4747 445 4805 cap.
487 4735 541 4801 7,
575 4741 721 4809 quod
751 4742 893 4797 sicut
920 4743 1107 4807 divina
1140 4748 1360 4804 nomina
1400 4765 1467 4806 ex
1504 4751 1712 4810 effectis
1739 4770 1890 4811 sum-

317 4838 435 4899 pta,
465 4831 826 4890 diﬂ‘erentiam
851 4839 1231 4905 operationum
1261 4857 1680 4917 repraesentant,
1712 4850 1790 4905 sic
1817 4852 1885 4905 ad

315 4923 486 4978 Deum
532 4927 727 4996 relata,
766 4929 1012 4987 diversas
1060 4950 1148 4990 res
1174 4949 1568 5007 repraesentare
1618 4958 1726 4998 non
1758 4957 1891 5013 pos-

316 5014 449 5071 sint.
488 5014 627 5072 Hinc
664 5034 897 5090 magnus
933 5022 1169 5079 Basilius
1214 5026 1269 5081 in
1315 5029 1533 5101 epistol.
1580 5032 1646 5085 ad
1693 5031 1893 5087 EuSta-

320 5106 508 5160 chium
543 5113 563 5164 ξ
596 5109 812 5179 Omnes,
859 5114 1060 5184 inquit,
1116 5119 1369 5186 notiones,
1417 5131 1464 5175 et
1514 5122 1726 5175 nomina
1772 5140 1890 5192 quae

320 5193 497 5283 Deum
515 5198 718 5268 decent,
745 5205 964 5275 (aqualis
990 5207 1128 5260 inter
1147 5225 1201 5263 se
1223 5211 1437 5265 honoris
1462 5223 1607 5277 sunt,
1633 5223 1889 5283 quatenus

317 5282 713 5351 signiﬁcatione
740 5293 816 5346 rei
843 5294 1097 5362 subjecta:
1121 5296 1255 5350 nihil
1280 5299 1556 5368 di/ferunt.
1594 5282 1719 5355 Non
1747 5308 1887 5356 enim

317 5374 387 5425 ad
432 5373 597 5428 aliam
645 5394 749 5432 rem
796 5384 1088 5453 subjectum
1130 5397 1353 5444 mentem
1402 5391 1551 5445 ducit
1594 5392 1885 5461 appellatio

317 5462 461 5533 boni,
492 5476 541 5521 et
570 5470 641 5522 ad
670 5472 835 5528 aliam
866 5477 1154 5547 appellatio
1199 5482 1454 5551 sapientis
1481 5524 1497 5549 ,
1521 5491 1570 5537 et
1630 5486 1878 5552 potentis,

315 5565 363 5611 et
404 5557 568 5627 justi.
599 5562 741 5629 Quin
764 5568 963 5637 potius,
996 5586 1319 5645 quacunque
1369 5574 1585 5630 nomina
1638 5574 1841 5630 dixeris
1867 5615 1883 5644 ,

307 5784 310 5787 η
385 5712 434 5745 ⁷⁷
479 5711 636 5770 Rom.
675 5733 713 5771 ι.
791 5718 838 5752 ⁷⁸
859 5717 973 5777 Jac.
1000 5739 1041 5791 ι,
1072 5697 1158 5778 17’.

1997 4565 2212 4635 signant
2238 4563 2426 4631 verba,
2454 4560 2632 4619 Πᾶσα
2659 4560 2829 4629 δόσις
2852 4558 3063 4631 ἀγαθή.
3089 4560 3167 4615 Ex
3206 4574 3314 4630 quo
3356 4561 3558 4630 princi-

1995 4657 2085 4726 pio
2112 4653 2414 4710 S.Thomas
2438 4670 2493 4724 p.
2528 4673 2577 4720 ι,
2600 4669 2693 4723 qu.
2717 4654 2771 4719 4,
2802 4653 2856 4721 5,
2881 4652 2935 4719 6,
2970 4652 3232 4722 plurimas
3259 4650 3405 4706 elicit
3432 4666 3558 4707 con-

1997 4746 2285 4808 clusiones,
2312 4744 2463 4799 verbi
2484 4743 2679 4813 gratia,
2699 4742 2865 4796 Deum
2890 4755 3009 4796 esse
3038 4753 3308 4794 summum
3336 4738 3552 4806 bonum,

1999 4854 2181 4895 rerum
2219 4837 2459 4893 omnium
2496 4835 2857 4906 perfectiones
2908 4832 3211 4887 eminenter
3256 4829 3550 4895 continere,

1997 4940 2280 4987 creaturas
2308 4930 2425 5001 ejus
2451 4927 2865 4998 participatione
2907 4940 2970 4980 ac
3010 4922 3365 4980 similitudine
3390 4921 3552 4977 bonas

1994 5037 2133 5089 esse,
2162 5032 2268 5078 etc.

2064 5113 2339 5179 Secundo,
2363 5126 2525 5166 omne
2544 5110 2744 5166 donum
2776 5108 3076 5179 perfectum
3101 5119 3220 5162 esse
3242 5120 3272 5159 a
3295 5105 3427 5171 Deo,
3455 5103 3549 5158 καὶ

1993 5200 2116 5257 πᾶν
2138 5201 2376 5273 δώρημα
2405 5202 2655 5266 τέλειον,
2679 5202 2886 5257 scilicet
2913 5211 2971 5254 ut
2991 5199 3258 5269 principio
3285 5196 3545 5264 cﬁ‘ectivo,

1992 5294 2306 5364 exemplari,
2341 5302 2395 5349 et
2424 5294 2569 5348 ﬁnali
2598 5314 2611 5349 :
2637 5308 2690 5363 ρ.
2726 5312 2776 5358 ι,
2798 5308 2890 5362 qu.
2915 5291 3089 5355 6,art.
3120 5290 3176 5356 4,
3203 5297 3257 5344 et
3277 5288 3393 5352 2-2,
3422 5288 3543 5359 q.5,

1993 5393 2098 5440 art.
2129 5385 2165 5438 2
2195 5387 2262 5442 ad
2294 5390 2318 5442 l
2343 5405 2359 5455 ;
2393 5402 2450 5458 q.
2480 5387 2571 5453 27,
2596 5393 2701 5440 art.
2729 5385 2785 5452 '5,
2816 5386 2870 5439 in
2898 5398 3145 5454 corpore.
3170 5382 3305 5438 Vide
3328 5379 3450 5434 item
3479 5379 3541 5433 D.

1991 5478 2252 5533 Thomam
2283 5495 2337 5548 p.
2374 5501 2420 5548 ι,
2444 5494 2500 5551 q.
2527 5477 2618 5547 38,
2644 5484 2700 5535 et
2730 5476 2843 5547 1-2,
2872 5492 2928 5548 q.
2950 5476 3042 5547 68,
3068 5476 3157 5532 ubi
3202 5472 3435 5545 disputat
3479 5473 3543 5529 de

1990 5571 2203 5630 ratione
2233 5574 2379 5632 doni.
2528 5616 2581 5651 Αθη
2884 5613 2932 5650 ρ
