3708 6324
50 352 89 405 a
1363 348 1892 411 PROLEGOMENA.
3176 371 3246 428 οο

90 460 243 523 Tertio,
268 473 427 531 omne
480 459 721 517 donum
776 464 1069 535 perfectum
1118 465 1398 522 desursum
1426 484 1568 526 esse.
1599 480 1645 539 Α
1750 472 1986 537 Decimo,
2038 474 2269 542 gratiam
2298 475 2499 534 habere
2526 479 2632 533 vim
2663 478 3024 553 conjungendi
3068 484 3246 539 hmni-

50 550 226 610 Ἅνωθὲν
246 550 391 606 ἐστι.
420 550 577 609 Hinc
616 554 694 610 D.
738 557 974 612 Thomas
1002 574 1052 625 p.
1089 572 1136 621 ι,
1162 574 1218 628 q.
1244 560 1334 624 58,
1367 569 1475 614 art.
1515 563 1568 635 1,

46 650 289 712 incorpore,
342 643 509 698 docet
544 660 665 701 nos
705 663 828 703 non
870 664 1022 720 posse
1051 650 1334 718 pervenire
1355 652 1421 705 ad
1449 666 1572 720 per-

44 741 181 794 lectum
200 735 389 793 donum
424 734 554 801 Dei,
589 738 705 793 sed
734 740 936 797 debere
960 742 1059 796 hoc
1084 740 1235 796 nobis
1265 742 1379 797 dari
1411 744 1570 798 desu-

42 847 117 901 per.
137 830 240 883 Item
264 828 409 897 quod
432 828 523 886 sic
558 831 789 888 divina:
814 849 1052 905 persona:
1079 843 1344 904 competat
1370 834 1486 890 dari
1516 845 1570 892 et

40 936 119 979 esse
144 921 335 976 donum.

89 1014 268 1079 Quarto,
289 1013 501 1069 donum
530 1028 717 1070 omne
742 1017 1037 1087 perfectum
1064 1017 1390 1074 descendere
1414 1033 1443 1072 a
1467 1016 1569 1071 Pa-

40 1116 91 1161 tre
114 1104 359 1158 luminum.
405 1106 826 1163 Καταὸαῒνον
869 1109 983 1165 ἀπὸ
1029 1110 1135 1164 τοῦ
1179 1110 1408 1179 Πατρός
1450 1110 1568 1166 τῶν

35 1198 193 1267 gorem
214 1195 344 1251 llinc
366 1195 435 1252 D.
461 1196 762 1267 Thomas,
801 1216 857 1271 p.
891 1219 939 1266 ι,
966 1217 1021 1271 q.
1044 1201 1138 1266 58,
1163 1209 1268 1256 art.
1293 1202 1346 1266 2,
1380 1204 1564 1272 tradit,

36 1294 293 1354 esseesse,
310 1290 617 1360 proprium
648 1306 857 1347 nomen
885 1292 1112 1363 Spiritus
1136 1294 1330 1358 sancti,
1369 1303 1422 1349 et
1444 1309 1566 1351 esse

32 1401 168 1438 nomen
190 1382 490 1450 personale.
518 1383 673 1439 Cum
712 1395 898 1440 autem
924 1400 953 1439 a
990 1385 1149 1441 Patre
1172 1385 1413 1455 Filioque
1441 1404 1565 1457 pro-

33 1478 138 1530 cedat
156 1482 203 1529 ut
221 1488 385 1537 amor,
410 1476 700 1543 procedit,
729 1477 930 1547 inquit,
957 1478 1013 1532 in
1054 1480 1261 1533 ratione
1288 1480 1411 1532 doni
1451 1480 1563 1550 pri-

31 1564 213 1619 stUnde
233 1566 289 1618 D.
314 1564 691 1636 Augustinus
720 1566 825 1623 lib.
852 1583 921 1621 xv
943 1567 1019 1623 De
1044 1568 1318 1634 Trinitate,
1346 1569 1561 1638 cap.19,

28 1656 115 1709 dicit
143 1656 264 1725 quod
296 1671 397 1726 per
432 1657 696 1724 donum,
746 1660 891 1729 quod
928 1670 1008 1715 est
1050 1660 1282 1730 Spiritus
1314 1669 1559 1726 sanctus,

29 1748 141 1799 multa
158 1749 356 1817 prapr'ta
389 1750 551 1803 dona
578 1748 906 1805 dividantur
928 1751 1188 1807 membris
1221 1752 1446 1807 Christi.
1474 1750 1561 1804 Di-

1672 579 1797 618 nem
1824 576 1947 618 cum
1979 562 2107 618 Deo.
2149 563 2245 631 Ὠς
2277 564 2551 634 ἑνοποιός
2578 566 2845 638 δύναμις.
2871 568 3008 626 llinc
3034 571 3245 627 D.Thoo

1670 669 1787 709 mas
1816 654 1931 719 1-2,
1963 668 2018 724 q.
2049 656 2172 721 111,
2202 666 2310 710 art.
2336 657 2387 722 5,
2443 660 2597 715 docet
2633 663 2868 731 gratiam
2910 674 3121 733 gratum
3153 664 3238 718 fa-

1669 744 1898 799 cientem
1929 744 2231 814 digniorem
2281 760 2403 801 esse
2449 762 2611 816 quam
2645 752 2814 819 gratis
2850 752 3057 816 datam,
3093 750 3240 820 quod

1669 835 1783 891 haec
1816 844 2023 891 tantum
2049 836 2265 892 ordinet
2288 838 2354 892 ad
2379 839 2621 907 quaedam
2650 842 3037 911 prmparatoria
3065 842 3244 896 ultimi

1671 922 1818 986 ﬁnis,
1852 921 1944 976 illa
1971 937 2099 978 vero
2124 924 2341 980 ordinet
2373 926 2644 983 hominem
2677 929 2988 987 immediate
3011 933 3079 986 ad
3113 947 3245 987 con-

1661 1012 2007 1084 junctionem
2039 1016 2213 1071 ultimi
2242 1017 2384 1073 linis.

1739 1104 2059 1173 Undecimo,
2104 1106 2286 1161 lumen
2314 1108 2502 1178 gratiae
2538 1120 2772 1168 mentem
2821 1112 3036 1169 elevare
3078 1130 3244 1186 supra

1666 1195 2033 1251 conditionem
2064 1206 2277 1252 natura:
2305 1198 2575 1266 humanae,
2604 1204 2962 1261 utinsinuant
2995 1207 3078 1260 illa
3113 1223 3243 1263 ver-

1665 1286 1752 1355 ba,
1771 1288 2150 1357 Ἁνατατικῶς
2182 1291 2338 1362 ἡμᾶς
2367 1293 2649 1349 ἀναπλοῖ.
2682 1295 2812 1349 item
2847 1313 2944 1351 nos
2974 1299 3040 1351 ad
3071 1299 3244 1353 Deum

1665 1388 2001 1445 convertere,
2030 1383 2141 1435 Kal
2161 1382 2504 1452 ἐπιστρέφει
2529 1385 2679 1453 πρὸς
2710 1385 2826 1453 τὴν
2843 1387 2947 1441 τοῦ
2976 1402 3246 1455 συναγω-

1663 1466 2019 1536 τοῦπατρὸς
2040 1471 2310 1539 ἑνότητα.
2348 1472 2449 1528 Ubi
2487 1490 2592 1529 non
2626 1475 2829 1530 frustra
2862 1476 3063 1531 dicitur
3092 1492 3244 1537 σνν-

1663 1560 1891 1628 αγωγοῦ
1919 1562 2169 1630 Πατρός,
2196 1578 2317 1618 eum
2345 1563 2591 1621 Christus
2649 1565 2766 1632 ipse
2789 1568 2989 1622 dixerit
3021 1584 3034 1620 :
3072 1565 3244 1624 Nemo

1661 1651 1794 1705 venit
1817 1653 1884 1707 ad
1914 1670 2013 1718 me,
2040 1654 2143 1708 nisi
2175 1653 2340 1709 Pater
2367 1671 2513 1711 meus
2546 1659 2769 1712 traxerit
2797 1660 2998 1715 eum".
3019 1660 3247 1715 Vocatio

1662 1742 1806 1796 enim
1835 1741 1983 1797 Patri
2014 1745 2418 1815 appropriatur,
2446 1748 2521 1801 uti
2557 1747 2696 1803 Filio
2725 1750 3001 1819 adductio,
3030 1760 3085 1805 et
3107 1751 3241 1820 Spio

28 1837 121 1889 citur
138 1847 293 1889 autem
328 1851 360 1890 a
387 1836 571 1893 Patre
600 1838 971 1902 descendens,
1000 1848 1060 1894 ιιι
1098 1841 1152 1894 in
1198 1841 1415 1896 nomine
1437 1841 1561 1895 doni
1591 1828 1634 1884 Β
1665 1831 1793 1887 ritui
1833 1843 2022 1889 sancto
2052 1837 2355 1904 perventio,
2385 1852 2477 1892 seu
2507 1837 2682 1892 bravii
2726 1842 3059 1898 consecutio.
3105 1844 3242 1897 Item

30 1928 272 1995 importetur
291 1929 629 1997 proprietas
655 1930 891 1999 originis
915 1929 1052 1999 ejus,
1085 1946 1203 2000 quae
1228 1942 1315 1986 est
1342 1947 1559 2000 proces-

28 2021 93 2071 sio.
122 2017 181 2071 lta
198 2016 255 2071 D.
288 2018 541 2075 Thomas
585 2031 755 2090 parte
789 2038 829 2090 ι,
868 2022 1029 2091 q.58,
1057 2029 1160 2076 art.
1189 2022 1225 2076 2
1266 2026 1333 2077 ad
1376 2022 1428 2077 2.
1462 2025 1559 2079 At-

30 2108 213 2162 tribuitur
250 2117 431 2164 autem
490 2110 720 2165 donum
768 2110 941 2176 Patri,
999 2118 1255 2179 tanquam
1320 2110 1558 2165 mittenti

28 2200 254 2268 principali,
281 2200 411 2256 licet
443 2201 638 2257 etiam
669 2217 700 2255 a
727 2201 869 2259 Filio
902 2201 1146 2255 mittatur
1167 2210 1332 2269 atque
1366 2214 1557 2269 proce-

30 2293 115 2345 dat:
143 2308 187 2361 p.
213 2308 251 2359 ι,
279 2304 478 2362 qutest.
510 2294 612 2347 45.
645 2292 772 2347 Non
799 2294 971 2350 Otiose
1000 2308 1212 2363 quoque
1234 2293 1375 2347 Deus
1396 2292 1558 2349 Pater

28 2380 137 2433 Pater
157 2381 391 2434 luminum
436 2390 843 2450 nuncupatur,
864 2395 983 2435 cum
1011 2395 1076 2435 ex
1108 2380 1227 2449 ipso
1263 2379 1555 2449 purissima

28 2470 93 2524 duo
116 2470 376 2526 divinitatis
405 2472 704 2540 germina,
743 2469 913 2525 Filius
938 2477 991 2525 et
1025 2468 1261 2540 Spiritus
1308 2476 1554 2533 sanctus,

28 2576 89 2614 ceu
108 2563 321 2630 Splendor
344 2580 410 2619 ac
441 2564 649 2619 lumen
678 2578 712 2617 a
745 2563 860 2619 sole
892 2563 961 2633 (si
988 2563 1169 2618 divina
1196 2562 1394 2617 creatis
1417 2576 1552 2617 con-

30 2654 123 2708 lcrre
146 2655 322 2726 liceat)
359 2666 585 2711 eterna
639 2655 993 2722 processione
1027 2654 1363 2727 pullularint.
1398 2655 1553 2712 Unde

29 2745 62 2798 in
78 2746 229 2815 hymno
249 2748 512 2803 Ecclesiae
540 2748 778 2803 canitur
805 2764 819 2800 :

285 2840 403 2895 Lux
445 2840 597 2895 lucis
633 2849 683 2893 et
720 2839 840 2907 fons
878 2839 1112 2894 luminis.

30 2930 264 3000 Quanquam
280 2932 419 2989 Filio
448 2948 671 2988 nomen
705 2931 843 2987 lucis
866 2941 919 2987 et
945 2932 1200 3003 imaginis
1226 2932 1548 3003 approprie-

32 3029 100 3084 tur,
115 3023 210 3091 quia
234 3024 480 3093 procedit
522 3039 638 3094 per
669 3021 1029 3088 intellectum,
1065 3034 1120 3078 et
1148 3023 1204 3078 in
1235 3022 1549 3079 similitudi—

30 3126 126 3167 arm.
150 3112 208 3168 lta
230 3116 287 3169 D.
309 3116 595 3183 Thomas,
628 3130 685 3185 p.
720 3130 761 3180 ι,
785 3129 841 3184 q.
864 3114 953 3171 55.

1660 1934 1762 1974 vox
1803 1921 2058 1991 ἑνότητα
2086 1924 2354 1995 designat,
2385 1927 2615 1996 gratiam
2647 1928 2894 1984 homines
2942 1930 3235 2000 colligere;

1659 2026 1767 2081 qua
1802 2027 1858 2067 re
1878 2014 2218 2083 signiﬁcatur
2247 2018 2373 2072 unio
2398 2018 2489 2071 illa
2518 2019 2803 2088 spiritalis,
2836 2036 2956 2090 qua:
2986 2039 3083 2091 per
3113 2039 3235 2077 eam

1659 2103 1719 2159 ﬁt
1747 2107 1813 2159 ad
1862 2106 2054 2160 Deum.
2088 2106 2331 2176 Denique
2372 2109 2545 2173 docet,
2574 2124 2672 2164 nos
2704 2123 2798 2180 per
2825 2111 3053 2179 gratiam
3093 2113 3237 2166 divi-

1660 2198 1853 2253 uitatis
1879 2196 2159 2266 cujusdam
2198 2200 2492 2270 participes
2528 2202 2704 2267 reddi,
2731 2204 2804 2255 uti
2836 2202 3115 2258 declarant
3142 2203 3232 2257 illa

1656 2288 1843 2354 verba,
1874 2289 1973 2343 καὶ
2021 2291 2297 2345 θεοποιὸν
2353 2291 2678 2360 ἁπλότητα.
2716 2291 2814 2347 Ubi
2864 2309 3077 2363 quoque
3130 2309 3236 2351 vox

1654 2378 1925 2449 ἁπλότης
1954 2388 2156 2436 statum
2189 2381 2383 2437 anima:
2412 2383 2705 2449 spiritalem
2739 2383 3111 2452 signiﬁcanter
3136 2400 3236 2439 ex-

1654 2473 1862 2541 primit,
1900 2481 2087 2543 utpote
2109 2474 2437 2544 simplicem,
2471 2483 2522 2529 et
2550 2490 2580 2529 a
2613 2476 2775 2530 rebus
2799 2475 2967 2530 variis
2995 2486 3049 2532 et
3077 2492 3231 2531 com-

1654 2567 1844 2637 positis
1872 2568 2232 2622 abstractum.
2264 2567 2398 2622 Vide
2426 2567 2486 2621 D.
2528 2568 2789 2621 Thomam
2831 2568 2949 2635 1-2,
2982 2584 3075 2638 qu.
3103 2570 3230 2637 110,

1652 2666 1760 2711 art.
1791 2658 1840 2722 1,
1879 2667 1935 2712 et
1971 2657 2088 2723 2-2,
2118 2666 2310 2726 quaest.
2346 2657 2432 2726 17,
2475 2666 2582 2713 art.
2616 2657 2673 2726 4,
2706 2667 2760 2715 et
2798 2675 2891 2730 qu.
2924 2661 3014 2728 81,
3041 2669 3147 2720 art.
3174 2662 3232 2731 8,

1651 2748 1886 2818 aliisque
1916 2750 2051 2805 locis
2075 2750 2346 2820 plurimis.

1735 2836 2087 2901 Duodecimo,
2121 2837 2288 2892 Deum
2338 2852 2460 2893 esse
2505 2852 2687 2894 rerum
2742 2842 2985 2896 omnium
3022 2842 3230 2911 princi-

1649 2928 1796 2999 pium
1837 2936 1890 2982 et
1933 2927 2118 2982 ﬁnem.
2146 2928 2260 2981 Kal
2290 2928 2400 2998 γὰρ
2442 2927 2511 2993 ἐξ
2554 2930 2739 2984 αὐτοῦ
2769 2930 2987 2996 πάντα,
3019 2931 3117 2985 καὶ
3148 2934 3234 2999 εις

1648 3020 1852 3074 αὐτόν.
1883 3020 1960 3074 Ex
2006 3034 2111 3089 qua
2152 3020 2385 3075 veritate
2414 3020 2567 3076 divus
2596 3021 2836 3077 Thomas
2870 3023 3074 3091 passim
3109 3027 3231 3093 plu-

1649 3114 1815 3168 rimas
1854 3112 2071 3167 deducit
2118 3112 2517 3181 conclusiones,
2552 3122 2611 3167 ut
2644 3115 2831 3169 videre
2874 3125 2957 3169 est
3003 3125 3156 3183 parte
3188 3131 3229 3181 ι,

72 3203 238 3276 Quinto,
275 3209 502 3264 Patrem
554 3222 693 3264 esse
743 3206 1071 3277 principium
1115 3207 1548 3273 emanationum,
1575 3216 1619 3276 ο
1653 3203 1953 3274 quaestione
1998 3203 2092 3269 22,
2124 3203 2355 3259 articulo
2388 3204 2456 3270 2;
2486 3213 2678 3273 quaest.
2714 3204 2807 3268 44,
2842 3214 2945 3259 art.
2975 3206 3027 3271 1,
3068 3204 3121 3273 2,
3151 3207 3226 3272 5;

34 3302 101 3346 tam
120 3312 270 3352 earum
291 3314 411 3369 quae
442 3300 518 3354 ad
547 3298 708 3353 intra
748 3312 911 3366 quam
946 3311 1067 3367 quae
1091 3298 1157 3351 ad
1187 3304 1342 3352 extra
1374 3297 1551 3351 nomi-

32 3392 184 3449 nantur,
208 3397 259 3441 ut
295 3389 600 3443 insinuant
650 3385 747 3441 illa
792 3385 958 3440 verba
988 3407 1001 3443 :
1045 3375 1224 3442 Ἀλλὰ
1254 3386 1354 3439 καὶ
1384 3384 1551 3443 πᾶσα

31 3478 379 3547 κατροκινήτου
402 3479 848 3551 φωτοφανείας
877 3478 1146 3548 πρόοδος.
1168 3479 1301 3534 Hinc
1331 3479 1549 3534 D.Tho-

31 3580 105 3621 nas
130 3584 227 3637 p.t.
267 3587 319 3640 q.
349 3571 444 3640 55,
504 3579 627 3627 art.
667 3571 725 3636 1,
760 3577 915 3626 docet
936 3568 1152 3624 Patrem
1183 3580 1303 3622 esse
1342 3566 1547 3636 princi-

32 3658 127 3725 pium
151 3660 193 3714 in
219 3661 432 3729 divinis,
463 3662 648 3733 eique
675 3674 877 3715 nomen
907 3658 1155 3729 principii
1183 3656 1548 3728 personaliter

32 3751 261 3817 convenire,
289 3753 533 3822 ideoque
562 3750 800 3807 nomina
833 3748 1155 3820 principium
1179 3746 1544 3817 signiﬁcantia

32 3837 127 3897 Patri
150 3858 250 3899 esse
292 3843 691 3901 attribuenda.
722 3841 906 3898 Potest
956 3841 1044 3896 hic
1096 3841 1262 3894 etiam
1315 3837 1545 3909 intelligi

33 3933 145 3997 gratia
164 3937 491 4004 praeveniens
526 3945 596 3991 et
625 3932 890 3988 auxilium
935 3931 1033 3987 Dei
1066 3944 1312 3994 movens,
1339 3930 1406 3986 de
1434 3945 1544 4001 qua

35 4021 71 4076 υ.
90 4024 275 4084 Thomas
295 4028 414 4095 1-2,
444 4045 550 4096 qu.
590 4028 740 4097 “Li

77 4115 219 4184 Sexto,
244 4121 446 4177 bonum
484 4135 623 4177 esse
656 4119 745 4174 sui
774 4117 1102 4186 dill‘usivum,
1131 4117 1280 4190 quod
1328 4117 1545 4189 signant

35 4206 257 4282 illaverha,
300 4217 408 4283 Εις
458 4212 636 4286 ἡμᾶς
665 4211 953 4283 φοιτῶσα.
990 4213 1125 4270 Vide
1170 4213 1233 4268 D.
1271 4213 1543 4270 Thomam

34 4311 68 4367 Ρ.
88 4315 114 4366 ι,
132 4318 175 4371 q.
198 4305 244 4371 5,
268 4318 369 4364 art.
397 4307 459 4362 4.

80 4388 289 4464 Septimo,
315 4396 494 4453 Deum
518 4395 719 4453 omnia
747 4396 925 4453 facere
954 4405 1171 4467 propter
1200 4411 1352 4452 suam
1385 4395 1543 4452 boni-

36 4487 158 4546 tatem,
191 4491 319 4557 quod
362 4491 559 4546 innuit
611 4490 940 4546 vocabulum
988 4489 1377 4560 ἀγαθοδότως.
1412 4488 1542 4544 Vide

36 4570 77 4626 Ι).
100 4574 309 4637 Thontam
341 4599 399 4654 p.
432 4599 477 4652 ι,
505 4598 567 4654 q.
604 4581 699 4647 65,
725 4590 828 4637 art.
858 4582 914 4637 2.

82 4670 247 4738 Octavo,
277 4675 465 4732 lumen
500 4675 705 4745 gratia:
730 4676 969 4745 gratuito
995 4674 1092 4730 Dei
1122 4690 1347 4731 munere
1380 4673 1541 4729 nobis

38 4758 236 4834 iuSpirari,
256 4780 308 4824 et
335 4774 765 4837 consequenter
794 4781 900 4821 non
938 4768 1052 4823 dari
1085 4767 1241 4822 nobis
1269 4782 1338 4823 ex
1371 4765 1539 4821 meri-

39 4852 82 4905 tis
115 4861 299 4926 nostris,
349 4861 505 4931 quod
562 4859 710 4913 idem
758 4858 1077 4914 vocabulum
1126 4857 1539 4929 signiﬁcandum

37 4948 189 5011 prebet.
211 4952 261 5007 S.
288 4952 538 5009 Thomas
569 4950 699 5018 1-2,
730 4963 786 5019 (ι.
817 4949 938 5015 109,
974 4961 1077 5006 art.
1110 4950 1163 5019 6,
1202 4952 1255 5005 in
1288 4963 1538 5018 corpore.

83 5038 207 5107 Nono,
230 5043 403 5099 lumen
424 5044 631 5114 gratiae
661 5056 693 5096 a
723 5043 837 5099 solo
866 5042 979 5097 Deo
1004 5042 1316 5098 immediate
1344 5042 1538 5098 animae

41 5124 195 5186 infundi.
221 5132 276 5188 D.
297 5133 544 5190 Thomas
569 5132 682 5197 1-2,
708 5148 765 5203 q.
797 5132 863 5189 76
884 5144 939 5189 et
967 5133 1090 5191 112.
1115 5134 1249 5189 Item
1272 5132 1538 5188 excedere

42 5224 315 5282 conditionem
345 5236 569 5282 naturae
601 5236 820 5294 creata,
853 5235 1056 5283 etesse
1088 5226 1297 5282 ordinis
1341 5238 1535 5293 super-

43 5317 224 5375 naturalis
252 5343 264 5376 :
293 5322 410 5387 1-2,
438 5336 500 5391 q.
533 5320 665 5386 114,
696 5328 801 5374 art.
830 5320 883 5389 1,
908 5321 965 5376 in
1001 5334 1251 5391 corpore,
1285 5327 1341 5373 et
1367 5327 1474 5372 art.
1501 5317 1535 5371 2

45 5406 224 5468 etiibitl.
254 5415 680 5483 Consequenter
711 5411 982 5468 hominem
1010 5413 1130 5470 sine
1168 5410 1403 5484 gratuito
1436 5408 1533 5465 Dei

46 5500 177 5556 auxilio
211 5520 310 5561 non
340 5520 510 5576 posse
546 5498 622 5561 ise
673 5504 739 5560 ad
784 5506 1013 5575 gratiam
1049 5507 1377 5579 disponere:
1407 5518 1465 5577 p.
1492 5518 1534 5574 ι,

47 5596 79 5649 (1·
99 5586 158 5654 62,
178 5604 265 5649 art.
294 5595 347 5661 2,
371 5608 429 5652 et
458 5595 585 5663 1-2,
610 5612 666 5668 q.
700 5595 826 5667 109,
854 5606 959 5654 art.
983 5595 1037 5654 6.

88 5742 117 5776 "
134 5745 257 5804 loan.
294 5764 373 5813 vr.
407 5750 502 5807 Η.

1654 3305 1846 3365 qumst.
1880 3294 1972 3362 65,
2006 3305 2112 3351 art.
2137 3295 2206 3364 2;
2240 3304 2433 3365 quarst.
2468 3296 2592 3362 105,
2634 3305 2738 3350 art.
2764 3296 2833 3363 2;
2879 3306 3071 3366 quaest.
3103 3296 3227 3366 105,

1651 3398 1759 3442 art.
1780 3387 1850 3454 5;
1878 3387 2006 3457 item
2039 3395 2182 3457 part.
2216 3387 2335 3452 1-2,
2363 3396 2558 3458 quaest.
2587 3387 2679 3454 69,
2710 3396 2815 3441 art.
2842 3386 2899 3451 2,
2938 3396 3045 3446 etc.

1725 3480 1852 3534 litec
1879 3480 1947 3533 ad
1977 3479 2190 3535 leonem
2242 3493 2307 3534 ex
2354 3494 2554 3551 ungue,
2585 3487 2646 3535 ut
2685 3479 2742 3534 in
2784 3481 3074 3551 proverbio
3122 3489 3230 3550 est,

1651 3568 2088 3638 cognoscendum
2120 3568 2255 3622 satis
2280 3568 2410 3624 sint.

2142 3656 2577 3715 OBSERVATIO
2612 3657 2729 3713 XII.

1718 3747 1938 3805 Juvabit
1973 3748 2135 3805 etiam
2166 3763 2269 3804 non
2296 3764 2487 3818 parum
2512 3740 2580 3805 ad
2609 3749 2911 3819 pleniorem
2935 3750 2993 3806 S.
3024 3750 3227 3822 Diony-

1653 3841 1720 3896 sii
1777 3824 2218 3910 intelligentiam,
2261 3841 2407 3895 scire
2445 3840 2562 3896 loca
2613 3856 2732 3910 quae
2781 3842 2845 3897 D.
2876 3841 3111 3899 Thomas
3158 3858 3226 3898 ex

1646 3933 1766 3999 ipso
1808 3929 1965 3996 citat,
2006 3938 2062 3983 ut
2103 3930 2245 3985 sicut
2277 3929 2478 3984 Doctor
2504 3929 2794 3998 Angelicus
2842 3945 2910 3985 ex
2964 3932 3056 3987 illo
3103 3931 3221 3986 sole

1646 4035 1902 4090 magnum
1933 4020 2211 4089 sapientia:
2257 4020 2437 4073 lumen
2490 4020 2725 4089 accepit,
2754 4019 2829 4073 ita
2861 4020 3106 4074 vicissim
3144 4021 3224 4073 lu-

1645 4115 1808 4171 minis
1838 4112 2076 4182 ejusdem
2106 4110 2290 4166 radios
2321 4113 2388 4165 ad
2419 4121 2638 4181 captum
2678 4118 2924 4166 nostrum
2964 4120 3089 4182 apte
3113 4112 3226 4168 dis-

1641 4208 1895 4279 tributos,
1923 4204 2266 4260 hierarchico
2297 4205 2405 4259 ritu
2436 4206 2489 4259 in
2520 4219 2619 4259 nos
2651 4202 3021 4259 transfundat.

2076 4312 2145 4351 DE
2175 4310 2423 4353 C(ELESTI
2451 4309 2797 4351 HlERLRCHlA.

1713 4393 1891 4464 Caput
1915 4390 2170 4462 primum,
2200 4389 2343 4461 quod
2378 4389 2446 4444 de
2475 4390 2756 4458 Scriptura
2790 4392 2908 4442 sive
2937 4401 3096 4443 sacra
3121 4389 3221 4441 do-

1644 4489 1821 4545 ctrina
1847 4497 1951 4553 est,
1984 4502 2169 4556 quam,
2193 4494 2253 4539 ut
2275 4484 2517 4555 ejusdem
2554 4481 2882 4553 argumenti,
2916 4484 2983 4536 ad
3010 4481 3219 4553 Diony-

1569 4549 1616 4605 Β
1643 4581 1708 4636 sii
1761 4549 2064 4647 exemplum
2108 4549 2449 4649 primo-loco
2501 4549 2704 4644 posuit,
2741 4573 2940 4629 citatur
2986 4580 3141 4641 parte
3159 4549 3222 4637 vl,

1645 4671 1939 4740 quaestione
1980 4669 2033 4735 1,
2069 4668 2306 4725 articulo
2336 4667 2391 4732 9,
2427 4666 2479 4720 in
2510 4679 2761 4735 corpore,
2784 4673 2839 4720 et
2871 4664 2938 4718 ad
2971 4664 3006 4717 2
3050 4672 3105 4718 et
3140 4664 3217 4727 5;

1641 4763 1771 4817 item
1801 4769 1993 4832 quaest.
2024 4760 2080 4828 9,
2105 4769 2213 4815 art.
2244 4761 2267 4814 1
2300 4760 2367 4814 ad
2403 4758 2469 4826 5;
2504 4760 2631 4813 item
2676 4766 2870 4829 quaest.
2899 4756 2990 4820 88,
3026 4762 3130 4807 art.
3163 4751 3218 4815 2,

1641 4864 1695 4908 et
1734 4861 1923 4922 quiest.
1956 4850 2077 4919 108,
2102 4860 2208 4905 art.
2241 4851 2267 4905 1
2295 4858 2351 4904 et
2372 4849 2427 4904 4.
2451 4848 2509 4903 1n
2550 4847 2734 4903 Prima
2765 4862 2896 4902 vero
2925 4843 3216 4911 Secundae,

1640 4952 1835 5014 quaest.
1863 4944 1951 5009 99,
1981 4951 2089 5004 art.
2117 4941 2173 4997 5.
2204 4940 2262 4995 In
2294 4950 2449 5011 parte
2475 4955 2557 5006 tu,
2585 4952 2781 5010 quaest.
2806 4937 2895 5003 60,
2926 4946 3029 4991 art.
3054 4935 3124 5001 4;
3162 4938 3216 4990 in

1640 5047 1783 5107 part.
1815 5052 1833 5092 ι
1858 5036 2035 5103 Sent.,
2060 5036 2189 5090 dist.
2215 5032 2311 5101 22,
2338 5043 2531 5104 quaest.
2563 5033 2620 5099 1,
2646 5040 2751 5087 art.
2780 5031 2837 5099 2,
2869 5039 2926 5085 et
2958 5029 3088 5084 dist.
3119 5028 3214 5094 54,

1639 5140 1831 5203 quaest.
1862 5132 1919 5199 5,
1952 5138 2057 5185 art.
2082 5130 2141 5197 1;
2171 5130 2226 5184 in
2253 5136 2396 5199 part.
2430 5143 2470 5182 tt
2516 5126 2696 5194 Sent.,
2721 5124 2845 5181 dist.
2868 5124 2922 5189 9,
2938 5128 3132 5192 quaest.
3159 5121 3211 5188 1,

1638 5235 1745 5278 art.
1768 5226 1821 5280 8.

1708 5315 1880 5383 Caput
1900 5312 2195 5369 secundum
2226 5310 2426 5365 citatur
2453 5307 2506 5362 in
2532 5314 2687 5376 parte
2711 5320 2754 5370 ι,
2792 5303 3089 5374 quazstione
3121 5302 3213 5368 15,

1640 5406 1870 5463 articulo
1910 5406 1968 5474 5,
2009 5413 2065 5461 et
2111 5414 2213 5458 art.
2248 5403 2346 5471 12;
2402 5408 2590 5472 quaest.
2631 5398 2722 5464 54,
2782 5408 2887 5452 art.
2913 5397 2968 5452 5.
3000 5396 3057 5451 In
3087 5395 3212 5461 2-2,

1643 5508 1832 5573 quaest.
1861 5498 1984 5565 112,
2024 5506 2130 5552 art.
2171 5497 2227 5552 2.
2260 5495 2318 5550 ln
2349 5504 2488 5566 part.
2521 5511 2539 5550 ι
2589 5491 2954 5560 Sententiar.,
3004 5489 3131 5545 dist.
3150 5488 3207 5555 4,

1642 5600 1838 5667 quaest.
1869 5591 1925 5662 2,
1974 5589 2334 5661 art.1;dist.
2367 5588 2461 5659 22,
2506 5594 2697 5659 quaest.
2740 5584 2796 5656 1,
2822 5586 2982 5641 art.1
3027 5590 3084 5641 et
3129 5579 3208 5650 2;
