3708 6288
530 344 600 401 95
1660 341 1718 398 S.
1760 340 2128 398 DIONYSIUS
2169 342 2631 406 AREOPAGITA.

592 460 767 529 Caput
816 457 1195 515 duodecimum
1245 459 1446 514 citatur
1475 458 1528 512 in
1561 469 1713 527 parte
1752 475 1794 523 t,
1844 461 2091 529 qumstio-
2117 464 2165 522 Α
2263 458 2502 528 Epistola
2551 460 2619 513 ad
2663 455 2851 514 Caium
2882 456 3085 513 citatur
3115 458 3166 514 in
3198 467 3353 530 parte
3387 474 3471 527 ttt,
3504 472 3669 529 quaem

527 550 944 616 ne15,articulo
966 549 1025 615 8;
1060 550 1380 620 qttmst.l08,
1399 549 1637 605 art.5.ln
1658 549 1771 615 2-2,
1799 550 2089 619 quaest.29,

526 652 632 701 art.
670 645 723 698 2.
754 642 810 697 lu
837 650 976 712 part.
1004 657 1089 707 ttt,
1116 650 1307 711 quasst.
1334 640 1428 706 27,
1472 647 1575 695 art.
1600 639 1655 694 2.
1688 639 1744 693 In
1776 640 2093 708 QuaeStioui-

526 737 626 790 bus
655 734 962 804 disputatis,
991 734 1057 788 de
1094 734 1335 801 potentia
1362 731 1478 801 Dei,
1507 741 1697 803 quaest.
1720 732 1774 798 9,
1800 743 1904 789 art.
1932 735 1985 790 7.

598 826 774 892 Caput
804 825 1072 879 decimum
1104 824 1323 878 tertium
1352 824 1552 879 citatur
1596 824 1648 878 in
1697 833 1849 892 parte
1882 840 1915 879 ιν
1956 840 2096 894 qua:-

526 916 703 975 stione
744 916 829 983 11,
882 914 1112 967 articulo
1162 913 1211 965 1.
1268 913 1324 968 In
1374 924 1516 983 part.
1571 929 1589 968 t
1646 912 1823 978 Sent.,
1875 914 2004 970 dist.
2036 915 2093 979 2,

526 1016 720 1073 qtnest.
752 1007 803 1073 l,
836 1016 941 1061 art.
971 1008 994 1060 1
1026 1016 1081 1061 et
1102 1006 1155 1061 3.
1181 1006 1234 1060 ln
1265 1005 1663 1073 Qutestionibus
1686 1006 2001 1074 disputatis,
2027 1007 2095 1061 de

526 1097 761 1162 potentia
796 1096 911 1162 Dei,
944 1107 1134 1167 qumst.
1163 1097 1215 1159 7,
1248 1104 1354 1148 art.
1388 1095 1452 1160 5;
1485 1103 1682 1165 quaest.
1719 1095 1774 1160 9,
1808 1104 1914 1151 art.
1949 1096 2001 1150 7.

1006 1248 1247 1287 IYSTICE
1280 1247 1619 1288 THEOLOCIJ‘Z.

590 1370 761 1439 Caput
793 1374 1029 1440 primum
1055 1371 1261 1427 citatur
1304 1371 1359 1425 in
1402 1380 1554 1440 parte
1584 1386 1627 1436 ι,
1674 1373 1973 1441 quaestione
2008 1372 2093 1437 l2,

528 1463 756 1517 articulo
782 1454 881 1530 13;
914 1475 1103 1533 quzest.
1125 1466 1210 1530 15,
1238 1476 1339 1520 art.
1366 1466 1418 1519 6.
1448 1466 1504 1519 ln
1530 1474 1672 1535 part.
1692 1480 1774 1530 ιιι,
1796 1474 1987 1535 quaest.
2005 1465 2094 1528 92,

528 1564 630 1607 art.
665 1553 720 1607 2.
753 1555 808 1608 ln
840 1565 978 1624 part.
1012 1572 1046 1609 ll
1094 1556 1272 1621 Sent.,
1306 1557 1433 1611 dist.
1468 1555 1524 1619 9,
1572 1566 1763 1625 qumst.
1792 1557 1844 1620 1,
1898 1566 2003 1610 art.
2038 1555 2093 1609 2.

528 1641 584 1695 In
603 1642 998 1708 Quaestionibus
1019 1646 1329 1715 disputatis,
1367 1647 1431 1701 de
1453 1646 1691 1715 potentia
1706 1645 1820 1713 Dei,
1841 1648 2096 1715 qumstj,

528 1744 635 1789 art.
668 1735 733 1801 5;
763 1746 953 1805 quaest.
986 1736 1037 1804 9,
1086 1747 1191 1792 art.
1223 1738 1289 1805 7;
1342 1738 1407 1793 de
1443 1739 1763 1807 virtutibus,
1819 1748 2011 1810 qumst.
2044 1741 2094 1805 1,

528 1835 633 1878 art.
662 1825 715 1880 8.

2193 566 2260 605 ne
2292 550 2379 616 92,
2407 551 2634 604 articulo
2660 552 2709 605 1.

2262 641 2501 711 Epistola
2534 643 2599 695 ad
2627 642 2968 697 Dorotltazuut
2993 642 3193 697 citatur
3228 643 3281 697 iu
3309 652 3577 712 partem,
3609 659 3670 713 qu

2194 736 2370 791 stioue
2398 734 2488 803 92,
2520 736 2753 789 articulo
2787 736 2839 789 1.

2263 827 2497 897 Epistula
2534 830 2600 882 ad
2634 826 2992 899 Polycarpum
3026 829 3298 885 citaturin
3328 839 3479 900 parte
3514 844 3555 883 ιι
3585 828 3672 885 Set

2195 919 2320 975 dist.
2353 920 2441 987 l3,
2475 929 2664 989 quarst.
2699 921 2750 987 1,
2777 929 2881 975 art.
2910 921 2961 975 4.

2265 1010 2500 1081 Epistola
2534 1013 2599 1064 ad
2626 1013 2995 1081 Demoplrilttm
3024 1014 3225 1068 citatur
3252 1014 3303 1067 iu
3330 1022 3481 1083 parte
3511 1029 3565 1067 tv
3588 1012 3672 1069 Set

2195 1102 2322 1157 dist.
2356 1104 2443 1167 19,
2476 1112 2666 1172 quaest.
2696 1106 2752 1168 2,
2784 1115 2887 1160 art.
2918 1107 2973 1161 2.

2266 1193 2344 1247 Ex
2379 1194 2462 1247 his
2491 1194 2717 1263 aliisque
2748 1196 2882 1250 locis
2932 1211 3053 1266 qum
3095 1210 3182 1251 me
3232 1194 3568 1266 effugerunt,
3605 1195 3672 1251 fat

2197 1292 2343 1354 patet
2393 1284 2713 1355 Angelicum
2742 1287 3026 1341 Doctorem
3072 1297 3237 1341 totam
3295 1287 3410 1342 fere
3456 1289 3673 1343 doctrin

2199 1375 2555 1447 theologicam
2599 1392 2664 1431 ex
2699 1379 3005 1445 purissimis
3042 1379 3282 1451 Dionysii
3332 1380 3581 1436 fontibus
3632 1382 3674 1435 lt:

2197 1467 2354 1533 sisse,
2384 1482 2507 1522 cum
2540 1468 2629 1522 vix
2660 1467 2765 1521 ulla
2791 1469 2859 1523 sit
2890 1470 3145 1539 periodus
3171 1485 3201 1525 e
3229 1486 3334 1541 qua
3362 1487 3465 1526 non
3488 1473 3611 1541 ipse
3642 1484 3673 1524 t:

2198 1574 2358 1626 quam
2408 1559 2525 1628 apis
2572 1571 2950 1629 argumentosa
2994 1561 3354 1631 theologicam
3399 1578 3625 1616 succum
3669 1584 3674 1610 α

2198 1649 2445 1711 traxerit,
2499 1658 2553 1703 et
2591 1650 2641 1703 itt
2678 1649 2975 1715 Summam,
3012 1651 3175 1704 veluti
3210 1652 3483 1721 quoddam
3520 1652 3673 1706 alvea

2200 1740 2441 1809 pluribus
2487 1743 2871 1809 quaestionibus
2916 1744 3269 1812 articulisque
3302 1782 3319 1809 ,
3371 1759 3467 1799 ceu
3518 1744 3674 1798 cellul

2125 1831 2169 1886 Β
2200 1832 2502 1902 tlteolOgico
2533 1834 2689 1889 melle
2717 1834 3013 1901 servando,
3048 1834 3392 1903 distinctum,
3427 1836 3667 1905 redegeri

535 2018 3676 2057 ._____.____._____________________________,____

948 2185 1553 2306 ISAGOGE
1632 2188 2609 2310 BALTHASARIS
2693 2195 3371 2314 CORDEBII

1751 2426 2065 2470 εοειετιτιε
2101 2431 2224 2472 ιεευ
2256 2430 2526 2472 τιιιῖοιοῦι

999 2567 1109 2628 AD
1152 2566 1581 2631 MYSTICAM
1628 2568 2167 2633 THEOLOGIAM
2209 2570 2273 2633 S.
2305 2570 2667 2635 DIONYSII
2714 2574 3284 2637 AREOPAGI'L‘E.

2081 2755 2154 2771 ~

601 2893 717 2962 Quo
746 2880 959 2948 facilior
988 2890 1282 2961 puriorque
1311 2888 1466 2947 nobis
1492 2889 1560 2944 ad
1598 2900 1944 2946 sacrosancta
1979 2891 2092 2964 My-
2118 2887 2164 2952 C
2197 2888 2539 2944 Timotheum
2585 2887 2889 2958 scripturus
2918 2906 2933 2941 :
2970 2887 3133 2955 Vide,
3168 2889 3371 2959 inquit,
3425 2907 3487 2946 ne
3511 2892 3678 2962 exploa

528 2986 677 3041 sticze
708 2984 988 3054 theologia:
1034 2986 1196 3055 adyta
1235 2984 1305 3039 sit
1334 2999 1610 3051 accessus,
1660 3000 1836 3054 operae
1866 2986 2096 3054 pretium

528 3078 709 3140 fuerit,
734 3091 798 3132 ex
834 3076 955 3130 aliis
989 3074 1227 3142 ejusdem
1264 3076 1434 3134 sancti
1474 3074 1650 3135 Patris
1681 3074 1948 3150 Operibus
1975 3076 2099 3135 hre-

527 3169 614 3226 via
666 3169 908 3239 quanlatn
958 3167 1251 3242 προτέλεια
1298 3187 1391 3226 seu
1439 3172 1697 3242 praeludia
1748 3174 2097 3241 praemittere,

529 3263 724 3332 quibus
773 3279 925 3321 mens
976 3274 1164 3320 nostra
1203 3266 1652 3333 praeexercitata,
1704 3265 2097 3335 rituquodam

527 3356 756 3425 mystico
790 3366 1141 3425 praeparetur,
1195 3365 1284 3420 ut,
1328 3366 1585 3426 quantum
1632 3360 1715 3412 fas
1752 3366 1872 3424 est,
1916 3368 2100 3415 sancte

528 3445 693 3499 rebus
720 3447 1080 3501 sanctissimis
1110 3446 1496 3516 coniungatur.

599 3537 679 3593 Ne
708 3550 886 3592 autem
908 3554 937 3591 a
963 3538 1149 3606 janua,
1174 3549 1233 3593 ut
1261 3540 1313 3592 itt
1344 3541 1629 3609 proverbio
1655 3550 1758 3607 est,
1786 3550 1841 3596 et
1874 3557 1905 3597 a
1930 3557 2097 3612 scopo

529 3631 881 3696 aberremus,
929 3632 1367 3701 cognoscendum
1414 3642 1542 3689 ante
1590 3634 1774 3687 omnia
1820 3634 1949 3702 quid
2003 3648 2101 3703 per

530 3721 815 3792 mysticam
860 3721 1190 3789 theologiam
1235 3720 1587 3791 intelligatur,
1627 3732 1683 3778 et
1726 3738 1846 3792 qua:
1885 3724 1955 3779 sit
1984 3722 2099 3793 ejus

531 3811 796 3875 deﬁnitio,
834 3814 1088 3880 quodque
1136 3812 1465 3883 principium
1516 3829 1611 3869 seu
1657 3816 1832 3885 origo,
1866 3818 1989 3885 quis
2031 3817 2098 3870 ﬁ-

531 3903 636 3967 nis,
682 3917 800 3971 qua:
829 3904 896 3956 ad
924 3902 1068 3957 illam
1103 3906 1585 3974 praerequirantur,
1630 3915 1682 3960 et
1722 3908 1994 3976 quomodo
2030 3907 2097 3962 ad

531 3992 702 4062 ipsam
734 3995 1101 4049 accedendum
1149 3994 1250 4061 sit,
1274 4004 1327 4049 et
1359 4012 1463 4066 qua
1497 3997 1710 4051 tandem
1743 3997 1951 4053 ratione
1992 3997 2098 4051 mi-

531 4086 721 4141 rabilis
764 4086 854 4141 illa
886 4089 1132 4161 mystica:
1163 4088 1445 4162 tlteologite
1472 4091 1599 4146 unio
1638 4092 1691 4147 in
1722 4093 1903 4147 anima
1933 4093 2099 4163 perli-

532 4177 748 4233 ciatur:
777 4194 895 4248 qum.
943 4181 1123 4234 omnia
1164 4180 1399 4237 breviter
1446 4191 1652 4253 septem
1692 4182 1961 4253 capitibus
2005 4198 2096 4239 se-

534 4269 822 4339 quentibus
850 4270 1265 4341 explicabimus.

1043 4412 1270 4469 CAPUT
1309 4412 1596 4470 PRIMUM.

679 4503 821 4569 Quid
848 4522 939 4575 per
969 4508 1241 4576 mysticam
1271 4507 1585 4577 theologiam
1613 4507 1958 4579 intelligatur.

515 4595 521 4633 ἓ
608 4595 832 4669 Mystica
857 4613 953 4655 seu
983 4599 1305 4670 mysteriosa
1331 4599 1622 4670 theologia,
1648 4600 1695 4653 si
1727 4601 1832 4654 vim
1867 4599 2104 4655 nominis

537 4688 809 4753 attendas,
840 4690 1091 4760 designat
1119 4692 1409 4761 quamdam
1444 4708 1657 4748 sacram
1681 4702 1734 4747 et
1756 4708 2011 4747 arcanam
2038 4696 2105 4748 de

539 4780 651 4837 Deo
701 4781 1001 4852 divinisque
1051 4787 1212 4840 rebus
1268 4786 1533 4840 notitiam.
1584 4787 1905 4858 Μυστήριον
1959 4786 2105 4841 enim

537 4873 742 4932 Gracis
776 4876 915 4931 idem
955 4887 1037 4933 est
1067 4879 1207 4949 quod
1242 4878 1457 4934 Latinis
1500 4894 1778 4945 arcanum,
1818 4877 2102 4943 occultum,

537 4966 795 5032 abditum,
828 4978 1108 5034 secretum,
1147 4978 1202 5023 et
1230 4968 1450 5037 quidem
1481 4975 1915 5033 sacrosanctum,
1960 4968 2104 5036 quod

541 5059 760 5113 nonnisi
820 5059 1131 5115 hominibus
1175 5061 1349 5116 sacris
1399 5061 1935 5126 communicandum,
1978 5075 2108 5128 pro-

544 5151 685 5205 lanis
728 5166 858 5205 vero
895 5153 1275 5206 occultandum
1309 5153 1379 5208 sit
1412 5172 1425 5207 :
1460 5168 1596 5221 quos
1644 5152 1852 5207 idcirco
1890 5151 1947 5205 S.
1981 5150 2108 5207 Dio-

548 5242 731 5313 .tysius
770 5245 1049 5316 ἀμυήτους
1076 5255 1228 5298 vocat
1248 5244 1318 5309 ⁸⁸,
1348 5246 1400 5299 id
1430 5254 1512 5300 est
1540 5252 1788 5299 exsortes
1817 5243 2108 5314 mysterio-

548 5349 686 5398 rum,
725 5333 923 5404 quibus
974 5335 1272 5389 secundum
1311 5334 1481 5403 legem
1529 5332 1930 5388 hierarchicam
1965 5340 2113 5387 vetat

547 5430 806 5498 mysteria
840 5430 940 5500 (sic
962 5430 1105 5483 enim
1137 5428 1371 5498 appellat
1412 5424 1777 5496 sacramenta)
1812 5423 2108 5494 propalari.

551 5526 768 5581 Sciebat
796 5526 993 5594 quippe
1019 5523 1161 5594 quod
1180 5528 1566 5576 sacramentum
1611 5519 1749 5587 regis
1794 5517 2110 5572 abscondere

554 5620 740 5675 bonum
768 5630 842 5675 est
864 5619 933 5673 ⁸⁸.
960 5617 1097 5673 Hinc
1127 5616 1193 5674 de
1224 5612 1493 5684 mysteriis
1520 5626 1615 5669 seu
1648 5609 2011 5667 sacramentis
2041 5608 2109 5663 ad

2200 2979 2394 3035 Sancta
2430 2990 2763 3044 sanctorum;
2791 2984 2914 3047 quin
2947 2983 3119 3051 potius
3148 3000 3345 3039 arcana
3379 2985 3475 3039 Dei
3503 2992 3678 3040 reverel

2201 3070 2305 3142 ris,
2354 3088 2417 3131 ac
2466 3071 2797 3146 spiritalibus
2847 3073 3412 3150 inaspectabilibusque
3474 3078 3677 3135 nuliom’l

2202 3165 2520 3233 celebrabit;
2554 3168 2819 3222 inaccessa
2855 3170 3062 3239 quidem
3095 3172 3333 3239 profanis
3365 3173 3458 3226 illa
3485 3186 3530 3227 et
3571 3175 3679 3227 inta.

2200 3258 2534 3323 reservanda,
2572 3258 2700 3313 solis
2730 3274 2847 3313 vero
2884 3257 3104 3322 sanctis,
3151 3274 3267 3313 cum
3312 3276 3467 3315 sacra
3510 3262 3679 3330 quarla

2201 3357 2353 3418 prout
2400 3349 2483 3419 fas
2525 3358 2633 3416 est,
2681 3349 2922 3404 claritate
2958 3367 3039 3405 res
3080 3366 3262 3405 sacras
3307 3354 3679 3405 communicant

2201 3441 2291 3495 Ide
2309 3456 2469 3510 mque
2506 3442 2608 3498 sub
2639 3439 2801 3496 linem
2841 3440 3079 3509 ejusdem
3123 3442 3316 3512 capitis
3362 3444 3557 3498 iterum
3598 3445 3679 3497 inc

2201 3543 2311 3600 cat,
2336 3543 2394 3588 ut
2416 3534 2570 3604 juxta
2597 3536 2761 3590 ritum
2788 3535 3188 3590 hierarchicum
3215 3536 3557 3607 proﬁteatur,
3584 3552 3680 3590 sam

2202 3628 2419 3698 quidem
2467 3636 2658 3683 sancte
2699 3635 3070 3695 contrectare,
3098 3628 3211 3684 sola
3243 3636 3426 3683 autem
3471 3629 3657 3684 deitiea

2200 3719 2363 3785 vinis,
2399 3717 2738 3787 perﬁcientia
2779 3716 3125 3787 perfectionis
3166 3720 3480 3787 capacibus,
3527 3729 3674 3774 sanct

2200 3826 2306 3881 que
2331 3811 2673 3867 sanctissima
2709 3811 3129 3867 communicare.
3155 3811 3246 3867 Sic
3276 3810 3524 3867 Christus
3556 3828 3680 3882 quoq

2200 3902 2269 3957 ad
2318 3903 2503 3958 turbas
2536 3903 2590 3958 in
2624 3901 2895 3971 parabolis
2935 3901 3352 3971 loquebatur",
3386 3909 3441 3955 et
3475 3902 3603 3956 solis
3638 3917 3679 3969 ιιι

2201 3992 2355 4048 stolis
2393 3992 2558 4049 dabat
2587 4008 2745 4050 nosse
2775 3990 3033 4064 mysteria
3066 3992 3213 4062 regni
3244 3992 3360 4049 Dei.
3407 3992 3593 4062 Neque
3625 4008 3679 4046 en

2201 4086 2283 4143 fas
2332 4096 2417 4143 est
2446 4094 2531 4158 (ut
2571 4088 2768 4143 ibidem
2800 4086 3030 4143 Oracula
3068 4084 3363 4155 testantur)
3402 4084 3580 4153 porcis
3611 4099 3679 4155 pri

2201 4192 2324 4233 cere
2358 4178 2680 4247 spiritalium
2729 4178 3140 4246 margaritarum
3188 4193 3383 4247 purum
3416 4177 3566 4231 illum
3602 4180 3659 4231 a'c

2131 4309 2175 4366 Β
2205 4270 2387 4324 cidunt
2434 4269 2922 4366 pulchriﬁcumque
2954 4268 3297 4366 adornatum.

2282 4358 2468 4428 Itaque
2506 4358 2599 4428 qui
2640 4358 2925 4429 mysticam
2961 4357 3284 4427 theologiam
3316 4356 3680 4419 nominat“,:

2206 4464 2396 4506 canam
2444 4450 2733 4519 quamdam
2762 4451 2987 4506 omnino
3034 4464 3246 4506 sacram
3278 4450 3529 4521 designat
3556 4450 3679 4519 sapit

2208 4545 2360 4609 tiam,
2388 4542 2481 4597 Dei
2516 4541 2832 4613 principalis
2861 4540 3284 4611 pulchritudinis
3326 4542 3613 4611 imaginem
3642 4556 3680 4609 pl

2204 4637 2345 4709 prio,
2374 4647 2634 4707 quantum
2676 4635 2760 4693 fas
2792 4643 2912 4702 est,
2960 4634 3230 4705 principio
3281 4634 3679 4689 conformemr

2208 4729 2424 4801 quidem
2467 4727 2753 4796 cujuslibet
2794 4741 2983 4781 eorum
3028 4726 3123 4795 qui
3160 4725 3406 4796 mysticis
3450 4725 3679 4780 illustrati

2207 4823 2367 4876 nibus
2407 4820 2746 4884 imbuuntur,
2790 4818 2845 4872 in
2875 4818 2978 4873 hoc
3009 4816 3118 4872 sita
3168 4816 3429 4887 perfectio
3459 4826 3571 4881 est,
3612 4826 3662 4871 ut

2208 4911 2441 4966 divinam
2486 4926 2582 4981 pro
2613 4921 2771 4979 captu
2804 4910 3035 4979 quisque
3058 4924 3156 4965 suo
3181 4919 3565 4978 promoveatur
3590 4910 3680 4965 imit

2213 5003 2442 5069 tionem,
2471 5002 2675 5071 Deique
2704 5002 2758 5057 in
2790 5000 3084 5072 semetipso
3110 5001 3348 5069 excipiat
3376 5000 3676 5071 Operatione

2210 5094 2266 5148 in
2324 5093 2521 5148 mentis
2568 5090 2752 5148 abdito
2801 5090 3142 5147 divinissime
3194 5091 3557 5159 relucentem,
3605 5104 3679 5160 qu:

2212 5188 2406 5243 exinde
2434 5187 2542 5240 ritu
2572 5184 2921 5239 hierarchico
2948 5184 3000 5237 in
3032 5184 3170 5240 alios
3195 5184 3559 5239 transfundat.

2828 5321 3055 5378 CAPUT
3090 5323 3155 5379 ΙΙ.

2460 5416 2592 5483 Qua:
2615 5416 2683 5471 sit
2715 5416 2952 5485 deﬁnitio
2976 5418 3210 5488 mystica:
3230 5418 3524 5491 theologia.

2283 5509 2509 5568 Omissis
2533 5510 2718 5576 variis,
2756 5524 2894 5579 quas
2923 5513 3078 5567 varie
3122 5512 3368 5568 diversas
3411 5512 3679 5575 tradunt,t

2211 5602 2580 5670 ﬁnitionibus,
2618 5604 2703 5659 vel
2752 5604 2935 5675 potius
2980 5604 3593 5675 circumscriptionibus,
3640 5601 3680 5655 bt

629 5774 673 5806 '°
702 5778 829 5839 Cap.
878 5778 901 5833 1
939 5774 1140 5833 Eccles.
1179 5772 1505 5839 hierarchite.
1585 5772 1628 5804 ⁸⁸
1668 5770 1801 5826 Tob.
1850 5784 1949 5839 xu,
1996 5768 2048 5824 7.
2125 5768 2167 5801 δ’
2195 5766 2325 5823 Luc.
2374 5779 2489 5827 vttt.
2536 5763 2619 5823 10.
2692 5763 2739 5799 ⁸³
2770 5764 2896 5822 Cael.
2931 5764 3198 5823 hierarch.
3231 5778 3355 5834 cap.
3383 5761 3437 5821 3.
