3708 6340
52 264 92 321 π
1338 252 1871 314 PROLEGOMENA.

3153 263 3222 321 98

49 380 134 430 iter
164 379 207 426 et
246 369 384 424 clare
430 368 682 425 videtur
734 370 845 426 hoc
892 369 1048 425 modo
1096 368 1308 424 deﬁniri
1357 384 1557 441 posse:
1587 372 1635 431 Α
1661 369 1798 425 stice
1827 367 2037 437 perﬁcit
2062 376 2112 423 et
2152 367 2427 436 informat,
2456 369 2530 425 ita
2577 379 2638 427 ut
2667 371 2843 428 tribus
2882 371 3004 428 istis
3036 374 3226 429 excel-

50 458 251 524 l'heologia
300 456 535 526 mystica
595 468 697 513 est
750 459 1020 528 sapientia
1071 460 1556 527 experimentalis,

46 553 101 608 [lci
138 549 380 614 aﬁectiva,
427 548 725 610 divinitus
778 554 986 619 inlusa,
1028 570 1150 626 qua
1204 562 1441 609 mentem
1487 554 1558 609 ab

44 636 134 690 sani
168 636 555 693 inordinatione
604 653 846 708 puram,
891 656 985 712 per
1029 651 1183 699 actus
1226 652 1555 712 supernatu~

46 729 134 785 rites
164 726 282 792 ﬁdei,
320 730 438 799 spei
465 739 528 786 et
558 732 894 801 charitatis,
926 751 1049 791 cum
1078 734 1189 792 Deo
1215 736 1403 792 intime
1425 749 1561 792 cono

42 821 172 889 jungit.

88 912 175 967 Hac
189 909 417 967 deﬁnitio
437 924 686 973 constat
714 918 969 975 omnibus
993 916 1239 988 partibus
1262 930 1355 972 seu
1386 930 1557 971 mem-

44 1008 113 1063 bris
130 1004 180 1061 ad
204 1005 468 1074 propriam
519 1007 780 1078 alicujus
812 1012 887 1065 rei
931 1010 1301 1065 definitionem
1354 1022 1555 1062 secun-

43 1098 121 1151 dum
153 1095 484 1167 philosophiae
512 1098 683 1169 leges
726 1100 1024 1171 requisitis.
1060 1099 1241 1154 Genus
1272 1098 1413 1161 enim
1459 1098 1556 1154 de-

42 1189 127 1243 initi
162 1189 234 1242 hic
274 1200 356 1243 est
404 1191 696 1257 sapientia
733 1192 1177 1262 experimentalis,
1224 1206 1319 1246 seu
1364 1190 1556 1259 sapida

39 1279 209 1334 scientia.
229 1276 338 1339 Non
362 1281 518 1335 enim
551 1283 684 1339 haec
709 1283 983 1352 theologia
1010 1292 1093 1339 est
1116 1284 1359 1353 quasdam
1382 1285 1557 1339 otiosa

38 1370 228 1423 sterilisve
263 1372 609 1439 specularia,
654 1374 755 1430 sed
802 1374 1139 1442 sapidissima
1168 1374 1263 1430 Dei
1304 1385 1557 1431 contem-

38 1459 284 1527 platio,qu:e
314 1462 674 1518 suavissimo
727 1465 908 1534 (cujus
951 1466 1165 1535 quidem
1205 1466 1259 1520 in
1305 1467 1408 1522 bac
1438 1467 1556 1532 vita

38 1566 195 1619 capaces
227 1552 435 1618 sumus)
488 1569 714 1623 sapore
761 1558 990 1627 spiritali
1043 1568 1277 1614 mentem
1326 1559 1553 1627 imbuit,

38 1642 233 1711 multoque
274 1644 683 1703 delectabilius
738 1664 860 1704 eam
897 1650 1087 1715 allicit,
1123 1665 1292 1721 quam
1335 1652 1405 1706 ab
1449 1652 1556 1706 ullo

38 1734 278 1803 spiritalium
306 1735 512 1793 harum
545 1740 887 1798 deliciarum
915 1743 1193 1813 inexperto
1221 1743 1430 1814 concipi
1458 1752 1553 1798 aut

37 1826 129 1876 credi
151 1828 319 1893 possit.

79 1914 331 1973 Diﬁereutia
364 1930 477 1986 est,
536 1921 646 1978 Dei
674 1924 941 1993 affection,
993 1940 1102 1993 quo
1138 1924 1318 1982 diﬂert
1361 1942 1390 1981 a
1426 1927 1549 1983 reli-

37 2008 113 2074 quis
149 2009 367 2065 scientiis
422 2013 779 2085 theologicis
825 2030 943 2083 quae
992 2016 1327 2071 intellectum
1376 2018 1549 2075 infor-

39 2110 159 2163 mant,
194 2115 301 2156 cum
344 2103 466 2159 haec
510 2106 891 2176 principalius
934 2107 1133 2163 aliieiat
1175 2110 1546 2177 voluntatem;

38 2188 116 2240 licet
136 2191 273 2244 etiam
306 2208 519 2248 arcano
563 2198 823 2265 quodam
873 2199 1078 2257 lumine
1124 2201 1361 2258 illustret
1389 2203 1546 2259 intel-

38 2278 193 2348 Zectum,
216 2285 273 2339 ad
303 2284 472 2342 Deum
507 2298 569 2343 et
606 2304 703 2346 res
735 2305 927 2348 omnes
954 2296 1328 2364 eminentiori,
1361 2307 1548 2369 utpote

38 2378 375 2441 snpernaturali,
408 2382 585 2436 modo
616 2383 1052 2453 intelligendum.

84 2461 335 2533 Proprietas
380 2467 555 2535 hujus
607 2472 901 2540 sapientia:
942 2489 1053 2544 prae
1082 2479 1294 2535 caeteris
1343 2481 1543 2538 eximia

39 2562 110 2617 est,
148 2559 262 2622 quod
294 2558 365 2613 sit
413 2562 692 2617 diuinitus
727 2562 940 2631 infusa,
986 2582 1096 2623 non
1147 2579 1266 2627 arte
1309 2574 1539 2630 humani

41 2644 281 2713 magisterii,
306 2662 394 2703 aut
431 2651 652 2722 ingenii
689 2656 1104 2726 perspicuitate,
1137 2663 1221 2719 vel
1265 2666 1429 2720 studii
1460 2683 1548 2724 as-

42 2733 221 2791 siduitate
262 2739 582 2798 humanitus
637 2746 951 2815 acquisita;
1002 2751 1205 2823 quippe
1245 2756 1444 2813 donum
1490 2765 1546 2813 et

42 2824 243 2884 charisma
287 2834 624 2891 nobilissimi
683 2837 920 2908 Spiritus
971 2844 1146 2898 sancti
1197 2847 1540 2919 principalis,

43 2920 102 2986 qui
130 2937 225 2976 cum
257 2941 358 2982 non
394 2928 764 2999 ingrediatur
803 2932 1037 2988 animam
1069 2934 1411 3007 malevolam,
1445 2956 1545 2999 ne-

1661 457 1983 514 lentissimis
2028 459 2286 513 virtutum
2320 460 2743 532 theologicarum
2774 463 3013 527 actibus,
3054 464 3222 520 totius

1659 552 1905 622 mysticae
1940 550 2223 620 theologiae
2258 553 2521 622 perfectio
2566 563 2621 610 et
2662 556 2899 611 essentia
2940 557 3227 612 continea-

1661 649 1767 706 tur,
1810 640 1889 695 uti
1937 639 2160 711 pulchre
2199 656 2265 696 ac
2308 642 2427 698 fuse
2472 644 2524 697 in
2566 642 2722 698 libris
2762 641 3118 698 divinissimis
3150 640 3228 697 De

1659 747 1879 785 ascensu
1906 731 2095 785 montis
2124 730 2369 799 Carmeli,
2412 732 2489 787 De
2520 742 2668 788 nocte
2698 734 2915 788 obscura
2939 772 2956 799 ,
3002 740 3059 788 et
3086 733 3229 788 Cana

1658 820 1864 877 tionum
1912 836 2039 877 vere
2091 822 2443 891 mysticarum
2483 823 2948 880 declarationibus
2974 822 3074 895 (6),
3125 838 3231 879 exe

1658 913 1811 981 ponit
1840 913 2159 968 venerabilis
2190 913 2349 968 Pater
2380 911 2621 971 Joannes
2664 914 2731 971 de
2771 915 2821 969 la
2848 915 3009 980 Cruz,
3042 929 3226 970 rerum

1659 1003 2014 1073 mysticarum
2049 1005 2484 1074 expertissimus.

1730 1093 1811 1149 Ex
1855 1094 2050 1165 quibus
2096 1103 2247 1166 patet
2294 1095 2624 1166 theologiam
2678 1096 2964 1168 mysticam
3016 1106 3127 1152 tam
3172 1097 3229 1154 in

1662 1186 1962 1242 substantia
1989 1201 2087 1242 sua
2114 1202 2275 1258 quam
2301 1188 2354 1241 in
2383 1188 2543 1243 modo
2573 1188 2897 1257 procedendi
2924 1204 3049 1245 esse
3082 1205 3233 1247 mere

1659 1278 2154 1350 supernaturalem.
2208 1278 2489 1349 Siquidem
2537 1289 2593 1335 et
2644 1282 2913 1350 principia
2970 1283 3126 1354 ejus,
3175 1289 3233 1338 et

1658 1370 1855 1437 media,
1879 1379 1932 1425 et
1962 1369 2106 1437 ﬁnis,
2134 1378 2187 1425 et
2218 1372 2271 1425 in
2306 1371 2457 1426 hunc
2485 1372 2737 1429 tendendi
2775 1375 2987 1440 modus,
3025 1383 3231 1430 natura:

1657 1460 1804 1517 vires
1843 1470 2009 1530 atque
2054 1461 2304 1519 ordinem
2337 1465 2555 1532 penitus
2597 1466 3015 1532 transcendunt,
3049 1465 3124 1521 uti
3162 1480 3231 1522 ex

1653 1550 1766 1621 jam
1800 1551 1966 1607 dictis
2000 1550 2163 1607 facile
2197 1553 2493 1625 colligitur,
2520 1563 2575 1612 et
2606 1569 2673 1610 ex
2702 1557 3061 1626 sequentibus
3101 1556 3231 1612 ube-

1659 1642 1773 1697 rius
1812 1641 2060 1711 liquebit.
2092 1641 2249 1699 Unde
2283 1645 2531 1716 sequitur
2573 1661 2695 1701 cum
2729 1647 2924 1716 ipsam,
2960 1656 3071 1701 tum
3109 1660 3234 1716 pro-

1664 1732 1839 1787 ximas
1884 1733 1951 1786 ad
2005 1733 2261 1789 unionem
2312 1736 2601 1807 mysticam
2654 1736 3071 1808 dispositiones,
3121 1753 3229 1793 non

1660 1837 1729 1879 ex
1767 1822 1996 1878 aibitrio
2028 1832 2237 1891 nostro,
2287 1825 2383 1881 sed
2426 1840 2496 1880 ex
2542 1826 2713 1882 solius
2755 1828 3015 1883 benevola
3065 1828 3228 1883 mise-

1660 1914 1831 1969 rentis
1861 1928 1925 1967 ac
1962 1914 2237 1985 dignantis
2268 1914 2363 1971 Dei
2396 1918 2571 1985 gratia
2622 1919 2947 1989 dependere.
2976 1920 3075 1988 Qui
3106 1936 3231 1977 cum

1658 2004 1921 2075 benignus
1951 2006 2019 2061 sit
2062 2021 2128 2092 ac
2158 2007 2345 2063 multa:
2374 2009 2757 2077 miserationis,
2789 2011 3097 2081 dignatione
3129 2028 3227 2067 sua

1657 2098 1876 2165 copiose
1910 2113 2007 2153 nos
2046 2100 2331 2168 praevenit,
2355 2108 2409 2155 et
2451 2100 2515 2154 ad
2548 2101 2731 2157 cordis
2752 2104 2970 2172 ,ostium
3014 2103 3223 2172 pulsat,

1657 2196 1715 2242 et
1743 2198 2027 2258 exspectat
2068 2200 2127 2245 ut
2172 2189 2248 2246 illi
2277 2192 2481 2246 aditum
2510 2193 2923 2263 patefaciamus,
2946 2195 3227 2251 obstacula

1658 2280 2004 2347 removendo,
2027 2290 2250 2350 paratus
2273 2297 2375 2339 nos
2397 2284 2633 2356 dirigere
2661 2299 2726 2340 ac
2752 2285 3021 2342 deducere
3051 2302 3227 2357 usque

1658 2370 1725 2425 ad
1760 2380 2000 2426 montem
2040 2371 2203 2441 Oreb,
2234 2389 2297 2430 ac
2328 2389 2638 2446 supremum
2673 2377 2957 2449 theologia:
2986 2380 3229 2451 mystica:

1658 2459 1970 2533 fastigium,
2025 2461 2321 2520 dummodo
2390 2465 2614 2537 jugibus
2679 2481 2744 2522 ac
2802 2468 3226 2524 ferventissimis

1658 2551 1833 2620 ipsum
1856 2554 2105 2621 precibus
2128 2553 2460 2624 invocemus,
2486 2557 2708 2627 ductum
2731 2556 2847 2627 ejus
2876 2559 3225 2615 exactissime

1656 2643 2027 2703 observantes.
2046 2653 2077 2683 ὀ

1772 2818 1781 2823 _
2256 2736 2482 2793 CAPUT
2521 2736 2605 2795 ιιι.

1854 2828 2006 2894 Quod
2030 2829 2096 2882 sit
2126 2828 2439 2899 principium
2473 2830 2707 2899 mystica-
2735 2830 3031 2902 theologia.

1724 2918 1857 2974 Cum
1889 2921 2119 2989 ipsamet
2148 2921 2372 2991 mystica
2401 2920 2691 2991 theologia,
2725 2922 2853 2990 quid
2885 2925 3154 2992 sit,-recte
3186 2940 3218 2981 a

43 3026 111 3080 que
145 3016 324 3074 habitet
371 3022 426 3075 in
488 3039 742 3092 corpore
791 3027 1008 3083 subdito
1059 3033 1300 3097 peccatis
1337 3035 1409 3099 at.
1456 3052 1555 3106 pro
1583 3035 1625 3092 α
1657 3015 1837 3083 nobis,
1884 3025 1943 3072 ut
1974 3015 2187 3087 opinor,
2237 3014 2458 3071 deﬁnita
2495 3015 2593 3081 sit,
2640 3025 2808 3071 restat.
2855 3025 2912 3071 ut
2951 3017 3215 3086 originem

44 3103 216 3170 subjecto
256 3111 480 3179 requirit
548 3123 787 3167 mentem
837 3114 901 3168 ab
953 3118 1095 3172 omni
1157 3103 1548 3180 inordinatione

42 3206 185 3256 suram.
209 3195 348 3264 Nam,
370 3209 430 3254 ut
464 3202 551 3257 ait
592 3202 781 3272 regius
808 3204 1075 3274 Propheta
1099 3225 1113 3262 :
1140 3208 1273 3274 Quis
1304 3215 1545 3269 ascendet

46 3283 80 3333 ta
100 3296 273 3341 montem
315 3289 570 3361 Domini,
622 3303 716 3347 aut
747 3295 862 3362 quis
904 3298 1063 3351 stabit
1103 3300 1157 3353 in
1206 3301 1321 3356 loco
1363 3314 1544 3360 sancto

44 3370 141 3438 ejus,
175 3378 259 3430 nisi
290 3380 547 3437 innocens
603 3386 873 3452 manibus,
912 3397 961 3441 et
1005 3390 1201 3445 mundo
1232 3394 1407 3460 corde,
1452 3397 1543 3466 qui

49 3476 113 3512 son
139 3468 293 3535 accepit
317 3470 369 3524 in
401 3488 540 3526 vano
575 3474 812 3529 animam
839 3493 989 3531 suam
1009 3479 1097 3535 δεῖ
1128 3481 1267 3547 Quin
1297 3494 1350 3539 et
1384 3487 1546 3543 (Ἀπί-ν

45 3562 143 3605 stos:
162 3555 306 3625 Beati,
330 3563 531 3632 inquit,
560 3566 765 3620 mundo
787 3569 960 3635 corde,
981 3573 1225 3640 quoniam
1250 3576 1353 3643 ipsi
1375 3577 1543 3633 Deum

49 3643 223 3700 ridebunt
245 3649 306 3705 ⁸⁸.
334 3651 509 3711 Porro
548 3656 685 3710 ﬁnis
714 3671 812 3726 per
841 3658 1047 3717 hancce
1087 3666 1405 3734 sapientiam
1454 3670 1541 3725 in-

46 3739 277 3830 lentus,est
316 3745 437 3799 unio
466 3763 601 3799 cum
644 3747 778 3813 Deo,
820 3762 1019 3819 quanta
1068 3756 1323 3813 nimirum
1366 3770 1543 3830 potest

113 3826 187 3923 hac
226 3832 329 3888 vita
384 3838 681 3905 obtineri,
728 3844 1030 3899 arctissima
1082 3826 1539 3923 suavissiniaque.

48 3912 161 3972 Media
187 3936 294 3979 vero
326 3928 486 3999 hujus
519 3931 841 3988 obtinendae
882 3948 1009 3990 sunt
1047 3949 1199 3994 actus
1256 3912 1539 4015 tlreologici

49 4020 431 4107 spernaturales.
487 4024 663 4090 ﬁdei,
714 4026 829 4095 spei
879 4038 933 4083 et
980 4028 1293 4101 charitatis,
1342 4038 1542 4105 quibus

50 4108 272 4165 immediate
316 4128 469 4169 mens
502 4115 694 4171 Deum
738 4118 972 4191 attingit,
1018 4137 1116 4192 per
1145 4122 1305 4179 ﬁdem
1336 4128 1541 4186 scilicet

50 4192 278 4289 caliginose,
298 4217 391 4273 per
421 4219 590 4277 spem
624 4223 908 4278 suspense,
940 4227 1038 4280 per
1065 4214 1390 4274 charitatem
1418 4234 1539 4289 per-

1650 3108 1769 3178 ejus
1801 3109 2217 3178 investigemus.
2243 3106 2416 3179 Hujus
2447 3108 2611 3180 igitur
2633 3109 2959 3179 principium
2989 3119 3044 3163 et
3063 3110 3215 3180 origo

1648 3200 1895 3267 mysticae
1940 3199 2250 3269 theologiae,
2279 3208 2340 3256 ut
2377 3199 2552 3255 sancti
2584 3199 2822 3271 Dionysii
2851 3199 3035 3255 verbis
3066 3209 3212 3266 utar,
3304 3200 3314 3208 '

1647 3291 1771 3347 fons
1801 3300 1885 3348 est
1926 3292 2071 3356 vitae,
2119 3292 2355 3347 essentia
2391 3292 2673 3360 bonitatis,
2707 3308 2811 3347 una
2856 3307 3038 3347 rerum
3084 3308 3207 3347 om-

1645 3384 1797 3439 nium
1839 3399 2003 3441 causa
2051 3384 2313 3453 Trinitas,
2351 3400 2381 3440 a
2413 3394 2516 3456 qua
2561 3401 2659 3458 per
2702 3386 2963 3442 bonitatis
3009 3384 3213 3439 redun-

1645 3472 1907 3540 dantiam,
1951 3474 2027 3528 uti
2066 3484 2283 3539 caetera,
2326 3474 2403 3529 sic
2443 3475 2607 3530 etiam
2648 3476 2818 3530 hocce
2847 3475 3032 3528 datum
3064 3475 3211 3551 opti-

1644 3581 1790 3622 mum
1820 3574 1875 3621 et
1912 3566 2111 3621 donum
2148 3566 2450 3637 perfectum
2494 3567 2883 3638 benignissime
2922 3564 3209 3636 proﬂuxit,

1644 3659 1924 3713 desursum
1954 3657 2287 3715 descendens
2324 3673 2356 3713 a
2384 3657 2549 3714 Patre
2580 3658 2844 3713 luminum
2886 3673 2985 3728 per
3012 3657 3211 3712 Filium

1644 3751 1697 3804 in
1749 3750 1958 3822 Spiritu
2003 3761 2218 3819 sancto,
2263 3752 2355 3820 qui
2398 3764 2495 3821 per
2542 3750 2645 3805 hoc
2696 3752 2895 3805 donum
2932 3751 3211 3820 sapientiae

1642 3842 1799 3898 nobis
1854 3844 2013 3898 modo
2076 3843 2419 3899 nobilissimo
2471 3843 2926 3898 communicatur.
2973 3842 3112 3909 Quin
3153 3852 3209 3896 et

1643 3934 1884 4004 mysticae
1930 3933 2112 3989 omnis
2161 3947 2192 3987 a
2225 3932 2387 3989 Patre
2422 3941 2582 3989 motae
2634 3933 3011 3988 illustratiunis
3054 3948 3207 3986 ema-

1641 4025 1786 4077 natio
1825 4025 1878 4078 in
1922 4039 2021 4079 nos
2048 4023 2288 4080 beneﬁce
2315 4026 2624 4094 exundans,
2651 4027 2850 4089 denuo,
2875 4039 2973 4078 ceu
3005 4026 3206 4080 uuiﬁca

1638 4116 1743 4180 vis,
1775 4115 1843 4169 ad
1878 4130 2072 4184 supera
2119 4132 2218 4173 nos
2252 4117 2559 4172 revocando
2609 4116 2957 4185 simpliﬁcat,
2986 4124 3041 4170 et
3070 4132 3203 4171 con-

1637 4209 1799 4262 vertit
1827 4207 1894 4262 ad
1929 4208 2313 4279 congregantis
2357 4206 2540 4262 Patris
2560 4206 2826 4262 unitatem
2859 4222 2922 4262 ac
2950 4207 3202 4262 deilicam

52 4281 154 4342 lecte.
188 4290 329 4349 Fide;
355 4299 500 4354 enim
545 4315 670 4355 cum
705 4300 777 4355 sit
822 4316 1184 4372 argumentum
1233 4325 1334 4363 ηοη
1376 4281 1539 4380 αρρα-
1566 4372 1602 4380 ἰ
1638 4300 2067 4371 simplicitatem,
2096 4312 2260 4372 atque
2286 4302 2353 4357 ad
2382 4315 2460 4366 88,
2488 4310 2548 4355 Ill.
2579 4299 2660 4355 fas
2688 4310 2790 4369 εει,
2837 4301 3199 4365 attendentes,

52 4381 284 4464 nntium",
323 4401 405 4444 est
442 4391 635 4461 caligo
666 4392 768 4446 ista
816 4396 1046 4464 mystica
1095 4396 1153 4452 s.
1180 4398 1346 4456 paulo
1379 4372 1530 4457 eis,
1562 4372 1611 4431 D
1636 4409 1736 4464 pro
1764 4392 2027 4463 cujusque
2057 4394 2380 4464 capacitate,
2416 4392 2811 4462 simpliﬁcativa
2855 4406 2951 4446 sua
3001 4392 3205 4445 unione

54 4462 230 4556 ilionysio
267 4478 391 4533 adeo
422 4481 736 4544 celebrata,
781 4481 845 4535 de
875 4462 998 4549 qua
1037 4484 1160 4540 vide
1197 4501 1319 4556 cap.
1350 4488 1373 4542 1
1407 4499 1462 4544 et
1498 4489 1535 4543 2

54 4550 158 4649 iisti.
193 4564 350 4630 theol.,
377 4581 433 4624 et
462 4571 635 4640 epist.
662 4571 697 4625 5
727 4573 793 4625 ad
838 4572 1188 4643 Dorotheum,
1229 4550 1393 4649 atque
1432 4580 1535 4635 ibi-

54 4641 131 4697 dem
156 4664 329 4710 nostras
364 4661 777 4715 adnotationes.
809 4657 944 4729 Spes
990 4677 1119 4718 vero
1161 4641 1406 4722 cum-sit
1447 4682 1529 4722 re-

53 4749 129 4793 tum
159 4758 251 4810 qua:
293 4753 523 4807 necdum
582 4753 932 4820 possidentur
954 4755 1021 4820 ”,
1071 4759 1385 4814 earumdem
1432 4775 1532 4815 ex-

55 4836 297 4894 spectatione
349 4858 412 4897 ac
466 4844 752 4900 desiderio
815 4848 1051 4901 animum
1127 4848 1526 4916 quodammodo

56 4928 271 5009 silillendit,
295 4944 453 5004 atque
502 4937 583 4990 ita
622 4951 722 5006 per
756 4935 897 4990 illam
939 4937 1164 5007 mystica
1196 4937 1257 4992 ﬁt
1290 4954 1524 5009 suspen-

59 5008 119 5060 sio.
140 5014 343 5078 Charitas
372 5027 632 5098 denique,
664 5042 785 5082 cum
833 5026 905 5082 sit
949 5026 1206 5082 vinculum
1254 5008 1528 5098 perfectio.

58 5100 164 5192 fit”.
188 5125 285 5167 cum
315 5117 425 5186 ipso
454 5119 572 5173 Deo
601 5119 842 5174 animam
876 5118 1196 5175 felicissime
1224 5120 1524 5192 conjungit.

60 5189 103 5280 At:
132 5194 228 5255 fides
253 5207 451 5273 quidem
483 5208 845 5274 intellectum,
876 5225 998 5280 spes
1024 5209 1367 5276 memoriam,
1396 5189 1528 5266 cha-

1635 4483 1869 4555 subrigit
1919 4484 2278 4554 uniﬁcatque.
2331 4483 2571 4539 Dicimus
2617 4482 2801 4552 itaque
2840 4496 2963 4535 cum
3008 4482 3200 4536 eodem

1632 4586 1820 4635 saneto
1840 4578 2119 4649 Dionysio,
2145 4574 2627 4648 Dei-principalem
2659 4572 3069 4634 beatitudinem,
3104 4586 3203 4624 na-

1635 4680 1812 4725 turam
1854 4669 2177 4734 divinitatis,
2212 4668 2539 4739 principium
2576 4662 2962 4729 deiﬁcationis,
2990 4677 3059 4716 ex
3088 4678 3202 4729 quo

1632 4756 1919 4812 deiﬁcandi
1952 4757 2292 4826 deiﬁcantur,
2326 4756 2613 4827 mysticam
2656 4753 2983 4825 theologiam
3027 4753 3077 4805 in
3110 4767 3201 4805 sa-

1632 4846 1798 4901 lutem
1825 4854 1880 4901 et
1914 4846 2309 4901 deiﬁcationem
2338 4846 2616 4902 hominum
2648 4844 3009 4906 concessisse,
3034 4840 3201 4897 modo

1632 4935 1843 4992 scilicet
1881 4937 2055 5008 magis
2093 4937 2461 4993 immateriato
2486 4947 2541 4994 et
2567 4936 2906 5009 spiritaliori,
2949 4947 3054 4988 non
3099 4944 3200 4984 ex.-

1632 5029 1905 5084 trinsecus
1949 5030 2019 5085 ad
2062 5029 2245 5084 divina
2282 5029 2574 5097 movendo,
2609 5031 2704 5086 sed
2750 5022 3071 5096 intelligibili
3100 5038 3196 5077 ra-

1632 5117 1778 5173 tione
1830 5128 1995 5190 atque
2040 5120 2370 5176 intrinsecus
2409 5135 2544 5192 pura
2591 5120 2905 5190 liquidaque
2947 5115 3197 5169 illustrao

1631 5210 1782 5265 tione
1827 5210 2223 5267 divinissimam
2257 5211 2326 5267 iis
2354 5213 2687 5267 voluntatem
2718 5205 3048 5265 irradiando.
3078 5202 3195 5259 Hu-

60 5278 140 5337 ῖίιθε
174 5291 467 5354 voluntatem
513 5308 572 5354 et
614 5296 865 5354 alIectum
905 5278 1070 5371 supra
1102 5308 1359 5355 naturam
1400 5314 1523 5371 my-
1624 5298 1717 5371 jus
1743 5311 1923 5359 autem
1962 5302 2159 5359 divinae
2186 5302 2544 5359 beatitudinis
2570 5303 2785 5360 bonitas
2816 5301 3005 5356 eadem
3046 5309 3197 5351 sem-

102 5439 252 5519 “Sap.
278 5465 314 5517 l,
341 5454 393 5508 4.
468 5457 517 5490 ⁸⁸
562 5456 709 5513 Psal.
746 5473 910 5525 xxrtt,
934 5460 991 5525 ‘5,
1015 5457 1070 5512 4.
1146 5457 1193 5491 ⁸⁸
1226 5457 1417 5512 Matth.
1466 5470 1527 5528 v,

1727 5463 1895 5522 'lleb.
1930 5478 2004 5529 ιι,
2035 5463 2088 5517 1.
2159 5457 2207 5493 ⁸⁸
2236 5459 2394 5516 Rom.
2445 5477 2569 5529 Νι,
2597 5459 2687 5513 24.
2760 5457 2807 5491 ⁸⁸
2840 5457 2956 5514 Col.
2982 5470 3067 5520 Ill,
3095 5454 3192 5508 Η.

74 5598 289 5691 ,ηξξῖῌὶάε
317 5609 544 5671 (Eusres
602 5611 874 5682 complétes
921 5615 984 5674 de
1035 5616 1203 5673 sainte
1251 5609 1544 5691 Th6risc,t

1765 5615 2163 5677 Montis-Rubri
2202 5617 2363 5689 i852,
2420 5617 2601 5689 in-4',
2661 5631 2727 5674 ex
2769 5613 2911 5686 typis
2953 5608 3192 5670 cilicia:

64 5662 283 5735 uindice;
