3708 6288
522 203 591 259 99

1656 208 1712 265 s.
1756 207 2128 269 ntonxstus
2159 211 2616 274 annonem.
3673 238 3692 293 ι

518 336 619 391 per
659 328 715 375 et
760 320 953 376 eodem
992 320 1153 376 modo
1200 336 1260 379 se
1303 322 1510 380 habens
1536 318 1611 393 ὐς
1648 327 1925 385 benelicos
1965 330 2103 386 lucis
2130 337 2181 398 Α
2207 329 2520 388 lectualiter
2559 349 2619 389 se
2656 347 2989 405 componant
3026 340 3097 406 ”,
3143 348 3307 412 atque
3345 344 3692 418 divinoprim

516 428 630 471 sua:
675 414 858 468 radios
906 413 1120 469 cunctis
1170 414 1345 471 oculis
1396 419 1727 477 mentalibus
1777 422 2098 479 luculenter

514 505 795 575 expandit,
830 507 1077 575 adeoque
1106 507 1151 562 si
1185 520 1488 576 spontanea
1520 519 1703 567 mente
1740 515 2097 583 praeditoruzn

512 596 731 652 arbitrii
778 596 1011 652 libertas
1043 598 1288 667 spiritale
1333 601 1517 657 lumen
1550 603 1787 670 deserat,
1821 621 1851 659 a
1889 616 2090 661 natura

511 689 613 742 sibi
663 689 860 743 insitas
921 689 1025 745 luci
1080 693 1414 761 excipienda:
1464 694 1647 761 vires,
1697 711 1885 752 amore
1938 700 2093 768 parvi

508 779 869 850 przecludens,
904 784 1161 851 prtesenti
1193 785 1410 855 quidem
1443 786 1554 842 luci
1584 801 1641 843 se
1671 789 1945 858 subducit,
1979 793 2093 848 hazc

508 880 689 927 tamen
723 888 848 928 eam
900 876 1126 931 minime
1159 878 1427 944 destituit,
1468 884 1561 936 sed
1593 883 1676 937 vel
1708 885 2090 942 conniventem

504 962 808 1031 illuminat,
841 975 1006 1035 atque
1040 971 1318 1024 aversanti
1365 972 1600 1042 benigne
1629 988 1858 1043 prorsus
1893 991 2090 1032 occur-

501 1057 575 1110 rit
595 1056 663 1111 ".
709 1057 971 1128 Quisquis
1002 1060 1168 1132 igitur
1196 1066 1263 1118 ad
1296 1065 1522 1121 insitum
1553 1081 1582 1121 a
1614 1066 1726 1123 Deo
1757 1079 1971 1127 natura;
2002 1071 2085 1127 lu-

501 1162 626 1202 men
664 1152 990 1216 recurrerit,
1031 1154 1299 1224 principio
1340 1157 1558 1227 quidem
1598 1175 1722 1215 cum
1750 1161 1843 1216 Dei
1874 1163 2089 1231 adjuto-

500 1240 604 1305 rio,
641 1243 763 1311 quis
796 1244 1020 1300 tandem
1061 1245 1181 1316 ipse
1211 1250 1283 1304 sit
1321 1251 1547 1316 videbit,
1578 1254 1792 1323 hocque
1822 1255 1960 1312 lueis
1987 1273 2085 1313 ac-

498 1332 749 1390 cessione
780 1352 979 1393 munus
1009 1354 1228 1396 sacrum
1257 1346 1483 1399 referet.
1513 1344 1688 1401 Porro
1727 1348 1822 1419 qui
1856 1352 2082 1420 propria

496 1433 595 1475 sua
623 1422 888 1482 irreﬂexis
914 1429 1089 1485 oculis
1111 1432 1571 1501 consideraverit,
1604 1436 1822 1494 abditas
1856 1442 2079 1509 quidem

493 1516 858 1588 ignorationis
885 1536 999 1577 sua:
1025 1524 1283 1580 tenebras
1306 1526 1634 1595 eliminabit,
1662 1531 2081 1601 perfectissima:

492 1615 675 1664 tamen
705 1611 799 1666 Del
834 1613 1057 1670 unionis
1097 1625 1152 1670 et
1182 1618 1625 1687 participationis
1655 1623 1835 1679 adhuc
1859 1640 2073 1694 exsors,

490 1698 732 1765 ejusdem
768 1705 1043 1763 desiderio
1087 1718 1281 1778 sponte
1324 1726 1433 1765 non
1480 1711 1774 1781 allicietur,
1811 1718 1909 1772 sed
1942 1732 2074 1773 sen-

486 1792 589 1847 sim
637 1793 873 1862 primum
900 1813 929 1852 a
958 1801 1197 1870 propriis
1226 1801 1294 1857 ad
1324 1805 1563 1872 potiora,
1594 1817 1652 1861 et
1685 1822 1751 1861 ex
1784 1809 1851 1864 iis
1881 1811 1946 1866 ad
1978 1824 2075 1882 po-

485 1882 718 1951 tissima,
745 1903 846 1945 nec
874 1905 980 1945 non
1011 1893 1289 1961 perfectus
1321 1896 1540 1951 tandem
1569 1914 1667 1969 per
1693 1898 1786 1957 Dei
1813 1904 2069 1973 gratiam,

2202 423 2379 492 palem
2410 426 2824 484 similitudinem
2856 437 3382 502 supermundialiter
3405 449 3692 514 contempla

2202 521 2305 579 tes,
2336 514 2403 568 ad
2434 518 2681 573 eamdem
2708 522 2948 589 speciem
2979 539 3134 581 suam
3166 539 3436 585 conentur
3463 532 3692 593 eﬂ‘ormat

2196 603 2317 674 jure
2356 608 2557 663 merito
2588 609 2843 667 uberiore
2881 628 3099 685 quoque
3128 620 3370 685 gaudent
3400 621 3517 690 ejus
3550 630 3692 694 partit

2197 696 2440 765 patione,
2472 701 2619 770 quod
2651 702 2763 756 sint
2794 706 3018 770 assidui,
3052 723 3117 762 ac
3148 726 3370 778 semper
3402 716 3468 769 ad
3497 720 3692 775 anterio

2196 802 2468 857 nunquam
2513 791 2812 848 fatiscentis
2844 798 3049 852 amoris
3082 804 3435 859 contentione
3482 822 3541 861 se
3575 822 3691 866 extet

2193 878 2360 944 dant,
2405 892 2459 936 et
2499 885 2881 953 primordiales
2912 890 3301 952 illustrationes
3333 897 3687 959 itnmaterialit

2193 971 2508 1044 liquidoque
2534 981 2858 1049 suscipiant,
2894 994 3058 1054 atque
3086 987 3154 1040 ad
3186 991 3408 1046 easdem
3442 1008 3688 1063 compona

2190 1073 2299 1133 tur,
2351 1070 2632 1139 vitantque
2682 1087 2897 1131 omnem
2959 1078 3199 1136 habeant
3264 1085 3595 1153 spiritalem.
3638 1090 3692 1145 Pu

2188 1157 2459 1227 siquidem
2506 1165 2763 1219 censendi
2787 1165 2867 1233 ’⁸,
2918 1184 3025 1224 non
3073 1174 3229 1242 quasi
3266 1191 3296 1229 a
3348 1180 3578 1235 maculis
3622 1184 3692 1238 (ιυι

2190 1258 2338 1305 taxat
2366 1252 2595 1321 impuris
2623 1257 3133 1333 collttvionibusque
3159 1268 3269 1323 sint
3298 1269 3482 1335 liberi,
3506 1275 3587 1328 vel
3616 1292 3692 1347 qui

2187 1343 2556 1399 materialibus
2616 1347 2942 1419 imaginibus
2984 1357 3205 1413 minime
3259 1362 3607 1431 adhaereant,
3660 1384 3692 1422 Si

2183 1434 2326 1502 quod
2356 1437 2505 1492 omni
2536 1453 2596 1493 re
2626 1453 2811 1496 creata
2839 1444 3096 1502 celsiores
3112 1465 3225 1519 prae
3250 1467 3465 1507 summa
3496 1459 3691 1525 put-itat.

2183 1522 2267 1574 vel
2296 1525 2531 1582 maxime
2559 1530 2917 1588 deiformibus
2949 1536 3249 1595 virtutibus
3280 1544 3391 1596 sint
3430 1548 3692 1604 coordinat

2182 1617 2501 1688 ordinisque
2533 1622 2615 1675 sui
2654 1633 2858 1678 motum
2889 1629 3173 1699 propriam
3203 1636 3631 1709 :equabilemque
3656 1659 3692 1711 pi

2182 1721 2420 1762 amorem
2453 1711 2548 1766 Dei
2581 1724 2901 1771 constanter
2933 1727 3156 1777 teneant
3199 1724 3551 1797 invariatum,
3582 1748 3692 1803 neq:

2182 1796 2345 1852 ullam
2391 1800 2444 1854 in
2498 1802 2742 1860 deterius
2789 1807 3083 1865 admittant
3136 1813 3608 1888 imminutionem,
3651 1841 3692 1880 se

2179 1887 2568 1946 inconcussam
2615 1908 2835 1962 semper
2857 1910 2913 1954 et
2944 1902 3279 1962 immobilem
3316 1910 3597 1969 deil‘ormis
3638 1933 3691 1970 sui

483 1975 553 2027 ad
596 1976 1179 2052 divino—principalem
1254 1984 1551 2054 unionem,
1606 2003 1765 2046 sacro
1833 1995 2069 2062 quodam

480 2067 678 2123 ordine
728 2071 1016 2129 evehetur.
1042 2076 1139 2132 Sic
1170 2082 1352 2133 autem
1385 2078 1686 2136 adductum
1719 2083 1904 2139 divina
1937 2087 2068 2143 bea-

480 2158 660 2215 titudo
692 2162 760 2217 ad
798 2165 883 2219 sui
912 2167 1156 2224 admittit
1184 2173 1772 2243 communicationem,
1805 2182 2069 2249 propria:-

2174 1982 2528 2050 proprietatis
2567 1987 2753 2040 sedem
2795 1987 3062 2047 habeant.
3103 1994 3575 2070 Contetnplatores
3622 2006 3692 2061 itei

2174 2086 2280 2126 non
2326 2076 2479 2143 quasi
2528 2078 2934 2147 symbolarum,
2980 2099 3099 2154 qua:
3147 2104 3310 2145 sensu
3350 2094 3437 2148 vel
3482 2096 3692 2167 imagini

2172 2165 2321 2221 tione
2378 2170 2778 2239 percipiantur,
2831 2186 3201 2247 spectatores,
3250 2199 3430 2254 neque
3483 2165 3692 2245 varietal

476 2266 586 2321 que
618 2253 756 2311 lucis
808 2259 984 2314 instar
1016 2262 1162 2332 signi
1207 2261 1489 2332 cujusdam
1523 2266 1700 2339 ipsum
1732 2272 2062 2344 participat,

474 2341 591 2401 Deo
620 2347 870 2403 intimum
919 2351 1172 2422 reddens,
1205 2366 1369 2425 atque
1401 2369 1715 2416 consortem
1769 2379 2062 2421 munerum

473 2432 807 2493 divinorum.
838 2439 1028 2513 Neque
1052 2445 1197 2500 enim
1228 2447 1339 2502 vita
1365 2450 1520 2505 nobis
1550 2460 1635 2505 est
1670 2453 1757 2508 cui
1795 2455 1877 2510 vis
1906 2456 2058 2512 illata

471 2526 547 2582 sit
583 2526 668 2582 vel
716 2530 970 2601 imposita
1019 2539 1322 2593 necessitas
1365 2542 1443 2606 θ’,
1490 2558 1669 2627 neque
1718 2561 1850 2601 vero
1894 2549 2060 2605 etiam

470 2628 660 2674 eorum
688 2622 885 2690 quibus
917 2628 1234 2695 providetur
1263 2630 1545 2699 libertate,
1577 2622 1782 2691 divina:
1816 2634 2060 2696 illustra-

471 2706 636 2764 tionis
668 2726 697 2763 a
742 2711 1095 2775 Providentia
1145 2724 1421 2777 manantis
1456 2725 1595 2780 radii
1638 2729 2056 2800 obtunduntur;

467 2798 564 2852 sed
616 2791 904 2860 oculorum
966 2809 1286 2866 mentalium
1354 2813 1739 2872 dissimilitudo
1789 2813 1954 2885 facit,
2001 2834 2060 2878 ut

465 2892 754 2948 exundans
785 2905 1034 2965 paterna:
1060 2900 1323 2959 bonitatis
1357 2904 1678 2972 illustratio,
1706 2910 1794 2964 vel
1830 2915 2056 2970 omnino

2169 2256 2435 2314 duntaxat
2464 2276 2747 2319 sacrarum
2782 2265 3195 2339 Scripturarum
3229 2276 3297 2330 ad
3333 2278 3499 2334 Deum
3530 2283 3692 2337 elevat

2168 2356 2277 2415 tur,
2324 2353 2418 2407 sed
2449 2355 2599 2409 omni
2649 2360 2963 2428 cognitione
2994 2367 3228 2436 simplici
3278 2374 3490 2429 altioris
3526 2376 3692 2431 lumini

2165 2440 2469 2510 replentur,
2513 2455 2678 2516 atque
2729 2455 3195 2524 contemplatione
3243 2462 3393 2517 illitis
3433 2468 3691 2535 pulchritu

2164 2532 2327 2600 dinis,
2372 2552 2492 2606 quae
2534 2539 2779 2597 eil‘ectrix
2809 2556 2865 2601 et
2898 2550 3051 2619 origo
3099 2556 3278 2610 omnis
3314 2560 3692 2627 pulchritudini

2162 2632 2370 2701 existit,
2410 2650 2639 2709 qumque
2672 2655 2837 2712 supra
2871 2646 3235 2703 substantiam
3277 2664 3361 2706 est
3392 2662 3443 2707 et
3475 2655 3527 2709 in
3566 2655 3692 2711 Trini

2160 2728 2275 2781 tate
2321 2730 2771 2797 suprasplendet,
2807 2748 3072 2804 quantum
3118 2741 3327 2798 homini
3365 2743 3449 2800 fas
3484 2757 3569 2802 est
3610 2754 3691 2805 reti

2159 2816 2399 2875 ciuntur.
2441 2821 2852 2882 Communionis
2888 2844 3103 2901 quoque
3150 2832 3277 2889 Jesu
3323 2839 3577 2896 similiter
3613 2860 3692 2913 par

2161 2910 2351 2981 ticipes
2388 2913 2544 2982 fiunt,
2574 2932 2681 2971 non
2709 2922 2867 2988 quasi
2903 2923 2954 2976 in
2991 2924 3315 2997 imaginibus
3348 2945 3537 2989 sancte
3567 2910 3692 2991 iniu:

462 2994 616 3035 cassa
646 2986 738 3049 sit,
767 2997 821 3042 et
852 3001 1077 3060 propter
1103 3008 1295 3050 eorum
1333 3002 1758 3068 repugnantiam
1807 3002 2047 3075 inutilis,
2080 3028 2129 3091 ε
2160 3007 2345 3073 matis,
2380 3021 2500 3076 qua:
2536 3009 2705 3064 veluti
2753 3012 2945 3070 formae
2978 3017 3031 3070 in
3080 3019 3213 3089 ipsis
3249 3023 3500 3081 deificam
3545 3030 3690 3084 simili

461 3073 548 3127 vel
576 3074 694 3144 ejus
725 3081 1180 3154 participationes
1223 3090 1465 3145 existant
1499 3094 1824 3165 inaequales,
1866 3115 2049 3169 parvae
2082 3073 2129 3091 ν
2156 3098 2400 3152 tudinem
2431 3101 2769 3169 exprimant,
2804 3106 2899 3160 sed
2937 3116 3197 3179 tanquam
3226 3131 3354 3173 vere
3381 3119 3448 3173 ad
3486 3134 3608 3174 eum
3638 3138 3691 3192 ap

461 3164 542 3192 ιιι-Ι
592 3182 798 3192 ..κ-,...ι....
873 3173 916 3192 ,ι
943 3189 961 3192 _
981 3190 992 3192 μ
1238 3178 1251 3192 α
1341 3180 1352 3192 ι
1917 3190 1924 3192 Α
2291 3188 2303 3192 -

2507 3164 2520 3169 -
2756 3164 2765 3169 -
3050 3164 3064 3179 ,
3238 3164 3353 3173 -_--
3381 3164 3448 3173 η.
3488 3164 3608 3174 η...
3638 3164 3691 3192 η,

458 3164 545 3218 τοι
590 3182 822 3238 magnae,
867 3173 1121 3231 obscurae
1167 3178 1255 3234 vel
1306 3180 1489 3250 clarae,
1532 3164 1658 3241 cum
1691 3204 1833 3244 unus
1882 3190 1955 3244 sit
1995 3198 2050 3246 et
2150 3188 2615 3257 propinquantes,
2660 3192 2715 3246 in
2760 3193 2876 3263 ipsa
2932 3200 3107 3266 prima
3172 3206 3593 3278 participatione
3633 3229 3692 3266 con

461 3256 676 3278 -2__._l__
862 3265 872 3278 ι
1222 3274 1232 3278 -
1807 3272 1810 3275 λ

457 3256 723 3329 simplex,
771 3265 1075 3337 eodemque
1108 3274 1271 3327 modo
1314 3290 1534 3347 semper
1580 3295 1638 3335 se
1678 3272 1879 3338 habeat
1921 3282 2044 3339 fon-
2149 3280 2410 3350 Bllilionis
2468 3282 2636 3338 ιυιηῖη

2372 3256 2375 3257 ν
2779 3256 2797 3263 ,
2932 3256 2951 3266 ,
3172 3256 3189 3274 ,
3215 3256 3593 3278 ηπτηηην
3634 3256 3683 3266 η

2187 3280 2410 3335 nitionis
2468 3282 2731 3339 luminum
2793 3286 2912 3355 ejus
2968 3292 3320 3363 deiﬁcorum,
3368 3302 3511 3370 quod
3564 3303 3692 3358 Deun

457 3350 581 3409 talis
610 3352 701 3410 ille
733 3359 947 3430 radius,
979 3365 1069 3432 qui
1097 3364 1305 3435 jugiier
1335 3379 1423 3424 est
1450 3386 1756 3442 “pansus,
2146 3372 2397 3428 imitandi
2429 3378 2568 3433 ratio
2598 3380 2991 3441 sublimissimo
3023 3387 3157 3456 ipsis
3190 3390 3350 3445 modo
3394 3393 3465 3448 sit
3495 3393 3685 3449 indulta

2143 3463 2281 3519 etin
2315 3466 2606 3537 pritttmva,
2643 3484 2909 3543 quantum
2946 3478 3164 3547 quidem
3198 3479 3282 3535 las
3320 3491 3425 3550 est,
3459 3487 3691 3554 potentia

2143 3503 2200 3519 ν.
2228 3503 2281 3518 ..ι
2315 3503 2606 3537 γιιιηαονα,
2643 3503 2909 3543 quantum
2946 3503 3164 3547 qutucttt
3198 3503 3282 3535 tas
3320 3503 3425 3550 BSt,
3459 3503 3691 3554 pOtenltai

1065 3503 1428 3633 (iAPUTdV.
1566 3626 1577 3641 .
2142 3558 2341 3616 divinis
2372 3562 2488 3632 ejus
2539 3566 2905 3641 humanisque
2952 3575 3252 3633 virtutibus
3292 3584 3691 3638 communicent

765 3609 899 3677 Quis
924 3614 990 3669 sit
1018 3616 1141 3685 ﬁnis
1168 3622 1406 3691 mystica;
1437 3625 1730 3699 theologica.

2140 3652 2407 3710 Similiter
2437 3657 2665 3725 perfecti
2700 3672 2846 3731 sunt,
2878 3681 2985 3720 non
3019 3671 3176 3737 quasi
3206 3671 3504 3729 varietates
3534 3690 3692 3730 sacras

2437 3715 2454 3725 _
3028 3715 3176 3737 τη-.
3218 3715 3504 3729 .-..-........
3534 3715 3692 3730 suo...

522 3715 714 3776 Omnis
740 3736 907 3792 porro
943 3730 1189 3800 mysticae
1232 3735 1520 3808 theologiae
1563 3755 1764 3812 scopus
1793 3754 1876 3803 est
1903 3764 2033 3823 erga
2136 3751 2442 3813 resolvendi
2487 3759 2714 3816 scientia
2760 3764 2872 3819 sint
2923 3767 3218 3836 illustrati,
3268 3774 3365 3827 sed
3412 3777 3558 3843 quod
3606 3776 3692 3844 prii

522 3824 621 3844 illm
653 3820 704 3844 nl
748 3828 833 3844 una
871 3817 1080 3844 .1ε..τ..,.-
1113 3825 1254 3844 --...9
1302 3841 1357 3844 Α,
1415 3828 1472 3844 ιιι
1547 3830 1581 3844 ,ο
1642 3830 1687 3844 ..ι
1915 3842 1924 3844 -

449 3804 623 3863 Deum
653 3820 710 3866 et
747 3828 835 3869 res
869 3817 1082 3877 divinas
1109 3825 1367 3881 continua
1400 3804 1619 3887 dilectio
1642 3804 1710 3901 ’3,
1744 3852 1863 3906 qua:
1897 3804 2033 3897 divi-

2135 3844 2309 3900 maria
2361 3856 2417 3901 et
2456 3853 2806 3919 pratccllente
2840 3858 2937 3913 Dei
2991 3861 3200 3916 unione
3241 3866 3535 3931 satientur,
3564 3868 3692 3938 juxta

445 3897 597 3955 nitus
624 3902 909 3976 inseritur,
939 3919 995 3966 et
1026 3927 1128 3983 per
1155 3915 1274 3986 ejus
1300 3918 1557 3976 unionem
1592 3938 2027 4000 consummatur,

2132 3946 2441 4004 supremam
2473 3940 2658 4011 illam,
2704 3945 2861 4016 cujus
2892 3964 3124 4019 capaces
3151 3963 3280 4008 sunt
3308 3956 3593 4024 mortales,
3634 3958 3692 4010 di.

2012 3997 2022 4000 _
2198 3997 2217 4004 _
2643 3997 2658 4011 ,
2715 3997 2859 4016 ην-
2897 3997 3123 4019 ηρ---
3151 3997 3280 4008 --.η
3308 3997 3593 4024 ....,.........,
3635 3997 3677 4010 υ.

444 4005 677 4063 quaeque
708 3997 812 4054 hac
843 4002 996 4078 prior
1025 4014 1130 4074 est,
1159 4007 1240 4063 illi
1270 4010 1685 4072 adversantium
1716 4024 2027 4081 omnimoda
2130 4027 2245 4082 vini
2285 4031 2493 4088 amoris
2522 4033 2893 4105 inﬂuentiam;
2931 4042 3201 4110 siquidem
3232 4044 3302 4099 ab
3350 4045 3588 4116 ipsamet
3633 4046 3692 4100 di«

444 4090 493 4116 nl
545 4085 936 4116 humum-utan-
982 4094 1096 4116 ιαμ
1129 4114 1136 4116 ,
1205 4115 1214 4116 ,
1337 4102 1395 4116 ._.
1468 4104 1501 4116 ,ι
1546 4106 1558 4116 .
1710 4110 1730 4116 -
1820 4112 1830 4116 _

441 4090 499 4135 et
545 4085 939 4149 irrevertibilis
980 4094 1141 4169 luga;
1192 4102 1434 4171 cognitio
1466 4104 1560 4161 Dei
1602 4110 2024 4182 perfectissima,

2128 4120 2353 4178 vinilate
2384 4128 2557 4184 sacris
2606 4132 2863 4199 mysticis
2910 4134 3224 4204 initiantur,
3267 4138 3396 4192 dum
3442 4140 3510 4195 ad
3543 4141 3692 4195 Deum

2011 4178 2020 4182 -
2606 4178 2862 4199 Ἵνα.-
2910 4178 3224 4204 ..............,
3267 4178 3396 4192 .......
3442 4178 3510 4195 ι...
3543 4178 3692 4195 νυν...

439 4183 499 4227 ει
544 4178 809 4249 Simplicis
862 4185 1225 4254 perfectionis
1281 4192 1399 4262 ejus
1444 4196 1628 4254 divina
1676 4205 2026 4278 participatio
2126 4227 2224 4281 per
2246 4214 2594 4275 dilectionem
2622 4223 3006 4295 subriguntur,
3036 4242 3138 4282 nec
3171 4243 3279 4283 non
3313 4230 3367 4283 in
3401 4245 3469 4286 eo
3500 4246 3692 4286 summa

440 4263 735 4295 Auﬁda"..-
792 4287 901 4295 ---Δ
941 4291 1015 4295 --Α
1080 4294 1086 4295 ,
1194 4280 1233 4295 ἢ
1278 4283 1290 4295 .
1452 4294 1455 4295 ,
1600 4289 1613 4295 -

1676 4263 1695 4272 _
1875 4263 1894 4278 ,
2127 4263 2213 4281 τ--
2251 4263 2594 4275 ---νη-νην...
2622 4263 3006 4295 νυνι-δυιιιυι,
3037 4263 3138 4282 nu.
3171 4263 3279 4283 ιιυιι
3313 4263 3367 4283 ιιι
3401 4263 3469 4286 cu
3500 4263 3692 4286 auututa

438 4263 762 4338 Γιύίιίοιιιιθ.
788 4287 908 4343 quae
934 4291 1152 4334 omnem
1193 4280 1291 4338 Dei
1336 4289 1834 4359 contemplatorem
1861 4298 2024 4367 spiri-
2125 4304 2361 4372 puritate
2402 4323 2729 4384 summaque
2765 4319 3080 4374 constantia
3128 4321 3511 4389 stabiliuntur,
3543 4334 3692 4394 atque

439 4354 533 4394 Iuli
590 4361 751 4394 nuuln
806 4366 978 4394 νηηηει
1038 4370 1357 4394 -1..m--.____
1436 4377 1474 4394 η
1697 4383 1708 4394 .
1820 4386 1833 4394 .
1893 4388 1905 4394 -
2052 4385 2088 4394 .-

439 4354 534 4409 tali
588 4361 752 4416 modo
804 4366 983 4423 reiicit
1034 4370 1386 4444 deiﬁcatque.
1434 4354 1578 4434 Cum
1624 4383 1768 4439 enim
1819 4354 2020 4445 habeat
2052 4385 2095 4439 D

435 4446 609 4505 Deum
640 4454 818 4512 omnis
863 4473 1039 4517 sacrae
1074 4479 1188 4519 suae
1218 4482 1437 4524 arcanae
1465 4486 1588 4527 cum
1618 4475 1865 4533 scientiae
1904 4488 2013 4535 tum

433 4543 770 4608 operationis
802 4548 963 4607 tinem
986 4554 1056 4624 9‘,
1085 4557 1155 4612 ad
1188 4558 1593 4620 divinissimum
1621 4568 1738 4639 ejus
1762 4571 2012 4628 decorem

431 4642 752 4693 constanter
789 4639 1074 4715 intuendo,
1118 4651 1373 4706 eumdem
1406 4657 1586 4724 quoad
1617 4668 1798 4727 potest
1827 4667 2011 4732 expri-

428 4723 550 4788 mit,
578 4739 679 4780 nec
710 4742 818 4783 non
849 4732 1069 4791 divinos
1098 4738 1183 4793 sui
1230 4723 1538 4810 consortes,
1568 4760 1726 4800 sacra
1763 4752 2010 4817 quatdam

427 4815 641 4881 perlicit
671 4819 964 4881 simulacra
994 4831 1326 4904 speculaque
1372 4836 1678 4894 clarissima
1719 4851 1773 4897 et
1816 4842 2010 4898 imma-

427 4906 632 4977 culata,
675 4927 798 4983 quae
841 4920 1136 4988 primitivte
1181 4926 1350 4995 lucis,
1402 4944 1740 5004 summaeque
1787 4937 2008 4995 deitatis

425 4998 635 5056 radium
686 5008 986 5077 excipiant,
1020 5024 1076 5069 et
1122 5016 1176 5070 in
1211 5017 1382 5074 Deum
1417 5022 1604 5091 ipsum
1652 5041 1684 5081 a
1724 5042 1831 5094 quo
1876 5045 2003 5099 pro-

422 5089 608 5159 ﬂuxit,
653 5098 1025 5162 sincerissime
1063 5108 1370 5167 reﬂectant.
1418 5089 1557 5173 liinc
1591 5121 1809 5190 mystici
1850 5124 2004 5178 theo-

422 5180 529 5252 IOgi
575 5188 835 5255 primario
882 5198 1368 5274 multipliciterque
1416 5208 1582 5264 Deum
1629 5180 2000 5283 participant,

420 5282 478 5327 ct
519 5279 923 5342 sublimissimis
960 5305 1023 5344 ac
1059 5293 1243 5350 multis
1274 5298 1447 5354 modis
1489 5316 1754 5358 arcanum
1786 5305 1879 5360 Dei
1908 5322 2002 5362 co-

419 5379 707 5433 gnoscunt.
754 5375 890 5433 Cum
935 5383 1083 5438 enim
1126 5388 1194 5443 ad
1246 5387 1569 5451 imitandum
1616 5394 1791 5452 Deum
1837 5399 2001 5454 intel-

420 5565 468 5597 ⁹⁰
504 5564 647 5655 Ιῖὲξι.
700 5578 837 5655 (tier.
863 5599 983 5655 cap.
1017 5587 1069 5642 1.

414 5654 533 5711 cup.
568 5645 622 5697 5.
700 5648 746 5681 ³⁸
785 5645 953 5723 Mitt,
984 5672 1103 5728 cap.

1148 5588 1191 5686 ξί
1218 5593 1558 5686 genia/tier.
1584 5608 1707 5686 cap.
1738 5604 1834 5686 9..__
1874 5603 1920 5686 ’,ξ
1959 5598 2111 5686 “(tein
2156 5606 2287 5666 hier.
2321 5630 2439 5686 cap.
2467 5618 2520 5673 9.
2598 5622 2645 5654 ’³

1133 5661 1187 5717 4.
1218 5665 1264 5697 ⁸⁸
1298 5666 1464 5737 ιωα..
1498 5686 1618 5744 cap.
1653 5661 1712 5733 '7.
1772 5678 1834 5754 f7
1874 5674 1949 5730 De
2000 5671 2172 5737 divin.
2587 5692 2638 5747 7.

2124 4401 2636 4465 supernaturalibus
2661 4405 2972 4463 divinorum
3005 4424 3230 4480 operum
3276 4413 3607 4483 rationibus,
3636 4416 3692 4468 ab

2122 4484 2353 4555 ipsomet
2397 4492 2584 4550 divino
2646 4497 2954 4569 principatu
3005 4501 3366 4569 Θεοδιδάκτοις
3410 4524 3691 4577 μυσταγω-

2119 4576 2268 4644 γίαις
2296 4580 2646 4644 erudiuntur.
2680 4586 2838 4644 Unde
2871 4588 2953 4656 fit,
2999 4600 3058 4645 ut
3083 4594 3295 4664 mystici
3328 4576 3568 4667 theologi
3606 4576 3690 4652 ire-

2117 4670 2368 4728 conditos
2417 4691 2666 4748 quosque
2724 4679 3026 4752 Scriptura:
3096 4700 3291 4741 sensus
3335 4697 3392 4741 et
3438 4690 3689 4745 scientias

2115 4763 2341 4828 quasvis
2392 4770 2677 4826 naturales
2722 4771 2883 4844 longe
2924 4773 3085 4829 aliter
3118 4791 3281 4845 quam
3331 4779 3425 4834 alii
3474 4781 3687 4853 (quippe

2116 4860 2628 4933 supernaturaliter)
2655 4865 2959 4935 intelligant
2983 4879 3401 4939 penetrentque,
3430 4887 3555 4929 cum
3586 4891 3683 4929 non

2116 4943 2320 5001 dividui
2355 4959 2447 5004 aut
2481 4968 2511 5007 e
2539 4954 2800 5024 dividuis,
2832 4960 2914 5014 vel
2947 4964 3222 5030 sensibus,
3255 4964 3339 5019 vel
3381 4967 3680 5023 rationibus

2112 5035 2501 5098 ratiocinando
2542 5046 2799 5117 colligant
2822 5052 3130 5121 scientiam,
3155 5057 3249 5110 sed
3277 5057 3347 5112 ab
3378 5060 3531 5115 omni
3571 5075 3679 5117 ma-

2112 5125 2286 5182 teriali
2319 5146 2383 5187 ac
2429 5138 2677 5193 sensibili
2722 5140 3035 5209 pluralitate
3066 5148 3220 5215 puri,
3256 5164 3285 5202 a
3317 5152 3551 5206 materia
3596 5167 3679 5206 se-

2108 5226 2261 5273 creto
2298 5231 2462 5293 atque
2513 5228 2771 5285 uniformi
2824 5236 2984 5289 modo
3033 5239 3266 5306 spiritali
3314 5255 3379 5296 ea
3424 5244 3675 5313 capiant,

2104 5323 2447 5385 quaecunque
2473 5320 2559 5372 vel
2606 5323 2657 5374 in
2688 5323 2889 5380 divinis
2919 5329 3005 5382 vel
3040 5331 3093 5384 in
3137 5332 3393 5389 humanis
3432 5339 3674 5395 scientiis

2102 5400 2333 5476 intelligi
2367 5422 2618 5479 possunt.
2653 5415 2747 5471 Est
2775 5419 2919 5473 enim
2961 5422 3071 5478 illis
3113 5426 3194 5479 vis
3217 5427 3260 5458 ⁹⁷
3283 5430 3539 5498 quaedam
3569 5432 3675 5501 spi-

2683 5617 2824 5676 Eccl.
2851 5624 2983 5681 Itier.
3023 5643 3144 5699 cap.
3176 5630 3224 5688 l.
3302 5639 3349 5669 “
3379 5636 3511 5696 Cir-1.
3547 5643 3671 5697 lii".
