3748 6304
43 250 117 305 liii
673 196 683 207 .
1355 239 1894 298 PROLEGOMENA.

43 354 192 416 ritalis
215 366 375 427 atque
404 356 653 429 operatio
679 355 1015 425 impcrmista
1041 368 1206 425 atque
1239 355 1583 412 immaculata

44 456 250 521 puritate
282 452 660 523 resplendens,
685 461 739 505 et
762 450 1059 518 conspicax
1088 450 1397 504 divinarum
1431 450 1588 505 intel—
1619 414 1662 473 Α

42 542 380 613 .igcntiarum,
405 556 528 612 quae
558 556 658 611 per
681 539 969 595 divisionis
998 554 1061 593 ac
1103 540 1347 594 materiae
1388 553 1588 594 caren-

42 638 172 701 Liam,
201 633 454 690 deiiormi
490 634 702 688 unitate
738 633 806 685 ad
836 631 1076 685 divinam
1102 640 1160 686 et
1190 631 1473 701 plusquam
1502 647 1590 686 sa-

42 731 245 797 pientem
282 733 527 780 mentem
553 739 620 779 ac
646 723 919 779 rationem
953 722 1216 779 divinitus
1247 722 1587 779 etiormatur.

41 822 153 875 Hinc
193 818 406 889 mystici
442 816 679 885 theologi
724 817 829 871 hoc
874 831 1093 885 quoque
1127 831 1345 871 sacrum
1393 833 1591 874 munus

39 916 275 980 referunt,
300 920 359 965 ut
383 913 531 981 quod
554 911 860 965 divinorum
904 908 1149 964 omnium
1182 909 1586 966 divinissimum

39 1017 135 1073 cst,
170 1006 223 1060 in
265 1006 444 1060 salute
484 1018 549 1059 ac
587 1003 930 1074 perfectione
964 1002 1345 1073 proximorum
1388 1019 1593 1075 procu-

40 1099 206 1161 randa,
235 1097 422 1152 divino
454 1110 680 1167 prorsus
724 1106 777 1151 et
823 1094 1175 1151 eminentiori
1225 1111 1339 1165 pra:
1380 1098 1593 1153 caeteris

38 1192 177 1244 modo
203 1190 485 1258 ipsiusmet
511 1189 609 1243 Dei
636 1198 1022 1257 cooperatores
1046 1187 1315 1253 existant;
1350 1202 1453 1243 non
1482 1204 1597 1243 om-

38 1282 149 1337 nino
176 1282 365 1336 dissita
401 1282 471 1336 ab
500 1283 695 1337 ordine
730 1281 947 1337 caelesti
990 1280 1361 1336 insinuatione
1392 1284 1445 1336 in
1478 1283 1597 1335 ani-

38 1392 138 1431 mos
166 1376 451 1431 hominum
486 1376 786 1442 inﬂuemln,
823 1385 879 1431 et
933 1390 961 1428 a
1003 1376 1287 1445 quibusvis
1324 1376 1471 1430 vitiis
1514 1384 1599 1431 at-

38 1483 126 1537 que
154 1468 663 1539 imperfectionibus
708 1472 775 1527 ad
818 1486 1034 1527 omnem
1075 1472 1333 1527 virtutem
1377 1479 1434 1527 et
1473 1471 1599 1527 vitae

37 1562 365 1618 sanctitatem
402 1563 761 1619 traducendo.

3170 234 3277 292 102

1692 353 2000 410 adhibenda
2051 360 2137 410 est
2178 350 2323 421 jugis
2374 350 2759 419 mortiﬁcatio,
2809 360 2869 406 ut
2909 354 3033 420 quis
3084 366 3279 407 exsors

1700 448 1792 501 fiat
1838 456 1894 502 et
1935 460 2132 515 expers
2178 444 2420 498 omnium
2480 444 2874 499 uniformitatis
2920 445 3273 500 divisionum.

1690 539 1988 608 Propterea
2038 537 2137 592 viri
2182 536 2376 601 sancti,
2422 537 2730 592 divinorum
2778 537 3165 592 communione
3195 540 3279 590 di-

1691 632 1863 699 gnati,
1902 630 2027 684 dum
2060 643 2159 699 pro
2183 643 2438 683 mensura
2473 630 2661 697 gratia:
2697 628 2895 683 divina:
2938 630 3044 684 sibi
3069 631 3284 685 collata:

1693 725 1760 779 ad
1792 724 2181 779 deiformitatis
2226 732 2283 777 et
2319 722 2564 794 mysticae
2586 723 2810 777 unionis
2840 723 3124 794 fastigium
3154 739 3283 793 per-

1695 812 2012 869 fectissimis
2040 815 2463 884 perfectivisque
2489 812 2922 869 deiﬁcationibus
2948 816 3285 877 evehuntur,

1695 920 1760 961 ea
1806 921 1928 975 qua:
1958 907 2144 961 carnis
2193 914 2322 960 sunt
2378 907 2601 961 minime
2637 914 2836 960 curant
2889 909 3029 961 citra
3078 916 3290 962 natura:

1698 1000 2107 1063 necessitatem,
2137 1000 2318 1068 idque,
2357 1008 2518 1068 prout
2561 1014 2691 1054 usus
2716 998 2839 1065 fert,
2877 1000 3091 1066 obiter;
3125 1011 3290 1071 atque

1697 1092 1802 1147 hoc
1830 1093 1990 1145 modo
2020 1092 2183 1145 etiam
2236 1106 2462 1159 corpora
2510 1090 2724 1144 illorum
2774 1106 2872 1160 per
2913 1091 3290 1145 mortiﬁcatio—

1699 1198 1823 1236 nem
1854 1182 2251 1251 quodammodo
2276 1182 2691 1253 Spiritualizata,
2718 1183 2771 1237 in
2799 1184 3024 1253 mystica
3056 1183 3290 1237 deiﬁcaa

1701 1276 1847 1329 tione
1880 1273 2140 1343 templum
2172 1273 2307 1327 iiunt
2350 1273 2587 1343 Spiritus
2632 1273 3192 1343 divino-principalis,
3234 1273 3292 1328 in

1700 1382 1807 1437 quo
1836 1366 2017 1422 simile
2049 1367 2101 1421 in
2135 1366 2295 1421 simili
2329 1367 2590 1422 fundatur
2616 1382 2683 1421 ac
2714 1367 3043 1423 collocatur.

2321 1478 2551 1536 CAPUT
2593 1478 2681 1535 Vl.

1704 1571 1824 1637 Qua
1849 1572 2058 1625 ratione
2082 1571 2150 1624 ad
2174 1573 2450 1642 mysticam
2475 1571 2795 1641 theologiam
2825 1572 3179 1626 accedendum
3206 1573 3295 1629 sit.

637 1696 866 1757 CAPUT
904 1695 971 1759 ν.

68 1812 307 1876 ρυίτηιυη
336 1812 796 1884 prazrequirantur
820 1813 888 1866 ad
922 1814 1197 1883 mysticam
1223 1813 1561 1884 theologiam.

96 1926 168 1979 Ad
200 1927 342 1980 hanc
376 1925 703 1997 theologiam
736 1924 783 1957 ⁵⁸
826 1928 1149 1995 cumprimis
1193 1928 1609 1998 praerequiritur

37 2027 191 2073 status
242 2019 468 2088 quidam
513 2019 952 2089 supernaturalis
996 2020 1098 2089 ipsi
1136 2020 1607 2090 proportionatus,

37 2112 112 2179 qui
141 2126 261 2165 cum
294 2111 369 2165 sit
419 2111 578 2181 quasi
631 2111 879 2179 quaedam
912 2113 1085 2166 altera
1120 2114 1374 2167 nativitas
1399 2114 1604 2180 divina,

40 2218 293 2273 nunquam
342 2218 477 2259 sane
528 2203 881 2270 intellexerit,
932 2206 1131 2259 nedum
1178 2208 1412 2275 gesserit
1453 2210 1612 2277 quid-

38 2297 163 2364 piam
213 2297 517 2352 secundum
570 2297 856 2368 mysticam
905 2297 1259 2368 theologiam,
1292 2299 1379 2354 cui
1406 2315 1472 2355 ne
1495 2302 1612 2371 ipse

39 2388 236 2454 quidem
268 2396 449 2442 status
483 2388 573 2441 hic
615 2387 876 2444 divinitus
922 2387 1139 2445 afflatus
1187 2391 1281 2446 sit.
1310 2391 1525 2447 Etenim
1556 2403 1613 2448 et

41 2480 181 2534 nobis
208 2481 475 2547 (humano
511 2479 766 2549 loquendi
820 2482 1001 2553 modo)
1037 2484 1328 2540 existentia
1375 2488 1608 2555 primum

42 2588 160 2641 opus
184 2584 293 2638 est,
327 2584 391 2627 ut
419 2572 679 2642 deinceps
720 2590 842 2643 quae
880 2576 1051 2629 nostri
1083 2576 1183 2631 fori
1224 2587 1370 2643 sunt,
1404 2590 1611 2635 tracte-

42 2666 164 2733 mus',
200 2683 324 2722 cum
353 2667 407 2720 id
438 2668 582 2735 quod
632 2667 783 2721 nullo
832 2668 993 2723 modo
1041 2669 1247 2735 existit,
1282 2686 1456 2739 neque
1492 2689 1611 2727 mo-

43 2760 221 2813 tionem
272 2776 454 2831 neque
503 2760 866 2815 substantiam
914 2762 1138 2816 omnino
1188 2762 1422 2829 habeat;
1470 2766 1613 2835 quod

44 2861 205 2907 autem
257 2870 480 2925 quoquo
532 2871 692 2925 paeto
742 2866 844 2922 est,
899 2870 963 2908 ea
1019 2858 1234 2909 demum
1286 2865 1341 2911 et
1392 2868 1513 2928 agat
1544 2868 1614 2912 'ct

1774 1666 2081 1722 Ubstacuiis
2141 1675 2195 1721 et
2249 1666 2651 1737 impedimentis
2705 1680 2801 1737 per
2866 1666 3299 1723 mortiﬁcationis

1630 1767 1674 1823 Β
1702 1760 2024 1815 exercitium
2062 1760 2315 1826 sublatis,
2363 1759 2728 1813 adhibendum
2768 1768 2850 1814 est
2872 1760 3037 1815 etiam
3062 1760 3300 1815 studium

1709 1852 1995 1917 orationis,
2033 1851 2283 1920 exemplo
2325 1851 2567 1921 Dionysii
2602 1852 2883 1922 mysticam
2914 1852 3241 1921 theologiam
3267 1866 3299 1907 a

1711 1945 2068 2001 sanctissimae
2146 1945 2432 1999 Trinitatis
2513 1945 2860 2000 invocatione
2938 1947 3299 2014 auspicanlis.

1712 2035 1941 2107 Oportet
1970 2037 2136 2107 igitur
2163 2050 2262 2090 nos
2290 2036 2525 2106 primum
2564 2037 2911 2091 orationibus
2942 2038 3010 2091 ad
3058 2036 3227 2091 Deum
3257 2036 3301 2103 ⁸,

1714 2140 1969 2201 tanquam
2001 2132 2068 2185 ad
2108 2129 2349 2201 mystica:
2392 2128 2671 2200 theologice
2722 2130 3046 2200 principium
3081 2130 3300 2198 adduci,

1714 2239 1777 2279 ac
1808 2225 2002 2281 deinde
2029 2226 2205 2297 magis
2228 2226 2324 2295 ipsi
2354 2226 2807 2295 propinquantes,
2847 2225 3067 2280 edoceri
3095 2228 3304 2294 optima

1714 2332 1943 2388 quaeque
1976 2332 2224 2381 munera,
2261 2333 2379 2388 qua:
2428 2331 2593 2387 penes
2630 2315 2805 2385 ipsum
2847 2325 2976 2371 sunt
3017 2316 3303 2371 collocata.

1715 2409 1851 2465 Nam
1885 2410 1999 2480 ipse
2026 2410 2245 2482 quidem
2282 2426 2525 2481 prmsens
2561 2412 2717 2465 adest
2758 2411 3036 2477 omnibus,
3068 2423 3171 2463 non
3205 2424 3307 2462 au-

1717 2512 1823 2559 tem
1858 2503 1929 2557 illi
1957 2506 2157 2559 adsunt
2197 2505 2421 2570 omnia;
2450 2506 2545 2559 sed
2572 2520 2695 2559 cum
2727 2517 2848 2559 eum
2879 2506 3085 2559 sanctis
3113 2517 3309 2572 preca-

1717 2598 1977 2662 tionibus,
2022 2606 2075 2652 et
2111 2607 2293 2653 mente
2324 2597 2641 2666 tranquilla,
2669 2605 2723 2651 et
2769 2596 2834 2651 ad
2878 2596 3113 2651 divinam
3146 2596 3310 2650 unio-

1715 2704 1840 2744 nem
1889 2690 2305 2745 accommodata
2350 2688 2728 2758 deprecamur,
2784 2696 2895 2741 tum
2944 2685 3162 2741 demum
3207 2700 3311 2743 nos

1716 2784 1880 2838 etiam
1921 2784 1970 2837 ei
2003 2791 2303 2853 praesentes
2354 2794 2565 2838 smnus.
2619 2780 2737 2850 Ipse
2786 2780 2931 2837 enim
2976 2794 3077 2833 nec
3110 2779 3163 2832 in
3193 2777 3314 2833 loco

1718 2874 1790 2929 ita
1828 2882 1992 2929 estut
2029 2887 2255 2942 usquam
2299 2871 2461 2934 absit,
2498 2869 2580 2923 vel
2607 2884 2673 2924 ex
2704 2868 2827 2922 aliis
2858 2869 2923 2921 ad
2953 2868 3056 2922 alia
3089 2867 3311 2937 migret.

45 2944 281 3009 patiatur,
314 2962 436 3015 qua!
489 2956 695 3000 natura!
738 2955 1024 3015 statusque
1073 2955 1200 2999 sunt
1230 2947 1334 3002 ευὶ.
1373 2946 1614 3003 Dicimus
1716 2962 1856 3031 Qui"
1890 2963 1999 3017 imo
2026 2963 2229 3026 dicere,
2260 2960 2313 3015 in
2343 2960 2600 3015 omnibus
2647 2960 2823 3029 ipsum
2856 2973 2997 3022 esse,
3032 2960 3175 3027 quod
3211 2958 3315 3011 mi.

46 3036 211 3106 itaque
237 3039 481 3094 assiduis
505 3040 572 3093 ad
603 3039 773 3094 Deum
809 3038 1139 3093 connitendo
1166 3040 1581 3109 aspirationibus

1796 3071 1821 3109 s
1850 3063 1934 3109 est
1976 3052 2095 3123 ejus
2126 3052 2415 3114 infinitate,
2463 3064 2584 3116 quze
2623 3057 2677 3103 et
2726 3048 2941 3103 excedit
2969 3057 3028 3102 et
3068 3048 3318 3103 continet

47 3138 191 3197 atque
238 3132 500 3189 totalibus
551 3134 951 3189 contrariorum
997 3134 1510 3190 mortiﬁcatiouibus
1556 3148 1612 3192 et
1639 3119 1686 3183 (ἶ
1720 3119 2134 3197 υιιὶνετεειίΝοε
2165 3140 2312 3211 ipsos
2345 3140 2528 3209 itaque
2566 3138 2909 3194 orationibus
2937 3138 3003 3193 ad
3034 3135 3317 3194 sublimio-

48 3222 417 3281 abolitionibus
450 3226 698 3281 homines
716 3228 990 3295 spiritales
1018 3236 1193 3282 status
1226 3226 1384 3294 hujus
1412 3229 1581 3284 deifor

1790 3255 1835 3292 m
1871 3237 2181 3291 divinorum
2214 3234 2680 3303 benignorumque
2702 3232 2979 3287 radiorum
3010 3231 3316 3287 contuitum

49 3314 136 3368 mis
160 3315 605 3373 immutabilitate
651 3318 841 3387 p0tiri.
885 3317 1000 3371 Non
1029 3319 1171 3372 enim
1204 3320 1269 3373 ab
1297 3320 1444 3373 omni
1474 3321 1618 3375 dlln-
1719 3340 2119 3397 comparemus.
2157 3324 2625 3391 Quemadmodum
2662 3326 2707 3378 si
2736 3322 3129 3377 lucidissimam
3155 3331 3315 3376 cate-

52 3414 179 3460 taxat
202 3411 408 3464 malitia
437 3411 568 3479 ipsis
593 3411 957 3466 recedendum
986 3422 1090 3477 est,
1119 3412 1213 3467 sed
1240 3412 1617 3468 obdurandum
1720 3434 1845 3471 nam
1870 3432 1901 3472 e
1926 3430 2140 3471 summo
2163 3415 2301 3471 coelo
2322 3428 2673 3485 suspensam,
2704 3421 2755 3468 et
2779 3414 2885 3468 huc
2916 3426 3084 3483 usque
3107 3410 3317 3467 demis-

49 3501 276 3569 viriliter,
312 3513 371 3558 et
420 3504 793 3574 imperterrite
838 3519 1053 3574 semper
1088 3505 1468 3560 obsistendum
1515 3506 1617 3575 ipsi

52 3594 207 3647 noxia:
250 3594 596 3661 remissioni;
638 3611 737 3650 nec
764 3610 795 3650 a
840 3611 997 3651 sacro
1025 3604 1109 3651 est
1156 3612 1394 3667 unquam
1436 3610 1622 3653 amore

51 3687 358 3741 cessandum
383 3729 398 3753 ,
429 3698 513 3744 ast
539 3690 888 3743 continenter
909 3703 973 3742 ac
1003 3699 1265 3759 perpetuo
1291 3706 1390 3761 pro
1415 3690 1624 3747 viribus

51 3773 91 3827 ei
125 3778 507 3845 insistendum,
539 3782 603 3835 ad
644 3781 1037 3853 perfectionem
1088 3782 1258 3836 divini
1284 3783 1624 3853 principatus

52 3872 474 3927 sublimationem
494 3884 682 3929 sancte
709 3890 926 3946 semper
952 3877 1166 3944 negotia
1194 3892 1293 3931 sua
1318 3877 1623 3947 dirigendo.

54 3957 215 4031 Neque
244 3964 397 4019 enim
430 3962 477 3995 θ’
513 3964 595 4018 fas
626 3974 708 4019 est
737 3966 981 4037 mysticis
1027 3966 1294 4038 theologis
1325 3967 1623 4037 quidquam

54 4055 267 4119 operari,
297 4055 450 4125 quod
480 4055 678 4111 divinis
726 4057 1179 4127 inspirationibus
1222 4057 1307 4113 vel
1340 4057 1625 4113 minimum

56 4156 317 4214 repugnet,
377 4147 487 4201 imo
528 4164 628 4204 nec
687 4150 881 4205 iisdem
934 4150 1253 4211 dissentire.
1302 4150 1346 4205 si
1383 4149 1627 4205 divinam

56 4248 288 4303 appetant
318 4240 655 4306 claritatem,
700 4253 753 4296 et
781 4246 846 4296 ad
879 4243 1019 4298 hanc
1066 4253 1275 4311 sancte,
1308 4253 1367 4297 ut
1399 4259 1500 4314 par
1524 4253 1626 4309 est,

60 4330 301 4396 'aspirent.
334 4330 530 4402 Itaque
564 4334 807 4402 perfecta
840 4335 924 4390 Sui
967 4335 1141 4404 ipsius
1173 4336 1521 4392 abdicatione
1559 4337 1628 4370 ¹⁰⁰

58 4434 112 4474 ac
134 4424 388 4479 continua
419 4426 473 4479 in
519 4426 686 4483 rebus
732 4428 989 4485 omnibus
1035 4429 1458 4485 mortiﬁcationc
1494 4445 1631 4500 Opus

60 4523 160 4577 est;
189 4519 411 4586 quando
442 4519 658 4588 quidem
702 4529 950 4575 naturam
1004 4522 1297 4575 humanam
1344 4522 1477 4577 vitio
1508 4539 1633 4592 pro-

63 4608 253 4675 toplasti
300 4608 511 4666 divinis
556 4611 711 4667 bonis
759 4612 1075 4683 spoliatam,
1125 4612 1235 4667 vita
1276 4614 1631 4684 passionibus

60 4700 269 4754 obnoxia
308 4703 554 4770 excepit,
604 4712 661 4757 et
710 4713 1109 4774 consequenter
1159 4706 1323 4761 homo
1363 4723 1394 4763 a
1449 4708 1629 4763 divina

62 4795 234 4859 gratia,
263 4810 391 4865 quae
422 4795 599 4866 ipsum
637 4797 703 4851 ad
750 4813 947 4868 supera
999 4798 1335 4870 subrigebat,
1367 4801 1636 4871 dilapsus,

63 4898 108 4941 et
136 4891 195 4944 ad
222 4901 477 4947 extrema
505 4893 781 4947 contraria
815 4891 929 4961 jam
958 4908 1199 4964 praeceps
1235 4895 1419 4958 datus,
1468 4894 1635 4947 variis

64 4982 559 5047 perturbationibus
589 4985 896 5055 expositam
930 4996 1123 5042 nactus
1166 4994 1252 5040 est
1296 4986 1633 5040 immutatio-

64 5088 188 5129 nem.
216 5075 382 5133 Unde
420 5094 543 5132 cum
576 5092 683 5133 non
717 5079 889 5148 possit
933 5081 1001 5131 ad
1043 5094 1210 5133 unum
1239 5077 1442 5148 colligi,
1472 5087 1635 5147 atque

66 5168 205 5224 unius
254 5172 504 5241 paciiictc
542 5172 761 5226 uniunis
811 5174 1086 5241 particeps
1138 5171 1375 5226 existere
1422 5171 1513 5240 qui
1546 5185 1635 5225 sc-

67 5272 172 5312 cum
204 5261 325 5331 ipse
378 5263 626 5328 dissidet,
665 5276 843 5331 neque
888 5264 1049 5316 liceat
1092 5278 1305 5318 summe
1360 5263 1635 5318 contraria

68 5348 203 5405 simul
254 5357 613 5424 participare,
663 5354 747 5410 vel
804 5355 1358 5410 communicationem
1397 5356 1637 5426 aliquam

69 5457 169 5498 cum
198 5462 308 5503 uno
349 5449 601 5511 habenti,
653 5448 860 5503 divisas
917 5449 1119 5505 habere
1168 5449 1336 5514 vitas,
1384 5449 1429 5503 si
1480 5449 1639 5507 unius

68 5526 145 5585 Dei
200 5536 457 5590 stabilem
496 5538 751 5607 pneferat
783 5540 1294 5609 participationem,
1329 5542 1639 5599 necessario

106 5648 166 5727 ,θ’
205 5652 354 5707 Eccl.
402 5655 539 5729 (tier.
581 5658 779 5729 cana.
857 5658 904 5688 ⁹⁰
943 5658 1071 5711 Cari.
1113 5659 1249 5713 hier.
1280 5674 1401 5729 cap.
1428 5661 1481 5713 5.

70 5719 183 5777 hiet.
216 5740 342 5794 cap.
392 5726 445 5780 4.
526 5728 545 5757 ³
588 5719 665 5781 De
702 5728 863 5783 tiit‘ill.
897 5746 1063 5797 nam,
1112 5746 1237 5801 eap.
1287 5719 1407 5805 4,'§
1461 5731 1514 5787 4.

1664 4490 1713 4549 D

1564 5663 1631 5697 ¹⁰⁰
1674 5663 1824 5720 Eccl.
1852 5665 1985 5721 hier.
2014 5682 2137 5738 cap.
2162 5666 2215 5725 5.

1722 3523 1863 3575 sam,
1896 3507 2148 3562 manibus
2180 3506 2407 3561 alternis
2439 3507 2492 3560 in
2527 3504 2799 3560 anteriora
2832 3503 3109 3572 protensis
3142 3502 3320 3558 conti-

1724 3609 1926 3657 nenter
1963 3598 2355 3670 arriperemus,
2389 3598 2670 3653 attrahere
2713 3596 2929 3665 quidem
2956 3598 3125 3665 ipsam
3160 3595 3317 3650 vide-

1726 3705 1935 3754 remur,
1974 3705 2032 3746 re
2060 3699 2241 3746 autem
2274 3704 2402 3744 vera
2425 3704 2531 3744 non
2563 3688 2713 3744 illam
2752 3687 2854 3759 ipsi
2899 3687 3320 3752 deduceremus,

1726 3790 1783 3837 ut
1811 3797 1933 3851 qua:
1965 3796 2201 3853 superne
2229 3790 2286 3836 et
2324 3780 2539 3836 inferne
2576 3794 2818 3851 praesens
2854 3788 3021 3846 esset,
3058 3777 3154 3833 sed
3186 3776 3322 3847 ipsi-

1728 3884 1839 3930 met
1876 3875 2047 3945 magis
2079 3875 2146 3929 ad
2187 3874 2536 3929 sublimiores
2577 3873 2853 3928 radiorum
2886 3872 3179 3927 illustrium
3213 3871 3323 3926 ful-

1728 3984 1889 4039 gores
1942 3968 2319 4023 cveheremur.
2360 3966 2469 4020 Aut
2518 3964 2662 4020 sicut
2717 3964 2763 4019 si
2811 3964 2995 4018 navim
3050 3962 3324 4034 ingressi,

1730 4062 1990 4115 rudentes
2036 4075 2099 4113 ex
2133 4067 2286 4128 petra
2320 4057 2557 4127 quadam
2591 4056 2657 4110 ad
2704 4070 2804 4110 nos
2844 4069 3015 4124 usque
3040 4064 3326 4125 porrectos

1734 4153 1923 4209 auxilii
1964 4165 2129 4207 causa
2176 4159 2510 4214 teneremus,
2560 4162 2667 4204 non
2720 4146 2789 4201 ad
2837 4162 2936 4203 nos
2960 4156 3195 4218 petram,
3229 4147 3327 4203 sed

1734 4246 1982 4314 nosipsos
2015 4258 2206 4297 revera
2242 4240 2536 4311 navimque
2561 4240 2628 4295 ad
2653 4248 2866 4310 petram
2892 4239 3323 4293 traduceremus.

1806 4338 2153 4408 Quapropter
2202 4342 2331 4389 ante
2377 4333 2587 4399 omnia,
2636 4330 2942 4403 przesertim
2994 4332 3051 4386 in
3095 4332 3326 4402 mystica

1738 4429 2032 4500 theologia,
2084 4427 2154 4483 ab
2198 4428 2451 4483 oratione
2510 4424 2900 4496 auspicandum
2948 4432 3033 4479 est
3066 4440 3081 4478 ;
3117 4437 3223 4477 non
3269 4430 3330 4477 ut

1736 4523 1937 4595 ubique
1960 4531 2016 4579 et
2038 4537 2305 4595 nusquam
2330 4530 2651 4592 praesentem
2678 4520 2936 4577 virtutem
2961 4518 3327 4581 attrahamus,

1736 4618 1852 4682 sed,
1893 4626 1953 4672 ut
1981 4616 2183 4673 divinis
2215 4613 2832 4672 commcmorationibus
2861 4610 3330 4667 invocationibus-

1747 4730 1858 4784 quc
1890 4729 1988 4770 uos
2020 4715 2166 4783 ipsos
2196 4713 2275 4768 illi
2308 4711 2571 4768 dedamus
2608 4720 2773 4779 atque
2805 4708 3082 4763 uniamus.
3110 4703 3330 4759 Etenim

1738 4806 1974 4861 essentia
2008 4805 2095 4859 illa
2124 4806 2169 4871 ',
2198 4802 2353 4872 cujus
2391 4802 2577 4857 odoris
2607 4801 2856 4856 suavitas
2903 4807 3141 4854 mentem
3168 4809 3330 4865 supe-

1744 4908 1850 4963 rat,
1885 4895 1954 4950 ab
1982 4893 2155 4967 igneis
2184 4894 2601 4965 purissimisque
2649 4892 2922 4949 mentibus
2949 4892 3015 4943 ad
3039 4886 3123 4943 sui
3152 4886 3330 4940 mani-

1744 4988 2091 5047 festationem
2141 5005 2240 5060 per
2280 4986 2718 5043 ferventissimas
2776 4984 3059 5041 orationes
3108 4977 3331 5033 invitari

1745 5092 1913 5148 amat,
1946 5082 2428 5150 divinissimasque
2474 5094 2601 5135 suas
2647 5076 3039 5150 inspirationes
3083 5071 3331 5127 luculen-

1748 5174 1975 5229 tissimis
2028 5171 2503 5228 distributionibus
2548 5172 2859 5240 impertitur
2906 5166 3045 5231 illis,
3098 5164 3190 5234 qui
3248 5162 3332 5219 sic

1745 5266 1893 5321 illam
1943 5264 2463 5336 supramundialiter
2515 5263 2831 5318 invitarunt.
2895 5258 2990 5313 Est
3043 5258 3186 5313 enim
3238 5255 3331 5309 lux

1745 5376 1873 5415 vera
1921 5358 1942 5392 ³
1982 5375 2100 5428 qua:
2141 5371 2358 5414 omnem
2398 5367 2632 5411 mentem
2664 5354 2847 5426 implet
2878 5352 3085 5407 lumine
3113 5349 3331 5406 intelie-

1744 5454 2112 5519 etili,omnem
2147 5464 2326 5508 autem
2362 5453 2722 5523 ignorantiam
2750 5458 2804 5503 et
2833 5462 3077 5503 errorem
3108 5460 3174 5500 ex
3205 5457 3328 5497 om-

1746 5544 1904 5599 nibus
1932 5546 2130 5601 animis
2157 5548 2208 5600 in
2248 5547 2445 5617 quibus
2480 5555 2587 5611 est,
2618 5544 2788 5615 ejicit,
2828 5555 2881 5597 et
2914 5542 3044 5611 ipsis
3073 5537 3333 5596 omnibus

2296 5667 2312 5697 ¹
2359 5665 2430 5721 De
2460 5666 2621 5721 divin.
2651 5680 2790 5719 nom.
2830 5677 2955 5734 cap.
2987 5662 3038 5717 3.
3119 5662 3138 5691 ³
3177 5656 3330 5714 Exi.
