3748 6338
423 236 526 292 105

1562 231 1621 288 S.
1661 228 2033 289 DIONYSIUS
2069 225 2530 287 AREOPAGITA.

3575 232 3688 286 101

416 353 598 409 lumen
628 359 878 407 sanctum
918 350 1192 423 impertit,
1234 364 1534 420 eorumque
1564 350 1748 406 oculos
1778 358 1990 404 menta-
2015 366 2061 423 Α
2091 346 2143 402 in
2181 348 2465 402 animabus
2500 343 2700 401 nosuis
2744 344 2963 415 exigant
2990 344 3188 402 habere
3218 346 3321 403 sibi
3353 347 3688 405 conformes

416 443 497 499 les
522 458 551 497 a
580 441 815 511 caligine
843 450 896 496 et
924 442 1227 511 ignorantia
1276 439 1605 496 circumfusa
1647 450 1904 512 repurgat
1931 451 1988 497 et

415 535 632 601 liberat,
665 543 720 589 et
750 533 954 588 excitat
983 540 1147 602 atque
1184 531 1358 601 aperit
1386 532 1551 587 multa
1580 534 1852 604 gravitate
1901 542 1986 589 te-

415 627 707 683 nebrarum
751 639 1038 696 Oppressos
1086 635 1136 680 et
1182 625 1394 681 clausos
1438 640 1452 677 :
1498 624 1700 694 datque
1746 624 1983 696 primum

415 719 634 788 quidem
684 717 1012 773 mediocrem
1059 715 1436 785 splendorem,
1492 716 1686 771 deinde
1729 727 1985 786 tanquam

416 809 701 879 degustato
730 807 952 871 lumine,
981 807 1153 861 oculis
1172 806 1283 877 jam
1312 807 1482 877 magis
1506 816 1625 877 post
1650 809 1984 877 degustatio—

413 915 537 954 nem
585 898 765 953 lumen
814 898 1222 967 appetentibus,
1275 899 1450 969 magis
1507 914 1567 954 se
1612 899 1878 969 impertit,
1934 908 1993 955 et

414 989 687 1057 copiosius
714 987 957 1057 alfulget,
1003 989 1261 1057 quoniam
1287 988 1599 1044 dilexerunt
1626 990 1888 1056 multum;
1919 1005 1983 1047 ac

412 1094 630 1149 semper
658 1079 884 1133 ulterius
925 1078 1177 1148 provehit
1221 1080 1570 1150 proportione
1602 1081 1770 1136 studii
1797 1097 1985 1137 eorum

413 1172 479 1226 ad
510 1172 878 1241 aspiciendum
910 1187 1147 1227 sursum.
1186 1173 1399 1227 Etenim
1430 1174 1454 1205 ⁸
1496 1174 1641 1230 sicut
1678 1174 1985 1245 ignorantia

412 1272 663 1319 errantes
715 1264 939 1333 dirimit,
988 1265 1069 1320 sic
1116 1265 1382 1320 adventus
1426 1266 1650 1323 luminis
1694 1278 1991 1339 congregat

413 1361 471 1408 et
500 1354 720 1422 copulat
771 1353 1127 1419 illuminatos,
1178 1354 1497 1424 perlicitque
1539 1371 1656 1422 eos,
1704 1367 1763 1412 et
1815 1359 1883 1413 ad
1934 1359 1989 1413 id

414 1447 558 1517 quod
584 1462 709 1503 vere
740 1458 823 1503 est
850 1449 1140 1515 convertit,
1173 1462 1199 1503 a
1227 1449 1409 1504 multis
1444 1449 1854 1519 opinationibus
1896 1466 1991 1507 eos

414 1554 702 1605 revocans,
733 1555 800 1596 ac
830 1541 1011 1596 varios
1040 1553 1313 1610 aspectus,
1339 1542 1447 1611 vel,
1481 1557 1539 1598 ut
1570 1542 1743 1614 magis
1770 1544 1991 1615 proprie

413 1630 612 1694 dicam,
639 1631 785 1685 varia
814 1630 867 1685 in
894 1647 1058 1689 unam
1085 1648 1269 1688 veram
1296 1642 1351 1688 et
1376 1647 1568 1703 puram
1591 1649 1653 1689 ac
1686 1634 1988 1705 simplicem

2096 452 2193 508 per
2223 438 2505 500 virtutem,
2551 437 2988 505 incorruptibiles
3036 440 3324 509 imagines.
3365 437 3686 495 lncircum-

2093 528 2357 598 scriptum
2389 528 2535 583 enim
2577 526 2706 583 illud
2741 521 2957 584 virtutis
2990 528 3271 588 deiformis
3309 531 3685 587 simulacrum

2095 620 2200 675 rite
2231 620 2553 675 imitandum
2576 628 2679 683 est,
2718 629 2780 675 ut
2814 621 3077 691 spiritalis
3108 637 3172 678 ac
3203 623 3457 694 fragrans
3491 624 3685 694 ipsum

2092 712 2296 768 referat
2338 712 2706 783 pulchritudo,
2748 728 2974 784 seseque
3016 714 3213 770 formet
3250 726 3307 772 et
3346 718 3584 787 eﬂingat
3620 718 3686 771 ad

2090 806 2510 878 pulcherrimam
2534 809 2651 877 ejus
2691 807 3073 866 imitationem.
3115 809 3183 863 Et
3218 810 3361 865 sicut
3388 811 3440 864 in
3472 812 3686 881 imagi-

2094 896 2255 951 nibus
2302 896 2611 964 sensilibus,
2664 897 2709 953 si
2756 897 2934 968 pictor
2967 899 3034 953 ad
3068 900 3377 970 primaevam
3428 900 3685 972 speciem

2093 995 2405 1044 constanter
2431 989 2694 1055 intendat,
2725 989 2869 1043 nulla
2896 1004 2958 1045 re
2980 990 3083 1044 alia
3111 991 3311 1045 visibili
3343 992 3683 1055 distractus,

2093 1096 2273 1151 neque
2294 1082 2590 1138 secundum
2621 1082 2901 1152 quidpiam
2934 1083 3160 1145 divisus,
3188 1083 3336 1138 illum
3361 1085 3547 1155 ipsum
3590 1088 3684 1156 qui

2095 1173 2469 1245 depingendus
2497 1183 2597 1239 est,
2626 1176 2670 1230 si
2702 1176 2775 1230 ita
2814 1175 2997 1232 dicere
3038 1176 3216 1242 liceat,
3263 1178 3684 1247 quodammodo

2090 1264 2400 1335 replicabit,
2431 1272 2592 1335 atque
2640 1265 2928 1335 ipsammet
2970 1269 3255 1323 veritatem
3301 1268 3356 1322 in
3405 1270 3687 1325 similitu-

2093 1357 2238 1424 dine,
2287 1366 2344 1413 et
2387 1359 2739 1429 archetypum
2784 1359 2838 1413 in
2892 1358 3131 1430 imagine
3184 1361 3484 1432 exprimet,
3538 1364 3687 1417 alte-

2092 1464 2324 1520 rumque
2388 1450 2443 1505 in
2497 1451 2667 1506 altero
2714 1453 2850 1507 citra
2921 1453 3242 1509 substantia:
3295 1454 3683 1510 diﬂerentiam

2092 1541 2324 1610 referet;
2360 1543 2439 1599 sic
2480 1544 2731 1616 mysticis
2772 1545 2827 1598 in
2896 1556 3077 1600 mente
3118 1545 3423 1614 pictoribus
3469 1563 3683 1602 suave-

2094 1631 2294 1688 olentis
2317 1642 2371 1688 et
2401 1649 2613 1689 arcanae
2636 1635 3272 1704 pulchritudinisintenta
3299 1646 3683 1706 constansque

413 1724 777 1794 cognitionem
811 1724 1105 1795 contrahit,
1136 1734 1190 1780 et
1218 1741 1327 1780 uno
1374 1725 1579 1783 lumine
1628 1727 1830 1783 uniﬁco
1886 1728 1990 1783 im-
2019 1717 2062 1773 Β
2091 1722 2472 1793 contemplatio
2504 1724 2845 1781 infallibilem
2888 1726 3039 1782 indet
3083 1726 3432 1797 maximeque
3459 1728 3679 1784 deifor-

437 1816 546 1873 ilet.

413 1832 546 1889 plet.

484 1906 655 1963 Porro
699 1908 879 1964 lumen
917 1910 1019 1964 hoc
1058 1908 1316 1964 unilicum
1348 1910 1648 1981 accipimus
1690 1924 1788 1981 per
1822 1910 1987 1967 Cltri-

413 2008 557 2054 stum
582 2000 624 2066 ⁸,
652 2001 742 2069 qui
775 2009 998 2069 paterna
1029 2002 1126 2056 lux.
1147 2012 1233 2057 est
1262 2018 1406 2071 vera,
1435 2018 1553 2073 qua:
1581 2002 1848 2057 illuminat
1872 2012 1995 2057 om-‘

412 2105 528 2145 nem
578 2091 838 2146 hominem
889 2093 1177 2148 venientem
1232 2094 1289 2148 in
1340 2093 1478 2148 hunc
1522 2095 1775 2148 mundum
1802 2094 1845 2158 °,
1893 2107 1989 2162 per

410 2196 572 2252 quem
614 2182 680 2236 ad
711 2183 976 2252 originem
1003 2184 1140 2241 lucis
1188 2186 1403 2241 Patrem
1433 2199 1713 2241 accessum
1751 2185 1990 2241 obtinui-

411 2288 557 2329 mus.
588 2271 689 2328 Hic
717 2283 801 2328 est
826 2275 919 2342 qui
945 2276 1145 2330 mentis
1174 2275 1391 2345 quidem
1435 2285 1636 2331 nostrae
1681 2275 1987 2331 ohscurita»

412 2374 525 2423 tem
552 2369 573 2401 "
603 2368 764 2423 beato
803 2370 1097 2437 divinoque
1136 2367 1341 2423 lumine
1378 2368 1627 2438 replevit,
1672 2367 1988 2424 deformita-

412 2467 635 2530 temque
671 2472 912 2517 nostram
966 2462 1323 2517 deiformibus
1360 2463 1698 2520 ornamentis
1748 2464 1987 2518 illustra-

411 2547 514 2613 vit,
568 2548 736 2603 animi
780 2558 959 2606 autem
1005 2549 1338 2606 domicilium
1376 2566 1499 2607 eum
1533 2551 1773 2621 perfecta
1814 2553 1990 2608 salute

412 2641 665 2696 essentia:
713 2652 1031 2712 naturaeque
1069 2651 1311 2710 nostrae,
1364 2658 1484 2714 quae
1528 2646 1703 2700 ferme
1753 2645 1986 2715 collapsa

412 2739 535 2786 erat
580 2739 637 2786 et
675 2732 1011 2799 conciderat,
1054 2731 1369 2789 foedissimis
1419 2735 1725 2805 quibusque
1775 2737 1987 2804 passio-

412 2822 576 2877 nibus
605 2829 769 2892 atque
814 2823 1248 2893 inquinamentis
1292 2826 1470 2880 noxiis
1514 2824 1787 2895 liberavit,
1832 2842 1984 2882 com-

412 2923 719 2969 monstrata
754 2914 908 2969 nobis
932 2916 1392 2985 supermundialis
1420 2931 1676 2988 anagoga:
1698 2933 1764 2973 ac
1791 2919 1985 2975 divinae

410 3006 538 3059 vitae
566 3021 780 3072 norma,
808 3022 905 3077 per
927 3021 1087 3077 quam
1120 3008 1187 3062 ad
1226 3022 1413 3063 sacras
1442 3006 1559 3076 ejus
1582 3008 1984 3076 similitudines,

412 3098 593 3167 quoad
646 3097 760 3168 ejus
804 3100 920 3155 ﬁeri
966 3108 1166 3167 potest,
1212 3100 1531 3154 evehamur.
1585 3099 1814 3155 Unicum
1840 3102 1984 3155 enim

409 3189 544 3245 illud
572 3188 595 3220 ⁸
620 3204 684 3244 ac
731 3188 958 3260 simplex
1004 3205 1373 3261 arcanumque
1418 3188 1547 3245 Jesu
1580 3191 1816 3245 Verbum
1848 3192 1989 3248 divi-

410 3278 694 3337 nissimum
737 3292 835 3349 per
870 3280 1298 3349 assumptionem
1346 3281 1703 3338 immanitatis
1749 3291 1983 3349 nostrae,

409 3369 467 3423 in
493 3370 942 3439 compositionem
974 3369 1139 3424 simul
1165 3380 1217 3426 et
1258 3378 1570 3441 aspectum,
1612 3373 1733 3429 sine
1764 3373 1869 3429 ulla
1898 3374 1984 3433 sui

410 3458 811 3527 immutatione,
842 3476 941 3531 pro
981 3477 1077 3517 sua
1120 3464 1363 3519 bonitate
1384 3464 1822 3538 henignitateque
1852 3483 1983 3538 pro-

409 3552 616 3620 cessit,
669 3554 950 3624 nostrique
999 3569 1185 3611 secum
1237 3557 1495 3613 uniﬁcam
1542 3561 1979 3619 communionem

410 3644 650 3701 benefice
673 3648 1027 3717 excogitavit,
1058 3662 1121 3703 ea
1154 3661 1273 3717 qua:
1302 3648 1356 3704 in
1384 3651 1539 3706 nobis
1571 3652 1798 3707 humilia
1832 3662 1978 3723 sunt,

410 3737 767 3792 divinissimis
795 3741 907 3793 suis
943 3739 1137 3794 uniens
1167 3741 1528 3809 excellentiis,
1556 3752 1691 3800 utet
1717 3760 1818 3800 nos
1847 3746 1977 3816 ipsi,

2090 1827 2231 1869 mem
2264 1814 2722 1885 imaginationem.

2159 1902 2353 1962 Merito
2384 1906 2569 1977 itaque
2611 1908 2823 1980 mystici
2871 1909 3130 1978 pictores,
3166 1911 3382 1980 quando
3426 1919 3680 1968 mentem

2092 2011 2243 2051 suam
2274 1998 2342 2052 ad
2381 1998 2889 2068 superessentialem
2936 2000 3082 2055 illam
3124 2000 3459 2072 fragrantem
3505 2006 3684 2074 Spiri-

2091 2089 2366 2159 talemque
2419 2090 2877 2159 pulchritudinem
2951 2102 3268 2149 constanter
3325 2094 3675 2163 eﬂ'ormant,

2091 2182 2293 2236 nullam
2319 2182 2577 2237 virtutem
2607 2196 2792 2238 carum
2821 2198 2941 2254 quae
2963 2184 3030 2240 iis
3057 2185 3262 2252 insunt,
3292 2198 3488 2256 agunt,
3522 2199 3585 2243 ut
3610 2192 3680 2245 ab

2090 2273 2422 2341 hominibus,
2448 2274 2589 2329 sicut
2616 2274 2877 2344 scriptum
2901 2283 3008 2342 est,
3038 2277 3356 2344 videantur,
3386 2278 3486 2334 sed
3513 2282 3677 2349 quid-

2090 2360 2219 2431 quid
2264 2362 2316 2416 in
2368 2362 2572 2418 virtute
2609 2378 2824 2419 sacrum
2870 2377 2934 2418 ac
2983 2366 3225 2420 maxime
3262 2366 3534 2421 deiforme
3568 2379 3675 2434 est,

2091 2453 2233 2507 intra
2255 2462 2493 2508 mentem
2521 2469 2695 2520 suam,
2737 2468 2857 2523 qua:
2885 2455 2950 2509 ad
2993 2455 3281 2525 imaginem
3327 2465 3380 2512 et
3408 2457 3676 2511 similitn.

2091 2543 2271 2599 dinem
2314 2544 2409 2599 Dei
2459 2544 2602 2600 facta
2648 2556 2771 2609 est,
2819 2546 3179 2601 recondentes
3233 2548 3299 2601 ad
3343 2550 3673 2616 primaevam

2090 2634 2356 2691 duntaxat
2403 2635 2640 2707 speciem
2690 2644 2856 2708 atque
2895 2636 3307 2705 intelligentiam
3358 2640 3671 2695 intuentur.

2089 2727 2275 2797 Neque
2313 2728 2459 2783 enim
2496 2730 2668 2786 solum
2698 2728 2983 2787 dissimilia
3015 2729 3222 2800 vident,
3255 2730 3349 2790 sed
3375 2745 3447 2790 ne
3479 2732 3549 2791 ad
3581 2748 3675 2792 eo-

2091 2834 2209 2873 rum
2243 2819 2463 2889 quidem
2496 2831 2776 2890 aspectum
2808 2823 3216 2893 pertrahuntur.
3268 2825 3671 2892 Quamobrem.

2090 2909 2231 2964 sicut
2255 2924 2350 2965 eos
2374 2910 2553 2977 decet,
2580 2926 2687 2967 non
2715 2928 2777 2966 ea
2830 2928 2950 2983 qum
3008 2923 3212 2971 temere
3254 2909 3541 2984 videntur,
3578 2922 3673 2974 sed

2090 3016 2210 3071 qua:
2245 3016 2371 3057 vere
2392 3002 2535 3073 justa
2563 3012 2688 3058 sunt
2710 3018 2773 3059 ac
2797 3005 2961 3071 bona,
2988 3006 3219 3077 diligunt
3251 3024 3266 3061 :
3297 3024 3479 3077 neque
3504 3012 3671 3065 istam

2090 3100 2341 3163 spectant
2392 3095 2615 3164 gloriam
2670 3111 2789 3166 quae
2833 3097 2950 3167 sine
2990 3100 3201 3153 ratione
3260 3099 3419 3170 VUIgO
3461 3102 3671 3170 passim

2089 3184 2247 3240 beata
2278 3186 2627 3255 prazdicatur,
2645 3188 2738 3242 sed
2770 3188 3069 3245 imitatione
3092 3190 3185 3245 Dei
3209 3190 3406 3246 bonum
3440 3194 3673 3247 malum-

2087 3291 2195 3347 que
2221 3291 2319 3347 per
2348 3292 2406 3333 se
2454 3277 2795 3349 iudicantes,
2839 3280 3020 3334 divina
3070 3283 3314 3352 quaedam
3361 3284 3669 3339 simulacra

2087 3364 2225 3421 fiunt
2253 3368 2413 3423 istius
2441 3367 2757 3440 fragrantia:
2806 3370 3039 3437 divinae,
3089 3386 3209 3441 qua:
3254 3373 3458 3428 bonum
3508 3376 3567 3430 in
3614 3393 3672 3430 se

2084 3459 2303 3514 odorem
2333 3474 2459 3517 vere
2495 3462 2803 3530 continens,
2840 3463 2909 3517 ad
2934 3463 3067 3518 illud
3096 3466 3237 3534 quod
3266 3465 3425 3537 vulgo
3456 3470 3667 3538 passim

2083 3549 2425 3621 inaequaliter
2488 3562 2752 3623 apparet,
2826 3572 3105 3627 nunquam
3158 3560 3537 3626 convertitur,
3615 3562 3668 3616 in

2081 3645 2225 3700 veris
2251 3644 2363 3700 suis
2392 3646 2713 3713 imaginibus
2734 3650 3040 3717 exprimens
3068 3652 3367 3708 veritatem.

2152 3736 2290 3792 llinc
2319 3737 2363 3768 ¹⁰
2395 3739 2441 3792 si
2477 3754 2628 3795 more
2668 3741 2905 3796 humano
2941 3757 3004 3797 ea
3050 3758 3166 3812 qua:
3194 3759 3355 3813 supra
3386 3762 3492 3803 nos
3536 3756 3668 3804 sunt

411 3838 669 3901 tanquam
710 3834 951 3889 membra
995 3834 1236 3904 corpori,
1283 3850 1382 3905 per
1423 3834 1660 3906 ejusdem
1711 3839 1977 3896 immacu-
2015 3834 2034 3862 '
2082 3829 2430 3899 accipiamus,
2458 3840 2514 3887 et
2540 3831 2901 3889 familiaribus
2926 3836 3079 3890 nobis
3112 3840 3357 3894 sensibus
3386 3841 3665 3897 inhaerea-

408 3921 531 3979 latte
574 3938 638 3979 ac
675 3925 869 3981 divinae
916 3926 1041 3981 vitae
1085 3927 1425 3983 identitatem
1473 3943 1834 3998 congruamus
1863 3974 1877 3999 ,
1908 3946 1976 3990 ne

408 4018 852 4086 corruptibilibus
880 4018 1056 4073 necati
1106 4020 1482 4090 passionibus,
1516 4022 1713 4078 divinis
1745 4023 1862 4079 istis
1884 4039 1975 4079 sa-

406 4108 756 4181 nissimisque
786 4112 1043 4168 membris
1080 4113 1396 4185 iucongrui,
1441 4115 1669 4185 vitaeque
1692 4117 1976 4188 incapaces

408 4202 722 4257 existamus.

477 4293 703 4363 Oportet
730 4295 892 4364 igitur
918 4310 1040 4363 nos,
1066 4296 1114 4352 si
1135 4296 1202 4352 ad
1225 4298 1664 4354 communionem
1691 4288 1809 4369 ejus
1832 4301 1975 4371 aspi-

2080 3937 2223 3991 mus,
2252 3932 2413 3993 atque
2431 3924 2611 3979 divina
2632 3940 2754 3981 cum
2787 3929 2986 3983 nostris
3004 3930 3366 3996 conferamus,
3394 3930 3663 4000 fallimur,

2079 4013 2123 4069 si
2146 4016 2441 4070 secundum
2468 4015 2520 4071 id
2540 4016 2681 4084 quod
2700 4015 2903 4072 deforis
2922 4029 3166 4090 apparet,
3190 4021 3474 4091 mysticam
3502 4038 3664 4079 arca-

2080 4117 2312 4173 namque
2332 4104 2655 4176 theoIOgiam
2684 4107 3001 4171 metiamur;
3028 4124 3150 4164 eum
3171 4109 3314 4163 scire
3333 4111 3662 4179 debeamus,

2078 4202 2312 4259 mentem
2361 4196 2578 4265 quidem
2628 4204 2873 4251 nostram
2918 4198 3123 4267 pollere
3176 4199 3231 4254 vi
3273 4199 3660 4271 intelligendi,

2076 4299 2181 4355 qua
2206 4301 2294 4342 res
2330 4286 2671 4344 intellectiles
2696 4289 2797 4359 ipsi
2826 4291 3270 4360 praportionatas
3301 4300 3660 4360 contueatur,

407 4400 623 4455 remus,
652 4386 1045 4443 divinissimam
1078 4390 1198 4459 ejus
1240 4390 1297 4445 in
1333 4405 1496 4447 carne
1541 4392 1708 4447 vitam
1735 4405 1976 4449 contem-

2155 4394 2266 4434 men
2314 4379 2471 4434 istam
2518 4379 2796 4447 unionem,
2843 4396 2947 4450 qua
3000 4381 3162 4437 rebus
3184 4396 3245 4437 se
3275 4384 3663 4451 superioribus

406 4478 565 4549 plari,
587 4485 750 4546 atque
783 4487 1027 4535 sanctam
1060 4479 1231 4548 ipsius
1252 4481 1665 4549 impeccantiam
1694 4483 1976 4553 imitando,

406 4569 474 4623 ad
500 4568 923 4625 deiformitatem
963 4578 1017 4625 et
1064 4570 1469 4626 immaculatum
1512 4581 1713 4630 statum
1748 4587 1975 4631 conten-

406 4659 557 4714 dere.
584 4658 699 4715 llac
742 4674 974 4730 namque
1015 4661 1255 4729 ratione,
1301 4671 1464 4730 prout
1506 4664 1664 4720 nobis
1702 4668 1971 4737 congruit,

406 4754 813 4811 similitudinem
850 4769 1003 4809 suam
1025 4755 1473 4811 communicabit.

474 4845 735 4902 Caeterum
782 4846 1030 4918 mysticis
1066 4846 1332 4917 theologis
1360 4846 1660 4903 obvelanda
1703 4856 1789 4903 est
1816 4863 1969 4903 men-

405 4937 474 4992 tis
500 4937 760 4993 sanctitas
792 4946 955 5007 atque
1000 4936 1300 5008 fragrantia
1323 4937 1367 5005 ³,
1421 4953 1543 4993 cum
1581 4938 1839 4994 divinitus
1866 4942 1966 4997 viri

403 5028 575 5083 sancti
595 5027 907 5098 iubeantur,
934 5041 1045 5083 non
1075 5028 1142 5082 ad
1174 5044 1367 5083 vanam
1393 5028 1615 5100 gloriam
1644 5039 1968 5101 apparentes

403 5120 589 5174 arcani
627 5120 721 5176 Dei
750 5120 1005 5190 pulchras
1031 5134 1095 5175 ac
1137 5119 1444 5191 fragrantes
1474 5120 1676 5176 habere
1717 5122 1969 5177 similitu-

402 5211 577 5266 dines.
615 5211 891 5281 Siquidem
921 5225 1119 5266 arcana
1157 5211 1253 5268 Dei
1305 5211 1520 5277 decora,
1555 5229 1788 5284 quorum
1833 5226 1968 5268 sua-

399 5301 541 5356 vitas
563 5301 899 5357 intellectum
932 5310 1177 5373 superat,
1213 5317 1434 5371 prorsus
1462 5312 1588 5359 sunt
1618 5305 1964 5368 intemerata,

399 5393 635 5464 solisque
657 5394 787 5449 viris
811 5392 1145 5465 spiritalibus
1159 5395 1476 5465 spiritaliter
1503 5404 1792 5467 apparent,
1820 5394 1964 5465 quod

473 5581 496 5613 ⁸
526 5581 603 5637 De
628 5581 791 5635 divin.
821 5598 961 5636 nam.
993 5597 1044 5638 c.
1067 5581 1123 5647 4,
1147 5581 1244 5650 §6.
1320 5583 1342 5615 ⁸
1372 5581 1498 5638 Cael.
1531 5583 1664 5638 Itier.
1688 5597 1806 5650 can.
1829 5583 1881 5642 l.
1901 5581 1930 5650 ς
1951 5580 2007 5635 2.

2078 4470 2446 4541 coniungitur,
2470 4482 2726 4527 naturam
2754 4472 2923 4542 ipsius
2950 4471 3106 4542 longe
3136 4484 3418 4540 superare.
3442 4473 3661 4529 Secun-

2078 4563 2205 4619 dum
2239 4566 2380 4620 hanc
2409 4565 2593 4637 itaque
2620 4567 2874 4622 unionem
2904 4568 3086 4622 divina
3127 4566 3220 4621 illa
3255 4568 3485 4639 mystica
3524 4581 3661 4625 sunt

2079 4654 2452 4728 intelligenda,
2499 4673 2606 4714 non
2653 4672 2805 4713 more
2856 4667 3064 4724 nostro,
3096 4658 3194 4713 sed
3241 4667 3513 4728 quatenus
3551 4676 3658 4716 nos

2076 4747 2175 4816 ipsi
2226 4757 2367 4804 totos
2397 4764 2498 4805 nos
2533 4764 2562 4803 a
2596 4750 2755 4805 nobis
2806 4749 3047 4804 totaliter
3079 4750 3413 4817 abdicantus,
3462 4760 3520 4806 et
3551 4754 3657 4809 toti

2076 4846 2367 4913 transimus
2398 4844 2451 4898 in
2503 4844 2696 4909 Deum,
2738 4852 2797 4897 ut
2844 4859 2966 4899 cum
2997 4844 3256 4915 Apostolo
3308 4861 3435 4902 vere
3462 4846 3657 4903 dicere

2072 4936 2385 5005 possimus:
2430 4933 2556 4989 Vivo
2600 4950 2719 5004 ego,
2748 4935 2867 5004 jam
2887 4951 2987 4989 non
3013 4951 3130 5005 ego,
3174 4936 3293 4990 vivit
3330 4952 3447 4990 vero
3468 4935 3525 4991 in
3565 4954 3656 4992 me

2072 5025 2314 5081 Christus
2342 5027 2405 5080 “.
2451 5024 2581 5093 Quae
2612 5040 2713 5080 vox
2745 5038 2827 5080 est
2854 5025 2965 5079 veri
3009 5026 3270 5082 amatoris
3315 5027 3406 5096 qui
3447 5040 3652 5083 excesv

2068 5129 2216 5175 serat
2244 5134 2275 5175 c
2304 5136 2362 5175 se
2402 5120 2531 5186 Deo,
2562 5129 2615 5175 et
2648 5134 2755 5174 non
2777 5117 2889 5188 jam
2924 5120 3090 5174 vitam
3118 5135 3293 5184 suam,
3325 5120 3417 5175 scd
3449 5121 3648 5186 amati,

2070 5222 2325 5283 tanquam
2384 5214 2735 5269 vehementer
2785 5212 3077 5280 dilectam,
3149 5211 3404 5267 viventis.
3454 5208 3649 5282 itaque

2066 5303 2223 5373 longe
2254 5311 2475 5373 praestat
2510 5318 2607 5359 nos
2641 5304 2734 5359 Dei
2767 5318 2888 5360 esse
2917 5319 3077 5375 quam
3111 5313 3360 5369 nostros;
3386 5302 3465 5357 sic
3492 5305 3646 5357 enim

2066 5395 2247 5452 divina
2281 5397 2439 5453 nobis
2484 5396 2599 5453 dari
2633 5405 2907 5467 poterunt,
2961 5396 3008 5453 si
3062 5411 3185 5453 cum
3229 5395 3339 5451 Deo
3370 5394 3647 5452 fuerimus

3416 5574 3440 5608 '
3460 5570 3638 5639 Ibim,

2086 5580 2107 5612 °
2129 5578 2286 5635 Joan.
2312 5594 2354 5643 ι,
2378 5577 2431 5632 9.
2509 5578 2530 5611 ⁷
2564 5575 2718 5648 Eccl.
2738 5575 2896 5638 hiatu,
2939 5588 3060 5647 cap.
3088 5575 3142 5642 '5,
3198 5573 3338 5648 θη.

399 5652 539 5725 με.
611 5651 793 5708 “Eccl.
816 5652 970 5725 hiatu,
996 5646 1117 5726 cap.
1144 5646 1199 5723 Ζ,
1224 5663 1375 5726 parte
1393 5668 1474 5723 ιιι,
1507 5654 1606 5724 ξι.
1644 5646 1943 5736 “Dedevi'n
1965 5668 2132 5714 nom.,
2155 5666 2273 5721 cap.
2302 5651 2355 5718 7,
2381 5648 2409 5721 §
2436 5649 2487 5706 l.
2562 5647 2603 5679 “
2628 5646 2746 5702 Gal.
2776 5661 2836 5713 ll,
2866 5649 2955 5704 20.
