3708 6304
32 328 89 383 iis
1315 319 1858 394 PROLEGOMENA.

3108 315 3211 373 106

27 445 233 516 conjuncti.
275 444 446 502 Hanc
495 457 693 504 autem
742 445 986 503 intimam
1014 443 1455 515 coniunctionem
1486 446 1530 478 “
1560 451 1609 509 Α
1638 445 1805 498 Deum
1860 455 1984 497 cum
2046 450 2231 495 amore
2283 434 2490 504 integre
2535 430 2839 499 ϐοηνθτιῖι,
2911 431 3220 502 incompre-

27 542 266 611 requirimus
299 554 407 609 per
440 541 640 596 vivam
666 540 986 608 lidem,qute
1005 548 1090 593 est
1119 546 1381 593 constans
1404 539 1537 593 fide-

27 632 543 697 liumlirtnameutum,
574 643 633 687 et
664 632 854 686 fundat
881 645 981 685 nos
1006 631 1060 684 in
1092 629 1346 693 veritate,
1370 639 1538 699 atque

27 732 56 779 in
96 724 212 778 nobis
251 724 592 787 veritatem,
650 726 776 778 dum
820 722 1209 777 indissuasibili
1256 722 1538 777 ideutitate

24 817 235 883 simplicem
282 815 563 868 veritatis
610 814 979 882 cognitionem
1012 814 1320 869 obtinemus
1355 828 1537 868 rerum

23 907 351 962 cmlendarum.
406 904 561 959 Nam
614 906 661 960 si
714 905 951 974 cognitio
1002 919 1088 958 res
1134 905 1385 972 cognitas
1412 920 1536 960 cum

23 1000 394 1069 ignoscentibus
424 1001 589 1061 unit,
627 999 895 1068 ignoratio
918 1013 1046 1052 vero
1072 998 1342 1069 ignoranti
1370 1014 1537 1056 causa

21 1102 315 1158 .ttutsemper
334 1100 553 1156 mutet,
576 1101 745 1155 atque
761 1108 789 1144 a
809 1090 1398 1159 semctipsodiscrepet,
1413 1107 1538 1146 eum

20 1188 69 1253 qui
86 1186 215 1239 credit
237 1187 288 1238 in
323 1186 606 1249 veritate,
626 1186 781 1254 juxta
810 1186 1173 1254 Scripturam,
1202 1186 1335 1240 nihil
1359 1202 1386 1240 a
1411 1201 1539 1241 vero

21 1278 95 1330 ﬁdei
112 1276 452 1331 fundamento
480 1275 809 1342 dimovebit,
839 1276 1022 1345 inquo
1050 1277 1411 1330 constantiam
1443 1279 1542 1330 ba-

19 1366 384 1421 iebitimmobilis
402 1379 463 1422 et
484 1366 846 1421 immutabilis
862 1367 1181 1421 identitatis.
1197 1367 1372 1423 Probe
1391 1385 1543 1422 natu-

16 1456 483 1525 iiucnovitquisquis
512 1457 705 1511 unitus
722 1456 1058 1521 estveritati,
1083 1472 1243 1526 quam
1262 1459 1398 1513 bene
1423 1474 1543 1515 sese

20 1548 164 1607 habent,
189 1549 449 1616 quamvis
481 1563 620 1602 eum
664 1547 816 1602 multi
847 1557 906 1603 ut
951 1558 1229 1603 amentem
1282 1560 1537 1620 arguant.

15 1638 112 1691 Latet
132 1640 255 1692 enim
285 1639 438 1703 illos,
472 1640 560 1693 uti
619 1654 721 1708 par
766 1651 871 1703 est,
915 1653 1040 1693 eum
1095 1652 1192 1707 per
1239 1655 1383 1694 verte
1416 1639 1538 1694 lidei

14 1734 218 1785 veritatem
273 1747 341 1785 ex
398 1747 608 1786 errore
645 1731 1136 1800 excessisse:ipse
1181 1741 1364 1786 autem
1413 1746 1542 1788 vere

1638 534 1893 591 bensibili
1924 532 2045 587 luce
2073 531 2125 585 in
2153 528 2377 583 fundum
2408 524 2529 594 ejus
2562 521 2874 595 effulgente,
2903 523 3135 579 rationis
3160 533 3216 579 et

1639 624 1950 681 intellectus
1999 619 2188 677 oculus
2230 617 2611 672 reverberatus
2666 614 2865 685 caligat
2913 631 2928 670 :
2985 616 3217 685 simplex.

1636 731 1768 771 vero
1799 716 1965 785 ipsius
2008 714 2203 768 animae
2248 709 2453 764 oculus.
2494 722 2685 778 nempe
2715 723 2873 778 pura.
2897 704 3064 772 nuda,
3093 707 3218 762 uui-

1640 808 1856 872 formis,
1888 816 1942 862 et
1970 822 2134 876 supra
2167 804 2510 860 intellectum
2546 800 2757 856 elevata
2782 802 3066 871 cogitatio,
3101 818 3218 857 ma-

1640 909 1734 955 net
1762 907 2002 970 apertus.

1712 991 1886 1047 Porro
1922 990 2153 1046 naturali
2205 988 2407 1044 lumine
2438 987 2742 1044 intellectus
2781 1003 2810 1042 a
2852 998 3001 1044 tanta
3046 989 3216 1045 clari-

1643 1092 1754 1139 tate
1779 1082 2088 1146 obfuscato,
2116 1082 2301 1136 anima
2341 1081 2475 1136 nihil
2510 1081 2563 1135 in
2597 1089 2838 1148 tempore
2870 1081 3086 1151 aspicit,
3117 1083 3215 1153 sed

1642 1192 1808 1246 supra
1848 1185 2063 1243 tempus
2104 1183 2157 1229 et
2197 1174 2376 1229 locum
2416 1182 2626 1236 erecta,
2657 1174 2953 1244 quamdam
2990 1175 3216 1229 aeterni—

1640 1272 1766 1325 tatis
1806 1270 2195 1341 proprietatem
2241 1269 2491 1326 assumit.
2542 1268 2674 1322 Nam
2736 1269 2999 1340 imagines
3018 1278 3075 1325 et
3107 1271 3220 1327 dis-

1645 1362 1960 1417 tinctiouem
2022 1362 2628 1428 considerationcmque
2679 1376 2862 1416 rerum
2926 1364 3218 1427 amittens,

1637 1454 1749 1523 jam
1800 1455 2178 1523 experimento
2223 1454 2403 1519 discit,
2432 1454 2603 1508 Deum
2646 1455 2802 1520 longe
2834 1458 3222 1515 transcendere

1643 1561 1843 1607 omnes,
1881 1546 2215 1615 corporales,
2262 1546 2576 1615 spirituales
2626 1558 2791 1618 atque
2828 1549 3042 1607 divinas
3086 1552 3225 1608 ima-

1644 1638 1817 1705 gines,
1851 1645 1909 1692 et
1944 1636 2208 1706 quidquid
2254 1638 2533 1693 intellectu
2560 1640 2925 1709 apprehendi,
2957 1645 3224 1715 quidquid

1643 1729 1710 1784 de
1740 1728 1847 1782 Deo
1892 1727 2000 1783 dici
2042 1728 2304 1795 scribive,
2346 1730 2607 1799 quidquid
2646 1732 2883 1787 nominis
2928 1734 2977 1788 ei
3020 1736 3223 1804 imponi

14 1823 179 1875 llﬂillse
204 1837 326 1886 non,
380 1832 449 1876 ut
503 1822 582 1876 illi
644 1822 975 1887 fabulantur,
1033 1821 1298 1889 insanire,
1328 1824 1422 1877 sed
1471 1823 1540 1876 ab
1572 1803 1614 1858 Β
1643 1829 1851 1888 potest,
1877 1820 2024 1874 clare
2049 1815 2308 1890 perspicit
2332 1821 2458 1875 talia
2482 1822 2666 1877 omnia
2700 1839 2729 1877 a
2767 1826 2998 1880 veritate
3025 1803 3226 1881 divina:

14 1913 183 1966 instabili
222 1912 602 1981 mutabilique
653 1914 966 1967 omnimode
992 1914 1227 1968 errantis
1258 1914 1540 1969 varietatis

16 2004 216 2067 motione,
268 2019 369 2071 per
422 2000 744 2071 simplicem
790 2003 934 2056 circa
982 2003 1172 2058 eadem
1231 2018 1445 2073 semper
1485 2012 1541 2058 et

18 2096 143 2147 eidem
169 2097 311 2149 modo
337 2109 400 2149 se
433 2094 735 2148 habentem
770 2095 1053 2149 veritatem
1077 2109 1198 2150 esse
1225 2096 1535 2151 liberatum.

22 2185 91 2237 llsc
110 2187 239 2240 modo
266 2186 434 2255 primi
467 2185 682 2242 divinae
714 2186 996 2256 sapientiae
1034 2197 1235 2247 nostra:
1263 2189 1540 2256 professo-

22 2293 73 2329 res
92 2292 166 2344 pro
190 2279 415 2332 veritate
446 2278 703 2347 quotidie
729 2278 1119 2344 moriebantur,
1156 2280 1533 2343 testificantes,

20 2370 159 2438 titipar
182 2380 274 2434 est,
308 2379 365 2424 et
393 2385 664 2425 sermone
697 2379 752 2425 et
796 2385 982 2440 opere,
1026 2371 1362 2440 singularem
1390 2371 1536 2427 illam

18 2458 264 2514 Christiana:
306 2460 574 2514 veritatis
605 2460 966 2530 agnitionem,
992 2461 1237 2516 omnium
1265 2476 1385 2516 esse
1413 2470 1536 2516 cum

16 2551 437 2620 simplicissimam,
476 2563 599 2606 tum
634 2551 1055 2618 divinissimam;
1110 2551 1221 2608 imo
1268 2553 1449 2623 potius
1493 2551 1537 2584 ⁸³

14 2643 108 2696 banc
150 2643 306 2697 solam
373 2658 505 2698 esse
564 2658 754 2697 veram
806 2651 971 2713 atque
1014 2644 1232 2698 unicam
1276 2644 1538 2715 simplicis

14 2733 71 2784 Dei
98 2734 339 2789 notitiam.
366 2734 471 2789 Est
502 2734 654 2790 enim
682 2734 1015 2791 divinissima
1048 2736 1139 2792 Dei
1190 2737 1380 2792 notitia
1420 2751 1539 2806 qua:

14 2838 72 2891 ter
112 2825 457 2883 nescientium
511 2826 817 2898 accipitur,
879 2830 1174 2884 secundum
1221 2827 1390 2893 illam,
1421 2841 1540 2898 qua:

13 2931 121 2985 inpr:
160 2920 495 2974 intellectum
535 2928 657 2984 est,
699 2920 976 2986 unionem,
1009 2920 1227 2991 quando
1277 2921 1537 2974 nimirum

14 3026 114 3062 nens
144 3028 168 3064 a
197 3013 359 3066 rebus
405 3012 682 3065 omnibus
723 3012 1001 3077 recedens,
1050 3027 1115 3066 ac
1142 3021 1306 3066 totam
1339 3019 1541 3066 semet-

20 3119 125 3169 psam
167 3106 449 3170 deserens,
501 3104 745 3174 desuper
784 3103 1105 3175 fulgentibus
1136 3105 1302 3159 radiis
1330 3104 1533 3169 unitur,

14 3203 147 3266 nibus
170 3204 216 3256 in
267 3202 361 3257 illo
395 3200 755 3255 inscrutabili
790 3200 1074 3284 sapientiae
1126 3199 1396 3272 profundo
1424 3200 1537 3257 col-

18 3303 123 3345 αειτει
131 3305 222 3348 tur.

526 3430 760 3488 CAPUT
803 3430 913 3487 VII.

14 3566 218 3629 Quomodo
255 3569 530 3625 mirabilis
574 3568 673 3623 illa
718 3572 952 3641 mystica:
993 3570 1267 3640 theologia
1320 3570 1446 3624 unio
1483 3571 1539 3624 in

472 3641 659 3693 anima
691 3641 996 3710 perﬁciatur
1009 3684 1025 3701 .

52 3748 460 3807 Sublimissimus
492 3768 686 3807 rerum
723 3754 1076 3824 mysticarum
1104 3753 1402 3821 interpres,
1431 3752 1539 3807 Lu-

14 3840 171 3894 iovicns
226 3840 491 3905 Blosius,
564 3841 618 3894 in
674 3839 1010 3895 Institutione
1065 3857 1162 3897 sua
1226 3842 1535 3911 spirituali,

14 3945 86 3998 ap.
118 3934 205 3997 l2,
238 3933 267 4006 ς
315 3934 372 3998 2,
408 3934 606 3990 divina
658 3948 888 4002 prorsus
929 3934 1141 3989 ratione
1184 3934 1345 4000 hanc,
1376 3916 1535 4003 quam

14 4035 203 4085 asperius
234 4026 444 4091 fuerat,
496 4025 751 4095 mysticae
810 4025 1094 4095 theologia:
1141 4026 1395 4081 unionem
1444 4027 1538 4082 de-

14 4115 214 4183 subeas,
241 4116 417 4182 Felix,
472 4116 683 4184 inquit,
740 4115 830 4169 illa
891 4117 1095 4182 anima,
1148 4134 1268 4187 qua:
1313 4118 1535 4189 puritati

14 4207 152 4269 mdis,
188 4217 507 4277 sanctaque
555 4206 948 4262 introversioni
989 4208 1193 4277 jugiter
1235 4209 1440 4274 studet,
1481 4218 1540 4264 et

14 4296 159 4351 iuvato
180 4302 373 4364 amori,
406 4314 510 4353 seu
563 4298 797 4367 propriae
844 4300 1143 4365 voluntati,
1194 4304 1537 4372 propriasque

14 4390 250 4451 [mitium
294 4405 537 4461 prorsus
582 4390 884 4444 renuntiat.
927 4390 1053 4445 "ire
1096 4393 1242 4446 enim
1274 4394 1448 4462 magis
1474 4408 1537 4448 ac

14 4480 745 4552 nagisDeoappropiuquare
793 4490 1056 4535 meretur.
1110 4481 1350 4537 Tandem
1408 4498 1536 4538 vero

14 4572 311 4638 aperioribus
344 4573 469 4641 ejus
520 4572 736 4625 viribus
774 4570 955 4625 divina
1000 4572 1176 4641 gratia
1214 4575 1531 4639 sublevatis,
1566 4554 1610 4609 Ῑ)

14 4659 252 4719 larilicatis
276 4675 334 4720 et
356 4663 670 4724 exornatis,
692 4662 955 4716 unitatem
982 4663 1389 4734 nuditatemque
1418 4666 1534 4736 spi-

14 4754 98 4806 itus
126 4757 341 4822 obtinet,
381 4765 441 4810 et
472 4771 676 4825 purum
707 4764 871 4824 atque
916 4755 1243 4824 indepictum
1270 4770 1534 4823 amorem,

14 4843 353 4918 implicemque
382 4849 784 4918 cogitationem
808 4887 825 4911 ,
870 4860 991 4917 quae
1019 4848 1409 4918 cogitationum
1438 4862 1537 4903 cx—

14 4948 87 4987 reis
110 4949 204 5005 est,
251 4941 603 5011 adipiscitur.
657 4936 778 4993 Iam
825 4938 1009 5008 itaque
1058 4953 1181 4995 cum
1220 4938 1538 4995 excellentis

14 5029 344 5102 ndicibilisque
364 5032 564 5102 gratim
599 5030 696 5085 Dei
729 5031 798 5085 sit
829 5045 1039 5101 capax,
1070 5030 1137 5085 ad
1170 5030 1352 5085 virum
1386 5028 1537 5085 illum

14 5127 157 5173 autem
180 5125 268 5192 qui
298 5124 368 5179 ab
394 5133 606 5179 astet-no
642 5129 847 5187 manat,
876 5138 941 5176 ac
970 5132 1284 5178 sanctorum
1328 5131 1539 5177 mentes

14 5210 101 5262 talis
120 5228 374 5286 superque
404 5215 612 5279 reficit,
643 5215 974 5284 perducitur.
1006 5213 1124 5270 Jam
1156 5215 1295 5269 vires
1320 5213 1437 5282 ejus
1466 5213 1536 5268 ad

17 5310 133 5353 Dslal’
177 5307 450 5362 stellarum
492 5308 704 5370 lucent,
743 5317 797 5360 et
845 5306 959 5375 ipsa
997 5309 1055 5361 lit
1080 5307 1270 5362 idonea
1292 5305 1359 5360 ad
1398 5318 1533 5358 con-

14 5396 316 5459 cmplanduin
362 5397 689 5455 Divinitatis
721 5398 1006 5469 abyssum,
1061 5414 1274 5465 sereno,
1304 5396 1536 5465 simplici

14 5490 47 5531 ει
63 5482 269 5548 iucundo
294 5492 517 5556 intuitu,
545 5492 757 5559 absque
786 5490 1191 5560 imaginatione,
1215 5498 1272 5545 et
1296 5489 1414 5543 sine
1440 5486 1538 5539 ali-

14 5586 85 5639 qua
110 5578 398 5639 intellectus
449 5585 810 5641 admistione.
855 5583 1007 5641 Unde
1047 5583 1267 5654 quando
1309 5594 1432 5637 sese
1467 5580 1534 5634 ad

1641 1910 1891 1965 eSsentia:
1918 1910 1971 1964 in
2004 1911 2273 1964 iuliuitum
2305 1912 2534 1978 distare,
2559 1912 2629 1966 oh
2662 1914 2823 1982 idque
2849 1917 3096 1970 eamdem
3130 1930 3223 1972 es-

1640 2002 1874 2056 sentiam
1924 2000 2365 2057 innominabilem
2412 2017 2553 2057 esse.
2598 2003 2812 2067 Ignorat
2858 2013 3039 2059 tamen
3089 2009 3219 2075 quid

1641 2095 1717 2148 sit
1758 2093 1923 2159 Deus,
1973 2107 2135 2161 quem
2184 2095 2374 2149 sentit.
2421 2093 2560 2149 Hinc
2606 2097 3029 2166 praecoiinitione
3073 2098 3216 2153 facta

1640 2183 1757 2238 sine
1786 2184 2117 2254 cognitione,
2151 2183 2203 2237 in
2246 2184 2364 2239 solo
2408 2185 2654 2250 amabili,
2701 2188 2867 2252 nudo,
2896 2188 3133 2257 simplici
3162 2200 3220 2244 et

1642 2277 1828 2345 ignoto
1856 2278 1967 2331 Deo
1995 2275 2254 2347 quiescit.
2287 2276 2401 2332 Lux
2434 2279 2636 2349 quippe
2662 2280 2844 2335 divina
2879 2292 3103 2353 propter
3128 2284 3216 2341 ui-

1639 2370 1801 2424 miam
1832 2371 1916 2425 sui
1940 2369 2245 2425 claritatem
2264 2370 2663 2429 inaccessibilis
2686 2382 2770 2429 est
2804 2391 2818 2428 :
2848 2376 2990 2432 unde
3021 2385 3078 2431 et
3122 2393 3218 2431 ca-

1638 2462 1742 2530 ligo
1775 2461 2096 2531 appellatur.
2129 2463 2367 2534 Suscipit
2391 2465 2480 2519 hic
2515 2466 2693 2519 anima
2719 2468 2942 2521 verbum
2981 2462 3219 2523 abscon-

1637 2550 1833 2616 ditum,
1880 2554 2026 2623 quod
2075 2553 2218 2608 Deus
2272 2555 2324 2608 in
2376 2554 2591 2610 interno
2640 2556 2856 2613 silentio
2903 2566 2958 2612 et
3009 2570 3221 2617 secreto

1641 2644 1841 2699 mentis
1879 2658 2097 2700 recessu
2136 2648 2394 2715 loquitur.
2425 2646 2537 2702 Hoc
2580 2650 2831 2718 suscipit,
2862 2662 3025 2721 atque
3056 2654 3221 2709 unio-

1638 2737 1724 2791 nis
1780 2738 2023 2807 mysticae
2076 2739 2417 2807 complexum
2477 2740 2711 2796 feliciter
2765 2748 3061 2813 experitur.
3115 2746 3219 2802 Ubi

1637 2827 1783 2883 enim
1815 2828 2157 2883 intellectum
2188 2845 2486 2900 omnesque
2533 2832 2801 2904 imagines
2834 2850 2933 2904 per
2978 2851 3216 2894 ainoren.

1638 2921 1909 2985 excessit,
1956 2931 2010 2974 et
2065 2935 2223 2990 supra
2274 2921 2623 2990 semetipsam
2680 2934 2868 2979 evecta
2918 2934 3037 2989 est,
3074 2928 3221 2996 quod

1640 3010 1790 3064 solus
1813 3010 1953 3065 Deus
1979 3012 2027 3064 ei
2053 3022 2311 3081 praestare
2340 3021 2542 3082 potest,
2562 3013 2674 3083 jam
2694 3029 2723 3067 a
2750 3029 2807 3070 se
2832 3012 3071 3072 deﬂuens
3092 3034 3221 3088 proo-

1641 3102 1760 3155 lluit
1782 3101 1835 3155 in
1869 3103 2035 3155 Deum
2069 3119 2083 3156 :
2115 3111 2350 3171 tuncque
2379 3103 2520 3157 Deus
2550 3120 2651 3173 pax
2681 3115 2736 3161 et
2765 3106 2949 3162 l'ruitio
2975 3113 3091 3176 ejus
3110 3120 3216 3165 est.

1638 3192 1732 3247 Illa
1766 3208 1899 3263 ergo
1932 3194 1984 3246 iu
2015 3194 2107 3247 tali
2134 3196 2330 3249 mentis
2355 3209 2584 3249 excessu
2615 3198 2816 3265 posita,
2835 3199 2962 3269 jure
2992 3210 3216 3257 cantat:

1640 3283 1706 3338 In
1743 3302 1870 3354 pace
1910 3286 1966 3340 in
2007 3286 2236 3355 idipsum
2288 3285 2550 3340 dormiam
2590 3297 2639 3343 et
2680 3291 2998 3359 requiescam
3027 3293 3090 3350 ⁸⁸.
3118 3293 3221 3350 De-

1639 3377 1777 3444 ﬂuit,
1823 3379 2067 3449 inquam,
2111 3392 2303 3433 amans
2347 3382 2554 3444 anima,
2586 3379 2884 3452 deficitque
2927 3400 2956 3438 a
2984 3400 3044 3441 se
3078 3386 3219 3456 ipsa,

1639 3478 1697 3524 et
1747 3469 1897 3523 velut
1948 3470 2016 3523 ad
2058 3468 2287 3522 nihilum
2338 3464 2578 3533 redacta,
2636 3473 2688 3528 in
2730 3475 2986 3546 abyssum
3029 3483 3217 3534 aeterni

1639 3562 1843 3616 amoris
1878 3562 2166 3617 collabitur
2207 3582 2220 3617 :
2260 3562 2351 3616 ubi
2393 3563 2495 3617 sibi
2540 3573 2774 3633 mortua,
2813 3569 2945 3623 vivit
2989 3571 3042 3625 in
3090 3573 3219 3638 Deo,

1639 3653 1771 3708 nihil
1812 3653 2014 3718 sciens,
2055 3654 2192 3708 nihil
2238 3653 2483 3710 sentiens
2534 3667 2732 3725 praeter
2778 3676 3021 3716 amorem
3058 3679 3220 3733 quem

1638 3752 1837 3814 gustat.
1878 3743 2062 3801 Perdit
2092 3745 2238 3801 enim
2271 3761 2331 3801 se
2368 3746 2422 3801 in
2454 3747 2761 3803 vastissima
2794 3751 3105 3810 Divinitatis
3133 3772 3221 3811 δοσ-

1638 3835 1867 3890 litudiue
1892 3846 2055 3906 atque
2085 3837 2320 3908 caligine
2351 3857 2364 3892 :
2410 3839 2506 3893 sed
2551 3839 2631 3894 sic
2670 3855 2732 3896 se
2762 3844 3008 3911 perdere,
3040 3848 3223 3915 potius

1637 3942 1698 3981 se
1748 3928 1993 3983 invenire
2036 3936 2141 3983 est.
2188 3930 2268 3984 lbi
2318 3945 2451 3985 sane
2491 3933 2754 4003 quidquid
2798 3945 2883 3989 est
2920 3938 3218 3992 humanum

1625 4032 1868 4085 “exuens,
1901 4030 1957 4074 et
1981 4020 2129 4089 quod
2161 4027 2245 4074 est
2277 4019 2521 4075 divinum
2574 4022 2831 4087 inducas,
2865 4027 3219 4082 transforma-

1640 4121 1731 4166 tur
1756 4119 2262 4183 transmutaturque
2287 4113 2340 4168 in
2367 4112 2538 4168 Deum
2566 4131 2581 4167 :
2612 4113 2756 4170 sicut
2785 4116 2986 4173 ferrum
3017 4120 3069 4175 in
3096 4120 3221 4191 igne

1639 4202 1874 4274 positum
1918 4201 2150 4257 formam
2195 4202 2337 4273 ignis
2383 4202 2603 4273 accipit,
2634 4210 2690 4259 et
2728 4214 3123 4262 transmutatur
3166 4210 3221 4264 in

1641 4296 1841 4365 ignem.
1875 4292 2060 4347 Manet
2099 4302 2280 4348 tamen
2318 4294 2557 4349 essentia
2589 4295 2782 4350 animae
2823 4297 2905 4351 sic
2933 4297 3221 4364 deificatze,

1637 4386 2093 4457 quemadmodum
2118 4386 2327 4441 ferrum
2353 4385 2581 4456 ignitum
2612 4401 2720 4441 non
2750 4386 2947 4442 desinit
2970 4403 3091 4443 esse
3114 4391 3225 4445 fer—

1639 4493 1782 4534 rum.

1712 4570 1881 4641 Igitur
1931 4572 2047 4641 ipsa
2095 4572 2300 4636 anima,
2347 4585 2469 4642 qua:
2509 4571 2661 4638 prius
2700 4578 2818 4623 erat
2862 4571 3084 4641 frigida,
3112 4572 3226 4641 jam

1644 4666 1799 4719 ardet
1832 4684 1843 4717 :
1876 4678 1997 4732 qua:
2026 4664 2181 4733 prius
2217 4672 2339 4717 erat
2376 4661 2686 4727 tenebrosa,
2727 4662 2838 4731 jam
2877 4663 3058 4732 lucet;
3109 4682 3229 4736 qua:

1645 4755 1795 4824 prius
1824 4762 1945 4809 erat
1970 4754 2126 4819 dura,
2148 4756 2262 4822 jam
2294 4752 2475 4808 mollis
2511 4759 2614 4807 est.
2646 4751 2810 4809 Plane
2841 4762 2953 4809 tota
2988 4755 3231 4811 deicolor

1646 4858 1753 4913 eat,
1790 4849 1918 4917 quia
1960 4849 2198 4903 essentia
2246 4848 2369 4916 ejus
2406 4848 2641 4903 essentia
2688 4847 2780 4902 Dei
2842 4847 3083 4922 perfusa,
3123 4856 3227 4903 est.

1648 4938 1787 4994 Tota
1814 4938 1984 4994 divini
2014 4940 2220 4995 amoris
2253 4940 2375 5011 igne
2402 4948 2771 4998 concremata.
2803 4948 3028 5008 totaque
3052 4938 3231 5009 lique-

1643 5030 1790 5086 facta
1847 5031 2070 5086 transiit
2113 5032 2169 5087 in
2214 5031 2409 5097 Deum,
2459 5042 2515 5087 et
2558 5033 2608 5088 ei
2663 5032 2784 5087 sine
2826 5033 3003 5088 medio
3052 5032 3225 5095 unita,

1645 5138 1894 5194 unusque
1942 5125 2170 5194 spiritus
2201 5139 2325 5179 cum
2370 5139 2435 5180 eo
2462 5124 2655 5179 eliecta
2700 5134 2783 5178 est
2819 5141 2833 5177 :
2862 5124 3004 5177 sit-ut
3034 5138 3225 5177 aurum

1642 5224 1699 5269 et
1730 5230 1805 5269 tes
1833 5215 1886 5268 in
1914 5229 2080 5269 uuam
2107 5214 2308 5269 metalli
2341 5229 2576 5269 massam
2607 5213 2929 5268 conflantur.
2960 5212 3226 5267 Cteterutn

1643 5305 1861 5359 illorum
1893 5307 1983 5377 qui
2020 5306 2071 5360 in
2109 5306 2280 5360 Deum
2312 5307 2387 5359 ita
2420 5305 2691 5360 excedunt
2717 5312 2770 5358 ct
2802 5304 3107 5372 rapiuntur,
3138 5304 3228 5359 di-

1644 5398 1788 5452 versi
1817 5398 2020 5468 gradus
2043 5406 2172 5451 sunt
2214 5416 2227 5451 :
2259 5414 2382 5452 nam
2412 5412 2478 5452 eo
2508 5399 2738 5467 quisque
2782 5394 3104 5466 profundius
3136 5404 3225 5448 at-

1643 5502 1752 5560 que
1776 5489 2066 5543 sublimius
2101 5490 2155 5544 in
2188 5489 2365 5558 ipsum
2393 5490 2563 5544 Deum
2595 5489 2877 5558 pertingit,
2914 5503 3021 5556 quo
3046 5486 3231 5542 eliica-
3284 5481 3290 5493 '

1645 5581 1766 5635 cius
1814 5581 2212 5652 ardentiusque
2261 5595 2361 5637 seu
2405 5580 2710 5637 amorosius
2744 5594 2803 5635 se
2840 5580 2909 5634 ad
2942 5592 3067 5634 eum
3095 5593 3231 5635 con-

61 5752 93 5786 ”
136 5759 639 5830 Dedirin.nom.,c,
676 5765 725 5827 7,
752 5762 778 5833 §
806 5759 859 5814 4.
937 5761 980 5794 ¹³
1020 5760 1180 5827 lbid.,
1214 5759 1244 5831 ς
1282 5759 1338 5817 5.
1417 5757 1459 5789 ¹⁸
1488 5754 1537 5810 Pl

1712 5771 1739 5821 ’ν
1770 5756 1824 5811 9δ

274 5861 543 5920 l’arnon.
594 5860 713 5917 Gn.
748 5854 858 5915 ill.

2876 5847 2913 5900 is
