3708 6350
470 353 580 414 10⁸1

1605 344 1662 400 S.
1707 342 2075 399 DIONYSIUS
2115 344 2559 400 AREOPAGITA
3612 348 3671 402 10:

470 465 653 529 vertit,
682 471 738 518 et
766 474 872 532 quo
899 457 1196 533 perfectius
1221 458 1274 514 in
1299 458 1413 530 ipsa
1443 463 1803 516 conversione
1827 476 2043 517 omnem
2074 466 2119 521 Α
2151 461 2407 525 rantiam,
2439 471 2494 516 et
2523 475 2620 529 per
2655 461 2902 516 intimum
2934 462 3141 516 amoris
3169 471 3495 525 contactum,
3527 465 3671 518 meliu

470 556 742 626 prapriam
773 553 1147 624 quaesitione'm
1179 552 1408 623 repellit.

536 647 581 703 0
606 655 846 701 sanctam
877 645 1022 699 illam
1055 645 1313 713 animam,
1344 659 1465 714 qum
1496 662 1524 699 a
1553 644 1665 700 Deo
1695 645 2046 715 singulariter

470 737 712 800 visitata,
736 744 790 792 et
816 750 980 806 supra
1013 736 1195 790 omnia
1235 744 1440 799 creata,
1467 749 1739 804 supraque
1767 737 2042 805 prOpriam

468 829 836 898 operationem
889 826 1124 891 elevata,
1175 825 1233 882 in
1287 825 1338 880 vl
1395 827 1750 881 memorativa
1809 829 2046 881 nudatur

469 918 722 971 omnibus
769 914 1135 985 imaginibus,
1185 924 1242 970 et
1291 929 1496 969 meram
1541 916 1835 984 puritatem
1882 925 2045 985 atque

469 1008 874 1076 simplicitatem
908 1009 1103 1073 sentit;
1139 1007 1192 1061 in
1218 1007 1268 1060 vi
1303 1005 1630 1062 intellectiva
1658 1007 1885 1076 percipit
1910 1022 2045 1075 prae-

469 1097 700 1169 fulgidas
745 1098 1175 1154 illuminationes
1222 1099 1366 1155 Solis
1396 1099 1656 1168 iustitiae,
1698 1108 1751 1154 et
1805 1101 2042 1155 divinam

467 1190 751 1245 veritatem
802 1190 1072 1260 agnoscit!
1136 1189 1312 1247 Porro
1370 1193 1423 1247 in
1477 1191 1529 1246 vi
1583 1191 1820 1245 amativa
1877 1193 2044 1246 sentit

469 1291 661 1338 :estum
711 1284 1000 1354 quemdam
1050 1283 1218 1352 quieti
1265 1284 1507 1350 amoris,
1561 1284 1678 1338 sive
1732 1293 2041 1338 contactum

472 1375 711 1445 Spiritus
739 1374 937 1438 sancti,
973 1383 1228 1443 tanquam
1261 1373 1464 1427 fontem
1499 1373 1701 1439 vivum,
1732 1381 2040 1426 manantem

474 1466 662 1520 rivulis
697 1476 915 1521 telorum
951 1465 1258 1529 suavitatis,
1294 1476 1457 1536 atque
1481 1466 1554 1520 ita
1595 1465 1661 1519 ad
1691 1464 2040 1519 excellentem

471 1572 592 1610 cum
622 1557 731 1610 Deo
769 1557 1025 1611 unionem
1059 1556 1321 1612 invitatur
1361 1556 1860 1626 introducitnrque.
1885 1556 1928 1610 Ο
1959 1555 2042 1609 fe-

471 1649 626 1702 licem
656 1650 798 1703 illam
837 1649 1064 1703 horam!
1097 1648 1251 1704 Tunc
1277 1650 1533 1704 nimirum
1570 1650 1749 1703 anima
1781 1663 2042 1718 superna-

473 1740 630 1795 turali
655 1741 1158 1811 jucundissimaque
1201 1742 1547 1797 solemnitate
1577 1751 1632 1797 et
1683 1741 1878 1812 gaudio
1914 1755 2038 1794 ver-

472 1833 798 1888 nantissimo
836 1833 982 1888 intus
1009 1833 1333 1903 perfruitur,
1368 1848 1432 1889 ac
1463 1833 1702 1888 futuram
1746 1831 2039 1887 beatitudi-

473 1939 592 1977 nem
638 1924 823 1994 aliquo
867 1924 1024 1980 modo
1072 1934 1385 1994 prmgustat.
1434 1924 1479 1980 0
1507 1939 1671 1995 quam
1713 1925 1904 1980 beatus
1933 1932 2037 1990 est,

470 2017 559 2070 cui
587 2015 1074 2086 fragrantissimum
1107 2017 1234 2071 illud
1261 2033 1372 2083 ver,
1411 2027 1466 2072 et
1485 2026 1647 2072 mstas
1673 2015 1758 2070 illa
1784 2017 2043 2072 ammuis-

469 2109 606 2162 sima
634 2108 901 2172 exoritur,
932 2109 1131 2178 cuique
1163 2109 1400 2163 divinam
1432 2108 1680 2178 copulam
1713 2108 1796 2163 vel
1829 2107 1896 2161 ad
1925 2123 2044 2163 mo-

469 2204 708 2250 mentum
733 2198 968 2266 expcriri
996 2213 1317 2254 concessum
1343 2207 1424 2254 est
1449 2200 1462 2254 !
1493 2197 1542 2254 ls
1572 2199 1716 2254 enim
1739 2201 1804 2254 ad
1836 2200 1888 2255 id
1911 2214 2037 2269 per-

468 2287 712 2354 ducitur,
758 2287 903 2358 quod
958 2304 1060 2344 nec
1119 2290 1280 2354 ratio,
1327 2303 1428 2345 nec
1480 2289 1786 2345 intellectus
1821 2303 2038 2360 capere,

469 2397 645 2451 neque
668 2383 846 2453 lingua
875 2386 1184 2455 exprimere
1211 2394 1410 2454 potest.
1439 2383 1543 2440 Per
1563 2385 1863 2454 sapientem
1893 2385 2040 2453 igno-

2071 1801 2112 1856 Β

2150 553 2318 606 Deum
2350 553 2653 621 cognoscit,
2677 568 2839 621 quam
2879 553 3180 608 exteriores
3205 555 3322 622 ejus
3352 555 3489 608 oculi
3523 555 3671 607 visibi

2150 642 2252 696 lem
2298 641 2465 695 solem
2530 651 2883 710 cognoscant.
2928 642 3112 714 Usque
3157 646 3292 699 adeo
3343 645 3613 699 stabilitnr
3657 646 3666 698 i

2149 733 2277 796 Deo,
2298 741 2356 787 ut
2383 733 2549 787 Deum
2578 734 2680 789 sibi
2709 734 3025 790 viciniorem
3047 751 3167 790 esse
3195 737 3396 792 sentiat
3420 751 3575 806 quam
3601 737 3671 805 ips

2147 824 2218 878 sit
2259 824 2361 878 sibi
2405 841 2418 877 :
2461 826 2602 878 unde
2631 834 2685 879 et
2721 825 3047 881 deiformem
3099 827 3671 899 superessentialemqu

2146 916 2312 969 vitam
2341 915 2452 984 jam
2475 916 2646 981 ducit,
2674 917 2851 972 factus
2871 918 3092 972 Christo
3125 919 3417 973 secundum
3440 919 3671 988 spirituum

2146 1007 2384 1060 animam
2425 1016 2481 1060 et
2531 1021 2734 1076 corpus
2780 1008 3100 1062 conformis.
3135 1007 3261 1062 Sive
3308 1009 3555 1063 comedat
3604 1011 3671 1062 siv

2145 1099 2316 1164 bibat,
2346 1097 2462 1153 sive
2489 1098 2673 1168 vigilet
2703 1100 2819 1154 sive
2859 1099 3115 1163 dormiat,
3150 1114 3366 1169 semper
3395 1099 3445 1153 in
3475 1114 3541 1153 eo
3579 1099 3671 1152 Deu

2145 1200 2429 1259 operatur,
2455 1190 2546 1259 qui
2572 1190 3107 1258 superessentialiter
3141 1191 3274 1244 vivit
3300 1191 3350 1244 in
3386 1190 3494 1244 illo.
3527 1189 3671 1244 Talct‘

2145 1283 2261 1351 ipse
2288 1283 2426 1336 heus
2448 1283 2604 1338 docet
2635 1281 2701 1336 de
2727 1283 3001 1349 omnibus,
3024 1294 3081 1338 et
3100 1282 3409 1353 spirituales
3434 1283 3671 1353 mySticos

2144 1387 2252 1441 que
2281 1387 2473 1427 sensus
2492 1372 2548 1426 ei
2583 1372 2777 1441 aperit.
2809 1371 3176 1436 Creberrime,
3212 1373 3298 1426 vel
3328 1373 3485 1427 etiam
3518 1373 3671 1427 indesi

2147 1475 2342 1520 uenter
2380 1480 2502 1518 eum
2548 1465 2755 1530 visitat,
2789 1466 3068 1535 astringit,
3110 1465 3406 1530 osculatur,
3456 1465 3671 1520 illustrat

2147 1555 2416 1620 accendit,
2453 1563 2705 1624 penetrat
2727 1564 2783 1608 et
2815 1556 3019 1625 implet.
3047 1554 3181 1609 Nam
3221 1571 3345 1610 cum
3375 1557 3549 1609 anima
3599 1557 3671 1624 eju

2143 1651 2214 1702 sit
2248 1647 2360 1716 jam
2402 1646 2681 1714 speculum
2719 1646 2926 1700 clarum
2972 1647 3091 1701 sine
3120 1647 3357 1712 macula,
3383 1647 3565 1701 divino
3603 1649 3668 1702 So

2143 1741 2538 1795 convenienter
2567 1739 2838 1810 objectum
2862 1739 3327 1808 substratumque,
3363 1739 3475 1799 ipse
3505 1739 3597 1792 So!
3624 1742 3671 1808 ju

2142 1834 2305 1890 stitize
2331 1849 2436 1888 non
2469 1843 2644 1903 potest
2681 1847 2786 1887 non
2826 1830 3040 1886 assidue
3077 1830 3353 1886 stillicidia
3391 1831 3598 1902 gratiae.
3630 1849 3671 1884 ra

2143 1925 2264 1978 dios
2296 1923 2573 1992 sapientia:
2598 1933 2652 1976 et
2689 1922 2972 1976 cbarilatis
3001 1920 3267 1976 scintillas
3297 1920 3349 1974 iu
3379 1936 3496 1973 eam
3524 1922 3671 1974 (“mill

2143 2018 2291 2070 dere.
2347 2014 2514 2068 Valde
2562 2014 2780 2082 quidem
2827 2013 3137 2068 sublimiter
3174 2023 3340 2082 atque
3391 2012 3671 2066 mirabilite

2145 2108 2289 2162 Deus
2317 2121 2378 2162 se
2403 2120 2792 2176 nonnunquam
2824 2106 3019 2160 anima:
3049 2103 3301 2174 perfecta:
3331 2105 3530 2160 revelat
3557 2116 3671 2173 atqu

2145 2199 2488 2267 manifestat,
2531 2200 2770 2253 nondum
2834 2209 3014 2253 tamen
3057 2198 3295 2253 ostendit
3334 2196 3493 2250 sicuti
3537 2205 3620 2250 est
3658 2197 3667 2248 i

2147 2306 2245 2346 sua
2299 2289 2560 2346 ineffabili
2605 2289 2798 2359 gloria,
2835 2289 2929 2344 sed
2972 2288 3116 2345 sicut
3145 2288 3201 2342 in
3233 2287 3338 2342 hac
3380 2286 3487 2341 vita
3542 2287 3671 2339 videt

2145 2390 2339 2455 potest.

1085 2675 1844 2790 GEORGII
1919 2674 3103 2790 PACEYMEBE

657 3085 660 3088 ἢ
754 2907 902 3024 ΙΝ
994 2907 1452 3024 OPERA
1529 2910 1649 3024 S.
1737 2910 2392 3028 DIONYSII
2465 2907 3414 3029 AREOPAGITfE

1343 3145 1492 3233 AD
1569 3146 1979 3238 CYRUM
2054 3145 2648 3236 ATHANASI
2672 3148 2833 3239 UM

914 3351 1408 3418 ΡᾹΤΒΙΔΒΩΗΑΜ
1441 3359 1995 3417 ALEXANDRINUM
2027 3358 2439 3416 CONSTANTII

2148 3358 2676 3417 iSTANTlNOPOLl
2711 3358 3242 3417 COMMORANTEM

1684 3535 2464 3651 PRO(EMIUM

1091 3760 1386 3830 lntcrprete
1418 3761 1733 3818 Balthasare
1757 3760 2038 3850 gorderio,
2066 3759 2357 3818 Societatis
2394 3761 2522 3818 Jesu
2561 3763 2784 3818 doctore
2811 3761 3080 3834 theologo.

525 4037 694 4092 llomo
720 4036 837 4104 Dei,
869 4045 922 4093 et
951 4036 1123 4093 fidelis
1153 4051 1332 4104 serve,
1361 4048 1418 4093 et
1444 4037 1785 4109 dispensator
1808 4049 2015 4112 myste—
2045 4049 2091 4111 ο

457 4130 663 4184 riorum
700 4129 929 4194 Christi,
975 4144 1074 4184 nec
1104 4144 1209 4183 non
1242 4130 1328 4184 vir
1359 4129 1784 4200 desideriorum,
1815 4133 2018 4187 multo-

454 4237 571 4274 rum
609 4222 826 4292 quidem
860 4221 1023 4275 etiam
1059 4220 1289 4276 aliorum
1317 4230 1377 4276 et
1415 4237 1762 4293 magnorum,
1805 4224 2020 4279 scilicet

451 4325 639 4368 eorum
668 4327 785 4381 quae
812 4320 937 4367 sunt
964 4313 1219 4381 spiritus,
1265 4327 1497 4382 quorum
1543 4313 1784 4369 omnium
1804 4355 1821 4382 ,
1851 4329 2020 4372 carne

454 4401 796 4466 mortificari,
828 4411 882 4455 et
906 4403 1092 4456 vivere
1117 4401 1358 4466 Christo,
1390 4413 1551 4472 caput
1578 4413 1692 4468 est;
1729 4405 1887 4474 idque
1912 4421 2017 4460 non

449 4494 518 4547 ab
543 4493 679 4557 heri,
720 4503 814 4547 aut
843 4492 1039 4547 nudius
1071 4493 1288 4558 tertius,
1321 4503 1415 4547 aut
1451 4509 1482 4547 a
1522 4509 1713 4563 pauco,
1745 4497 1875 4565 quin
1908 4498 2018 4553 imo

449 4587 610 4639 etiam
644 4601 673 4639 a
704 4585 874 4640 multo
907 4596 1148 4656 tempore
1195 4586 1296 4642 hoc
1331 4594 1479 4640 tuum
1512 4587 1614 4640 fuit
1645 4589 1905 4654 studium,
1936 4598 2019 4644 at-

447 4691 553 4747 que
584 4677 718 4732 adeo
749 4678 816 4731 ab
849 4677 1072 4748 infantia
1118 4685 1171 4732 et
1211 4679 1279 4732 ab
1327 4678 1439 4748 ipsa
1495 4678 1664 4734 ferme
1707 4681 2012 4737 nativitate.

445 4768 611 4823 Novit
642 4769 756 4822 haec
778 4783 931 4822 mons
956 4768 1110 4833 Sina,
1137 4777 1191 4822 et
1221 4783 1345 4837 qua:
1377 4769 1445 4821 ibi
1475 4768 1710 4823 celebris
1734 4770 2013 4838 spelunca,

444 4862 536 4918 ubi
582 4863 637 4917 in
669 4862 873 4917 virtute
923 4863 1209 4927 educatus,
1255 4874 1311 4917 et
1358 4861 1694 4931 spiritalibus
1727 4861 2015 4919 sudoribus

441 4957 927 5026 praeexercitatus,
978 4958 1042 5011 ad
1090 4955 1258 5010 Marci
1297 4957 1550 5011 thronum
1600 4955 1927 5011 adduceris:
1960 4965 2015 5011 et

442 5049 783 5104 vocationem
813 5050 1041 5117 adeptus
1065 5059 1187 5118 post
1218 5048 1416 5117 ipsum,
1442 5047 1601 5118 longo
1631 5047 1847 5115 quidem
1879 5057 2014 5103 tem-

2197 4045 2480 4117 ’Ἄνθρωπε
2506 4043 2600 4098 τοῦ
2627 4042 2783 4109 Θεοῦ,
2813 4045 2908 4098 καὶ
2934 4043 3091 4098 πιστὲ
3126 4043 3402 4116 Θεράπων,
3432 4047 3525 4100 λαὶ
3553 4047 3671 4099 οἱκο

2122 4135 2251 4207 νόμε
2279 4137 2387 4188 τῶν
2424 4134 2664 4207 Χριστοῦ
2707 4134 3040 4205 μυστηρίων,
3079 4133 3174 4186 καὶ
3208 4134 3340 4205 ἆνερ
3375 4136 3671 4205 ἐπιθυμιῶν

2122 4227 2331 4280 πολλῶν
2360 4228 2456 4298 μὲν
2488 4228 2584 4280 καὶ
2611 4226 2807 4290 ἄλλων,
2835 4227 2931 4280 καὶ
2961 4226 3228 4296 μεγάλων,
3251 4226 3450 4298 δηλαδὴ
3475 4228 3586 4279 τῶν
3608 4245 3671 4278 το

2119 4319 2449 4390 πνεύματος,
2477 4311 2552 4373 ὧν
2577 4320 2854 4383 ἁπάντων,
2888 4319 2966 4389 τῷ
2997 4319 3162 4390 σαρκὶ
3199 4319 3560 4389 νεκρωθῆναι,
3611 4337 3671 4372 κα

2120 4410 2282 4480 ζῆσαι
2316 4411 2557 4482 Χριστῷ,
2612 4410 2675 4463 τὸ
2727 4409 3053 4479 κεφάλαιον·
3104 4409 3199 4462 καὶ
3237 4410 3397 4462 τοῦτο
3441 4411 3501 4463 οὑ
3535 4411 3668 4481 χθὲς

2118 4502 2214 4554 καὶ
2245 4501 2350 4572 πρὸ
2376 4501 2598 4571 τρίτης,
2630 4501 2738 4554 οὐδ’
2762 4501 2821 4566 ἐξ
2845 4500 3043 4569 ὀλίγου,
3070 4500 3104 4571 ἢ
3138 4501 3244 4571 μὴν
3275 4502 3370 4554 καὶ
3401 4503 3464 4554 ὲκ
3500 4501 3671 4554 πολλοί

2118 4612 2202 4648 σοι
2232 4593 2676 4664 πεφιλοσόφηται,
2711 4593 2845 4646 ἀλλὰ
2877 4591 3140 4664 βρεφόθεν
3168 4593 3264 4646 καὶ
3286 4593 3344 4660 ἐξ
3379 4593 3547 4664 αὐτῆς
3579 4611 3671 4663 (ηεξ

2115 4689 2204 4743 δὸν
2231 4688 2330 4758 τῆς
2364 4687 2648 4755 γενέσεως.
2683 4683 2804 4739 Οἷδε
2826 4686 2998 4738 ταῦτα
3029 4686 3090 4739 τὸ
3122 4686 3333 4740 Σίναιον
3366 4687 3510 4758 ὅρος,
3540 4688 3644 4739 καὶ
3670 4706 3671 4714 η

2115 4777 2293 4827 ἐκεῖσε
2330 4772 2718 4844 μεγαλώνυμος
2754 4774 2983 4844 μάνδρα,
3017 4775 3152 4827 ὅπου
3176 4775 3300 4828 κατ’
3332 4777 3532 4848 ἀρετὴν
3570 4795 3671 4847 μαι

2115 4859 2314 4928 ευθεὶς,
2353 4864 2447 4917 καὶ
2489 4866 2604 4927 τοῖς
2642 4866 3031 4934 πνευματικοῖς
3072 4864 3258 4934 ἱδρῶσι
3289 4864 3671 4937 προτελεσθεὶς

2112 4955 2207 5009 ἐπὶ
2238 4955 2332 5006 τὸν
2373 4953 2604 5024 Μάρκου
2636 4953 2823 5024 θρόνον
2854 4954 3034 5024 ἀνάγῃ
3053 4970 3066 4982 ·
3103 4954 3196 5006 καὶ
3237 4954 3431 5024 κλῆσιν
3465 4953 3671 5006 πλον-τί

2114 5062 2215 5109 σας
2250 5043 2345 5098 τοῦ
2393 5045 2509 5115 μετ’
2542 5046 2768 5110 ἐκεῖνον,
2795 5046 2874 5117 τῷ
2910 5046 3087 5117 χρόνῳ
3122 5045 3242 5116 μὲν,
3276 5046 3596 5109 πολλοστοῦ,
3633 5063 3671 5097 τι

2110 5136 2155 5189 δ’
2185 5137 2351 5208 ἀρετῇ
2383 5136 2479 5188 καὶ
2515 5136 2677 5198 εὐθὺς
2721 5136 2857 5207 μετὰ
2899 5137 3085 5189 τοῦτον
3133 5137 3229 5189 καὶ
3277 5137 3364 5200 σὺ,
3401 5135 3671 5189 πολλοστὸ

440 5141 587 5210 poris
616 5140 924 5206 intervallo,
966 5140 1169 5194 virtute
1210 5149 1390 5193 tamen
1428 5139 1529 5207 ipsi
1557 5139 1864 5207 proximus,
1887 5138 2013 5193 licet

440 5241 686 5302 tempore
718 5231 1145 5294 remotissimus,
1184 5230 1526 5301 agnosceris.
1559 5229 1798 5284 Eatenus
1827 5239 2010 5284 autem
2115 5229 2212 5300 μὲν
2239 5230 2318 5300 τῷ
2350 5229 2439 5300 χρέ

2148 5229 2212 5281 ,ὲν
2239 5230 2318 5300 τῷ
2350 5228 2546 5300 χρόνῳ,
2587 5229 2844 5300 γνωρίζῃ.
2880 5227 3142 5281 Τοσοῦτον
3163 5227 3220 5280 δὲ
3252 5227 3362 5281 τῶν
3399 5227 3512 5298 μετ’
3550 5228 3671 5278 ἐκεῖ

435 5324 641 5378 sanctis
658 5322 774 5393 ejus
789 5321 1198 5379 successoribus
1220 5321 1488 5390 posterior
1503 5327 1866 5386 es,quatenus
1884 5334 2005 5373 cum
2038 5385 2072 5393 _
2110 5337 2200 5373 vov
2223 5321 2394 5389 ἁγίων
2415 5338 2439 5372 κ

2148 5337 2200 5372 ον
2223 5321 2394 5389 ἁγίων
2415 5320 2786 5390 καθυστερεῖς,
2808 5320 2930 5371 ὅσον
2955 5322 3166 5390 καιροῖς
3193 5319 3341 5383 ἰδίοις
3358 5318 3671 5389 λαμψόιντω

437 5412 537 5482 ipsi
577 5385 701 5468 suis.
734 5411 1068 5482 temporibus
1095 5385 1336 5463 luxerint
1381 5409 1447 5462 ad
1493 5385 1781 5462 utilitatem
1825 5410 2003 5479 populi
2037 5385 2081 5440 Ῑ)
2109 5385 2334 5464 ἐκείνων
2374 5414 2439 5464 ὲπ

2148 5412 2334 5464 κείνων
2374 5412 2459 5464 ἐπ’
2501 5410 2737 5481 ὠφελείᾳ
2764 5409 2858 5462 τοῦ
2892 5412 3356 5483 Χριστεπωνύμου
3400 5410 3529 5464 λαοῦ
3561 5452 3579 5474 ,
3637 5429 3671 5462 σε

433 5504 754 5570 Christiani,
786 5512 842 5557 tu
889 5501 1089 5557 nostris
1118 5500 1449 5568 temporibus
1492 5501 1812 5564 reservaris,
1842 5513 2003 5570 prout
2107 5503 2347 5574 ταμιεύῃ
2379 5521 2438 5555 το

2148 5503 2347 5574 αμιεύῃ
2379 5505 2491 5565 τοῖς
2535 5501 2824 5572 ἡμετέροις
2870 5506 3109 5573 καιροῖς,
3142 5503 3328 5566 καθὼς
3355 5499 3492 5556 οἶδεν
3534 5505 3577 5574 ἡ
3635 5520 3671 5553 τη

436 5594 584 5649 novit
607 5595 980 5658 Providentia,
1005 5609 1124 5662 quae
1156 5602 1352 5648 cuncta
1376 5593 1616 5648 custodit
1645 5601 1699 5646 et
1727 5593 1995 5663 producit.
2106 5595 2282 5648 πάντα.
2311 5613 2439 5666 appos

2149 5595 2282 5648 ἀντα
2311 5593 2621 5667 φρουροῦσα
2648 5595 2742 5647 καὶ
2771 5594 3091 5663 διεξάγουσα
3123 5595 3376 5665 Πρόνοια.

511 5687 801 5751 Praeterea,
835 5685 995 5752 hujus
1026 5686 1240 5753 quidem
1272 5696 1500 5749 morem,
1528 5682 1669 5737 illius
1712 5698 1844 5738 vero
1872 5698 1993 5739 ser-
2189 5686 2303 5754 Ἐφ’
2326 5680 2388 5754 ᾧ,
2417 5703 2439 5736 τ

2189 5686 2303 5754 Ἐφ’
2326 5680 2388 5754 ᾧ,
2417 5685 2512 5737 τοῦ
2546 5685 2644 5754 μὲν
2676 5685 2766 5736 τὸν
2798 5686 3016 5757 τρόπον,
3049 5685 3142 5737 τοῦ
3177 5686 3235 5738 δὲ
3259 5686 3349 5739 τὸν
3380 5685 3567 5753 λόγον,
3603 5701 3671 5736 κα

434 5790 675 5841 itionem;
712 5775 870 5846 hujus
902 5783 1150 5829 exactam
1181 5773 1525 5841 charitatem,
1558 5773 1701 5830 illius
1729 5775 1995 5844 psallendi
2102 5775 2197 5829 τοῦ
2241 5777 2340 5851 μὲν
2387 5777 2439 5830 τὸ

2148 5775 2197 5829 >ῦ
2241 5777 2340 5851 μὲν
2387 5777 2447 5830 τὸ
2485 5776 2588 5847 τῆς
2636 5778 2856 5849 ἀγάπης
2905 5779 3226 5849 εἱλικρινὲς,
3262 5777 3356 5834 τοῦ
3396 5778 3450 5831 δὲ
3481 5776 3554 5830 τὺ
3596 5777 3671 5845 τῆ
