  <div class='ocr_page' id='page_1' title='image "/cluster/home/n/w/nwhite01/storage/ocr_20150623/3/hvd.32044014713192/063.png"; bbox 0 0 3748 6316; ppageno 0'>
   <div class='ocr_carea' id='block_1_1' title="bbox 451 342 544 399">
    <p class='ocr_par' dir='ltr' id='par_1_1' title="bbox 451 342 544 399">
     <span class='ocr_line' id='line_1_1' title="bbox 451 342 544 399; baseline -0.022 0"><span class='ocrx_word' id='word_1_1' title='bbox 451 342 544 399; x_wconf 70' lang='lat' dir='ltr'><strong>Ill</strong></span> 
     </span>
    </p>
   </div>
   <div class='ocr_carea' id='block_1_2' title="bbox 1585 328 2558 389">
    <p class='ocr_par' dir='ltr' id='par_1_2' title="bbox 1585 328 2558 389">
     <span class='ocr_line' id='line_1_2' title="bbox 1585 328 2558 389; baseline 0 -1"><span class='ocrx_word' id='word_1_2' title='bbox 1585 332 1642 388; x_wconf 91' lang='lat' dir='ltr'><strong>S.</strong></span> <span class='ocrx_word' id='word_1_3' title='bbox 1686 328 2058 389; x_wconf 74' lang='lat' dir='ltr'><strong>DlONYSlUS</strong></span> <span class='ocrx_word' id='word_1_4' title='bbox 2096 331 2558 389; x_wconf 75' lang='lat' dir='ltr'><strong>AREOPAGITA.</strong></span> 
     </span>
    </p>
   </div>
   <div class='ocr_carea' id='block_1_3' title="bbox 3615 332 3717 389">
    <p class='ocr_par' dir='ltr' id='par_1_3' title="bbox 3615 332 3717 389">
     <span class='ocr_line' id='line_1_3' title="bbox 3615 332 3717 389; baseline 0.029 -3"><span class='ocrx_word' id='word_1_5' title='bbox 3615 332 3717 389; x_wconf 68' lang='lat'><strong>“3</strong></span> 
     </span>
    </p>
   </div>
   <div class='ocr_carea' id='block_1_4' title="bbox 450 427 2033 523">
    <p class='ocr_par' dir='ltr' id='par_1_4' title="bbox 450 452 2022 522">
     <span class='ocr_line' id='line_1_4' title="bbox 450 452 2022 522; baseline -0.004 -8"><span class='ocrx_word' id='word_1_6' title='bbox 450 461 699 516; x_wconf 99' lang='lat' dir='ltr'><strong>obsecuti</strong></span> <span class='ocrx_word' id='word_1_7' title='bbox 732 498 746 522; x_wconf 92' lang='lat'><strong>,</strong></span> <span class='ocrx_word' id='word_1_8' title='bbox 809 455 939 511; x_wconf 89' lang='lat' dir='ltr'><strong>nulli</strong></span> <span class='ocrx_word' id='word_1_9' title='bbox 990 453 1215 508; x_wconf 81' lang='lat' dir='ltr'><strong>omnino</strong></span> <span class='ocrx_word' id='word_1_10' title='bbox 1265 452 1454 516; x_wconf 77' lang='lat' dir='ltr'><strong>alteri,</strong></span> <span class='ocrx_word' id='word_1_11' title='bbox 1487 466 1651 522; x_wconf 90' lang='lat' dir='ltr'><strong>quam</strong></span> <span class='ocrx_word' id='word_1_12' title='bbox 1681 453 1790 507; x_wconf 89' lang='lat' dir='ltr'><strong>tuis</strong></span> <span class='ocrx_word' id='word_1_13' title='bbox 1818 453 2022 507; x_wconf 86' lang='lat' dir='ltr'><strong>sanctis</strong></span> 
     </span>
    </p>
   </div>
   <div class='ocr_carea' id='block_1_5' title="bbox 2207 427 3715 523">
    <p class='ocr_par' dir='ltr' id='par_1_5' title="bbox 2207 427 3715 523">
     <span class='ocr_line' id='line_1_5' title="bbox 2207 427 3715 523; baseline -0.004 -18"><span class='ocrx_word' id='word_1_14' title='bbox 2207 427 2697 523; x_wconf 77' lang='grc' dir='ltr'>τηκολουθήσαμεν,</span> <span class='ocrx_word' id='word_1_15' title='bbox 2722 449 2897 503; x_wconf 83' lang='grc' dir='ltr'>οὐδενί</span> <span class='ocrx_word' id='word_1_16' title='bbox 2941 466 3003 517; x_wconf 91' lang='grc' dir='ltr'><strong>γε</strong></span> <span class='ocrx_word' id='word_1_17' title='bbox 3046 448 3261 510; x_wconf 87' lang='grc' dir='ltr'>πάντως</span> <span class='ocrx_word' id='word_1_18' title='bbox 3292 446 3489 519; x_wconf 74' lang='grc' dir='ltr'>ἑτέρῳ,</span> <span class='ocrx_word' id='word_1_19' title='bbox 3524 445 3564 516; x_wconf 81' lang='grc' dir='ltr'><strong>ἢ</strong></span> <span class='ocrx_word' id='word_1_20' title='bbox 3598 450 3715 509; x_wconf 75' lang='grc' dir='ltr'>ταῖς</span> 
     </span>
    </p>
   </div>
   <div class='ocr_carea' id='block_1_6' title="bbox 456 542 2020 620">
    <p class='ocr_par' dir='ltr' id='par_1_6' title="bbox 456 542 2020 620">
     <span class='ocr_line' id='line_1_6' title="bbox 456 542 2020 620; baseline -0.006 -17"><span class='ocrx_word' id='word_1_21' title='bbox 456 550 671 620; x_wconf 86' lang='lat' dir='ltr'><strong>piisqne</strong></span> <span class='ocrx_word' id='word_1_22' title='bbox 737 545 1143 617; x_wconf 83' lang='lat' dir='ltr'><strong>precationibus</strong></span> <span class='ocrx_word' id='word_1_23' title='bbox 1203 542 1433 606; x_wconf 78' lang='lat' dir='ltr'><strong>conﬁsi,</strong></span> <span class='ocrx_word' id='word_1_24' title='bbox 1497 543 1727 611; x_wconf 86' lang='lat' dir='ltr'><strong>quibus,</strong></span> <span class='ocrx_word' id='word_1_25' title='bbox 1795 542 2020 610; x_wconf 88' lang='lat' dir='ltr'><strong>opinor,</strong></span> 
     </span>
    </p>
   </div>
   <div class='ocr_carea' id='block_1_7' title="bbox 455 635 2027 709">
    <p class='ocr_par' dir='ltr' id='par_1_7' title="bbox 455 635 2027 709">
     <span class='ocr_line' id='line_1_7' title="bbox 455 635 2027 709; baseline -0.004 -11"><span class='ocrx_word' id='word_1_26' title='bbox 455 644 617 698; x_wconf 90' lang='lat' dir='ltr'><strong>etiam</strong></span> <span class='ocrx_word' id='word_1_27' title='bbox 660 641 1008 697; x_wconf 89' lang='lat' dir='ltr'><strong>invisibiliter</strong></span> <span class='ocrx_word' id='word_1_28' title='bbox 1049 635 1292 701; x_wconf 81' lang='lat' dir='ltr'><strong>suffulti,</strong></span> <span class='ocrx_word' id='word_1_29' title='bbox 1330 636 1488 691; x_wconf 75' lang='lat' dir='ltr'><strong>facile</strong></span> <span class='ocrx_word' id='word_1_30' title='bbox 1534 636 1636 692; x_wconf 89' lang='lat' dir='ltr'><strong>hoc</strong></span> <span class='ocrx_word' id='word_1_31' title='bbox 1675 652 1814 709; x_wconf 88' lang='lat' dir='ltr'><strong>opus</strong></span> <span class='ocrx_word' id='word_1_32' title='bbox 1860 637 2027 692; x_wconf 87' lang='lat' dir='ltr'><strong>susti-</strong></span> 
     </span>
    </p>
   </div>
   <div class='ocr_carea' id='block_1_8' title="bbox 460 747 695 787">
    <p class='ocr_par' dir='ltr' id='par_1_8' title="bbox 460 747 695 787">
     <span class='ocr_line' id='line_1_8' title="bbox 460 747 695 787; baseline -0.004 -1"><span class='ocrx_word' id='word_1_33' title='bbox 460 747 695 787; x_wconf 88' lang='lat' dir='ltr'><strong>nutmus.</strong></span> 
     </span>
    </p>
   </div>
   <div class='ocr_carea' id='block_1_9' title="bbox 529 818 2021 892">
    <p class='ocr_par' dir='ltr' id='par_1_9' title="bbox 529 818 2021 892">
     <span class='ocr_line' id='line_1_9' title="bbox 529 818 2021 892; baseline -0.003 -14"><span class='ocrx_word' id='word_1_34' title='bbox 529 823 735 892; x_wconf 82' lang='lat' dir='ltr'><strong>Ecquid</strong></span> <span class='ocrx_word' id='word_1_35' title='bbox 763 823 907 878; x_wconf 85' lang='lat' dir='ltr'><strong>enim</strong></span> <span class='ocrx_word' id='word_1_36' title='bbox 958 819 1349 875; x_wconf 73' lang='lat' dir='ltr'><strong>mirum‘lcum</strong></span> <span class='ocrx_word' id='word_1_37' title='bbox 1397 818 1561 874; x_wconf 90' lang='lat' dir='ltr'><strong>etiam</strong></span> <span class='ocrx_word' id='word_1_38' title='bbox 1616 832 1749 873; x_wconf 89' lang='lat' dir='ltr'><strong>voce</strong></span> <span class='ocrx_word' id='word_1_39' title='bbox 1797 818 2021 874; x_wconf 85' lang='lat' dir='ltr'><strong>dimissa</strong></span> 
     </span>
    </p>
   </div>
   <div class='ocr_carea' id='block_1_10' title="bbox 452 909 2019 976">
    <p class='ocr_par' dir='ltr' id='par_1_10' title="bbox 452 909 2019 976">
     <span class='ocr_line' id='line_1_10' title="bbox 452 909 2019 976; baseline -0.006 -6"><span class='ocrx_word' id='word_1_40' title='bbox 452 916 585 970; x_wconf 64' lang='lat' dir='ltr'><strong>Elia:</strong></span> <span class='ocrx_word' id='word_1_41' title='bbox 617 915 681 967; x_wconf 88' lang='lat' dir='ltr'><strong>ad</strong></span> <span class='ocrx_word' id='word_1_42' title='bbox 707 914 969 975; x_wconf 89' lang='lat' dir='ltr'><strong>Eliseum,</strong></span> <span class='ocrx_word' id='word_1_43' title='bbox 1001 911 1188 966; x_wconf 83' lang='lat' dir='ltr'><strong>statim</strong></span> <span class='ocrx_word' id='word_1_44' title='bbox 1221 912 1329 976; x_wconf 91' lang='lat' dir='ltr'><strong>hic,</strong></span> <span class='ocrx_word' id='word_1_45' title='bbox 1362 918 1418 965; x_wconf 91' lang='lat' dir='ltr'><strong>et</strong></span> <span class='ocrx_word' id='word_1_46' title='bbox 1448 911 1615 964; x_wconf 90' lang='lat' dir='ltr'><strong>boves</strong></span> <span class='ocrx_word' id='word_1_47' title='bbox 1638 909 1779 973; x_wconf 92' lang='lat' dir='ltr'><strong>illos,</strong></span> <span class='ocrx_word' id='word_1_48' title='bbox 1814 921 1868 965; x_wconf 89' lang='lat' dir='ltr'><strong>et</strong></span> <span class='ocrx_word' id='word_1_49' title='bbox 1899 924 2019 962; x_wconf 84' lang='lat' dir='ltr'><strong>ara-</strong></span> 
     </span>
    </p>
   </div>
   <div class='ocr_carea' id='block_1_11' title="bbox 452 999 2026 1073">
    <p class='ocr_par' dir='ltr' id='par_1_11' title="bbox 452 999 2026 1073">
     <span class='ocr_line' id='line_1_11' title="bbox 452 999 2026 1073; baseline -0.004 -16"><span class='ocrx_word' id='word_1_50' title='bbox 452 1017 533 1058; x_wconf 87' lang='lat' dir='ltr'><strong>tra</strong></span> <span class='ocrx_word' id='word_1_51' title='bbox 563 1045 578 1069; x_wconf 96' lang='lat'><strong>,</strong></span> <span class='ocrx_word' id='word_1_52' title='bbox 611 1014 664 1059; x_wconf 90' lang='lat' dir='ltr'><strong>et</strong></span> <span class='ocrx_word' id='word_1_53' title='bbox 698 1019 914 1059; x_wconf 89' lang='lat' dir='ltr'><strong>omnem</strong></span> <span class='ocrx_word' id='word_1_54' title='bbox 943 1002 1340 1073; x_wconf 86' lang='lat' dir='ltr'><strong>supellectilem</strong></span> <span class='ocrx_word' id='word_1_55' title='bbox 1386 1000 1547 1055; x_wconf 90' lang='lat' dir='ltr'><strong>aliam</strong></span> <span class='ocrx_word' id='word_1_56' title='bbox 1577 999 1868 1068; x_wconf 85' lang='lat' dir='ltr'><strong>abjiciens,</strong></span> <span class='ocrx_word' id='word_1_57' title='bbox 1918 1014 2026 1067; x_wconf 92' lang='lat' dir='ltr'><strong>quo</strong></span> 
     </span>
    </p>
   </div>
   <div class='ocr_carea' id='block_1_12' title="bbox 448 1091 2024 1166">
    <p class='ocr_par' dir='ltr' id='par_1_12' title="bbox 448 1091 2024 1166">
     <span class='ocr_line' id='line_1_12' title="bbox 448 1091 2024 1166; baseline -0.003 -15"><span class='ocrx_word' id='word_1_58' title='bbox 448 1099 617 1164; x_wconf 83' lang='lat' dir='ltr'><strong>pedes</strong></span> <span class='ocrx_word' id='word_1_59' title='bbox 646 1096 915 1162; x_wconf 81' lang='lat' dir='ltr'><strong>ferebant,</strong></span> <span class='ocrx_word' id='word_1_60' title='bbox 946 1103 1085 1166; x_wconf 16' lang='lat' dir='ltr'><strong>post,</strong></span> <span class='ocrx_word' id='word_1_61' title='bbox 1112 1103 1397 1150; x_wconf 88' lang='lat' dir='ltr'><strong>vocantem</strong></span> <span class='ocrx_word' id='word_1_62' title='bbox 1437 1091 1761 1157; x_wconf 82' lang='lat' dir='ltr'><strong>cucurrerit,</strong></span> <span class='ocrx_word' id='word_1_63' title='bbox 1812 1092 2024 1147; x_wconf 82' lang='lat' dir='ltr'><strong>tametsi</strong></span> 
     </span>
    </p>
   </div>
   <div class='ocr_carea' id='block_1_13' title="bbox 450 1186 2025 1260">
    <p class='ocr_par' dir='ltr' id='par_1_13' title="bbox 450 1186 2025 1260">
     <span class='ocr_line' id='line_1_13' title="bbox 450 1186 2025 1260; baseline -0.003 -16"><span class='ocrx_word' id='word_1_64' title='bbox 450 1204 669 1260; x_wconf 89' lang='lat' dir='ltr'><strong>quoque</strong></span> <span class='ocrx_word' id='word_1_65' title='bbox 706 1189 873 1244; x_wconf 77' lang='lat' dir='ltr'><strong>boves</strong></span> <span class='ocrx_word' id='word_1_66' title='bbox 916 1189 1051 1243; x_wconf 89' lang='lat' dir='ltr'><strong>istos</strong></span> <span class='ocrx_word' id='word_1_67' title='bbox 1095 1186 1373 1243; x_wconf 89' lang='lat' dir='ltr'><strong>sacrilicio</strong></span> <span class='ocrx_word' id='word_1_68' title='bbox 1419 1186 1764 1241; x_wconf 84' lang='lat' dir='ltr'><strong>destinasset.</strong></span> <span class='ocrx_word' id='word_1_69' title='bbox 1825 1186 2025 1241; x_wconf 88' lang='lat' dir='ltr'><strong>Eodem</strong></span> 
     </span>
    </p>
   </div>
   <div class='ocr_carea' id='block_1_14' title="bbox 454 1275 2028 1341">
    <p class='ocr_par' dir='ltr' id='par_1_14' title="bbox 454 1275 2028 1341">
     <span class='ocr_line' id='line_1_14' title="bbox 454 1275 2028 1341; baseline -0.003 -10"><span class='ocrx_word' id='word_1_70' title='bbox 454 1280 616 1335; x_wconf 89' lang='lat' dir='ltr'><strong>modo</strong></span> <span class='ocrx_word' id='word_1_71' title='bbox 645 1279 811 1334; x_wconf 89' lang='lat' dir='ltr'><strong>etiam</strong></span> <span class='ocrx_word' id='word_1_72' title='bbox 845 1292 947 1332; x_wconf 88' lang='lat' dir='ltr'><strong>nos</strong></span> <span class='ocrx_word' id='word_1_73' title='bbox 967 1317 983 1341; x_wconf 91' lang='lat'><strong>,</strong></span> <span class='ocrx_word' id='word_1_74' title='bbox 1015 1277 1373 1332; x_wconf 65' lang='lat' dir='ltr'><strong>saacularibus</strong></span> <span class='ocrx_word' id='word_1_75' title='bbox 1402 1275 1579 1330; x_wconf 89' lang='lat' dir='ltr'><strong>turbis</strong></span> <span class='ocrx_word' id='word_1_76' title='bbox 1610 1290 1675 1330; x_wconf 91' lang='lat' dir='ltr'><strong>ac</strong></span> <span class='ocrx_word' id='word_1_77' title='bbox 1706 1275 2028 1329; x_wconf 86' lang='lat' dir='ltr'><strong>tumultibus</strong></span> 
     </span>
    </p>
   </div>
   <div class='ocr_carea' id='block_1_15' title="bbox 461 1365 2026 1439">
    <p class='ocr_par' dir='ltr' id='par_1_15' title="bbox 461 1365 2026 1439">
     <span class='ocr_line' id='line_1_15' title="bbox 461 1365 2026 1439; baseline -0.003 -15"><span class='ocrx_word' id='word_1_78' title='bbox 461 1371 745 1439; x_wconf 83' lang='lat' dir='ltr'><strong>neglectis,</strong></span> <span class='ocrx_word' id='word_1_79' title='bbox 775 1371 873 1424; x_wconf 89' lang='lat' dir='ltr'><strong>toti</strong></span> <span class='ocrx_word' id='word_1_80' title='bbox 907 1370 960 1424; x_wconf 92' lang='lat' dir='ltr'><strong>in</strong></span> <span class='ocrx_word' id='word_1_81' title='bbox 994 1385 1104 1423; x_wconf 89' lang='lat' dir='ltr'><strong>uno</strong></span> <span class='ocrx_word' id='word_1_82' title='bbox 1136 1369 1315 1423; x_wconf 88' lang='lat' dir='ltr'><strong>studio</strong></span> <span class='ocrx_word' id='word_1_83' title='bbox 1346 1366 1565 1431; x_wconf 80' lang='lat' dir='ltr'><strong>luimus,</strong></span> <span class='ocrx_word' id='word_1_84' title='bbox 1599 1366 1739 1435; x_wconf 88' lang='lat' dir='ltr'><strong>quod</strong></span> <span class='ocrx_word' id='word_1_85' title='bbox 1772 1365 2026 1419; x_wconf 90' lang='lat' dir='ltr'><strong>nimirum</strong></span> 
     </span>
    </p>
   </div>
   <div class='ocr_carea' id='block_1_16' title="bbox 458 1457 2029 1517">
    <p class='ocr_par' dir='ltr' id='par_1_16' title="bbox 458 1457 2029 1517">
     <span class='ocr_line' id='line_1_16' title="bbox 458 1457 2029 1517; baseline -0.005 0"><span class='ocrx_word' id='word_1_86' title='bbox 458 1464 637 1517; x_wconf 85' lang='lat' dir='ltr'><strong>sacris</strong></span> <span class='ocrx_word' id='word_1_87' title='bbox 662 1462 897 1516; x_wconf 86' lang='lat' dir='ltr'><strong>Litteris</strong></span> <span class='ocrx_word' id='word_1_88' title='bbox 916 1460 1377 1515; x_wconf 64' lang='lat' dir='ltr'><strong>conss-oravimus.</strong></span> <span class='ocrx_word' id='word_1_89' title='bbox 1400 1458 1710 1513; x_wconf 87' lang='lat' dir='ltr'><strong>Edisseram</strong></span> <span class='ocrx_word' id='word_1_90' title='bbox 1735 1457 1898 1510; x_wconf 87' lang='lat' dir='ltr'><strong>etiam</strong></span> <span class='ocrx_word' id='word_1_91' title='bbox 1926 1457 2029 1511; x_wconf 87' lang='lat' dir='ltr'><strong>hoc</strong></span> 
     </span>
    </p>
   </div>
   <div class='ocr_carea' id='block_1_17' title="bbox 454 1547 2030 1622">
    <p class='ocr_par' dir='ltr' id='par_1_17' title="bbox 454 1547 2030 1622">
     <span class='ocr_line' id='line_1_17' title="bbox 454 1547 2030 1622; baseline -0.003 -16"><span class='ocrx_word' id='word_1_92' title='bbox 454 1569 743 1617; x_wconf 84' lang='lat' dir='ltr'><strong>arcanum,</strong></span> <span class='ocrx_word' id='word_1_93' title='bbox 796 1552 1053 1622; x_wconf 85' lang='lat' dir='ltr'><strong>quoniam</strong></span> <span class='ocrx_word' id='word_1_94' title='bbox 1101 1565 1315 1620; x_wconf 89' lang='lat' dir='ltr'><strong>quoque</strong></span> <span class='ocrx_word' id='word_1_95' title='bbox 1362 1564 1577 1604; x_wconf 88' lang='lat' dir='ltr'><strong>verum.</strong></span> <span class='ocrx_word' id='word_1_96' title='bbox 1623 1548 1773 1603; x_wconf 84' lang='lat' dir='ltr'><strong>Adeo</strong></span> <span class='ocrx_word' id='word_1_97' title='bbox 1816 1547 2030 1602; x_wconf 87' lang='lat' dir='ltr'><strong>deditus</strong></span> 
     </span>
    </p>
   </div>
   <div class='ocr_carea' id='block_1_18' title="bbox 452 1640 2030 1715">
    <p class='ocr_par' dir='ltr' id='par_1_18' title="bbox 452 1640 2030 1715">
     <span class='ocr_line' id='line_1_18' title="bbox 452 1640 2030 1715; baseline -0.006 -15"><span class='ocrx_word' id='word_1_98' title='bbox 452 1661 601 1700; x_wconf 86' lang='lat' dir='ltr'><strong>eram</strong></span> <span class='ocrx_word' id='word_1_99' title='bbox 635 1646 760 1700; x_wconf 87' lang='lat' dir='ltr'><strong>huic</strong></span> <span class='ocrx_word' id='word_1_100' title='bbox 802 1645 1040 1715; x_wconf 86' lang='lat' dir='ltr'><strong>negotio,</strong></span> <span class='ocrx_word' id='word_1_101' title='bbox 1071 1652 1128 1699; x_wconf 91' lang='lat' dir='ltr'><strong>et</strong></span> <span class='ocrx_word' id='word_1_102' title='bbox 1160 1643 1243 1698; x_wconf 88' lang='lat' dir='ltr'><strong>sic</strong></span> <span class='ocrx_word' id='word_1_103' title='bbox 1275 1641 1549 1713; x_wconf 88' lang='lat' dir='ltr'><strong>rapiebar,</strong></span> <span class='ocrx_word' id='word_1_104' title='bbox 1582 1650 1641 1695; x_wconf 94' lang='lat' dir='ltr'><strong>ut</strong></span> <span class='ocrx_word' id='word_1_105' title='bbox 1666 1640 1829 1695; x_wconf 88' lang='lat' dir='ltr'><strong>etiam</strong></span> <span class='ocrx_word' id='word_1_106' title='bbox 1856 1652 2030 1706; x_wconf 60' lang='lat' dir='ltr'><strong>saepe-</strong></span> 
     </span>
    </p>
   </div>
   <div class='ocr_carea' id='block_1_19' title="bbox 455 1734 2032 1797">
    <p class='ocr_par' dir='ltr' id='par_1_19' title="bbox 455 1734 2032 1797">
     <span class='ocr_line' id='line_1_19' title="bbox 455 1734 2032 1797; baseline -0.004 -6"><span class='ocrx_word' id='word_1_107' title='bbox 455 1753 680 1792; x_wconf 90' lang='lat' dir='ltr'><strong>numero</strong></span> <span class='ocrx_word' id='word_1_108' title='bbox 708 1738 1052 1792; x_wconf 79' lang='lat' dir='ltr'><strong>sermonibus</strong></span> <span class='ocrx_word' id='word_1_109' title='bbox 1084 1744 1398 1797; x_wconf 88' lang='lat' dir='ltr'><strong>vacantem,</strong></span> <span class='ocrx_word' id='word_1_110' title='bbox 1430 1734 1744 1788; x_wconf 79' lang='lat' dir='ltr'><strong>exclamare</strong></span> <span class='ocrx_word' id='word_1_111' title='bbox 1791 1746 1876 1785; x_wconf 92' lang='lat' dir='ltr'><strong>me</strong></span> <span class='ocrx_word' id='word_1_112' title='bbox 1903 1744 2032 1784; x_wconf 90' lang='lat' dir='ltr'><strong>con-</strong></span> 
     </span>
    </p>
   </div>
   <div class='ocr_carea' id='block_1_20' title="bbox 456 1822 2030 1898">
    <p class='ocr_par' dir='ltr' id='par_1_20' title="bbox 456 1822 2030 1898">
     <span class='ocr_line' id='line_1_20' title="bbox 456 1822 2030 1898; baseline -0.006 -14"><span class='ocrx_word' id='word_1_113' title='bbox 456 1829 662 1897; x_wconf 79' lang='lat' dir='ltr'><strong>tigerit,</strong></span> <span class='ocrx_word' id='word_1_114' title='bbox 690 1830 816 1883; x_wconf 90' lang='lat' dir='ltr'><strong>dum</strong></span> <span class='ocrx_word' id='word_1_115' title='bbox 850 1829 1220 1898; x_wconf 80' lang='lat' dir='ltr'><strong>expenderem</strong></span> <span class='ocrx_word' id='word_1_116' title='bbox 1273 1826 1401 1882; x_wconf 90' lang='lat' dir='ltr'><strong>hinc</strong></span> <span class='ocrx_word' id='word_1_117' title='bbox 1445 1838 1704 1880; x_wconf 87' lang='lat' dir='ltr'><strong>sensuum</strong></span> <span class='ocrx_word' id='word_1_118' title='bbox 1747 1822 2030 1892; x_wconf 84' lang='lat' dir='ltr'><strong>profundi-</strong></span> 
     </span>
    </p>
   </div>
   <div class='ocr_carea' id='block_1_21' title="bbox 457 1911 2033 1986">
    <p class='ocr_par' dir='ltr' id='par_1_21' title="bbox 457 1911 2033 1986">
     <span class='ocr_line' id='line_1_21' title="bbox 457 1911 2033 1986; baseline -0.003 -15"><span class='ocrx_word' id='word_1_119' title='bbox 457 1927 648 1981; x_wconf 81' lang='lat' dir='ltr'><strong>tatem,</strong></span> <span class='ocrx_word' id='word_1_120' title='bbox 675 1918 802 1973; x_wconf 85' lang='lat' dir='ltr'><strong>inde</strong></span> <span class='ocrx_word' id='word_1_121' title='bbox 836 1918 1120 1986; x_wconf 67' lang='lat' dir='ltr'><strong>theologia!</strong></span> <span class='ocrx_word' id='word_1_122' title='bbox 1147 1915 1570 1978; x_wconf 87' lang='lat' dir='ltr'><strong>sublimitatem;</strong></span> <span class='ocrx_word' id='word_1_123' title='bbox 1607 1914 1696 1967; x_wconf 90' lang='lat' dir='ltr'><strong>hic</strong></span> <span class='ocrx_word' id='word_1_124' title='bbox 1736 1913 1789 1966; x_wconf 90' lang='lat' dir='ltr'><strong>in</strong></span> <span class='ocrx_word' id='word_1_125' title='bbox 1827 1911 2033 1968; x_wconf 78' lang='lat' dir='ltr'><strong>divinis</strong></span> 
     </span>
    </p>
   </div>
   <div class='ocr_carea' id='block_1_22' title="bbox 459 2004 2033 2075">
    <p class='ocr_par' dir='ltr' id='par_1_22' title="bbox 459 2004 2033 2075">
     <span class='ocr_line' id='line_1_22' title="bbox 459 2004 2033 2075; baseline -0.002 -15"><span class='ocrx_word' id='word_1_126' title='bbox 459 2009 866 2073; x_wconf 84' lang='lat' dir='ltr'><strong>eruditionem,</strong></span> <span class='ocrx_word' id='word_1_127' title='bbox 927 2008 1038 2062; x_wconf 90' lang='lat' dir='ltr'><strong>illic</strong></span> <span class='ocrx_word' id='word_1_128' title='bbox 1086 2008 1139 2061; x_wconf 94' lang='lat' dir='ltr'><strong>in</strong></span> <span class='ocrx_word' id='word_1_129' title='bbox 1197 2005 1533 2075; x_wconf 81' lang='lat' dir='ltr'><strong>explicandis</strong></span> <span class='ocrx_word' id='word_1_130' title='bbox 1587 2004 2033 2065; x_wconf 87' lang='lat' dir='ltr'><strong>accurationem,</strong></span> 
     </span>
    </p>
   </div>
   <div class='ocr_carea' id='block_1_23' title="bbox 465 2094 2035 2163">
    <p class='ocr_par' dir='ltr' id='par_1_23' title="bbox 465 2094 2035 2163">
     <span class='ocr_line' id='line_1_23' title="bbox 465 2094 2035 2163; baseline -0.003 -11"><span class='ocrx_word' id='word_1_131' title='bbox 465 2100 596 2155; x_wconf 85' lang='lat' dir='ltr'><strong>alibi</strong></span> <span class='ocrx_word' id='word_1_132' title='bbox 628 2101 1081 2163; x_wconf 85' lang='lat' dir='ltr'><strong>moderationem,</strong></span> <span class='ocrx_word' id='word_1_133' title='bbox 1112 2098 1235 2154; x_wconf 81' lang='lat' dir='ltr'><strong>alibi</strong></span> <span class='ocrx_word' id='word_1_134' title='bbox 1261 2097 1503 2152; x_wconf 88' lang='lat' dir='ltr'><strong>numinis</strong></span> <span class='ocrx_word' id='word_1_135' title='bbox 1531 2094 1887 2161; x_wconf 78' lang='lat' dir='ltr'><strong>aﬂlationem,</strong></span> <span class='ocrx_word' id='word_1_136' title='bbox 1914 2094 2035 2148; x_wconf 85' lang='lat' dir='ltr'><strong>ubi-</strong></span> 
     </span>
    </p>
   </div>
   <div class='ocr_carea' id='block_1_24' title="bbox 461 2191 1429 2263">
    <p class='ocr_par' dir='ltr' id='par_1_24' title="bbox 461 2191 1429 2263">
     <span class='ocr_line' id='line_1_24' title="bbox 461 2191 1429 2263; baseline -0.003 -18"><span class='ocrx_word' id='word_1_137' title='bbox 461 2209 567 2263; x_wconf 85' lang='lat' dir='ltr'><strong>que</strong></span> <span class='ocrx_word' id='word_1_138' title='bbox 599 2193 943 2248; x_wconf 83' lang='lat' dir='ltr'><strong>divinitatem</strong></span> <span class='ocrx_word' id='word_1_139' title='bbox 970 2201 1027 2247; x_wconf 91' lang='lat' dir='ltr'><strong>et</strong></span> <span class='ocrx_word' id='word_1_140' title='bbox 1057 2191 1429 2245; x_wconf 87' lang='lat' dir='ltr'><strong>securitatem.</strong></span> 
     </span>
    </p>
   </div>
   <div class='ocr_carea' id='block_1_25' title="bbox 502 2276 2036 2353">
    <p class='ocr_par' dir='ltr' id='par_1_25' title="bbox 502 2276 2036 2353">
     <span class='ocr_line' id='line_1_25' title="bbox 502 2276 2036 2353; baseline -0.004 -16"><span class='ocrx_word' id='word_1_141' title='bbox 502 2285 641 2351; x_wconf 78' lang='lat' dir='ltr'><strong>Quid</strong></span> <span class='ocrx_word' id='word_1_142' title='bbox 660 2288 873 2338; x_wconf 81' lang='lat' dir='ltr'><strong>demum</strong></span> <span class='ocrx_word' id='word_1_143' title='bbox 887 2297 986 2353; x_wconf 85' lang='lat' dir='ltr'><strong>ego</strong></span> <span class='ocrx_word' id='word_1_144' title='bbox 1000 2282 1195 2338; x_wconf 83' lang='lat' dir='ltr'><strong>faciam</strong></span> <span class='ocrx_word' id='word_1_145' title='bbox 1212 2282 1314 2336; x_wconf 85' lang='lat' dir='ltr'><strong>nisi</strong></span> <span class='ocrx_word' id='word_1_146' title='bbox 1333 2290 1488 2350; x_wconf 87' lang='lat' dir='ltr'><strong>prato</strong></span> <span class='ocrx_word' id='word_1_147' title='bbox 1501 2278 1832 2335; x_wconf 85' lang='lat' dir='ltr'><strong>l&#39;ertilissimo</strong></span> <span class='ocrx_word' id='word_1_148' title='bbox 1848 2276 2036 2332; x_wconf 86' lang='lat' dir='ltr'><strong>Sancti</strong></span> 
     </span>
    </p>
   </div>
   <div class='ocr_carea' id='block_1_26' title="bbox 458 2370 2036 2445">
    <p class='ocr_par' dir='ltr' id='par_1_26' title="bbox 458 2370 2036 2445">
     <span class='ocr_line' id='line_1_26' title="bbox 458 2370 2036 2445; baseline -0.004 -17"><span class='ocrx_word' id='word_1_149' title='bbox 458 2377 620 2443; x_wconf 87' lang='lat' dir='ltr'><strong>hujus</strong></span> <span class='ocrx_word' id='word_1_150' title='bbox 646 2376 847 2445; x_wconf 84' lang='lat' dir='ltr'><strong>scripta</strong></span> <span class='ocrx_word' id='word_1_151' title='bbox 866 2389 1055 2444; x_wconf 87' lang='lat' dir='ltr'><strong>compa</strong></span> <span class='ocrx_word' id='word_1_152' title='bbox 1066 2387 1201 2438; x_wconf 90' lang='lat' dir='ltr'><strong>rem,</strong></span> <span class='ocrx_word' id='word_1_153' title='bbox 1221 2371 1293 2427; x_wconf 83' lang='lat' dir='ltr'><strong>ita</strong></span> <span class='ocrx_word' id='word_1_154' title='bbox 1314 2380 1373 2426; x_wconf 90' lang='lat' dir='ltr'><strong>ut</strong></span> <span class='ocrx_word' id='word_1_155' title='bbox 1391 2372 1548 2427; x_wconf 80' lang='lat' dir='ltr'><strong>velim</strong></span> <span class='ocrx_word' id='word_1_156' title='bbox 1568 2370 1785 2441; x_wconf 83' lang='lat' dir='ltr'><strong>quidem</strong></span> <span class='ocrx_word' id='word_1_157' title='bbox 1804 2382 2036 2437; x_wconf 81' lang='lat' dir='ltr'><strong>carpen-</strong></span> 
     </span>
    </p>
   </div>
   <div class='ocr_carea' id='block_1_27' title="bbox 456 2459 2039 2535">
    <p class='ocr_par' dir='ltr' id='par_1_27' title="bbox 456 2459 2039 2535">
     <span class='ocr_line' id='line_1_27' title="bbox 456 2459 2039 2535; baseline -0.003 -18"><span class='ocrx_word' id='word_1_158' title='bbox 456 2468 527 2519; x_wconf 87' lang='lat' dir='ltr'><strong>do</strong></span> <span class='ocrx_word' id='word_1_159' title='bbox 557 2468 772 2520; x_wconf 71' lang='lat' dir='ltr'><strong>caeteris</strong></span> <span class='ocrx_word' id='word_1_160' title='bbox 802 2464 1169 2535; x_wconf 85' lang='lat' dir='ltr'><strong>pulcherrima</strong></span> <span class='ocrx_word' id='word_1_161' title='bbox 1192 2475 1533 2533; x_wconf 87' lang='lat' dir='ltr'><strong>proponere;</strong></span> <span class='ocrx_word' id='word_1_162' title='bbox 1554 2475 1661 2516; x_wconf 94' lang='lat' dir='ltr'><strong>non</strong></span> <span class='ocrx_word' id='word_1_163' title='bbox 1695 2459 1904 2514; x_wconf 84' lang='lat' dir='ltr'><strong>valeam</strong></span> <span class='ocrx_word' id='word_1_164' title='bbox 1941 2472 2039 2513; x_wconf 85' lang='lat' dir='ltr'><strong>au-</strong></span> 
     </span>
    </p>
   </div>
   <div class='ocr_carea' id='block_1_28' title="bbox 460 2551 2038 2620">
    <p class='ocr_par' dir='ltr' id='par_1_28' title="bbox 460 2551 2038 2620">
     <span class='ocr_line' id='line_1_28' title="bbox 460 2551 2038 2620; baseline -0.005 -11"><span class='ocrx_word' id='word_1_165' title='bbox 460 2568 589 2619; x_wconf 89' lang='lat' dir='ltr'><strong>tem,</strong></span> <span class='ocrx_word' id='word_1_166' title='bbox 630 2558 722 2611; x_wconf 86' lang='lat' dir='ltr'><strong>sed</strong></span> <span class='ocrx_word' id='word_1_167' title='bbox 755 2554 1046 2610; x_wconf 89' lang='lat' dir='ltr'><strong>immobilis</strong></span> <span class='ocrx_word' id='word_1_168' title='bbox 1065 2553 1463 2617; x_wconf 90' lang='lat' dir='ltr'><strong>consistam,et</strong></span> <span class='ocrx_word' id='word_1_169' title='bbox 1478 2551 1632 2620; x_wconf 88' lang='lat' dir='ltr'><strong>quasi</strong></span> <span class='ocrx_word' id='word_1_170' title='bbox 1656 2557 1837 2604; x_wconf 89' lang='lat' dir='ltr'><strong>mutus</strong></span> <span class='ocrx_word' id='word_1_171' title='bbox 1851 2558 2038 2603; x_wconf 72' lang='lat' dir='ltr'><strong>maneo</strong></span> 
     </span>
    </p>
   </div>
   <div class='ocr_carea' id='block_1_29' title="bbox 464 2643 2034 2719">
    <p class='ocr_par' dir='ltr' id='par_1_29' title="bbox 464 2643 2034 2719">
     <span class='ocr_line' id='line_1_29' title="bbox 464 2643 2034 2719; baseline -0.003 -18"><span class='ocrx_word' id='word_1_172' title='bbox 464 2663 525 2703; x_wconf 89' lang='lat' dir='ltr'><strong>re</strong></span> <span class='ocrx_word' id='word_1_173' title='bbox 546 2662 711 2719; x_wconf 75' lang='lat' dir='ltr'><strong>cogar</strong></span> <span class='ocrx_word' id='word_1_174' title='bbox 732 2663 841 2719; x_wconf 70' lang='lat' dir='ltr'><strong>prze</strong></span> <span class='ocrx_word' id='word_1_175' title='bbox 865 2647 1054 2717; x_wconf 68' lang='lat' dir='ltr'><strong>gratiae</strong></span> <span class='ocrx_word' id='word_1_176' title='bbox 1067 2644 1370 2701; x_wconf 83' lang='lat' dir='ltr'><strong>varietate?</strong></span> <span class='ocrx_word' id='word_1_177' title='bbox 1388 2644 1480 2700; x_wconf 83' lang='lat' dir='ltr'><strong>Sic</strong></span> <span class='ocrx_word' id='word_1_178' title='bbox 1499 2659 1607 2719; x_wconf 84' lang='lat' dir='ltr'><strong>ego</strong></span> <span class='ocrx_word' id='word_1_179' title='bbox 1617 2658 1722 2697; x_wconf 91' lang='lat' dir='ltr'><strong>non</strong></span> <span class='ocrx_word' id='word_1_180' title='bbox 1747 2643 2034 2712; x_wconf 79' lang='lat' dir='ltr'><strong>interpres,</strong></span> 
     </span>
    </p>
   </div>
   <div class='ocr_carea' id='block_1_30' title="bbox 462 2715 2036 2810">
    <p class='ocr_par' dir='ltr' id='par_1_30' title="bbox 462 2715 2036 2810">
     <span class='ocr_line' id='line_1_30' title="bbox 462 2715 2036 2810; baseline -0.006 -13"><span class='ocrx_word' id='word_1_181' title='bbox 462 2756 569 2797; x_wconf 65' lang='lat' dir='ltr'><strong>non</strong></span> <span class='ocrx_word' id='word_1_182' title='bbox 595 2742 1006 2810; x_wconf 83' lang='lat' dir='ltr'><strong>paraphrastes,</strong></span> <span class='ocrx_word' id='word_1_183' title='bbox 1030 2739 1122 2794; x_wconf 86' lang='lat' dir='ltr'><strong>sed</strong></span> <span class='ocrx_word' id='word_1_184' title='bbox 1154 2738 1372 2793; x_wconf 86' lang='lat' dir='ltr'><strong>auditor</strong></span> <span class='ocrx_word' id='word_1_185' title='bbox 1394 2752 1536 2792; x_wconf 88' lang='lat' dir='ltr'><strong>sum.</strong></span> <span class='ocrx_word' id='word_1_186' title='bbox 1560 2715 1815 2805; x_wconf 62' lang='lat' dir='ltr'><strong>Magnum</strong></span> <span class='ocrx_word' id='word_1_187' title='bbox 1838 2749 1971 2789; x_wconf 83' lang='lat' dir='ltr'><strong>sane</strong></span> <span class='ocrx_word' id='word_1_188' title='bbox 1990 2733 2036 2789; x_wconf 88' lang='lat' dir='ltr'><strong>si</strong></span> 
     </span>
    </p>
   </div>
   <div class='ocr_carea' id='block_1_31' title="bbox 458 2830 2034 2906">
    <p class='ocr_par' dir='ltr' id='par_1_31' title="bbox 458 2830 2034 2906">
     <span class='ocr_line' id='line_1_31' title="bbox 458 2830 2034 2906; baseline -0.003 -19"><span class='ocrx_word' id='word_1_189' title='bbox 458 2836 545 2890; x_wconf 89' lang='lat' dir='ltr'><strong>vel</strong></span> <span class='ocrx_word' id='word_1_190' title='bbox 576 2844 750 2906; x_wconf 82' lang='lat' dir='ltr'><strong>mysta</strong></span> <span class='ocrx_word' id='word_1_191' title='bbox 782 2835 906 2887; x_wconf 89' lang='lat' dir='ltr'><strong>liam</strong></span> <span class='ocrx_word' id='word_1_192' title='bbox 942 2832 1246 2888; x_wconf 64' lang='lat' dir='ltr'><strong>caelestium</strong></span> <span class='ocrx_word' id='word_1_193' title='bbox 1300 2830 1553 2884; x_wconf 84' lang='lat' dir='ltr'><strong>tubarum</strong></span> <span class='ocrx_word' id='word_1_194' title='bbox 1575 2867 1591 2893; x_wconf 93' lang='lat'><strong>,</strong></span> <span class='ocrx_word' id='word_1_195' title='bbox 1642 2837 1889 2883; x_wconf 86' lang='lat' dir='ltr'><strong>attamen</strong></span> <span class='ocrx_word' id='word_1_196' title='bbox 1924 2842 2034 2882; x_wconf 89' lang='lat' dir='ltr'><strong>non</strong></span> 
     </span>
    </p>
   </div>
   <div class='ocr_carea' id='block_1_32' title="bbox 460 2918 2038 2996">
    <p class='ocr_par' dir='ltr' id='par_1_32' title="bbox 460 2918 2038 2996">
     <span class='ocr_line' id='line_1_32' title="bbox 460 2918 2038 2996; baseline -0.005 -13"><span class='ocrx_word' id='word_1_197' title='bbox 460 2929 604 2983; x_wconf 87' lang='lat' dir='ltr'><strong>illico</strong></span> <span class='ocrx_word' id='word_1_198' title='bbox 637 2943 701 2982; x_wconf 91' lang='lat' dir='ltr'><strong>ac</strong></span> <span class='ocrx_word' id='word_1_199' title='bbox 731 2936 955 2996; x_wconf 87' lang='lat' dir='ltr'><strong>repente</strong></span> <span class='ocrx_word' id='word_1_200' title='bbox 1000 2918 1369 2979; x_wconf 87' lang='lat' dir='ltr'><strong>iusonantium</strong></span> <span class='ocrx_word' id='word_1_201' title='bbox 1400 2922 1491 2989; x_wconf 90' lang='lat' dir='ltr'><strong>(ne</strong></span> <span class='ocrx_word' id='word_1_202' title='bbox 1524 2921 1653 2975; x_wconf 90' lang='lat' dir='ltr'><strong>hinc</strong></span> <span class='ocrx_word' id='word_1_203' title='bbox 1678 2921 1846 2975; x_wconf 88' lang='lat' dir='ltr'><strong>etiam</strong></span> <span class='ocrx_word' id='word_1_204' title='bbox 1874 2922 2038 2991; x_wconf 88' lang='lat' dir='ltr'><strong>spiri-</strong></span> 
     </span>
    </p>
   </div>
   <div class='ocr_carea' id='block_1_33' title="bbox 460 3012 2037 3081">
    <p class='ocr_par' dir='ltr' id='par_1_33' title="bbox 460 3012 2037 3081">
     <span class='ocr_line' id='line_1_33' title="bbox 460 3012 2037 3081; baseline -0.005 -7"><span class='ocrx_word' id='word_1_205' title='bbox 460 3021 622 3074; x_wconf 89' lang='lat' dir='ltr'><strong>tualis</strong></span> <span class='ocrx_word' id='word_1_206' title='bbox 660 3018 891 3073; x_wconf 81' lang='lat' dir='ltr'><strong>facultas</strong></span> <span class='ocrx_word' id='word_1_207' title='bbox 927 3015 1183 3071; x_wconf 82' lang='lat' dir='ltr'><strong>audiendi</strong></span> <span class='ocrx_word' id='word_1_208' title='bbox 1234 3014 1622 3068; x_wconf 88' lang='lat' dir='ltr'><strong>detrimentum</strong></span> <span class='ocrx_word' id='word_1_209' title='bbox 1664 3012 1892 3081; x_wconf 84' lang='lat' dir='ltr'><strong>capiat),</strong></span> <span class='ocrx_word' id='word_1_210' title='bbox 1937 3012 2037 3066; x_wconf 87' lang='lat' dir='ltr'><strong>sed</strong></span> 
     </span>
    </p>
   </div>
   <div class='ocr_carea' id='block_1_34' title="bbox 458 3102 2037 3179">
    <p class='ocr_par' dir='ltr' id='par_1_34' title="bbox 458 3102 2037 3179">
     <span class='ocr_line' id='line_1_34' title="bbox 458 3102 2037 3179; baseline -0.007 -13"><span class='ocrx_word' id='word_1_211' title='bbox 458 3112 659 3167; x_wconf 85' lang='lat' dir='ltr'><strong>sensim</strong></span> <span class='ocrx_word' id='word_1_212' title='bbox 678 3119 734 3165; x_wconf 88' lang='lat' dir='ltr'><strong>et</strong></span> <span class='ocrx_word' id='word_1_213' title='bbox 760 3110 1018 3179; x_wconf 88' lang='lat' dir='ltr'><strong>paulatim</strong></span> <span class='ocrx_word' id='word_1_214' title='bbox 1042 3104 1447 3176; x_wconf 88' lang='lat' dir='ltr'><strong>penetrautium</strong></span> <span class='ocrx_word' id='word_1_215' title='bbox 1477 3102 1546 3155; x_wconf 87' lang='lat' dir='ltr'><strong>ad</strong></span> <span class='ocrx_word' id='word_1_216' title='bbox 1574 3102 1909 3155; x_wconf 87' lang='lat' dir='ltr'><strong>intimiorem</strong></span> <span class='ocrx_word' id='word_1_217' title='bbox 1942 3116 2037 3156; x_wconf 87' lang='lat' dir='ltr'><strong>co-</strong></span> 
     </span>
    </p>
   </div>
   <div class='ocr_carea' id='block_1_35' title="bbox 2130 531 3707 612">
    <p class='ocr_par' dir='ltr' id='par_1_35' title="bbox 2130 531 3707 612">
     <span class='ocr_line' id='line_1_35' title="bbox 2130 531 3707 612; baseline -0.006 -15"><span class='ocrx_word' id='word_1_218' title='bbox 2130 546 2250 607; x_wconf 89' lang='grc' dir='ltr'>σαῖς</span> <span class='ocrx_word' id='word_1_219' title='bbox 2275 544 2459 612; x_wconf 78' lang='grc' dir='ltr'><strong>ἁγίαις</strong></span> <span class='ocrx_word' id='word_1_220' title='bbox 2486 543 2675 612; x_wconf 79' lang='grc' dir='ltr'><strong>εὐχαῖς</strong></span> <span class='ocrx_word' id='word_1_221' title='bbox 2700 542 2794 595; x_wconf 75' lang='grc' dir='ltr'><strong>καὶ</strong></span> <span class='ocrx_word' id='word_1_222' title='bbox 2821 539 3126 594; x_wconf 86' lang='grc' dir='ltr'>θεοπειθέσι</span> <span class='ocrx_word' id='word_1_223' title='bbox 3164 538 3566 611; x_wconf 70' lang='grc' dir='ltr'><strong>θαρρήσαντες,</strong></span> <span class='ocrx_word' id='word_1_224' title='bbox 3607 531 3707 599; x_wconf 20' lang='grc' dir='ltr'>αἷς.</span> 
     </span>
    </p>
   </div>
   <div class='ocr_carea' id='block_1_36' title="bbox 2127 628 3713 706">
    <p class='ocr_par' dir='ltr' id='par_1_36' title="bbox 2127 628 3713 706">
     <span class='ocr_line' id='line_1_36' title="bbox 2127 628 3713 706; baseline -0.004 -20"><span class='ocrx_word' id='word_1_225' title='bbox 2127 629 2299 704; x_wconf 83' lang='grc' dir='ltr'>οἶμαι,</span> <span class='ocrx_word' id='word_1_226' title='bbox 2323 634 2416 688; x_wconf 79' lang='grc' dir='ltr'><strong>καὶ</strong></span> <span class='ocrx_word' id='word_1_227' title='bbox 2439 635 2683 706; x_wconf 78' lang='grc' dir='ltr'><strong>ἀοράτως</strong></span> <span class='ocrx_word' id='word_1_228' title='bbox 2706 632 3054 705; x_wconf 79' lang='grc' dir='ltr'><strong>ἐπαρθέντες,</strong></span> <span class='ocrx_word' id='word_1_229' title='bbox 3081 630 3280 703; x_wconf 78' lang='grc' dir='ltr'>ῥαδίως</span> <span class='ocrx_word' id='word_1_230' title='bbox 3312 629 3644 700; x_wconf 79' lang='grc' dir='ltr'><strong>ὑπέστημεν</strong></span> <span class='ocrx_word' id='word_1_231' title='bbox 3662 628 3713 680; x_wconf 60' lang='grc' dir='ltr'>τὶ</span> 
     </span>
    </p>
   </div>
   <div class='ocr_carea' id='block_1_37' title="bbox 2130 725 2456 797">
    <p class='ocr_par' dir='ltr' id='par_1_37' title="bbox 2130 725 2456 797">
     <span class='ocr_line' id='line_1_37' title="bbox 2130 725 2456 797; baseline 0.003 -2"><span class='ocrx_word' id='word_1_232' title='bbox 2130 725 2351 797; x_wconf 70' lang='grc' dir='ltr'>ἐγχείρη</span> <span class='ocrx_word' id='word_1_233' title='bbox 2361 743 2456 796; x_wconf 71' lang='grc' dir='ltr'><strong>μαι</strong></span> 
     </span>
    </p>
   </div>
   <div class='ocr_carea' id='block_1_38' title="bbox 2202 811 3716 888">
    <p class='ocr_par' dir='ltr' id='par_1_38' title="bbox 2202 811 3716 888">
     <span class='ocr_line' id='line_1_38' title="bbox 2202 811 3716 888; baseline -0.005 -20"><span class='ocrx_word' id='word_1_234' title='bbox 2202 816 2312 869; x_wconf 78' lang='grc' dir='ltr'><strong>Καὶ</strong></span> <span class='ocrx_word' id='word_1_235' title='bbox 2366 815 2419 868; x_wconf 84' lang='grc' dir='ltr'><strong>τί</strong></span> <span class='ocrx_word' id='word_1_236' title='bbox 2473 815 2583 888; x_wconf 86' lang='grc' dir='ltr'>γὰρ</span> <span class='ocrx_word' id='word_1_237' title='bbox 2635 816 2819 883; x_wconf 82' lang='grc' dir='ltr'>ξένον;</span> <span class='ocrx_word' id='word_1_238' title='bbox 2866 813 2999 867; x_wconf 79' lang='grc' dir='ltr'>ὅπου</span> <span class='ocrx_word' id='word_1_239' title='bbox 3042 813 3137 867; x_wconf 61' lang='grc' dir='ltr'><strong>καὶ⁹</strong></span> <span class='ocrx_word' id='word_1_240' title='bbox 3188 813 3287 883; x_wconf 85' lang='grc' dir='ltr'>τῆς</span> <span class='ocrx_word' id='word_1_241' title='bbox 3338 811 3536 881; x_wconf 82' lang='grc' dir='ltr'>φωνῆς</span> <span class='ocrx_word' id='word_1_242' title='bbox 3600 812 3716 862; x_wconf 79' lang='grc' dir='ltr'>ἐπι-</span> 
     </span>
    </p>
   </div>
   <div class='ocr_carea' id='block_1_39' title="bbox 2132 898 3721 978">
    <p class='ocr_par' dir='ltr' id='par_1_39' title="bbox 2132 898 3721 978">
     <span class='ocr_line' id='line_1_39' title="bbox 2132 898 3721 978; baseline -0.004 -18"><span class='ocrx_word' id='word_1_243' title='bbox 2132 906 2478 978; x_wconf 86' lang='grc' dir='ltr'>πεμφθείσης</span> <span class='ocrx_word' id='word_1_244' title='bbox 2498 907 2597 978; x_wconf 86' lang='grc' dir='ltr'><strong>τῆς</strong></span> <span class='ocrx_word' id='word_1_245' title='bbox 2635 906 2812 960; x_wconf 84' lang='grc' dir='ltr'>Ἡλίου</span> <span class='ocrx_word' id='word_1_246' title='bbox 2830 905 2910 976; x_wconf 79' lang='grc' dir='ltr'><strong>τῷ</strong></span> <span class='ocrx_word' id='word_1_247' title='bbox 2940 903 3421 974; x_wconf 76' lang='grc' dir='ltr'>Ἐλισσαίῳ,εύθὺς</span> <span class='ocrx_word' id='word_1_248' title='bbox 3435 898 3607 966; x_wconf 67' lang='grc' dir='ltr'>οὗτος</span> <span class='ocrx_word' id='word_1_249' title='bbox 3632 904 3721 955; x_wconf 70' lang='grc' dir='ltr'><strong>καὶ</strong></span> 
     </span>
    </p>
   </div>
   <div class='ocr_carea' id='block_1_40' title="bbox 2135 993 3717 1071">
    <p class='ocr_par' dir='ltr' id='par_1_40' title="bbox 2135 993 3717 1071">
     <span class='ocr_line' id='line_1_40' title="bbox 2135 993 3717 1071; baseline -0.006 -18"><span class='ocrx_word' id='word_1_250' title='bbox 2135 1001 2261 1071; x_wconf 87' lang='grc' dir='ltr'>βόας</span> <span class='ocrx_word' id='word_1_251' title='bbox 2285 999 2546 1065; x_wconf 87' lang='grc' dir='ltr'>ἐκείνους,</span> <span class='ocrx_word' id='word_1_252' title='bbox 2589 999 2684 1053; x_wconf 80' lang='grc' dir='ltr'>καὶ</span> <span class='ocrx_word' id='word_1_253' title='bbox 2707 999 2931 1069; x_wconf 81' lang='grc' dir='ltr'><strong>ἄροτρα,</strong></span> <span class='ocrx_word' id='word_1_254' title='bbox 2962 996 3057 1049; x_wconf 66' lang='grc' dir='ltr'>καὶ</span> <span class='ocrx_word' id='word_1_255' title='bbox 3078 998 3257 1050; x_wconf 85' lang='grc' dir='ltr'>πᾶσαν</span> <span class='ocrx_word' id='word_1_256' title='bbox 3291 993 3496 1063; x_wconf 81' lang='grc' dir='ltr'>σκευὴν</span> <span class='ocrx_word' id='word_1_257' title='bbox 3524 993 3717 1063; x_wconf 72' lang='grc' dir='ltr'>ἑτέραν</span> 
     </span>
    </p>
   </div>
   <div class='ocr_carea' id='block_1_41' title="bbox 2134 1084 3717 1162">
    <p class='ocr_par' dir='ltr' id='par_1_41' title="bbox 2134 1084 3717 1162">
     <span class='ocr_line' id='line_1_41' title="bbox 2134 1084 3717 1162; baseline -0.008 -15"><span class='ocrx_word' id='word_1_258' title='bbox 2134 1091 2565 1162; x_wconf 82' lang='grc' dir='ltr'><strong>ἀποσεισάμενος</strong></span> <span class='ocrx_word' id='word_1_259' title='bbox 2583 1133 2598 1157; x_wconf 91' lang='grc'><strong>,</strong></span> <span class='ocrx_word' id='word_1_260' title='bbox 2698 1089 2874 1143; x_wconf 85' lang='grc' dir='ltr'>ποδῶν</span> <span class='ocrx_word' id='word_1_261' title='bbox 2903 1084 3071 1159; x_wconf 70' lang='grc' dir='ltr'>εἶχεν,</span> <span class='ocrx_word' id='word_1_262' title='bbox 3094 1087 3269 1142; x_wconf 80' lang='grc' dir='ltr'>ὀπίσω</span> <span class='ocrx_word' id='word_1_263' title='bbox 3295 1085 3391 1139; x_wconf 78' lang='grc' dir='ltr'>τοῦ</span> <span class='ocrx_word' id='word_1_264' title='bbox 3414 1085 3717 1145; x_wconf 71' lang='grc' dir='ltr'>καλοῦντος</span> 
     </span>
    </p>
   </div>
   <div class='ocr_carea' id='block_1_42' title="bbox 2134 1175 3720 1258">
    <p class='ocr_par' dir='ltr' id='par_1_42' title="bbox 2134 1175 3720 1258">
     <span class='ocr_line' id='line_1_42' title="bbox 2134 1175 3720 1258; baseline -0.009 -17"><span class='ocrx_word' id='word_1_265' title='bbox 2134 1184 2525 1258; x_wconf 83' lang='grc' dir='ltr'>ἐπέδραμεν,εί</span> <span class='ocrx_word' id='word_1_266' title='bbox 2548 1183 2604 1236; x_wconf 85' lang='grc' dir='ltr'><strong>δέ</strong></span> <span class='ocrx_word' id='word_1_267' title='bbox 2625 1181 2718 1234; x_wconf 72' lang='grc' dir='ltr'><strong>καὶ</strong></span> <span class='ocrx_word' id='word_1_268' title='bbox 2743 1180 2871 1250; x_wconf 86' lang='grc' dir='ltr'>βόας</span> <span class='ocrx_word' id='word_1_269' title='bbox 2887 1181 3093 1243; x_wconf 88' lang='grc' dir='ltr'>ἐκεῖνος</span> <span class='ocrx_word' id='word_1_270' title='bbox 3121 1178 3232 1250; x_wconf 79' lang='grc' dir='ltr'>[ἵσ.</span> <span class='ocrx_word' id='word_1_271' title='bbox 3245 1175 3518 1247; x_wconf 86' lang='grc' dir='ltr'>ἐκείνους]</span> <span class='ocrx_word' id='word_1_272' title='bbox 3553 1177 3720 1243; x_wconf 77' lang='grc' dir='ltr'>ἱέρευ-</span> 
     </span>
    </p>
   </div>
   <div class='ocr_carea' id='block_1_43' title="bbox 2137 1268 3719 1348">
    <p class='ocr_par' dir='ltr' id='par_1_43' title="bbox 2137 1268 3719 1348">
     <span class='ocr_line' id='line_1_43' title="bbox 2137 1268 3719 1348; baseline -0.009 -16"><span class='ocrx_word' id='word_1_273' title='bbox 2137 1296 2217 1333; x_wconf 88' lang='grc' dir='ltr'>σε.</span> <span class='ocrx_word' id='word_1_274' title='bbox 2236 1276 2447 1348; x_wconf 88' lang='grc' dir='ltr'>Τρόπον</span> <span class='ocrx_word' id='word_1_275' title='bbox 2463 1274 2554 1327; x_wconf 75' lang='grc' dir='ltr'><strong>τὸν</strong></span> <span class='ocrx_word' id='word_1_276' title='bbox 2586 1272 2748 1326; x_wconf 82' lang='grc' dir='ltr'>αὐτὸν</span> <span class='ocrx_word' id='word_1_277' title='bbox 2776 1271 2868 1325; x_wconf 76' lang='grc' dir='ltr'><strong>καὶ</strong></span> <span class='ocrx_word' id='word_1_278' title='bbox 2891 1273 3075 1342; x_wconf 78' lang='grc' dir='ltr'>ἡμεῖς,</span> <span class='ocrx_word' id='word_1_279' title='bbox 3107 1268 3234 1332; x_wconf 86' lang='grc' dir='ltr'>τοὺς</span> <span class='ocrx_word' id='word_1_280' title='bbox 3265 1268 3561 1338; x_wconf 74' lang='grc' dir='ltr'>βιωτικοὺς</span> <span class='ocrx_word' id='word_1_281' title='bbox 3586 1282 3719 1335; x_wconf 59' lang='grc' dir='ltr'><strong>παρ</strong></span> 
     </span>
    </p>
   </div>
   <div class='ocr_carea' id='block_1_44' title="bbox 2138 1358 3719 1436">
    <p class='ocr_par' dir='ltr' id='par_1_44' title="bbox 2138 1358 3719 1436">
     <span class='ocr_line' id='line_1_44' title="bbox 2138 1358 3719 1436; baseline -0.01 -13"><span class='ocrx_word' id='word_1_282' title='bbox 2138 1368 2335 1429; x_wconf 89' lang='grc' dir='ltr'>ιδόντες</span> <span class='ocrx_word' id='word_1_283' title='bbox 2348 1364 2609 1436; x_wconf 73' lang='grc' dir='ltr'>θορύϐους</span> <span class='ocrx_word' id='word_1_284' title='bbox 2631 1363 2723 1417; x_wconf 75' lang='grc' dir='ltr'><strong>καὶ</strong></span> <span class='ocrx_word' id='word_1_285' title='bbox 2754 1359 3121 1433; x_wconf 76' lang='grc' dir='ltr'>τυρϐασμοὺς,</span> <span class='ocrx_word' id='word_1_286' title='bbox 3145 1360 3254 1412; x_wconf 82' lang='grc' dir='ltr'>ὅλοι</span> <span class='ocrx_word' id='word_1_287' title='bbox 3283 1358 3565 1429; x_wconf 79' lang='grc' dir='ltr'><strong>μερίμνης</strong></span> <span class='ocrx_word' id='word_1_288' title='bbox 3599 1358 3719 1425; x_wconf 70' lang='grc' dir='ltr'>μιᾶς</span> 
     </span>
    </p>
   </div>
   <div class='ocr_carea' id='block_1_45' title="bbox 2135 1448 3720 1530">
    <p class='ocr_par' dir='ltr' id='par_1_45' title="bbox 2135 1448 3720 1530">
     <span class='ocr_line' id='line_1_45' title="bbox 2135 1448 3720 1530; baseline -0.01 -16"><span class='ocrx_word' id='word_1_289' title='bbox 2135 1457 2451 1530; x_wconf 74' lang='grc' dir='ltr'>ἐγενόμεθα,</span> <span class='ocrx_word' id='word_1_290' title='bbox 2481 1457 2547 1528; x_wconf 75' lang='grc' dir='ltr'>ἣν</span> <span class='ocrx_word' id='word_1_291' title='bbox 2574 1455 2637 1525; x_wconf 84' lang='grc' dir='ltr'>δὴ</span> <span class='ocrx_word' id='word_1_292' title='bbox 2674 1454 2769 1508; x_wconf 72' lang='grc' dir='ltr'><strong>καὶ</strong></span> <span class='ocrx_word' id='word_1_293' title='bbox 2797 1456 2912 1516; x_wconf 91' lang='grc' dir='ltr'>τοῖς</span> <span class='ocrx_word' id='word_1_294' title='bbox 2950 1453 3115 1523; x_wconf 79' lang='grc' dir='ltr'>ἱεροῖς</span> <span class='ocrx_word' id='word_1_295' title='bbox 3148 1450 3361 1518; x_wconf 84' lang='grc' dir='ltr'>Δογίοις</span> <span class='ocrx_word' id='word_1_296' title='bbox 3400 1448 3720 1520; x_wconf 74' lang='grc' dir='ltr'><strong>ἀφιερῴσα⁸</strong></span> 
     </span>
    </p>
   </div>
   <div class='ocr_carea' id='block_1_46' title="bbox 2138 1536 3717 1622">
    <p class='ocr_par' dir='ltr' id='par_1_46' title="bbox 2138 1536 3717 1622">
     <span class='ocr_line' id='line_1_46' title="bbox 2138 1536 3717 1622; baseline -0.011 -17"><span class='ocrx_word' id='word_1_297' title='bbox 2138 1568 2258 1622; x_wconf 89' lang='grc' dir='ltr'>μεν.</span> <span class='ocrx_word' id='word_1_298' title='bbox 2302 1546 2532 1614; x_wconf 85' lang='grc' dir='ltr'>Ἐξείπω</span> <span class='ocrx_word' id='word_1_299' title='bbox 2584 1545 2676 1598; x_wconf 77' lang='grc' dir='ltr'>καὶ</span> <span class='ocrx_word' id='word_1_300' title='bbox 2713 1542 2773 1595; x_wconf 85' lang='grc' dir='ltr'><strong>τὸ</strong></span> <span class='ocrx_word' id='word_1_301' title='bbox 2816 1541 3148 1613; x_wconf 64' lang='grc' dir='ltr'>ἀπόρρητον,</span> <span class='ocrx_word' id='word_1_302' title='bbox 3205 1539 3286 1592; x_wconf 74' lang='grc' dir='ltr'>ὅτι</span> <span class='ocrx_word' id='word_1_303' title='bbox 3354 1538 3447 1591; x_wconf 75' lang='grc' dir='ltr'><strong>καὶ</strong></span> <span class='ocrx_word' id='word_1_304' title='bbox 3478 1536 3717 1607; x_wconf 78' lang='grc' dir='ltr'>ἀληθές·</span> 
     </span>
    </p>
   </div>
   <div class='ocr_carea' id='block_1_47' title="bbox 2133 1627 3720 1706">
    <p class='ocr_par' dir='ltr' id='par_1_47' title="bbox 2133 1627 3720 1706">
     <span class='ocr_line' id='line_1_47' title="bbox 2133 1627 3720 1706; baseline -0.009 -13"><span class='ocrx_word' id='word_1_305' title='bbox 2133 1640 2385 1694; x_wconf 81' lang='grc' dir='ltr'>τοσοῦτον</span> <span class='ocrx_word' id='word_1_306' title='bbox 2411 1636 2675 1706; x_wconf 77' lang='grc' dir='ltr'><strong>ἐγενόμην</strong></span> <span class='ocrx_word' id='word_1_307' title='bbox 2700 1631 2794 1687; x_wconf 79' lang='grc' dir='ltr'>τοῦ</span> <span class='ocrx_word' id='word_1_308' title='bbox 2827 1631 3167 1703; x_wconf 83' lang='grc' dir='ltr'>πράγματος,</span> <span class='ocrx_word' id='word_1_309' title='bbox 3193 1629 3286 1682; x_wconf 80' lang='grc' dir='ltr'><strong>καὶ</strong></span> <span class='ocrx_word' id='word_1_310' title='bbox 3316 1627 3490 1690; x_wconf 75' lang='grc' dir='ltr'>οὕτως</span> <span class='ocrx_word' id='word_1_311' title='bbox 3524 1628 3720 1687; x_wconf 75' lang='grc' dir='ltr'>ἑάλων,</span> 
     </span>
    </p>
   </div>
   <div class='ocr_carea' id='block_1_48' title="bbox 2136 1718 3720 1796">
    <p class='ocr_par' dir='ltr' id='par_1_48' title="bbox 2136 1718 3720 1796">
     <span class='ocr_line' id='line_1_48' title="bbox 2136 1718 3720 1796; baseline -0.013 -9"><span class='ocrx_word' id='word_1_312' title='bbox 2136 1734 2279 1787; x_wconf 85' lang='grc' dir='ltr'>ῶστε</span> <span class='ocrx_word' id='word_1_313' title='bbox 2313 1730 2405 1784; x_wconf 76' lang='grc' dir='ltr'>καὶ</span> <span class='ocrx_word' id='word_1_314' title='bbox 2431 1724 2699 1796; x_wconf 82' lang='grc' dir='ltr'>πολλαχοῦ</span> <span class='ocrx_word' id='word_1_315' title='bbox 2733 1723 2842 1777; x_wconf 88' lang='grc' dir='ltr'><strong>τῶν</strong></span> <span class='ocrx_word' id='word_1_316' title='bbox 2869 1722 3039 1790; x_wconf 88' lang='grc' dir='ltr'>λόγων</span> <span class='ocrx_word' id='word_1_317' title='bbox 3064 1720 3403 1791; x_wconf 79' lang='grc' dir='ltr'>σχολάσαντι,</span> <span class='ocrx_word' id='word_1_318' title='bbox 3429 1718 3720 1786; x_wconf 70' lang='grc' dir='ltr'>διαφωνεῖν</span> 
     </span>
    </p>
   </div>
   <div class='ocr_carea' id='block_1_49' title="bbox 2060 1808 3720 1897">
    <p class='ocr_par' dir='ltr' id='par_1_49' title="bbox 2060 1808 3720 1897">
     <span class='ocr_line' id='line_1_49' title="bbox 2060 1808 3720 1897; baseline -0.014 -16"><span class='ocrx_word' id='word_1_319' title='bbox 2060 1824 2103 1880; x_wconf 87' lang='grc' dir='ltr'><strong>Β</strong></span> <span class='ocrx_word' id='word_1_320' title='bbox 2136 1843 2225 1897; x_wconf 88' lang='grc' dir='ltr'><strong>μοι</strong></span> <span class='ocrx_word' id='word_1_321' title='bbox 2261 1820 2576 1882; x_wconf 76' lang='grc' dir='ltr'>συνέϐαινε,</span> <span class='ocrx_word' id='word_1_322' title='bbox 2618 1813 2966 1871; x_wconf 81' lang='grc' dir='ltr'>κατανοοῦντι</span> <span class='ocrx_word' id='word_1_323' title='bbox 3012 1812 3163 1866; x_wconf 74' lang='grc' dir='ltr'>ἔνθεν</span> <span class='ocrx_word' id='word_1_324' title='bbox 3194 1811 3255 1865; x_wconf 88' lang='grc' dir='ltr'>τὸ</span> <span class='ocrx_word' id='word_1_325' title='bbox 3277 1810 3386 1864; x_wconf 92' lang='grc' dir='ltr'><strong>τῶν</strong></span> <span class='ocrx_word' id='word_1_326' title='bbox 3424 1808 3720 1879; x_wconf 75' lang='grc' dir='ltr'>νοημάτων</span> 
     </span>
    </p>
   </div>
   <div class='ocr_carea' id='block_1_50' title="bbox 2139 1895 3721 1989">
    <p class='ocr_par' dir='ltr' id='par_1_50' title="bbox 2139 1895 3721 1989">
     <span class='ocr_line' id='line_1_50' title="bbox 2139 1895 3721 1989; baseline -0.015 -17"><span class='ocrx_word' id='word_1_327' title='bbox 2139 1895 2301 1989; x_wconf 76' lang='grc' dir='ltr'>βάθος</span> <span class='ocrx_word' id='word_1_328' title='bbox 2325 1953 2340 1978; x_wconf 91' lang='grc'><strong>,</strong></span> <span class='ocrx_word' id='word_1_329' title='bbox 2374 1910 2584 1967; x_wconf 84' lang='grc' dir='ltr'>ἐκεῖθεν</span> <span class='ocrx_word' id='word_1_330' title='bbox 2619 1907 2680 1961; x_wconf 83' lang='grc' dir='ltr'><strong>τὸ</strong></span> <span class='ocrx_word' id='word_1_331' title='bbox 2725 1907 2828 1977; x_wconf 80' lang='grc' dir='ltr'>τῆς</span> <span class='ocrx_word' id='word_1_332' title='bbox 2856 1904 3130 1973; x_wconf 88' lang='grc' dir='ltr'>θεολογίας</span> <span class='ocrx_word' id='word_1_333' title='bbox 3158 1902 3321 1973; x_wconf 67' lang='grc' dir='ltr'><strong>ὕψος⁸</strong></span> <span class='ocrx_word' id='word_1_334' title='bbox 3357 1895 3459 1955; x_wconf 82' lang='grc' dir='ltr'><strong>ὧδε</strong></span> <span class='ocrx_word' id='word_1_335' title='bbox 3494 1900 3567 1953; x_wconf 84' lang='grc' dir='ltr'>τὸ</span> <span class='ocrx_word' id='word_1_336' title='bbox 3602 1900 3721 1970; x_wconf 73' lang='grc' dir='ltr'>περὶ</span> 
     </span>
    </p>
   </div>
   <div class='ocr_carea' id='block_1_51' title="bbox 2134 1991 3722 2071">
    <p class='ocr_par' dir='ltr' id='par_1_51' title="bbox 2134 1991 3722 2071">
     <span class='ocr_line' id='line_1_51' title="bbox 2134 1991 3722 2071; baseline -0.012 -10"><span class='ocrx_word' id='word_1_337' title='bbox 2134 2007 2203 2061; x_wconf 84' lang='grc' dir='ltr'><strong>τά</strong></span> <span class='ocrx_word' id='word_1_338' title='bbox 2232 2005 2354 2059; x_wconf 81' lang='grc' dir='ltr'>θεῖα</span> <span class='ocrx_word' id='word_1_339' title='bbox 2383 1998 2825 2071; x_wconf 81' lang='grc' dir='ltr'>ἐπιστημονικὸν,</span> <span class='ocrx_word' id='word_1_340' title='bbox 2860 1991 2962 2050; x_wconf 78' lang='grc' dir='ltr'>ὧδε</span> <span class='ocrx_word' id='word_1_341' title='bbox 3000 1995 3061 2049; x_wconf 84' lang='grc' dir='ltr'>τὺ</span> <span class='ocrx_word' id='word_1_342' title='bbox 3100 1993 3229 2066; x_wconf 78' lang='grc' dir='ltr'>περὶ</span> <span class='ocrx_word' id='word_1_343' title='bbox 3264 1993 3361 2064; x_wconf 85' lang='grc' dir='ltr'>τὴν</span> <span class='ocrx_word' id='word_1_344' title='bbox 3396 1992 3722 2062; x_wconf 72' lang='grc' dir='ltr'>ἐξαγγελίαν</span> 
     </span>
    </p>
   </div>
   <div class='ocr_carea' id='block_1_52' title="bbox 2136 2085 3722 2171">
    <p class='ocr_par' dir='ltr' id='par_1_52' title="bbox 2136 2085 3722 2171">
     <span class='ocr_line' id='line_1_52' title="bbox 2136 2085 3722 2171; baseline -0.011 -16"><span class='ocrx_word' id='word_1_345' title='bbox 2136 2095 2623 2171; x_wconf 61' lang='grc' dir='ltr'>ἀπηκριϐωμένον</span> <span class='ocrx_word' id='word_1_346' title='bbox 2653 2090 2884 2162; x_wconf 79' lang='grc' dir='ltr'>ἀλλαχοῦ</span> <span class='ocrx_word' id='word_1_347' title='bbox 2910 2091 2971 2144; x_wconf 82' lang='grc' dir='ltr'><strong>τὸ</strong></span> <span class='ocrx_word' id='word_1_348' title='bbox 2999 2088 3238 2161; x_wconf 86' lang='grc' dir='ltr'>μέτριον,</span> <span class='ocrx_word' id='word_1_349' title='bbox 3270 2085 3502 2156; x_wconf 85' lang='grc' dir='ltr'>ἀλλαχοῦ</span> <span class='ocrx_word' id='word_1_350' title='bbox 3544 2085 3617 2139; x_wconf 82' lang='grc' dir='ltr'><strong>τδ</strong></span> <span class='ocrx_word' id='word_1_351' title='bbox 3645 2085 3722 2136; x_wconf 79' lang='grc' dir='ltr'>ἐν·</span> 
     </span>
    </p>
   </div>
   <div class='ocr_carea' id='block_1_53' title="bbox 2136 2178 3252 2257">
    <p class='ocr_par' dir='ltr' id='par_1_53' title="bbox 2136 2178 3252 2257">
     <span class='ocr_line' id='line_1_53' title="bbox 2136 2178 3252 2257; baseline -0.013 -11"><span class='ocrx_word' id='word_1_352' title='bbox 2136 2192 2277 2256; x_wconf 89' lang='grc' dir='ltr'>θεον,</span> <span class='ocrx_word' id='word_1_353' title='bbox 2306 2186 2583 2257; x_wconf 89' lang='grc' dir='ltr'>πανταχοῦ</span> <span class='ocrx_word' id='word_1_354' title='bbox 2608 2185 2669 2239; x_wconf 87' lang='grc' dir='ltr'><strong>τὸ</strong></span> <span class='ocrx_word' id='word_1_355' title='bbox 2696 2184 2837 2237; x_wconf 90' lang='grc' dir='ltr'>θεῖον</span> <span class='ocrx_word' id='word_1_356' title='bbox 2863 2182 2958 2235; x_wconf 71' lang='grc' dir='ltr'><strong>καὶ</strong></span> <span class='ocrx_word' id='word_1_357' title='bbox 2992 2178 3252 2251; x_wconf 82' lang='grc' dir='ltr'>ἀσφαλές.</span> 
     </span>
    </p>
   </div>
   <div class='ocr_carea' id='block_1_54' title="bbox 2208 2268 3723 2351">
    <p class='ocr_par' dir='ltr' id='par_1_54' title="bbox 2208 2268 3723 2351">
     <span class='ocr_line' id='line_1_54' title="bbox 2208 2268 3723 2351; baseline -0.012 -13"><span class='ocrx_word' id='word_1_358' title='bbox 2208 2286 2319 2338; x_wconf 73' lang='grc' dir='ltr'><strong>Καὶ</strong></span> <span class='ocrx_word' id='word_1_359' title='bbox 2368 2282 2422 2335; x_wconf 86' lang='grc' dir='ltr'><strong>τί</strong></span> <span class='ocrx_word' id='word_1_360' title='bbox 2477 2298 2543 2351; x_wconf 88' lang='grc' dir='ltr'><strong>γε</strong></span> <span class='ocrx_word' id='word_1_361' title='bbox 2592 2278 2719 2333; x_wconf 83' lang='grc' dir='ltr'>ἀλλο</span> <span class='ocrx_word' id='word_1_362' title='bbox 2765 2276 2799 2347; x_wconf 82' lang='grc' dir='ltr'>ἢ</span> <span class='ocrx_word' id='word_1_363' title='bbox 2847 2273 3074 2345; x_wconf 81' lang='grc' dir='ltr'>λειμῶνι</span> <span class='ocrx_word' id='word_1_364' title='bbox 3131 2270 3421 2341; x_wconf 78' lang='grc' dir='ltr'>πολυφόρῳ</span> <span class='ocrx_word' id='word_1_365' title='bbox 3465 2268 3577 2333; x_wconf 80' lang='grc' dir='ltr'>τὰς</span> <span class='ocrx_word' id='word_1_366' title='bbox 3635 2268 3723 2322; x_wconf 69' lang='grc' dir='ltr'>τοῦ</span> 
     </span>
    </p>
   </div>
   <div class='ocr_carea' id='block_1_55' title="bbox 2150 2360 3716 2446">
    <p class='ocr_par' dir='ltr' id='par_1_55' title="bbox 2150 2360 3716 2446">
     <span class='ocr_line' id='line_1_55' title="bbox 2150 2360 3716 2446; baseline -0.011 -17"><span class='ocrx_word' id='word_1_367' title='bbox 2150 2378 2330 2445; x_wconf 80' lang='grc' dir='ltr'><strong>Ἀγίου</strong></span> <span class='ocrx_word' id='word_1_368' title='bbox 2358 2372 2576 2446; x_wconf 82' lang='grc' dir='ltr'>γραφὰς</span> <span class='ocrx_word' id='word_1_369' title='bbox 2606 2366 3017 2441; x_wconf 78' lang='grc' dir='ltr'>παρεικάζοντι,</span> <span class='ocrx_word' id='word_1_370' title='bbox 3061 2364 3136 2427; x_wconf 86' lang='grc' dir='ltr'>ὼς</span> <span class='ocrx_word' id='word_1_371' title='bbox 3161 2362 3445 2433; x_wconf 85' lang='grc' dir='ltr'>βούλεσθαι</span> <span class='ocrx_word' id='word_1_372' title='bbox 3475 2362 3583 2432; x_wconf 76' lang='grc' dir='ltr'><strong>μὲν</strong></span> <span class='ocrx_word' id='word_1_373' title='bbox 3606 2360 3716 2430; x_wconf 69' lang='lat' dir='ltr'><strong>aps-</strong></span> 
     </span>
    </p>
   </div>
   <div class='ocr_carea' id='block_1_56' title="bbox 2138 2451 3713 2540">
    <p class='ocr_par' dir='ltr' id='par_1_56' title="bbox 2138 2451 3713 2540">
     <span class='ocr_line' id='line_1_56' title="bbox 2138 2451 3713 2540; baseline -0.013 -18"><span class='ocrx_word' id='word_1_374' title='bbox 2138 2470 2359 2540; x_wconf 84' lang='grc' dir='ltr'>πομένῳ</span> <span class='ocrx_word' id='word_1_375' title='bbox 2385 2470 2498 2529; x_wconf 88' lang='grc' dir='ltr'>τοῖς</span> <span class='ocrx_word' id='word_1_376' title='bbox 2527 2463 2704 2526; x_wconf 81' lang='grc' dir='ltr'>ἄλλοις</span> <span class='ocrx_word' id='word_1_377' title='bbox 2730 2457 3045 2534; x_wconf 81' lang='grc' dir='ltr'>προτιθέναι</span> <span class='ocrx_word' id='word_1_378' title='bbox 3088 2454 3157 2508; x_wconf 78' lang='grc' dir='ltr'><strong>τὰ</strong></span> <span class='ocrx_word' id='word_1_379' title='bbox 3189 2455 3472 2519; x_wconf 82' lang='grc' dir='ltr'>κάλλιστα,</span> <span class='ocrx_word' id='word_1_380' title='bbox 3509 2452 3596 2524; x_wconf 74' lang='grc' dir='ltr'>μὴ</span> <span class='ocrx_word' id='word_1_381' title='bbox 3640 2451 3713 2503; x_wconf 62' lang='grc' dir='ltr'>δύο</span> 
     </span>
    </p>
   </div>
   <div class='ocr_carea' id='block_1_57' title="bbox 2137 2542 3721 2626">
    <p class='ocr_par' dir='ltr' id='par_1_57' title="bbox 2137 2542 3721 2626">
     <span class='ocr_line' id='line_1_57' title="bbox 2137 2542 3721 2626; baseline -0.015 -10"><span class='ocrx_word' id='word_1_382' title='bbox 2137 2559 2330 2616; x_wconf 89' lang='grc' dir='ltr'>νασθαι</span> <span class='ocrx_word' id='word_1_383' title='bbox 2346 2559 2423 2622; x_wconf 88' lang='grc' dir='ltr'><strong>δέ,</strong></span> <span class='ocrx_word' id='word_1_384' title='bbox 2445 2556 2558 2612; x_wconf 83' lang='grc' dir='ltr'>ἀλλ’</span> <span class='ocrx_word' id='word_1_385' title='bbox 2576 2553 2904 2626; x_wconf 78' lang='grc' dir='ltr'>ἀκινητίζειν</span> <span class='ocrx_word' id='word_1_386' title='bbox 2926 2543 3033 2604; x_wconf 81' lang='grc' dir='ltr'>οἷον</span> <span class='ocrx_word' id='word_1_387' title='bbox 3064 2548 3155 2601; x_wconf 68' lang='grc' dir='ltr'>καὶ</span> <span class='ocrx_word' id='word_1_388' title='bbox 3180 2544 3571 2608; x_wconf 85' lang='grc' dir='ltr'>ἀπενεοῦσθαι,</span> <span class='ocrx_word' id='word_1_389' title='bbox 3594 2542 3721 2613; x_wconf 60' lang='grc' dir='ltr'>πρὸς</span> 
     </span>
    </p>
   </div>
   <div class='ocr_carea' id='block_1_58' title="bbox 2134 2636 3722 2719">
    <p class='ocr_par' dir='ltr' id='par_1_58' title="bbox 2134 2636 3722 2719">
     <span class='ocr_line' id='line_1_58' title="bbox 2134 2636 3722 2719; baseline -0.014 -10"><span class='ocrx_word' id='word_1_390' title='bbox 2134 2655 2197 2709; x_wconf 86' lang='grc' dir='ltr'><strong>τδ</strong></span> <span class='ocrx_word' id='word_1_391' title='bbox 2231 2651 2475 2707; x_wconf 75' lang='grc' dir='ltr'>ποικίλον</span> <span class='ocrx_word' id='word_1_392' title='bbox 2503 2648 2605 2719; x_wconf 81' lang='grc' dir='ltr'>τῆς</span> <span class='ocrx_word' id='word_1_393' title='bbox 2644 2646 2899 2717; x_wconf 82' lang='grc' dir='ltr'>χάριτος;</span> <span class='ocrx_word' id='word_1_394' title='bbox 2934 2644 3121 2706; x_wconf 81' lang='grc' dir='ltr'>Οὕτως</span> <span class='ocrx_word' id='word_1_395' title='bbox 3149 2639 3260 2709; x_wconf 82' lang='grc' dir='ltr'><strong>ἐγὼ</strong></span> <span class='ocrx_word' id='word_1_396' title='bbox 3291 2640 3393 2693; x_wconf 79' lang='grc' dir='ltr'><strong>οὐκ</strong></span> <span class='ocrx_word' id='word_1_397' title='bbox 3420 2636 3722 2706; x_wconf 72' lang='grc' dir='ltr'>ἐξηγητὴς,</span> 
     </span>
    </p>
   </div>
   <div class='ocr_carea' id='block_1_59' title="bbox 2136 2728 3721 2815">
    <p class='ocr_par' dir='ltr' id='par_1_59' title="bbox 2136 2728 3721 2815">
     <span class='ocr_line' id='line_1_59' title="bbox 2136 2728 3721 2815; baseline -0.015 -16"><span class='ocrx_word' id='word_1_398' title='bbox 2136 2746 2197 2798; x_wconf 85' lang='grc' dir='ltr'><strong>ού</strong></span> <span class='ocrx_word' id='word_1_399' title='bbox 2240 2738 2657 2815; x_wconf 84' lang='grc' dir='ltr'>παραφραστὴς,</span> <span class='ocrx_word' id='word_1_400' title='bbox 2686 2733 2797 2790; x_wconf 83' lang='grc' dir='ltr'>ἀλλ’</span> <span class='ocrx_word' id='word_1_401' title='bbox 2832 2734 3124 2806; x_wconf 83' lang='grc' dir='ltr'>ἀκροατής.</span> <span class='ocrx_word' id='word_1_402' title='bbox 3167 2729 3328 2799; x_wconf 84' lang='grc' dir='ltr'>Μέγα</span> <span class='ocrx_word' id='word_1_403' title='bbox 3372 2728 3505 2800; x_wconf 80' lang='grc' dir='ltr'>γὰρ,</span> <span class='ocrx_word' id='word_1_404' title='bbox 3555 2729 3609 2780; x_wconf 86' lang='grc' dir='ltr'>εἰ</span> <span class='ocrx_word' id='word_1_405' title='bbox 3640 2730 3721 2780; x_wconf 66' lang='grc' dir='ltr'><strong>καὶ</strong></span> 
     </span>
    </p>
   </div>
   <div class='ocr_carea' id='block_1_60' title="bbox 2140 2820 3722 2909">
    <p class='ocr_par' dir='ltr' id='par_1_60' title="bbox 2140 2820 3722 2909">
     <span class='ocr_line' id='line_1_60' title="bbox 2140 2820 3722 2909; baseline -0.015 -17"><span class='ocrx_word' id='word_1_406' title='bbox 2140 2837 2350 2909; x_wconf 82' lang='grc' dir='ltr'>μύστης</span> <span class='ocrx_word' id='word_1_407' title='bbox 2399 2834 2509 2888; x_wconf 91' lang='grc' dir='ltr'><strong>τῶν</strong></span> <span class='ocrx_word' id='word_1_408' title='bbox 2555 2830 2825 2903; x_wconf 86' lang='grc' dir='ltr'>οὐρανίων</span> <span class='ocrx_word' id='word_1_409' title='bbox 2869 2826 3136 2897; x_wconf 83' lang='grc' dir='ltr'>ἐγενόμην</span> <span class='ocrx_word' id='word_1_410' title='bbox 3182 2822 3529 2889; x_wconf 80' lang='grc' dir='ltr'>σαλπίγγων,</span> <span class='ocrx_word' id='word_1_411' title='bbox 3588 2820 3722 2889; x_wconf 70' lang='grc' dir='ltr'>πλὴν</span> 
     </span>
    </p>
   </div>
   <div class='ocr_carea' id='block_1_61' title="bbox 2135 2911 3721 2995">
    <p class='ocr_par' dir='ltr' id='par_1_61' title="bbox 2135 2911 3721 2995">
     <span class='ocr_line' id='line_1_61' title="bbox 2135 2911 3721 2995; baseline -0.015 -9"><span class='ocrx_word' id='word_1_412' title='bbox 2135 2934 2237 2987; x_wconf 82' lang='grc' dir='ltr'><strong>οὐκ</strong></span> <span class='ocrx_word' id='word_1_413' title='bbox 2264 2932 2423 2994; x_wconf 79' lang='grc' dir='ltr'>εὐθὺς</span> <span class='ocrx_word' id='word_1_414' title='bbox 2449 2930 2541 2984; x_wconf 72' lang='grc' dir='ltr'>καὶ</span> <span class='ocrx_word' id='word_1_415' title='bbox 2573 2926 2832 2995; x_wconf 81' lang='grc' dir='ltr'>ἐξαίφνης</span> <span class='ocrx_word' id='word_1_416' title='bbox 2863 2918 3172 2991; x_wconf 84' lang='grc' dir='ltr'>ἐνηχουσῶν</span> <span class='ocrx_word' id='word_1_417' title='bbox 3204 2916 3307 2987; x_wconf 82' lang='grc' dir='ltr'>(ἵν’</span> <span class='ocrx_word' id='word_1_418' title='bbox 3342 2911 3436 2968; x_wconf 77' lang='grc' dir='ltr'><strong>οὖν</strong></span> <span class='ocrx_word' id='word_1_419' title='bbox 3467 2913 3721 2966; x_wconf 71' lang='grc' dir='ltr'>ἐντεῦθεν</span> 
     </span>
    </p>
   </div>
   <div class='ocr_carea' id='block_1_62' title="bbox 2137 3002 3721 3093">
    <p class='ocr_par' dir='ltr' id='par_1_62' title="bbox 2137 3002 3721 3093">
     <span class='ocr_line' id='line_1_62' title="bbox 2137 3002 3721 3093; baseline -0.018 -16"><span class='ocrx_word' id='word_1_420' title='bbox 2137 3025 2228 3077; x_wconf 76' lang='grc' dir='ltr'><strong>καὶ</strong></span> <span class='ocrx_word' id='word_1_421' title='bbox 2247 3022 2345 3093; x_wconf 87' lang='grc' dir='ltr'>τὴν</span> <span class='ocrx_word' id='word_1_422' title='bbox 2366 3018 2558 3091; x_wconf 86' lang='grc' dir='ltr'>νοεράν</span> <span class='ocrx_word' id='word_1_423' title='bbox 2584 3013 2915 3084; x_wconf 80' lang='grc' dir='ltr'>ἀκουστικὴν</span> <span class='ocrx_word' id='word_1_424' title='bbox 2944 3006 3422 3080; x_wconf 75' lang='grc' dir='ltr'>παρεδλάὁημεν),</span> <span class='ocrx_word' id='word_1_425' title='bbox 3451 3004 3574 3059; x_wconf 75' lang='grc' dir='ltr'>ἀλλ’</span> <span class='ocrx_word' id='word_1_426' title='bbox 3608 3002 3721 3075; x_wconf 77' lang='grc' dir='ltr'>ἠρέ-</span> 
     </span>
    </p>
   </div>
   <div class='ocr_carea' id='block_1_63' title="bbox 2140 3094 3720 3184">
    <p class='ocr_par' dir='ltr' id='par_1_63' title="bbox 2140 3094 3720 3184">
     <span class='ocr_line' id='line_1_63' title="bbox 2140 3094 3720 3184; baseline -0.011 -20"><span class='ocrx_word' id='word_1_427' title='bbox 2140 3130 2249 3184; x_wconf 87' lang='grc' dir='ltr'><strong>μα,</strong></span> <span class='ocrx_word' id='word_1_428' title='bbox 2280 3111 2374 3163; x_wconf 78' lang='grc' dir='ltr'><strong>καὶ</strong></span> <span class='ocrx_word' id='word_1_429' title='bbox 2421 3107 2563 3162; x_wconf 88' lang='grc' dir='ltr'><strong>κατά</strong></span> <span class='ocrx_word' id='word_1_430' title='bbox 2616 3104 2810 3177; x_wconf 78' lang='grc' dir='ltr'>μικρὸν</span> <span class='ocrx_word' id='word_1_431' title='bbox 2853 3097 3297 3175; x_wconf 76' lang='grc' dir='ltr'>προϐιὸαξουσῶν</span> <span class='ocrx_word' id='word_1_432' title='bbox 3335 3094 3475 3166; x_wconf 82' lang='grc' dir='ltr'>πρὸς</span> <span class='ocrx_word' id='word_1_433' title='bbox 3518 3095 3589 3147; x_wconf 84' lang='grc' dir='ltr'><strong>τὸ</strong></span> <span class='ocrx_word' id='word_1_434' title='bbox 3633 3094 3720 3161; x_wconf 70' lang='grc' dir='ltr'>τῆς</span> 
     </span>
    </p>
   </div>
   <div class='ocr_carea' id='block_1_64' title="bbox 459 3173 2033 3273">
    <p class='ocr_par' dir='ltr' id='par_1_64' title="bbox 459 3173 2033 3271">
     <span class='ocr_line' id='line_1_64' title="bbox 459 3173 2033 3271; baseline -0.007 -15"><span class='ocrx_word' id='word_1_435' title='bbox 459 3202 723 3271; x_wconf 80' lang='lat' dir='ltr'><strong>gnitionis</strong></span> <span class='ocrx_word' id='word_1_436' title='bbox 754 3173 973 3255; x_wconf 81' lang='lat' dir='ltr'><strong>sonum.</strong></span> <span class='ocrx_word' id='word_1_437' title='bbox 1017 3173 1118 3263; x_wconf 68' lang='lat' dir='ltr'><strong>Qui</strong></span> <span class='ocrx_word' id='word_1_438' title='bbox 1151 3208 1283 3249; x_wconf 88' lang='lat' dir='ltr'><strong>sane</strong></span> <span class='ocrx_word' id='word_1_439' title='bbox 1331 3194 1522 3248; x_wconf 89' lang='lat' dir='ltr'><strong>modus</strong></span> <span class='ocrx_word' id='word_1_440' title='bbox 1562 3202 1647 3248; x_wconf 88' lang='lat' dir='ltr'><strong>est</strong></span> <span class='ocrx_word' id='word_1_441' title='bbox 1689 3192 1921 3252; x_wconf 86' lang='lat' dir='ltr'><strong>vacandi</strong></span> <span class='ocrx_word' id='word_1_442' title='bbox 1967 3193 2033 3245; x_wconf 91' lang='lat' dir='ltr'><strong>ab</strong></span> 
     </span>
    </p>
   </div>
   <div class='ocr_carea' id='block_1_65' title="bbox 2207 3173 3721 3273">
    <p class='ocr_par' dir='ltr' id='par_1_65' title="bbox 2207 3173 3721 3271">
     <span class='ocr_line' id='line_1_65' title="bbox 2207 3173 3721 3271; baseline -0.014 -15"><span class='ocrx_word' id='word_1_443' title='bbox 2207 3203 2391 3264; x_wconf 86' lang='grc' dir='ltr'>ώσεως</span> <span class='ocrx_word' id='word_1_444' title='bbox 2437 3173 2809 3271; x_wconf 83' lang='grc' dir='ltr'>ἐνηχέστερον.</span> <span class='ocrx_word' id='word_1_445' title='bbox 2864 3173 2959 3257; x_wconf 74' lang='grc' dir='ltr'>Ὃς</span> <span class='ocrx_word' id='word_1_446' title='bbox 3012 3192 3077 3263; x_wconf 81' lang='grc' dir='ltr'>δὴ</span> <span class='ocrx_word' id='word_1_447' title='bbox 3124 3190 3325 3262; x_wconf 84' lang='grc' dir='ltr'>τρόπος</span> <span class='ocrx_word' id='word_1_448' title='bbox 3365 3185 3570 3256; x_wconf 80' lang='grc' dir='ltr'>σχολῆς</span> <span class='ocrx_word' id='word_1_449' title='bbox 3625 3184 3721 3238; x_wconf 65' lang='grc' dir='ltr'><strong>ἀπὸ</strong></span> 
     </span>
    </p>
   </div>
   <div class='ocr_carea' id='block_1_66' title="bbox 459 3282 2037 3356">
    <p class='ocr_par' dir='ltr' id='par_1_66' title="bbox 459 3282 2037 3356">
     <span class='ocr_line' id='line_1_66' title="bbox 459 3282 2037 3356; baseline -0.007 -10"><span class='ocrx_word' id='word_1_450' title='bbox 459 3292 738 3356; x_wconf 88' lang='lat' dir='ltr'><strong>omnibus,</strong></span> <span class='ocrx_word' id='word_1_451' title='bbox 786 3301 841 3343; x_wconf 90' lang='lat' dir='ltr'><strong>et</strong></span> <span class='ocrx_word' id='word_1_452' title='bbox 888 3287 1221 3342; x_wconf 88' lang='lat' dir='ltr'><strong>intellectum</strong></span> <span class='ocrx_word' id='word_1_453' title='bbox 1268 3282 1575 3353; x_wconf 88' lang='lat' dir='ltr'><strong>applicandi</strong></span> <span class='ocrx_word' id='word_1_454' title='bbox 1623 3283 1692 3337; x_wconf 89' lang='lat' dir='ltr'><strong>ad</strong></span> <span class='ocrx_word' id='word_1_455' title='bbox 1732 3297 1820 3337; x_wconf 91' lang='lat' dir='ltr'><strong>res</strong></span> <span class='ocrx_word' id='word_1_456' title='bbox 1865 3282 2037 3336; x_wconf 73' lang='lat' dir='ltr'><strong>maxi-</strong></span> 
     </span>
    </p>
   </div>
   <div class='ocr_carea' id='block_1_67' title="bbox 460 3374 2037 3448">
    <p class='ocr_par' dir='ltr' id='par_1_67' title="bbox 460 3374 2037 3448">
     <span class='ocr_line' id='line_1_67' title="bbox 460 3374 2037 3448; baseline -0.004 -13"><span class='ocrx_word' id='word_1_457' title='bbox 460 3399 598 3448; x_wconf 88' lang='lat' dir='ltr'><strong>mas,</strong></span> <span class='ocrx_word' id='word_1_458' title='bbox 648 3382 850 3437; x_wconf 79' lang='lat' dir='ltr'><strong>sensim</strong></span> <span class='ocrx_word' id='word_1_459' title='bbox 897 3378 987 3434; x_wconf 87' lang='lat' dir='ltr'><strong>illa</strong></span> <span class='ocrx_word' id='word_1_460' title='bbox 1018 3392 1140 3448; x_wconf 81' lang='lat' dir='ltr'><strong>qua:</strong></span> <span class='ocrx_word' id='word_1_461' title='bbox 1188 3375 1569 3445; x_wconf 86' lang='lat' dir='ltr'><strong>intelliguntur</strong></span> <span class='ocrx_word' id='word_1_462' title='bbox 1612 3374 1940 3445; x_wconf 78' lang='lat' dir='ltr'><strong>subigendo,</strong></span> <span class='ocrx_word' id='word_1_463' title='bbox 1982 3382 2037 3428; x_wconf 88' lang='lat' dir='ltr'><strong>et</strong></span> 
     </span>
    </p>
   </div>
   <div class='ocr_carea' id='block_1_68' title="bbox 461 3468 2036 3544">
    <p class='ocr_par' dir='ltr' id='par_1_68' title="bbox 461 3468 2036 3544">
     <span class='ocr_line' id='line_1_68' title="bbox 461 3468 2036 3544; baseline -0.006 -17"><span class='ocrx_word' id='word_1_464' title='bbox 461 3475 681 3528; x_wconf 89' lang='lat' dir='ltr'><strong>tandem</strong></span> <span class='ocrx_word' id='word_1_465' title='bbox 736 3471 1036 3544; x_wconf 83' lang='lat' dir='ltr'><strong>perfectam</strong></span> <span class='ocrx_word' id='word_1_466' title='bbox 1085 3468 1450 3539; x_wconf 79' lang='lat' dir='ltr'><strong>cognitionem</strong></span> <span class='ocrx_word' id='word_1_467' title='bbox 1504 3482 1629 3519; x_wconf 80' lang='lat' dir='ltr'><strong>cum</strong></span> <span class='ocrx_word' id='word_1_468' title='bbox 1677 3474 2036 3534; x_wconf 81' lang='lat' dir='ltr'><strong>cognoscente</strong></span> 
     </span>
    </p>
   </div>
   <div class='ocr_carea' id='block_1_69' title="bbox 462 3558 2037 3637">
    <p class='ocr_par' dir='ltr' id='par_1_69' title="bbox 462 3558 2037 3637">
     <span class='ocr_line' id='line_1_69' title="bbox 462 3558 2037 3637; baseline -0.008 -14"><span class='ocrx_word' id='word_1_469' title='bbox 462 3566 789 3637; x_wconf 85' lang='lat' dir='ltr'><strong>copulando.</strong></span> <span class='ocrx_word' id='word_1_470' title='bbox 823 3564 934 3619; x_wconf 85' lang='lat' dir='ltr'><strong>Hoc</strong></span> <span class='ocrx_word' id='word_1_471' title='bbox 964 3571 1146 3617; x_wconf 87' lang='lat' dir='ltr'><strong>autem</strong></span> <span class='ocrx_word' id='word_1_472' title='bbox 1182 3560 1313 3614; x_wconf 88' lang='lat' dir='ltr'><strong>mihi</strong></span> <span class='ocrx_word' id='word_1_473' title='bbox 1344 3559 1578 3614; x_wconf 89' lang='lat' dir='ltr'><strong>contulit</strong></span> <span class='ocrx_word' id='word_1_474' title='bbox 1622 3558 1882 3628; x_wconf 82' lang='lat' dir='ltr'><strong>propositi</strong></span> <span class='ocrx_word' id='word_1_475' title='bbox 1925 3571 2037 3612; x_wconf 88' lang='lat' dir='ltr'><strong>sco-</strong></span> 
     </span>
    </p>
   </div>
   <div class='ocr_carea' id='block_1_70' title="bbox 461 3647 2037 3726">
    <p class='ocr_par' dir='ltr' id='par_1_70' title="bbox 461 3647 2037 3726">
     <span class='ocr_line' id='line_1_70' title="bbox 461 3647 2037 3726; baseline -0.007 -13"><span class='ocrx_word' id='word_1_476' title='bbox 461 3674 590 3726; x_wconf 87' lang='lat' dir='ltr'><strong>pus,</strong></span> <span class='ocrx_word' id='word_1_477' title='bbox 622 3659 748 3711; x_wconf 91' lang='lat' dir='ltr'><strong>dum</strong></span> <span class='ocrx_word' id='word_1_478' title='bbox 780 3654 990 3725; x_wconf 80' lang='lat' dir='ltr'><strong>singula</strong></span> <span class='ocrx_word' id='word_1_479' title='bbox 1022 3652 1315 3707; x_wconf 89' lang='lat' dir='ltr'><strong>considero</strong></span> <span class='ocrx_word' id='word_1_480' title='bbox 1358 3664 1481 3720; x_wconf 68' lang='lat' dir='ltr'><strong>quat</strong></span> <span class='ocrx_word' id='word_1_481' title='bbox 1523 3649 1800 3704; x_wconf 88' lang='lat' dir='ltr'><strong>dicuntur.</strong></span> <span class='ocrx_word' id='word_1_482' title='bbox 1850 3647 2037 3717; x_wconf 88' lang='lat' dir='ltr'><strong>Neque</strong></span> 
     </span>
    </p>
   </div>
   <div class='ocr_carea' id='block_1_71' title="bbox 463 3740 2038 3818">
    <p class='ocr_par' dir='ltr' id='par_1_71' title="bbox 463 3740 2038 3818">
     <span class='ocr_line' id='line_1_71' title="bbox 463 3740 2038 3818; baseline -0.008 -14"><span class='ocrx_word' id='word_1_483' title='bbox 463 3752 647 3804; x_wconf 77' lang='lat' dir='ltr'><strong>minus</strong></span> <span class='ocrx_word' id='word_1_484' title='bbox 670 3751 814 3818; x_wconf 91' lang='lat' dir='ltr'><strong>quod</strong></span> <span class='ocrx_word' id='word_1_485' title='bbox 851 3746 1014 3800; x_wconf 85' lang='lat' dir='ltr'><strong>etiam</strong></span> <span class='ocrx_word' id='word_1_486' title='bbox 1046 3742 1383 3803; x_wconf 87' lang='lat' dir='ltr'><strong>addendum,</strong></span> <span class='ocrx_word' id='word_1_487' title='bbox 1414 3740 1555 3808; x_wconf 87' lang='lat' dir='ltr'><strong>quod</strong></span> <span class='ocrx_word' id='word_1_488' title='bbox 1586 3752 1915 3808; x_wconf 80' lang='lat' dir='ltr'><strong>magnopere</strong></span> <span class='ocrx_word' id='word_1_489' title='bbox 1942 3741 2038 3792; x_wconf 89' lang='lat' dir='ltr'><strong>ad-</strong></span> 
     </span>
    </p>
   </div>
   <div class='ocr_carea' id='block_1_72' title="bbox 460 3829 2035 3912">
    <p class='ocr_par' dir='ltr' id='par_1_72' title="bbox 460 3829 2035 3912">
     <span class='ocr_line' id='line_1_72' title="bbox 460 3829 2035 3912; baseline -0.007 -17"><span class='ocrx_word' id='word_1_490' title='bbox 460 3842 613 3912; x_wconf 85' lang='lat' dir='ltr'><strong>jutus</strong></span> <span class='ocrx_word' id='word_1_491' title='bbox 635 3842 765 3904; x_wconf 86' lang='lat' dir='ltr'><strong>sim,</strong></span> <span class='ocrx_word' id='word_1_492' title='bbox 797 3836 1427 3906; x_wconf 86' lang='lat' dir='ltr'><strong>antiquiores,tanquam</strong></span> <span class='ocrx_word' id='word_1_493' title='bbox 1466 3829 1649 3903; x_wconf 84' lang='lat' dir='ltr'><strong>populi</strong></span> <span class='ocrx_word' id='word_1_494' title='bbox 1680 3830 1952 3894; x_wconf 88' lang='lat' dir='ltr'><strong>seniores,</strong></span> <span class='ocrx_word' id='word_1_495' title='bbox 1980 3830 2035 3884; x_wconf 87' lang='lat' dir='ltr'><strong>itt</strong></span> 
     </span>
    </p>
   </div>
   <div class='ocr_carea' id='block_1_73' title="bbox 464 3921 2034 3996">
    <p class='ocr_par' dir='ltr' id='par_1_73' title="bbox 464 3921 2034 3996">
     <span class='ocr_line' id='line_1_73' title="bbox 464 3921 2034 3996; baseline -0.008 -9"><span class='ocrx_word' id='word_1_496' title='bbox 464 3947 693 3987; x_wconf 88' lang='lat' dir='ltr'><strong>ascensu</strong></span> <span class='ocrx_word' id='word_1_497' title='bbox 725 3931 793 3984; x_wconf 88' lang='lat' dir='ltr'><strong>ad</strong></span> <span class='ocrx_word' id='word_1_498' title='bbox 819 3930 1063 3984; x_wconf 88' lang='lat' dir='ltr'><strong>divinum</strong></span> <span class='ocrx_word' id='word_1_499' title='bbox 1091 3923 1437 3996; x_wconf 75' lang='lat' dir='ltr'><strong>mystagogia:</strong></span> <span class='ocrx_word' id='word_1_500' title='bbox 1465 3933 1707 3976; x_wconf 83' lang='lat' dir='ltr'><strong>montem</strong></span> <span class='ocrx_word' id='word_1_501' title='bbox 1737 3921 2034 3989; x_wconf 87' lang='lat' dir='ltr'><strong>sequendo.</strong></span> 
     </span>
    </p>
   </div>
   <div class='ocr_carea' id='block_1_74' title="bbox 464 4013 2033 4094">
    <p class='ocr_par' dir='ltr' id='par_1_74' title="bbox 464 4013 2033 4094">
     <span class='ocr_line' id='line_1_74' title="bbox 464 4013 2033 4094; baseline -0.011 -13"><span class='ocrx_word' id='word_1_502' title='bbox 464 4026 576 4094; x_wconf 85' lang='lat' dir='ltr'><strong>Qui</strong></span> <span class='ocrx_word' id='word_1_503' title='bbox 604 4039 738 4080; x_wconf 79' lang='lat' dir='ltr'><strong>sane</strong></span> <span class='ocrx_word' id='word_1_504' title='bbox 768 4023 893 4077; x_wconf 89' lang='lat' dir='ltr'><strong>dum</strong></span> <span class='ocrx_word' id='word_1_505' title='bbox 935 4020 1122 4076; x_wconf 85' lang='lat' dir='ltr'><strong>Sancti</strong></span> <span class='ocrx_word' id='word_1_506' title='bbox 1167 4014 1326 4085; x_wconf 86' lang='lat' dir='ltr'><strong>hujus</strong></span> <span class='ocrx_word' id='word_1_507' title='bbox 1348 4013 1549 4082; x_wconf 88' lang='lat' dir='ltr'><strong>scripta</strong></span> <span class='ocrx_word' id='word_1_508' title='bbox 1584 4013 2033 4081; x_wconf 87' lang='lat' dir='ltr'><strong>interpretantur,</strong></span> 
     </span>
    </p>
   </div>
   <div class='ocr_carea' id='block_1_75' title="bbox 464 4111 2039 4180">
    <p class='ocr_par' dir='ltr' id='par_1_75' title="bbox 464 4111 2039 4180">
     <span class='ocr_line' id='line_1_75' title="bbox 464 4111 2039 4180; baseline -0.008 -9"><span class='ocrx_word' id='word_1_509' title='bbox 464 4120 608 4171; x_wconf 76' lang='lat' dir='ltr'><strong>viam</strong></span> <span class='ocrx_word' id='word_1_510' title='bbox 634 4130 700 4169; x_wconf 88' lang='lat' dir='ltr'><strong>eo</strong></span> <span class='ocrx_word' id='word_1_511' title='bbox 724 4113 1038 4169; x_wconf 88' lang='lat' dir='ltr'><strong>tendentem</strong></span> <span class='ocrx_word' id='word_1_512' title='bbox 1069 4111 1200 4165; x_wconf 90' lang='lat' dir='ltr'><strong>mihi</strong></span> <span class='ocrx_word' id='word_1_513' title='bbox 1235 4116 1641 4180; x_wconf 80' lang='lat' dir='ltr'><strong>exposuerunt,</strong></span> <span class='ocrx_word' id='word_1_514' title='bbox 1671 4122 1735 4162; x_wconf 91' lang='lat' dir='ltr'><strong>ac</strong></span> <span class='ocrx_word' id='word_1_515' title='bbox 1766 4118 1851 4158; x_wconf 91' lang='lat' dir='ltr'><strong>me</strong></span> <span class='ocrx_word' id='word_1_516' title='bbox 1880 4118 2039 4159; x_wconf 88' lang='lat' dir='ltr'><strong>secu-</strong></span> 
     </span>
    </p>
   </div>
   <div class='ocr_carea' id='block_1_76' title="bbox 468 4194 2038 4270">
    <p class='ocr_par' dir='ltr' id='par_1_76' title="bbox 468 4194 2038 4270">
     <span class='ocr_line' id='line_1_76' title="bbox 468 4194 2038 4270; baseline -0.01 -6"><span class='ocrx_word' id='word_1_517' title='bbox 468 4223 591 4264; x_wconf 87' lang='lat' dir='ltr'><strong>rum</strong></span> <span class='ocrx_word' id='word_1_518' title='bbox 622 4206 1011 4269; x_wconf 86' lang='lat' dir='ltr'><strong>reddiderunt;</strong></span> <span class='ocrx_word' id='word_1_519' title='bbox 1060 4200 1412 4270; x_wconf 86' lang='lat' dir='ltr'><strong>quamobrem</strong></span> <span class='ocrx_word' id='word_1_520' title='bbox 1441 4199 1608 4253; x_wconf 87' lang='lat' dir='ltr'><strong>etiam</strong></span> <span class='ocrx_word' id='word_1_521' title='bbox 1641 4194 1919 4261; x_wconf 87' lang='lat' dir='ltr'><strong>contendi,</strong></span> <span class='ocrx_word' id='word_1_522' title='bbox 1949 4194 2038 4249; x_wconf 88' lang='lat' dir='ltr'><strong>do-</strong></span> 
     </span>
    </p>
   </div>
   <div class='ocr_carea' id='block_1_77' title="bbox 467 4291 2038 4370">
    <p class='ocr_par' dir='ltr' id='par_1_77' title="bbox 467 4291 2038 4370">
     <span class='ocr_line' id='line_1_77' title="bbox 467 4291 2038 4370; baseline -0.011 -14"><span class='ocrx_word' id='word_1_523' title='bbox 467 4316 569 4356; x_wconf 89' lang='lat' dir='ltr'><strong>nec</strong></span> <span class='ocrx_word' id='word_1_524' title='bbox 620 4299 988 4370; x_wconf 88' lang='lat' dir='ltr'><strong>pertingerem</strong></span> <span class='ocrx_word' id='word_1_525' title='bbox 1035 4309 1100 4349; x_wconf 80' lang='lat' dir='ltr'><strong>eo</strong></span> <span class='ocrx_word' id='word_1_526' title='bbox 1139 4307 1250 4363; x_wconf 93' lang='lat' dir='ltr'><strong>quo</strong></span> <span class='ocrx_word' id='word_1_527' title='bbox 1301 4291 1611 4362; x_wconf 82' lang='lat' dir='ltr'><strong>pertingere</strong></span> <span class='ocrx_word' id='word_1_528' title='bbox 1659 4297 1937 4358; x_wconf 90' lang='lat' dir='ltr'><strong>poteram,</strong></span> <span class='ocrx_word' id='word_1_529' title='bbox 1983 4295 2038 4340; x_wconf 89' lang='lat' dir='ltr'><strong>et</strong></span> 
     </span>
    </p>
   </div>
   <div class='ocr_carea' id='block_1_78' title="bbox 464 4377 2039 4463">
    <p class='ocr_par' dir='ltr' id='par_1_78' title="bbox 464 4377 2039 4463">
     <span class='ocr_line' id='line_1_78' title="bbox 464 4377 2039 4463; baseline -0.01 -15"><span class='ocrx_word' id='word_1_530' title='bbox 464 4407 576 4463; x_wconf 91' lang='lat' dir='ltr'><strong>quo</strong></span> <span class='ocrx_word' id='word_1_531' title='bbox 605 4390 846 4461; x_wconf 87' lang='lat' dir='ltr'><strong>perveni.</strong></span> <span class='ocrx_word' id='word_1_532' title='bbox 885 4388 941 4443; x_wconf 87' lang='lat' dir='ltr'><strong>Si</strong></span> <span class='ocrx_word' id='word_1_533' title='bbox 966 4386 1185 4456; x_wconf 88' lang='lat' dir='ltr'><strong>quidem</strong></span> <span class='ocrx_word' id='word_1_534' title='bbox 1215 4398 1419 4455; x_wconf 83' lang='lat' dir='ltr'><strong>prope,</strong></span> <span class='ocrx_word' id='word_1_535' title='bbox 1448 4392 1507 4437; x_wconf 90' lang='lat' dir='ltr'><strong>ut</strong></span> <span class='ocrx_word' id='word_1_536' title='bbox 1532 4395 1724 4451; x_wconf 87' lang='lat' dir='ltr'><strong>spero,</strong></span> <span class='ocrx_word' id='word_1_537' title='bbox 1758 4380 1934 4450; x_wconf 80' lang='lat' dir='ltr'><strong>gratia</strong></span> <span class='ocrx_word' id='word_1_538' title='bbox 1969 4377 2039 4433; x_wconf 86' lang='lat' dir='ltr'><strong>sit</strong></span> 
     </span>
    </p>
   </div>
   <div class='ocr_carea' id='block_1_79' title="bbox 466 4472 2040 4553">
    <p class='ocr_par' dir='ltr' id='par_1_79' title="bbox 466 4472 2040 4553">
     <span class='ocr_line' id='line_1_79' title="bbox 466 4472 2040 4553; baseline -0.01 -13"><span class='ocrx_word' id='word_1_539' title='bbox 466 4488 598 4549; x_wconf 89' lang='lat' dir='ltr'><strong>Deo,</strong></span> <span class='ocrx_word' id='word_1_540' title='bbox 626 4500 657 4537; x_wconf 91' lang='lat' dir='ltr'><strong>a</strong></span> <span class='ocrx_word' id='word_1_541' title='bbox 685 4496 796 4553; x_wconf 88' lang='lat' dir='ltr'><strong>quo</strong></span> <span class='ocrx_word' id='word_1_542' title='bbox 824 4496 989 4537; x_wconf 90' lang='lat' dir='ltr'><strong>omne</strong></span> <span class='ocrx_word' id='word_1_543' title='bbox 1007 4478 1150 4548; x_wconf 89' lang='lat' dir='ltr'><strong>quod</strong></span> <span class='ocrx_word' id='word_1_544' title='bbox 1181 4479 1250 4531; x_wconf 87' lang='lat' dir='ltr'><strong>ab</strong></span> <span class='ocrx_word' id='word_1_545' title='bbox 1294 4474 1608 4531; x_wconf 86' lang='lat' dir='ltr'><strong>hominibus</strong></span> <span class='ocrx_word' id='word_1_546' title='bbox 1638 4472 1775 4527; x_wconf 88' lang='lat' dir='ltr'><strong>bene</strong></span> <span class='ocrx_word' id='word_1_547' title='bbox 1807 4472 1888 4537; x_wconf 84' lang='lat' dir='ltr'><strong>lit,</strong></span> <span class='ocrx_word' id='word_1_548' title='bbox 1920 4485 2040 4540; x_wconf 84' lang='lat' dir='ltr'><strong>gra-</strong></span> 
     </span>
    </p>
   </div>
   <div class='ocr_carea' id='block_1_80' title="bbox 466 4564 2039 4641">
    <p class='ocr_par' dir='ltr' id='par_1_80' title="bbox 466 4564 2039 4641">
     <span class='ocr_line' id='line_1_80' title="bbox 466 4564 2039 4641; baseline -0.01 -8"><span class='ocrx_word' id='word_1_549' title='bbox 466 4580 539 4633; x_wconf 85' lang='lat' dir='ltr'><strong>tia</strong></span> <span class='ocrx_word' id='word_1_550' title='bbox 575 4578 705 4632; x_wconf 89' lang='lat' dir='ltr'><strong>item</strong></span> <span class='ocrx_word' id='word_1_551' title='bbox 730 4576 840 4630; x_wconf 89' lang='lat' dir='ltr'><strong>tuis</strong></span> <span class='ocrx_word' id='word_1_552' title='bbox 864 4571 1068 4628; x_wconf 89' lang='lat' dir='ltr'><strong>sanctis</strong></span> <span class='ocrx_word' id='word_1_553' title='bbox 1090 4569 1364 4641; x_wconf 89' lang='lat' dir='ltr'><strong>precibus,</strong></span> <span class='ocrx_word' id='word_1_554' title='bbox 1389 4567 1585 4637; x_wconf 83' lang='lat' dir='ltr'><strong>quibus</strong></span> <span class='ocrx_word' id='word_1_555' title='bbox 1616 4564 1809 4629; x_wconf 78' lang='lat' dir='ltr'><strong>fretus,</strong></span> <span class='ocrx_word' id='word_1_556' title='bbox 1839 4564 1907 4619; x_wconf 91' lang='lat' dir='ltr'><strong>ad</strong></span> <span class='ocrx_word' id='word_1_557' title='bbox 1937 4565 2039 4618; x_wconf 87' lang='lat' dir='ltr'><strong>hoc</strong></span> 
     </span>
    </p>
   </div>
   <div class='ocr_carea' id='block_1_81' title="bbox 465 4654 2040 4739">
    <p class='ocr_par' dir='ltr' id='par_1_81' title="bbox 465 4654 2040 4739">
     <span class='ocr_line' id='line_1_81' title="bbox 465 4654 2040 4739; baseline -0.01 -15"><span class='ocrx_word' id='word_1_558' title='bbox 465 4684 602 4739; x_wconf 85' lang='lat' dir='ltr'><strong>opus</strong></span> <span class='ocrx_word' id='word_1_559' title='bbox 644 4682 733 4722; x_wconf 91' lang='lat' dir='ltr'><strong>me</strong></span> <span class='ocrx_word' id='word_1_560' title='bbox 772 4663 1008 4727; x_wconf 82' lang='lat' dir='ltr'><strong>accinxi,</strong></span> <span class='ocrx_word' id='word_1_561' title='bbox 1051 4670 1109 4716; x_wconf 90' lang='lat' dir='ltr'><strong>et</strong></span> <span class='ocrx_word' id='word_1_562' title='bbox 1155 4661 1354 4730; x_wconf 91' lang='lat' dir='ltr'><strong>quibus</strong></span> <span class='ocrx_word' id='word_1_563' title='bbox 1395 4658 1648 4729; x_wconf 82' lang='lat' dir='ltr'><strong>adjutus,</strong></span> <span class='ocrx_word' id='word_1_564' title='bbox 1681 4670 1788 4710; x_wconf 90' lang='lat' dir='ltr'><strong>non</strong></span> <span class='ocrx_word' id='word_1_565' title='bbox 1817 4654 2040 4710; x_wconf 86' lang='lat' dir='ltr'><strong>omnino</strong></span> 
     </span>
    </p>
   </div>
   <div class='ocr_carea' id='block_1_82' title="bbox 464 4754 1252 4829">
    <p class='ocr_par' dir='ltr' id='par_1_82' title="bbox 464 4754 1252 4829">
     <span class='ocr_line' id='line_1_82' title="bbox 464 4754 1252 4829; baseline -0.015 -13"><span class='ocrx_word' id='word_1_566' title='bbox 464 4758 655 4829; x_wconf 88' lang='lat' dir='ltr'><strong>procul</strong></span> <span class='ocrx_word' id='word_1_567' title='bbox 686 4772 716 4812; x_wconf 89' lang='lat' dir='ltr'><strong>a</strong></span> <span class='ocrx_word' id='word_1_568' title='bbox 748 4760 948 4812; x_wconf 90' lang='lat' dir='ltr'><strong>decoro</strong></span> <span class='ocrx_word' id='word_1_569' title='bbox 976 4754 1252 4808; x_wconf 83' lang='lat' dir='ltr'><strong>aberravi.</strong></span> 
     </span>
    </p>
   </div>
   <div class='ocr_carea' id='block_1_83' title="bbox 543 4838 2042 4918">
    <p class='ocr_par' dir='ltr' id='par_1_83' title="bbox 543 4838 2042 4918">
     <span class='ocr_line' id='line_1_83' title="bbox 543 4838 2042 4918; baseline -0.009 -15"><span class='ocrx_word' id='word_1_570' title='bbox 543 4846 696 4918; x_wconf 81' lang='lat' dir='ltr'><strong>Q‘uod</strong></span> <span class='ocrx_word' id='word_1_571' title='bbox 726 4849 770 4904; x_wconf 89' lang='lat' dir='ltr'><strong>si</strong></span> <span class='ocrx_word' id='word_1_572' title='bbox 797 4853 901 4902; x_wconf 85' lang='lat' dir='ltr'><strong>hoc</strong></span> <span class='ocrx_word' id='word_1_573' title='bbox 926 4846 1142 4917; x_wconf 80' lang='lat' dir='ltr'><strong>quidem</strong></span> <span class='ocrx_word' id='word_1_574' title='bbox 1177 4859 1308 4911; x_wconf 86' lang='lat' dir='ltr'><strong>non,</strong></span> <span class='ocrx_word' id='word_1_575' title='bbox 1339 4843 1434 4898; x_wconf 89' lang='lat' dir='ltr'><strong>sed</strong></span> <span class='ocrx_word' id='word_1_576' title='bbox 1459 4840 1681 4896; x_wconf 90' lang='lat' dir='ltr'><strong>omnino</strong></span> <span class='ocrx_word' id='word_1_577' title='bbox 1714 4839 1899 4894; x_wconf 88' lang='lat' dir='ltr'><strong>videar</strong></span> <span class='ocrx_word' id='word_1_578' title='bbox 1928 4838 2042 4891; x_wconf 92' lang='lat' dir='ltr'><strong>inu-</strong></span> 
     </span>
    </p>
   </div>
   <div class='ocr_carea' id='block_1_84' title="bbox 466 4928 2039 5011">
    <p class='ocr_par' dir='ltr' id='par_1_84' title="bbox 466 4928 2039 5011">
     <span class='ocr_line' id='line_1_84' title="bbox 466 4928 2039 5011; baseline -0.012 -10"><span class='ocrx_word' id='word_1_579' title='bbox 466 4945 579 5001; x_wconf 83' lang='lat' dir='ltr'><strong>tilis</strong></span> <span class='ocrx_word' id='word_1_580' title='bbox 630 4952 685 4999; x_wconf 87' lang='lat' dir='ltr'><strong>et</strong></span> <span class='ocrx_word' id='word_1_581' title='bbox 739 4940 1153 5011; x_wconf 85' lang='lat' dir='ltr'><strong>reprobandus,</strong></span> <span class='ocrx_word' id='word_1_582' title='bbox 1204 4938 1334 5006; x_wconf 90' lang='lat' dir='ltr'><strong>quid</strong></span> <span class='ocrx_word' id='word_1_583' title='bbox 1401 4934 1511 5004; x_wconf 89' lang='lat' dir='ltr'><strong>pati</strong></span> <span class='ocrx_word' id='word_1_584' title='bbox 1571 4939 1803 4999; x_wconf 83' lang='lat' dir='ltr'><strong>oportet,</strong></span> <span class='ocrx_word' id='word_1_585' title='bbox 1864 4928 2039 4984; x_wconf 85' lang='lat' dir='ltr'><strong>sicubi</strong></span> 
     </span>
    </p>
   </div>
   <div class='ocr_carea' id='block_1_85' title="bbox 464 5019 2039 5109">
    <p class='ocr_par' dir='ltr' id='par_1_85' title="bbox 464 5019 2039 5109">
     <span class='ocr_line' id='line_1_85' title="bbox 464 5019 2039 5109; baseline -0.013 -16"><span class='ocrx_word' id='word_1_586' title='bbox 464 5037 712 5109; x_wconf 89' lang='lat' dir='ltr'><strong>plurimis</strong></span> <span class='ocrx_word' id='word_1_587' title='bbox 774 5035 987 5088; x_wconf 81' lang='lat' dir='ltr'><strong>haerens</strong></span> <span class='ocrx_word' id='word_1_588' title='bbox 1066 5027 1474 5083; x_wconf 73' lang='lat' dir='ltr'><strong>dimcultatibus</strong></span> <span class='ocrx_word' id='word_1_589' title='bbox 1534 5033 1753 5093; x_wconf 89' lang='lat' dir='ltr'><strong>propter</strong></span> <span class='ocrx_word' id='word_1_590' title='bbox 1815 5019 2039 5088; x_wconf 48' lang='lat' dir='ltr'><strong>imperi:</strong></span> 
     </span>
    </p>
   </div>
   <div class='ocr_carea' id='block_1_86' title="bbox 467 5115 2036 5198">
    <p class='ocr_par' dir='ltr' id='par_1_86' title="bbox 467 5115 2036 5198">
     <span class='ocr_line' id='line_1_86' title="bbox 467 5115 2036 5198; baseline -0.013 -13"><span class='ocrx_word' id='word_1_591' title='bbox 467 5131 595 5185; x_wconf 82' lang='lat' dir='ltr'><strong>tiam</strong></span> <span class='ocrx_word' id='word_1_592' title='bbox 639 5128 912 5198; x_wconf 85' lang='lat' dir='ltr'><strong>quidpiam</strong></span> <span class='ocrx_word' id='word_1_593' title='bbox 947 5126 1084 5179; x_wconf 77' lang='lat' dir='ltr'><strong>forte</strong></span> <span class='ocrx_word' id='word_1_594' title='bbox 1144 5136 1252 5177; x_wconf 93' lang='lat' dir='ltr'><strong>non</strong></span> <span class='ocrx_word' id='word_1_595' title='bbox 1300 5130 1447 5176; x_wconf 88' lang='lat' dir='ltr'><strong>recte</strong></span> <span class='ocrx_word' id='word_1_596' title='bbox 1492 5117 1692 5187; x_wconf 81' lang='lat' dir='ltr'><strong>attigi?</strong></span> <span class='ocrx_word' id='word_1_597' title='bbox 1721 5117 1825 5171; x_wconf 87' lang='lat' dir='ltr'><strong>hoc</strong></span> <span class='ocrx_word' id='word_1_598' title='bbox 1860 5115 2036 5184; x_wconf 88' lang='lat' dir='ltr'><strong>ipsum</strong></span> 
     </span>
    </p>
   </div>
   <div class='ocr_carea' id='block_1_87' title="bbox 466 5207 2042 5292">
    <p class='ocr_par' dir='ltr' id='par_1_87' title="bbox 466 5207 2042 5292">
     <span class='ocr_line' id='line_1_87' title="bbox 466 5207 2042 5292; baseline -0.013 -13"><span class='ocrx_word' id='word_1_599' title='bbox 466 5238 597 5279; x_wconf 87' lang='lat' dir='ltr'><strong>sane</strong></span> <span class='ocrx_word' id='word_1_600' title='bbox 616 5236 712 5292; x_wconf 88' lang='lat' dir='ltr'><strong>pro</strong></span> <span class='ocrx_word' id='word_1_601' title='bbox 734 5218 876 5276; x_wconf 87' lang='lat' dir='ltr'><strong>virili</strong></span> <span class='ocrx_word' id='word_1_602' title='bbox 899 5215 1058 5273; x_wconf 88' lang='lat' dir='ltr'><strong>sinml</strong></span> <span class='ocrx_word' id='word_1_603' title='bbox 1078 5216 1130 5269; x_wconf 87' lang='lat' dir='ltr'><strong>in</strong></span> <span class='ocrx_word' id='word_1_604' title='bbox 1157 5214 1391 5269; x_wconf 84' lang='lat' dir='ltr'><strong>medium</strong></span> <span class='ocrx_word' id='word_1_605' title='bbox 1414 5210 1658 5283; x_wconf 82' lang='lat' dir='ltr'><strong>proferre</strong></span> <span class='ocrx_word' id='word_1_606' title='bbox 1687 5207 1912 5263; x_wconf 89' lang='lat' dir='ltr'><strong>minime</strong></span> <span class='ocrx_word' id='word_1_607' title='bbox 1946 5218 2042 5259; x_wconf 53' lang='lat' dir='ltr'><strong>ne.</strong></span> 
     </span>
    </p>
   </div>
   <div class='ocr_carea' id='block_1_88' title="bbox 466 5300 2038 5385">
    <p class='ocr_par' dir='ltr' id='par_1_88' title="bbox 466 5300 2038 5385">
     <span class='ocr_line' id='line_1_88' title="bbox 466 5300 2038 5385; baseline -0.012 -16"><span class='ocrx_word' id='word_1_608' title='bbox 466 5314 629 5385; x_wconf 82' lang='lat' dir='ltr'><strong>glexi.</strong></span> <span class='ocrx_word' id='word_1_609' title='bbox 653 5313 734 5367; x_wconf 85' lang='lat' dir='ltr'><strong>Tu</strong></span> <span class='ocrx_word' id='word_1_610' title='bbox 757 5325 888 5366; x_wconf 87' lang='lat' dir='ltr'><strong>vero</strong></span> <span class='ocrx_word' id='word_1_611' title='bbox 916 5309 1099 5362; x_wconf 88' lang='lat' dir='ltr'><strong>anima</strong></span> <span class='ocrx_word' id='word_1_612' title='bbox 1132 5321 1230 5376; x_wconf 88' lang='lat' dir='ltr'><strong>per</strong></span> <span class='ocrx_word' id='word_1_613' title='bbox 1261 5305 1443 5360; x_wconf 88' lang='lat' dir='ltr'><strong>omnia</strong></span> <span class='ocrx_word' id='word_1_614' title='bbox 1477 5302 1645 5357; x_wconf 90' lang='lat' dir='ltr'><strong>Deum</strong></span> <span class='ocrx_word' id='word_1_615' title='bbox 1671 5300 2038 5363; x_wconf 83' lang='lat' dir='ltr'><strong>imitans,nun</strong></span> 
     </span>
    </p>
   </div>
   <div class='ocr_carea' id='block_1_89' title="bbox 467 5393 2044 5477">
    <p class='ocr_par' dir='ltr' id='par_1_89' title="bbox 467 5393 2044 5477">
     <span class='ocr_line' id='line_1_89' title="bbox 467 5393 2044 5477; baseline -0.013 -15"><span class='ocrx_word' id='word_1_616' title='bbox 467 5408 520 5462; x_wconf 82' lang='lat' dir='ltr'><strong>id</strong></span> <span class='ocrx_word' id='word_1_617' title='bbox 549 5407 692 5477; x_wconf 91' lang='lat' dir='ltr'><strong>quod</strong></span> <span class='ocrx_word' id='word_1_618' title='bbox 722 5419 789 5459; x_wconf 82' lang='lat' dir='ltr'><strong>ex</strong></span> <span class='ocrx_word' id='word_1_619' title='bbox 813 5402 1007 5459; x_wconf 89' lang='lat' dir='ltr'><strong>merito</strong></span> <span class='ocrx_word' id='word_1_620' title='bbox 1035 5412 1142 5465; x_wconf 90' lang='lat' dir='ltr'><strong>est,</strong></span> <span class='ocrx_word' id='word_1_621' title='bbox 1164 5410 1308 5455; x_wconf 88' lang='lat' dir='ltr'><strong>recte</strong></span> <span class='ocrx_word' id='word_1_622' title='bbox 1334 5399 1470 5463; x_wconf 88' lang='lat' dir='ltr'><strong>scio,</strong></span> <span class='ocrx_word' id='word_1_623' title='bbox 1496 5409 1726 5467; x_wconf 58' lang='lat' dir='ltr'><strong>quaeres,</strong></span> <span class='ocrx_word' id='word_1_624' title='bbox 1742 5393 1836 5447; x_wconf 87' lang='lat' dir='ltr'><strong>sed</strong></span> <span class='ocrx_word' id='word_1_625' title='bbox 1855 5403 2044 5460; x_wconf 58' lang='lat' dir='ltr'><strong>prome</strong></span> 
     </span>
    </p>
   </div>
   <div class='ocr_carea' id='block_1_90' title="bbox 466 5482 2040 5567">
    <p class='ocr_par' dir='ltr' id='par_1_90' title="bbox 466 5482 2040 5567">
     <span class='ocr_line' id='line_1_90' title="bbox 466 5482 2040 5567; baseline -0.01 -17"><span class='ocrx_word' id='word_1_626' title='bbox 466 5507 616 5567; x_wconf 87' lang='lat' dir='ltr'><strong>ptum</strong></span> <span class='ocrx_word' id='word_1_627' title='bbox 642 5497 883 5551; x_wconf 86' lang='lat' dir='ltr'><strong>animum</strong></span> <span class='ocrx_word' id='word_1_628' title='bbox 924 5494 1211 5559; x_wconf 88' lang='lat' dir='ltr'><strong>admittes,</strong></span> <span class='ocrx_word' id='word_1_629' title='bbox 1260 5487 1702 5560; x_wconf 87' lang='lat' dir='ltr'><strong>quandoquidem</strong></span> <span class='ocrx_word' id='word_1_630' title='bbox 1733 5484 1897 5539; x_wconf 83' lang='lat' dir='ltr'><strong>etiam</strong></span> <span class='ocrx_word' id='word_1_631' title='bbox 1929 5482 2040 5537; x_wconf 85' lang='lat' dir='ltr'><strong>Deo</strong></span> 
     </span>
    </p>
   </div>
   <div class='ocr_carea' id='block_1_91' title="bbox 468 5574 2042 5657">
    <p class='ocr_par' dir='ltr' id='par_1_91' title="bbox 468 5574 2042 5657">
     <span class='ocr_line' id='line_1_91' title="bbox 468 5574 2042 5657; baseline -0.01 -13"><span class='ocrx_word' id='word_1_632' title='bbox 468 5589 654 5644; x_wconf 82' lang='lat' dir='ltr'><strong>dicant</strong></span> <span class='ocrx_word' id='word_1_633' title='bbox 685 5598 901 5657; x_wconf 85' lang='lat' dir='ltr'><strong>gratum</strong></span> <span class='ocrx_word' id='word_1_634' title='bbox 931 5600 1052 5643; x_wconf 87' lang='lat' dir='ltr'><strong>esse</strong></span> <span class='ocrx_word' id='word_1_635' title='bbox 1094 5583 1240 5655; x_wconf 90' lang='lat' dir='ltr'><strong>quod</strong></span> <span class='ocrx_word' id='word_1_636' title='bbox 1284 5580 1585 5638; x_wconf 87' lang='lat' dir='ltr'><strong>secundum</strong></span> <span class='ocrx_word' id='word_1_637' title='bbox 1630 5578 1777 5632; x_wconf 88' lang='lat' dir='ltr'><strong>vires</strong></span> <span class='ocrx_word' id='word_1_638' title='bbox 1824 5574 1902 5629; x_wconf 84' lang='lat' dir='ltr'><strong>lit.</strong></span> <span class='ocrx_word' id='word_1_639' title='bbox 1935 5574 2042 5629; x_wconf 74' lang='lat' dir='ltr'><strong>Sed</strong></span> 
     </span>
    </p>
   </div>
   <div class='ocr_carea' id='block_1_92' title="bbox 468 5677 2043 5749">
    <p class='ocr_par' dir='ltr' id='par_1_92' title="bbox 468 5677 2043 5749">
     <span class='ocr_line' id='line_1_92' title="bbox 468 5677 2043 5749; baseline -0.01 -15"><span class='ocrx_word' id='word_1_640' title='bbox 468 5680 536 5734; x_wconf 88' lang='lat' dir='ltr'><strong>de</strong></span> <span class='ocrx_word' id='word_1_641' title='bbox 575 5680 658 5734; x_wconf 89' lang='lat' dir='ltr'><strong>bis</strong></span> <span class='ocrx_word' id='word_1_642' title='bbox 689 5679 908 5749; x_wconf 90' lang='lat' dir='ltr'><strong>quidem</strong></span> <span class='ocrx_word' id='word_1_643' title='bbox 926 5677 1060 5733; x_wconf 88' lang='lat' dir='ltr'><strong>satis</strong></span> <span class='ocrx_word' id='word_1_644' title='bbox 1095 5695 1110 5743; x_wconf 90' lang='lat'><strong>;</strong></span> <span class='ocrx_word' id='word_1_645' title='bbox 1150 5685 1409 5731; x_wconf 67' lang='lat' dir='ltr'><strong>caeterum</strong></span> <span class='ocrx_word' id='word_1_646' title='bbox 1451 5681 1667 5740; x_wconf 91' lang='lat' dir='ltr'><strong>tempus</strong></span> <span class='ocrx_word' id='word_1_647' title='bbox 1705 5678 1791 5724; x_wconf 85' lang='lat' dir='ltr'><strong>est</strong></span> <span class='ocrx_word' id='word_1_648' title='bbox 1828 5684 1891 5723; x_wconf 89' lang='lat' dir='ltr'><strong>ea</strong></span> <span class='ocrx_word' id='word_1_649' title='bbox 1921 5679 2043 5736; x_wconf 64' lang='lat' dir='ltr'><strong>quae</strong></span> 
     </span>
    </p>
   </div>
   <div class='ocr_carea' id='block_1_93' title="bbox 2138 3276 3723 3362">
    <p class='ocr_par' dir='ltr' id='par_1_93' title="bbox 2138 3276 3723 3362">
     <span class='ocr_line' id='line_1_93' title="bbox 2138 3276 3723 3362; baseline -0.016 -10"><span class='ocrx_word' id='word_1_650' title='bbox 2138 3298 2377 3361; x_wconf 88' lang='grc' dir='ltr'>πάντων,</span> <span class='ocrx_word' id='word_1_651' title='bbox 2408 3293 2500 3348; x_wconf 69' lang='lat' dir='ltr'><strong>ml.</strong></span> <span class='ocrx_word' id='word_1_652' title='bbox 2531 3289 2806 3362; x_wconf 79' lang='grc' dir='ltr'>προσοχῆς</span> <span class='ocrx_word' id='word_1_653' title='bbox 2840 3287 2934 3340; x_wconf 80' lang='grc' dir='ltr'><strong>ἐπὶ</strong></span> <span class='ocrx_word' id='word_1_654' title='bbox 2967 3288 3079 3347; x_wconf 89' lang='grc' dir='ltr'>τοῖς</span> <span class='ocrx_word' id='word_1_655' title='bbox 3109 3282 3386 3354; x_wconf 81' lang='grc' dir='ltr'>μεγίστοις</span> <span class='ocrx_word' id='word_1_656' title='bbox 3415 3278 3541 3340; x_wconf 75' lang='grc' dir='ltr'>νοὸς</span> <span class='ocrx_word' id='word_1_657' title='bbox 3588 3276 3723 3330; x_wconf 66' lang='grc' dir='ltr'>κατὰ</span> 
     </span>
    </p>
   </div>
   <div class='ocr_carea' id='block_1_94' title="bbox 2138 3370 3723 3462">
    <p class='ocr_par' dir='ltr' id='par_1_94' title="bbox 2138 3370 3723 3462">
     <span class='ocr_line' id='line_1_94' title="bbox 2138 3370 3723 3462; baseline -0.017 -18"><span class='ocrx_word' id='word_1_658' title='bbox 2138 3389 2332 3462; x_wconf 76' lang='grc' dir='ltr'>μικρὸν</span> <span class='ocrx_word' id='word_1_659' title='bbox 2355 3382 2762 3456; x_wconf 88' lang='grc' dir='ltr'>ἀναμάττεσθαι</span> <span class='ocrx_word' id='word_1_660' title='bbox 2789 3378 2859 3432; x_wconf 89' lang='grc' dir='ltr'><strong>τά</strong></span> <span class='ocrx_word' id='word_1_661' title='bbox 2889 3376 3173 3447; x_wconf 81' lang='grc' dir='ltr'>νοούμενα,</span> <span class='ocrx_word' id='word_1_662' title='bbox 3202 3372 3296 3426; x_wconf 75' lang='grc' dir='ltr'><strong>καὶ</strong></span> <span class='ocrx_word' id='word_1_663' title='bbox 3325 3370 3479 3432; x_wconf 82' lang='grc' dir='ltr'>τέλος</span> <span class='ocrx_word' id='word_1_664' title='bbox 3519 3371 3607 3431; x_wconf 70' lang='grc' dir='ltr'>εἰς</span> <span class='ocrx_word' id='word_1_665' title='bbox 3642 3385 3723 3419; x_wconf 76' lang='grc' dir='ltr'>τε·</span> 
     </span>
    </p>
   </div>
   <div class='ocr_carea' id='block_1_95' title="bbox 2135 3460 3721 3550">
    <p class='ocr_par' dir='ltr' id='par_1_95' title="bbox 2135 3460 3721 3550">
     <span class='ocr_line' id='line_1_95' title="bbox 2135 3460 3721 3550; baseline -0.017 -14"><span class='ocrx_word' id='word_1_666' title='bbox 2135 3460 2282 3536; x_wconf 84' lang='grc' dir='ltr'>λείαν</span> <span class='ocrx_word' id='word_1_667' title='bbox 2308 3479 2511 3550; x_wconf 88' lang='grc' dir='ltr'>γνῶσιν</span> <span class='ocrx_word' id='word_1_668' title='bbox 2544 3473 2814 3540; x_wconf 77' lang='grc' dir='ltr'>ὲνίζεσθαι</span> <span class='ocrx_word' id='word_1_669' title='bbox 2839 3471 2931 3524; x_wconf 85' lang='grc' dir='ltr'><strong>τδν</strong></span> <span class='ocrx_word' id='word_1_670' title='bbox 2956 3467 3310 3539; x_wconf 85' lang='grc' dir='ltr'>γινώσκοντα.</span> <span class='ocrx_word' id='word_1_671' title='bbox 3342 3461 3519 3515; x_wconf 81' lang='grc' dir='ltr'>Τοῦτο</span> <span class='ocrx_word' id='word_1_672' title='bbox 3544 3460 3607 3513; x_wconf 85' lang='grc' dir='ltr'><strong>δέ</strong></span> <span class='ocrx_word' id='word_1_673' title='bbox 3641 3475 3721 3529; x_wconf 75' lang='grc' dir='ltr'><strong>μοι</strong></span> 
     </span>
    </p>
   </div>
   <div class='ocr_carea' id='block_1_96' title="bbox 2136 3553 3721 3647">
    <p class='ocr_par' dir='ltr' id='par_1_96' title="bbox 2136 3553 3721 3647">
     <span class='ocr_line' id='line_1_96' title="bbox 2136 3553 3721 3647; baseline -0.018 -17"><span class='ocrx_word' id='word_1_674' title='bbox 2136 3572 2421 3647; x_wconf 82' lang='grc' dir='ltr'>προύξένει</span> <span class='ocrx_word' id='word_1_675' title='bbox 2471 3572 2500 3624; x_wconf 88' lang='grc' dir='ltr'>ὁ</span> <span class='ocrx_word' id='word_1_676' title='bbox 2538 3568 2633 3621; x_wconf 80' lang='grc' dir='ltr'><strong>τοῦ</strong></span> <span class='ocrx_word' id='word_1_677' title='bbox 2676 3562 3039 3638; x_wconf 83' lang='grc' dir='ltr'>προκειμένου</span> <span class='ocrx_word' id='word_1_678' title='bbox 3075 3556 3304 3619; x_wconf 83' lang='grc' dir='ltr'>σκοπὸς,</span> <span class='ocrx_word' id='word_1_679' title='bbox 3334 3556 3392 3607; x_wconf 86' lang='grc' dir='ltr'><strong>ἐν</strong></span> <span class='ocrx_word' id='word_1_680' title='bbox 3435 3553 3721 3605; x_wconf 76' lang='grc' dir='ltr'>ἐπιστάσει</span> 
     </span>
    </p>
   </div>
   <div class='ocr_carea' id='block_1_97' title="bbox 2134 3645 3721 3737">
    <p class='ocr_par' dir='ltr' id='par_1_97' title="bbox 2134 3645 3721 3737">
     <span class='ocr_line' id='line_1_97' title="bbox 2134 3645 3721 3737; baseline -0.017 -15"><span class='ocrx_word' id='word_1_681' title='bbox 2134 3645 2404 3737; x_wconf 79' lang='grc' dir='ltr'>γινομένῳ</span> <span class='ocrx_word' id='word_1_682' title='bbox 2430 3662 2540 3717; x_wconf 90' lang='grc' dir='ltr'><strong>τῶν</strong></span> <span class='ocrx_word' id='word_1_683' title='bbox 2580 3656 2889 3728; x_wconf 74' lang='grc' dir='ltr'>λεγομέιων</span> <span class='ocrx_word' id='word_1_684' title='bbox 2916 3651 3037 3706; x_wconf 77' lang='grc' dir='ltr'>καθ’</span> <span class='ocrx_word' id='word_1_685' title='bbox 3064 3651 3311 3703; x_wconf 72' lang='grc' dir='ltr'>ἕκαστον.</span> <span class='ocrx_word' id='word_1_686' title='bbox 3337 3647 3412 3700; x_wconf 89' lang='grc' dir='ltr'>Ού</span> <span class='ocrx_word' id='word_1_687' title='bbox 3440 3649 3634 3717; x_wconf 85' lang='grc' dir='ltr'>χεῖρον</span> <span class='ocrx_word' id='word_1_688' title='bbox 3672 3645 3721 3697; x_wconf 72' lang='grc' dir='ltr'><strong>δὲ</strong></span> 
     </span>
    </p>
   </div>
   <div class='ocr_carea' id='block_1_98' title="bbox 2138 3736 3721 3831">
    <p class='ocr_par' dir='ltr' id='par_1_98' title="bbox 2138 3736 3721 3831">
     <span class='ocr_line' id='line_1_98' title="bbox 2138 3736 3721 3831; baseline -0.017 -17"><span class='ocrx_word' id='word_1_689' title='bbox 2138 3736 2447 3831; x_wconf 85' lang='grc' dir='ltr'>προσθεῖναι</span> <span class='ocrx_word' id='word_1_690' title='bbox 2471 3753 2565 3807; x_wconf 77' lang='grc' dir='ltr'><strong>καὶ</strong></span> <span class='ocrx_word' id='word_1_691' title='bbox 2597 3749 2776 3812; x_wconf 80' lang='grc' dir='ltr'>τοῦτο,</span> <span class='ocrx_word' id='word_1_692' title='bbox 2806 3748 2888 3799; x_wconf 83' lang='grc' dir='ltr'>ὅτι</span> <span class='ocrx_word' id='word_1_693' title='bbox 2915 3746 3009 3799; x_wconf 73' lang='grc' dir='ltr'><strong>καὶ</strong></span> <span class='ocrx_word' id='word_1_694' title='bbox 3036 3740 3286 3815; x_wconf 83' lang='grc' dir='ltr'>μεγάλως</span> <span class='ocrx_word' id='word_1_695' title='bbox 3316 3736 3721 3810; x_wconf 75' lang='grc' dir='ltr'>ἐχειραγωγού-</span> 
     </span>
    </p>
   </div>
   <div class='ocr_carea' id='block_1_99' title="bbox 2141 3829 3721 3921">
    <p class='ocr_par' dir='ltr' id='par_1_99' title="bbox 2141 3829 3721 3921">
     <span class='ocr_line' id='line_1_99' title="bbox 2141 3829 3721 3921; baseline -0.019 -16"><span class='ocrx_word' id='word_1_696' title='bbox 2141 3829 2276 3921; x_wconf 81' lang='grc' dir='ltr'>μην,</span> <span class='ocrx_word' id='word_1_697' title='bbox 2304 3845 2504 3900; x_wconf 69' lang='grc' dir='ltr'>ὡσανεὶ</span> <span class='ocrx_word' id='word_1_698' title='bbox 2543 3838 2673 3895; x_wconf 82' lang='grc' dir='ltr'>λαοῦ</span> <span class='ocrx_word' id='word_1_699' title='bbox 2718 3836 3141 3909; x_wconf 77' lang='grc' dir='ltr'>πρεσϐυτέροις,</span> <span class='ocrx_word' id='word_1_700' title='bbox 3192 3834 3305 3893; x_wconf 88' lang='grc' dir='ltr'>τοῖς</span> <span class='ocrx_word' id='word_1_701' title='bbox 3346 3829 3721 3899; x_wconf 76' lang='grc' dir='ltr'>παλαιοτέροις</span> 
     </span>
    </p>
   </div>
   <div class='ocr_carea' id='block_1_100' title="bbox 2138 3919 3722 4010">
    <p class='ocr_par' dir='ltr' id='par_1_100' title="bbox 2138 3919 3722 4010">
     <span class='ocr_line' id='line_1_100' title="bbox 2138 3919 3722 4010; baseline -0.016 -16"><span class='ocrx_word' id='word_1_702' title='bbox 2138 3919 2403 4010; x_wconf 83' lang='grc' dir='ltr'>ἐπόμενος</span> <span class='ocrx_word' id='word_1_703' title='bbox 2434 3933 2571 4005; x_wconf 80' lang='grc' dir='ltr'>πρὸς</span> <span class='ocrx_word' id='word_1_704' title='bbox 2610 3930 2711 4001; x_wconf 83' lang='grc' dir='ltr'>τὴν</span> <span class='ocrx_word' id='word_1_705' title='bbox 2752 3927 2846 3980; x_wconf 79' lang='grc' dir='ltr'>ἐπὶ</span> <span class='ocrx_word' id='word_1_706' title='bbox 2883 3926 2945 3978; x_wconf 86' lang='grc' dir='ltr'><strong>τὸ</strong></span> <span class='ocrx_word' id='word_1_707' title='bbox 2984 3924 3125 3978; x_wconf 87' lang='grc' dir='ltr'>Θεῖον</span> <span class='ocrx_word' id='word_1_708' title='bbox 3154 3922 3278 3993; x_wconf 83' lang='grc' dir='ltr'>ὄρος</span> <span class='ocrx_word' id='word_1_709' title='bbox 3305 3919 3403 3989; x_wconf 80' lang='grc' dir='ltr'>τῆς</span> <span class='ocrx_word' id='word_1_710' title='bbox 3434 3935 3722 3989; x_wconf 73' lang='grc' dir='ltr'>μυσταγω-</span> 
     </span>
    </p>
   </div>
   <div class='ocr_carea' id='block_1_101' title="bbox 2137 4008 3719 4100">
    <p class='ocr_par' dir='ltr' id='par_1_101' title="bbox 2137 4008 3719 4100">
     <span class='ocr_line' id='line_1_101' title="bbox 2137 4008 3719 4100; baseline -0.021 -15"><span class='ocrx_word' id='word_1_711' title='bbox 2137 4008 2264 4100; x_wconf 84' lang='grc' dir='ltr'>γίας</span> <span class='ocrx_word' id='word_1_712' title='bbox 2303 4026 2583 4082; x_wconf 75' lang='grc' dir='ltr'>ἀνάϐασιν.</span> <span class='ocrx_word' id='word_1_713' title='bbox 2622 4022 2685 4074; x_wconf 88' lang='grc' dir='ltr'><strong>Οἱ</strong></span> <span class='ocrx_word' id='word_1_714' title='bbox 2715 4019 2779 4090; x_wconf 86' lang='grc' dir='ltr'>δὴ</span> <span class='ocrx_word' id='word_1_715' title='bbox 2808 4018 2900 4071; x_wconf 53' lang='grc' dir='ltr'><strong>καὶ⁵</strong></span> <span class='ocrx_word' id='word_1_716' title='bbox 2919 4016 2990 4069; x_wconf 80' lang='grc' dir='ltr'>τὰ</span> <span class='ocrx_word' id='word_1_717' title='bbox 3012 4013 3106 4068; x_wconf 78' lang='grc' dir='ltr'><strong>τοῦ</strong></span> <span class='ocrx_word' id='word_1_718' title='bbox 3141 4013 3385 4084; x_wconf 81' lang='grc' dir='ltr'>μάκαρος</span> <span class='ocrx_word' id='word_1_719' title='bbox 3413 4008 3719 4100; x_wconf 46' lang='lat' dir='ltr'><strong>terno-59.5:</strong></span> 
     </span>
    </p>
   </div>
   <div class='ocr_carea' id='block_1_102' title="bbox 2136 4097 3721 4190">
    <p class='ocr_par' dir='ltr' id='par_1_102' title="bbox 2136 4097 3721 4190">
     <span class='ocr_line' id='line_1_102' title="bbox 2136 4097 3721 4190; baseline -0.018 -13"><span class='ocrx_word' id='word_1_720' title='bbox 2136 4097 2240 4188; x_wconf 81' lang='grc' dir='ltr'>νοι,</span> <span class='ocrx_word' id='word_1_721' title='bbox 2271 4121 2372 4190; x_wconf 83' lang='grc' dir='ltr'>τῆς</span> <span class='ocrx_word' id='word_1_722' title='bbox 2417 4117 2511 4170; x_wconf 72' lang='grc' dir='ltr'>ἐπὶ</span> <span class='ocrx_word' id='word_1_723' title='bbox 2536 4113 2697 4168; x_wconf 85' lang='grc' dir='ltr'>τοῦτο</span> <span class='ocrx_word' id='word_1_724' title='bbox 2743 4108 3017 4181; x_wconf 80' lang='grc' dir='ltr'>φερούσης</span> <span class='ocrx_word' id='word_1_725' title='bbox 3065 4123 3154 4177; x_wconf 88' lang='grc' dir='ltr'><strong>μοι</strong></span> <span class='ocrx_word' id='word_1_726' title='bbox 3186 4100 3499 4190; x_wconf 73' lang='grc' dir='ltr'>ἐξηγοῦντο,</span> <span class='ocrx_word' id='word_1_727' title='bbox 3529 4097 3721 4190; x_wconf 55' lang='grc' dir='ltr'>καιτό</span> 
     </span>
    </p>
   </div>
   <div class='ocr_carea' id='block_1_103' title="bbox 2137 4188 3722 4281">
    <p class='ocr_par' dir='ltr' id='par_1_103' title="bbox 2137 4188 3722 4281">
     <span class='ocr_line' id='line_1_103' title="bbox 2137 4188 3722 4281; baseline -0.023 -12"><span class='ocrx_word' id='word_1_728' title='bbox 2137 4188 2376 4281; x_wconf 80' lang='grc' dir='ltr'>ἀσφαλές</span> <span class='ocrx_word' id='word_1_729' title='bbox 2402 4207 2662 4278; x_wconf 89' lang='grc' dir='ltr'>παρεῖχον</span> <span class='ocrx_word' id='word_1_730' title='bbox 2678 4218 2692 4232; x_wconf 75' lang='grc' dir='ltr'><strong>ο</strong></span> <span class='ocrx_word' id='word_1_731' title='bbox 2723 4201 2809 4270; x_wconf 89' lang='grc' dir='ltr'>ἐφ’</span> <span class='ocrx_word' id='word_1_732' title='bbox 2832 4201 2969 4271; x_wconf 81' lang='grc' dir='ltr'>ὅπερ</span> <span class='ocrx_word' id='word_1_733' title='bbox 2996 4196 3090 4250; x_wconf 79' lang='grc' dir='ltr'>καὶ</span> <span class='ocrx_word' id='word_1_734' title='bbox 3116 4190 3435 4281; x_wconf 87' lang='grc' dir='ltr'>ὁρμηθείην,</span> <span class='ocrx_word' id='word_1_735' title='bbox 3470 4189 3585 4251; x_wconf 81' lang='grc' dir='ltr'>ἓως</span> <span class='ocrx_word' id='word_1_736' title='bbox 3609 4188 3722 4281; x_wconf 37' lang='lat' dir='ltr'><strong>e51:—</strong></span> 
     </span>
    </p>
   </div>
   <div class='ocr_carea' id='block_1_104' title="bbox 2137 4271 3720 4375">
    <p class='ocr_par' dir='ltr' id='par_1_104' title="bbox 2137 4271 3720 4375">
     <span class='ocr_line' id='line_1_104' title="bbox 2137 4271 3720 4375; baseline -0.02 -16"><span class='ocrx_word' id='word_1_737' title='bbox 2137 4271 2401 4375; x_wconf 79' lang='grc' dir='ltr'>γούμενος</span> <span class='ocrx_word' id='word_1_738' title='bbox 2449 4271 2657 4367; x_wconf 68' lang='grc' dir='ltr'>ἔφθασα</span> <span class='ocrx_word' id='word_1_739' title='bbox 2701 4288 2761 4347; x_wconf 74' lang='grc' dir='ltr'><strong>οὗ</strong></span> <span class='ocrx_word' id='word_1_740' title='bbox 2810 4290 3011 4361; x_wconf 79' lang='grc' dir='ltr'>φθάσαι</span> <span class='ocrx_word' id='word_1_741' title='bbox 3054 4286 3147 4340; x_wconf 58' lang='grc' dir='ltr'><strong>καὶ⁸</strong></span> <span class='ocrx_word' id='word_1_742' title='bbox 3182 4280 3477 4353; x_wconf 83' lang='grc' dir='ltr'>ἐδυνήθην,</span> <span class='ocrx_word' id='word_1_743' title='bbox 3528 4280 3632 4333; x_wconf 70' lang='grc' dir='ltr'>καὶ</span> <span class='ocrx_word' id='word_1_744' title='bbox 3668 4271 3720 4329; x_wconf 66' lang='grc' dir='ltr'><strong>οὗ</strong></span> 
     </span>
    </p>
   </div>
   <div class='ocr_carea' id='block_1_105' title="bbox 2139 4371 3721 4468">
    <p class='ocr_par' dir='ltr' id='par_1_105' title="bbox 2139 4371 3721 4468">
     <span class='ocr_line' id='line_1_105' title="bbox 2139 4371 3721 4468; baseline -0.02 -17"><span class='ocrx_word' id='word_1_745' title='bbox 2139 4371 2473 4468; x_wconf 60' lang='grc' dir='ltr'>κατήντησα.</span> <span class='ocrx_word' id='word_1_746' title='bbox 2507 4390 2571 4442; x_wconf 81' lang='grc' dir='ltr'><strong>Εἰ</strong></span> <span class='ocrx_word' id='word_1_747' title='bbox 2606 4386 2701 4459; x_wconf 80' lang='grc' dir='ltr'>μὲν</span> <span class='ocrx_word' id='word_1_748' title='bbox 2726 4380 2819 4437; x_wconf 78' lang='grc' dir='ltr'>οὖν</span> <span class='ocrx_word' id='word_1_749' title='bbox 2844 4382 3011 4449; x_wconf 83' lang='grc' dir='ltr'>ἐγγὺς</span> <span class='ocrx_word' id='word_1_750' title='bbox 3043 4378 3143 4447; x_wconf 78' lang='grc' dir='ltr'>τῆς</span> <span class='ocrx_word' id='word_1_751' title='bbox 3176 4375 3405 4468; x_wconf 81' lang='grc' dir='ltr'>ἐλπίδος,</span> <span class='ocrx_word' id='word_1_752' title='bbox 3431 4371 3605 4442; x_wconf 84' lang='grc' dir='ltr'>χάρις</span> <span class='ocrx_word' id='word_1_753' title='bbox 3634 4371 3721 4440; x_wconf 79' lang='grc' dir='ltr'><strong>μὲν</strong></span> 
     </span>
    </p>
   </div>
   <div class='ocr_carea' id='block_1_106' title="bbox 2140 4463 3720 4558">
    <p class='ocr_par' dir='ltr' id='par_1_106' title="bbox 2140 4463 3720 4558">
     <span class='ocr_line' id='line_1_106' title="bbox 2140 4463 3720 4558; baseline -0.019 -18"><span class='ocrx_word' id='word_1_754' title='bbox 2140 4463 2415 4558; x_wconf 33' lang='grc' dir='ltr'>Θεῷ-παρ’</span> <span class='ocrx_word' id='word_1_755' title='bbox 2440 4476 2500 4535; x_wconf 76' lang='grc' dir='ltr'>οὗ</span> <span class='ocrx_word' id='word_1_756' title='bbox 2529 4480 2637 4533; x_wconf 83' lang='grc' dir='ltr'><strong>πᾶν</strong></span> <span class='ocrx_word' id='word_1_757' title='bbox 2667 4473 2973 4547; x_wconf 84' lang='grc' dir='ltr'>ἀνθρώποις</span> <span class='ocrx_word' id='word_1_758' title='bbox 2999 4470 3061 4523; x_wconf 83' lang='grc' dir='ltr'><strong>τὸ</strong></span> <span class='ocrx_word' id='word_1_759' title='bbox 3080 4464 3535 4558; x_wconf 62' lang='grc' dir='ltr'>κατορθούμενον,</span> <span class='ocrx_word' id='word_1_760' title='bbox 3564 4463 3720 4533; x_wconf 74' lang='grc' dir='ltr'>χάρις</span> 
     </span>
    </p>
   </div>
   <div class='ocr_carea' id='block_1_107' title="bbox 2140 4553 3723 4633">
    <p class='ocr_par' dir='ltr' id='par_1_107' title="bbox 2140 4553 3723 4633">
     <span class='ocr_line' id='line_1_107' title="bbox 2140 4553 3723 4633; baseline -0.017 -4"><span class='ocrx_word' id='word_1_761' title='bbox 2140 4574 2199 4629; x_wconf 84' lang='grc' dir='ltr'><strong>δέ</strong></span> <span class='ocrx_word' id='word_1_762' title='bbox 2230 4553 2323 4626; x_wconf 72' lang='grc' dir='ltr'><strong>καὶ</strong></span> <span class='ocrx_word' id='word_1_763' title='bbox 2348 4553 2468 4632; x_wconf 86' lang='grc' dir='ltr'>ταῖς</span> <span class='ocrx_word' id='word_1_764' title='bbox 2508 4570 2626 4629; x_wconf 85' lang='grc' dir='ltr'>σαῖς</span> <span class='ocrx_word' id='word_1_765' title='bbox 2658 4564 2842 4633; x_wconf 87' lang='grc' dir='ltr'>ἁγίαις</span> <span class='ocrx_word' id='word_1_766' title='bbox 2874 4561 3059 4631; x_wconf 82' lang='grc' dir='ltr'>εὐχαῖς</span> <span class='ocrx_word' id='word_1_767' title='bbox 3078 4597 3092 4622; x_wconf 92' lang='grc'><strong>,</strong></span> <span class='ocrx_word' id='word_1_768' title='bbox 3128 4553 3217 4618; x_wconf 81' lang='grc' dir='ltr'>αἷς</span> <span class='ocrx_word' id='word_1_769' title='bbox 3262 4553 3546 4624; x_wconf 72' lang='grc' dir='ltr'>θαρρήσας</span> <span class='ocrx_word' id='word_1_770' title='bbox 3599 4554 3723 4605; x_wconf 81' lang='grc' dir='ltr'>ἀπε-</span> 
     </span>
    </p>
   </div>
   <div class='ocr_carea' id='block_1_108' title="bbox 2138 4636 3720 4733">
    <p class='ocr_par' dir='ltr' id='par_1_108' title="bbox 2138 4636 3720 4733">
     <span class='ocr_line' id='line_1_108' title="bbox 2138 4636 3720 4733; baseline -0.02 -13"><span class='ocrx_word' id='word_1_771' title='bbox 2138 4663 2387 4733; x_wconf 83' lang='grc' dir='ltr'>δυσάμην</span> <span class='ocrx_word' id='word_1_772' title='bbox 2435 4657 2571 4729; x_wconf 80' lang='grc' dir='ltr'>πρὸς</span> <span class='ocrx_word' id='word_1_773' title='bbox 2612 4654 2674 4706; x_wconf 83' lang='grc' dir='ltr'><strong>τὸ</strong></span> <span class='ocrx_word' id='word_1_774' title='bbox 2706 4649 3009 4722; x_wconf 85' lang='grc' dir='ltr'>ἐγχείρημα</span> <span class='ocrx_word' id='word_1_775' title='bbox 3032 4686 3047 4711; x_wconf 97' lang='grc'><strong>,</strong></span> <span class='ocrx_word' id='word_1_776' title='bbox 3083 4645 3176 4698; x_wconf 75' lang='grc' dir='ltr'><strong>καὶ</strong></span> <span class='ocrx_word' id='word_1_777' title='bbox 3202 4636 3290 4705; x_wconf 79' lang='grc' dir='ltr'>αἷς</span> <span class='ocrx_word' id='word_1_778' title='bbox 3319 4639 3720 4711; x_wconf 78' lang='grc' dir='ltr'>βοηθούμενος,</span> 
     </span>
    </p>
   </div>
   <div class='ocr_carea' id='block_1_109' title="bbox 2139 4734 3446 4825">
    <p class='ocr_par' dir='ltr' id='par_1_109' title="bbox 2139 4734 3446 4825">
     <span class='ocr_line' id='line_1_109' title="bbox 2139 4734 3446 4825; baseline -0.021 -14"><span class='ocrx_word' id='word_1_779' title='bbox 2139 4758 2202 4812; x_wconf 90' lang='grc' dir='ltr'><strong>ού</strong></span> <span class='ocrx_word' id='word_1_780' title='bbox 2232 4754 2420 4825; x_wconf 81' lang='grc' dir='ltr'>πόρρω</span> <span class='ocrx_word' id='word_1_781' title='bbox 2448 4745 2725 4807; x_wconf 83' lang='grc' dir='ltr'>παντελῶς</span> <span class='ocrx_word' id='word_1_782' title='bbox 2753 4740 3059 4812; x_wconf 81' lang='grc' dir='ltr'>ἐξετράπην</span> <span class='ocrx_word' id='word_1_783' title='bbox 3091 4736 3185 4790; x_wconf 79' lang='grc' dir='ltr'><strong>τοῦ</strong></span> <span class='ocrx_word' id='word_1_784' title='bbox 3218 4734 3446 4825; x_wconf 84' lang='grc' dir='ltr'>δέοντος.</span> 
     </span>
    </p>
   </div>
   <div class='ocr_carea' id='block_1_110' title="bbox 2213 4820 3721 4908">
    <p class='ocr_par' dir='ltr' id='par_1_110' title="bbox 2213 4820 3721 4908">
     <span class='ocr_line' id='line_1_110' title="bbox 2213 4820 3721 4908; baseline -0.019 -9"><span class='ocrx_word' id='word_1_785' title='bbox 2213 4847 2278 4899; x_wconf 76' lang='lat' dir='ltr'><strong>Ei</strong></span> <span class='ocrx_word' id='word_1_786' title='bbox 2394 4839 2553 4894; x_wconf 76' lang='grc' dir='ltr'>τοῦτο</span> <span class='ocrx_word' id='word_1_787' title='bbox 2585 4838 2681 4908; x_wconf 78' lang='grc' dir='ltr'><strong>μὲν</strong></span> <span class='ocrx_word' id='word_1_788' title='bbox 2716 4833 2776 4888; x_wconf 80' lang='grc' dir='ltr'>οῦ</span> <span class='ocrx_word' id='word_1_789' title='bbox 2796 4873 2812 4898; x_wconf 91' lang='grc'><strong>,</strong></span> <span class='ocrx_word' id='word_1_790' title='bbox 2846 4832 3025 4900; x_wconf 87' lang='grc' dir='ltr'>πάντη</span> <span class='ocrx_word' id='word_1_791' title='bbox 3049 4828 3107 4882; x_wconf 85' lang='grc' dir='ltr'>δὲ</span> <span class='ocrx_word' id='word_1_792' title='bbox 3140 4824 3362 4895; x_wconf 82' lang='grc' dir='ltr'>φανείην</span> <span class='ocrx_word' id='word_1_793' title='bbox 3399 4820 3721 4889; x_wconf 78' lang='grc' dir='ltr'>ἀλυσιτελὴς</span> 
     </span>
    </p>
   </div>
   <div class='ocr_carea' id='block_1_111' title="bbox 2143 4912 3721 5002">
    <p class='ocr_par' dir='ltr' id='par_1_111' title="bbox 2143 4912 3721 5002">
     <span class='ocr_line' id='line_1_111' title="bbox 2143 4912 3721 5002; baseline -0.02 -11"><span class='ocrx_word' id='word_1_794' title='bbox 2143 4937 2239 4992; x_wconf 75' lang='grc' dir='ltr'>καὶ</span> <span class='ocrx_word' id='word_1_795' title='bbox 2271 4932 2562 5002; x_wconf 85' lang='grc' dir='ltr'>ἀδόκιμος,</span> <span class='ocrx_word' id='word_1_796' title='bbox 2590 4927 2644 4980; x_wconf 89' lang='grc' dir='ltr'><strong>τί</strong></span> <span class='ocrx_word' id='word_1_797' title='bbox 2686 4924 2792 4996; x_wconf 82' lang='grc' dir='ltr'><strong>χρὴ</strong></span> <span class='ocrx_word' id='word_1_798' title='bbox 2825 4921 3037 4982; x_wconf 83' lang='grc' dir='ltr'>παθεῖν,</span> <span class='ocrx_word' id='word_1_799' title='bbox 3080 4918 3133 4971; x_wconf 80' lang='grc' dir='ltr'><strong>εί</strong></span> <span class='ocrx_word' id='word_1_800' title='bbox 3182 4933 3285 4969; x_wconf 88' lang='grc' dir='ltr'><strong>που</strong></span> <span class='ocrx_word' id='word_1_801' title='bbox 3319 4912 3542 4976; x_wconf 82' lang='grc' dir='ltr'>πολλοῖς</span> <span class='ocrx_word' id='word_1_802' title='bbox 3575 4914 3721 4965; x_wconf 79' lang='grc' dir='ltr'>ἀνια-</span> 
     </span>
    </p>
   </div>
   <div class='ocr_carea' id='block_1_112' title="bbox 2146 5004 3713 5100">
    <p class='ocr_par' dir='ltr' id='par_1_112' title="bbox 2146 5004 3713 5100">
     <span class='ocr_line' id='line_1_112' title="bbox 2146 5004 3713 5100; baseline -0.019 -18"><span class='ocrx_word' id='word_1_803' title='bbox 2146 5029 2259 5100; x_wconf 89' lang='grc' dir='ltr'>ροῖς</span> <span class='ocrx_word' id='word_1_804' title='bbox 2282 5023 2419 5095; x_wconf 77' lang='grc' dir='ltr'>πρὸς</span> <span class='ocrx_word' id='word_1_805' title='bbox 2444 5023 2513 5092; x_wconf 73' lang='grc' dir='ltr'>τῇ</span> <span class='ocrx_word' id='word_1_806' title='bbox 2547 5017 2758 5089; x_wconf 75' lang='grc' dir='ltr'>ἀμαθία</span> <span class='ocrx_word' id='word_1_807' title='bbox 2789 5008 3197 5099; x_wconf 80' lang='grc' dir='ltr'>συνισχημένος,</span> <span class='ocrx_word' id='word_1_808' title='bbox 3217 5006 3278 5059; x_wconf 84' lang='grc' dir='ltr'><strong>τὸ</strong></span> <span class='ocrx_word' id='word_1_809' title='bbox 3304 5004 3466 5074; x_wconf 83' lang='grc' dir='ltr'>τυχὸν</span> <span class='ocrx_word' id='word_1_810' title='bbox 3493 5005 3559 5056; x_wconf 71' lang='grc' dir='ltr'>οὐ</span> <span class='ocrx_word' id='word_1_811' title='bbox 3592 5018 3713 5056; x_wconf 69' lang='grc' dir='ltr'>κατι</span> 
     </span>
    </p>
   </div>
   <div class='ocr_carea' id='block_1_113' title="bbox 2142 5095 3721 5186">
    <p class='ocr_par' dir='ltr' id='par_1_113' title="bbox 2142 5095 3721 5186">
     <span class='ocr_line' id='line_1_113' title="bbox 2142 5095 3721 5186; baseline -0.018 -15"><span class='ocrx_word' id='word_1_812' title='bbox 2142 5095 2417 5186; x_wconf 57' lang='lat' dir='ltr'><strong>aspernata;</strong></span> <span class='ocrx_word' id='word_1_813' title='bbox 2453 5110 2515 5164; x_wconf 82' lang='grc' dir='ltr'>τὸ</span> <span class='ocrx_word' id='word_1_814' title='bbox 2555 5106 2684 5177; x_wconf 82' lang='grc' dir='ltr'>γοῦν</span> <span class='ocrx_word' id='word_1_815' title='bbox 2726 5104 2863 5176; x_wconf 84' lang='grc' dir='ltr'>πρὸς</span> <span class='ocrx_word' id='word_1_816' title='bbox 2912 5098 3095 5171; x_wconf 81' lang='grc' dir='ltr'>ἰσχύος</span> <span class='ocrx_word' id='word_1_817' title='bbox 3160 5100 3314 5186; x_wconf 80' lang='grc' dir='ltr'>ὅμως</span> <span class='ocrx_word' id='word_1_818' title='bbox 3350 5095 3721 5186; x_wconf 76' lang='grc' dir='ltr'>προσαγαγεῖν</span> 
     </span>
    </p>
   </div>
   <div class='ocr_carea' id='block_1_114' title="bbox 2147 5184 3719 5270">
    <p class='ocr_par' dir='ltr' id='par_1_114' title="bbox 2147 5184 3719 5270">
     <span class='ocr_line' id='line_1_114' title="bbox 2147 5184 3719 5270; baseline -0.017 -10"><span class='ocrx_word' id='word_1_819' title='bbox 2147 5184 2246 5260; x_wconf 74' lang='grc' dir='ltr'><strong>ούκ</strong></span> <span class='ocrx_word' id='word_1_820' title='bbox 2273 5202 2590 5270; x_wconf 87' lang='grc' dir='ltr'>ἀπώκνησα.</span> <span class='ocrx_word' id='word_1_821' title='bbox 2616 5196 2690 5250; x_wconf 81' lang='grc' dir='ltr'>Σὺ</span> <span class='ocrx_word' id='word_1_822' title='bbox 2723 5195 2779 5249; x_wconf 83' lang='grc' dir='ltr'>δὲ</span> <span class='ocrx_word' id='word_1_823' title='bbox 2817 5194 2850 5263; x_wconf 86' lang='grc' dir='ltr'>ή</span> <span class='ocrx_word' id='word_1_824' title='bbox 2882 5191 2951 5245; x_wconf 84' lang='grc' dir='ltr'>τὰ</span> <span class='ocrx_word' id='word_1_825' title='bbox 2986 5192 3161 5244; x_wconf 85' lang='grc' dir='ltr'>πάντα</span> <span class='ocrx_word' id='word_1_826' title='bbox 3192 5185 3335 5259; x_wconf 71' lang='grc' dir='ltr'>ψυχὴ</span> <span class='ocrx_word' id='word_1_827' title='bbox 3370 5184 3719 5256; x_wconf 81' lang='grc' dir='ltr'>θεομίμητος.</span> 
     </span>
    </p>
   </div>
   <div class='ocr_carea' id='block_1_115' title="bbox 2145 5270 3720 5356">
    <p class='ocr_par' dir='ltr' id='par_1_115' title="bbox 2145 5270 3720 5356">
     <span class='ocr_line' id='line_1_115' title="bbox 2145 5270 3720 5356; baseline -0.018 -4"><span class='ocrx_word' id='word_1_828' title='bbox 2145 5299 2207 5352; x_wconf 89' lang='grc' dir='ltr'><strong>ού</strong></span> <span class='ocrx_word' id='word_1_829' title='bbox 2240 5296 2301 5349; x_wconf 85' lang='grc' dir='ltr'><strong>τὸ</strong></span> <span class='ocrx_word' id='word_1_830' title='bbox 2332 5293 2452 5347; x_wconf 81' lang='grc' dir='ltr'>κατ’</span> <span class='ocrx_word' id='word_1_831' title='bbox 2478 5290 2655 5356; x_wconf 86' lang='grc' dir='ltr'>ἀξίαν,</span> <span class='ocrx_word' id='word_1_832' title='bbox 2690 5281 2749 5339; x_wconf 80' lang='grc' dir='ltr'><strong>εὖ</strong></span> <span class='ocrx_word' id='word_1_833' title='bbox 2779 5279 2915 5345; x_wconf 73' lang='grc' dir='ltr'>οἴδα,</span> <span class='ocrx_word' id='word_1_834' title='bbox 2946 5281 3221 5352; x_wconf 79' lang='grc' dir='ltr'>ζητήσεις,</span> <span class='ocrx_word' id='word_1_835' title='bbox 3257 5275 3369 5330; x_wconf 81' lang='grc' dir='ltr'>ἀλλ’</span> <span class='ocrx_word' id='word_1_836' title='bbox 3396 5276 3643 5349; x_wconf 75' lang='grc' dir='ltr'>ἀποδέξῃ</span> <span class='ocrx_word' id='word_1_837' title='bbox 3669 5270 3720 5324; x_wconf 81' lang='grc' dir='ltr'>τὺ</span> 
     </span>
    </p>
   </div>
   <div class='ocr_carea' id='block_1_116' title="bbox 2146 5364 3721 5460">
    <p class='ocr_par' dir='ltr' id='par_1_116' title="bbox 2146 5364 3721 5460">
     <span class='ocr_line' id='line_1_116' title="bbox 2146 5364 3721 5460; baseline -0.018 -17"><span class='ocrx_word' id='word_1_838' title='bbox 2146 5386 2455 5460; x_wconf 68' lang='grc' dir='ltr'>πρόθυμοψ</span> <span class='ocrx_word' id='word_1_839' title='bbox 2500 5380 2621 5434; x_wconf 74' lang='grc' dir='ltr'>ἐπεὶ</span> <span class='ocrx_word' id='word_1_840' title='bbox 2661 5376 2756 5428; x_wconf 82' lang='grc' dir='ltr'><strong>καί</strong></span> <span class='ocrx_word' id='word_1_841' title='bbox 2793 5370 2911 5443; x_wconf 79' lang='grc' dir='ltr'>Θεῷ</span> <span class='ocrx_word' id='word_1_842' title='bbox 2945 5388 3076 5441; x_wconf 86' lang='grc' dir='ltr'>φασι</span> <span class='ocrx_word' id='word_1_843' title='bbox 3111 5369 3261 5438; x_wconf 84' lang='grc' dir='ltr'>φίλον</span> <span class='ocrx_word' id='word_1_844' title='bbox 3298 5366 3358 5419; x_wconf 84' lang='grc' dir='ltr'><strong>τὸ</strong></span> <span class='ocrx_word' id='word_1_845' title='bbox 3397 5364 3546 5419; x_wconf 79' lang='grc' dir='ltr'><strong>κατά</strong></span> <span class='ocrx_word' id='word_1_846' title='bbox 3572 5365 3721 5418; x_wconf 64' lang='lat' dir='ltr'><strong>66v:-</strong></span> 
     </span>
    </p>
   </div>
   <div class='ocr_carea' id='block_1_117' title="bbox 2148 5451 3720 5552">
    <p class='ocr_par' dir='ltr' id='par_1_117' title="bbox 2148 5451 3720 5552">
     <span class='ocr_line' id='line_1_117' title="bbox 2148 5451 3720 5552; baseline -0.017 -20"><span class='ocrx_word' id='word_1_847' title='bbox 2148 5451 2261 5552; x_wconf 74' lang='grc' dir='ltr'>μιν.</span> <span class='ocrx_word' id='word_1_848' title='bbox 2309 5451 2470 5528; x_wconf 55' lang='lat' dir='ltr'><strong>iam</strong></span> <span class='ocrx_word' id='word_1_849' title='bbox 2511 5470 2716 5523; x_wconf 89' lang='grc' dir='ltr'>τούτων</span> <span class='ocrx_word' id='word_1_850' title='bbox 2764 5467 2859 5536; x_wconf 81' lang='grc' dir='ltr'><strong>μὲν</strong></span> <span class='ocrx_word' id='word_1_851' title='bbox 2899 5461 3018 5524; x_wconf 78' lang='grc' dir='ltr'>ἃλις</span> <span class='ocrx_word' id='word_1_852' title='bbox 3044 5500 3058 5523; x_wconf 92' lang='grc'><strong>,</strong></span> <span class='ocrx_word' id='word_1_853' title='bbox 3093 5460 3286 5530; x_wconf 84' lang='grc' dir='ltr'>καιρὸς</span> <span class='ocrx_word' id='word_1_854' title='bbox 3326 5459 3382 5511; x_wconf 77' lang='grc' dir='ltr'><strong>δὲ</strong></span> <span class='ocrx_word' id='word_1_855' title='bbox 3426 5456 3620 5509; x_wconf 81' lang='grc' dir='ltr'>λοιπὸν</span> <span class='ocrx_word' id='word_1_856' title='bbox 3662 5451 3720 5504; x_wconf 68' lang='grc' dir='ltr'>τὰ</span> 
     </span>
    </p>
   </div>
   <div class='ocr_carea' id='block_1_118' title="bbox 2146 5544 3720 5634">
    <p class='ocr_par' dir='ltr' id='par_1_118' title="bbox 2146 5544 3720 5634">
     <span class='ocr_line' id='line_1_118' title="bbox 2146 5544 3720 5634; baseline -0.02 -9"><span class='ocrx_word' id='word_1_857' title='bbox 2146 5544 2289 5625; x_wconf 69' lang='grc' dir='ltr'>κατὰ</span> <span class='ocrx_word' id='word_1_858' title='bbox 2333 5567 2424 5620; x_wconf 77' lang='grc' dir='ltr'><strong>τὸν</strong></span> <span class='ocrx_word' id='word_1_859' title='bbox 2479 5562 2649 5634; x_wconf 85' lang='grc' dir='ltr'>μέγαν</span> <span class='ocrx_word' id='word_1_860' title='bbox 2695 5556 2967 5610; x_wconf 86' lang='grc' dir='ltr'>Διονύσιον</span> <span class='ocrx_word' id='word_1_861' title='bbox 2999 5552 3268 5615; x_wconf 74' lang='grc' dir='ltr'>ἐκθεῖναι,</span> <span class='ocrx_word' id='word_1_862' title='bbox 3303 5552 3401 5604; x_wconf 80' lang='grc' dir='ltr'><strong>ὅσα</strong></span> <span class='ocrx_word' id='word_1_863' title='bbox 3446 5548 3591 5619; x_wconf 80' lang='grc' dir='ltr'>δῆτα</span> <span class='ocrx_word' id='word_1_864' title='bbox 3637 5544 3720 5599; x_wconf 74' lang='grc' dir='ltr'><strong>καὶ</strong></span> 
     </span>
    </p>
   </div>
   <div class='ocr_carea' id='block_1_119' title="bbox 2147 5648 2871 5721">
    <p class='ocr_par' dir='ltr' id='par_1_119' title="bbox 2147 5648 2871 5721">
     <span class='ocr_line' id='line_1_119' title="bbox 2147 5648 2871 5721; baseline -0.021 -8"><span class='ocrx_word' id='word_1_865' title='bbox 2147 5662 2259 5721; x_wconf 88' lang='grc' dir='ltr'>τοῖς</span> <span class='ocrx_word' id='word_1_866' title='bbox 2294 5655 2541 5713; x_wconf 86' lang='grc' dir='ltr'>παλαιοῖς</span> <span class='ocrx_word' id='word_1_867' title='bbox 2574 5648 2871 5719; x_wconf 79' lang='grc' dir='ltr'>ἱστόρηται.</span> 
     </span>
    </p>
   </div>
   <div class='ocr_carea' id='block_1_120' title="bbox 469 5736 3530 5847">
    <p class='ocr_par' dir='ltr' id='par_1_120' title="bbox 469 5736 3530 5847">
     <span class='ocr_line' id='line_1_120' title="bbox 469 5736 3530 5847; baseline -0.016 -16"><span class='ocrx_word' id='word_1_868' title='bbox 469 5776 539 5830; x_wconf 84' lang='lat' dir='ltr'><strong>ad</strong></span> <span class='ocrx_word' id='word_1_869' title='bbox 575 5791 829 5847; x_wconf 81' lang='lat' dir='ltr'><strong>maguum</strong></span> <span class='ocrx_word' id='word_1_870' title='bbox 859 5776 1174 5846; x_wconf 77' lang='lat' dir='ltr'><strong>Dionysium</strong></span> <span class='ocrx_word' id='word_1_871' title='bbox 1222 5771 1499 5843; x_wconf 88' lang='lat' dir='ltr'><strong>pertinent</strong></span> <span class='ocrx_word' id='word_1_872' title='bbox 1543 5767 1885 5841; x_wconf 78' lang='lat' dir='ltr'><strong>exponendi,</strong></span> <span class='ocrx_word' id='word_1_873' title='bbox 1929 5777 2048 5834; x_wconf 68' lang='lat' dir='ltr'><strong>quas</strong></span> <span class='ocrx_word' id='word_1_874' title='bbox 2078 5768 2228 5818; x_wconf 85' lang='lat' dir='ltr'><strong>certe</strong></span> <span class='ocrx_word' id='word_1_875' title='bbox 2257 5757 2422 5812; x_wconf 84' lang='lat' dir='ltr'><strong>etiam</strong></span> <span class='ocrx_word' id='word_1_876' title='bbox 2454 5752 2524 5806; x_wconf 88' lang='lat' dir='ltr'><strong>ab</strong></span> <span class='ocrx_word' id='word_1_877' title='bbox 2561 5746 2800 5817; x_wconf 88' lang='lat' dir='ltr'><strong>antiquis</strong></span> <span class='ocrx_word' id='word_1_878' title='bbox 2832 5740 3068 5800; x_wconf 76' lang='lat' dir='ltr'><strong>historiae</strong></span> <span class='ocrx_word' id='word_1_879' title='bbox 3097 5736 3351 5794; x_wconf 84' lang='lat' dir='ltr'><strong>mandata</strong></span> <span class='ocrx_word' id='word_1_880' title='bbox 3381 5739 3530 5787; x_wconf 90' lang='lat' dir='ltr'><strong>sunt.</strong></span> 
     </span>
    </p>
   </div>
  </div>
