3748 6318
32 366 150 424 I13

32 567 248 631 αὑτοῦ,
290 567 353 620 τδ
387 568 506 620 κατ’
554 566 865 637 Ἀθηναίους
902 567 1195 639 παρίστησι
1231 566 1623 637 βουλευτήριον.

47 662 143 723 Ὠς
174 658 288 729 γὰρ
319 661 349 712 6
379 660 521 723 θεῖος
553 661 770 723 Λουκᾶς
809 660 1010 731 ἱστορεῖ
1060 662 1117 712 ἐν
1160 663 1281 722 ταῖς
1334 658 1625 728 Πράξεσιν,

32 747 124 815 εἷς
161 752 262 804 xui.
294 746 449 814 οὗτος
473 747 543 822 ἦν
569 751 677 804 τῶν
706 750 1101 821 ἀρεοπαγιτῶν.
1130 750 1236 803 Τοῦ
1262 750 1442 803 τοίνυν
1477 749 1625 820 ίεροῦ

32 842 351 895 ἀποστόλου
377 841 588 894 Παύλου
617 845 737 904 ταῖς
777 842 1025 912 Ἀθήναις
1050 840 1504 911 ἐπιδημήσαντος,
1533 838 1626 893 καί

28 950 152 985 τισι
181 932 294 985 τῶν
327 932 386 999 ἐξ
432 933 755 1005 Ἐπικούρου
784 933 876 985 καὶ
901 933 1011 987 τῶν
1038 932 1146 986 ἀπὸ
1170 933 1271 1003 τῆς
1294 934 1462 995 Στοᾶς
1489 949 1627 1004 συμ-

32 1024 324 1087 ϐαλόντος,
359 1026 453 1077 καὶ
482 1025 574 1078 τὸν
614 1024 770 1093 λόγον
807 1024 909 1094 τῆς
946 1024 1203 1095 ἀληθείας
1233 1023 1624 1096 κηρύττοντος,

30 1118 191 1179 τινες
214 1116 327 1170 τῶν
358 1118 535 1169 ἐκεῖσε
569 1116 871 1185 φιλοσόφων
897 1116 1083 1170 τοῦτον
1110 1117 1398 1187 συσχόντες
1422 1117 1513 1170 ἐπὶ
1533 1116 1626 1171 τὸν

41 1211 270 1280 Ἀρειον
310 1209 494 1275 Πάγον
530 1208 840 1279 ἀπήγαγον,
874 1206 1030 1271 δίκας
1122 1202 1198 1261 ὧν
1244 1209 1624 1283 ἐδημηγόρησε

34 1298 308 1351 δώσοντα.
353 1296 517 1349 Ἀλλά
549 1298 770 1350 κάκεῖσε
807 1296 1146 1369 δημηγορεῖ,
1187 1301 1281 1352 καὶ
1318 1301 1421 1372 τῆς
1461 1300 1626 1354 αὑτοῦ

36 1388 199 1450 Θείας
231 1386 478 1457 γλώττης
509 1385 730 1458 θήραμα
758 1387 1024 1456 γίνονται,
1061 1391 1155 1442 καὶ
1193 1388 1340 1443 ἄλλοι
1388 1391 1487 1462 μὲν
1526 1393 1628 1445 οὐκ

34 1479 217 1547 ὀλίγοι
239 1517 255 1542 ,
286 1477 422 1531 ἀλλά
454 1478 549 1530 καὶ
579 1479 745 1543 αὐτὸς
770 1479 1043 1542 Διονύσιος
1063 1519 1077 1542 ,
1114 1482 1206 1534 καὶ
1240 1480 1374 1552 γυνὴ
1406 1482 1626 1553 ὀνόματι

39 1572 323 1642 Δάμαρις,
354 1570 449 1622 καὶ
472 1570 651 1642 ἕτεροι
681 1572 776 1626 σὺν
807 1572 1008 1635 αὐτοῖς.
1040 1570 1423 1643 Προστέθειται
1455 1571 1511 1625 δὲ
1534 1574 1628 1628 καὶ

37 1662 104 1713 τὸ
137 1662 240 1732 τῆς
269 1662 423 1727 ἀξίας
450 1663 632 1733 αὐτῷ⁸
666 1664 800 1733 φησὶ
831 1663 961 1734 γὰρ,
998 1667 1031 1717 ό
1066 1664 1504 1735 Ἀρεοπαγίτης,
1538 1666 1628 1721 διὰ

34 1756 103 1807 τὸ
159 1756 461 1827 περιφανὲς
508 1755 603 1809 τοῦ
647 1757 874 1828 ἀνδρὸς,
907 1753 1097 1828 οἶμαι,
1139 1759 1195 1811 έν
1239 1776 1300 1813 τε
1340 1761 1503 1832 σοφίᾳ
1533 1761 1627 1814 καὶ

1444 357 1983 417 PROLEGOMENA.

114 478 229 547 Τὴν
258 476 439 530 τοίνυν
462 474 760 542 εὐγένειαν,
791 473 884 527 καὶ
908 473 968 526 τὸ
990 474 1047 529 ἐν
1073 472 1288 544 πλούτῳ
1332 472 1626 544 περιφανὲς

1801 469 2150 523 Nobilitatem
2176 467 2363 536 igitur,
2396 473 2450 519 et
2481 463 2721 518 illustres
2745 460 2962 517 dixitias
2986 460 3105 530 ejus
3132 460 3302 518 Athe-
3388 512 3407 523 .

3197 348 3295 403 lld

1730 563 2002 617 niensium
2056 560 2160 615 iste
2220 568 2444 614 senatus
2496 556 2761 612 declarat.
2832 553 3296 620 Quemadmodum

1727 653 1871 708 enim
1899 651 2057 705 divus
2087 649 2264 705 Lucas
2291 648 2535 703 historia:
2567 647 2789 701 mandat
2818 645 2871 699 in
2905 643 3129 699 Actibus
3152 644 3216 707 “,
3252 643 3301 699 is

1726 745 1891 801 etiam
1922 759 2060 797 unus
2080 754 2197 799 erat
2232 740 2694 810 areopagitarum.
2725 738 2860 793 Cum
2886 737 3051 806 igitur
3076 746 3299 791 sanctus

1728 836 2008 905 apostolus
2040 834 2249 890 Paulus
2280 833 2524 888 Athenas
2567 829 2844 899 profectus
2869 838 3048 895 esset,
3080 838 3135 882 et
3174 843 3296 882 cum

1727 929 2058 997 quibusdam
2087 927 2367 996 Epicureis
2392 940 2458 979 ac
2485 922 2689 977 Stoicis
2708 936 3054 989 congressus,
3072 919 3296 974 verbum

1728 1020 1977 1074 veritatis
2043 1019 2406 1089 praedicaret;
2463 1015 2711 1071 nonnulli
2782 1015 2945 1069 isthic
2992 1011 3295 1082 pliilosOpbi

1726 1123 1848 1163 eum
1881 1108 2405 1178 cumprehendentes
2435 1107 2505 1162 ad
2549 1107 2894 1176 Areopagum
2938 1105 3295 1169 abduxerunt,

1729 1215 1924 1270 pmnas
1953 1202 2207 1255 daturum
2242 1209 2468 1270 propter
2507 1212 2571 1254 ea
2614 1213 2735 1267 qua:
2773 1197 3126 1252 concinnatus
3153 1204 3294 1249 erat.

1730 1291 1930 1347 Verum
1981 1293 2149 1347 etiam
2193 1291 2306 1347 illic
2348 1290 2730 1353 concinnatur,
2781 1298 2835 1343 et
2882 1288 3079 1343 divina:
3126 1286 3297 1356 ipsius

1728 1385 1924 1455 lingua:
1950 1386 2130 1455 praeda
2158 1383 2313 1451 liunt,
2339 1393 2541 1453 praeter
2576 1383 2716 1437 alios
2745 1397 2853 1436 non
2881 1394 3097 1450 paucos,
3132 1378 3295 1432 etiam

1728 1478 1841 1547 ipse
1874 1478 2193 1547 Dionysius,
2219 1485 2276 1532 et
2307 1477 2504 1531 mulier
2543 1475 2766 1530 nomine
2806 1472 3074 1538 Damaris,
3112 1480 3166 1526 et
3203 1470 3296 1524 alii

1726 1586 1849 1627 cum
1883 1570 1984 1625 eis.
2016 1570 2160 1637 Quin
2196 1579 2252 1626 et
2285 1569 2573 1639 adjunctus
2603 1578 2688 1623 est
2726 1568 2801 1621 illi
2848 1566 3034 1620 titulus
3073 1564 3299 1634 dignita-

1729 1662 1832 1728 tis;
1870 1661 1946 1715 ait
1984 1662 2154 1726 enim,
2196 1658 2553 1731 AreOpagita,
2601 1656 2670 1712 ob
2716 1656 3002 1719 illustrem,
3046 1664 3105 1707 ut
3145 1654 3295 1708 arbi-

1731 1763 1868 1818 tror,
1899 1752 2002 1806 viri
2034 1751 2377 1819 sapientiam,
2433 1759 2489 1804 et
2538 1748 2779 1813 divitias,
2811 1762 2875 1801 ac
2900 1745 3060 1799 tertio
3078 1754 3298 1815 propter

38 1845 287 1915 πλούτῳ,
336 1846 432 1899 καὶ
471 1848 642 1918 τρίτῳ
681 1826 759 1919 τῷ
805 1850 906 1919 τῆς
948 1826 1220 1914 πολιτείας
1251 1826 1624 1923 ἀνεπιλήπτῳ.

1801 1839 2210 1910 ’θρῑοιιειιεὶδίιε
2238 1838 2453 1892 vivendi
2489 1836 2828 1892 institutum.
2874 1834 2992 1889 Non
3033 1835 3176 1888 enim
3205 1848 3298 1886 cu-

36 1937 120 1989 Οὐ
168 1936 281 2007 γὰρ
316 1937 516 2000 παντὸς
554 1934 623 2009 ἦν
660 1940 722 1991 τὸ
754 1942 833 2002 είς
864 1942 1233 2011 ἀρεοπαγίτας
1268 1943 1476 2007 τελεῖν,
1510 1943 1625 1995 ἀλλ’

34 2029 99 2079 ὃν
137 2028 206 2081 ἂν
239 2031 272 2099 ἡ
307 2030 474 2101 συχνὴ
508 2031 687 2100 σοφία,
714 2033 809 2085 καὶ
837 2036 865 2085 6
891 2035 1124 2104 χρηστὸς
1145 2034 1294 2104 βίος,
1328 2035 1422 2087 καὶ
1453 2035 1512 2087 τὸ
1535 2036 1628 2088 ἐπὶ

38 2119 214 2171 πᾶσιν
252 2121 616 2193 ἀνεπίληπτον
646 2123 724 2184 είς
754 2123 817 2177 τὸ
850 2122 1089 2176 τοιοῦτον
1128 2125 1484 2197 προύκαλεῖτο
1514 2127 1628 2191 ἀξί-

36 2230 206 2282 ωμα*
255 2213 320 2265 ἐκ
374 2213 481 2285 γὰρ
526 2214 636 2268 τῶν
683 2214 839 2267 ἐννέα
890 2214 1305 2287 καθισταμένων
1352 2217 1627 2289 ἀρχόντων

53 2304 346 2375 Ἀθήνῃσιν
376 2304 486 2358 ἔδει
512 2306 636 2368 τοὺς
665 2306 1031 2377 ἀρεοπαγίτας
1056 2302 1215 2371 εἷναι,
1244 2302 1318 2362 ὧν
1348 2312 1377 2363 6
1399 2309 1628 2381 ἀριθμὸς

38 2398 123 2458 εἰς
152 2396 247 2449 ἕνα
277 2396 370 2448 καὶ
397 2398 737 2467 πεντήκοντα
765 2398 1045 2451 ὲποσοῦτο.

120 2484 359 2547 Ἔξωθεν
399 2486 456 2538 δέ
488 2488 589 2557 τῆς
631 2488 836 2551 πόλεως
873 2486 942 2560 ἦν
989 2490 1049 2543 τὸ
1092 2490 1232 2546 κατὰ
1269 2490 1363 2546 τὸν
1410 2494 1628 2563 Ἄρειον

46 2577 228 2643 Πάγον
279 2577 646 2650 δικαστήριον,
683 2582 877 2652 κληθὲν
902 2582 1062 2645 οὕτω,
1094 2584 1181 2637 διὰ
1223 2585 1283 2638 τὸ
1329 2586 1419 2637 τὸν
1454 2588 1628 2657 Ἀρην

44 2669 224 2719 ἐκεῖσε
267 2666 494 2737 λαχόντα
542 2671 620 2741 τῷ
646 2671 935 2725 Ποσειδῶνι
975 2672 1149 2744 δίκην,
1186 2673 1353 2743 πῆξαι
1389 2676 1449 2729 τὸ
1497 2676 1629 2731 ίδιον

47 2759 326 2832 σκῆπτρον
368 2761 452 2829 ἐφ’
486 2755 529 2829 ᾧ
576 2763 811 2835 κριθείη,
858 2765 1053 2819 δτιτὸν
1093 2766 1301 2819 ἐκείνου
1336 2769 1449 2823 υἱὸν
1497 2769 1629 2823 ἀπέ-

45 2865 258 2902 κτεινεν
299 2851 644 2923 Ἁλιρρόθιον.
691 2853 964 2917 Ἑδίκαζον
992 2854 1048 2908 δὲ
1113 2860 1465 2927 ἀρεοπαγῖται
1501 2860 1629 2930 περὶ

43 2938 156 2991 τῶν
173 2938 433 3010 μειζόνων
452 2943 799 3014 σφαλμάτων,
826 2946 921 2998 καὶ
942 2947 973 3017 ή
994 2945 1198 3003 τούτων
1220 2947 1400 3019 κρίσις
1415 2949 1515 3001 οὐκ
1532 2949 1629 3002 ἐδί-

43 3032 135 3086 δου
153 3033 233 3104 τῷ
249 3034 488 3105 κριθέντι
502 3036 599 3107 τὴν
621 3036 822 3106 ἔφεσιν·
843 3038 921 3090 διὸ
937 3040 1029 3091 καὶ
1040 3040 1115 3102 ὡς
1130 3040 1329 3094 καινῶν
1341 3040 1627 3112 δαιμονίων

1725 1932 1900 2002 jusvis
1944 1940 2063 1985 erat
2107 1930 2255 1985 inter
2284 1929 2644 1999 AreOpagitas
2686 1926 2936 1989 censeri,
2982 1926 3075 1980 sed
3137 1938 3296 1993 quem

1731 2025 1897 2079 multa
1921 2025 2213 2096 sapientia,
2240 2035 2298 2079 et
2322 2023 2489 2094 proba
2519 2023 2651 2088 vita,
2681 2033 2737 2076 et
2768 2023 2821 2075 in
2849 2022 3102 2077 omnibus
3126 2021 3299 2089 culpa:

1729 2115 1943 2170 vacatio
1978 2114 2045 2171 ad
2084 2125 2291 2170 tantam
2330 2122 2594 2169 evexerat
2624 2112 2946 2182 dignitatem
2980 2128 2994 2164 :
3027 2111 3296 2181 siquidem

1728 2207 1959 2263 Athenis
1984 2224 2049 2263 ex
2073 2223 2268 2262 novem
2293 2206 2626 2277 principibus
2650 2205 2983 2270 constitutis,
3015 2202 3299 2274 oportebat

1730 2314 1851 2354 esse
1878 2299 2276 2369 Areopagitas,
2333 2312 2567 2369 quorum
2614 2310 2874 2351 numerus
2920 2296 2985 2350 ad
3034 2300 3202 2350 unum
3244 2300 3297 2348 et

1729 2391 2123 2461 quinquaginta
2156 2398 2418 2446 extensus
2446 2386 2570 2442 fuit.

1798 2482 1932 2537 Erat
1982 2492 2161 2537 autem
2205 2494 2359 2538 extra
2410 2495 2589 2536 arcem
2656 2479 2709 2535 in
2762 2479 2902 2535 colle
2948 2477 3140 2532 Martio
3200 2478 3298 2533 tri-

1730 2572 1914 2639 bunal,
1941 2574 2021 2628 sic
2067 2572 2425 2643 appellatum,
2469 2575 2614 2641 quod
2664 2571 2737 2626 ibi
2781 2571 2926 2627 Mars
2966 2571 3296 2625 sententiam

1730 2664 2029 2732 accepisset
2058 2662 2306 2734 Neptuno
2332 2672 2606 2733 sceptrum
2653 2663 2929 2732 proprium
2977 2661 3195 2732 ﬁgendi,
3232 2662 3298 2715 ad

1731 2755 1874 2821 quod
1905 2754 2300 2809 condemnatus
2345 2751 2467 2818 fuit,
2496 2754 2639 2823 quod
2662 2752 2829 2807 tilium
2878 2752 2993 2821 ejus
3022 2752 3300 2821 Halirth-

1731 2844 1882 2898 thion
1909 2845 2223 2901 occidisset.
2274 2844 2599 2901 Judicabant
2646 2858 2827 2900 autem
2883 2844 3205 2914 areopagitze
3236 2845 3301 2897 de

1732 2934 2048 3003 majoribus,
2089 2946 2249 3006 atque
2292 2936 2484 2991 hormu
2532 2934 2801 2990 sententia
2840 2949 2944 2989 non
2973 2934 3303 2988 concedebat

1732 3029 2092 3084 condemnato
2119 3028 2556 3098 appellationem.
2589 3024 2949 3089 Quamobrem
2998 3022 3300 3093 philosophi

47 3126 388 3193 καταγγελέα
410 3127 505 3180 τὸν
533 3126 806 3183 θειότατον
829 3130 928 3201 τῆς
958 3130 1215 3201 ἀληθείας
1241 3132 1456 3204 κήρυκα
1483 3130 1628 3186 Παῦ-

1801 3119 1982 3187 ιυιυηι,
2005 3120 2400 3176 divinissimum
2444 3118 2692 3174 veritatis
2720 3117 3152 3188 praedicatorem,
3183 3122 3300 3166 tan-

46 3216 158 3277 λον,
188 3216 327 3286 πρὸς
351 3218 449 3289 τὴν
478 3218 539 3283 ἐξ
584 3220 792 3291 Ἀρείου
824 3223 1008 3291 Πάγου
1038 3221 1234 3296 βουλὴν
1271 3224 1320 3276 οί
1354 3223 1629 3294 φιλόσοφοι

47 3306 319 3361 ἕλκουσιν.
362 3309 523 3362 Ἀλλά
576 3312 638 3365 τὸ
688 3312 988 3383 τηνικαῦτα
1048 3314 1241 3385 χρόνου
1289 3314 1556 3386 βουλεύων
1600 3318 1631 3370 6

48 3398 349 3469 πάμμεγας
372 3402 644 3466 Διονύσιος
663 3443 677 3467 ,
718 3405 941 3477 ἐκφέρει
982 3406 1082 3476 τὴν
1109 3407 1289 3476 κρίσιν
1315 3407 1628 3471 ἀδέκαστον,

47 3487 106 3538 οὐ
150 3488 353 3557 λόγοις,
406 3492 522 3545 ἀλλ’
572 3495 755 3558 αὐτοῖς
799 3496 1136 3567 πράγμασιν.
1181 3498 1481 3569 Ὲρρῶσθαι
1522 3500 1632 3572 γὰρ

48 3580 207 3647 ἀφεὶς
236 3582 412 3651 πάγον
439 3586 647 3639 ἐκεῖνον
690 3586 785 3639 καὶ
826 3587 1109 3658 σέμνωμα,
1143 3590 1234 3642 καὶ
1254 3591 1432 3644 πᾶσαν
1464 3590 1635 3663 ἄλλην

50 3674 167 3723 κατ’
198 3673 365 3728 αὐτὸν
399 3679 774 3748 περιφάνειαν,
820 3678 928 3734 τῶν
981 3680 1140 3752 ἱερῶν
1174 3681 1374 3750 ἰύγγων
1424 3684 1633 3754 γίνεται

51 3768 286 3830 Παύλου,
318 3770 413 3822 καὶ
455 3770 851 3841 προσκολλᾶται
883 3772 1104 3843 Χριστῷ
1125 3772 1190 3827 δι’
1234 3773 1419 3827 αὐτοῦ.
1459 3774 1634 3827 Τελεῖ.

49 3873 133 3911 ται
178 3859 364 3929 μέντοι
408 3860 497 3914 διὰ
543 3861 736 3915 τούτου
785 3863 857 3916 τά
901 3863 1002 3934 τῆς
1052 3864 1325 3934 σωτηρίας
1367 3864 1629 3935 δόγματα,

50 3949 475 4019 παιδαγωγεῖται
500 3952 555 4006 δὲ
599 3952 989 4018 διδασκαλικῶς
1016 3955 1109 4008 καὶ
1137 3954 1242 4007 ὑπὸ
1281 3954 1359 4025 τῷ
1394 3956 1631 4026 μεγίστῳ

61 4040 324 4111 ’1εροθέῳ,
365 4043 441 4105 ὡς
482 4044 642 4108 αὐτὸς
684 4046 743 4098 ἐν
795 4045 1011 4110 πολλοῖς
1049 4046 1330 4118 μαρτυρεῖ.
1361 4046 1494 4098 Είτα
1539 4046 1631 4100 καὶ

54 4133 155 4186 ἐπὸ
193 4134 410 4188 Παύλου
461 4136 759 4200 ἐπίσκοπος
811 4138 919 4191 τῶν
989 4138 1240 4209 Ἀθήνῃσι
1308 4136 1631 4191 πιστευσάν-

53 4239 155 4275 των
192 4224 533 4279 καθίσταται.

119 4317 506 4371 Συντάττονται
518 4318 693 4373 τοίνυν
707 4318 785 4389 τῷ
809 4320 1059 4393 μακαρίῳ
1073 4318 1351 4391 πολλά’μὲν
1364 4320 1456 4373 καὶ
1468 4320 1554 4372 ἕτε
1564 4336 1629 4390 ρα

58 4412 480 4481 συγγράμματα,
510 4405 584 4465 ὧν
616 4412 680 4483 δὴ
710 4413 805 4465 καὶ
835 4413 1020 4484 μνείαν
1061 4415 1292 4467 ποιεῖται
1340 4414 1433 4465 καὶ
1476 4406 1629 4475 οὗτος

1732 3226 1894 3281 quam
1929 3226 2191 3267 novorum
2240 3210 2626 3265 daemoniorum
2674 3222 3001 3279 praeconem,
3032 3206 3099 3259 ad
3128 3206 3302 3259 Areo-

1734 3305 1853 3375 pagi
1888 3303 2177 3360 concilium
2208 3303 2453 3359 trahunt.
2487 3303 2683 3358 Verum
2722 3311 2850 3355 tunc
2896 3297 3157 3368 temporis
3179 3310 3300 3350 cum

1734 3398 1965 3454 concilio
1993 3398 2280 3453 interesset
2308 3395 2579 3450 maximus
2607 3391 2917 3463 Dionysius,
2952 3389 3161 3459 profert
3186 3403 3304 3443 seu-

1738 3490 1959 3545 tentiam
1974 3492 2370 3561 incorruptam,
2382 3504 2489 3544 non
2506 3487 2707 3550 verbis,
2722 3485 2815 3541 sed
2837 3483 2998 3539 factis
3010 3480 3300 3553 ipsis.Nam

1736 3584 1916 3640 valere
1942 3584 2140 3656 jubens
2165 3583 2359 3639 collem
2387 3582 2559 3645 illum,
2589 3587 2647 3634 et
2674 3578 3014 3648 dignitatem,
3048 3587 3101 3630 et
3147 3573 3305 3644 quid-

1735 3676 1866 3746 quid
1896 3676 1951 3731 in
1982 3691 2049 3732 eo
2079 3672 2289 3731 illustre
2314 3682 2457 3735 erat,
2484 3672 2655 3727 sacris
2682 3669 2831 3725 Pauli
2861 3669 3081 3723 veribus
3109 3679 3304 3720 conce-

1736 3770 1834 3834 dit,
1867 3776 1921 3823 et
1958 3783 2054 3837 per
2082 3767 2255 3838 ipsum
2282 3765 2500 3821 Christo
2558 3760 2942 3833 agglutinatur.
2990 3760 3067 3812 Ac
3112 3755 3304 3811 salutis

1736 3860 1953 3930 quidem
1978 3858 2248 3930 dogmatis
2280 3858 2349 3913 ab
2393 3857 2513 3926 ipso
2544 3854 2813 3918 initiatur,
2849 3851 2942 3906 sed
2990 3865 3019 3904 a
3066 3848 3302 3902 maximo

1737 3954 2034 4009 Hierotheo
2071 3949 2459 4022 magistraliter
2490 3946 2818 4004 instituitur.
2848 3939 3301 4012 quemadmodum

1738 4046 1968 4115 ipsemet
2010 4042 2261 4113 plurimis
2285 4041 2419 4096 locis
2466 4046 2715 4095 testatur.
2744 4033 3093 4089 Postmodum
3138 4029 3301 4085 etiam

1736 4154 1765 4191 a
1800 4135 1966 4191 Paulo
1998 4134 2235 4190 ﬁdelium
2259 4131 2670 4187 Atheniensium
2703 4128 2989 4198 episcopus
3017 4122 3301 4178 constitui-

1735 4239 1789 4285 tu
1796 4246 1842 4285 ι’.

1804 4322 2070 4377 Caeterum
2098 4318 2399 4389 composita
2426 4316 2647 4371 fuerunt
2681 4313 2748 4368 ab
2781 4312 2882 4367 hoc
2914 4317 3103 4365 sancto
3135 4305 3300 4360 multa

1735 4412 1896 4467 etiam
1929 4411 2035 4466 alia
2072 4411 2297 4481 scripta,
2346 4422 2579 4479 quorum
2627 4417 2843 4476 quoque
2892 4401 3119 4469 ipsemet
3149 4412 3302 4451 men-

56 4502 109 4550 ὲν
138 4504 261 4563 ταῖς
310 4503 728 4572 εύρισκομέναις
785 4504 1186 4575 πραγματείαις
1232 4503 1418 4557 αὐτοῦ.
1472 4502 1628 4557 ’Λλλὰ

1801 4520 1937 4558 mem
1970 4504 2098 4559 facit
2126 4504 2178 4558 in
2223 4503 2479 4572 Operibus
2524 4514 2643 4569 qua:
2689 4504 2920 4552 exstant.
2961 4492 3100 4559 Quin
3149 4500 3203 4543 et
3226 4499 3305 4542 te-

56 4591 142 4641 καὶ
172 4596 529 4663 μαρτυρεῖται
584 4592 848 4658 σώζεσθαι
880 4595 1068 4657 ταῦτα,
1101 4596 1205 4658 ἕως
1250 4593 1463 4657 πολλοῦ,
1491 4593 1630 4647 κατά

56 4681 147 4750 τὴν
170 4685 229 4734 ὲν
270 4683 459 4755 Ῥώμῃ
507 4684 853 4757 βιϐλιοθήκην
904 4685 1309 4757 ἀνατεθειμένα,
1341 4685 1544 4757 Γράφει
1572 4684 1628 4738 δὲ

57 4776 119 4826 τὰ
164 4775 394 4829 πλεῖστα
440 4775 579 4847 πρὸς
622 4778 811 4832 τὸνηέν
854 4778 1031 4847 ἀγίοις
1075 4777 1335 4849 Τιμόθεον
1384 4777 1476 4829 τὸν
1521 4775 1626 4830 τῶν

70 4866 323 4934 Ἐφεσίων
351 4869 668 4934 ἐπίσκοπον,
697 4870 802 4923 ὑπὸ
839 4871 945 4925 τῶν
973 4870 1114 4924 κατὰ
1131 4870 1228 4941 τὴν
1259 4871 1490 4938 Ἔφεσον
1530 4867 1636 4937 τῆς

70 4957 304 5030 Ἰωνικῆς
330 4959 647 5029 φιλοσοφίας
672 4960 1049 5032 προεστώτων,
1078 4960 1153 5023 ὡς
1168 4959 1312 5022 εἰκὸς
1356 4957 1635 5027 πάσχοντα

61 5050 371 5122 πράγματα,
401 5052 495 5105 καὶ
518 5053 919 5125 πυνθανόμενον
942 5053 1017 5117 ὡς
1044 5053 1323 5123 εἰδήμονος
1350 5049 1447 5104 τοῦ
1472 5049 1634 5118 ἀγίου

61 5143 146 5212 τῆς
184 5144 523 5216 ἐξωτερικῆς
546 5146 883 5215 φιλοσοφίας,
919 5147 1004 5200 ἵνα
1058 5147 1152 5198 καὶ
1200 5144 1398 5215 μᾶλλον
1435 5142 1637 5212 ἀγωνί-

64 5234 208 5295 ζοιτο.
236 5238 572 5305 Συνάγονται
614 5237 796 5308 μέντοι
841 5239 905 5291 ἐκ
945 5238 1052 5291 τῶν
1098 5235 1510 5309 προειρημένων
1535 5229 1635 5288 τοῦ

65 5322 271 5396 Πατρὺς
290 5328 738 5398 συγγραμμάτων
762 5330 855 5382 καὶ
877 5330 1058 5400 ἕτερα,
1089 5328 1124 5382 ἃ.
1154 5329 1251 5399 οὐχ
1292 5328 1636 5399 εὑρίσκονται

67 5417 179 5486 παρ’
214 5419 350 5487 ἡμῖν
375 5417 525 5471 τάδε·
559 5419 699 5486 Περὶ
770 5418 1097 5488 ἀπελικῶν
1130 5415 1454 5484 ἰδιοτήτων,
1488 5417 1633 5487 Περὶ

69 5506 283 5575 ψυχῆς,
314 5510 454 5576 Περὶ
482 5508 715 5564 δικαίου
733 5510 829 5564 καὶ
866 5512 1025 5566 θείου
1042 5510 1469 5578 δικαιωτηρίου,
1488 5507 1628 5578 Περὶ

136 5735 174 5765 ⁸⁸
205 5739 332 5792 Act.
380 5750 517 5803 xvu,
548 5738 642 5795 54.

1741 4597 1998 4652 stimonio
2028 4594 2436 4665 comprobatum
2464 4600 2569 4657 est,
2603 4590 2717 4643 haec
2769 4587 2930 4656 longo
2954 4593 3203 4652 tempore
3250 4580 3301 4632 in

1739 4687 1985 4742 Romana
2040 4686 2367 4741 bibliotheca
2419 4680 2710 4751 deposita,
2768 4676 2938 4735 fuisse
3004 4679 3300 4728 asservata.

1740 4780 1943 4836 Scribit
2005 4790 2183 4833 autem
2238 4775 2467 4846 plurima
2521 4774 2588 4827 ad
2652 4779 2904 4825 sanctum
2964 4762 3302 4820 Timotheum

1739 4871 2094 4941 Ephesiorum
2124 4870 2459 4938 episcopum,
2489 4879 2518 4918 a
2561 4862 2834 4933 primariis
2881 4859 3081 4912 ionicae
3130 4850 3302 4922 philo-

1737 4962 1942 5031 sophia:
1984 4960 2373 5023 sectatoribus,
2425 4952 2621 5025 Ephesi
2667 4951 2953 5022 plurimas,
2989 4946 3061 5000 uti
3094 4941 3303 4997 verosi-

1740 5053 1867 5106 mile
1893 5061 1996 5113 est,
2029 5049 2304 5104 molestias
2332 5047 2719 5107 sustinentem,
2761 5051 2817 5097 et
2845 5047 3091 5096 sanctum
3133 5035 3299 5095 hunc,

1742 5154 1999 5212 tanquam
2049 5151 2293 5195 externa:
2326 5134 2683 5208 philosophiae
2725 5132 2980 5203 peritum,
3012 5123 3298 5181 consulen-

1739 5242 1869 5296 lem,
1919 5239 1979 5286 ut
2010 5230 2241 5285 validius
2298 5227 2600 5285 dimicaret.
2649 5224 2987 5292 Colliguntur
3027 5230 3188 5286 porro
3231 5228 3299 5268 ex

1738 5322 2013 5396 praedictis
2063 5322 2220 5391 hujus
2280 5320 2458 5375 Patris
2504 5317 2723 5387 scriptis
2780 5313 2940 5367 etiam
2996 5309 3124 5371 alia,
3179 5320 3299 5373 qua:

1737 5416 1878 5486 apud
1909 5430 2009 5471 nos
2057 5416 2278 5472 minime
2320 5412 2688 5482 reperiuntur,
2736 5402 2984 5458 videlicet
3020 5400 3094 5452 De
3136 5410 3297 5464 ange-

1739 5509 1860 5562 licis
1900 5507 2325 5576 proprietatibus,
2375 5504 2448 5559 De
2488 5504 2687 5565 anima,
2723 5496 2797 5550 De
2834 5497 2978 5565 justo
3021 5509 3081 5543 ac
3122 5488 3296 5541 divino
