3748 6390
132 373 257 431 121

1235 376 1319 431 DE
1355 374 1682 431 C(ELESTI
1721 374 2169 439 HIERARCHIA,
2207 373 2359 429 CAP.
2397 373 2440 429 l.

3332 379 3436 433 122

123 509 319 563 τητα,
368 492 465 545 καὶ
504 488 749 545 θεοποιδν
788 488 1087 562 ἁπλότητα.
1141 491 1252 545 Καὶ
1301 490 1412 562 γὰρ
1450 489 1519 555 ἐξ
1563 494 1683 546 αὖτε

1914 488 2171 543 icitatem.
2201 488 2468 555 Quoniam
2501 505 2564 543 ea:
2592 490 2704 559 ipso
2747 499 2797 546 et
2840 491 2898 546 in
2929 507 3102 562 ipsum
3150 504 3271 547 sunt
3316 512 3435 547 om-

124 588 355 642 πάντα
386 589 431 619 ⁸³
465 586 560 641 καὶ
591 588 680 652 εἰς
708 585 917 652 αὑτὸν,
947 584 1025 649 ὡς
1047 588 1076 639 ὁ
1105 586 1247 657 ἱερὸς
1270 585 1373 656 ἔφη
1401 586 1576 652 λόγος.

211 902 439 956 Οὐκοῦν
478 904 684 975 Ἰησοῦν
721 905 1195 978 ἐπικαλεσάμενοι,
1222 906 1288 961 τὸ
1314 908 1576 980 πατρικὸν
1599 908 1746 979 φῶς,

120 992 195 1046 τὸ
234 995 303 1049 ὃν
332 996 401 1049 τὸ
433 998 726 1064 ἀληθινὸν
755 1000 820 1063 ’³,
855 999 886 1053 ὃ
931 998 1158 1069 φωτίζει
1206 1000 1403 1054 πάντα
1434 1000 1746 1070 ἄνθρωπον

120 1086 481 1157 ἐρχόμενον
510 1093 597 1156 εἰς
634 1092 742 1145 τὸν
773 1093 1020 1162 κόσμον,
1044 1094 1111 1147 δι’
1137 1089 1196 1148 οὗ
1222 1095 1321 1166 τὴν
1352 1093 1488 1166 πρὸς
1513 1094 1603 1147 τὸν
1642 1096 1743 1168 ἀρ-

120 1176 387 1245 χίφωτον
434 1180 654 1253 Πατέρα
711 1185 1077 1254 προσαγωγὴν
1116 1185 1462 1255 ἐσχήκαμεν“,
1513 1184 1605 1237 ἐπὶ
1644 1185 1744 1249 τάς

120 1266 248 1319 τῶν
306 1269 619 1341 ίερωτάτων
656 1273 854 1341 λογίων
902 1276 1418 1347 πατροπαραδότους
1447 1275 1741 1347 mattea;

124 1358 212 1421 ὡς
256 1362 486 1429 ἐφικτὸν
514 1365 918 1438 ἀνανεύσωμεν,
950 1366 1165 1431 καὶτὰς
1191 1368 1283 1421 ὐπ’
1320 1367 1498 1420 αὐτῶν
1539 1368 1741 1440 συμϐο-

121 1448 313 1516 λικῶς
339 1454 471 1523 ἡμῖν
502 1456 595 1509 καὶ
631 1458 989 1527 ἀναγωγικῶς
1035 1459 1399 1531 ὲκφανθείσας
1443 1461 1551 1541 τῶν
1579 1465 1739 1536 οὐρα-

122 1541 265 1592 νίων
294 1542 437 1595 νοῶν
468 1544 771 1616 ίεραρχίας,
803 1549 877 1610 ὡς
913 1543 1023 1603 οἷόν
1064 1549 1125 1602 τέ
1156 1551 1344 1621 ἐσμεν,
1391 1550 1739 1608 ἐποπτεύσω-

128 1648 239 1699 μεν
265 1648 280 1661 ⁸
312 1635 410 1686 καὶ
432 1634 531 1705 τὴν
558 1638 794 1708 ἀρχικὴν
835 1641 928 1692 καὶ
962 1640 1296 1711 ὐπεράρχιον
1321 1641 1367 1671 ³⁸
1391 1639 1485 1695 τοῦ
1523 1642 1739 1715 Θεαρχι-

1856 574 1959 636 ηια
1980 580 2033 645 δ,
2067 589 2126 633 ιιι
2157 596 2338 637 sermo
2371 598 2527 638 sacer
2557 583 2651 638 ait.

1758 741 1785 812 ς
1820 739 1882 795 ιι.

1925 903 2288 972 Quamobrem
2328 903 2515 958 Jesum
2560 903 2914 965 invocantes.
2967 903 3019 972 2
3072 904 3162 974 qui
3207 913 3428 973 paterna

1850 1000 1946 1053 lux
1971 1008 2058 1053 est
2084 1015 2226 1063 vera,
2254 1012 2372 1063 qua:
2399 996 2665 1049 illuminat
2693 1008 2898 1048 omnem
2930 994 3192 1049 hominem
3218 998 3431 1051 venien-

1847 1101 1951 1145 tem
1987 1092 2043 1144 in
2069 1092 2207 1144 hunc
2232 1090 2486 1143 mundum
2512 1098 2562 1152 ο,
2590 1102 2687 1156 per
2712 1102 2871 1155 quem
2912 1088 2978 1141 ad
3004 1088 3267 1157 originem
3294 1088 3429 1143 lucis

1849 1185 2065 1240 Patrem
2098 1197 2380 1237 accessum
2412 1181 2766 1245 obtinuimus,
2814 1179 2880 1233 ad
2926 1180 3427 1235 sacratissimorum

1845 1289 1874 1327 a
1910 1274 2164 1329 Patribus
2197 1272 2426 1325 traditas
2481 1271 2822 1339 eloquiorum
2877 1268 3271 1325 illustrationes
3328 1285 3429 1341 pro

1844 1367 2052 1419 viribus
2104 1363 2501 1434 suspiciamus;
2554 1377 2766 1417 necnon
2831 1362 2899 1416 ab
2939 1363 3071 1431 ipsis
3124 1362 3426 1431 symbolice

1844 1459 2004 1512 nobis
2038 1466 2093 1512 et
2124 1456 2422 1526 anagogice
2447 1454 2750 1525 patefactas
2796 1455 3105 1509 caelestium
3160 1454 3425 1507 mentium

1845 1548 2228 1612 hierarchias,
2276 1556 2437 1617 prout
2486 1560 2815 1616 possumus,
2870 1545 3216 1609 intueamur;
3265 1554 3428 1611 atque

1841 1640 2219 1712 principialetn
2248 1648 2304 1693 et
2361 1637 2904 1707 superprincipialem
2936 1637 3133 1699 Patris,
3162 1636 3251 1704 qui
3278 1635 3427 1703 prin-

124 1721 234 1774 κοῦ
282 1725 504 1796 Πατρὸς
532 1728 861 1797 φωτοδοσίαν
892 1729 945 1802 (ἦ
990 1731 1087 1793 τὰς
1117 1732 1222 1785 τῶν
1260 1732 1505 1801 ἀγγέλων
1533 1736 1661 1805 ἡμῖν

1917 1735 2045 1787 tium
2092 1732 2403 1787 Divinitatis
2450 1739 2553 1796 est,
2611 1730 3031 1784 illustrationem
3079 1730 3222 1798 (qua:
3270 1728 3425 1782 nobis

122 1822 473 1882 τυπιυτικοῖς
499 1820 786 1891 συμϐόλοις
814 1823 1058 1892 ἐκφαίνει
1100 1826 1521 1896 μακαριωτάτας
1563 1828 1741 1899 ἱεραρ-

123 1907 308 1977 χίας),
363 1909 550 1974 ἀύλοις
594 1912 687 1964 καὶ
736 1914 999 1985 ἀτρεμέσι
1024 1916 1141 1979 νοὸς
1177 1916 1477 1987 ὀφθαλμοῖς
1503 1918 1738 1985 εἰσδεξά-

130 2017 321 2069 μενοι,
354 2002 515 2055 πὰλιν
550 2003 610 2069 ἐξ
634 2005 808 2075 αὐτῆς
846 2007 939 2060 ἐπὶ
971 2007 1069 2079 τὴν
1108 2007 1287 2078 ἁπλῆν
1325 2009 1495 2079 αὐτῆς
1536 2011 1736 2063 ἀνατα-

126 2092 325 2163 Οῶμεν
366 2095 580 2150 ἀκτῖνα.
611 2097 719 2149 Καί
769 2097 878 2169 γὰρ
916 2098 1037 2151 οὐδὲ
1081 2100 1217 2171 αὐτὴ
1263 2098 1480 2153 πώποτε
1519 2102 1618 2173 τῆς
1660 2104 1737 2156 οι-

126 2187 299 2249 κείας
339 2188 527 2258 ένικῆς
559 2187 836 2260 ὲνδότητος
868 2191 915 2222 ’⁸
955 2190 1329 2256 ἀπολείπεται,
1355 2193 1492 2263 πρὸς
1521 2194 1737 2264 ἀναγω-

125 2276 301 2346 γικὴν
328 2276 384 2329 δὲ
406 2278 449 2307 ³⁸
466 2279 557 2331 καὶ
578 2280 818 2333 ἑνοποιὸν
842 2270 951 2334 τῶν
976 2284 1388 2354 προνοουμένων
1411 2285 1731 2357 σύγκρασιν,

126 2366 541 2440 ἀγαθοπρεπῶς
590 2371 967 2446 πληθυνομένη
1022 2375 1117 2429 καὶ
1168 2376 1455 2448 προϊοῦσα,
1488 2379 1638 2449 μένει
1673 2396 1731 2432 τε

127 2458 286 2511 ἔνδον
316 2457 521 2530 ἑαυτῆς
563 2463 849 2533 ἀραρότως
874 2464 917 2495 ⁸⁷
945 2464 1003 2518 ὲν
1029 2466 1268 2538 ἀκινήτῳ
1296 2467 1585 2538 ταυτότητι
1637 2484 1733 2539 μο-

128 2549 311 2620 νίμως
340 2556 641 2623 πεπηγυῖα,
673 2554 768 2606 καὶ
790 2555 916 2618 τοὺς
940 2556 1026 2608 ἐπ’
1051 2557 1221 2625 αὐτὴν
1262 2556 1336 2620 ὡς
1361 2557 1579 2629 θεμιτὸν
1602 2560 1733 2612 ἀνα-

128 2641 391 2706 νεύοντας
414 2683 429 2707 ,
476 2644 754 2713 ἀναλόγως
791 2646 976 2711 αὐτοῖς
1016 2648 1319 2713 ἀνατείνει,
1362 2650 1454 2703 καὶ
1498 2651 1733 2705 ἑνοποιεί

130 2735 277 2787 κατὰ
308 2735 409 2806 τὴν
436 2736 750 2809 ἁπλωτικὴν
786 2737 958 2809 αὐτῆς
999 2740 1191 2793 ἕνωσιν
1215 2740 1279 2794 ’⁸.
1311 2740 1422 2794 Καὶ
1458 2741 1566 2812 γὰρ
1608 2742 1728 2795 οὐδὲ

127 2826 353 2880 δυνατὸν
385 2828 590 2901 ἑτέρως
634 2832 766 2901 ἡμῖν
814 2830 1119 2902 ἐπιλάμψαι
1158 2832 1257 2903 τὴν
1304 2831 1597 2905 θεαρχικὴν
1629 2834 1729 2887 ἀκ-

129 2921 273 2984 τῖνα,
307 2919 385 2992 μὴ
417 2924 465 2956 ’³
493 2927 560 2997 τῇ
594 2926 833 2995 ποικιλίᾳ
866 2924 975 2977 τῶν
1018 2924 1175 2997 ἱερῶν
1213 2927 1728 2999 παραπετασμάτων

1840 1826 2159 1895 angelorum
2194 1825 2245 1877 in
2294 1822 2545 1893 ﬁguratis
2592 1822 2761 1891 signis
2812 1821 3154 1875 beatissimus
3186 1820 3425 1874 elucitlat

1841 1917 2201 1985 literarcltias)
2252 1915 2704 1969 immaterialibus
2755 1923 2809 1968 et
2859 1913 3171 1968 intremulis
3223 1914 3424 1968 mentis

1838 2010 2014 2066 oculis
2045 2010 2493 2074 intromittentes,
2527 2022 2591 2061 ex
2642 2010 2833 2063 eadem
2883 2022 3072 2060 rursus
3113 2006 3165 2059 in
3210 2004 3421 2073 simpli-

1836 2119 1954 2159 cem
2006 2104 2126 2172 ejus
2174 2103 2385 2156 radium
2441 2103 2788 2157 intendamus
2819 2123 2831 2157 :
2867 2114 3179 2170 quanquam
3246 2115 3423 2169 neque

1838 2195 2069 2264 ipsamet
2104 2208 2341 2262 unquam
2373 2192 2562 2246 intima
2593 2208 2688 2245 sua
2725 2191 2937 2244 unitate
2961 2189 3295 2253 destituitur,
3323 2189 3419 2242 sed

1834 2286 1902 2340 ad
1934 2286 2319 2341 sublimantem
2370 2295 2425 2339 et
2476 2283 2829 2337 uttiﬁcantem
2880 2296 3064 2335 eorum
3092 2281 3185 2350 qui
3230 2280 3416 2349 provi-

1835 2377 2018 2433 dentia
2068 2376 2442 2445 gubernantur
2474 2374 3068 2443 contetnperatiouem,
3123 2372 3288 2432 dum,
3340 2372 3417 2424 uti

1834 2470 2013 2535 decet,
2046 2467 2283 2535 benigne
2315 2466 2713 2535 multiplicatur
2759 2473 2931 2533 atque
2974 2475 3215 2526 emanat,
3249 2463 3417 2518 etiam

1833 2560 1981 2614 intus
2004 2559 2057 2613 in
2090 2559 2384 2630 semetipsa
2419 2557 2688 2613 stabiliter
2729 2566 2932 2620 manet,
2967 2555 3226 2610 immobili
3263 2555 3417 2609 iden-

1834 2654 1995 2707 titate
2022 2652 2278 2707 unimode
2325 2653 2564 2718 ﬁrmata,
2596 2661 2651 2708 et
2682 2653 2749 2707 ad
2792 2667 2851 2707 se
2893 2661 2950 2705 ut
2992 2651 3075 2704 fas
3106 2660 3189 2706 est
3216 2636 3415 2705 atten-

1831 2745 2042 2810 dcntes,
2076 2759 2176 2814 pro
2219 2743 2484 2813 cujusque
2507 2745 2834 2813 capacitate.
2864 2743 3274 2812 simpliﬁcativa
3318 2759 3413 2796 sua

1830 2838 2032 2893 unione
2079 2838 2344 2908 subrigit,
2399 2836 2747 2906 uniﬁcatque.
2806 2837 2995 2906 Neque
3041 2836 3185 2890 enim
3241 2842 3419 2905 potest

1827 2928 1985 2982 aliter
2011 2926 2539 2998 divino-principalis
2565 2928 2654 2983 ille
2677 2929 2860 2982 radius
2886 2927 3045 2982 nobis
3078 2927 3411 2990 illucescerc,

128 3012 493 3082 ἁναγωγικῶς
542 3015 1117 3090 περικεκαλυμμένην,
1163 3020 1258 3072 καὶ
1290 3022 1403 3083 τοῖς
1429 3017 1547 3071 καθ’
1580 3020 1683 3089 ήμᾱ

1918 3020 1933 3074 i
1985 3034 2268 3076 sacrorum
2312 3021 2576 3076 varietate
2618 3021 3081 3091 operimentorum
3113 3019 3415 3088 anagogice

132 3109 363 3180 προνοίᾳ
392 3084 631 3181 πατρικῇ
673 3084 958 3181 συμφυῶς,
987 3084 1080 3165 καὶ
1109 3112 1327 3176 οἰκείως
1340 3084 1683 3183 διεσκευασμι

1914 3111 2135 3178 velatus,
2182 3112 2338 3167 nobis
2385 3127 2607 3182 quoque
2650 3084 2874 3182 paterna
2908 3084 3252 3179 providentia
3285 3084 3416 3164 eon-

132 3211 244 3264 νην.

1828 3203 2154 3261 naturaliter
2183 3218 2248 3260 ac
2277 3206 2495 3275 proprie
2532 3205 2605 3259 sit
2635 3202 3096 3260 accommodatus.

1673 3380 1702 3453 §
1739 3378 1828 3436 ιιι.

198 3492 291 3546 Διὸ
333 3493 431 3547 καὶ
479 3491 579 3564 τὴν
610 3493 909 3567 ὁσιωτάτην
941 3492 1097 3567 ἡμῶν
1128 3496 1431 3570 ῐεραρχίαν,
1479 3500 1512 3569 ἡ
1547 3496 1728 3550 τελετ-

136 3584 292 3657 ἁρχις
324 3584 624 3656 ἱεροθεσία,
663 3587 762 3657 τῆς
800 3586 909 3641 τῶν
935 3587 1202 3661 οὐρανίων
1233 3589 1523 3662 ἱεραρχιῶν
1558 3592 1727 3664 ὐπερ-

137 3680 357 3751 κοσμίου
408 3682 696 3753 μιμήσεως
746 3682 1029 3749 ἀξιώσασα
1056 3722 1070 3749 ,
1123 3685 1218 3739 καὶ
1265 3685 1366 3748 τὰς
1426 3686 1725 3758 εἰρημένας

136 3771 323 3837 ἀῢλους
360 3774 640 3846 ἱεραρχίας
684 3776 891 3840 ὑλαίοις
925 3777 1170 3848 σχήμασι
1214 3767 1307 3832 καὶ
1349 3784 1722 3852 μορφωτικαῖς

140 3865 411 3919 συνθέσεσι
462 3869 845 3927 διαποικίλασα
873 3906 891 3934 ,
948 3869 1350 3941 παραδέδωκεν,
1393 3874 1543 3937 ὅπως
1583 3876 1718 3929 ἀνα-

138 3965 297 4035 λόγως
339 3970 477 4039 ἡμῖν
511 3969 716 4035 αὐτοῖς,
767 3969 876 4023 ἀπὸ
923 3970 1033 4024 τῶν
1085 3972 1394 4042 ἱερωτάτων
1438 3972 1712 4039 πλάσεων,

140 4057 220 4111 ἐπὶ
245 4059 343 4122 τὰς
378 4059 555 4123 ἁπλᾶς
582 4060 677 4113 καὶ
715 4060 1033 4126 ἀτυπώτους
1061 4062 1384 4134 ἀναχθῶμεν
1424 4064 1717 4133 ἀναγωγάς

140 4152 222 4204 καὶ
233 4152 619 4223 ἀφομοιώσεις·
644 4154 766 4206 ἐπεὶ
789 4154 921 4223 μηδὲ
941 4154 1164 4210 δυνατόν
1194 4158 1311 4209 ἐστι
1334 4155 1413 4226 τῷ
1429 4155 1551 4209 καθ’
1568 4158 1717 4229 ἡμᾶς

139 4238 294 4305 νοῒδθ,
336 4240 476 4313 πρὸς
507 4241 607 4312 τὴν
647 4241 808 4295 ἀῦλον
856 4243 1070 4314 ἐκείνην
1109 4245 1442 4317 ἀναταθῆναι
1481 4246 1590 4300 τῶν
1621 4249 1715 4301 οὐ-

142 4331 323 4399 ρανίων
375 4331 668 4403 ἱεραρχιῶν
720 4332 951 4405 μίμησίν
994 4352 1054 4388 τε
1104 4336 1199 4389 καὶ
1240 4335 1492 4409 θεωρίαν,
1537 4341 1585 4392 εἰ
1639 4340 1715 4413 μὴ

1903 3497 2245 3570 Quapropter
2296 3500 2572 3570 primitiva
2620 3502 2712 3557 illa
2759 3502 2959 3556 rituum
3007 3515 3288 3556 sacrorum
3329 3499 3414 3555 in-

1830 3590 2063 3657 stitutio,
2089 3592 2489 3648 sanctissimam
2522 3603 2764 3650 nostram
2799 3594 3167 3650 hierarehiam
3221 3607 3415 3662 super-

1826 3685 2101 3741 mundaua
2135 3686 2441 3742 caalestium
2494 3686 2928 3741 ltierarcltiarum
2978 3685 3290 3741 imitatione
3331 3684 3415 3741 di-

1824 3793 1984 3850 gnam
2018 3794 2271 3844 censens,
2304 3779 2595 3848 praedictas
2627 3777 3018 3833 immateriales
3046 3777 3410 3844 bicrarchias,

1827 3873 2206 3929 materialibus
2238 3874 2425 3944 ﬁguris
2470 3883 2526 3928 et
2575 3872 2885 3927 formativis
2928 3872 3415 3942 compositionibus

1826 3966 2158 4037 variegaado
2209 3966 2578 4035 transcripsit,
2636 3974 2694 4018 ut
2750 3980 2850 4034 pro
2899 3973 3082 4019 nostra
3134 3980 3258 4020 cum
3303 3965 3413 4021 illis

1825 4057 2202 4127 proportione,
2238 4071 2267 4108 a
2302 4054 2696 4110 sacratissimis
2743 4054 3055 4107 ﬁctionibus
3093 4054 3160 4107 ad
3196 4054 3408 4123 simpli-

1823 4162 1915 4203 ces
1959 4150 2255 4217 ﬁgurarum
2304 4156 2557 4216 expertes
2600 4159 2874 4213 anagogas
2927 4152 2984 4198 ct
3022 4144 3413 4199 similitudines

1824 4240 2151 4304 evehuntur;
2182 4239 2621 4308 quandoquidem
2656 4238 2773 4293 ﬁeri
2810 4256 2914 4292 non
2946 4239 3139 4309 possit,
3168 4249 3227 4293 ut
3253 4254 3410 4294 mens

1823 4342 2013 4388 nostra
2060 4334 2128 4387 ad
2188 4332 2605 4386 itnmaterialcm
2651 4330 2796 4384 illam
2836 4332 3141 4387 caelestium
3192 4333 3407 4386 ltierar-

139 4426 194 4493 τῇ
228 4427 347 4477 κατ’
389 4425 553 4478 αὐτὸν
592 4425 752 4497 ὐλαίᾳ
793 4428 1132 4501 χειραγωγίᾳ
1170 4432 1471 4502 χρήσαιτο,
1505 4431 1576 4486 τά
1618 4433 1683 4503 μὲ

1916 4442 2070 4479 arum
2106 4426 2461 4480 imitationem
2494 4442 2558 4481 ac
2603 4426 3123 4509 contemplationem
3156 4427 3407 4482 intenda-

142 4515 426 4586 φαινόμενα
462 4515 655 4587 κάλλη,
691 4517 792 4589 τῆς
839 4519 1081 4589 ἀφανοῦς
1123 4522 1461 4594 εὐπρεπείας
1493 4526 1717 4579 ἀπεικο-

142 4604 355 4674 νξσματα
419 4604 787 4676 λογιζόμενος·
850 4609 943 4661 καὶ
993 4608 1091 4672 τάς
1138 4602 1403 4681 αἰσθητὰς
1467 4611 1713 4676 εὐωδίας,

144 4696 495 4767 ὲκτυπώματα
528 4697 624 4769 τῆς
657 4699 853 4770 νοητῆς
893 4700 1209 4766 διαδόσεως·
1261 4704 1354 4756 καὶ
1401 4705 1501 4777 τῆς
1550 4704 1713 4757 ἀΰλου

144 4788 455 4853 φωτοδοσίας
497 4790 683 4843 εἰκόνα
720 4831 735 4855 ,
774 4790 844 4844 τὰ
891 4792 1052 4846 ὐλικά
1086 4792 1272 4863 φῶτα·
1320 4796 1416 4848 καὶ
1447 4796 1545 4867 τῆς
1574 4796 1718 4850 κατά

144 4878 248 4933 νοῦν
289 4882 636 4955 Θεωρητικῆς
663 4885 1107 4959 ἀποπληρώσεως
1127 4928 1141 4951 ,
1174 4888 1273 4953 τὰς
1313 4890 1610 4958 διεξοδικὰς
1642 4894 1717 4945 ἱε-

146 4971 229 5042 ρὰς
255 4974 554 5048 μαθητείας
579 4994 591 5007 °
629 4977 724 5031 καὶ
748 4977 851 5049 τῆς
883 4979 1205 5052 ἐναρμονίου
1231 4981 1366 5054 πρὸς
1386 4983 1454 5037 τά
1478 4983 1596 5037 Οεῖα
1625 4986 1718 5039 καὶ

210 5129 234 5168 δ
263 5130 416 5185 ιιοιιι.
452 5126 547 5197 ἰι,
598 5132 691 5187 56.
774 5142 796 5171 ε
826 5132 981 5189 Joan.
1011 5150 1051 5201 ι,
1077 5136 1133 5190 9.

1821 4527 1928 4581 tur,
1962 4518 2068 4573 nisi
2100 4534 2131 4574 e
2176 4520 2513 4588 propinquo,
2550 4519 2820 4574 materiali
2860 4535 2955 4573 usa
2998 4519 3167 4574 fuerit
3212 4534 3405 4573 manu-

1820 4613 2077 4669 ductione
2108 4636 2119 4669 :
2147 4614 2439 4685 cogitando
2483 4614 2719 4679 scilicet,
2765 4625 3096 4683 apparentes
3142 4615 3239 4668 ltas
3284 4612 3407 4683 pul-

1819 4706 2180 4772 chritudines,
2216 4722 2545 4778 arcanorum
2596 4722 2719 4760 esse
2765 4708 3023 4759 decorum
3066 4703 3298 4772 eﬂigies;
3339 4721 3404 4758 ac

1822 4799 2051 4854 scnsiles
2076 4800 2307 4853 odorum
2341 4799 2663 4864 suavitates,
2706 4812 2997 4866 expressas
3032 4812 3153 4852 csse
3199 4795 3404 4864 ﬁguras

1824 4891 2084 4961 Spiritalis
2141 4890 2560 4961 dispensationis
2592 4929 2608 4953 ,
2638 4899 2693 4943 et
2752 4889 3130 4944 immaterialis
3163 4886 3401 4941 illustra-

1827 4984 1993 5039 tionis
2038 4985 2276 5055 speciem
2323 4998 2433 5053 prae
2489 4998 2547 5037 se
2600 4982 2748 5036 ferre
2800 4981 3003 5037 lumina
3061 4979 3395 5035 materiata:

1410 5288 1640 5346 VARIAS
1682 5287 2092 5353 LECTiONES.

207 5469 247 5541 ξ’
282 5466 379 5524 Ch.
415 5469 477 5541 Β.
508 5468 576 5541 Ρ.
606 5471 676 5523 τὰ
710 5472 907 5535 πάντα,
955 5474 1137 5541 itaque
1170 5473 1222 5526 in
1260 5471 1447 5537 Paulo,
1486 5472 1642 5541 cujus
1675 5477 1788 5530 lucc
1834 5476 1998 5530 verba
2050 5485 2196 5537 sunt,
2256 5479 2530 5535 scribitur.

2610 5482 2655 5512 ”
2687 5480 2741 5534 In
2794 5477 2974 5531 Budmi
3026 5479 3218 5533 codice
3271 5492 3393 5535 erat

154 5535 346 5619 vitiose,
391 5540 454 5619 τρ
500 5539 632 5619 {ivre
680 5535 1176 5619 dinetvdv,_itatttte
1227 5535 1732 5609 emendavit'bvcm;
1792 5545 2065 5619 ἀληθινόν,
2098 5535 2459 5619 i’acltymeres
2513 5550 2821 5619 netatflegi
2873 5549 2991 5619 sine
3043 5550 3393 5605 diSIinctionc

152 5605 202 5656 τὸ
220 5606 275 5659 ὃν
300 5609 359 5686 τὸ
388 5609 666 5686 ἀληθινόν,
696 5622 752 5665 et
771 5605 904 5667 'cum
925 5605 1295 5686 distinctione,
1325 5623 1617 5686 utrumque
1643 5605 1944 5685 expOIIens.
2025 5617 2069 5648 ”
2110 5617 2181 5669 ita
2210 5605 2518 5686 legendum.
2594 5622 2640 5652 ’⁵
2677 5605 2912 5672 Memmii
2959 5618 3096 5672 liber
3119 5620 3390 5686 ὲνότητος,

156 5689 289 5761 gnam
314 5682 611 5761 lectionem
656 5694 885 5761 secutus
920 5693 1010 5761 est
1046 5684 1242 5761 Scotus
1268 5693 1321 5738 et
1352 5682 1730 5761 Sarracenusf
1791 5687 1965 5761 ’_‘_C|t.
2010 5687 2070 5741 D.
2226 5682 2347 5761 Sir.
2391 5690 2527 5761 πρὸς
2559 5689 2851 5760 ἀναγωγὴν
2889 5687 2969 5742 δέ,
3045 5690 3088 5719 ³⁷
3118 5690 3189 5744 Μ.

3282 5691 3391 5743 ἑνει

157 5743 931 5837 {3.533réa‘yﬁi’liﬁﬁﬁmﬁnsw
984 5755 1277 5837 πιεῖυιίοδφο,
1307 5755 1527 5822 Opino".
1582 5757 1881 5837 Clttltgtltllg
1927 5760 2251 5837 auctoritate
2296 5760 2400 5817 alia
2435 5743 2688 5816 'ni'tatur.’
2756 5743 3059 5815 “Budaeus
3103 5743 3389 5831 aspiravit,

159 5816 318 5889 αὐτῆς.
423 5816 477 5853 ”“
498 5820 561 5880 Β.
592 5816 655 5875 Et
685 5816 1142 5895 MJnterpretes
1174 5827 1277 5880 nisi
1317 5816 1553 5883 vertunt.

1634 5827 1677 5858 ³ο
1708 5827 1811 5891 ett.
1847 5829 1906 5884 ι).
1942 5827 2001 5885 ι».
2034 5827 2131 5900 νῷ,
