3748 6378
175 378 299 435 125
845 375 935 430 DE
966 372 1292 432 C(ELESTI
1325 372 1768 441 HIERARCHIA,
1801 373 1953 431 CAP.
1990 372 2029 429 l.
2067 401 2134 413 —-
2167 369 2490 429 CORDERII
2524 366 2771 426 NOTAE!
3337 368 3442 426 £36

174 506 380 547 rerum
420 488 611 557 prima!
637 488 861 545 Joannis
884 506 938 556 v,
973 487 1089 557 20),
1126 490 1388 553 secundo,
1425 490 1551 558 quia
1599 505 1753 553 vera,
1796 498 1853 544 et
1885 489 2133 559 opposita
2193 487 2347 559 falsis
2384 487 2649 543 doctrinis
2695 486 2979 558 gentilium
3009 494 3065 540 et
3091 484 3441 559 philosopho-

183 572 354 615 rum.
389 561 600 627 Tertio,
633 563 757 628 quia
798 561 983 614 verius
1014 559 1391 628 etperl'ectius
1428 557 1527 614 nos
1558 560 1851 622 illuminat,
1883 557 2047 626 quam
2091 560 2267 613 omnis
2301 558 2390 611 lux
2418 557 2716 625 corporea,
2745 569 2805 613 ut
2853 558 2928 613 sit
2957 557 3271 627 metaphora
3308 557 3322 614 Ξ
3360 563 3439 617 sic

177 628 462 687 Cliristus
486 627 686 685 dicitur
734 644 864 683 vera
904 630 1032 683 vitis
1074 627 1089 668 ¹
1120 646 1135 694 ;
1173 630 1252 684 sic
1300 630 1645 685 Eucharistia
1677 630 1879 685 dicitur
1901 645 2064 684 verus
2092 630 2252 696 panis
2281 640 2342 681 ω.
2449 642 2458 651 ·

270 700 389 765 Qui
420 700 693 753 illuminat
723 716 927 770 omnem
958 700 1241 756 hominem.
1268 701 1430 770 Quia,
1479 700 1654 767 inquit
1683 698 1938 770 Cyrillns,
1996 700 2248 770 omnibus
2296 710 2421 753 actu
2468 699 2560 753 dat
2591 698 2769 770 lumen
2801 698 3049 753 rationis.
3068 698 3281 770 _Verum
3320 700 3436 756 lucc

188 772 411 825 melius
445 771 636 839 accipe
672 770 735 823 de
775 769 978 824 lumine
1008 770 1262 839 spiritali.
1306 768 1542 824 Verbum
1574 767 1740 824 enim'
1769 769 1951 823 Patris
1983 769 2255 839 illuminat
2295 783 2511 823 omnem
2540 767 2814 823 hominem
2847 778 2897 839 ηε
2927 767 3117 839 supple
3173 783 3436 837 quantum

177 840 255 895 in
310 840 438 909 ipso
485 838 587 894 est.
628 838 782 894 Unde
828 840 924 908 qui
970 838 1076 893 non
1110 840 1508 909 illuminantur,
1548 839 1653 893 sibi
1679 842 1989 909 impotenti
2006 838 2340 909 quialnmen
2379 840 2522 904 ﬁdei,
2559 847 2611 892 et
2633 840 2822 907 gratia
2864 838 3065 893 Christi
3100 838 3317 906 oblatae,
3354 856 3436 895 re-

181 907 391 981 cipere
426 909 621 964 nolunt
650 928 663 963 :
691 909 767 981 ita
801 907 943 964 idem
980 908 1240 981 Cyrillus,
1274 925 1396 964 cum
1427 907 1820 981 Chrysostouio
1862 921 1915 964 et
1948 907 2373 981 Theopliylacto.

270 977 387 1033 Per
418 995 566 1051 quem
591 981 658 1051 ad
694 977 1040 1051 apxieurrov,
1060 979 1111 1032 id
1141 989 1244 1040 est,
1277 980 1529 1051 originem
1546 977 1696 1033 lucis
1716 978 1953 1051 Patrem,
1979 977 2246 1051 accessum
2282 978 2616 1051 obtinuimue
2630 978 2791 1051 (unus
2839 978 3290 1051 enimumediator
3339 980 3437 1033 Dei

185 1061 241 1103 et
276 1050 588 1112 hominum,
614 1046 1041 1104 ItontoHC'ltristus
1076 1052 1234 1119 Iesus
1269 1049 1319 1119 ο)
1358 1046 1426 1102 ad
1453 1050 1933 1104 sacratissimorum
1982 1066 2015 1101 a
2052 1046 2303 1101 Patribus
2322 1048 2545 1119 traditas
2568 1046 2915 1117 Eloquiorum
2949 1048 3349 1113 illustrationes,
3382 1051 3435 1103 id

187 1129 287 1172 est
319 1134 516 1172 sacras
547 1120 880 1189 Scripturas,
930 1135 1024 1189 pro
1058 1118 1249 1173 viribus
1272 1118 1665 1187 suspiciamus;
1713 1134 1806 1171 nec
1857 1135 1961 1171 non
1992 1120 2055 1171 ab
2076 1119 2204 1183 ipsis
2244 1118 2526 1187 symbolice
2570 1119 2717 1171 nobis
2761 1128 2809 1172 et
2834 1121 3116 1240 anagugice
3142 1120 3436 1187 patefactus

187 1190 500 1240 caelestium
531 1192 785 1240 mentium
825 1188 1175 1240 hieran/tias.
1206 1200 1358 1240 prout
1396 1206 1697 1240 possumus.
1726 1187 2051 1240 intueamur.
2094 1187 2251 1240 Nam.
2286 1196 2345 1240 ut
2382 1187 2829 1240 Chrvsostomus.
2859 1188 3005 1240 humi
3033 1229 3047 1240 .
3087 1188 3157 1240 26
3188 1189 3241 1240 in
3271 1189 3436 1240 Joan-

186 1190 500 1242 caelestium
531 1187 785 1242 mentium
825 1187 1175 1255 hieran/tias,
1206 1200 1358 1257 prout
1396 1206 1697 1257 possumus,
1726 1187 2051 1243 intueamur.
2094 1187 2251 1253 Nam,
2286 1196 2345 1240 ut
2382 1187 2829 1257 Chrysostomus,
2859 1187 3047 1243 homil.
3087 1188 3157 1242 26
3188 1189 3241 1241 in
3271 1189 3438 1244 Joan-

189 1275 320 1311 nem
349 1260 430 1311 ait
469 1258 533 1291 ³³·
567 1279 580 1315 :
609 1258 781 1313 Omne
820 1259 951 1313 illud
983 1259 1128 1328 quod
1156 1260 1255 1313 sub
1279 1273 1497 1313 sensum
1523 1259 1694 1319 cadit,
1725 1257 2087 1328 substantiam
2141 1257 2453 1328 angelorum
2494 1258 2774 1328 declarare
2818 1273 2925 1311 non
2956 1267 3153 1325 potest,
3187 1261 3282 1313 sed
3310 1276 3434 1315 cor-

187 1342 305 1399 pus
334 1329 481 1394 quod
513 1329 676 1399 habet
703 1326 1119 1383 crassitudinem
1149 1339 1204 1382 et
1223 1329 1486 1399 triplicem
1517 1328 1933 1399 dimensionem.
1960 1326 2111 1399 _U_nde
2139 1326 2300 1399 ﬁtut,
2333 1327 2458 1380 dum
2489 1326 2790 1399 Scriptura,
2822 1328 2889 1381 ad
2915 1338 3132 1395 Captum
3162 1339 3431 1394 nostrum,

185 1398 494 1464 spiritibus
530 1398 871 1467 incorporeis
917 1413 1213 1468 corporeas
1263 1396 1465 1465 ﬁguras
1495 1396 1730 1465 afﬁngit,
1785 1396 1853 1450 iis
1882 1397 2101 1464 quidem
2132 1396 2221 1464 qui
2249 1398 2392 1468 digni
2440 1407 2586 1468 sunt,
2613 1396 2685 1451 'ct
2727 1398 2794 1450 ad
2823 1399 3180 1468 anagogicum
3212 1414 3430 1454 sensum

192 1468 629 1530 transcendunt,
652 1468 984 1529 innotescat,
1012 1467 1237 1536 reliquis
1268 1483 1401 1521 vero
1423 1469 1674 1521 umnilms
1718 1468 1771 1520 in
1811 1481 2013 1521 arcano
2042 1475 2131 1536 _et
2179 1467 2392 1521 occulto
2424 1467 2803 1535 relinquatur“:
2861 1467 3143 1535 quod'illis
3165 1469 3299 1523 visis
3324 1470 3435 1523 alte

188 1537 575 1605 signiﬁcatur.
604 1537 775 1603 Atque
800 1534 1163 1607 principialem
1191 1548 1239 1591 et
1261 1553 1421 1606 supra
1460 1553 1617 1606 quam
1646 1536 2007 1607 principialem
2032 1534 2233 1600 Patris,
2283 1537 2373 1606 qui
2396 1534 2708 1604 principium
2744 1536 3048 1591 Divinitatis
3068 1547 3168 1601 est,
3195 1538 3434 1592 illustra-

186 1608 425 1677 tionem,
458 1607 511 1661 id
539 1616 624 1661 est
660 1605 999 1677 Scripturam
1034 1608 1180 1675 (vide
1210 1605 1393 1675 supra,
1426 1605 1723 1661 Generales
1749 1607 2180 1677 observationes)
2219 1605 2337 1674 quae
2366 1608 2516 1660 nobis
2564 1608 2869 1677 angelorum
2894 1607 2946 1658 in
2972 1607 3220 1676 ﬁguratis
3268 1610 3433 1677 signis

188 1676 542 1746 beatissimus
572 1675 799 1732 elucidat
856 1680 1202 1741 hierarchias,
1236 1678 1287 1731 id
1322 1685 1406 1731 est
1439 1678 1540 1731 sub
1563 1676 1824 1746 symbolis
1846 1687 1899 1729 et
1930 1675 2116 1746 ﬁguris
2151 1678 2449 1730 materiatis
2476 1675 2697 1746 angelos
2751 1675 3035 1739 describit,
3100 1675 3435 1732 immateria-

186 1744 337 1816 Iibus
363 1758 413 1799 et
442 1747 741 1799 intremulis
788 1751 975 1802 mentis
1002 1747 1167 1801 oculis
1209 1744 1637 1809 intromittentes,
1686 1744 2043 1816 abstracte'a
2098 1748 2327 1799 materia
2385 1744 2657 1801 intellectu
2688 1747 3081 1816 concipientcs,
3117 1764 3184 1801 ex
3221 1749 3430 1816 eadem,

189 1814 416 1887 scilicet
444 1817 749 1887 Scriptura,
780 1828 1047 1887 quatenus
1082 1818 1379 1887 symbolice
1408 1827 1515 1884 est,
1547 1826 1602 1887 et
1656 1816 1844 1884 ﬁguris
1894 1815 2188 1887 variegata,
2223 1832 2409 1869 rursus
2451 1819 2520 1869 ad
2572 1814 2862 1885 simplicem
2877 1818 2996 1886 ejus
3022 1819 3235 1871 radium
3261 1814 3436 1871 inten-l

188 1883 415 1951 damus,
449 1885 498 1938 id
523 1883 604 1940 est
634 1883 930 1953 simplicem
955 1886 1075 1955 ejus
1108 1883 1323 1942 sensum
1378 1883 1847 1955 Iitteralem,’sive
1881 1883 2160 1940 veritatem
2212 1888 2310 1939 sub
2342 1886 2526 1953 ﬁguris
2561 1883 2946 1942 illis'latentein
2977 1889 3386 1943 consideremus
3413 1907 3429 1944 :

189 1971 509 2024 quanquam
543 1972 703 2025 neque
733 1958 954 2027 ipsumet
987 1954 1291 2025 Scriptura,
1330 1973 1432 2024 qua
1460 1966 1615 2027 parte
1641 1954 1941 2027 symbolica
1983 1967 2088 2027 est,
2119 1973 2349 2024 unquam
2372 1958 2561 2009 intima
2605 1974 2701 2009 sua
2733 1959 2936 2009 unitate
2978 1960 3325 2024 destituitur;
3378 1960 3432 2013 id

190 2032 282 2098 est
312 2040 593 2094 nunquam
631 2037 715 2080 est
754 2025 873 2081 Sine
898 2028 1089 2081 intimo
1121 2041 1221 2080 suo
1248 2042 1409 2098 sensu
1457 2025 1696 2089 litterali,
1750 2025 1862 2098 qui
1905 2026 2059 2098 omni
2091 2027 2305 2098 sensui,
2346 2027 2505 2080 etiam
2553 2027 2783 2094 ﬁgurato
2822 2036 2877 2080 et
2909 2030 3155 2098 mystico,
3218 2043 3433 2096 semper

192 2095 395 2164 subest
427 2113 441 2146 :
490 2097 580 2149 sed
612 2100 682 2148 ad
720 2099 1089 2151 sublimantem
1114 2107 1159 2150 et
1197 2097 1532 2164 uni/icantem
1557 2110 1736 2149 eorum
1771 2095 1863 2161 qui
1917 2096 2243 2162 providentia
2280 2106 2532 2163 reguntur
2561 2095 3123 2163 contemperationem;
3156 2098 3209 2152 id
3239 2095 3348 2152 cst,
3374 2109 3432 2152 ιιι

194 2163 456 2235 homines
487 2180 515 2217 a
547 2169 777 2221 terrenis
805 2177 859 2220 et
907 2168 1098 2220 divisis
1128 2163 1571 2235 cogitationibus,
1601 2165 1677 2235 ad
1714 2164 1963 2235 coelestia
1996 2170 2179 2235 atumo
2229 2166 2457 2219 collecto
2500 2167 2805 2220 metlitanda
2866 2168 3227 2224 inducantur:
3280 2170 3429 2231 dum,

193 2233 277 2284 uti
307 2236 479 2297 decet,
509 2237 723 2305 benigne
771 2238 1151 2304 multiplicatur
1182 2233 1336 2305 atque
1359 2246 1568 2288 emanat
1596 2252 1613 2299 ;
1670 2234 1723 2287 id
1758 2241 1844 2288 est
1873 2236 1998 2288 dum
2024 2234 2238 2290 decenti
2269 2236 2428 2290 modo
2461 2236 2767 2304 Scriptura,
2830 2236 2940 2291 Deo
2988 2253 3048 2293 se
3096 2238 3330 2303 benigne
3360 2240 3427 2291 ad

191 2312 416 2370 captum
446 2316 688 2359 nostrum
718 2307 1191 2371 accommodante,
1234 2309 1493 2375 ﬁguratus
1521 2321 1583 2377 ac
1624 2306 1871 2359 diversus
1907 2319 2122 2377 sensus,
2147 2321 2270 2358 cum
2303 2306 2622 2377 allegoricos
2648 2316 2759 2360 tum
2804 2308 3036 2362 murales
3081 2319 3136 2362 et
3166 2308 3428 2377 anagogi-

191 2388 291 2445 cos
327 2378 591 2439 continet,
643 2380 802 2429 etiam
861 2378 999 2429 intus
1039 2378 1091 2428 in
1128 2374 1403 2443 semetipsa
1423 2376 1683 2428 stabiliter
1715 2384 1924 2445 manet;
1964 2374 2016 2428 id
2050 2387 2153 2440 est,
2188 2391 2400 2445 semper
2452 2376 2803 2431 intrinsecum
2840 2391 3001 2431 suum
3037 2393 3261 2433 sensum
3278 2374 3430 2432 litie-

196 2443 370 2514 ralem
402 2446 584 2506 habet,
622 2447 877 2500 immobili
904 2447 1181 2499 identitate
1204 2447 1450 2498 unimode
1480 2446 1715 2512 ﬁrmata,
1752 2444 1805 2496 id
1827 2452 1914 2497 est
1944 2446 2036 2514 qui
2086 2443 2360 2514 nunquam
2392 2448 2673 2511 variatur;
2707 2462 2901 2501 sensus
2926 2450 3069 2501 enim
3099 2448 3353 2502 litterulis
3396 2466 3425 2500 a

195 2513 409 2580 Spiritu
442 2524 634 2569 sancto
659 2517 919 2583 pranario
948 2521 1185 2572 intentus
1219 2531 1437 2585 semper
1465 2516 1603 2568 idem
1630 2523 1734 2579 est,
1760 2513 2111 2582 quantumvis
2145 2513 2572 2585 multiplicantur
2613 2531 2805 2571 sensus
2832 2518 3284 2572 accommodativi
3344 2520 3431 2571 vel

195 2585 374 2657 tropis
408 2600 471 2638 ac
508 2587 694 2657 ﬁguris
737 2588 1037 2641 vestiantur
1066 2606 1079 2639 :
1105 2597 1150 2639 et
1174 2656 1179 2657 ν
1201 2589 1270 2639 ad
1298 2584 1373 2650 se,
1406 2596 1461 2636 ut
1496 2584 1576 2651 fas
1600 2594 1700 2657 est,
1740 2584 2089 2657 attendentes,
2121 2601 2217 2657 pro
2256 2584 2507 2656 cujusque
2563 2589 2880 2653 capacitate,
2909 2588 3304 2657 simpliﬁcativa
3329 2605 3429 2642 sua

195 2652 418 2719 unione,
453 2652 660 2725 scilicet
689 2657 915 2723 simplici
951 2673 1047 2711 sua
1072 2656 1323 2716 veritate.
1363 2670 1522 2725 quam
1546 2655 1808 2718 continet,
1837 2654 2057 2725 subrigit
2092 2652 2433 2725 uniﬁcatque,
2469 2652 2664 2725 nempe
2703 2673 2733 2710 a
2789 2652 3022 2712 terrenis
3051 2652 3119 2712 ad
3145 2658 3391 2713 ctelestia
3411 2698 3428 2721 ,

194 2732 266 2797 et
290 2737 320 2773 a
359 2724 596 2797 dividuis
620 2727 1044 2796 cogitatioaibus
1070 2729 1134 2797 ad
1170 2725 1338 2797 animi
1367 2724 1745 2797 collectionem
1770 2724 1943 2797 et_Dei_
1990 2724 2429 2795 conjunctionem
2464 2724 2811 2783 traducendo.
2866 2725 3047 2797 Neque
3076 2730 3217 2781 enim
3266 2738 3429 2797 potest

192 2791 354 2867 aliter
379 2793 479 2867 l_)ei
503 2796 590 2849 itte
628 2791 807 2849 mitius
853 2796 1190 2866 principalis,
1224 2794 1276 2867 id
1308 2807 1391 2849 est
1423 2796 1647 2847 intimus
1692 2793 1785 2867 ille
1827 2791 2123 2867 Scripturie
2148 2808 2361 2862 sensus,
2410 2811 2531 2850 cum
2567 2798 2635 2851 de
2668 2798 2867 2853 divinis
2899 2791 3129 2852 et'mere
3154 2791 3421 2867 Spir-itali-

194 2860 296 2935 lms
328 2865 496 2919 rebus
527 2869 657 2932 agit.
686 2867 831 2919 nobis
853 2860 1181 2928 'illucescere,
1218 2866 1319 2918 nisi
1355 2880 1630 2935 sacrorum
1663 2864 1915 2917 varietate
1949 2860 2389 2932 operimentorum
2415 2868 2700 2935 anagogice
2724 2868 3008 2921 obvelatus.
3043 2860 3202 2932 Nam;
3235 2878 3292 2921 ut
3328 2871 3431 2921 lioc

196 2931 314 2983 loco
339 2935 418 2987 ait
450 2931 609 2989 divus
644 2935 933 3001 Maximus,
963 2938 1084 2991 sine
1119 2937 1260 3006 typis
1311 2945 1367 2990 et
1417 2934 1681 3006 symbolis
1737 2949 1843 2988 nun
1884 2931 2350 3002 pusSumus,dum
2380 2936 2431 2988 in
2462 2931 2690 3005 corpore
2729 2953 2941 3000 sumus,
2966 2941 3217 3005 aspicere
3242 2939 3426 2992 incor—

194 3014 360 3067 porea
387 3014 442 3058 et
475 3007 716 3061 materia:
745 3007 1013 3075 expertia.
1041 3004 1307 3071 Quoniam
1358 3006 1411 3058 in
1460 3010 1563 3075 hoc
1610 3004 1735 3075 vitae
1783 3013 1929 3058 statu
1984 3006 2166 3058 anima
2220 3006 2438 3073 quidem
2483 3004 2719 3075 corpore
2761 3010 2955 3061 vestita
2987 3004 3103 3072 est,
3130 3008 3268 3061 ratio
3298 3022 3430 3061 vero

194 3075 611 3147 imaginatione,
638 3092 789 3131 mens
818 3073 1052 3147 denique
1083 3077 1310 3147 ratione.
1342 3075 1479 3147 Hinc
1522 3073 1862 3147 imaginatio,
1929 3090 2036 3143 qua
2070 3077 2272 3147 utimur
2301 3073 2640 3147 vivimusque
2681 3078 3169 3146 quamplurimum,
3226 3078 3426 3131 intelli-

193 3144 391 3215 gentia:
423 3148 675 3200 notiones
704 3148 926 3201 assidue
958 3143 1296 3201 sensibilium
1322 3143 1652 3215 imaginibus
1679 3145 1892 3211 induit;
1925 3144 2180 3213 quocirca
2206 3146 2504 3214 cognitioni
2536 3143 2758 3207 nostrai,
2786 3143 2892 3202 non
2932 3157 3040 3202 tam
3071 3148 3239 3211 nuda,
3264 3162 3426 3215 quam

195 3213 1089 3283 vestitaquacdamaccommodata
1148 3213 1701 3271 videnturﬁlnduunt
1748 3215 1912 3283 igitur
1962 3215 2243 3282 sapientes
2281 3213 2502 3280 merito,
2548 3218 2699 3271 sicut
2749 3217 3010 3283 diximus,
3073 3213 3428 3272 sensibilibus

192 3282 415 3346 quidem
443 3287 839 3355 intelligibtlia;
876 3289 960 3342 his
995 3301 1122 3342 vero
1154 3287 1358 3341 divina.
1408 3286 1502 3341 Sic
1543 3286 1711 3338 etiam
1755 3282 1909 3356 Plato
1962 3287 2188 3355 provide
2237 3285 2409 3356 jubet,
2446 3289 2723 3341 hominem
2781 3290 2883 3342 sub
2929 3282 3218 3343 tenebroso
3265 3303 3426 3356 specu

193 3357 483 3423 nutritum,
516 3360 582 3409 ad
616 3360 928 3412 intuendam
979 3357 1334 3411 meridianam
1392 3356 1571 3410 lucem
1619 3370 1725 3409 non
1784 3355 1965 3409 subito
1997 3355 2459 3423 compellendum,
2495 3358 2591 3412 scd
2617 3360 3031 3412 monstrandum
3055 3357 3182 3412 huic
3213 3358 3383 3413 solem
3407 3396 3424 3422 ,

191 3422 372 3497 primo
394 3427 613 3494 quidem
638 3430 702 3481 ad
750 3427 987 3481 lucerna:
1024 3428 1206 3481 lumen
1241 3429 1294 3480 in
1328 3440 1511 3497 aqua;
1566 3424 1763 3479 deinde
1800 3425 1853 3480 in
1880 3426 2031 3493 luna,
2065 3422 2166 3497 sub
2198 3437 2356 3481 nocte
2400 3422 2616 3495 serena,
2647 3428 2867 3482 demum
2923 3430 2973 3482 iii
3002 3430 3117 3495 ipsa
3150 3430 3295 3482 aeris
3341 3441 3427 3482 se-

194 3494 427 3615 renitate
487 3498 704 3552 diurna.
763 3498 1045 3554 Similibus
1097 3511 1315 3567 quoque
1368 3494 1631 3567 gradibus
1693 3496 1828 3550 rude
1884 3496 1999 3550 vult
2068 3496 2347 3565 ingenium
2401 3498 2470 3553 ad
2536 3494 3033 3568 contemplandum
3077 3498 3425 3553 Diviuitatem

194 3575 283 3615 uer
322 3580 431 3615 uci.
1661 3612 1664 3613 ν

188 3575 431 3628 pertinet.
1661 3612 1664 3613 ,

260 3631 561 3708 ngbolice
588 3638 735 3692 nobis
761 3649 807 3693 et
834 3638 1123 3708 anagogice
1155 3637 1473 3707 patefactus.
1505 3637 1555 3706 5
1584 3634 1720 3692 Hinc
1746 3647 1969 3693 sanctus
1991 3638 2229 3691 'l‘lzomas
2275 3652 2291 3691 ι
2336 3649 2511 3707 parte,
2546 3648 2736 3707 quaest.
2774 3638 2833 3705 1,
2861 3648 2965 3693 art.
3000 3639 3053 3703 9,
3089 3638 3144 3693 in
3171 3650 3422 3706 corpore,

190 3704 484 3782 Concludit,
516 3704 1052 3782 in_sacra__doclrina,
1105 3704 1227 3762 cum
1253 3704 1567 3782 e‘a_cunctis
1600 3708 1912 3782 hominibus
1943 3711 2309 3782 comnmniter
2338 3704 2705 3782 propulit—itur,
2776 3704 3111 3782 metaphoris
3139 3718 3195 3765 et
3222 3704 3422 3782 corpu-

194 3773 398 3847 ratibus
419 3777 879 3833 similitudinibus
909 3773 1093 3832 divina
1143 3777 1342 3847 exponi
1396 3778 1630 3831 maxime
1679 3781 2010 3832 conveniens
2038 3793 2182 3831 esse.
2247 3773 2392 3833 Deus
2435 3773 2617 3843 énim,
2670 3773 2864 3846 inquit,
2892 3773 3145 3835 omnibus
3178 3773 3427 3847 providet

190 3846 492 3921 secundum
525 3849 668 3921 quod
705 3850 967 3918 competit
1001 3862 1187 3921 eumut
1216 3846 1454 3921 naturai.
1500 3848 1594 3921 Est
1649 3860 1829 3921 autem
1861 3849 2109 3921 naturale
2140 3850 2368 3921 liuiniiii,
2402 3861 2460 3903 ut
2514 3865 2615 3918 per
2651 3850 2936 3905 sensibilia
2963 3852 3030 3904 ad
3064 3846 3424 3921 intelligibilia

192 3917 413 3988 veniat;
445 3918 571 3984 quia
608 3922 784 3972 onmis
813 3917 997 3973 nostra
1028 3917 1267 3986 cognitio
1304 3934 1334 3971 a
1358 3934 1523 3972 sensu
1574 3917 1787 3971 initium
1820 3918 2001 3973 habet.
2066 3919 2218 3975 Unde
2267 3917 2658 3974 convenienter
2698 3922 2749 3972 iu
2784 3936 2942 3975 sacra
2999 3920 3281 3988 Scriptura
3315 3927 3425 3971 tra-

187 3982 391 4037 duntur
443 3982 600 4060 nobis
624 3989 930 4057 spiritualia
967 3990 1066 4043 sub
1098 3982 1436 4060 metaphuris
1465 3988 1854 4056 corporalium.
1882 3988 1949 4041 Et
1981 3990 2085 4044 hoc
2113 4000 2197 4042 est
2224 3990 2368 4059 quod
2400 3991 2543 4042 intra
2588 3991 2748 4059 paulo
2779 4003 2901 4060 post
2945 3991 3081 4043 dicit
3110 3982 3420 4060 Dionysius,

191 4068 294 4105 non
326 4070 484 4123 posse
533 4058 693 4112 aliter
743 4058 1313 4128 divino-principalem
1363 4060 1512 4111 illum
1555 4060 1769 4114 radium
1820 4060 1977 4115 nobis
2040 4058 2377 4124 illuceséere,
2434 4060 2537 4113 nisi
2590 4058 2878 4118 sacrorum
2924 4060 3189 4114 varietate
3241 4058 3422 4126 operi-

193 4136 501 4206 turnturum
551 4131 851 4206 anagogice
898 4125 1236 4184 olivelatuiu.
1281 4125 1514 4186 Badium
1548 4139 1730 4186 autem
1759 4129 2330 4199 divino-principalem
2380 4138 2534 4183 vocat
2558 4130 2734 4198 ipsam
2757 4147 2940 4189 rerum
2968 4125 3291 4184 divinarum
3326 4140 3418 4181 ve—

192 4208 402 4254 I'llalelll
411 4242 425 4255 .

262 4268 431 4326 Porro
456 4276 969 4331 convenientissime
997 4273 1157 4330 nobis
1183 4274 1362 4343 divina
1396 4273 1849 4343 similitudinibus
1872 4268 2250 4343 corporalibus
2296 4268 2589 4343 designari,
2641 4285 2709 4328 ex
2760 4271 3033 4343 Dionysio,
3058 4276 3294 4338 quatuor
3334 4282 3422 4320 ra-

194 4339 427 4396 tionibus
460 4345 651 4414 probat
685 4349 743 4400 Ι).
770 4347 1008 4401 Thomas
1046 4348 1097 4398 in
1124 4347 1217 4401 lib.
1252 4361 1265 4398 t
1324 4342 1584 4407 Sentent.,
1615 4344 1742 4397 dist.
1767 4341 1858 4405 54,
1886 4356 1943 4409 q.
1969 4341 2023 4404 '5,
2056 4339 2287 4414 articulo
2318 4341 2372 4414 1.
2426 4340 2608 4396 Prima
2654 4353 2709 4397 et
2758 4339 3071 4414 principalis
3091 4351 3174 4414 est
3206 4347 3423 4414 propter

191 4414 427 4485 materia:
451 4408 866 4482 sublimitatem,
902 4432 1023 4485 qua:
1052 4418 1223 4471 nostri
1253 4416 1558 4468 intellectus
1586 4408 1938 4481 capacitatem
1973 4412 2210 4485 excedit.
2240 4408 2393 4485 Unde
2432 4426 2541 4465 non
2574 4408 2861 4480 possumus
2893 4408 3072 4467 rerum
3109 4412 3421 4464 divinarum

195 4482 474 4557 veritatem
506 4489 802 4540 secundum
842 4479 1057 4541 modum
1081 4500 1237 4557 suum
1266 4500 1482 4553 capere,
1514 4479 1680 4557 atque
1702 4485 1824 4557 ideo
1847 4490 2073 4557 oportet
2086 4479 2215 4557 illas
2266 4482 2420 4535 nobis
2448 4479 2992 4557 secuiiduininoduut
3023 4490 3273 4557 nostrum
3297 4492 3423 4557 pru-

193 4551 333 4617 puni.
392 4554 491 4607 Est
518 4567 698 4609 autem
727 4558 883 4611 nobis
908 4556 1282 4618 connaturale,
1317 4551 1347 4609 a
1376 4551 1726 4609 sensibilibus
1758 4555 1810 4606 in
1854 4551 2297 4622 intelligibibum,
2328 4563 2383 4605 et
2410 4566 2439 4603 a
2488 4555 2879 4622 posterioribus
2910 4555 2963 4607 iu
3010 4551 3423 4622 prioruiunoti-

195 4632 315 4695 nam
342 4624 625 4691 devenire;
660 4636 715 4679 et
746 4626 950 4681 idcirco
980 4627 1080 4680 sub
1103 4626 1275 4695 ﬁgura
1299 4625 1661 4691 sensibilium,
1698 4622 1849 4678 intell
1872 4620 2056 4691 gibilia
2090 4620 2248 4676 nobis
2278 4620 2680 4689 proponuntur,
2715 4636 2774 4678 ut
2794 4639 2861 4678 ex
2889 4626 2975 4679 his
2998 4620 3118 4691 qua:
3141 4620 3414 4683 novimus,

192 4692 560 4770 adnincognita
590 4712 742 4770 mens
776 4707 959 4751 nostra
984 4692 1192 4770 surgat.
1340 4764 1387 4770 __
1485 4766 1494 4770 Δ
1594 4766 1605 4770 _
1690 4764 1700 4770 _
2230 4762 2285 4770 _,
2698 4767 2707 4770 _
2813 4766 2843 4770 __
2939 4766 2949 4770 _

259 4762 502 4841 Secunda
534 4765 796 4841 ratio_est,
818 4782 969 4841 quia,
1000 4762 1122 4821 cum
1164 4769 1219 4820 in
1267 4764 1422 4821 nobis
1453 4766 1524 4821 sit
1574 4764 1797 4841 duplexA
1824 4778 1950 4841 pars
1991 4762 2395 4841 cognos_citivu,_
2436 4763 2645 4841 scilicet
2695 4766 3023 4841 intellectiva
3060 4774 3115 4817 et
3140 4762 3420 4841 sensitive,

191 4836 418 4901 providit
445 4831 957 4907 divinafSapiei—itia,
1003 4847 1062 4889 ut
1119 4850 1351 4905 utraque
1374 4851 1521 4903 pars,
1551 4831 1730 4902 quoad
1768 4831 1885 4907 ﬁeri
1917 4843 2156 4903 poterat,
2188 4837 2241 4907 in
2289 4832 2495 4907 divina
2526 4836 2896 4891 reduceretur.
2932 4836 3001 4889 Et
3041 4844 3327 4907 propterea
3360 4831 3423 4880 li—

191 4920 344 4969 guras
375 4903 753 4970 corporalium
772 4907 1045 4971 adhibuit,
1077 4922 1198 4975 quae
1224 4903 1480 4962 setisuiva
1512 4917 1667 4975 parte
1696 4906 1814 4974 capi
1844 4914 2092 4974 possunt,
2152 4904 2281 4972 quia
2337 4904 2451 4971 ipsa
2482 4904 2870 4961 intellectualia
2899 4919 3081 4961 rerum
3112 4903 3422 4956 divinarum

189 4974 447 5044 attingere
485 4992 590 5029 non
614 4986 846 5044 poterat.
1096 4974 1103 4975 ί
1513 4974 1527 4975 ί
3016 5027 3022 5031 ,

261 5042 434 5100 Tertia
466 5042 741 5109 ratio'est,
780 5050 909 5116 quia
940 5050 993 5103 in
1022 5049 1133 5104 Deo
1162 5052 1347 5106 verius
1377 5046 1758 5117 cognoscimus
1780 5044 1909 5113 quid
1943 5052 2187 5117 nonest,
2223 5058 2384 5112 quam
2412 5044 2540 5114 quid
2588 5056 2691 5102 est.
2718 5047 2874 5103 Unde
2900 5045 2959 5103 S.
3010 5042 3302 5117 Dionysius
3332 5052 3426 5117 ses

191 5118 363 5189 quenti
396 5134 553 5185 cap.,
582 5117 611 5189 ᾗ
641 5117 675 5171 5
703 5128 751 5183 P,
782 5113 917 5174 dicit
949 5124 1269 5187 negationes
1298 5122 1349 5173 in
1380 5113 1580 5172 divinis
1609 5130 1733 5189 esse
1767 5131 1948 5189 veras,
1983 5114 2372 5189 allit'tnation‘es
2406 5113 2534 5170 vero
2568 5118 2916 5187 incongruus.
2965 5117 3031 5171 Et
3060 5116 3179 5189 ideo
3210 5127 3334 5189 cum
3359 5113 3425 5163 de

191 5186 434 5240 inanibus
459 5184 675 5255 quae'de
707 5190 814 5242 Deo
845 5184 1217 5254 enuntiamus,
1248 5190 1657 5257 intelligendum
1690 5186 1783 5251 sit,
1812 5186 1904 5239 illa
1933 5202 2037 5257 non
2071 5199 2166 5257 eod
2192 5186 2355 5237 modo
2392 5190 2686 5242 convenire
2727 5184 2859 5250 Deo,
2892 5195 3055 5255 prout
3077 5184 3425 5238 inveniuntur

192 5270 247 5305 ιιι
273 5268 556 5323 creaturis,
583 5262 678 5313 sed
702 5274 799 5327 per
829 5261 1063 5328 aliquem
1091 5266 1311 5315 modum
1361 5255 1683 5314 imitationis
1706 5266 1775 5328 et
1828 5255 2224 5321 similitudinis,
2267 5257 2587 5328 ⁸Ιιυλιιειιιυαι
2636 5260 2931 5312 eminentia
2961 5259 3071 5328 Dei
3110 5265 3426 5328 expressws

192 5332 577 5402 ostendebatur
604 5324 793 5398 per—ea
828 5324 948 5399 qua:
978 5335 1152 5401 magis
1184 5332 1470 5385 manifesta
1514 5336 1642 5402 sunt
1666 5327 1735 5379 ab
1763 5328 1915 5402 ipso”
1942 5330 2244 5402 removeri.
2264 5324 2389 5402 llaec
2439 5337 2619 5402 autem
2668 5338 2799 5382 sunt
2828 5324 3154 5402 corporalia,
3185 5333 3243 5377 et
3304 5324 3425 5402 ideo

192 5395 726 5455 conveniendus—iuit
768 5395 1482 5472 speciebus'corporalibus
1527 5400 1710 5455 divina
1740 5395 2064 5465 signiﬁcari,
2119 5404 2178 5449 ut
2233 5397 2318 5450 bis
2349 5398 2687 5455 assuefactus
2713 5402 2950 5453 disceret
2997 5398 3271 5451 humanus
3301 5395 3425 5447 aui-

297 5530 505 5588 lJoan.
558 5534 734 5598 xv,l.
831 5543 872 5571 ιιι
912 5532 1069 5588 .loan.
1122 5546 1200 5597 vi,
1243 5532 1328 5588 56.
1413 5528 1623 5585 n.loan.
1649 5544 1689 5583 ι.
1771 5537 1777 5561 ε

1582 5544 1689 5583 1.1.
1771 5525 1841 5580 οι
1871 5523 2017 5583 Tim.
2047 5540 2110 5591 ll,
2150 5524 2205 5578 5.
2287 5533 2313 5572 P
2351 5521 2481 5577 Cael.
2513 5523 2647 5577 hier.
2696 5538 2815 5595 cap.
2864 5524 2923 5592 2;
2958 5524 3062 5597 δῖ).

1467 5670 1699 5727 VARUE
1733 5665 2136 5724 LECTIONES.

262 5794 320 5823 "'
367 5790 481 5851 Hoc
535 5810 640 5851 non
692 5806 872 5852 exstat
930 5795 982 5850 in
1033 5796 1188 5853 libris
1250 5795 1514 5867 vulgatis,
1564 5797 1659 5853 scd
1714 5796 1915 5851 citatur
1961 5813 1991 5853 a
2039 5796 2406 5867 Cyparissiota
2453 5795 2506 5851 in
2558 5790 2852 5861 Thcolugia
2899 5788 3207 5846 matcriata.
