3748 6378
121 342 243 399 129

659 334 747 388 DE
780 334 1105 391 C(ELESTI
1143 334 1590 401 HIERARCHIA,
1646 336 1817 393 CAP..
1840 334 1879 388 1.
1921 366 1990 376 -
2024 331 2372 388 PARAPHR.
2413 327 2891 386 PACHYMERIE.

3319 331 3424 388 150

207 454 242 526 §
284 455 333 508 Ι.
366 452 540 525 Φησὶν
564 454 594 508 6
627 453 802 526 μέγας
830 453 1106 516 Διονύσιος
1126 452 1266 525 πρὸς
1312 454 1407 508 τὸν
1438 453 1545 506 τῶν
1584 452 1739 523 Ἐφε-

1917 452 1943 523 §
1987 452 2022 511 Ι,
2068 452 2297 521 Magnus
2318 449 2610 520 Dionysius
2660 449 2728 503 ad
2781 447 3146 518 Ephesiorum
3204 449 3424 519 episco-

126 546 285 598 σίων
321 545 629 599 ἐπίσκοπον
671 544 956 616 Τιμόθεον,
992 545 1052 597 ὃν
1111 545 1203 597 καὶ
1259 543 1738 615 συμπρεσϐύτερον

123 637 331 699 καλεῖ,
369 637 535 691 οἱονεὶ
558 636 980 699 συνεπίσκοπον,
1017 636 1094 700 ὡς
1126 637 1219 691 καὶ
1251 636 1443 689 ἐαυτὸν
1503 634 1743 706 πρεσϐύ-

126 745 334 799 τερον,
373 724 486 781 οἷον
521 728 819 781 ἐπίσκοπον
857 727 1022 797 (οὕτω
1055 729 1163 800 γὰρ
1198 729 1294 782 καὶ
1325 732 1354 781 6
1386 728 1599 793 Παῦλος
1624 731 1741 791 ταῖς

126 822 239 891 τῆς
306 821 500 883 Ἀσίας
558 821 988 890 συντασσόμενος
1022 820 1388 893 Ἐκκλησίαις,
1447 822 1630 891 φησὶν,
1666 821 1742 884 ὡς

130 914 194 964 ἐν
230 915 368 974 ταῖς
404 912 643 982 Πράξεσι
698 912 963 985 φέρεται),
999 902 1133 982 φησὶ
1166 913 1368 975 τοίνυν,
1418 912 1741 983 δανεισάμε-

130 1024 233 1070 νος
267 1008 339 1058 ἐκ
362 1005 461 1058 τοῦ
510 1004 764 1059 Ἰακώϐου
798 1004 859 1059 τὸ
895 1006 1204 1078 προοίμιον,
1239 1007 1321 1059 ὅτι
1345 1008 1494 1061 πᾶσα
1529 1008 1741 1080 παροχὴ

135 1099 391 1167 ἀγαθοῦ,
456 1100 549 1152 καὶ
600 1101 709 1153 πᾶν
741 1101 987 1171 χάρισμα
1048 1099 1273 1164 τέλειον,
1310 1101 1405 1152 καὶ
1457 1099 1741 1163 ἀνελλιπὲς

134 1192 377 1253 πάντως
409 1190 531 1243 καθ’
550 1190 701 1253 αὐτὸ,
732 1191 855 1243 ἐπεὶ
888 1188 1039 1261 παρὰ
1071 1189 1170 1260 τὴν
1201 1190 1309 1243 τῶν
1332 1190 1744 1261 ὑποδεχομένων

136 1283 267 1348 ἕξιν
330 1283 597 1347 πολλάκις
660 1283 931 1335 ἐλλείπει·
994 1282 1087 1336 καὶ
1143 1284 1205 1336 ού
1260 1283 1355 1336 τοῦ
1408 1283 1745 1354 χαρίσματος

138 1373 348 1439 τοῦτο,

140 1470 277 1523 καθ’
321 1470 448 1522 ὅσον
502 1468 588 1524 οἵα
620 1470 681 1523 τέ
733 1472 899 1525 ἐστιν.
963 1471 1051 1533 Ὡς
1110 1468 1219 1541 γὰρ
1271 1472 1299 1523 ὀ
1358 1470 1518 1533 αὐτὸς
1572 1470 1744 1540 ἥλιος,

143 1562 443 1631 διαφόροις
490 1562 871 1633 ὑποκειμένοις
924 1561 1290 1627 ἐπιπολάζων,
1344 1562 1530 1633 ἕτερον
1561 1562 1746 1633 ἐτέρου

146 1654 322 1706 πλέον
376 1653 686 1725 θερμαίνει,
749 1655 843 1706 καὶ
902 1655 964 1706 οὐ
1012 1654 1105 1707 τοῦ
1160 1655 1310 1726 ἡλίου
1370 1654 1560 1717 τοῦτο,
1614 1652 1750 1706 ἀλλὰ

145 1746 262 1797 τῶν
299 1746 714 1816 ὑποδεχομένων
770 1746 862 1800 τὸν
922 1748 1108 1817 ἧλιοψ
1161 1747 1303 1800 οῦτω
1354 1748 1447 1800 καὶ
1495 1746 1555 1798 τὸ
1605 1746 1747 1798 θεῖον

426 1374 564 1428 ἀλλὰ
627 1376 727 1446 τῆς
784 1374 1060 1446 ἡμετέρας
1118 1374 1403 1445 δυνάμεως
1465 1374 1749 1447 χωρούσης

1840 559 1966 613 pum
1997 544 2369 607 Timmlreum,
2408 559 2568 610 quem
2594 553 2651 598 et
2669 540 3203 612 compresbyterum,
3258 540 3310 594 id
3340 551 3427 595 est

1842 636 2246 705 coepiscOpum,
2278 644 2459 698 vocat,
2491 638 2634 690 sicut
2674 637 2786 703 ipse
2816 649 2874 688 se
2917 635 3292 704 presbyterum
3327 649 3424 687 seu

1842 731 2157 798 episcopum
2191 734 2340 795 (nam
2376 736 2429 779 et
2459 727 2649 783 eodem
2676 729 2836 781 modo
2878 726 3079 781 Paulus
3114 727 3256 781 Asia:
3278 742 3425 780 coru-

1843 836 2052 890 ponens
2079 819 2353 873 Ecclesias
2383 820 2637 887 loquitur,
2675 830 2731 871 ut
2764 819 2825 873 in
2848 820 2999 875 Actis
3067 820 3303 873 refertur
3341 822 3421 888 1ι).

1842 927 1909 966 ex
1959 912 2166 968 Jacobo
2207 913 2532 982 proamrium
2582 914 2878 967 mutuando
2907 914 2983 966 ait
3008 930 3023 967 :
3053 913 3220 967 Omne
3239 915 3424 966 datum

1846 1004 2060 1068 bonum,
2090 1016 2136 1058 et
2168 1022 2320 1059 omne
2380 1005 2584 1058 donum
2610 1006 2899 1074 perfectum
2929 1018 2981 1068 ιι,
3013 1016 3068 1060 et
3104 1005 3426 1060 indeﬁciens

1848 1098 1899 1151 in
1932 1097 2249 1167 semetipso,
2274 1100 2490 1152 tametsi
2517 1115 2612 1169 pro
2638 1100 3046 1168 suscipientium
3087 1100 3424 1161 habitudine,

1848 1205 2229 1257 saepenumero
2289 1191 2548 1245 deliciat:
2610 1193 2751 1259 quod
2788 1192 2977 1259 utique
3024 1206 3132 1245 non
3184 1208 3249 1245 ex
3282 1192 3427 1245 dono

1849 1281 2143 1350 provenit.
2209 1282 2304 1336 sed
2364 1298 2428 1336 ex
2488 1281 2699 1336 viri‘bus
2735 1284 2964 1347 nostris,
3023 1298 3143 1350 qua:
3204 1284 3429 1351 capiunt

1848 1382 2114 1441 quantum
2148 1381 2397 1441 possunt.
2428 1371 2894 1439 Quemadmodum
2921 1376 3069 1427 enim
3102 1374 3215 1443 ipse
3242 1374 3291 1444 7
3316 1371 3424 1436 sol,

1849 1462 2080 1516 diversis
2106 1464 2268 1516 rebus
2330 1463 2566 1517 subditis
2620 1478 2929 1533 apparens,
2989 1464 3219 1517 alterum
3254 1464 3428 1517 altero

1852 1554 1973 1623 plus
2002 1554 2274 1617 calefacit,
2311 1554 2471 1623 idque
2504 1570 2609 1608 non
2660 1555 2730 1609 ob
2763 1555 2920 1620 solis,
2949 1555 3046 1609 sed
3078 1569 3265 1607 eorum
3307 1571 3429 1623 qua:

1830 1645 2023 1701 solem
2058 1646 2343 1714 excipiunt
2368 1647 2747 1701 diversitatem
2777 1664 2791 1699 :
2849 1646 2931 1700 sic
2957 1647 3144 1714 utique
3186 1647 3428 1700 divinum

1853 1738 2053 1790 donum
2085 1753 2208 1791 cum
2240 1738 2314 1797 sit
2368 1737 2699 1807 perfectum,
2750 1753 2848 1807 pro
2897 1739 3431 1808 suscipientiumca-

146 1834 389 1907 δώρημα
420 1836 622 1889 τέλειον
653 1835 733 1900 ὃν,
758 1836 900 1889 κατὰ
927 1839 1054 1901 τοὺς
1081 1837 1505 1909 ὑποδεχομένους
1527 1836 1742 1906 ὑφίεταί

1918 1828 2085 1881 citate
2118 1829 2204 1881 vel
2240 1831 2543 1882 remittitur
2572 1830 2651 1883 vel
2692 1830 3016 1885 intenditur.
3075 1828 3243 1883 Omne
3268 1830 3430 1901 igitur

148 1946 210 1982 τε
260 1931 357 1983 καὶ
412 1929 756 1982 ἐπιτείνεται.
810 1928 941 1984 Πᾶν
997 1930 1177 1983 τοίνυν
1230 1929 1461 1983 τέλειον
1506 1927 1745 1996 δώρημα

150 2022 489 2088 οὐρανόθεν
517 2020 670 2084 ἐστί,
718 2022 1159 2091 κατερχόμενον
1188 2019 1304 2075 ἀπὸ
1351 2020 1459 2074 τοῦ
1488 2019 1605 2073 τῶν
1628 2019 1745 2089 φώ-

150 2130 273 2166 των
306 2114 558 2181 Πατρός.
595 2112 814 2185 Πατέρα
842 2114 898 2166 δέ
928 2114 1038 2166 τῶν
1075 2112 1270 2184 φώτων
1325 2114 1476 2182 λέγει
1500 2113 1593 2166 τὸν
1614 2112 1745 2167 Θεὸν

102 2252 105 2253 ,
150 2204 180 2255 6
217 2204 396 2275 μέγας
437 2205 709 2269 Ἰάκωϐος,
765 2205 841 2268 ὡς
900 2205 1119 2278 Πατέρα
1147 2205 1469 2276 οἰκτιρμῶν,
1522 2207 1614 2260 τὸν
1647 2206 1745 2258 αὐ-

150 2294 338 2362 τοφῶς
370 2294 519 2357 ὄντα,
555 2296 651 2348 καὶ
684 2294 1015 2367 δημιουργὸν
1062 2296 1157 2349 καὶ
1217 2296 1611 2367 συντηρητικὸν
1636 2296 1746 2349 τῶν

154 2386 352 2456 φώτων
374 2404 389 2417 ·
425 2388 608 2460 πατὴρ
638 2388 747 2461 γάρ
784 2391 934 2441 ἐστιν
989 2390 1017 2442 6
1050 2388 1315 2459 παράγων
1349 2389 1441 2441 καὶ
1461 2386 1645 2460 τηρῶν
1674 2386 1746 2441 τὰ

154 2478 213 2544 ἐξ
247 2477 419 2531 αὑτοῦ
440 2498 452 2509 ·
491 2480 634 2533 οὕτω
667 2481 760 2533 καὶ⁵
789 2482 817 2532 6
867 2479 1004 2544 Θεὸς
1055 2480 1246 2551 Πατὴρ
1278 2479 1387 2532 τῶν
1422 2478 1635 2549 φώτων,
1671 2480 1747 2545 ὼς

156 2572 251 2622 καὶ
286 2571 469 2642 πάσης
502 2572 736 2636 κτίσεὼς
768 2574 883 2625 ἐστι
945 2573 1294 2644 δημιουργός.
1358 2574 1471 2626 Οὐκ
1512 2569 1633 2626 εἷπε
1666 2573 1742 2637 δὲ,

159 2661 349 2733 Πατὴρ
403 2663 657 2734 οὐρανοῦ,
721 2663 844 2716 ούτε
893 2663 1019 2734 γῆς,
1085 2663 1222 2717 ἀλλὰ
1268 2663 1483 2734 φώτων,
1538 2664 1626 2717 διὰ
1683 2663 1747 2716 τὸ

159 2754 555 2824 προκείμενον,
620 2755 700 2808 ὅτι
755 2754 849 2807 καὶ
910 2754 979 2808 τὰ
1038 2754 1338 2827 δωρήματα
1399 2754 1744 2825 ἐκφωτισμοῦ

158 2843 303 2896 θείου
338 2847 452 2907 τοῖς
485 2843 795 2916 ἀνθρώποις
827 2845 1152 2915 ἐγγίνονται.
1176 2842 1375 2899 Τοῦτον
1407 2846 1497 2900 τὸν
1531 2846 1747 2916 Πατέρα

156 2935 266 2986 τῶν
318 2934 533 3004 φώτων,
584 2936 941 3009 παρακατιὼν
974 2938 1069 3001 κα).
1115 2936 1397 3000 ἀπολύτως
1450 2936 1607 2991 καλεῖ
1631 2938 1746 2990 Πα-

158 3027 292 3097 τέρα
351 3028 532 3098 μόνον,
583 3029 733 3096 πρὸς
780 3029 895 3098 τὴν
950 3030 1056 3083 τοῦ
1116 3030 1470 3100 συναγωγοῦ
1517 3029 1747 3097 Πατρός

163 3116 423 3184 ἑνότητα
457 3116 654 3184 λέγων,
683 3117 759 3180 ὡς
790 3117 1123 3189 δημιουργὸν
1167 3118 1263 3171 καὶ
1328 3118 1557 3187 συνοχέα
1590 3118 1745 3189 ἡμῶν

161 3226 219 3261 τε
247 3210 340 3262 καὶ
395 3210 576 3280 πάσης
626 3209 893 3273 κτίσεως·
946 3210 979 3281 ἢ
1025 3211 1117 3263 καὶ
1158 3208 1332 3272 ἄλλως
1383 3208 1602 3280 Πατέρα
1636 3208 1747 3278 φώ-

161 3318 288 3367 των,
324 3300 454 3353 Υἱοῦ
488 3318 547 3353 τε
604 3303 695 3354 καὶ
743 3301 1065 3373 Πνεύματος
1120 3300 1383 3371 δηλονότι.
1452 3300 1612 3353 Ἀλλὰ
1646 3301 1746 3353 καὶ

165 3394 307 3445 πᾶσα
359 3392 667 3463 θεοκινήτου
704 3392 1050 3463 φωτοχυσίας
1097 3390 1439 3462 προέλευσις,
1474 3390 1553 3452 είς
1592 3390 1742 3460 ἡμᾶς

162 3482 217 3549 ἐξ
278 3482 609 3553 ἀγαθὸτητος
662 3480 1107 3554 παραγινομένη,
1171 3480 1331 3533 πάλιν
1385 3480 1461 3543 ὡς
1506 3480 1747 3544 ὲνοποιὸς

161 3574 296 3646 αὕτη
362 3575 589 3644 δύναμις·
632 3576 821 3643 ἀνάγει
880 3575 1047 3644 ἡμᾶς,
1080 3573 1173 3626 καὶ
1207 3571 1456 3637 ἁναπλοῖ,
1492 3571 1585 3623 καὶ
1630 3572 1746 3625 ἐνο-

164 3667 322 3730 ποιεῖ,
379 3666 472 3717 καὶ
526 3666 588 3719 τὸ
638 3667 941 3737 ἐνοφρονεῖν
993 3664 1421 3734 παρασκευάζει,
1492 3663 1585 3716 καὶ
1636 3663 1745 3717 ἀπὸ

161 3754 266 3808 τῶν
316 3756 491 3826 γηῖων
548 3754 867 3828 ἐπιστρέφει
935 3754 1071 3826 πρὸς
1132 3755 1231 3826 τὴν
1277 3754 1372 3807 τοῦ
1424 3753 1741 3825 συναγωγοῦ

162 3844 291 3897 Θεοῦ
324 3845 537 3916 Πατρὺς
570 3845 821 3915 ἑνότητα,
888 3846 984 3899 καὶ
1017 3843 1264 3898 θεοτωιὸν
1297 3842 1598 3913 ἁπλότητα.
1626 3842 1743 3895 Μέ-

161 3937 379 4009 χριγὰρ
410 3937 601 3990 τούτου
649 3939 1039 4010 κεχωρισμένοι
1089 3939 1208 3999 ταῖς
1254 3934 1500 4005 γνώμαις
1553 3934 1739 4004 ἐσμὲν,

160 4030 262 4093 ἕως
291 4024 351 4083 οὗ
394 4030 533 4083 κατὰ
586 4031 792 4102 κόσμον
854 4029 1281 4101 περιπατῶμεν
1341 4029 1470 4081 ὅταν
1501 4026 1558 4079 δέ
1608 4027 1743 4097 πρὸς

160 4122 289 4175 Θεὸν
318 4123 709 4195 ἁνυψωοῶμεν,
745 4125 867 4177 τότε
928 4123 988 4176 ἓν
1047 4120 1315 4192 γινόμεθα
1372 4123 1429 4175 ἐν
1472 4121 1611 4193 Θεῷ,
1646 4121 1742 4175 καὶ

161 4216 337 4286 χάριτι
390 4216 535 4269 κατὰ
556 4216 654 4287 τὴν
688 4217 969 4289 ἁπλότητα
988 4214 1399 4287 θεοποιούμεοα,
1431 4212 1615 4278 καθὼς
1648 4213 1743 4267 καὶ

161 4308 187 4359 6
222 4300 425 4378 Κύριος
478 4304 618 4377 πρὸς
669 4306 761 4360 τὸν
818 4307 1013 4360 ἑαυτοῦ
1077 4307 1295 4378 Πατέρα
1355 4306 1551 4376 φησὶν,
1610 4307 1742 4358 Ἵνα

163 4395 308 4449 ὦσιν
366 4396 460 4461 ἒν,
510 4397 705 4459 καθὼς
750 4397 849 4451 καὶ
901 4398 1073 4468 ἡμεῖς
1120 4399 1190 4451 ἓν
1212 4399 1419 4467 ἐσμεν.
1482 4397 1554 4450 Τὸ
1586 4396 1736 4465 γοῦν,

1846 1923 2044 1975 donum
2073 1921 2363 1990 perfectum
2396 1924 2678 1978 desursum
2700 1935 2795 1988 est,
2848 1924 3162 1978 descendens
3204 1939 3236 1975 a
3271 1919 3432 1974 Patre

1845 2009 2106 2064 luminum
2141 2018 2186 2065 ν.
2204 2009 2420 2068 Patrem
2455 2022 2638 2075 autem
2680 2013 2948 2068 luminum
2983 2029 3214 2082 magnus
3237 2012 3325 2067 ltic
3348 2010 3433 2065 Ja-

1848 2101 2016 2155 cobus
2031 2101 2198 2157 Deum
2229 2112 2407 2168 vocat,
2434 2112 2619 2174 utpote
2651 2099 2866 2160 Patrem
2902 2105 3429 2169 misericordiarum,

1846 2193 1937 2263 qui
1970 2202 2025 2247 et
2064 2195 2291 2264 ipsemet
2335 2196 2423 2251 lux
2480 2205 2585 2261 cst,
2612 2207 2670 2252 et
2709 2208 2933 2253 creator
2971 2213 3035 2253 ac
3067 2208 3431 2253 conservator

1846 2286 2111 2342 luminmn
2143 2306 2156 2343 :
2196 2300 2352 2357 pater
2377 2291 2527 2346 enim
2567 2300 2651 2346 est
2682 2292 2772 2359 qui
2803 2292 3121 2360 producitel
3143 2300 3434 2347 conserVat

1846 2393 1967 2447 quae
1995 2393 2062 2433 ex
2112 2379 2230 2447 ipso
2260 2389 2427 2446 sunt;
2458 2382 2537 2435 sic
2570 2389 2625 2435 et
2657 2381 2798 2435 Deus
2826 2380 2989 2436 Pater
3019 2382 3312 2447 luminum,
3370 2393 3433 2437 ut

1849 2473 1938 2541 qui
1976 2472 2156 2526 omnis
2185 2483 2460 2528 creatum
2480 2474 2735 2529 conditor
2758 2475 3015 2530 exsistat.
3040 2476 3157 2530 Non
3183 2476 3319 2530 dixit
3341 2492 3435 2529 au-

1852 2575 1979 2629 tem,
2031 2564 2193 2620 Pater
2233 2567 2382 2632 coeli,
2413 2583 2590 2636 neque
2623 2578 2803 2632 teme,
2848 2568 2944 2624 sed
2985 2569 3274 2632 luminum.
3310 2585 3435 2639 pro-

1850 2665 1975 2724 pter
1999 2658 2345 2727 propositum
2372 2676 2387 2723 ;
2413 2660 2671 2727 quoniam
2701 2661 2865 2714 etiam
2898 2664 3036 2717 dona
3087 2676 3155 2715 ex
3190 2662 3432 2717 illustra-

1848 2750 1997 2803 tione
2035 2750 2219 2806 divina
2277 2750 2593 2807 hominibus
2647 2752 2960 2823 obtingunt.
3011 2754 3166 2809 Hunc
3212 2754 3431 2811 Patrem

1849 2839 2111 2894 luminum
2150 2842 2200 2896 in
2232 2843 2465 2898 decursu
2505 2844 2671 2898 etiam
2728 2846 2979 2901 absolute
3006 2846 3181 2900 solum
3212 2845 3429 2916 Patrem

1850 2935 2123 3002 nominat,
2205 2935 2433 2989 dicens:
2465 2934 2546 2990 Ad
2583 2941 2842 2991 unitatem
2887 2937 3068 2992 Patris
3111 2955 3434 3008 congregau—

1848 3024 1957 3083 tis.
2006 3035 2065 3079 ut
2117 3026 2209 3094 qui
2278 3036 2494 3081 creator
2560 3029 2629 3081 sit
2692 3043 2759 3081 ac
2814 3042 3172 3084 conservator
3243 3040 3432 3086 noster

1848 3118 2137 3185 omnisque
2168 3128 2473 3174 creaturae:
2503 3133 2814 3189 quanquam
2866 3122 3032 3176 etiam
3077 3122 3214 3178 alias
3267 3122 3432 3179 Pater

1850 3206 2115 3263 luminum
2152 3209 2248 3273 sit,
2304 3209 2517 3264 scilicet
2543 3210 2662 3265 Filii
2706 3227 2771 3265 ac
2821 3212 3061 3282 Spiritus
3086 3216 3286 3271 sancti.
3320 3214 3428 3269 Scrl

1848 3308 1903 3354 et
1924 3302 2106 3355 omnis
2137 3315 2166 3353 a
2201 3299 2311 3353 Deo
2338 3302 2744 3370 proﬁciscentis
2774 3305 3162 3360 illustrationis
3194 3322 3429 3377 proven-

1850 3401 1958 3458 tus,
1995 3393 2062 3447 ad
2096 3408 2195 3448 nos
2225 3408 2291 3447 ex
2320 3394 2566 3451 bonitate
2596 3398 2902 3463 dimanans,
2935 3400 3134 3463 denuo,
3155 3415 3255 3454 ceu
3286 3402 3432 3469 ipsa—

1850 3494 1963 3540 met
1998 3485 2081 3540 vis
2114 3487 2345 3549 unitica.
2382 3503 2597 3544 sursum
2622 3505 2721 3545 nos
2751 3490 2950 3555 elevat.
2983 3490 3425 3562 simpliﬁcatque,

1849 3585 1905 3630 et
1942 3576 2072 3645 quid
2120 3593 2289 3631 unum
2331 3577 2488 3643 facit,
2538 3588 2703 3648 atque
2764 3581 2831 3634 ad
2889 3597 3052 3635 tinum
3103 3583 3426 3654 sapiendum

1849 3667 2114 3723 informat
2142 3686 2155 3733 ;
2190 3684 2293 3723 nec
2319 3684 2426 3723 non
2454 3685 2485 3724 a
2517 3671 2750 3725 terrenis
2797 3673 3073 3727 convertit
3103 3673 3169 3727 ad
3198 3689 3429 3745 congre-

1850 3759 2031 3829 gantis
2057 3758 2149 3813 Dei
2184 3758 2369 3815 Patris
2394 3761 2686 3826 unitatem,
2727 3777 2791 3816 ac
2823 3761 3075 3818 deiﬁcam
3105 3765 3429 3835 simplicita-

1846 3859 1977 3907 tem.
2015 3852 2089 3906 Eo
2113 3852 2257 3907 enim
2297 3870 2467 3923 usque
2490 3856 2780 3909 sententiis
2806 3855 3161 3922 dissidemus,
3187 3860 3424 3926 quamlin

1845 3944 2144 3998 secundum
2199 3946 2459 3998 mundum
2505 3946 2889 4000 ambulamus:
2934 3950 3153 4014 quando
3208 3964 3337 4002 vero
3360 3950 3428 4004 ad

1844 4035 2015 4091 Deum
2048 4037 2312 4105 assumpti
2343 4037 2779 4103 fuerimus,tunc
2805 4056 2970 4094 unum
2996 4055 3186 4095 sumus
3215 4042 3266 4095 in
3294 4042 3426 4107 Deo,

1844 4136 2005 4195 atque
2030 4127 2146 4197 ejus
2169 4130 2345 4200 gratia
2378 4144 2475 4200 per
2493 4130 2901 4199 simplicitatem
2929 4131 3279 4197 deificamur,
3310 4135 3420 4189 sic-

1844 4229 1902 4275 ut
1967 4221 2132 4275 etiam
2164 4222 2423 4278 Dominus
2469 4224 2539 4278 ad
2591 4223 2809 4280 Patrem
2841 4239 2999 4279 suum
3051 4226 3166 4280 ait:
3220 4225 3287 4281 Ut
3320 4228 3428 4281 sint

1843 4329 2029 4377 unum,
2059 4316 2195 4369 sicut
2226 4324 2273 4369 et
2314 4332 2408 4369 nos
2468 4333 2630 4370 unum
2682 4333 2866 4372 sumus
2912 4330 2960 4370 κ.
3021 4318 3161 4373 lllud
3219 4319 3424 4387 itaque,

1848 4402 2017 4458 Omne
2053 4406 2250 4459 donum
2280 4419 2345 4461 ex
2377 4407 2509 4470 Deo,
2544 4422 2609 4460 ex
2632 4406 2835 4463 Jacobo
2860 4408 3126 4478 sumpsit;
3156 4408 3302 4464 istud
3326 4424 3425 4463 au-

165 4482 285 4540 Πᾶν
305 4485 545 4555 δὼριιυια
570 4489 634 4539 ἐκ
682 4487 839 4552 Θεοῦ,
880 4488 945 4541 ἐκ
989 4488 1084 4540 τοῦ
1130 4486 1389 4540 Ἰακώϐου
1423 4485 1645 4556 εἴληφεδ
1680 4485 1742 4538 τὸ

1917 4511 1978 4563 n,
2024 4495 2290 4562 Quoniam
2315 4513 2477 4553 omne
2500 4499 2700 4554 bonum
2741 4501 2791 4553 in
2821 4501 2996 4570 ipsum
3032 4501 3223 4568 tendit,
3250 4511 3304 4554 et
3328 4515 3426 4554 nos

164 4579 238 4642 δὲ,
271 4580 388 4631 ’Ὁτι
423 4579 519 4631 καὶ
552 4581 659 4633 πᾶν
687 4578 893 4648 ἀγαθὸν
938 4581 1016 4643 είς
1047 4579 1210 4634 αὐτὸν
1243 4579 1430 4642 τείνει,
1456 4579 1549 4631 καὶ
1590 4578 1739 4649 ἡμᾶς

167 4671 383 4738 ἀνάγει,
457 4669 515 4736 ἐξ
565 4671 759 4723 ἐαυτοῦ
823 4671 1056 4741 τίθησιν.
1150 4671 1460 4741 Ἀμφότερα
1521 4670 1578 4723 δὲ
1640 4688 1740 4723 κα-

167 4742 485 4823 τασκευάζει
539 4761 603 4813 ἐκ
647 4760 743 4813 τοῦ
802 4759 1124 4815 Ἀποστόλου
1185 4761 1433 4829 λέγοντος
1488 4760 1616 4812 ’Ὅτι
1668 4758 1739 4824 ἐξ

168 4853 342 4906 αὐτοῦ
380 4853 455 4905 τὰ
484 4852 700 4915 πάντα,
730 4853 828 4906 καί
860 4856 947 4921 εἰς
983 4854 1192 4912 αὐτόν,

233 4944 341 5016 §IL
385 4946 541 4998 Ἐπεὶ
582 4947 762 5000 τοίνυν
796 4948 859 4999 ὲκ
899 4946 992 5000 τοῦ
1026 4946 1161 4999 Θεοῦ
1195 4948 1330 5008 ἐστι,
1366 4948 1460 5000 καὶ
1492 4949 1570 5011 εἰς
1611 4947 1742 5002 Θεὸν

168 5034 319 5089 τείνει
364 5036 473 5088 πᾶν
519 5035 721 5104 ἀγαθὸν
745 5077 759 5101 ,
817 5036 949 5107 φέρε
995 5037 1446 5107 ἐπικαλεσάμενοι
1497 5038 1587 5091 τὸν
1632 5040 1744 5092 Σω-

171 5128 302 5198 τῆρα
337 5127 560 5199 Κύριον,
601 5128 663 5180 τὸ
706 5127 802 5181 τοῦ
850 5129 1062 5198 Πατρὺς
1096 5128 1212 5198 φῶς
1254 5130 1348 5182 καὶ
1380 5129 1741 5200 ἀπαύγασμα,

167 5219 223 5270 τὸ
252 5217 339 5282 ὂν,
393 5218 455 5271 τὸ
505 5218 775 5289 ἀληθινόν.
833 5220 905 5273 ’Ἡ
934 5220 1071 5291 ἅμα,
1119 5220 1203 5273 ὅτι
1240 5221 1334 5273 καὶ
1386 5218 1455 5272 τὰ
1496 5220 1741 5293 ἡμέτερα

167 5310 289 5362 ὄντα
331 5311 595 5379 λέγονται,
644 5312 780 5366 ἀλλὰ
808 5310 948 5366 κατὰ
989 5312 1241 5383 μετοχὴν,
1293 5312 1385 5364 καὶ
1408 5311 1468 5363 οὑ
1515 5311 1738 5381 κυρίως.

171 5402 240 5453 Ἦ
267 5402 401 5455 κατὰ
427 5403 680 5476 στιγμὴν,
711 5404 773 5457 τὸ
801 5404 936 5474 φῶς.
970 5405 1126 5457 Ποῖον
1161 5404 1313 5473 φῶς;
1341 5402 1413 5455 T6
1437 5402 1516 5466 ὃν,
1542 5403 1603 5455 οὐ
1632 5402 1740 5473 γὰρ

169 5493 507 5567 ἀνύπαρκτόν
536 5498 701 5561 ἐστιν,
723 5495 799 5560 ὡς
821 5497 980 5551 τοῦτο
1012 5498 1071 5550 τὸ
1116 5496 1251 5566 φῶς.
1301 5497 1460 5550 Ποῖον
1483 5496 1599 5565 φῶς
1623 5512 1637 5562 ;
1668 5495 1741 5550 T6

168 5588 429 5659 ἀληθινὸν,
457 5590 597 5643 κατὰ
630 5590 730 5661 τὴν
770 5589 865 5644 τοῦ
910 5589 1291 5660 εὐαγγελιστοῦ
1337 5589 1582 5643 Ἰωάννου
1626 5608 1741 5661 φω-

249 5769 422 5824 tAct.
478 5784 575 5833 xx,
634 5769 724 5827 18.
798 5781 827 5810 ιι
870 5766 986 5825 Jac.
1019 5785 1061 5837 ι,
1111 5769 1199 5823 17.
1272 5778 1300 5808 ν
1336 5766 1466 5825 ibid.

1843 4599 2058 4640 sursum
2090 4586 2255 4651 levat,
2276 4603 2340 4641 ex
2373 4596 2549 4642 semet
2573 4588 2688 4659 ipse
2720 4590 2891 4657 ponit.
2926 4588 3234 4658 Utrumque
3261 4606 3423 4658 porro

1843 4678 2137 4733 confirmat
2180 4693 2249 4734 ex
2284 4679 2543 4749 Apostolo
2593 4680 2848 4735 dicente:
2892 4679 3160 4745 Quoniam
3205 4696 3271 4733 ea:
3309 4682 3421 4750 ipso

1841 4772 2041 4837 omnia,
2071 4780 2120 4825 et
2147 4772 2203 4825 in
2234 4773 2425 4842 ipsum.

1917 4944 2039 5017 §Il.
2071 4944 2204 4999 Cum
2231 4944 2412 5013 itaque
2442 4959 2506 4997 ex
2542 4943 2652 4999 Deo
2683 4944 2785 5010 sit,
2831 4951 2882 4998 et
2926 4944 2978 4997 in
3017 4942 3184 4995 Deum
3225 4942 3415 4995 tendat

1846 5051 2007 5092 omne
2029 5038 2250 5103 bonum,
2277 5036 2501 5106 agedum
2528 5035 2843 5090 invocantes
2864 5033 3199 5088 Salvatorem
3231 5032 3418 5085 Domi-

1848 5145 2000 5194 num,
2029 5129 2120 5199 qui
2164 5128 2342 5183 Patris
2369 5128 2457 5183 lux
2513 5136 2597 5182 est
2640 5143 2705 5182 ac
2735 5126 3012 5196 splendor,
3063 5125 3153 5194 qui
3194 5133 3296 5186 est,
3327 5126 3417 5192 qui

1844 5235 2007 5274 verus
2034 5229 2136 5274 est.
2190 5217 2282 5274 Vel
2313 5217 2677 5287 coniunctim;
2726 5218 2850 5288 quia
2900 5216 3062 5271 etiam
3097 5230 3184 5271 res
3221 5225 3419 5271 nostrm

1846 5309 2105 5363 dicuntur
2155 5323 2311 5374 esse,
2362 5309 2460 5364 sed
2507 5323 2603 5379 per
2647 5306 3165 5378 participationem,
3219 5316 3415 5360 etnon

1842 5398 2083 5467 proprie.
2115 5397 2214 5454 Vel
2258 5412 2381 5451 cum
2414 5399 2872 5469 interpunctione,
2905 5397 3042 5451 Lux.
3076 5394 3262 5463 Qualis
3292 5396 3418 5451 lux?

1842 5490 1973 5558 Qua:
2001 5500 2118 5556 est;
2153 5503 2328 5560 neque
2358 5491 2503 5545 enim
2535 5490 2883 5544 subsistentia
2911 5504 3086 5556 caret,
3116 5489 3192 5543 uti
3234 5489 3413 5543 lumen

1843 5586 1947 5641 lioc
1981 5593 2255 5640 nostrum.
2284 5585 2471 5651 Qualis
2499 5583 2627 5639 lux?
2657 5580 2831 5649 Vera,
2877 5582 3028 5653 juxta
3066 5579 3415 5651 evangelista:

1764 5772 1791 5800 ι
1831 5764 1987 5820 Joan.
2014 5781 2151 5831 xm,
2207 5762 2299 5817 22.
