3708 6356
343 305 441 361 151

1532 311 1588 368 S.
1624 310 1923 368 DIONYSII
1956 311 2421 369 AREOPAGITIE

3526 321 3660 376 {Si

342 420 563 476 Joannis
586 437 795 485 vocem,
822 421 953 477 Erat
981 424 1073 478 tua:
1094 441 1251 489 vera;
1282 440 1405 478 nam
1430 426 1707 496 subjungit
1739 444 1752 480 :
1782 432 1806 492 ί

2195 425 2311 483 Ἦν
2333 429 2396 482 τὸ
2421 428 2546 497 φῶς
2586 429 2648 481 τὸ
2695 429 3016 497 ἀληθινόν·
3061 427 3307 500 ἐπιφέρει
3359 430 3524 503 γάρ’
3574 437 3659 486 Ὃ

343 511 612 565 illuminat
655 530 856 567 omnem
895 515 1155 569 hominem
1190 516 1475 569 venientem
1498 517 1551 570 in
1583 518 1720 570 hunc
1750 533 1911 572 mun-

340 604 467 655 dum
499 612 549 669 1,
579 619 676 671 per
703 620 862 673 quam
896 607 1059 659 etiam
1102 606 1169 660 ad
1212 607 1536 677 principium
1569 608 1704 663 lucis
1728 610 1785 678 8
1812 609 1913 662 Pa-

346 703 482 747 trem
531 709 809 750 accessum
860 698 1197 754 obtinuimus
1247 716 1263 753 :
1306 701 1911 770 principium,inquam,

342 784 515 852 lucis;
549 788 630 842 vel
678 789 804 858 quia
842 790 1167 859 principium
1212 800 1269 846 et
1310 807 1472 847 causa
1513 793 1770 847 luminum
1802 803 1909 860 est,

343 878 467 932 Filii
527 880 737 935 scilicet
785 896 850 936 ac
883 882 1118 948 Spiritus
1154 884 1363 949 sancti;
1408 883 1492 938 vel
1525 886 1668 954 quod
1699 887 1767 939 al)
1804 885 1912 939 ini-

343 968 420 1023 tio
449 969 539 1023 lux
570 971 833 1037 exsistat;
859 971 992 1026 nihil
1020 983 1200 1026 autem
1226 974 1495 1044 principio
1526 977 1777 1043 superius
1803 987 1909 1033 est.

339 1059 580 1129 Agedum
629 1076 781 1132 ergo,
829 1063 1145 1117 invocantes
1178 1066 1482 1130 Dominum,
1530 1067 1598 1121 ad
1637 1068 1913 1123 illumina-

342 1152 518 1207 tiones
576 1152 985 1223 Scripturarmn
1035 1172 1065 1210 a
1119 1156 1375 1211 Patribus
1436 1158 1756 1215 traditarum
1809 1177 1909 1231 pro

246 1312 251 1317 Δ
338 1243 547 1300 viribus
572 1246 895 1314 aspiremus,
919 1258 971 1299 et
997 1263 1116 1316 qua:
1145 1250 1213 1302 ab
1242 1249 1348 1305 illis
1372 1252 1667 1321 symbolice
1695 1260 1752 1306 et
1781 1269 1908 1307 ana-

337 1335 524 1405 gogice
579 1343 779 1406 (neque
838 1338 983 1392 enim
1041 1341 1399 1403 naturaliter,
1448 1343 1541 1396 sed
1605 1358 1702 1411 per
1754 1346 1907 1413 signa

336 1449 582 1517 quaedam
627 1464 712 1504 res
742 1451 991 1507 caelestes
1022 1452 1488 1523 demonstrarunt)
1516 1456 1740 1511 traditas
1770 1454 1908 1509 divi-

337 1554 530 1593 narum
581 1540 844 1597 virtutum
896 1543 1285 1599 hierarchias:
1324 1559 1461 1614 quas
1510 1546 1672 1600 etiam
1704 1556 1902 1602 mentes

337 1632 592 1701 appellat,
622 1634 688 1689 ad
720 1634 891 1690 nostri
919 1634 1301 1702 diﬁ‘erentiam,
1333 1638 1421 1705 qui
1456 1652 1618 1693 sensu
1642 1640 1903 1707 vivimus;

338 1738 462 1777 nam
487 1733 543 1778 et
572 1726 650 1780 sic
692 1725 867 1795 lsaiae,
920 1742 1073 1783 mens
1115 1743 1308 1798 magna
1340 1729 1634 1799 Assyrius;
1688 1742 1743 1785 et
1775 1733 1901 1785 item

2014 521 2243 588 φωτίζει
2276 521 2471 574 πάντα
2508 520 2821 588 ἄνθρωπον
2841 520 3171 589 ἐρχόμενον
3210 523 3299 587 εὶς
3352 520 3479 575 τὸν
3534 527 3660 577 κός

2013 628 2191 680 σμον,
2211 612 2277 665 δι’
2296 608 2356 666 οὗ
2372 613 2465 666 καὶ¹
2481 612 2580 682 τὴν
2599 612 2733 683 πρὸς
2750 612 2839 666 τὸν
2859 611 3166 681 ἀρχίφωτον
3183 612 3411 685 Πατέρα
3439 632 3659 687 προσ-

2015 702 2229 756 έλευσιν
2282 702 2576 773 ἐλάϐομεν·
2629 702 2938 771 ἀρχίφωτον
2986 703 3121 773 δέ,ἢ
3158 703 3234 766 ὡς
3286 704 3484 776 ἀρχὴν
3534 708 3659 759 καὶ

2013 794 2193 845 αἰτίαν
2222 792 2331 846 τῶν
2366 792 2579 861 φώτων,
2607 792 2700 844 τοῦ
2731 791 2863 844 Υίοῦ
2911 792 3005 844 καὶ
3036 792 3130 844 τοῦ
3174 792 3515 863 Πνεύματος
3544 812 3563 824 ⁸
3613 795 3651 863 ἥ

2010 884 2102 937 τὸν
2130 883 2189 948 ἐξ
2214 884 2386 955 ἀρχῆς
2419 883 2534 953 φῶς
2556 882 2684 935 ὄντα
2704 899 2717 912 ο
2756 882 2908 935 οὐδὲν
2950 881 3007 934 δὲ
3037 882 3139 952 τῆς
3176 883 3357 953 ἀρχῆς
3401 884 3655 937 ἀνώτε-

2015 992 2125 1057 ρον.
2159 974 2296 1046 Φέρε
2341 975 2472 1043 γοῦν
2504 973 2961 1044 ἐπικαλεσάμενοι
3000 973 3091 1027 τὸν
3122 975 3346 1045 Κύριον,
3378 976 3485 1028 ἐπὶ
3520 976 3648 1039 τὰς

2011 1066 2305 1138 ἐλλάμψεις
2322 1067 2432 1121 τῶν
2451 1066 2948 1139 πατροπαραδότων
2972 1065 3226 1135 Γραφῶν,
3248 1066 3325 1129 ὡς
3345 1066 3637 1133 δυνατὸν,

2009 1158 2422 1228 ἀνανεύσωμεν,
2467 1157 2690 1220 καὶτὰς
2733 1158 2826 1210 ὑπ’
2873 1155 3054 1210 αὐτῶν
3109 1155 3472 1227 συμϐολικῶς
3520 1158 3639 1211 καὶ

2009 1248 2367 1318 ἀναγωγικῶς
2418 1248 2501 1318 (οὐ
2540 1247 2649 1320 γὰρ
2694 1246 2973 1317 φυσικῶς,
3023 1247 3160 1301 ἀλλὰ
3184 1247 3272 1302 διά
3305 1266 3484 1303 τινων
3512 1268 3633 1322 ση-

2013 1338 2292 1409 μείωνιτὰ
2334 1338 2558 1409 οὐράνια
2599 1338 2827 1410 ἔδειξαν)
2874 1338 3269 1409 παραδοθείσας
3311 1341 3631 1412 ἱεραρχίας

2008 1430 2117 1483 τῶν
2146 1429 2305 1482 θείων
2338 1429 2636 1499 δυνάμεων,
2663 1428 2728 1491 ἃς
2761 1431 2856 1481 καὶ
2886 1429 3033 1494 νόας
3062 1427 3231 1496 λέγει,
3272 1431 3419 1502 πρὸς
3455 1434 3628 1487 ἀντι-

2006 1519 2293 1591 διαστολὴν
2323 1519 2432 1571 τῶν
2467 1519 2715 1590 αἰσθήσει
2743 1518 2960 1584 ζώντων
2985 1521 3140 1591 ἡμῶν
3159 1536 3173 1551 ’
3202 1520 3347 1574 οὕτω
3382 1522 3502 1593 γὰρ
3518 1525 3627 1577 καὶ

2019 1611 2242 1674 Ἡσαΐας
2262 1611 2353 1664 τὸν
2373 1610 2497 1664 νοῦν
2519 1610 2610 1663 τὸν
2638 1610 2808 1681 μέγαν
2828 1610 2917 1663 τὸν
2946 1611 3224 1683 Ἀσσύριον
3243 1629 3256 1642 '
3285 1614 3385 1665 καὶ
3416 1614 3621 1679 πάλιν,

2008 1701 2131 1765 νοῦς
2169 1701 2364 1773 μέγας,
2397 1701 2580 1773 ἄρχων
2613 1700 2947 1766 Βαϐυλῶνος,
2972 1703 3247 1755 τουτέστιν
3270 1704 3298 1755 ὁ
3329 1702 3619 1767 διάϐολος.

337 1828 489 1868 mens
513 1830 726 1886 magna,
762 1793 1015 1887 princeps
1058 1793 1378 1889 Babylonis,
1419 1793 1472 1875 id
1510 1831 1594 1875 est
1621 1793 1801 1876 idiabof

2159 1793 2288 1863 γοῦν
2321 1793 2478 1847 θείων
2512 1793 2649 1847 νοῶν
2688 1793 2990 1865 ίεραρχίαν,
3016 1793 3137 1847 καθ’
3170 1795 3292 1847 ὅσον
3320 1794 3618 1865 ίσχύομεν,

337 1904 669 1971 Divinarum,
705 1906 947 1977 inquam,
994 1909 1254 1963 mentium
1298 1909 1657 1967 hierarcliiam
1680 1954 1695 1981 ,
1730 1916 1906 1982 quoad

334 2011 621 2066 possumus
648 1997 976 2063 intueamur,
1002 2008 1167 2070 atque
1214 2000 1639 2058 illustrationem
1689 2021 1809 2076 qua:
1840 2022 1907 2061 ex

333 2088 448 2145 Deo
476 2102 583 2155 est,
628 2094 744 2148 sine
789 2109 893 2163 qua
939 2108 1115 2163 neque
1166 2094 1312 2165 ipsas
1351 2097 1605 2153 cmlcstes
1656 2101 1903 2169 virtutes,

334 2197 512 2252 neque
542 2185 708 2239 Deum
733 2200 893 2240 nosse
916 2186 1181 2253 valemus,
1210 2198 1471 2257 quantum
1504 2190 1583 2245 l‘as
1604 2201 1708 2257 est,
1736 2193 1905 2263 inSpi-

333 2275 582 2340 ciamus;
631 2277 1031 2347 principialem,
1079 2281 1325 2348 inquam,
1366 2280 1549 2346 illam,
1602 2291 1787 2353 utpote
1838 2285 1907 2339 ab

338 2367 493 2424 initio
523 2369 900 2434 exsistentem,
926 2381 979 2424 et
1002 2369 1542 2440 superprincipialem
1577 2388 1592 2427 :
1622 2374 1744 2442 quia
1774 2374 1907 2428 nihil

333 2459 400 2515 de
429 2461 540 2516 Deo
570 2461 703 2516 satis
735 2462 1107 2531 signiﬁcanter
1131 2460 1309 2516 ell'erri
1342 2473 1539 2532 potest,
1560 2465 1802 2534 quinimo
1821 2466 1907 2521 hic

338 2552 519 2607 omnis
553 2553 730 2608 oratio
767 2553 1055 2622 omnisque
1102 2552 1363 2622 cogitatio
1394 2555 1601 2621 deﬁcit,
1638 2557 1717 2612 sic
1746 2567 1801 2612 et
1823 2572 1908 2613 es-

342 2645 517 2700 senlia
564 2653 619 2700 et
666 2646 1159 2715 superessentialis,
1211 2663 1310 2702 nec
1340 2662 1444 2701 non
1482 2648 1627 2703 Deus
1661 2658 1717 2704 et
1744 2664 1906 2719 supra

337 2739 530 2792 Deum.
575 2737 725 2795 Hanc
754 2740 935 2809 itaque
960 2741 1395 2802 illustrationem,
1422 2757 1539 2810 qua:
1564 2756 1629 2797 ex
1665 2744 1772 2796 Deo
1800 2752 1904 2807 est,

334 2830 731 2899 suscipientes,
771 2846 893 2901 quae
935 2832 1251 2902 angelorum
1301 2833 1637 2888 hierarcliias
1674 2833 1724 2886 in
1768 2833 1907 2902 ﬁgu-

332 2924 470 2976 ratis
498 2922 761 2994 symbolis
792 2932 846 2977 et
878 2923 1203 2993 imaginibus
1235 2924 1491 2994 exprimit
1514 2964 1530 2991 ,
1570 2925 1907 2978 immateria-

332 3011 475 3069 libus
502 3024 557 3068 et
583 3013 894 3068 intremulis
924 3014 1125 3081 oculis,
1152 3014 1204 3069 id
1244 3025 1329 3071 est
1361 3015 1483 3069 lixis
1508 3031 1603 3070 seu
1646 3015 1907 3085 tranquil-

332 3106 402 3162 lis
427 3106 598 3178 (amat
643 3108 790 3162 enim
840 3108 979 3162 Deus
1025 3108 1511 3176 tranquillitatem,
1545 3106 1688 3162 sicut
1730 3108 1908 3161 virtus

331 3197 610 3251 contraria
643 3196 1052 3265 turbationem),
1074 3212 1291 3251 rursum
1314 3212 1381 3251 ex
1409 3198 1641 3267 ipsamet
1671 3196 1911 3251 illustra-

334 3289 483 3344 tione
510 3289 574 3343 ad
612 3289 854 3343 divinum
898 3289 1108 3342 radium
1141 3289 1469 3355 intueamur,
1494 3289 1644 3358 juxta
1681 3289 1909 3358 primam

332 3381 759 3449 propositionem
810 3396 972 3451 quam
1041 3381 1270 3436 fecimus
1315 3382 1622 3448 :Quoniam
1674 3397 1742 3436 ex
1796 3383 1911 3451 ipso

333 3470 535 3527 bonum
568 3481 623 3525 et
654 3473 706 3526 in
741 3473 953 3542 ipsum;
983 3481 1143 3543 atque
1166 3474 1242 3528 ita
1268 3475 1321 3528 in
1351 3474 1534 3528 divina
1564 3473 1911 3542 simplicitate

335 3585 680 3641 uniﬁcemur.
714 3584 897 3655 Neque
928 3586 1073 3640 enim
1119 3585 1259 3656 ipse,
1293 3587 1418 3641 dum
1470 3586 1525 3640 in
1568 3587 1911 3656 suscipienti-

333 3678 439 3734 bus
475 3679 887 3750 multiplicatur,
919 3692 949 3731 a
974 3678 1191 3748 pr0pria
1238 3676 1329 3731 illa
1360 3692 1455 3733 sua
1499 3677 1658 3731 unica
1695 3678 1909 3747 simpli-

334 3773 497 3841 cique
518 3772 804 3826 intimitate
826 3785 988 3840 atque
1033 3770 1396 3826 occultatione
1414 3770 1594 3825 deﬁcit
1619 3770 1908 3840 (siquidem

332 3865 588 3920 omnibus
613 3862 888 3918 extraneis
915 3862 1219 3932 incognitus
1234 3860 1489 3931 exsistit),
1509 3861 1633 3915 dum
1656 3876 1784 3917 vero
1809 3876 1910 3931 pro

334 3971 524 4011 eorum
549 3955 641 4025 qni
666 3954 1008 4024 providentia
1053 3966 1318 4026 reguntur
1363 3962 1524 4022 captu
1569 3967 1666 4022 per
1693 3953 1911 4008 bonita-

335 4058 443 4104 tem
476 4046 867 4116 multiplicatur
898 4062 964 4102 ac
990 4048 1319 4116 variegatur,
1339 4046 1512 4101 denuo
1540 4044 1682 4100 intra
1714 4052 1913 4101 semet-

338 4141 511 4210 ipsum
555 4140 783 4194 ﬁrmiter
821 4139 875 4192 in
917 4138 1178 4193 immobili
1210 4138 1493 4193 identitate
1520 4144 1723 4200 manet,
1751 4144 1911 4205 atque

336 4234 393 4288 in
445 4233 625 4301 ipsum
677 4233 954 4287 intuentes
1006 4231 1271 4297 uniﬁcat,
1316 4233 1456 4287 idem
1499 4232 1551 4285 in
1601 4248 1660 4287 se
1693 4246 1911 4301 perma-

335 4346 508 4393 nens;
541 4343 645 4383 non
674 4342 833 4383 secus
861 4341 926 4381 ac
954 4327 1135 4381 lumen
1158 4366 1174 4392 ,
1220 4327 1347 4381 dum
1385 4326 1688 4381 luculenter
1719 4326 1912 4380 illnmi-

2010 1884 2341 1955 κατίδωμεν,
2369 1884 2463 1937 καὶ
2494 1883 2592 1955 τὴν
2622 1884 2951 1954 φωτοδοσίαν
2980 1886 3078 1957 τὴν
3110 1887 3174 1938 ἐκ
3198 1886 3354 1950 Θεοῦ,
3382 1882 3457 1957 ἦς
3486 1886 3620 1957 δίχα

2006 1975 2116 2028 οὐδ’
2166 1973 2335 2037 αὑτάς
2377 1973 2476 2038 τὰς
2521 1973 2805 2045 οὐρανίους
2837 1974 3124 2046 δυνάμεις,
3165 1976 3238 2047 μὴ
3290 1977 3442 2046 ὃτιγε
3475 1978 3617 2032 Θεὸν

2008 2064 2274 2136 γνωρίσαι
2329 2064 2497 2128 ἐστὶν,
2544 2063 2619 2127 ὡς
2658 2064 2912 2133 ἐφικτὸν,
2959 2066 3455 2138 κατοικτετεεύσωμεν⁸
3510 2069 3617 2139 τὴν

2011 2155 2266 2226 ἀρχικὴν,
2285 2154 2361 2217 ὡς
2386 2154 2641 2225 ἁπαρχῆς
2660 2151 2823 2208 οὖσαν
2844 2155 2938 2208 καὶ
2959 2156 3287 2227 ύπεράρχιον
3307 2174 3320 2188 ’
3342 2158 3424 2210 ὅτι
3450 2158 3612 2211 οὐδὲν

2009 2245 2101 2297 ἐπὶ
2150 2243 2284 2296 Θεοῦ
2342 2243 2541 2307 ἱκανῶς
2582 2243 2693 2313 ἔχει
2738 2245 2837 2314 τῆς
2865 2244 3156 2315 σημασίας,
3191 2244 3327 2298 ἀλλὰ
3371 2245 3469 2298 καὶ
3499 2249 3612 2310 πᾶς

2008 2336 2184 2405 λόγος,
2221 2335 2315 2389 καὶ
2346 2338 2492 2388 πᾶσα
2515 2335 2692 2389 έννοια
2716 2336 3003 2406 ἡττῶνται,
3026 2335 3168 2390 οὕτω
3198 2337 3293 2390 καὶ
3319 2337 3481 2391 οὐσία
3513 2339 3608 2390 καὶ

2011 2428 2353 2499 ύπερούσιος,
2390 2429 2483 2481 καὶ
2515 2427 2647 2491 Θεὸς
2678 2428 2773 2481 καὶ
2811 2427 3094 2500 ὑπέρθεος.
3126 2428 3341 2499 Ταύτην
3369 2425 3465 2483 οὖν
3503 2432 3606 2501 τὴν

2009 2522 2074 2573 ἐκ
2106 2518 2242 2573 Θεοῦ
2270 2518 2607 2587 φωτοχυσίαν
2633 2516 2935 2585 δεξάμενοι,
2974 2517 3008 2587 ἢ
3050 2516 3150 2579 τὰς
3179 2518 3461 2590 ἱεραρχίας
3491 2516 3602 2570 τῶν

2009 2612 2257 2680 ἀγγέλων
2308 2612 2366 2663 ἐν
2403 2611 2732 2672 τυπωτικοῖς
2759 2608 3046 2679 συμϐόλοις
3086 2610 3180 2663 καὶ
3223 2610 3601 2681 εἰκονίσμασιν

2009 2706 2293 2776 ἐκφαίνει,
2326 2704 2510 2768 άΰλοις
2546 2705 2641 2758 καὶ
2685 2705 2977 2775 ἁτρεμέσιν
3009 2701 3322 2773 ὀφθαλμοῖς,
3368 2701 3401 2771 ἢ
3436 2702 3600 2753 οἱονεὶ

2010 2798 2255 2868 στερροῖς
2280 2794 2313 2866 ἢ
2348 2796 2441 2849 καὶ
2478 2795 2701 2867 ἡσύχοις
2734 2794 2932 2865 (χαίρει
2965 2792 3072 2865 γὰρ
3100 2792 3162 2847 τὸ
3183 2793 3337 2845 Θεῖον
3367 2793 3433 2862 τῇ
3461 2793 3596 2863 ἡσυ-

2008 2887 2129 2959 χίᾳ,
2165 2888 2239 2951 ῶς
2267 2886 2345 2957 τῷ
2377 2886 2519 2958 ὄχλῳ
2547 2889 2581 2958 ἡ
2615 2886 2831 2940 ἐναντία
2863 2884 3112 2956 δύναμις)
3144 2883 3305 2937 πάλιν
3336 2882 3393 2949 ἐξ
3427 2882 3598 2951 αὐτῆς

2009 2979 2112 3050 τῆς
2146 2979 2498 3049 φωτοδοσίας,
2539 2979 2632 3031 ἐπὶ
2652 2978 2752 3049 τὴν
2783 2976 2931 3030 θείαν
2976 2976 3347 3046 ἀνυψωθῶμεν
3379 2974 3592 3037 ἀκτῖνα,

2010 3069 2153 3125 κατὰ
2185 3072 2285 3140 τὴν
2332 3069 2392 3135 ἐξ
2442 3071 2614 3141 ἀρχῆς
2654 3068 2932 3131 ὑπόθεσιν,
2980 3068 3046 3139 ἡν
3070 3067 3366 3136 ἐλέγομεν,
3414 3066 3495 3117 ὅτι
3540 3065 3595 3129 ἐξ

1936 3144 1984 3209 c
2013 3160 2178 3216 αὐτοῦ
2210 3160 2271 3214 τὸ
2296 3160 2521 3229 ἀγαθὸν,
2572 3162 2666 3215 καὶ
2710 3161 2790 3223 είς
2814 3158 2998 3223 αὐτὸν,
3046 3157 3139 3210 καλ¹
3191 3154 3593 3226 ἐνοποιηθῶμεν

2011 3250 2070 3304 ἐν
2102 3252 2168 3320 τῇ
2218 3248 2337 3321 θείᾳ
2377 3250 2658 3321 ἁπλότητι.
2711 3249 2831 3303 Ὀτι
2876 3248 2985 3301 οὐδ’
3030 3248 3185 3318 αὐτὴ’
3215 3245 3591 3316 ποικιλλομένη

2010 3340 2148 3413 πρὸς
2184 3338 2252 3393 τά
2285 3340 2657 3410 ὑποδεχόμενα
2697 3340 2973 3407 ἐξίσταται
2998 3338 3098 3407 τῆς
3126 3338 3259 3402 ἰδίας
3293 3336 3475 3406 ένικῆς
3500 3338 3589 3389 καὶ

2010 3430 2190 3501 ἁπλῆς
2214 3430 2493 3501 ἐνδότητος
2515 3431 2609 3485 καὶ
2641 3430 3001 3503 κρυφιότητος
3022 3430 3178 3501 (πᾶσι
3202 3429 3310 3499 γὰρ
3335 3431 3442 3491 τοῖς
3464 3428 3590 3492 ἔξω·

2012 3520 2101 3574 θεν
2130 3522 2301 3591 αὐτῆς
2333 3521 2608 3590 ἄγνωστός
2650 3522 2810 3592 ἐστι),
2846 3521 3224 3593 πληθυνομένη
3256 3521 3312 3573 δέ
3352 3519 3443 3572 καὶ
3476 3535 3590 3570 ποι-

2010 3612 2300 3684 κιλλομένη
2334 3612 2470 3684 πρὸς
2497 3613 2596 3684 τὴν
2624 3612 2733 3667 τῶν
2760 3613 3170 3685 προνοουμένων
3206 3611 3492 3681 συνάφειαν
3524 3610 3587 3662 δι’

2010 3706 2342 3779 ἀγαθὸτητα,
2374 3707 2524 3778 μένει
2557 3707 2718 3760 πάλιν
2752 3707 2897 3761 ἔνδον
2931 3706 3129 3776 ἐαυτῆς
3161 3704 3371 3773 παγίως
3392 3706 3445 3757 ἐν
3471 3704 3586 3757 ἀκι-

2010 3800 2156 3870 νήτῳ
2204 3799 2530 3871 ταυτότητι,
2593 3800 2688 3855 καὶ
2741 3801 2867 3864 τοὺς
2906 3800 2991 3852 ἐπ’
3030 3798 3197 3867 αὐτὴν
3242 3796 3583 3857 ἀνανεύοντας

2010 3893 2261 3955 ἐνοποιεῖ,
2293 3894 2498 3964 ταυτὴ⁶
2540 3892 2806 3963 μένουσα·
2840 3892 3032 3963 ὥσπερ
3073 3890 3134 3942 τὸ
3185 3887 3333 3959 φῶς,
3367 3885 3582 3957 φωτίζον

2011 3982 2256 4054 ἀθρόως,
2314 3982 2429 4052 φῶς
2468 3982 2529 4035 τὸ
2572 3982 2706 4035 αὐτὸ
2742 3983 2925 4052 μένει,
2961 3978 3103 4034 κατὰ
3138 3979 3237 4050 τὴν
3286 3978 3581 4047 άπλωτικὴν

2010 4073 2182 4143 αὐτῆς
2214 4072 2307 4126 καὶ
2331 4072 2570 4126 ἑνοποιὸν
2604 4071 2796 4125 ἕνωσιν
2831 4073 2926 4125 καὶ
2943 4071 3262 4141 ταυτότητα,
3284 4069 3374 4122 καὶ
3402 4066 3580 4133 ἀνάγει

2008 4165 2136 4228 τοὺς
2170 4164 2595 4235 ὑποδεχομένους
2627 4162 2905 4231 ἀναλόγως
2923 4160 3248 4225 αὑτοῖς,καθ’
3281 4160 3397 4213 ὅσον
3428 4158 3580 4212 σπεύ-

2009 4257 2192 4321 δουσι,
2227 4256 2473 4310 τοσοῦτον
2507 4256 2601 4308 καὶ
2646 4255 3064 4326 φωτιζομένους.
3100 4253 3250 4315 Τέως
3283 4252 3338 4303 δέ
3382 4250 3577 4314 σκόπει,

2009 4351 2092 4403 ὅτι
2139 4351 2172 4420 ἡ
2219 4349 2316 4421 μὲν
2366 4348 2655 4410 ἀνάνευσις
2699 4346 2976 4419 ἡμετέραο
3024 4346 3057 4415 ἡ
3102 4344 3147 4397 δ’
3192 4342 3444 4406 ἁνάτασις
3491 4343 3579 4396 καὶ

336 4430 457 4486 nat,
474 4420 613 4475 idem
632 4421 797 4475 etiam
819 4419 875 4473 in
896 4432 955 4473 se
978 4426 1220 4473 remanet
1240 4417 1537 4472 secundum
1567 4418 1800 4486 simplilit

2117 4417 2289 4511 ψωσις
2334 4442 2399 4495 ἐκ
2442 4438 2600 4493 Θεοῦ.
2644 4417 2818 4509 Εἱήμὴ
2849 4436 2958 4508 γὰρ
2992 4436 3152 4505 ἡμεῖς
3182 4432 3290 4485 τῶν
3324 4434 3578 4505 κοσμικῶν

334 4529 488 4568 suam
536 4521 592 4567 et
630 4512 887 4566 unilieam
931 4510 1183 4564 unionem
1221 4510 1708 4579 identitatemque,
1755 4519 1798 4563 el

2114 4491 2435 4601 ινεύσωμεν,
2496 4530 2613 4589 πῶς
2646 4532 2679 4600 ἡ
2742 4491 3015 4596 άνύψωσις
3082 4524 3175 4577 καὶ
3238 4526 3267 4577 ὁ
3326 4524 3578 4594 φωτισμὸς

336 4603 698 4674 excipientes,
727 4618 825 4673 pro
856 4602 1116 4672 cujusque
1149 4611 1332 4671 captu,
1368 4602 1419 4656 in
1463 4612 1724 4670 quantum
1754 4618 1908 4657 acce-

337 4695 497 4758 dunt,
545 4692 790 4749 illustres
840 4692 1036 4747 reddit.
1096 4691 1200 4748 Ubi
1245 4690 1496 4759 observa,
1540 4701 1597 4746 ut
1633 4696 1909 4763 suspicere

339 4788 559 4856 quidem
592 4795 863 4850 nostrum,
910 4786 1005 4840 sed
1056 4784 1349 4841 illustratio
1393 4797 1446 4841 et
1496 4786 1727 4843 elevatio
1770 4790 1842 4844 sit
1880 4803 1910 4842 a

344 4881 475 4935 Deo.
501 4878 614 4935 Nisi
654 4878 800 4935 enim
841 4891 873 4931 θ
917 4878 1080 4933 rebus
1134 4878 1486 4933 smeularibus
1532 4881 1914 4936 emerserimns

340 4972 878 5042 suspexerimusque,
905 4970 1177 5037 quomodo
1203 4968 1260 5040 9
1278 4971 1511 5024 elevatio
1541 4980 1595 5025 et
1625 4971 1911 5025 illustratio

340 5064 497 5119 nobis
522 5062 807 5132 obtingat?
835 5060 991 5129 juxta
1024 5060 1151 5115 illud
1172 5102 1187 5127 ,
1240 5062 1426 5116 Levavi
1471 5063 1651 5116 oculos
1685 5079 1825 5116 meos
1859 5063 1913 5118 in

339 5166 565 5220 montes,
594 5155 731 5209 unde
766 5154 933 5209 veniet
964 5154 1225 5207 auxilium
1262 5156 1391 5208 mihi
1444 5164 1491 5209 ι.
1526 5153 1713 5225 Neque
1742 5159 1910 5220 enim,

342 5249 544 5317 inquit,
569 5247 684 5301 ﬁeri
710 5256 892 5315 potest
924 5256 983 5300 ut
1013 5245 1230 5301 divinus
1268 5247 1359 5301 ille
1383 5248 1565 5302 radius
1606 5250 1764 5303 nobis
1792 5247 1914 5302 illu-

343 5351 487 5413 ceat,
518 5341 620 5395 nisi
656 5340 977 5409 quibusdam
1006 5355 1185 5395 rerum
1216 5339 1374 5395 nobis
1399 5339 1746 5393 familiarium
1774 5338 1916 5393 vela-

346 5435 543 5488 mentis
592 5433 756 5487 fuerit
803 5430 1084 5489 obvelatus
1137 5434 1287 5499 (nam
1338 5430 1681 5486 intolerabile
1735 5429 1915 5484 lumen

346 5526 464 5593 ejus
490 5538 557 5578 ac
585 5524 845 5579 virtutem
883 5526 1005 5594 quis
1027 5523 1403 5594 snstinebit‘l),
1437 5530 1493 5575 et
1522 5535 1590 5575 ex
1625 5521 1785 5577 rebus
1816 5535 1914 5574 no-

347 5617 633 5683 stratibus,
664 5617 759 5673 Dei
792 5616 1105 5689 prudentia,
1134 5616 1567 5672 connaturaliter
1603 5630 1667 5672 ac
1698 5614 1919 5686 proprie

452 5802 484 5847 1
515 5791 675 5852 Joan.
722 5809 762 5861 ι,
790 5796 842 5851 9.
923 5804 946 5834 κ
987 5794 1127 5851 Psal.
1173 5809 1302 5865 cxx,
1335 5795 1388 5853 l.

2015 4623 2427 4692 ἐπιγενήσεται;
2469 4618 2612 4673 κατὰ
2630 4619 2692 4672 τό
2713 4635 2726 4648 ·
2760 4614 2914 4684 Ἦρα
2949 4615 3091 4679 τοὺς
3111 4614 3444 4681 ὀφθαλμούς
3470 4632 3577 4683 μου

2018 4718 2104 4780 εὶς
2122 4714 2193 4767 τὰ
2212 4714 2341 4781 ὄρη,
2363 4712 2501 4766 ὅθεν
2516 4711 2648 4778 ἡξει
2673 4712 2710 4777 ἡ
2726 4707 2977 4774 ,βοήθειά
2996 4705 3251 4775 μοιι.Κα“ι
3271 4706 3396 4778 γὰρ,
3413 4708 3577 4776 φησὶν,

2018 4804 2141 4857 οὐδὲ
2186 4802 2410 4857 δυνατὸν
2448 4800 2623 4863 ἄλλως
2656 4797 2959 4868 ἐπιλάμψαι
2995 4794 3093 4866 τὴν
3126 4792 3279 4848 Θείαν
3318 4795 3507 4858 ἀκτῖνα,
3536 4797 3578 4848 εἰ

2026 4897 2101 4969 μὴ
2134 4895 2194 4961 ἐξ
2234 4889 2308 4950 ὧν
2342 4891 2744 4963 συνειθίσμεθα,
2779 4890 2873 4945 καὶ
2913 4888 2988 4960 μὴ
3032 4886 3122 4983 διά
3148 4902 3314 4983 τινων
3354 4904 3578 4983 mpera:-
3658 4908 3659 4983 γ

2013 4989 2305 5060 τασμάτων
2333 4981 2883 5057 περικεκαλυμμένην
2912 4980 2993 5050 (τὸ
3016 4977 3125 5049 γὰρ
3145 4976 3401 5030 ἄστεκτον
3430 4977 3577 5046 αὐτῆς

2012 5079 2106 5133 τοῦ
2141 5080 2317 5149 φωτὸς
2350 5080 2444 5133 καὶ
2474 5078 2573 5149 τῆς
2604 5074 2889 5146 δυνάμεως
2911 5112 2925 5136 ,
2950 5071 3034 5135 τίς
3061 5071 3419 5142 ὑποστήσεται
3436 5067 3468 5138 ;)
3495 5071 3574 5122 καὶ

2013 5168 2078 5219 ἐκ
2100 5167 2209 5220 τῶν
2237 5167 2544 5238 ἡμετέρων,
2579 5164 2808 5236 προνοίᾳ
2822 5160 2955 5216 Θεοῦ
2993 5159 3265 5230 συμφυῶς
3285 5160 3373 5213 καὶ
3388 5157 3571 5221 οἰκείως

2013 5258 2134 5320 ταῖς
2150 5257 2441 5328 ἡμετέραις
2472 5255 2754 5326 αἰσθήσεσι
2780 5251 3247 5322 διεσκευασμένην
3268 5266 3283 5280 ο
3318 5250 3398 5303 ὅτε
3413 5247 3568 5320 δηλον-

2012 5348 2096 5401 ότι
2146 5346 2471 5417 σωματικῶς
2525 5344 2595 5397 τὰ
2650 5344 2918 5414 ἀσώματα
2981 5338 3254 5411 λέγομεν,
3305 5334 3405 5393 οἷον
3455 5339 3563 5410 μέλι

2024 5438 2338 5510 ἀνθρώπινα
2364 5438 2456 5491 ἐπὶ⁵
2484 5436 2618 5490 Θεοῦ
2640 5476 2655 5500 ,
2699 5435 2794 5488 καὶ
2841 5434 3045 5506 θυμοὺς
3064 5473 3080 5498 ,
3115 5432 3217 5485 καὶ
3263 5430 3560 5493 ῦπνους,καί

2021 5526 2092 5580 τὰ
2118 5528 2501 5599 παραπλήσια·
2529 5525 2702 5579 ταῦτα
2731 5524 2840 5597 γάρ
2864 5525 2979 5577 ἐστι
3010 5523 3083 5576 τὰ
3105 5520 3567 5593 παραπετάσματα.

2035 5615 2189 5672 Ἐπεὶ
2220 5614 2312 5675 οὖν
2335 5620 2448 5682 τοῖς
2481 5615 2757 5687 αἰσθητοῖς
2787 5613 2856 5668 τὰ
2888 5613 3028 5683 ὑπὲρ
3057 5611 3313 5680 αἴσθησιν
3347 5605 3565 5662 ἐντυποῦ-
