3748 6374
94 325 223 385 135
672 320 762 381 BE
796 318 1122 378 C(ELESTI
1162 317 1607 384 HIERARCHIA,
1643 317 1796 374 car.
1840 316 1879 373 ι.
1921 347 1989 357 -
2022 314 2369 372 “manu.
2409 314 2886 374 PACHYMERE.
3318 320 3425 377 ιδι

97 458 244 512 μεν,
289 439 506 511 ὁμοίως
536 437 648 509 ἔχει
677 438 772 493 καὶ
799 439 832 509 ἠ
862 437 986 491 καθ’
1011 437 1159 507 ἡμᾶς
1191 436 1442 508 ἱεραρχία
1476 435 1577 507 πρὸ

1943 433 2042 487 tris
2074 432 2328 487 sensibus
2365 432 2441 485 sit
2469 432 2919 487 accommodatus
2954 449 2970 486 :
3004 434 3221 502 quando
3266 437 3423 491 uimi-

91 532 400 604 οὐρανίαν
449 532 665 601 ἐκείνην
706 531 801 585 καὶ
865 530 1049 600 ἀφανῆ
1072 546 1087 559 ο
1121 528 1264 581 οὕτω
1300 529 1407 599 γὰρ
1448 528 1568 581 εὐδό

1938 540 1965 577 n
1996 523 2357 593 corporaliter
2385 538 2447 576 ca
2479 538 2598 592 quae
2624 524 2942 593 incorporea
2970 533 3095 577 sunt
3121 523 3418 593 eﬁ‘erimus,

92 626 133 694 ἡ
166 622 519 694 τελετάρχις
572 621 863 692 ἰεροθεσία,
894 623 927 691 ἡ
950 620 1051 691 τῆς
1074 620 1185 673 τῶν
1218 619 1378 691 ἱερῶν
1424 636 1572 689 μυστ⁴

1943 629 2062 667 cum
2095 614 2163 667 de
2200 614 2311 668 Deo
2361 613 2605 667 membra
2658 613 2918 677 humana,
2967 614 3312 684 furoresque,
3358 635 3423 674 ac

93 718 287 788 ἡμῶν
321 717 747 788 διακοσμήσεως
769 715 925 778 τάξις
951 730 1011 765 τε
1051 713 1145 765 καὶ
1175 711 1505 782 παράδοσις·
1542 727 1569 761 τ

1944 722 2064 761 mos
2092 706 2306 775 aliaque
2336 704 2535 760 similia
2576 707 2965 774 enuntiamus;
3004 708 3273 777 siquidem
3310 710 3424 764 lucc

94 810 226 880 γὰρ
278 809 510 877 λέγεται
554 810 588 879 ή
626 806 737 859 τῶν
782 803 1097 875 μυστηρίων
1148 801 1467 873 μετάδοσις,
1509 800 1574 853 ἄτ

1944 807 2156 851 amenta
2188 805 2339 851 sunt.
2365 795 2593 861 Quando
2640 796 2802 866 igitur
2832 812 2893 851 ea
2929 813 3047 866 qua:
3084 812 3302 853 sensum
3332 816 3424 853 su-

103 898 448 969 μυούμενον
470 896 751 951 τελειοῦσα
769 912 782 925 ³
816 894 1054 956 καὶτοὺς
1084 891 1467 963 μεμυημένους
1491 889 1583 942 τελ

1940 898 2032 941 ant
2060 902 2161 956 per
2188 902 2276 942 res
2310 888 2537 943 seusiles
2568 888 3059 956 explicamus,tum
3086 902 3275 946 nostra
3307 893 3420 948 haec

100 987 287 1041 καλεῖ
319 988 352 1040 ὁ
393 986 732 1050 Ἀπόστολος,
754 985 927 1053 λέγων
950 1000 964 1013 ·
1004 984 1174 1035 Ὅσοι
1204 981 1318 1035 οὖν
1335 982 1569 1045 τέλειοι,

1942 979 2151 1036 rarcbia
2177 979 2376 1035 similis
2407 990 2491 1037 est
2534 980 2739 1038 ctelcsti
2766 990 2821 1035 et
2850 984 3077 1037 occulta:
3122 1001 3136 1037 :
3171 984 3250 1038 sic
3277 984 3422 1038 enim

101 1090 180 1130 to
211 1076 565 1146 φρονῶμεν.

1944 1076 2055 1129 cuit
2091 1075 2476 1145 mysteriorum
2532 1088 2817 1128 sacrorum
2873 1074 3106 1144 principi
3157 1077 3424 1131 constitu-

100 1170 289 1237 tioni,
322 1185 450 1240 qua:
477 1184 756 1225 sacrorum
789 1169 991 1224 rituum
1013 1175 1326 1223 nostrorum
1386 1166 1523 1220 ordo
1569 1174 1624 1220 et
1675 1166 1895 1222 traditio
1938 1179 2023 1223 est
2088 1187 2104 1223 :
2149 1169 2420 1239 siquidem
2462 1168 2697 1223 initiatio
2738 1183 2833 1222 seu
2880 1167 3179 1238 perfectio,
3236 1185 3425 1226 sacri-

100 1278 247 1317 rum
310 1262 704 1333 mysteriorum
764 1258 1190 1316 communicatio
1240 1265 1605 1326 nuncupatur,
1661 1267 1720 1312 ut
1770 1274 1892 1329 quae
1935 1259 2181 1317 initiatos
2228 1262 2512 1331 perﬁciat;
2557 1271 2721 1329 atque
2762 1260 2840 1315 ita
2886 1246 3249 1325 consecratos.
3294 1277 3421 1333 per-

106 1345 317 1404 fectos
376 1358 539 1404 vocat
594 1348 904 1418 Apostolus,
953 1347 1140 1402 dicens
1178 1363 1195 1402 :
1243 1344 1553 1413 Quicunque
1595 1360 1717 1413 ergo
1749 1347 1971 1418 perfecti
1998 1366 2201 1413 sumus.
2235 1352 2331 1404 hoc
2361 1353 2650 1405 sentiamus
2691 1363 2741 1405 α.

184 1462 217 1533 §
262 1462 354 1516 Ill.
406 1462 711 1533 Εὐδόκησεν
749 1457 841 1515 οὐν
882 1460 916 1531 ἡ
956 1457 1272 1529 τελετάρχις
1314 1454 1602 1527 ίεροθεσία,
1637 1454 1664 1506 ἴ·

1964 1458 2053 1514 lll.
2083 1460 2425 1531 Complacuit
2471 1461 2655 1532 itaque
2688 1462 3073 1532 mysteriorum
3135 1477 3416 1518 sacrormn

102 1554 215 1617 τὰς
266 1554 474 1618 ἀΰλους
502 1556 595 1607 καὶ
623 1553 904 1626 οὐρανίους
947 1551 1225 1623 ἰεραρχίας
1249 1549 1454 1611 ὐλικοῖς
1485 1546 1582 1618 σχή

1940 1553 2062 1623 ιοίρί
2136 1554 2548 1620 constitutioni,
2617 1554 3006 1609 immateriales
3063 1556 3420 1625 ctelestesque

107 1644 213 1697 καὶ
249 1647 495 1714 μορφαῖς
525 1642 844 1716 παραδώσῃ,
887 1644 1034 1705 ὅπως
1071 1639 1349 1707 ἀναλόγως
1389 1638 1497 1691 ἀπὸ
1521 1654 1587 1689 τοι

1933 1644 2175 1699 rarchias
2204 1644 2579 1699 materialibus
2604 1644 2794 1714 ﬁguris
2817 1661 2881 1698 ac
2912 1646 3104 1700 formis
3122 1661 3413 1715 exponere,

105 1734 228 1786 τῶν
265 1735 436 1804 ἱερῶν
458 1735 754 1788 τυπώσεων
772 1735 863 1787 ἐπὶ
887 1734 987 1797 τὰς
1004 1731 1323 1795 ἁτυπὼτους
1354 1731 1449 1784 καὶ
1471 1731 1585 1799 ἀσχ⁴

1934 1750 2023 1804 pro
2048 1744 2206 1804 captu
2232 1744 2417 1790 nostro
2444 1737 2512 1790 ab
2539 1736 2690 1789 hisce
2716 1734 2891 1790 sacris
2920 1735 3414 1802 eﬂ'ormatiouibus,

107 1826 349 1888 τίστους
390 1825 712 1896 ἀναχθῶμεν
755 1824 1063 1892 άναγωγάς.
1098 1824 1241 1894 Ὅρα
1266 1822 1408 1893 γὰρ,
1439 1818 1587 1885 ποιήι

1936 1824 2228 1880 formarum
2249 1826 2653 1896 ﬁgurarumque
2670 1837 2924 1895 expertes
2940 1843 3213 1897 anagogas
3233 1829 3416 1882 tradu-

111 1921 282 1991 φησι,
315 1919 469 1973 κατὰ
505 1920 613 1972 τὸν
641 1921 831 1972 τύπον
856 1918 963 1972 τὸν
983 1916 1295 1985 δειχθέντα
1321 1932 1422 1969 σοι
1444 1931 1458 1944 ·
1504 1914 1591 1966 ὲπε

1933 1933 2045 1971 nnr.
2075 1917 2236 1982 Ecce,
2268 1916 2437 1983 enim,
2473 1918 2667 1987 inquit,
2716 1917 2880 1986 {acies
2916 1919 3207 1973 secundum
3231 1936 3413 1975 exem-

109 2012 355 2065 6uv116v
391 2014 507 2064 ἐστι
535 2011 613 2082 τῷ
642 2010 893 2081 ἡμετέρῳ
926 2009 1008 2063 νοῒ
1041 2009 1177 2079 πρὸς
1203 2008 1304 2079 τὴν
1333 2007 1493 2061 άῦλον
1520 2007 1589 2058 ὲκι

1930 2024 1955 2060 r
1974 2009 2113 2080 quod
2140 2010 2231 2062 tibi
2254 2017 2605 2063 monstratum
2632 2019 2706 2062 est
2733 2009 2759 2047 ι)
2791 2026 2805 2062 :
2834 2009 3273 2079 quandoquidem
3298 2013 3410 2067 ﬁeri

112 2102 484 2174 ἀνυψωθῆναι
526 2104 860 2156 κατάστασιν
906 2100 1128 2172 ἁμέσως
1147 2139 1160 2163 ,
1194 2100 1268 2170 μὴ
1292 2098 1381 2151 διά
1406 2115 1566 2151 τινων

1929 2114 1942 2151 ι
1977 2098 2152 2167 possit
2180 2107 2239 2152 ut
2275 2113 2431 2153 mens
2460 2107 2648 2152 nostra
2679 2099 2744 2151 ad
2785 2099 3209 2155 immateriatam
3253 2102 3409 2157 istam

114 2195 239 2263 ’,τῶν
272 2197 373 2247 καὶ
403 2196 696 2265 σχημάτων
725 2192 1239 2265 χειραγωγουμένῳ,
1271 2190 1363 2243 καὶ
1400 2190 1594 2259 λογιζοι

1931 2190 2281 2245 :stitutioncm
2330 2188 2643 2243 immediate
2691 2188 3031 2259 subrigatur,
3072 2192 3174 2246 nisi
3223 2193 3411 2249 formis

114 2288 183 2336 ὲκ
216 2286 436 2338 τούτων
475 2286 657 2337 ἐκεῖνα
680 2301 693 2314 ·
722 2284 791 2337 τὰ
815 2283 911 2355 μὲν
952 2282 1247 2352 φαινόμενα
1275 2279 1466 2350 κάλλη,
1504 2280 1594 2350 τὴν

1934 2278 2156 2333 busdam
2196 2295 2261 2333 ac
2300 2278 2489 2347 ﬁguris
2536 2280 2690 2350 quasi
2741 2296 2901 2334 manu
2932 2281 3089 2335 ducta
3141 2282 3328 2347 fuerit,
3355 2294 3410 2339 et

115 2373 255 2426 ναοῦ
280 2415 295 2438 ,
322 2374 488 2443 λέγω,
518 2374 779 2445 καλλονὴν
799 2373 892 2426 καὶ⁸
917 2372 1268 2441 εὐπρέπειαν,
1298 2369 1595 2439 ἀπεικονίσι

1934 2369 2019 2423 bis
2062 2368 2151 2423 illa
2203 2369 2521 2439 conjecerit.
2578 2371 2757 2439 Atque
2810 2382 3132 2441 apparentes
3191 2374 3406 2442 quidem

114 2466 221 2534 τῆς
252 2465 499 2536 ἀφανοῦς
522 2466 823 2537 εὐμορφίας
847 2464 1024 2535 ἔχοντι
1042 2481 1055 2494 ⁸
1090 2462 1190 2527 τὰς
1218 2463 1275 2516 δὲ
1298 2462 1387 2516 διὰ
1404 2462 1512 2514 τῶν
1532 2460 1594 2513 θυ

1929 2459 2288 2523 chritudines,
2328 2460 2535 2530 templi,
2579 2461 2724 2527 dico,
2757 2471 3100 2517 venustatem
3145 2477 3211 2516 ac
3250 2466 3409 2518 deco-

122 2557 318 2628 μάτων
362 2557 610 2621 εὐωδίας,
652 2558 750 2627 τῆς
778 2557 977 2628 νοητῆς
1003 2556 1291 2619 διαδόσεως
1323 2553 1602 2625 ὲκτυπώμι

1924 2566 1970 2616 η,
1989 2550 2220 2606 occultae
2238 2550 2385 2605 illius
2405 2552 2710 2607 venustatis
2736 2553 2999 2624 imagines
3022 2570 3130 2624 pra:
3151 2571 3208 2610 se
3229 2555 3404 2622 ferre;

117 2649 412 2702 διαδίδοται
454 2648 563 2719 γὰρ
616 2650 645 2702 ό
688 2647 965 2719 φωτισμδς
1015 2650 1226 2709 ἐκεῖσε,
1291 2645 1367 2709 ὡς
1419 2643 1597 2698 ὲνταῦί

1935 2657 2028 2698 ves
2084 2657 2216 2699 vero
2260 2644 2668 2715 thymiamatum
2724 2646 2940 2709 odores,
2991 2648 3252 2718 spiritalis
3288 2663 3409 2704 esse

120 2740 326 2794 εὐωδία
347 2757 363 2770 ·
394 2740 465 2793 τά
497 2740 554 2793 δὲ
582 2738 691 2792 τῶν
730 2739 917 2810 κηρῶν
945 2739 1039 2791 καὶ
1073 2736 1167 2790 τοῦ
1209 2736 1390 2790 ἐλαίου
1420 2736 1594 2806 φῶτα,

1926 2735 2138 2789 ditionis
2168 2733 2560 2805 eﬁigiationes:
2587 2736 2827 2791 traditur
2856 2740 2999 2792 enim
3027 2739 3136 2794 illic
3165 2740 3406 2795 illustra-

122 2831 475 2901 φωτοχυσίας
502 2831 717 2902 ἐκείνης
744 2830 945 2895 εἰκόνα,
971 2829 1067 2883 καὶ
1094 2828 1195 2899 τῆς
1220 2827 1362 2881 κατά
1400 2827 1525 2881 νοῦν
1563 2845 1602 2879 π

1925 2868 1927 2882 ,
1951 2826 2408 2894 quemadmodum
2435 2826 2523 2881 ltic
2552 2827 2739 2882 odoris
2765 2830 3085 2897 fragrantia.
3114 2831 3405 2887 Cereorunt

122 2922 474 2992 θεωρητικῆς
500 2922 819 2993 πλησμονῆς
846 2938 859 2951 ·
890 2920 952 2973 τὸ
979 2920 1087 2990 γὰρ
1110 2919 1176 2971 ἐκ
1205 2917 1401 2989 μέρους
1431 2918 1576 2970 ἔστιν

1925 2932 2006 2971 em
2037 2916 2250 2986 oleique
2288 2916 2579 2971 luminaria
2625 2928 2751 2973 sunt
2796 2920 2941 2973 illius
2997 2922 3405 2980 illuminatiouis

124 3016 221 3068 καὶ
251 3016 386 3084 ἡμῖν
412 3012 905 3085 καταργηθήσεται,
944 3010 1086 3065 κατά
1122 3010 1213 3063 τὸν
1252 3008 1599 3063 Ἀπόστολον·

1924 3008 2122 3078 igines,
2171 3008 2249 3062 uti
2280 3009 2445 3063 etiam
2487 3008 2632 3063 illius
2677 3012 3132 3080 contemplativa},
3168 3030 3286 3083 quae
3320 3032 3404 3071 se-

124 3105 429 3172 διεξοδικάς
472 3103 793 3175 μαθητείας,
830 3102 931 3167 τάς
970 3102 1060 3155 διὰ
1090 3103 1198 3155 τῶν
1225 3101 1516 3173 ὁρωμένων
1572 3120 1604 3155 τι

1921 3099 2068 3153 idum
2100 3087 2473 3166 meutem'est,
2498 3100 2804 3153 saturitatis
2831 3116 2845 3153 :
2879 3104 3135 3170 quoniam
3177 3106 3228 3157 id
3260 3109 3401 3175 quod

110 3196 337 3267 γμάτων
352 3196 627 3265 καὶλόγων
652 3194 995 3265 πλατυτέρας
1022 3192 1340 3257 ἀποδείξεις.
1377 3190 1471 3253 Τίς
1496 3190 1553 3241 δέ
1581 3191 1590 3241 ἐ

1921 3201 2073 3261 parte
2102 3204 2206 3255 est,
2238 3192 2531 3262 aliquando
2554 3203 2608 3248 et
2633 3194 2813 3260 nobis,
2840 3197 3133 3250 sccuudum
3166 3198 3401 3268 Aposto-

128 3294 160 3361 ἡ
188 3289 501 3362 θεωρητικὴ
529 3288 624 3342 τοῦ
648 3289 769 3352 νοὸς
795 3287 1082 3357 πλησμονή
1106 3303 1121 3351 ;
1163 3286 1244 3339 ὅτι
1286 3283 1462 3355 δῆλον,
1496 3284 1608 3353 ζητά

1924 3301 1961 3349 ι,
2001 3284 2356 3339 evacuabitur
2395 3294 2442 3337 ε.
2476 3282 2690 3339 υἱίῖυειε
2734 3299 2894 3353 porro
2934 3285 3232 3357 disciplina:
3279 3298 3404 3343 sunt

128 3382 251 3444 νοῦς
280 3380 411 3452 περί⁵
452 3379 562 3432 τῶν
608 3379 790 3443 θείων,
828 3378 925 3431 καί⁸
976 3376 1193 3447 θεωρῶν
1237 3369 1441 3438 οὗτινος
1480 3376 1608 3426 ὁπως

1924 3378 2065 3433 iores
2103 3377 2342 3432 visarum
2378 3391 2561 3430 rerum
2604 3392 2669 3431 ac
2711 3393 3023 3433 sermonum
3062 3383 3404 3435 demonstra-

130 3470 482 3543 ὲπιδράξεται
507 3511 523 3536 ,
568 3469 874 3542 πληροῦται
921 3470 978 3523 ὲν
1026 3467 1220 3537 ἐκείνῳ
1244 3467 1337 3519 καλ⁵
1389 3465 1723 3535 κορέννυται.

131 3566 194 3617 TE
226 3566 336 3635 γάρ
356 3568 477 3620 ἐστι
507 3564 616 3618 τῶν
649 3562 829 3625 θείων,
860 3562 997 3632 ὅπερ
1021 3561 1119 3630 οὐχ
1144 3558 1431 3630 ὑπεραίρει
1450 3556 1540 3608 τὸν
1579 3555 1723 3621 νοῦν,

133 3657 223 3709 καὶ
249 3658 350 3729 τὴν
370 3657 555 3726 ἔφεσιν
578 3653 765 3719 αὐτοῦ,
787 3652 973 3723 λίχνην
997 3646 1180 3713 οὖσαν,
1212 3649 1393 3719 ἵστησι
1418 3649 1511 3701 καὶ⁸
1535 3646 1725 3718 κορέν-

132 3765 281 3813 vum;
319 3746 571 3817 καθάπερ
596 3744 811 3816 εἴρηται
833 3758 847 3772 ⁶
893 3739 1234 3810 Ἐμνήσθην
1273 3739 1381 3793 τοῦ
1413 3738 1580 3802 Θεοῦ,
1628 3738 1727 3793 καὶ

130 3837 501 3907 εὐφράνθηνο
533 3835 629 3889 καὶ
665 3833 826 3889 πάλιν
847 3848 861 3863 θ
908 3829 1202 3899 Ἑδίψησέ
1230 3846 1304 3883 σε
1333 3830 1372 3898 ἡ
1395 3829 1565 3898 ψυχή
1581 3849 1722 3900 μου,

133 3935 460 4002 ποσαπλῶς
479 3936 548 3989 δὲ
580 3938 618 4004 ἡ
650 3933 808 4003 σάρξ
824 3949 962 4002 μου.
995 3929 1135 4001 Διψᾷ
1165 3930 1197 3999 ἠ
1228 3928 1395 3999 ψυχὴ,
1424 3930 1519 3982 καὶ
1556 3930 1723 4000 ὲμπι-

135 4031 354 4093 πλᾶται,
401 4029 478 4091 ὡς
506 4028 707 4097 ἔχουσα
746 4022 1024 4093 ἐπιτήδεια
1058 4021 1242 4091 δοχεῖα
1279 4019 1388 4072 τῶν
1438 4019 1598 4072 θείων
1640 4022 1725 4073 ἐν-

133 4119 285 4171 νοιῶν
304 4136 316 4148 ·
344 4115 477 4187 διψᾷ
504 4117 537 4186 ἡ
559 4114 717 4186 σὰρξ,
744 4111 880 4166 ἀλλά
906 4107 1202 4170 ποσαπλῶς
1228 4106 1362 4178 πρὸς
1388 4106 1486 4177 τὴν
1507 4104 1685 4177 ψυχήν
1704 4122 1719 4137 ·

134 4209 253 4262 οὐδὲ
288 4206 397 4278 γὰρ
425 4207 538 4276 ἔχει
563 4203 834 4273 ὑποδοχῆς
882 4199 1315 4269 ἐπιτηδειότητα,
1358 4196 1485 4267 ξένη
1518 4197 1723 4250 παντά-

137 4317 293 4353 πασιν
336 4295 474 4353 οὖσα
515 4297 651 4369 πρὸς
683 4297 783 4360 τάς
823 4295 974 4358 θείας
1023 4292 1118 4347 καί
1172 4289 1369 4362 νοητὰς
1414 4289 1717 4361 ὲμφάσειςυ

138 4387 253 4440 ὅθεν
272 4387 384 4450 καὶ,
412 4386 488 4449 ὡς
516 4383 840 4457 ὑστεροῦσα,
868 4384 957 4436 ἀεὶ
979 4379 1373 4451 ἐπιτεταμένην
1399 4380 1499 4451 τὴν
1536 4378 1618 4448 ἔφε

1539 4378 1719 4448 ἔφεσιν
1748 4446 1791 4457 _
1825 4386 2166 4455 receptacula
2214 4387 2519 4441 divinarum
2564 4387 2956 4457 cogitationum
3005 4403 3019 4440 :

1829 3468 2029 3525 tiones.
2068 3468 2330 3537 Qumnam
2376 3478 2557 3523 autem
2606 3479 2692 3523 est
2736 3470 3153 3540 contemplativa
3206 3474 3402 3529 mentis

1832 3562 2088 3617 satietas?
2141 3564 2362 3631 quando
2413 3560 2665 3616 nimirum
2708 3576 2798 3617 res
2828 3562 3042 3617 divinas
3067 3579 3218 3619 mens
3255 3565 3402 3620 inve-

1828 3652 2016 3722 stigat,
2055 3660 2111 3707 et
2152 3666 2251 3720 per
2293 3650 2805 3720 contemplationem
2852 3653 3127 3722 quidpiam
3157 3668 3399 3723 compre-

1827 3746 2042 3810 hendit,
2092 3745 2328 3817 repletur
2379 3747 2566 3816 utique
2627 3746 2731 3817 ιο
2784 3760 2850 3800 ac
2902 3756 3203 3802 saturatur.
3257 3747 3396 3814 Quid

1825 3839 1967 3894 enim
1993 3847 2077 3893 est
2106 3853 2287 3893 rerum
2333 3839 2665 3903 divinarum,
2710 3838 2852 3906 quod
2883 3854 2992 3893 non
3024 3848 3260 3894 mentem
3287 3841 3397 3893 ele-

1824 3938 1937 3996 vet,
1972 3938 2135 4000 atque
2182 3931 2432 3984 aﬂ‘ectum
2473 3930 2616 3999 ejus,
2658 3930 2749 3999 qui
2788 3932 3031 3999 quaedam
3079 3930 3248 3985 fames
3286 3946 3393 3999 est,

1825 4023 1986 4077 sistat
2026 4031 2080 4075 et
2129 4022 2403 4076 exsatiet?
2445 4022 2900 4090 quemadmodum
2947 4022 3209 4091 scriptum
3260 4034 3391 4080 est:

1826 4112 2029 4166 Memor
2075 4113 2155 4181 fui
2196 4112 2327 4176 Dei,
2384 4123 2431 4166 et
2477 4111 2762 4165 delectatus
2808 4128 2925 4165 sum
2970 4111 3036 4177 ἀς
3068 4114 3344 4169 etilerum
3373 4100 3408 4167 ι’

1824 4203 1997 4258 Sitivit
2032 4204 2087 4255 in
2120 4215 2168 4257 te
2195 4205 2373 4257 anima
2403 4221 2540 4269 mea,
2575 4220 2731 4273 quam
2764 4203 3119 4272 multipliciter
3141 4205 3233 4258 tibi
3264 4223 3393 4259 caro

1821 4310 1935 4349 mea
1964 4305 2008 4348 θ.
2036 4293 2163 4349 Sitit
2193 4296 2368 4349 anima
2411 4310 2474 4349 ac
2505 4295 2761 4363 repletur,
2812 4304 2996 4364 utpote
3032 4295 3240 4348 habens
3266 4306 3389 4365 apta

3069 4387 3186 4441 sitit
3233 4402 3387 4451 caro,

140 4480 263 4551 ἔχει,
288 4482 316 4533 ό
337 4446 395 4533 δέ
424 4446 546 4542 νοῦς
574 4446 681 4547 πλῆ
691 4494 788 4549 ρης
806 4477 1033 4545 γίνεται,
1057 4446 1261 4537 οὗτινος
1281 4446 1347 4526 ἂν
1368 4446 1467 4525 καὶ.
1493 4446 1620 4542 ἆψηπ

1906 4478 1916 4530 l
1971 4492 2132 4547 quam
2184 4476 2557 4548 multipliciter
2613 4486 2864 4548 respectu
2915 4478 3143 4543 animae;
3212 4494 3386 4547 neque

140 4569 343 4638 Ταύτης
379 4563 473 4620 οὖν
503 4567 605 4636 τῆς
645 4566 967 4637 πλησμονῆς
1003 4566 1211 4627 εἰκόνες
1237 4563 1373 4616 εἰσὶν
1398 4563 1454 4617 αἱ
1490 4561 1579 4615 διά
1609 4560 1719 4615 τῶν

140 4661 301 4727 λόγων
333 4658 671 4728 ἀποδείξεις,
712 4658 825 4719 τοῖς
870 4657 1256 4727 ἐπιχειρήμασι
1296 4650 1713 4723 πλατυνόμεναι.

142 4746 248 4819 Τῆς
285 4749 338 4803 δὲ
385 4749 474 4802 ἀεὶ
528 4749 622 4801 καὶ
662 4746 926 4810 ὡσαύτως
980 4745 1209 4816 ἐχούσης
1254 4745 1349 4798 καὶ
1375 4742 1715 4813 τεταγμένης

142 4839 268 4911 πρὸς
286 4838 353 4891 τά
383 4837 503 4890 θεῖα
528 4837 695 4904 ἕξεως
713 4876 728 4902 ,
771 4835 853 4907 (οὐ
882 4836 991 4905 γὰρ
1012 4835 1208 4901 ἀταξία
1230 4851 1313 4896 τις
1350 4835 1549 4897 ἐκεῖσε,
1594 4830 1710 4884 ἀλλ’

142 4931 442 5003 ἐναρμόνιος
469 4929 602 4995 ἕξις,
644 4927 720 4991 ὡς
743 4928 830 4980 ἀεὶ
874 4927 1005 4998 περὶ
1036 4926 1167 4979 αὐτὸ
1190 4925 1298 4978 τῶν
1335 4923 1493 4976 θείων
1524 4921 1709 4993 μενόν-

140 5042 276 5089 των,
310 5022 421 5076 τῶν
462 5020 749 5093 ἡμετέρων
788 5021 846 5073 ὲν
887 5020 1128 5091 διηνεκεῖ
1166 5019 1265 5088 ῥοῇ
1310 5012 1707 5085 φαινομένωνο)

140 5115 328 5169 τούτων
355 5108 449 5169 οὖν
475 5114 584 5167 τῶν
608 5112 957 5182 τεταγμένων
976 5111 1141 5177 ἕξεων
1165 5108 1378 5169 εἰκόνας
1401 5106 1500 5169 τὰς
1519 5103 1707 5158 ἐνθάδε

144 5208 321 5279 ἔχομεν
353 5205 553 5272 τάξεις,
574 5206 701 5268 τοὺς
729 5205 773 5256 is
784 5203 1035 5275 ρατικοὺς
1059 5199 1317 5271 βαθμοὺς,
1338 5197 1439 5259 τὰς
1467 5196 1703 5259 στάσεις,

142 5297 234 5359 τὰς
269 5294 689 5368 καθέδρας,[τὰς
732 5292 943 5359 στολὰς,
981 5293 1075 5347 καί¹
1112 5290 1166 5344 εῐ
1192 5308 1246 5344 τι
1272 5286 1699 5357 τοιουτότροπον,

144 5389 293 5461 αἴπερ
317 5388 415 5458 τὴν
436 5386 590 5453 τάξιν
620 5386 1036 5458 ἀπαράλλακτον
1065 5382 1271 5453 ἔχουσι,
1297 5380 1392 5433 καί
1422 5377 1577 5439 τέλος
1601 5376 1703 5446 τῆς

156 5479 313 5551 Ἰησοῦ
348 5478 635 5549 μετουσίας
659 5479 757 5550 τὴν
787 5477 935 5531 θείαν
963 5473 1292 5548 μετάληψιν,
1328 5471 1395 5543 ἣν
1420 5469 1516 5524 καὶ
1535 5467 1700 5537 εὐχα-

147 5572 336 5644 ριστίαν
376 5570 545 5639 λέγει,
568 5570 644 5635 ὡς
667 5569 761 5624 τοῦ
792 5569 996 5641 Κυρίου
1018 5570 1051 5639 ἡ
1061 5567 1195 5639 μῶν,
1223 5565 1384 5636 ἡνίκα
1414 5559 1697 5632 παρεδίδου

1815 4566 1961 4623 enim
1994 4569 2155 4623 habet
2175 4568 2533 4637 aptitudinem
2566 4570 2886 4638 recipiendi,
2917 4584 3037 4623 cum
3064 4572 3138 4624 sit
3164 4570 3387 4625 omnino

1815 4668 2077 4713 extranea
2133 4659 2333 4714 divinis
2385 4670 2440 4714 et
2493 4660 2827 4729 spiritalibus
2876 4659 3381 4713 insinuatiouibus:

1812 4759 2142 4821 quapropter
2171 4760 2429 4821 tanquam
2459 4765 2651 4821 egena,
2685 4750 2950 4804 intentum
2976 4763 3190 4818 seraper
3219 4750 3384 4805 habet

1808 4847 2138 4914 appetitum,
2187 4858 2338 4897 mens
2395 4853 2572 4897 autem
2624 4857 2838 4913 semper
2887 4842 3043 4911 plena
3112 4851 3196 4896 est
3261 4842 3381 4910 ejus

1812 4937 1955 5006 quod
2016 4934 2394 5005 apprehendit.
2470 4932 2641 5004 Hujus
2704 4949 2836 5003 ergo
2902 4933 3171 4987 satietatis
3242 4934 3381 4989 ima-

1811 5029 1965 5098 gines
2019 5036 2175 5092 sunt,
2231 5040 2539 5079 sermonum
2595 5026 3086 5079 demonstrationes
3151 5024 3379 5081 rationi-

1810 5120 1911 5173 bus
1938 5118 2191 5171 dilatatae.
2208 5116 2378 5171 Porro
2397 5116 2514 5185 ejus
2536 5130 2655 5184 qum
2681 5131 2893 5185 semper
2911 5123 2965 5169 et
2991 5116 3180 5170 eodem
3214 5117 3376 5172 modo

1809 5223 1867 5263 se
1898 5209 2059 5263 habet
2086 5217 2233 5262 recte
2275 5208 2342 5261 ad
2368 5208 2581 5260 divinas
2626 5222 2711 5261 res
2756 5206 3017 5259 ordinata:
3045 5205 3377 5262 babitudiuis

1809 5301 1974 5371 (nulla
2005 5302 2148 5354 enim
2180 5299 2252 5354 ibi
2282 5298 2647 5363 inordinatio,
2694 5297 2789 5351 sed
2833 5297 3059 5351 omnino
3101 5298 3373 5353 concinna

1807 5392 2151 5455 constitutio,
2181 5393 2383 5462 quippe
2410 5391 2555 5444 circa
2581 5390 2720 5445 idem
2749 5402 2963 5458 semper
2983 5388 3180 5444 divinis
3211 5390 3375 5445 rebus

1808 5483 2177 5545 manentibus,
2212 5483 2478 5550 nobisque
2516 5481 2737 5550 perenni
2760 5479 2907 5533 ﬂuxu
2936 5481 3371 5550 apparentibus),

1808 5580 2020 5645 barum,
2048 5578 2289 5645 inquam,
2315 5576 2687 5632 ordiualarum
2707 5571 3080 5628 habitudiuum
3106 5573 3371 5643 imagines

223 5757 247 5786 ι
282 5743 417 5798 Phil.
456 5759 539 5817 ut,
574 5743 662 5799 15.
738 5742 769 5783 ι)
808 5741 978 5799 Exod.
1014 5756 1136 5797 xxv.
1171 5738 1258 5795 ιο.
1301 5749 1321 5777 ο
1355 5737 1371 5792 l
1404 5736 1519 5793 Cor.
1564 5751 1682 5793 xm.

1446 5753 1519 5793 or.
1564 5751 1682 5793 xm.
1714 5732 1798 5789 l0.
1876 5730 1902 5772 ά
1939 5730 2079 5786 Psal.
2110 5746 2296 5787 Lxxvr.
2328 5729 2379 5782 4.
2461 5740 2483 5769 ε
2517 5727 2654 5782 Psal.
2706 5742 2840 5781 tht.
2868 5728 2922 5785 2.
