3748 6322
376 255 485 312 155

1550 248 1607 307 S.
1645 248 1941 307 DIONYSH
1976 248 2438 307 AREOPAGITJE

3549 258 3651 314 {36

376 380 505 427 sunt
531 370 631 437 illi,
661 386 801 441 quos
826 371 915 427 hic
940 369 1203 424 habemus
1224 407 1240 435 ,
1266 367 1507 431 ordincs,
1540 370 1681 423 sacri
1719 369 1943 438 gradus,

2142 368 2382 423 τοιοῦτον
2423 368 2565 422 θεῖον
2606 366 2935 441 μυστήριον,
2977 369 3522 443 εὐχαριστήσαντος4
3559 377 3651 428 καὶ

372 465 657 527 stationes,
689 463 991 527 cathedrae,
1022 462 1194 521 stolae,
1236 470 1292 514 et
1333 460 1375 514 si
1418 475 1540 529 quae
1588 469 1713 513 sunt
1738 460 1948 526 ejusce-

372 556 554 619 modi,
581 569 702 623 quae
744 555 987 608 ordinem
1028 555 1230 609 habent
1262 550 1673 613 immutabilem,
1706 566 1767 606 ac
1794 552 1946 605 deni-

371 660 477 714 que
520 644 646 701 Jesu
708 646 1144 715 participationis
1192 645 1429 698 divinam
1479 644 1943 708 communionem,

370 750 534 804 quam
594 744 648 791 et
693 737 1080 791 eucharistiam
1134 745 1293 790 vocat
1332 753 1346 789 :
1380 749 1446 789 eo
1489 735 1631 805 quod
1681 735 1947 789 Dominus

370 842 582 893 neSter,
625 829 843 897 quando
886 828 1126 881 divinum
1174 827 1301 880 illud
1349 826 1662 897 mysterium
1694 827 1944 891 tradidit,

2049 457 2205 528 ἡμῶν
2247 459 2565 527 ὀφειλόντων
2600 458 2959 530 εὐχαριστεῖν,
2998 461 3079 514 ὅτι
3122 463 3376 518 τοιούτων
3407 462 3651 533 ἀγαθῶν

2048 551 2458 621 τετυχήκαμεν·
2511 552 2604 604 καὶ
2644 551 2746 605 ὅσα
2786 551 2941 615 ἄλλα,
2977 554 3207 618 ἐκείνοις
3253 555 3351 627 μὲν
3392 561 3647 634 dmpsit).

2050 641 2224 710 σμίως
2252 641 2344 694 καὶ
2365 640 2504 712 ὑπὲρ
2530 641 2833 713 ἄνθρωπον,
2856 644 2987 715 ἡμῖν
3002 644 3059 696 δὲ
3083 646 3428 717 συμϐολικῶς
3458 670 3649 723 παρις

2045 733 2271 797 δέδοται,
2295 735 2389 787 καὶ¹
2406 734 2494 787 διὰ
2512 735 2751 805 σημείων
2775 751 2788 765 '
2818 736 3062 808 οὐδὲγὰρ
3086 738 3260 804 ἄλλως
3279 742 3425 797 ἐστὶν
3452 744 3645 799 ἐκεῖνα

2049 826 2259 896 μαθεῖν,
2294 825 2355 879 τὸ
2394 827 2539 895 παχὺ
2564 826 2721 879 τοῦτο
2749 827 2970 898 σαρκίον
2999 830 3411 901 περιφέροντας.

371 920 573 989 gratias
604 920 806 990 egerit;
853 920 1114 988 nobisque
1158 919 1269 972 sint
1297 920 1519 988 agendae
1559 918 1778 988 gratiae,
1819 918 1961 985 quod
2004 919 2164 970 lamis
2210 917 2368 974 bonis
2414 918 2574 987 potiti
2620 918 2825 985 simus,
2867 928 2922 973 et
2964 935 3298 993 quazcunque
3349 926 3464 979 alia
3517 927 3643 982 aliis

369 1014 585 1082 quidem
633 1014 1151 1083 supermundialiter
1193 1029 1464 1085 supraque
1507 1013 1814 1075 hominem,
1863 1014 2017 1068 nobis
2059 1024 2239 1067 autem
2284 1014 2577 1085 symbolice
2620 1015 2816 1070 tradita
2864 1024 3010 1081 sunt,
3059 1026 3114 1071 et
3163 1033 3259 1088 per
3300 1019 3503 1088 signa;
3552 1035 3647 1076 ne-

371 1119 478 1174 que
507 1105 649 1159 enim
676 1105 837 1159 aliter
864 1115 949 1159 est
973 1106 1078 1161 ista
1126 1122 1305 1169 nosre,
1352 1108 1477 1160 dum
1518 1121 1756 1161 crassam
1806 1108 1944 1163 hanc
1971 1122 2190 1162 carnem
2222 1106 2687 1163 eirenmlerimus.

436 1194 671 1265 Pr0pter
703 1198 843 1251 hanc
876 1196 1059 1268 itaque
1085 1206 1325 1253 nostram
1357 1212 1454 1266 pro
1492 1198 1753 1268 cujusque
1783 1210 1943 1267 captu

366 1290 774 1346 deiﬁcationem
803 1290 891 1361 (eo
921 1293 1067 1345 enim
1107 1307 1213 1361 quo
1255 1307 1540 1361 possumus
1567 1293 1725 1347 modo
1757 1293 1943 1347 initia-

366 1397 521 1447 mur;
555 1384 891 1438 sensibiliter
920 1386 1142 1453 quidem
1165 1425 1181 1451 ,
1214 1386 1266 1439 in
1308 1396 1572 1455 quantum
1609 1400 1770 1440 sensu
1810 1384 1946 1438 vivi-

366 1491 507 1539 mus,
555 1477 769 1533 ratione
794 1478 948 1531 nobis
997 1479 1340 1534 convenienti
1382 1494 1479 1547 per
1508 1477 1786 1547 symbola;
1832 1477 1945 1546 spi-

366 1568 600 1623 ritaliter
622 1584 772 1636 vero,
804 1572 853 1624 in
882 1580 1140 1639 quantum
1167 1580 1346 1625 mente
1369 1571 1758 1641 gubernantur,
1783 1570 1943 1624 modo

364 1661 523 1715 nobis
559 1665 972 1717 accommodato
1018 1679 1113 1730 per
1153 1674 1502 1732 apparentem
1552 1661 1939 1732 mystagogiam

363 1760 420 1806 et
471 1752 893 1809 illustrationem
947 1769 963 1807 :
1016 1754 1281 1822 siquidem
1324 1754 1470 1807 illam
1519 1753 1939 1807 illustrationem

363 1852 767 1908 deilieationem
820 1856 1003 1911 vocat,
1048 1846 1191 1916 quod
1248 1846 1432 1913 utique
1483 1856 1567 1899 est
1609 1843 1942 1914 perfeCIissi-

362 1958 508 1997 mum
567 1959 582 1995 :
637 1955 735 2007 per
801 1937 1061 1992 inferiora
1128 1950 1360 2004 namque
1423 1935 1705 2005 superiora
1773 1935 1940 1989 disci-

360 2046 516 2097 mus;
580 2046 677 2101 per
750 2028 837 2084 illa
880 2044 1009 2083 vero
1058 2030 1263 2083 unitive
1312 2027 1673 2095 deiﬁcamur);
1721 2035 1942 2095 propter

359 2126 475 2180 haec
499 2125 686 2195 igitur,
717 2124 959 2193 inquam,
984 2122 1248 2191 benignus
1281 2120 1370 2174 ille
1398 2117 1758 2174 sacerdotalis
1783 2117 1938 2179 ordo,

360 2217 703 2271 hierarchias
737 2217 873 2270 istas
902 2217 1132 2284 ﬁgurate
1174 2212 1553 2277 manifestans,
1583 2220 1941 2277 nostramque

358 2308 503 2362 hanc
556 2307 923 2361 hierarchiam
974 2305 1047 2357 illi
1086 2305 1139 2357 in
1192 2303 1366 2357 sacris
1402 2302 1704 2359 associans,
1733 2314 1935 2354 secun-

358 2396 488 2449 dum
515 2412 636 2450 eam
670 2413 789 2466 quae
820 2397 937 2450 dari
955 2404 1170 2467 poterat
1199 2392 1938 2455 similitudinem,sensilibus

360 2476 815 2553 imaginibus'rcs
848 2485 1147 2539 invisibiles
1176 2484 1500 2553 quibusdam
1539 2499 1706 2538 sacra:
1738 2498 1803 2537 ac
1836 2483 1933 2551 ιι

360 2578 558 2632 divinae
586 2594 811 2648 prorsus
840 2577 1135 2646 Scriptura:
1172 2576 1306 2631 locis
1334 2576 1658 2644 descripsit;
1701 2589 1807 2643 quo
1840 2591 1936 2629 nos

360 2676 459 2735 per
488 2669 765 2723 sensibilia
799 2670 864 2722 ad
901 2668 1174 2738 spiritalia
1213 2667 1541 2732 traduceret,
1575 2681 1673 2721 nec
1702 2681 1808 2721 non
1842 2681 1938 2734 per

358 2761 509 2829 signa
542 2762 657 2815 hzec
702 2762 767 2816 ad
814 2761 1065 2816 caelestes
1118 2758 1235 2814 illas
1267 2758 1543 2827 simplires
1582 2758 1935 2827 compositio-

359 2855 550 2922 nisque
602 2864 854 2923 expertes
906 2854 1218 2908 altitudines
1266 2867 1331 2907 ac
1374 2853 1769 2907 summitates:
1805 2867 1929 2906 nam

357 2944 704 2999 summitates
758 2945 994 2999 solemus
1040 2944 1559 3025 appellarehquod
1623 2946 1676 2998 in
1743 2946 1933 3013 quavis

353 3035 589 3087 essentia
624 3035 1131 3105 praestantissimum
1168 3045 1281 3099 est,
1328 3035 1491 3099 sicut,
1540 3036 1691 3091 verbi
1734 3036 1929 3105 gratia,

2125 1200 2326 1253 Ἕνεκα
2382 1200 2511 1267 γοῦν
2577 1198 2780 1269 ταύτης
2842 1200 2944 1271 τῆς
2996 1200 3152 1271 ἡμῶν
3213 1201 3271 1269 ἐξ
3334 1203 3643 1272 ἀναλογίας

2050 1290 2328 1355 θεὼσεως,
2381 1291 2459 1362 (ὃν
2519 1290 2627 1363 γὰρ
2679 1293 2876 1363 τρόπον
2919 1292 3224 1363 δυνάμεθα,
3284 1293 3481 1348 τοῦτον
3549 1297 3642 1350 καὶ

2046 1380 2378 1452 τελούμεθαο
2415 1381 2685 1451 αἰσθητῶς
2726 1382 2843 1453 μὲν,
2874 1383 2995 1435 καθ’
3031 1384 3059 1435 ὃ
3108 1384 3353 1456 αἰσθήσει
3386 1385 3635 1450 ζῶντες,

2047 1475 2323 1544 ἀναλόγως
2378 1474 2467 1528 διὰ
2520 1474 2799 1546 συμϐόλων
2819 1492 2833 1506 ο
2898 1475 3104 1545 νοητῶς
3151 1476 3229 1540 δὲ,
3293 1478 3416 1530 καθ’
3476 1479 3509 1531 ὃ
3561 1478 3639 1531 νοῒ

2045 1565 2400 1636 διοικούμενοι
2451 1566 2727 1635 ἀναλόγως
2779 1566 2866 1619 διὰ
2914 1567 3015 1638 τῆς
3059 1568 3468 1641 ἐμφαινομένης
3538 1590 3637 1643 μυ-

2048 1654 2355 1723 σταγωγίας
2392 1672 2450 1708 τε
2509 1656 2601 1708 καὶ
2655 1654 3002 1725 ἐλλάμψεως·
3059 1657 3156 1729 τὴν
3212 1657 3319 1730 γὰρ
3357 1660 3639 1731 ἕλλαμψιν

2045 1746 2237 1801 θέωσιν
2270 1748 2437 1816 λέγει,
2465 1747 2623 1800 τοῦτο
2647 1746 2703 1799 δέ
2732 1748 2847 1800 ἐστι
2886 1748 2945 1801 τὸ
2971 1748 3305 1803 τελειότατον
3326 1768 3338 1781 ·
3384 1752 3483 1805 διὰ
3529 1754 3635 1825 γὰρ

2041 1839 2150 1893 τῶν
2174 1839 2325 1893 κάτω
2351 1840 2419 1893 τὰ
2438 1839 2549 1895 ἀνω
2574 1841 2912 1911 μανθάνομεν
2931 1880 2946 1903 ,
2988 1841 3053 1894 δι’
3089 1842 3308 1895 ἐκείνων
3336 1843 3393 1895 δὲ
3423 1844 3635 1896 ἀνατα-

2036 1932 2209 1996 τικῶς
2233 1932 2501 2003 θεούμεθα
2520 1933 2558 2003 ·)
2578 1932 2779 1987 τούτων
2801 1934 2963 1988 ἕνεκα
2989 1933 3213 2006 τοίνυνή
3243 1935 3633 2008 φιλάνθρωπος

2044 2026 2291 2099 ίερατικὴ
2335 2026 2879 2097 τάξις,,ὲμφαίνουσα
2919 2029 3163 2092 τυπικῶς
3212 2029 3311 2092 τὰς
3341 2031 3633 2103 ίεραρχίας

2041 2118 2276 2183 ὲκείνας,
2314 2121 2407 2173 καὶ
2437 2119 2646 2190 ταύτην
2673 2120 2772 2191 τὴν
2822 2118 2943 2173 καθ’
2990 2120 3135 2191 ἡμᾶς
3170 2120 3454 2192 ίεραρχίαν
3504 2122 3629 2174 συλ-

2040 2209 2347 2282 λειτουργὸν
2381 2212 2598 2283 ἐκείνης
2643 2212 2869 2266 ποιοῦσα
2916 2211 3058 2266 κατὰ
3086 2211 3185 2284 τὴν
3225 2214 3361 2285 πρὸς
3390 2214 3628 2284 δύναμιν

2036 2301 2392 2373 ἀφομοίωσιν,
2420 2306 2476 2356 ὲν
2501 2298 2783 2375 αἰσθηταῖς
2831 2303 3001 2356 εἰκόσι
3050 2302 3120 2355 τὰ
3159 2303 3362 2356 ἀθέατα
3384 2304 3625 2375 ἀνεγρά-

2037 2391 2197 2461 ψατο,
2234 2392 2337 2445 ποῦ
2370 2393 2426 2446 δὲ
2456 2395 2512 2446 ὲν
2542 2396 2662 2457 ταῖς
2708 2395 2879 2465 ἱεραῖς
2913 2394 3005 2446 καὶ
3031 2393 3201 2457 θείαις
3233 2395 3455 2457 πάντως
3486 2397 3626 2467 Γρα-

2040 2488 2173 2555 φαῖς
2236 2485 2385 2548 ὅπως
2439 2485 2504 2538 ἂν
2558 2488 2705 2557 ἡμᾶς
2762 2486 3023 2555 ἀναγάγοι
3071 2486 3158 2539 διὰ
3197 2486 3304 2539 τῶν
3342 2487 3619 2558 αἰσθητῶν

2038 2577 2130 2629 ἐπὶ
2160 2574 2230 2629 τὰ
2263 2575 2447 2647 νοητὰ,
2484 2577 2577 2629 καὶ
2610 2576 2701 2629 διά
2743 2577 2849 2629 τῶν
2892 2576 3132 2646 σημείων
3161 2575 3365 2630 τούτων
3395 2578 3494 2629 ἐπὶ
3527 2576 3622 2639 τὰς

2035 2667 2145 2721 τῶν
2174 2668 2438 2739 οὐρανίων
2477 2670 2655 2733 ἁπλᾶς
2678 2671 2769 2723 καὶ
2799 2668 3123 2731 ἀσυνθέτους
3164 2667 3397 2739 ὑψώσεις
3425 2686 3489 2721 τε
3531 2669 3621 2722 καὶ

2034 2760 2370 2831 ἀκρότητας·
2410 2761 2716 2833 ἀκρότητας
2748 2762 2855 2833 γὰρ
2884 2760 3152 2832 εἰώθαμεν
3185 2760 3368 2814 καλεῖν
3397 2760 3462 2813 τὸ
3489 2761 3619 2831 κρά-

2032 2867 2214 2903 τιστον
2258 2850 2475 2920 ἁπάσης
2525 2851 2744 2914 οὐσίας·
2786 2850 2893 2916 ὡς,
2945 2850 3076 2923 φέρε
3115 2850 3327 2915 εἰπεῖν,
3376 2850 3618 2920 ἀκρότης

2030 2941 2211 3013 ψυχῆς
2234 2944 2263 2996 ὀ
2290 2940 2446 3005 νοῦς·
2474 2944 2569 2997 καὶ
2590 2943 2791 3015 ἔρωτος
2812 2944 3048 3015 ἀκρότης
3070 2947 3098 2999 ὁ
3123 2944 3382 3016 διάπυρος
3413 2942 3583 3005 πόθος
3600 2959 3612 2969 ·

2034 3035 2129 3087 καὶ
2158 3034 2257 3104 τῆς
2290 3034 2412 3087 καθ’
2445 3037 2589 3106 ἡμᾶς
2624 3036 2904 3107 ἱεραρχίας
2944 3038 2977 3108 η
3009 3036 3235 3109 οὐρανία.
3264 3036 3365 3089 οὐκ
3385 3033 3613 3088 ἀπεικό-

354 3138 526 3189 mens,
545 3126 739 3179 anima:
756 3126 1041 3181 summitas
1061 3128 1394 3196 appellatur;
1420 3136 1473 3180 et
1494 3127 1694 3181 amoris
1710 3126 1935 3180 summi-

2125 3140 2145 3186 ς
2177 3123 2415 3194 ἀκρότης
2448 3126 2583 3178 ὲστί.

354 3228 459 3280 tas,
508 3217 722 3273 fervens
768 3218 1121 3285 desiderium,
1177 3222 1419 3291 adeoque
1447 3230 1648 3276 nostrae
1679 3219 2000 3274 hierarchiae
2035 3218 2343 3282 summitas,
2384 3218 2475 3271 Illa
2504 3218 2745 3274 ccelestis
2787 3234 2893 3275 non
2934 3219 3204 3276 immerito
3246 3229 3608 3289 nuncupatur.

834 3564 1212 3653 CAPUT
1304 3565 1439 3650 Il.

355 3695 510 3765 Quod
558 3706 676 3767 apte
714 3714 795 3752 res
847 3700 1037 3753 divime
1092 3709 1249 3769 atque
1286 3701 1515 3754 cmlesles
1569 3701 1914 3755 dissimilibus

765 3770 923 3822 etiam
956 3771 1119 3838 signis
1152 3771 1499 3838 explicentur.

2393 3562 3039 3650 ΚΕΦΑΛΑΙΟΝ
3111 3560 3228 3650 Β”.

2029 3700 2148 3754 Ὅτι
2177 3702 2520 3769 πρεπόντως
2552 3702 2624 3756 τὰ
2654 3703 2778 3756 θεῖα
2810 3701 2907 3755 καί
2941 3701 3187 3770 οὐράνια
3229 3701 3327 3754 καὶ
3354 3700 3463 3755 διὰ
3488 3702 3602 3755 τῶν

2303 3773 2599 3842 ἀνομοίων
2621 3774 2940 3844 συμϐόλων
2960 3773 3320 3843 ἐκφαίνεται.

1663 3928 1998 3984 SYNOPSIS
2032 3929 2328 3989 CAPlTlS.

351 4090 389 4139 l.
419 4086 735 4155 Facitoperis
755 4087 901 4154 hujus
920 4086 1321 4155 distributionem:
1350 4088 1410 4137 ll.
1440 4089 1616 4155 Mopet,
1651 4086 1835 4155 ﬁguras
1857 4085 1987 4147 illas,
2007 4086 2183 4155 quibus
2208 4102 2285 4138 res
2313 4086 2525 4155 cretestes
2547 4100 2603 4155 ae
2627 4085 2870 4155 spiritales
2902 4085 3255 4155 descrilmntur,
3288 4087 3430 4155 rebus
3478 4088 3594 4155 ipsis

407 4163 510 4215 esse
529 4147 790 4215 dissimiles
805 4147 889 4215 {et
906 4148 1050 4215 simul
1070 4147 1659 4215 objectiouippcurrit,ne
1675 4147 1908 4215 fationegn
1928 4147 2110 4215 reddit,
2135 4163 2224 4198 cur
2248 4148 2407 4214 magis
2425 4147 2710 4215 expediebat
2731 4164 2810 4215 res
2832 4149 2964 4215 istas.
2987 4148 3197 4200 cmlesles
3223 4147 3387 4215 rerum
3411 4147 3593 4215 ignobi-

407 4209 583 4278 liorum
602 4209 772 4278 {armis
792 4208 1047 4278 delineari,
1073 4208 1215 4278 quant
1234 4209 1539 4278 nobiliarum.
1568 4211 1650 4278 ιιι.
1669 4209 1902 4278 Ostendit
1914 4210 2157 4278 duplicent
2177 4224 2281 4261 esse
2298 4208 2454 4278 δᾶοῖμδ
2480 4208 2817 4278 descriptionis
2852 4209 3047 4278 modum
3075 4249 3085 4260 .
3111 4225 3255 4261 unum
3274 4208 3474 4278 seilice't,
3508 4227 3591 4276 per

406 4269 621 4340 similes,-
644 4272 866 4340 olterunt,
888 4286 974 4330 per
993 4269 1255 4340 dissimiles
1275 4270 1459 4340 ﬁgures
1483 4284 1500 4320 :
1520 4269 1589 4319 uti
1615 4270 1760 4321 etiam
1778 4272 1839 4340 de
1864 4272 1965 4340 Deo
1985 4269 2217 4340 quietiam
2230 4285 2323 4340 per.
2339 4269 2704 4340 afﬁrmationes,
2732 4280 2776 4323 et
2796 4272 3020 4337 quwdam
3042 4286 3129 4340 per
3155 4271 3431 4340 negationes
3464 4269 3591 4340 prte-

408 4330 609 4399 dioari;
630 4338 677 4399 e_t
695 4331 965 4399 negationes
990 4334 1057 4399 uit
1078 4330 2045 4399 afﬁrnz_a'ti'on_ibus_prmstm-e,_et_absonits
2068 4330 2410 4399 similitudines
2430 4332 2496 4382 ad
2520 4330 2727 4399 mentem
2744 4330 2955 4399 nostram
2992 4330 3273 4399 er'igendu'm
3295 4348 3398 4399 esse
3432 4330 3590 4399 aptio-

408 4406 506 4443 res.
533 4393 621 4461 lV._
641 4391 833 4461 Tradit,
853 4407 917 4461 ατ
930 4394 1079 4461 “rebus
1100 4391 1319 4461 omnibus
1337 4391 1523 4461 aliquid
1548 4392 1655 4461 boni
1675 4391 1838 4461 colligi
1862 4407 2018 4456 posse,
2042 4392 2251 4461 etsinml
2268 4394 2496 4461 emplieat,
2522 4396 2759 4461 quonwrlo
2778 4393 3025 4461 passiones
3044 4391 3151 4453 iFw,
3176 4391 3585 4461 concupisqeiztiaf,

409 4461 556 4521 etres
579 4453 764 4521 similes
788 4453 1110 4521 intelligenda:
1129 4453 1240 4521 sint,
1262 4453 1659 4521 quandqangelis
1692 4453 2032 4521 attribuuntur.
2070 4456 2127 4521 Υ.
2153 4453 2369 4521 Ostendit
2393 4453 2632 4521 quomodo
2673 4453 2818 4508 etiam
2842 4456 3040 4519 ipsemet
3085 4460 3211 4509 Deus
3238 4456 3289 4506 in
3317 4453 3587 4521 Scripturis

404 4514 665 4578 aliquando
684 4530 714 4565 a
737 4513 962 4577 summis:
980 4513 1299 4580 aliquando}:
1322 4513 1519 4577 mediis,
1539 4513 1802 4580 illiquando
1821 4517 1967 4567 etiam
1982 4530 2012 4565 α
2032 4517 2173 4568 rebus
2192 4516 2376 4581 inﬁmis
2403 4513 2754 4570 denominetur.

1908 4667 2016 4742 ξι.

416 4843 535 4901 Mea
562 4846 752 4916 utique
780 4847 1074 4914 sententia,
1109 4847 1345 4918 primum
1385 4848 1601 4917 quidem
1644 4862 1909 4917 exponen-

2125 4849 2206 4922 ἱρὴ
2236 4849 2542 4920 τοιγαροῦν,
2571 4850 2647 4913 ὡς
2686 4851 2857 4921 οἶμαι,
2904 4851 3117 4923 πρῶτον
3159 4851 3431 4916 ἐκθέσθαι,
3465 4852 3581 4904 τίνα
3714 4890 3715 4935 γ

342 4939 492 5005 dum,
542 4954 702 5008 quem
748 4940 929 4994 omnis
961 4939 1286 4994 hierarebiaa
1329 4954 1553 5009 scopum
1609 4953 1731 4996 esse
1777 4954 1909 4995 cen-

341 5044 580 5095 seamus,
614 5032 855 5100 quidque
883 5032 996 5085 suis
1031 5032 1287 5100 qua-libet
1331 5031 1533 5087 divinis
1572 5031 1907 5100 contempla-

340 5120 555 5174 toribus
587 5122 763 5187 prosit
810 5139 825 5175 :
873 5122 1067 5175 deinde
1107 5137 1237 5176 vero
1275 5123 1531 5179 cwlestes
1582 5122 1907 5178 bierarcbia:

337 5211 701 5276 celebrandae,
722 5214 1020 5268 secundum
1040 5214 1356 5269 earumdem
1375 5215 1666 5285 mysticam
1693 5216 1747 5269 in
1769 5215 1921 5271 Ora-.

337 5303 477 5357 culis
523 5304 960 5373 explanationem
1006 5321 1021 5359 :

1070 5314 1257 5375 postea
1308 5306 1541 5375 denique
1586 5307 1899 5362 dicendum.
1962 5300 1965 5303 λ

2013 4941 2112 5013 μὲν
2145 4938 2282 4995 εἶναι
2324 4941 2524 4996 σκοπὸν
2561 4942 2775 5013 ἁπάσης
2809 4944 3085 5017 ἱεραρχίας
3134 4940 3376 5013 οἰόμεθα,
3410 4942 3503 4994 καὶ
3533 4937 3580 4992 τί

2007 5033 2134 5095 τοὺς
2165 5033 2334 5104 αὐτῆς
2367 5035 2570 5105 ἑκάστη
2618 5033 2887 5098 θιασώτας
2916 5035 3171 5105 ὀνίνησιν⁸
3220 5034 3346 5103 ἑξῆς
3378 5033 3458 5097 δὲ,
3484 5031 3577 5093 τὰς

2006 5123 2261 5193 οὐρανίας
2298 5124 2578 5195 ἱεραρχίας
2600 5124 2645 5155 ³³
2673 5125 2928 5195 ὑμνῆσαι,
2964 5123 3105 5177 κατὰ
3154 5123 3252 5195 τὴν
3295 5122 3476 5175 αὐτῶν
3522 5122 3575 5172 ἐν

2006 5215 2118 5275 τοῖς
2177 5213 2376 5280 λογίοις
2422 5215 2763 5283 ὲκφαντείαν·
2826 5217 3105 5285 ἑπομένως
3166 5215 3223 5268 δὲ
3279 5205 3323 5236 ³⁸
3356 5206 3565 5267 τούτοις

2008 5304 2200 5366 εἰπεῖν,
2230 5305 2441 5368 ὁποίαις
2472 5306 2643 5377 ἱεραῖς
2675 5306 2984 5377 μορφώσεσι
3023 5307 3121 5370 τὰς
3150 5305 3404 5377 οὐρανίας
3438 5320 3569 5375 σχη-

1640 5456 1866 5512 VARUE
1904 5455 2295 5515 LECTIONES.

406 5591 451 5666 3:
505 5592 569 5666 ρ.
608 5592 929 5666 οὐρανίους.
977 5594 1031 5647 ln
1084 5596 1186 5650 hoc
1228 5596 1449 5650 nomine
1515 5596 1732 5649 variant
1791 5593 1906 5650 fere
1962 5597 2298 5666 exemplaria

335 5666 380 5698 εδ
416 5660 461 5715 D
505 5660 563 5716 P.
608 5660 899 5734 Ἑπομένος
922 5680 1001 5727 τε,
1031 5668 1174 5735 quod
1218 5667 1310 5722 Sc.
1342 5667 1601 5735 sequitur.

2411 5600 2555 5669 quod
2628 5599 2793 5655 semel
2860 5601 3206 5657 admonuisse
3275 5599 3347 5655 sit
3412 5598 3560 5653 satis.
