3748 6324
414 311 516 369 139

1586 308 1636 364 S.
1676 307 1972 366 DIONYSII
2008 309 2470 367 AREOPAGITA'J

3573 308 3657 367 lib

411 424 697 480 vilioribus
728 425 991 491 materiis,
1016 400 1154 490 quas
1203 425 1272 481 ad
1300 425 1694 480 absurditatem
1733 433 1790 479 et
1818 437 1891 494 5p!

2175 426 2418 496 κότητες.
2468 425 2603 479 Ἀλλ’
2638 427 2671 496 ὴ
2728 426 2767 458 ⁸⁷
2802 428 2898 499 τῆς
2927 424 3179 498 ἀληθείας
3233 424 3308 485 ὡς
3348 422 3527 496 οἶμαι,
3570 428 3655 498 ζὴ-

410 517 618 580 citiatn.
648 531 712 572 ac
744 520 1050 589 passionem
1079 518 1456 586 provocando,
1500 531 1597 586 per
1635 518 1823 571 omnia
1871 517 1984 571 dis-

409 608 617 662 similes
652 609 981 677 ejuscemodi
1023 608 1417 663 eiucidantinm
1447 608 1796 678 eloquiorum
1827 608 1983 662 simi-

408 699 668 753 litudines
691 699 1028 752 describunt.
1061 696 1327 753 Veritatis
1359 708 1567 763 tamen,
1596 700 1672 753 uti
1718 715 1862 763 reor,
1894 700 1981 754 in~

410 786 627 856 dagatio
702 788 1045 843 demonstrat
1135 789 1570 843 sacratissimum
1632 789 1978 860 eloquiorum

409 878 757 946 sapientiam,
792 880 843 933 iu
891 880 1193 934 caelestium
1260 881 1631 937 ellictionibus
1672 882 1980 953 intelligen-

407 970 626 1035 tiarum,
658 980 947 1041 utrumque
995 973 1302 1028 luculenter
1351 975 1673 1043 providisse,
1709 984 1970 1044 ntneque

402 1063 636 1118 virtutes
661 1064 860 1119 divinre
895 1066 975 1130 (ut
1009 1066 1078 1118 ita
1105 1067 1227 1135 quis
1268 1066 1489 1137 dixerit)
1519 1069 1980 1122 contumeliosius

402 1164 868 1221 extenuarentur;
929 1172 1104 1227 neque
1156 1173 1253 1213 nos
1300 1158 1449 1212 bumi
1501 1161 1814 1228 repentibus
1846 1160 1981 1213 ima-

401 1247 584 1312 giuum
640 1247 944 1301 vilitatibus
993 1250 1233 1304 tenacius
1286 1250 1649 1319 alﬁgeremur.
1684 1248 1977 1317 Caeterum,

400 1355 500 1393 cur
540 1340 735 1393 merito
802 1341 969 1409 ﬁgura
1038 1344 1345 1398 carentibus
1416 1344 1624 1414 ﬁgurae,
1681 1354 1737 1400 et
1778 1344 1980 1415 eﬂigies

400 1428 704 1498 ineﬁigiatis
737 1430 900 1485 rebus
937 1432 1186 1488 obducta:
1222 1434 1455 1501 ,l'uerint,
1488 1452 1594 1491 non
1630 1439 1805 1491 solum
1851 1454 1979 1492 cau-

399 1536 515 1574 sam
542 1522 742 1576 dixerit
779 1523 902 1593 quis
925 1538 1045 1579 esse
1078 1537 1315 1581 nostram
1347 1528 1774 1584 imbecillitatem
1817 1570 1833 1596 ,
1860 1545 1979 1599 qua:

399 1613 589 1682 nequit
620 1614 928 1670 immediate
964 1616 1297 1686 spiritalibus
1324 1620 1610 1676 intendere
1637 1624 1977 1694 contempla-

400 1705 661 1770 tionibus,
721 1708 1034 1779 iudigetqne
1095 1712 1334 1780 propriis
1385 1729 1450 1766 ac
1500 1716 1999 1779 connaturalibus,

2081 533 2261 588 τησιςΔ
2296 517 2639 572 ἀποδείκνυσι
2692 517 2791 589 τὴν
2834 515 2944 569 τῶν
2986 512 3180 585 λογίων
3220 517 3537 587 ἲερωτάτην
3582 533 3658 569 σο.

2086 607 2231 678 φίαν,
2267 612 2324 661 ὲν
2363 610 2483 673 ταῖς
2514 610 2624 664 τῶν
2655 608 2920 681 οὑρανίων
2950 608 3086 662 νὸων
3131 606 3500 679 μορφώσεσιν,
3536 609 3657 660 ἑκα-

2082 705 2238 776 τέρου
2270 701 2461 775 κομιδῇ
2497 705 2893 775 προνοήσασαν,
2925 703 3001 762 ὡς
3050 702 3185 774 μήτε
3230 700 3311 764 είς
3347 701 3447 763 τάς
3495 700 3657 762 θείας,

2083 794 2158 858 ὡς
2191 794 2255 848 ἂν
2284 792 2417 865 φαίη
2445 811 2548 857 τις,
2576 793 2852 865 ἐξυϐρίσαι
2880 793 3157 864 δυνάμεις,
3203 790 3337 863 μήτε
3371 793 3480 863 μὴν
3522 792 3659 861 ἡμᾶς

2083 889 2162 950 είς
2191 886 2289 949 τὰς
2308 885 2676 958 χαμαιζήλους
2693 884 2953 956 ἐμπαθῶς
2970 885 3282 955 ἐμπαγῆναι
3302 882 3411 935 τῶν
3439 882 3659 935 εἰκόνων

2080 973 2492 1045 ταπεινότητας.
2524 976 2647 1028 ’Ότι
2704 975 2802 1045 μὲν
2836 973 2945 1045 γὰρ
2991 971 3218 1037 εἰκότως
3258 972 3659 1044 προϐέϐληνται

2081 1064 2190 1118 τῶν
2257 1064 2556 1118 ἀτυπώτων
2605 1064 2655 1117 οἱ
2712 1065 2896 1128 τύποι,
2963 1064 3057 1117 καὶ
3116 1062 3185 1116 τά
3245 1064 3504 1133 σχήματα
3562 1063 3661 1113 τῶν

2084 1159 2532 1231 ἀσχηματίστων,
2594 1158 2655 1210 οὑ
2700 1157 2867 1229 μόνην
2912 1156 3091 1210 αἰτίαν
3138 1155 3273 1224 φαίη
3328 1171 3413 1216 τις
3459 1153 3535 1206 ἂν
3589 1150 3658 1205 εί-

2081 1271 2169 1307 ναι
2221 1254 2319 1324 τὴν
2371 1251 2495 1306 καθ’
2544 1252 2694 1321 ἡμᾶς
2754 1249 3044 1318 ἀναλογίαν
3092 1248 3457 1302 ἀδυνατοῦσαν
3530 1250 3659 1318 ἀμέ-

2083 1360 2191 1406 σως
2239 1340 2333 1396 ἐπὶ
2359 1341 2459 1404 τὰς
2489 1339 2687 1411 νοητὰς
2714 1339 3088 1392 ἀνατείνεσθαι
3132 1336 3386 1409 Θεωρίας,
3422 1337 3528 1390 καὶ
3552 1338 3659 1390 δεο-

2084 1430 2249 1506 μένην
2279 1432 2495 1485 οἰκείων
2542 1431 2635 1485 καὶ
2685 1430 2949 1502 συμφυῶν
2993 1429 3315 1499 ἀναγωγιῶν
3360 1430 3426 1493 ⁸⁸,
3480 1430 3544 1483 αἲ
3572 1432 3661 1490 τὰς

2084 1527 2313 1597 ὲφικτάς
2378 1526 2509 1598 ἡμῖν
2573 1526 2881 1598 μορφώσεις
2944 1524 3284 1595 προτείνουσι
3332 1522 3441 1575 τῶν
3494 1525 3662 1593 ἀμορ-

2080 1598 2272 1690 φάῗτων
2301 1618 2701 1691 καὶ-ὑπερφυῶν
2727 1617 3015 1688 θεαμάτων
3037 1616 3081 1648 ‘9
3099 1627 3112 1645 ⁵
3138 1615 3251 1668 ἀλλ’
3282 1617 3363 1669 ὅτι
3386 1615 3482 1668 καὶ
3509 1616 3661 1668 τοῦτο

2076 1718 2190 1777 τοῖς
2236 1715 2515 1784 μυστικοῖς
2564 1711 2764 1781 λογίοις
2807 1711 2921 1763 ἐστὶ
2973 1707 3441 1780 πρεπωδέστατον,
3492 1705 3560 1759 τὸ
3601 1706 3659 1759 δι’

398 1798 598 1866 quibus
650 1800 921 1867 erigatur,
969 1803 1316 1858 adminiculis
1369 1819 1462 1859 seu
1511 1807 1878 1887 anagogiis,.q

2178 1806 2405 1878 ιρρήτων
2460 1802 2554 1857 καὶ
2599 1801 2760 1872 ίερῶν
2810 1800 3146 1870 αἰνιγμάτων
3191 1797 3658 1887 ἀποκρύπτεσθαι,

398 1900 678 1960 perceptas
709 1909 737 1945 a
774 1895 932 1949 nobis
960 1895 1164 1966 eﬁigies
1217 1897 1523 1968 iueﬁigiatis
1550 1914 1614 1955 ac
1642 1897 1973 1969 superna’tu-

398 1980 606 2036 raiibus
652 1985 981 2053 spectaculis
1009 1990 1382 2056 praetendant;
1423 1992 1518 2046 sed
1546 1992 1688 2062 quod
1722 1993 1823 2048 hoc
1858 2008 1975 2064 my-

392 2073 550 2128 sticis
603 2076 770 2131 etiam
833 2079 1072 2134 oraculis
1127 2081 1210 2135 vel
1266 2086 1502 2138 maxime
1548 2086 1857 2150 conveniat,
1914 2095 1972 2139 ut

394 2162 497 2234 13
520 2164 880 2221 ineﬁ'ubilibus
904 2181 958 2222 et
976 2170 1159 2224 sacris
1178 2170 1558 2241 :enigmatibus
1582 2173 1891 2231 recondam.
1912 2182 1976 2227 et

391 2244 732 2312 inaccessam
787 2269 944 2331 vulgo
996 2263 1335 2316 constituant
1368 2278 1582 2317 sacram
1614 2263 1759 2316 illam
1792 2273 1847 2318 et
1881 2278 1971 2317 ar-

391 2362 581 2402 canam
610 2354 1183 2418 snpermumlanarum
1215 2354 1480 2408 mentium
1508 2356 1819 2410 veritatem.
1848 2355 1974 2422 Qui-

391 2436 526 2493 libet
546 2443 689 2494 enim
722 2458 828 2498 non
863 2452 944 2498 est
975 2455 1221 2510 sanctus,
1256 2460 1432 2515 neque
1458 2447 1723 2511 omnium,
1751 2458 1809 2500 ut
1830 2445 1968 2502 Ora-

389 2527 514 2582 eula
564 2540 857 2599 testantur,
886 2534 1117 2590 scientia
1149 2543 1237 2589 est
1265 2536 1314 2590 ιι.
1350 2537 1522 2591 Porro
1548 2537 1594 2592 si
1647 2538 1772 2607 quis
1805 2539 1969 2593 abso-

2075 1895 2168 1948 καὶ
2232 1892 2432 1947 ἄϐατον
2462 1894 2574 1954 τοῖς
2642 1890 2858 1953 πολλοῖς
2916 1887 3120 1942 τιθέναι
3183 1885 3282 1957 τὴν
3350 1885 3507 1957 ἱερὰν
3573 1886 3659 1939 καὶ

2076 1982 2314 2057 κρυφίαν
2345 1982 2454 2036 τῶν
2478 1981 2864 2053 ὑπερκοσμίων
2893 1979 3026 2033 νόων
3048 1978 3322 2049 ἀλήθειαν.
3366 1976 3531 2029 Ἐστι
3557 1976 3660 2045 γάρ

2074 2078 2135 2131 οὑ
2166 2076 2275 2129 πᾶς
2319 2074 2483 2146 ἱερὸς,
2509 2070 2631 2127 οὐδὲ
2672 2072 2909 2137 πάντων,
2953 2071 3029 2134 ὡς
3072 2069 3144 2123 τά
3191 2068 3353 2136 λόγιά
3400 2084 3594 2137 φησιν,
3631 2069 3659 2135 ἡ

2048 2171 2294 2241 γνῶσις.
2352 2169 2416 2221 Ei
2470 2168 2527 2221 δὲ
2583 2166 2684 2230 τὰς
2730 2164 3179 2235 ἀπεμφαινούσας
3239 2161 3659 2233 είκονογραφίας

2075 2261 2372 2315 αίτιάσοιτό
2398 2276 2503 2321 τις,
2539 2257 2805 2312 αἰδεῖσθαι
2839 2254 3011 2323 λέγων
3046 2252 3353 2306 ἀνατιθέναι
3390 2249 3461 2304 τά
3487 2250 3660 2311 οὕτως

2079 2347 2279 2421 αἰσχρὰ
2323 2347 2665 2420 μορφώματα
2708 2348 2830 2407 ταῖς
2887 2342 3144 2396 Θεοειδέσι
3194 2341 3289 2394 καὶ
3330 2341 3660 2411 ἁγιωτάταις

2072 2443 2513 2513 διακοσμήσεσιν·
2543 2438 2758 2510 ἀπόχρη
2794 2436 2931 2508 πρὸς
2972 2433 3133 2489 αὑτὸν
3157 2434 3353 2497 εἰπεῖν,
3382 2432 3459 2495 ὡς
3485 2432 3659 2493 διττός

2046 2559 2050 2563 ι
2075 2537 2190 2588 ἐστι
2218 2534 2316 2605 τῆς
2342 2532 2503 2605 ἱερᾶς
2530 2528 2893 2600 ὲκφαντορίας
2923 2528 2952 2581 ό
2972 2526 3195 2597 τρόπος.

391 2633 496 2675 uas
551 2620 911 2693 eﬂigiationes
966 2626 1283 2695 improbarit
1318 2665 1335 2691 ,
1380 2624 1686 2696 pudendum
1738 2641 2027 2691 asserens.
2055 2636 2164 2680 tam
2210 2624 2386 2693 turpia
2440 2620 2794 2676 deii‘ormibus
2832 2617 3300 2688 sanctissimisque
3343 2616 3656 2669 adornatio~

389 2712 551 2767 uibus
579 2714 834 2788 alilngere
891 2717 1179 2774 simulacra
1211 2758 1226 2785 ,
1265 2718 1404 2774 satis
1448 2718 1519 2773 sit
1544 2717 1619 2774 illi
1666 2718 2012 2792 reposuisse,
2040 2719 2307 2788 duplicem
2353 2732 2476 2773 esse
2528 2730 2699 2773 sacrae
2729 2712 2873 2768 illius
2916 2710 3155 2782 mysticis
3202 2707 3657 2763 mania-statione

389 2806 631 2860 modum.

1922 2929 1949 3000 ι
1987 2923 2095 2986 in.

462 3068 635 3126 Unum
676 3073 921 3140 quidem,
965 3075 1081 3144 qui,
1115 3082 1173 3127 ut
1216 3090 1315 3144 par
1345 3084 1448 3142 est,
1490 3088 1586 3145 per
1626 3076 1832 3131 similes
1872 3089 1958 3130 sa-
1985 3086 2028 3143 ο

384 3180 601 3219 crarum
630 3165 928 3233 ﬁgurarum
964 3166 1226 3236 imagines
1251 3168 1495 3235 procedit
1519 3185 1532 3235 ;
1558 3168 1785 3222 alterum
1802 3179 1960 3231 vero,

386 3256 480 3327 qui
529 3271 626 3327 per
683 3257 975 3313 dissimiles
1027 3260 1435 3315 el'formationes
1490 3262 1556 3315 ad
1592 3258 1963 3315 omnimodam

384 3344 884 3402 dissimilitudinem
925 3358 982 3403 et
1010 3350 1435 3419 discrepantiam
1480 3351 1771 3421 efﬁngitur.
1803 3350 1963 3404 Deni-

380 3451 490 3504 que
521 3438 888 3492 venerandam
924 3442 1407 3509 superessentialis
1447 3442 1677 3497 Deitatis
1729 3443 1962 3498 beatitu-

384 3527 587 3590 dinem,
623 3527 1013 3583 elucidantium
1058 3531 1396 3599 eloquiorum
1430 3534 1675 3604 mystica:
1706 3532 1959 3587 traditio-

383 3632 480 3673 nes
518 3617 809 3687 aliquando
856 3621 1074 3690 quidem
1130 3631 1189 3677 ut
1238 3623 1475 3679 Verbum
1512 3634 1568 3680 et
1616 3635 1877 3691 mentem,
1905 3637 1961 3681 et

380 3709 743 3765 substantiam
783 3711 1031 3779 laudant,
1080 3714 1495 3770 convenientem
1529 3715 1639 3770 Deo
1672 3715 1957 3770 rationali-

381 3812 545 3857 tatem
576 3812 740 3874 atque
778 3806 1102 3875 sapientiam
1143 3806 1262 3876 ejus
1299 3808 1676 3874 declarantes;
1710 3823 1808 3862 uec
1852 3823 1956 3863 non

378 3894 745 3950 essentialiter
771 3907 1040 3952 essentem
1072 3898 1480 3963 exsistentiam,
1510 3908 1561 3953 et
1595 3912 1776 3953 rerum
1807 3900 1954 3955 exsi-

377 3990 593 4047 stentia-
644 4006 867 4046 causam
907 4008 1121 4060 veram,
1174 4004 1337 4063 atque
1375 3994 1554 4048 instar
1594 3992 1729 4049 lucis
1779 3992 1953 4062 ipsam

346 4114 349 4117 λ
377 4080 662 4152 efﬁngunt,
711 4093 766 4138 et
800 4086 967 4139 vitam
1013 4085 1289 4156 appellant
1317 4104 1332 4139 :
1364 4085 1669 4155 cuiusmodi
1701 4086 1952 4154 ﬁgmenta

376 4184 531 4226 sacra
557 4188 572 4233 ;
602 4188 725 4226 cum
773 4175 992 4243 quidem
1043 4177 1213 4247 magis
1249 4192 1487 4248 congrua
1528 4177 1660 4244 sint,
1693 4179 1953 4233 materia-

375 4260 626 4332 libusque
681 4264 873 4334 ﬁguris
916 4270 1242 4325 antecellere
1286 4272 1692 4340 quodammodo
1727 4272 1951 4326 videan-

375 4362 488 4417 tur,
521 4364 759 4411 attamen
794 4358 942 4413 velut
969 4360 1047 4415 sic
1082 4361 1247 4417 etiam
1273 4377 1303 4415 a
1331 4362 1529 4417 divinae
1581 4363 1953 4419 similitudinis

2145 3073 2203 3126 '0
2235 3072 2353 3142 μὲν,
2386 3070 2463 3132 ὡς
2501 3068 2667 3131 εἰκὸς,
2705 3067 2792 3120 διά
2829 3067 2937 3120 τῶν
2969 3068 3170 3139 ὁμοίων
3201 3067 3404 3141 προῖὼν
3449 3061 3655 3137 ίεροτὺ-

2067 3180 2185 3218 πων
2215 3162 2457 3216 εἰκόνων
2480 3162 2510 3214 ό
2535 3159 2591 3212 δὲ
2631 3157 2721 3213 διὰ
2745 3158 2855 3211 τῶν
2894 3158 3164 3230 ἀνομοίων
3197 3158 3550 3231 μορφοποιῶν
3579 3159 3654 3219 είς

2064 3252 2127 3312 τὸ
2154 3243 2431 3315 παντελῶς
2458 3250 2505 3281 ⁵⁰
2551 3249 2804 3311 ἀπεοικὸς
2830 3249 2923 3302 καὶ
2961 3250 3301 3319 ἀπεμφαῢον
3349 3248 3653 3318 πλαττόμε-

2059 3362 2175 3411 νος.
2213 3343 2429 3414 ’Δμέλει
2450 3343 2544 3396 καὶ
2567 3332 2667 3412 τῆν
2700 3340 2999 3412 σεϐασμὶαν
3022 3341 3122 3411 τῆς
3149 3340 3476 3412 ὑπερουσίου
3502 3338 3655 3412 θεαρ-

2062 3438 2188 3510 χίας
2218 3434 2592 3508 μακαριότητα
2616 3434 2723 3485 τῶν
2743 3430 3145 3502 ὲκφαντορικῶν
3173 3430 3370 3499 λογίων
3389 3432 3447 3483 αἱ
3474 3447 3655 3500 μυστι-

2062 3530 2155 3584 καὶ
2207 3528 2531 3600 παραδόσεις
2584 3524 2715 3578 ποτὲ
2759 3523 2858 3594 μὲν
2904 3523 2979 3585 ὡς
3004 3521 3179 3591 Λόγον
3220 3522 3313 3575 καὶ
3355 3521 3484 3575 νοῦν
3561 3522 3654 3576 καὶ

2060 3622 2246 3676 οὐσίαν
2276 3618 2526 3691 ὑμνοῦσι,
2572 3618 2671 3689 τὴν
2700 3615 2977 3687 θεοπρεπῆ
3003 3614 3291 3685 λογιότητα
3320 3614 3413 3666 καὶ
3455 3615 3650 3682 σοφίαν

2058 3714 2229 3783 αὑτῆς
2259 3710 2532 3785 δηλοῦσαι,
2579 3710 2671 3762 καὶ
2699 3709 2868 3770 ὅντως
2905 3703 3071 3761 οὖσαν
3115 3703 3368 3778 ὕπαρξιν,
3408 3706 3505 3759 καὶ
3552 3708 3649 3775 τῆς

2058 3803 2164 3856 τῶν
2196 3802 2363 3855 ὄντων
2389 3799 2677 3871 ὑπάρξεως
2702 3798 2882 3850 αἰτίαν
2908 3794 3190 3867 ἀληθινὴν,
3223 3795 3316 3848 καὶ
3336 3796 3382 3827 ⁸ο
3404 3797 3501 3858 ’ὡς
3534 3794 3647 3863 φῶς

2058 3893 2227 3965 αὐτὴν
2256 3891 2677 3952 ἀναπλάττουσι,
2711 3889 2806 3941 καὶ
2841 3885 2985 3956 ζωὴν
3015 3884 3368 3939 ἀποκαλοῦσι·
3399 3885 3516 3938 τῶν
3538 3901 3647 3939 τοι·

2056 3980 2227 4034 ούτων
2266 3980 2428 4052 ἱερῶν
2472 3976 2909 4048 ἀναπλασμάτων
2940 3975 3277 4047 σεμνοτέρων
3321 3975 3421 4045 μὲν
3456 3974 3648 4035 ὄντων,

2057 4075 2153 4128 καὶ
2180 4074 2288 4128 τῶν
2320 4073 2603 4146 προσὺλων
2638 4069 2970 4144 μορφώσεων
3011 4068 3367 4141 ὑπερκεῖσθαι
3413 4084 3537 4131 πως
3566 4068 3650 4121 δο-

2057 4166 2316 4229 κούντων,
2340 4164 2673 4218 ἀποδεόντων
2693 4162 2749 4216 δὲ
2777 4162 2871 4216 καὶ
2895 4162 3038 4215 οὓτω
3066 4162 3163 4232 τῆς
3188 4158 3484 4229 Οεαρχικῆς
3510 4158 3649 4231 πρὸς

2057 4258 2311 4330 ἀλήθειαν
2338 4257 2653 4329 ὲμφερείαςο
2686 4257 2802 4310 ἐστι
2830 4255 2938 4328 γὰρ
2969 4255 3111 4327 ὑπὲρ
3140 4256 3317 4307 πᾶσαν
3338 4253 3527 4306 οὐσίαν
3555 4255 3649 4307 καὶ

2057 4354 2220 4425 ζωὴν,
2281 4352 2491 4415 οὐδενὸς
2554 4354 2651 4423 μὲν
2692 4352 2860 4423 αὑτὴν
2909 4352 3086 4421 φωτὸς
3127 4351 3643 4423 χαρακτηρίζοντος,

372 4446 610 4502 veritate
642 4448 932 4517 deﬁciunt;
965 4453 1231 4522 siquidem
1271 4453 1486 4507 excedit
1513 4468 1727 4508 omnem
1758 4468 1852 4508 ess

2166 4445 2255 4509 τὸς
2274 4444 2331 4498 δὲ
2360 4443 2519 4513 λόγου
2549 4445 2643 4499 καὶ
2686 4443 2777 4498 νοῦ
2806 4445 2904 4515 τῆς
2928 4443 3243 4515 ὁμοιότητος
3276 4439 3448 4513 αὑτῆς
3485 4442 3646 4510 ἀσυγ-

374 4535 505 4591 tiam
544 4547 599 4593 et
627 4541 814 4605 vitam,
854 4557 1029 4613 neque
1060 4544 1229 4613 lpsam
1263 4545 1368 4599 ulla
1398 4543 1491 4598 lux
1526 4540 1948 4615 exprimit,om—

373 4629 567 4698 nisque
610 4632 749 4687 ratio
773 4648 837 4688 ac
865 4634 975 4688 vita
1004 4640 1079 4690 ab
1106 4634 1225 4704 ejus
1268 4638 1625 4693 similitudine
1665 4638 1945 4705 incompa-

371 4721 617 4778 rabiliter
646 4722 923 4781 desciscit.
957 4725 1359 4796 Nonnunquam
1413 4742 1543 4781 vero
1589 4726 1947 4781 dissimilibus

370 4812 829 4871 elueidationibus
855 4819 923 4873 ab
947 4818 1140 4874 iisdem
1168 4818 1402 4890 eloquiis
1430 4816 1947 4890 supermundialiter

369 4906 701 4972 celebratur,
740 4911 867 4965 dum
903 4912 1048 4966 illam
1087 4913 1412 4969 invisibilem
1452 4915 1492 4977 ι,
1526 4922 1581 4968 et
1607 4914 1876 4968 inﬁnitam
1907 4919 1944 4942 "

368 5007 425 5050 et
470 4998 1076 5068 incomprehensibilem
1124 5013 1153 5041 ιι
1181 5004 1475 5075 appellant,
1524 5014 1580 5059 et
1626 5019 1693 5057 ex
1748 5004 1946 5073 quibus

370 5100 476 5141 non
506 5088 637 5156 quid
664 5099 768 5154 est,
798 5091 895 5147 sed
944 5093 1074 5161 quid
1119 5110 1225 5149 non
1270 5104 1356 5150 est
1390 5095 1746 5166 signiﬁcatur.
1771 5094 1949 5162 Atque

444 5227 469 5266 Ιι
500 5226 519 5280 l
546 5228 673 5284 Cor.
709 5245 828 5297 vui,
853 5232 908 5287 7.

2056 4537 2258 4607 κρίτως
2310 4535 2775 4605 ἀπολειπομένων.
2810 4535 2947 4588 Ποτὲ
3001 4534 3058 4587 δὲ
3105 4533 3226 4597 ταῖς
3286 4531 3563 4604 ἀνομοίοις
3602 4534 3645 4564 ’ί

2054 4628 2436 4699 ὲκφαντορίαις
2480 4628 2585 4680 ὑπὸ
2626 4627 2734 4679 τῶν
2786 4625 2963 4680 αὑτῶν
3010 4626 3207 4694 λογίων
3256 4625 3645 4696 ὑπερκοσμὶως

2054 4724 2323 4795 ὑμνεῖται,
2357 4721 2585 4792 ἀόρατον
2609 4720 2777 4789 αὑτὴν
2796 4757 2811 4782 ,
2843 4719 2937 4773 καὶ
2964 4719 3209 4789 ἄπειρον,
3235 4717 3328 4770 καὶ
3355 4715 3643 4789 ἀχώρητον

2054 4811 2501 4873 ἀποκαλούντων,
2538 4811 2631 4863 καὶ
2680 4808 2748 4862 τὰ
2775 4807 2835 4873 ἐξ
2864 4801 2960 4874 ὧν,
3008 4808 3070 4861 οὑ
3099 4806 3152 4860 τί
3189 4808 3356 4871 ἐστιν,
3396 4806 3539 4861 ἀλλὰ
3590 4809 3641 4860 τί

2053 4914 2153 4967 οὑκ
2183 4912 2320 4975 ἐστι,
2354 4910 2693 4982 σημαίνεται.
2730 4907 2902 4961 Τοῦτο
2928 4908 3057 4978 γὰρ,
3090 4907 3166 4971 ὡς
3197 4902 3371 4978 οἶμαι,
3406 4906 3506 4960 καὶ
3539 4924 3640 4958 κυ-

2058 5004 2313 5074 ριώτερόν
2358 5005 2503 5055 ἐστιν
2558 5003 2646 5054 ἐπ’
2689 5001 2877 5071 αὑτῆς·
2928 4999 3180 5071 ἐπείπερ,
3227 4999 3303 5063 ὡς
3346 5001 3380 5070 ἡ
3430 5000 3638 5072 κρυφία

2056 5094 2151 5148 καὶ
2191 5096 2225 5164 ἡ
2262 5093 2511 5165 ίερατικὴ
2568 5092 2864 5163 παράδοσις
2906 5092 3243 5161 ὑφηγήσατο,
3284 5091 3345 5144 τὸ
3385 5092 3487 5162 μὲν
3536 5094 3637 5147 οὐκ

992 5232 1007 5272 ³
1044 5234 1232 5291 ιΤίιη.
1263 5253 1336 5300 vn,
1370 5237 1459 5292 16.
1537 5248 1577 5275 ω
1609 5236 1755 5292 Psal.
1780 5250 1964 5300 CXLIV,
2004 5235 2090 5290 i3.
2168 5246 2196 5274 ιι
2230 5237 2384 5292 Rom.
2408 5253 2485 5300 χι,
2508 5235 2598 5288 33.

1649 5404 1879 5460 \‘ARUE
1917 5403 2319 5460 LECTIONES.

438 5564 482 5595 "
518 5566 636 5637 lege
667 5566 725 5620 in
756 5568 1071 5623 nominandi
1103 5583 1262 5633 casu,
1294 5582 1564 5625 consensu
1595 5566 1991 5636 exemplarium
2023 5567 2077 5637 ἡ.

2155 5567 2201 5599 ⁸⁸
2226 5567 2325 5621 Ch.
2361 5574 2415 5619 et
2446 5565 2508 5618 Ι).
2539 5563 2859 5633 ἀναγωγῶν.
2938 5563 2984 5595 δ’
3016 5561 3124 5615 τῶν
3152 5560 3398 5633 εἰκόνων.
3474 5558 3627 5633 “All

366 5630 646 5709 παντελὲςω
682 5706 690 5709 Α
723 5637 791 5709 ὀῗ
824 5638 1094 5709 Ρταερθιιίι
1146 5630 1375 5693 Βιιιίιηιιε
1429 5638 1560 5693 ποτὲ
1591 5638 1671 5704 δέ,
1708 5630 1855 5708 quod
1904 5630 2301 5709 nulli'.cedices
2352 5644 2450 5691 aut
2487 5633 2580 5689 alii
2621 5630 2947 5704 interpretes
2980 5634 3200 5692 habent.
3274 5631 3321 5662 ⁸³
3356 5631 3418 5684 Β.
3448 5630 3629 5689 eth.

368 5706 569 5761 addunt
598 5706 714 5771 καί,
744 5708 845 5771 sic,
870 5706 999 5762 ποτὲ
1030 5708 1087 5762 δὲ
1120 5710 1216 5762 καὶ
1240 5712 1360 5773 ταῖς
1385 5709 1472 5763 ἀν.
