  <div class='ocr_page' id='page_1' title='image "/cluster/home/n/w/nwhite01/storage/ocr_20150623/3/hvd.32044014713192/079.png"; bbox 0 0 3748 6356; ppageno 0'>
   <div class='ocr_carea' id='block_1_1' title="bbox 410 447 514 501">
    <p class='ocr_par' dir='ltr' id='par_1_1' title="bbox 410 447 514 501">
     <span class='ocr_line' id='line_1_1' title="bbox 410 447 514 501; baseline 0.019 -2"><span class='ocrx_word' id='word_1_1' title='bbox 410 447 514 501; x_wconf 76' lang='lat' dir='ltr'><strong>H3</strong></span> 
     </span>
    </p>
   </div>
   <div class='ocr_carea' id='block_1_2' title="bbox 1584 442 3668 501">
    <p class='ocr_par' dir='ltr' id='par_1_2' title="bbox 1584 442 3668 501">
     <span class='ocr_line' id='line_1_2' title="bbox 1584 442 3668 501; baseline 0.001 -2"><span class='ocrx_word' id='word_1_2' title='bbox 1584 444 1641 501; x_wconf 90' lang='lat' dir='ltr'><strong>S.</strong></span> <span class='ocrx_word' id='word_1_3' title='bbox 1683 442 1980 499; x_wconf 74' lang='lat' dir='ltr'><strong>DIONYSII</strong></span> <span class='ocrx_word' id='word_1_4' title='bbox 2013 442 2483 499; x_wconf 68' lang='lat' dir='ltr'><strong>AREOPAGITAS</strong></span> <span class='ocrx_word' id='word_1_5' title='bbox 3589 448 3668 501; x_wconf 78' lang='grc' dir='ltr'><strong>ιιι</strong></span> 
     </span>
    </p>
   </div>
   <div class='ocr_carea' id='block_1_3' title="bbox 404 560 1884 635">
    <p class='ocr_par' dir='ltr' id='par_1_3' title="bbox 404 560 1884 635">
     <span class='ocr_line' id='line_1_3' title="bbox 404 560 1884 635; baseline -0.007 -14"><span class='ocrx_word' id='word_1_6' title='bbox 404 562 893 635; x_wconf 74' lang='lat' dir='ltr'><strong>concupiscentiam</strong></span> <span class='ocrx_word' id='word_1_7' title='bbox 934 562 990 617; x_wconf 88' lang='lat' dir='ltr'><strong>in</strong></span> <span class='ocrx_word' id='word_1_8' title='bbox 1034 561 1211 617; x_wconf 91' lang='lat' dir='ltr'><strong>brutis</strong></span> <span class='ocrx_word' id='word_1_9' title='bbox 1238 572 1361 615; x_wconf 87' lang='lat' dir='ltr'><strong>esse</strong></span> <span class='ocrx_word' id='word_1_10' title='bbox 1390 560 1622 616; x_wconf 83' lang='lat' dir='ltr'><strong>dicimus</strong></span> <span class='ocrx_word' id='word_1_11' title='bbox 1664 561 1884 616; x_wconf 49' lang='lat' dir='ltr'><strong>inconsit</strong></span> 
     </span>
    </p>
   </div>
   <div class='ocr_carea' id='block_1_4' title="bbox 2189 560 3669 635">
    <p class='ocr_par' dir='ltr' id='par_1_4' title="bbox 2189 560 3669 634">
     <span class='ocr_line' id='line_1_4' title="bbox 2189 560 3669 634; baseline 0.001 -19"><span class='ocrx_word' id='word_1_12' title='bbox 2189 603 2195 621; x_wconf 83' lang='grc'><strong>,</strong></span> <span class='ocrx_word' id='word_1_13' title='bbox 2226 560 2289 626; x_wconf 80' lang='grc' dir='ltr'><strong>ἐξ</strong></span> <span class='ocrx_word' id='word_1_14' title='bbox 2317 560 2564 631; x_wconf 78' lang='grc' dir='ltr'><strong>ἐμφύτου</strong></span> <span class='ocrx_word' id='word_1_15' title='bbox 2618 562 2907 634; x_wconf 80' lang='grc' dir='ltr'>κινήσεως,</span> <span class='ocrx_word' id='word_1_16' title='bbox 2940 561 2974 632; x_wconf 80' lang='grc' dir='ltr'>ἢ</span> <span class='ocrx_word' id='word_1_17' title='bbox 3021 560 3308 632; x_wconf 70' lang='grc' dir='ltr'>συνηθείας</span> <span class='ocrx_word' id='word_1_18' title='bbox 3353 563 3414 614; x_wconf 85' lang='grc' dir='ltr'><strong>ἐν</strong></span> <span class='ocrx_word' id='word_1_19' title='bbox 3446 565 3564 626; x_wconf 84' lang='grc' dir='ltr'>τοῖς</span> <span class='ocrx_word' id='word_1_20' title='bbox 3594 564 3669 616; x_wconf 71' lang='grc' dir='ltr'><strong>ἁλι</strong></span> 
     </span>
    </p>
   </div>
   <div class='ocr_carea' id='block_1_5' title="bbox 404 650 1981 722">
    <p class='ocr_par' dir='ltr' id='par_1_5' title="bbox 404 650 1981 722">
     <span class='ocr_line' id='line_1_5' title="bbox 404 650 1981 722; baseline -0.004 -13"><span class='ocrx_word' id='word_1_21' title='bbox 404 665 601 717; x_wconf 88' lang='lat' dir='ltr'><strong>ratam,</strong></span> <span class='ocrx_word' id='word_1_22' title='bbox 629 664 683 708; x_wconf 88' lang='lat' dir='ltr'><strong>et</strong></span> <span class='ocrx_word' id='word_1_23' title='bbox 727 655 793 708; x_wconf 86' lang='lat' dir='ltr'><strong>ad</strong></span> <span class='ocrx_word' id='word_1_24' title='bbox 827 653 1031 722; x_wconf 87' lang='lat' dir='ltr'><strong>aliquid</strong></span> <span class='ocrx_word' id='word_1_25' title='bbox 1084 650 1375 705; x_wconf 89' lang='lat' dir='ltr'><strong>materiale</strong></span> <span class='ocrx_word' id='word_1_26' title='bbox 1406 663 1584 704; x_wconf 86' lang='lat' dir='ltr'><strong>rerum</strong></span> <span class='ocrx_word' id='word_1_27' title='bbox 1618 651 1981 715; x_wconf 67' lang='lat' dir='ltr'><strong>muﬂabilium,</strong></span> 
     </span>
    </p>
   </div>
   <div class='ocr_carea' id='block_1_6' title="bbox 401 743 1984 815">
    <p class='ocr_par' dir='ltr' id='par_1_6' title="bbox 401 743 1984 815">
     <span class='ocr_line' id='line_1_6' title="bbox 401 743 1984 815; baseline -0.003 -14"><span class='ocrx_word' id='word_1_28' title='bbox 401 760 467 801; x_wconf 79' lang='lat' dir='ltr'><strong>ex</strong></span> <span class='ocrx_word' id='word_1_29' title='bbox 495 747 657 801; x_wconf 86' lang='lat' dir='ltr'><strong>insita</strong></span> <span class='ocrx_word' id='word_1_30' title='bbox 692 745 1082 815; x_wconf 89' lang='lat' dir='ltr'><strong>propcnsione,</strong></span> <span class='ocrx_word' id='word_1_31' title='bbox 1105 744 1189 800; x_wconf 88' lang='lat' dir='ltr'><strong>vel</strong></span> <span class='ocrx_word' id='word_1_32' title='bbox 1216 743 1618 798; x_wconf 88' lang='lat' dir='ltr'><strong>consuetudine</strong></span> <span class='ocrx_word' id='word_1_33' title='bbox 1653 743 1984 814; x_wconf 83' lang='lat' dir='ltr'><strong>impotenter</strong></span> 
     </span>
    </p>
   </div>
   <div class='ocr_carea' id='block_1_7' title="bbox 401 835 1984 906">
    <p class='ocr_par' dir='ltr' id='par_1_7' title="bbox 401 835 1984 906">
     <span class='ocr_line' id='line_1_7' title="bbox 401 835 1984 906; baseline -0.001 -13"><span class='ocrx_word' id='word_1_34' title='bbox 401 838 702 906; x_wconf 70' lang='lat' dir='ltr'><strong>ingenitam</strong></span> <span class='ocrx_word' id='word_1_35' title='bbox 753 837 1148 903; x_wconf 70' lang='lat' dir='ltr'><strong>affectionem,</strong></span> <span class='ocrx_word' id='word_1_36' title='bbox 1195 844 1250 891; x_wconf 88' lang='lat' dir='ltr'><strong>et</strong></span> <span class='ocrx_word' id='word_1_37' title='bbox 1306 835 1683 892; x_wconf 89' lang='lat' dir='ltr'><strong>irrationalem</strong></span> <span class='ocrx_word' id='word_1_38' title='bbox 1738 838 1984 906; x_wconf 88' lang='lat' dir='ltr'><strong>corporis</strong></span> 
     </span>
    </p>
   </div>
   <div class='ocr_carea' id='block_1_8' title="bbox 397 926 1986 1000">
    <p class='ocr_par' dir='ltr' id='par_1_8' title="bbox 397 926 1986 1000">
     <span class='ocr_line' id='line_1_8' title="bbox 397 926 1986 1000; baseline 0 -17"><span class='ocrx_word' id='word_1_39' title='bbox 397 932 673 999; x_wconf 84' lang='lat' dir='ltr'><strong>appetitus</strong></span> <span class='ocrx_word' id='word_1_40' title='bbox 713 929 1281 1000; x_wconf 69' lang='lat' dir='ltr'><strong>pnedominationem,</strong></span> <span class='ocrx_word' id='word_1_41' title='bbox 1308 928 1399 998; x_wconf 89' lang='lat' dir='ltr'><strong>qui</strong></span> <span class='ocrx_word' id='word_1_42' title='bbox 1437 938 1606 982; x_wconf 90' lang='lat' dir='ltr'><strong>totum</strong></span> <span class='ocrx_word' id='word_1_43' title='bbox 1652 926 1854 982; x_wconf 84' lang='lat' dir='ltr'><strong>animal</strong></span> <span class='ocrx_word' id='word_1_44' title='bbox 1884 930 1986 983; x_wconf 84' lang='lat' dir='ltr'><strong>im-</strong></span> 
     </span>
    </p>
   </div>
   <div class='ocr_carea' id='block_1_9' title="bbox 397 1018 1985 1091">
    <p class='ocr_par' dir='ltr' id='par_1_9' title="bbox 397 1018 1985 1091">
     <span class='ocr_line' id='line_1_9' title="bbox 397 1018 1985 1091; baseline -0.002 -16"><span class='ocrx_word' id='word_1_45' title='bbox 397 1020 551 1091; x_wconf 84' lang='lat' dir='ltr'><strong>pellit</strong></span> <span class='ocrx_word' id='word_1_46' title='bbox 566 1022 630 1075; x_wconf 89' lang='lat' dir='ltr'><strong>ad</strong></span> <span class='ocrx_word' id='word_1_47' title='bbox 657 1020 709 1075; x_wconf 90' lang='lat' dir='ltr'><strong>id</strong></span> <span class='ocrx_word' id='word_1_48' title='bbox 732 1020 872 1089; x_wconf 85' lang='lat' dir='ltr'><strong>quod</strong></span> <span class='ocrx_word' id='word_1_49' title='bbox 890 1035 1052 1074; x_wconf 91' lang='lat' dir='ltr'><strong>sensu</strong></span> <span class='ocrx_word' id='word_1_50' title='bbox 1073 1018 1493 1089; x_wconf 80' lang='lat' dir='ltr'><strong>concupiscibile</strong></span> <span class='ocrx_word' id='word_1_51' title='bbox 1504 1019 1740 1074; x_wconf 79' lang='lat' dir='ltr'><strong>exsistit.</strong></span> <span class='ocrx_word' id='word_1_52' title='bbox 1760 1019 1985 1085; x_wconf 78' lang='lat' dir='ltr'><strong>Quando</strong></span> 
     </span>
    </p>
   </div>
   <div class='ocr_carea' id='block_1_10' title="bbox 400 1110 1984 1185">
    <p class='ocr_par' dir='ltr' id='par_1_10' title="bbox 400 1110 1984 1185">
     <span class='ocr_line' id='line_1_10' title="bbox 400 1110 1984 1185; baseline -0.004 -14"><span class='ocrx_word' id='word_1_53' title='bbox 400 1116 589 1185; x_wconf 79' lang='lat' dir='ltr'><strong>itaque</strong></span> <span class='ocrx_word' id='word_1_54' title='bbox 615 1112 915 1169; x_wconf 83' lang='lat' dir='ltr'><strong>dissimiles</strong></span> <span class='ocrx_word' id='word_1_55' title='bbox 943 1112 1330 1166; x_wconf 84' lang='lat' dir='ltr'><strong>similitudines</strong></span> <span class='ocrx_word' id='word_1_56' title='bbox 1356 1110 1518 1165; x_wconf 81' lang='lat' dir='ltr'><strong>rebus</strong></span> <span class='ocrx_word' id='word_1_57' title='bbox 1543 1111 1877 1182; x_wconf 75' lang='lat' dir='ltr'><strong>spiritalibus</strong></span> <span class='ocrx_word' id='word_1_58' title='bbox 1902 1120 1984 1164; x_wconf 89' lang='lat' dir='ltr'><strong>at-</strong></span> 
     </span>
    </p>
   </div>
   <div class='ocr_carea' id='block_1_11' title="bbox 398 1202 1983 1275">
    <p class='ocr_par' dir='ltr' id='par_1_11' title="bbox 398 1202 1983 1275">
     <span class='ocr_line' id='line_1_11' title="bbox 398 1202 1983 1275; baseline -0.004 -11"><span class='ocrx_word' id='word_1_59' title='bbox 398 1208 727 1271; x_wconf 88' lang='lat' dir='ltr'><strong>tribuentes,</strong></span> <span class='ocrx_word' id='word_1_60' title='bbox 761 1204 1258 1275; x_wconf 81' lang='lat' dir='ltr'><strong>concupiscentiam</strong></span> <span class='ocrx_word' id='word_1_61' title='bbox 1292 1204 1426 1274; x_wconf 80' lang='lat' dir='ltr'><strong>ipsis</strong></span> <span class='ocrx_word' id='word_1_62' title='bbox 1454 1202 1772 1274; x_wconf 78' lang='lat' dir='ltr'><strong>aiiingemus</strong></span> <span class='ocrx_word' id='word_1_63' title='bbox 1797 1244 1813 1272; x_wconf 85' lang='lat'><strong>,</strong></span> <span class='ocrx_word' id='word_1_64' title='bbox 1843 1203 1983 1258; x_wconf 80' lang='lat' dir='ltr'><strong>divi-</strong></span> 
     </span>
    </p>
   </div>
   <div class='ocr_carea' id='block_1_12' title="bbox 398 1294 1985 1371">
    <p class='ocr_par' dir='ltr' id='par_1_12' title="bbox 398 1294 1985 1371">
     <span class='ocr_line' id='line_1_12' title="bbox 398 1294 1985 1371; baseline -0.004 -14"><span class='ocrx_word' id='word_1_65' title='bbox 398 1319 502 1357; x_wconf 82' lang='lat' dir='ltr'><strong>nus</strong></span> <span class='ocrx_word' id='word_1_66' title='bbox 528 1314 682 1356; x_wconf 85' lang='lat' dir='ltr'><strong>amor</strong></span> <span class='ocrx_word' id='word_1_67' title='bbox 732 1299 1140 1371; x_wconf 78' lang='lat' dir='ltr'><strong>intelligendus,</strong></span> <span class='ocrx_word' id='word_1_68' title='bbox 1191 1296 1284 1369; x_wconf 88' lang='lat' dir='ltr'><strong>qui</strong></span> <span class='ocrx_word' id='word_1_69' title='bbox 1335 1295 1612 1351; x_wconf 80' lang='lat' dir='ltr'><strong>intellectu</strong></span> <span class='ocrx_word' id='word_1_70' title='bbox 1662 1294 1985 1365; x_wconf 84' lang='lat' dir='ltr'><strong>rationeque</strong></span> 
     </span>
    </p>
   </div>
   <div class='ocr_carea' id='block_1_13' title="bbox 398 1383 1985 1464">
    <p class='ocr_par' dir='ltr' id='par_1_13' title="bbox 398 1383 1985 1464">
     <span class='ocr_line' id='line_1_13' title="bbox 398 1383 1985 1464; baseline -0.007 -16"><span class='ocrx_word' id='word_1_71' title='bbox 398 1394 738 1464; x_wconf 87' lang='lat' dir='ltr'><strong>superiorem</strong></span> <span class='ocrx_word' id='word_1_72' title='bbox 793 1398 941 1445; x_wconf 86' lang='lat' dir='ltr'><strong>amet</strong></span> <span class='ocrx_word' id='word_1_73' title='bbox 977 1386 1526 1453; x_wconf 88' lang='lat' dir='ltr'><strong>immaterialitatem,</strong></span> <span class='ocrx_word' id='word_1_74' title='bbox 1581 1384 1886 1454; x_wconf 79' lang='lat' dir='ltr'><strong>stabileque</strong></span> <span class='ocrx_word' id='word_1_75' title='bbox 1915 1383 1985 1438; x_wconf 86' lang='lat' dir='ltr'><strong>sit</strong></span> 
     </span>
    </p>
   </div>
   <div class='ocr_carea' id='block_1_14' title="bbox 399 1477 1984 1548">
    <p class='ocr_par' dir='ltr' id='par_1_14' title="bbox 399 1477 1984 1548">
     <span class='ocr_line' id='line_1_14' title="bbox 399 1477 1984 1548; baseline -0.004 -10"><span class='ocrx_word' id='word_1_76' title='bbox 399 1501 467 1541; x_wconf 83' lang='lat' dir='ltr'><strong>ac</strong></span> <span class='ocrx_word' id='word_1_77' title='bbox 493 1492 753 1541; x_wconf 78' lang='lat' dir='ltr'><strong>constans</strong></span> <span class='ocrx_word' id='word_1_78' title='bbox 783 1480 1115 1536; x_wconf 85' lang='lat' dir='ltr'><strong>desiderium</strong></span> <span class='ocrx_word' id='word_1_79' title='bbox 1165 1477 1701 1548; x_wconf 84' lang='lat' dir='ltr'><strong>superessentialiter</strong></span> <span class='ocrx_word' id='word_1_80' title='bbox 1743 1492 1894 1547; x_wconf 72' lang='lat' dir='ltr'><strong>pura:</strong></span> <span class='ocrx_word' id='word_1_81' title='bbox 1919 1491 1984 1531; x_wconf 89' lang='lat' dir='ltr'><strong>ac</strong></span> 
     </span>
    </p>
   </div>
   <div class='ocr_carea' id='block_1_15' title="bbox 403 1567 1986 1646">
    <p class='ocr_par' dir='ltr' id='par_1_15' title="bbox 403 1567 1986 1646">
     <span class='ocr_line' id='line_1_15' title="bbox 403 1567 1986 1646; baseline -0.005 -15"><span class='ocrx_word' id='word_1_82' title='bbox 403 1574 756 1646; x_wconf 87' lang='lat' dir='ltr'><strong>impassibilis</strong></span> <span class='ocrx_word' id='word_1_83' title='bbox 787 1570 1260 1641; x_wconf 68' lang='lat' dir='ltr'><strong>contemplationis</strong></span> <span class='ocrx_word' id='word_1_84' title='bbox 1310 1578 1365 1624; x_wconf 88' lang='lat' dir='ltr'><strong>et</strong></span> <span class='ocrx_word' id='word_1_85' title='bbox 1397 1567 1801 1624; x_wconf 87' lang='lat' dir='ltr'><strong>communionis</strong></span> <span class='ocrx_word' id='word_1_86' title='bbox 1841 1582 1986 1624; x_wconf 72' lang='lat' dir='ltr'><strong>vera:</strong></span> 
     </span>
    </p>
   </div>
   <div class='ocr_carea' id='block_1_16' title="bbox 400 1661 1986 1738">
    <p class='ocr_par' dir='ltr' id='par_1_16' title="bbox 400 1661 1986 1738">
     <span class='ocr_line' id='line_1_16' title="bbox 400 1661 1986 1738; baseline -0.004 -16"><span class='ocrx_word' id='word_1_87' title='bbox 400 1668 751 1738; x_wconf 60' lang='lat' dir='ltr'><strong>sempiternae</strong></span> <span class='ocrx_word' id='word_1_88' title='bbox 794 1679 861 1719; x_wconf 85' lang='lat' dir='ltr'><strong>ac</strong></span> <span class='ocrx_word' id='word_1_89' title='bbox 887 1662 1172 1732; x_wconf 84' lang='lat' dir='ltr'><strong>spiritalis,</strong></span> <span class='ocrx_word' id='word_1_90' title='bbox 1214 1662 1618 1717; x_wconf 72' lang='lat' dir='ltr'><strong>sublimissimze</strong></span> <span class='ocrx_word' id='word_1_91' title='bbox 1650 1661 1986 1732; x_wconf 74' lang='lat' dir='ltr'><strong>purissimae-</strong></span> 
     </span>
    </p>
   </div>
   <div class='ocr_carea' id='block_1_17' title="bbox 401 1753 1984 1830">
    <p class='ocr_par' dir='ltr' id='par_1_17' title="bbox 401 1753 1984 1830">
     <span class='ocr_line' id='line_1_17' title="bbox 401 1753 1984 1830; baseline -0.003 -18"><span class='ocrx_word' id='word_1_92' title='bbox 401 1758 821 1830; x_wconf 79' lang='lat' dir='ltr'><strong>que‘claritatis,</strong></span> <span class='ocrx_word' id='word_1_93' title='bbox 837 1766 892 1810; x_wconf 88' lang='lat' dir='ltr'><strong>et</strong></span> <span class='ocrx_word' id='word_1_94' title='bbox 911 1755 1212 1811; x_wconf 82' lang='lat' dir='ltr'><strong>inl’allibilis</strong></span> <span class='ocrx_word' id='word_1_95' title='bbox 1235 1753 1673 1825; x_wconf 64' lang='lat' dir='ltr'><strong>pulchrificaaque</strong></span> <span class='ocrx_word' id='word_1_96' title='bbox 1691 1753 1794 1825; x_wconf 79' lang='lat'><strong>15</strong></span> <span class='ocrx_word' id='word_1_97' title='bbox 1814 1768 1984 1809; x_wconf 90' lang='lat' dir='ltr'><strong>venu-</strong></span> 
     </span>
    </p>
   </div>
   <div class='ocr_carea' id='block_1_18' title="bbox 402 1846 1981 1919">
    <p class='ocr_par' dir='ltr' id='par_1_18' title="bbox 402 1846 1981 1919">
     <span class='ocr_line' id='line_1_18' title="bbox 402 1846 1981 1919; baseline -0.004 -12"><span class='ocrx_word' id='word_1_98' title='bbox 402 1852 581 1908; x_wconf 81' lang='lat' dir='ltr'><strong>statis.</strong></span> <span class='ocrx_word' id='word_1_99' title='bbox 616 1851 682 1905; x_wconf 85' lang='lat' dir='ltr'><strong>Et</strong></span> <span class='ocrx_word' id='word_1_100' title='bbox 718 1849 1090 1919; x_wconf 84' lang='lat' dir='ltr'><strong>impotentiam</strong></span> <span class='ocrx_word' id='word_1_101' title='bbox 1118 1847 1452 1916; x_wconf 85' lang='lat' dir='ltr'><strong>accipiamus</strong></span> <span class='ocrx_word' id='word_1_102' title='bbox 1502 1847 1792 1903; x_wconf 79' lang='lat' dir='ltr'><strong>infractam</strong></span> <span class='ocrx_word' id='word_1_103' title='bbox 1816 1846 1981 1901; x_wconf 87' lang='lat' dir='ltr'><strong>animi</strong></span> 
     </span>
    </p>
   </div>
   <div class='ocr_carea' id='block_1_19' title="bbox 402 1940 1986 2012">
    <p class='ocr_par' dir='ltr' id='par_1_19' title="bbox 402 1940 1986 2012">
     <span class='ocr_line' id='line_1_19' title="bbox 402 1940 1986 2012; baseline -0.001 -15"><span class='ocrx_word' id='word_1_104' title='bbox 402 1944 829 2007; x_wconf 78' lang='lat' dir='ltr'><strong>contentionem,</strong></span> <span class='ocrx_word' id='word_1_105' title='bbox 862 1957 982 2012; x_wconf 69' lang='lat' dir='ltr'><strong>qua:</strong></span> <span class='ocrx_word' id='word_1_106' title='bbox 1026 1956 1056 1995; x_wconf 86' lang='lat' dir='ltr'><strong>a</strong></span> <span class='ocrx_word' id='word_1_107' title='bbox 1112 1943 1329 1996; x_wconf 84' lang='lat' dir='ltr'><strong>nemine</strong></span> <span class='ocrx_word' id='word_1_108' title='bbox 1377 1940 1557 1994; x_wconf 85' lang='lat' dir='ltr'><strong>valeat</strong></span> <span class='ocrx_word' id='word_1_109' title='bbox 1608 1941 1986 2007; x_wconf 84' lang='lat' dir='ltr'><strong>conquassari,</strong></span> 
     </span>
    </p>
   </div>
   <div class='ocr_carea' id='block_1_20' title="bbox 402 2032 1986 2106">
    <p class='ocr_par' dir='ltr' id='par_1_20' title="bbox 402 2032 1986 2106">
     <span class='ocr_line' id='line_1_20' title="bbox 402 2032 1986 2106; baseline -0.002 -16"><span class='ocrx_word' id='word_1_110' title='bbox 402 2045 628 2106; x_wconf 82' lang='lat' dir='ltr'><strong>propter</strong></span> <span class='ocrx_word' id='word_1_111' title='bbox 658 2035 1056 2104; x_wconf 87' lang='lat' dir='ltr'><strong>impcrmistum</strong></span> <span class='ocrx_word' id='word_1_112' title='bbox 1102 2043 1159 2088; x_wconf 89' lang='lat' dir='ltr'><strong>et</strong></span> <span class='ocrx_word' id='word_1_113' title='bbox 1207 2032 1603 2088; x_wconf 87' lang='lat' dir='ltr'><strong>immutabilem</strong></span> <span class='ocrx_word' id='word_1_114' title='bbox 1638 2033 1835 2089; x_wconf 68' lang='lat' dir='ltr'><strong>divinae</strong></span> <span class='ocrx_word' id='word_1_115' title='bbox 1866 2034 1986 2104; x_wconf 81' lang='lat' dir='ltr'><strong>pul-</strong></span> 
     </span>
    </p>
   </div>
   <div class='ocr_carea' id='block_1_21' title="bbox 400 2124 1990 2195">
    <p class='ocr_par' dir='ltr' id='par_1_21' title="bbox 400 2124 1990 2195">
     <span class='ocr_line' id='line_1_21' title="bbox 400 2124 1990 2195; baseline -0.001 -14"><span class='ocrx_word' id='word_1_116' title='bbox 400 2128 728 2183; x_wconf 81' lang='lat' dir='ltr'><strong>chritudints</strong></span> <span class='ocrx_word' id='word_1_117' title='bbox 756 2140 1018 2187; x_wconf 85' lang='lat' dir='ltr'><strong>amorem,</strong></span> <span class='ocrx_word' id='word_1_118' title='bbox 1051 2132 1218 2195; x_wconf 89' lang='lat' dir='ltr'><strong>atque</strong></span> <span class='ocrx_word' id='word_1_119' title='bbox 1258 2126 1482 2180; x_wconf 89' lang='lat' dir='ltr'><strong>totalem</strong></span> <span class='ocrx_word' id='word_1_120' title='bbox 1512 2125 1566 2178; x_wconf 92' lang='lat' dir='ltr'><strong>in</strong></span> <span class='ocrx_word' id='word_1_121' title='bbox 1596 2124 1651 2179; x_wconf 89' lang='lat' dir='ltr'><strong>id</strong></span> <span class='ocrx_word' id='word_1_122' title='bbox 1691 2124 1833 2193; x_wconf 89' lang='lat' dir='ltr'><strong>quod</strong></span> <span class='ocrx_word' id='word_1_123' title='bbox 1864 2140 1990 2179; x_wconf 86' lang='lat' dir='ltr'><strong>vere</strong></span> 
     </span>
    </p>
   </div>
   <div class='ocr_carea' id='block_1_22' title="bbox 399 2216 1993 2289">
    <p class='ocr_par' dir='ltr' id='par_1_22' title="bbox 399 2216 1993 2289">
     <span class='ocr_line' id='line_1_22' title="bbox 399 2216 1993 2289; baseline -0.001 -17"><span class='ocrx_word' id='word_1_124' title='bbox 399 2219 764 2289; x_wconf 85' lang='lat' dir='ltr'><strong>appetendum</strong></span> <span class='ocrx_word' id='word_1_125' title='bbox 798 2227 904 2281; x_wconf 90' lang='lat' dir='ltr'><strong>est,</strong></span> <span class='ocrx_word' id='word_1_126' title='bbox 938 2217 1377 2287; x_wconf 88' lang='lat' dir='ltr'><strong>propensionem.</strong></span> <span class='ocrx_word' id='word_1_127' title='bbox 1425 2217 1570 2283; x_wconf 81' lang='lat' dir='ltr'><strong>Quin</strong></span> <span class='ocrx_word' id='word_1_128' title='bbox 1604 2226 1658 2271; x_wconf 92' lang='lat' dir='ltr'><strong>et</strong></span> <span class='ocrx_word' id='word_1_129' title='bbox 1707 2216 1993 2285; x_wconf 85' lang='lat' dir='ltr'><strong>ipsammet</strong></span> 
     </span>
    </p>
   </div>
   <div class='ocr_carea' id='block_1_23' title="bbox 401 2306 1989 2377">
    <p class='ocr_par' dir='ltr' id='par_1_23' title="bbox 401 2306 1989 2377">
     <span class='ocr_line' id='line_1_23' title="bbox 401 2306 1989 2377; baseline -0.001 -14"><span class='ocrx_word' id='word_1_130' title='bbox 401 2310 876 2366; x_wconf 86' lang='lat' dir='ltr'><strong>irrationalitatem</strong></span> <span class='ocrx_word' id='word_1_131' title='bbox 894 2318 950 2363; x_wconf 87' lang='lat' dir='ltr'><strong>et</strong></span> <span class='ocrx_word' id='word_1_132' title='bbox 978 2307 1454 2363; x_wconf 89' lang='lat' dir='ltr'><strong>insensibilitatem</strong></span> <span class='ocrx_word' id='word_1_133' title='bbox 1481 2308 1534 2362; x_wconf 93' lang='lat' dir='ltr'><strong>in</strong></span> <span class='ocrx_word' id='word_1_134' title='bbox 1561 2306 1738 2363; x_wconf 89' lang='lat' dir='ltr'><strong>brutis</strong></span> <span class='ocrx_word' id='word_1_135' title='bbox 1764 2307 1989 2377; x_wconf 88' lang='lat' dir='ltr'><strong>quidem</strong></span> 
     </span>
    </p>
   </div>
   <div class='ocr_carea' id='block_1_24' title="bbox 406 2398 1993 2466">
    <p class='ocr_par' dir='ltr' id='par_1_24' title="bbox 406 2398 1993 2466">
     <span class='ocr_line' id='line_1_24' title="bbox 406 2398 1993 2466; baseline 0.001 -13"><span class='ocrx_word' id='word_1_136' title='bbox 406 2400 805 2466; x_wconf 83' lang='lat' dir='ltr'><strong>animantibus,</strong></span> <span class='ocrx_word' id='word_1_137' title='bbox 849 2401 933 2454; x_wconf 89' lang='lat' dir='ltr'><strong>vel</strong></span> <span class='ocrx_word' id='word_1_138' title='bbox 987 2398 1234 2455; x_wconf 84' lang='lat' dir='ltr'><strong>materiis</strong></span> <span class='ocrx_word' id='word_1_139' title='bbox 1283 2398 1624 2465; x_wconf 89' lang='lat' dir='ltr'><strong>inanimatis,</strong></span> <span class='ocrx_word' id='word_1_140' title='bbox 1662 2400 1887 2455; x_wconf 84' lang='lat' dir='ltr'><strong>rationis</strong></span> <span class='ocrx_word' id='word_1_141' title='bbox 1929 2414 1993 2455; x_wconf 88' lang='lat' dir='ltr'><strong>ac</strong></span> 
     </span>
    </p>
   </div>
   <div class='ocr_carea' id='block_1_25' title="bbox 402 2490 1994 2563">
    <p class='ocr_par' dir='ltr' id='par_1_25' title="bbox 402 2490 1994 2563">
     <span class='ocr_line' id='line_1_25' title="bbox 402 2490 1994 2563; baseline -0.001 -15"><span class='ocrx_word' id='word_1_142' title='bbox 402 2506 600 2548; x_wconf 78' lang='lat' dir='ltr'><strong>sensus</strong></span> <span class='ocrx_word' id='word_1_143' title='bbox 630 2492 851 2563; x_wconf 89' lang='lat' dir='ltr'><strong>proprie</strong></span> <span class='ocrx_word' id='word_1_144' title='bbox 878 2490 1234 2561; x_wconf 88' lang='lat' dir='ltr'><strong>privationem</strong></span> <span class='ocrx_word' id='word_1_145' title='bbox 1269 2507 1685 2561; x_wconf 89' lang='lat' dir='ltr'><strong>nuncupamus;</strong></span> <span class='ocrx_word' id='word_1_146' title='bbox 1717 2492 1768 2546; x_wconf 92' lang='lat' dir='ltr'><strong>in</strong></span> <span class='ocrx_word' id='word_1_147' title='bbox 1799 2493 1994 2547; x_wconf 66' lang='lat' dir='ltr'><strong>immao</strong></span> 
     </span>
    </p>
   </div>
   <div class='ocr_carea' id='block_1_26' title="bbox 403 2581 1991 2652">
    <p class='ocr_par' dir='ltr' id='par_1_26' title="bbox 403 2581 1991 2652">
     <span class='ocr_line' id='line_1_26' title="bbox 403 2581 1991 2652; baseline 0.003 -18"><span class='ocrx_word' id='word_1_148' title='bbox 403 2582 686 2637; x_wconf 88' lang='lat' dir='ltr'><strong>terialibus</strong></span> <span class='ocrx_word' id='word_1_149' title='bbox 725 2596 853 2637; x_wconf 88' lang='lat' dir='ltr'><strong>vero</strong></span> <span class='ocrx_word' id='word_1_150' title='bbox 891 2597 957 2637; x_wconf 88' lang='lat' dir='ltr'><strong>ac</strong></span> <span class='ocrx_word' id='word_1_151' title='bbox 986 2581 1329 2652; x_wconf 88' lang='lat' dir='ltr'><strong>spiritalibus</strong></span> <span class='ocrx_word' id='word_1_152' title='bbox 1375 2582 1991 2646; x_wconf 83' lang='lat' dir='ltr'><strong>naturis,etninentiam</strong></span> 
     </span>
    </p>
   </div>
   <div class='ocr_carea' id='block_1_27' title="bbox 403 2674 1994 2745">
    <p class='ocr_par' dir='ltr' id='par_1_27' title="bbox 403 2674 1994 2745">
     <span class='ocr_line' id='line_1_27' title="bbox 403 2674 1994 2745; baseline 0 -15"><span class='ocrx_word' id='word_1_153' title='bbox 403 2676 645 2745; x_wconf 87' lang='lat' dir='ltr'><strong>ipsarum</strong></span> <span class='ocrx_word' id='word_1_154' title='bbox 695 2676 908 2745; x_wconf 83' lang='lat' dir='ltr'><strong>(utpote</strong></span> <span class='ocrx_word' id='word_1_155' title='bbox 957 2674 1508 2744; x_wconf 86' lang='lat' dir='ltr'><strong>supermundialium)</strong></span> <span class='ocrx_word' id='word_1_156' title='bbox 1551 2689 1858 2731; x_wconf 85' lang='lat' dir='ltr'><strong>sermonem</strong></span> <span class='ocrx_word' id='word_1_157' title='bbox 1898 2691 1994 2730; x_wconf 88' lang='lat' dir='ltr'><strong>uo-</strong></span> 
     </span>
    </p>
   </div>
   <div class='ocr_carea' id='block_1_28' title="bbox 2087 652 3672 727">
    <p class='ocr_par' dir='ltr' id='par_1_28' title="bbox 2087 652 3672 727">
     <span class='ocr_line' id='line_1_28' title="bbox 2087 652 3672 727; baseline 0 -19"><span class='ocrx_word' id='word_1_158' title='bbox 2087 656 2330 717; x_wconf 84' lang='grc' dir='ltr'>λοιωτοϊς</span> <span class='ocrx_word' id='word_1_159' title='bbox 2350 652 2608 724; x_wconf 84' lang='grc' dir='ltr'>ἀκρατῶς</span> <span class='ocrx_word' id='word_1_160' title='bbox 2638 654 2996 726; x_wconf 60' lang='grc' dir='ltr'>ἐγγινομένης)</span> <span class='ocrx_word' id='word_1_161' title='bbox 3024 653 3421 726; x_wconf 82' lang='grc' dir='ltr'>προσπάθειαν,</span> <span class='ocrx_word' id='word_1_162' title='bbox 3451 654 3553 708; x_wconf 73' lang='grc' dir='ltr'>καὶ</span> <span class='ocrx_word' id='word_1_163' title='bbox 3593 657 3672 727; x_wconf 71' lang='grc' dir='ltr'><strong>τὴ)</strong></span> 
     </span>
    </p>
   </div>
   <div class='ocr_carea' id='block_1_29' title="bbox 2092 746 3673 820">
    <p class='ocr_par' dir='ltr' id='par_1_29' title="bbox 2092 746 3673 820">
     <span class='ocr_line' id='line_1_29' title="bbox 2092 746 3673 820; baseline -0.001 -18"><span class='ocrx_word' id='word_1_164' title='bbox 2092 749 2287 817; x_wconf 80' lang='grc' dir='ltr'>ἄλογον</span> <span class='ocrx_word' id='word_1_165' title='bbox 2315 747 2417 817; x_wconf 80' lang='grc' dir='ltr'>τῆς</span> <span class='ocrx_word' id='word_1_166' title='bbox 2452 748 2773 819; x_wconf 78' lang='grc' dir='ltr'><strong>σωματικῆς</strong></span> <span class='ocrx_word' id='word_1_167' title='bbox 2811 746 3044 820; x_wconf 77' lang='grc' dir='ltr'><strong>ὀρέξεως</strong></span> <span class='ocrx_word' id='word_1_168' title='bbox 3085 747 3442 819; x_wconf 75' lang='grc' dir='ltr'><strong>ἐπικράτειαν</strong></span> <span class='ocrx_word' id='word_1_169' title='bbox 3472 788 3489 812; x_wconf 89' lang='grc'><strong>,</strong></span> <span class='ocrx_word' id='word_1_170' title='bbox 3550 749 3673 801; x_wconf 76' lang='grc' dir='ltr'>ἅπαν</span> 
     </span>
    </p>
   </div>
   <div class='ocr_carea' id='block_1_30' title="bbox 2087 838 3674 912">
    <p class='ocr_par' dir='ltr' id='par_1_30' title="bbox 2087 838 3674 912">
     <span class='ocr_line' id='line_1_30' title="bbox 2087 838 3674 912; baseline 0.001 -20"><span class='ocrx_word' id='word_1_171' title='bbox 2087 839 2147 892; x_wconf 84' lang='grc' dir='ltr'><strong>τὸ</strong></span> <span class='ocrx_word' id='word_1_172' title='bbox 2160 838 2297 904; x_wconf 71' lang='grc' dir='ltr'>ζῶον</span> <span class='ocrx_word' id='word_1_173' title='bbox 2310 839 2557 910; x_wconf 83' lang='grc' dir='ltr'>ὡθούσης</span> <span class='ocrx_word' id='word_1_174' title='bbox 2573 840 2665 893; x_wconf 71' lang='grc' dir='ltr'><strong>ἐπὶ</strong></span> <span class='ocrx_word' id='word_1_175' title='bbox 2679 838 2737 892; x_wconf 79' lang='grc' dir='ltr'><strong>τὸ</strong></span> <span class='ocrx_word' id='word_1_176' title='bbox 2754 840 2872 892; x_wconf 83' lang='grc' dir='ltr'>κατ’</span> <span class='ocrx_word' id='word_1_177' title='bbox 2888 839 3137 912; x_wconf 76' lang='grc' dir='ltr'>αἴσθησιν</span> <span class='ocrx_word' id='word_1_178' title='bbox 3151 839 3307 892; x_wconf 90' lang='grc' dir='ltr'>ἐπιθυ</span> <span class='ocrx_word' id='word_1_179' title='bbox 3316 841 3512 911; x_wconf 83' lang='grc' dir='ltr'>μητόν.</span> <span class='ocrx_word' id='word_1_180' title='bbox 3530 842 3674 894; x_wconf 77' lang='grc' dir='ltr'>Ὅταν</span> 
     </span>
    </p>
   </div>
   <div class='ocr_carea' id='block_1_31' title="bbox 2086 928 3675 1003">
    <p class='ocr_par' dir='ltr' id='par_1_31' title="bbox 2086 928 3675 1003">
     <span class='ocr_line' id='line_1_31' title="bbox 2086 928 3675 1003; baseline 0.003 -21"><span class='ocrx_word' id='word_1_181' title='bbox 2086 928 2161 993; x_wconf 82' lang='grc' dir='ltr'><strong>δὲ,</strong></span> <span class='ocrx_word' id='word_1_182' title='bbox 2180 929 2278 992; x_wconf 77' lang='grc' dir='ltr'>τὰς</span> <span class='ocrx_word' id='word_1_183' title='bbox 2295 930 2580 1001; x_wconf 81' lang='grc' dir='ltr'>ἀνομοίους</span> <span class='ocrx_word' id='word_1_184' title='bbox 2601 929 2924 1001; x_wconf 80' lang='grc' dir='ltr'>ὁμοιότητας</span> <span class='ocrx_word' id='word_1_185' title='bbox 2938 933 3049 993; x_wconf 89' lang='grc' dir='ltr'>τοῖς</span> <span class='ocrx_word' id='word_1_186' title='bbox 3071 947 3156 983; x_wconf 91' lang='grc' dir='ltr'><strong>νοε</strong></span> <span class='ocrx_word' id='word_1_187' title='bbox 3165 932 3277 1002; x_wconf 82' lang='grc' dir='ltr'>ροῖς</span> <span class='ocrx_word' id='word_1_188' title='bbox 3301 932 3675 1003; x_wconf 76' lang='grc' dir='ltr'><strong>περιτιθέντες,</strong></span> 
     </span>
    </p>
   </div>
   <div class='ocr_carea' id='block_1_32' title="bbox 2087 1017 3715 1092">
    <p class='ocr_par' dir='ltr' id='par_1_32' title="bbox 2087 1017 3715 1092">
     <span class='ocr_line' id='line_1_32' title="bbox 2087 1017 3715 1092; baseline -0.003 -22"><span class='ocrx_word' id='word_1_189' title='bbox 2087 1018 2385 1089; x_wconf 77' lang='grc' dir='ltr'>ἐπιθυμίαν</span> <span class='ocrx_word' id='word_1_190' title='bbox 2413 1019 2597 1081; x_wconf 83' lang='grc' dir='ltr'>αὐτοῖς</span> <span class='ocrx_word' id='word_1_191' title='bbox 2639 1018 3088 1089; x_wconf 86' lang='grc' dir='ltr'>περιπλάσωμεν,</span> <span class='ocrx_word' id='word_1_192' title='bbox 3118 1017 3297 1089; x_wconf 82' lang='grc' dir='ltr'>ἔρωτα</span> <span class='ocrx_word' id='word_1_193' title='bbox 3347 1018 3495 1092; x_wconf 83' lang='grc' dir='ltr'>θεῖον</span> <span class='ocrx_word' id='word_1_194' title='bbox 3532 1019 3677 1088; x_wconf 68' lang='grc' dir='ltr'>αὐτὴν</span> <span class='ocrx_word' id='word_1_195' title='bbox 3714 1056 3715 1065; x_wconf 51' lang='grc' dir='ltr'><strong>η</strong></span> 
     </span>
    </p>
   </div>
   <div class='ocr_carea' id='block_1_33' title="bbox 2088 1105 3676 1181">
    <p class='ocr_par' dir='ltr' id='par_1_33' title="bbox 2088 1105 3676 1181">
     <span class='ocr_line' id='line_1_33' title="bbox 2088 1105 3676 1181; baseline -0.001 -20"><span class='ocrx_word' id='word_1_196' title='bbox 2088 1109 2341 1181; x_wconf 78' lang='grc' dir='ltr'>ἐννοῆσαι</span> <span class='ocrx_word' id='word_1_197' title='bbox 2374 1109 2421 1140; x_wconf 80' lang='grc'><strong>⁸³</strong></span> <span class='ocrx_word' id='word_1_198' title='bbox 2453 1107 2559 1179; x_wconf 85' lang='grc' dir='ltr'><strong>χρὴ</strong></span> <span class='ocrx_word' id='word_1_199' title='bbox 2593 1108 2695 1177; x_wconf 76' lang='grc' dir='ltr'>τῆς</span> <span class='ocrx_word' id='word_1_200' title='bbox 2724 1107 2864 1179; x_wconf 79' lang='grc' dir='ltr'>ὑπὲρ</span> <span class='ocrx_word' id='word_1_201' title='bbox 2890 1106 3047 1176; x_wconf 86' lang='grc' dir='ltr'>λόγον</span> <span class='ocrx_word' id='word_1_202' title='bbox 3076 1108 3169 1160; x_wconf 69' lang='grc' dir='ltr'><strong>καὶ</strong></span> <span class='ocrx_word' id='word_1_203' title='bbox 3193 1105 3318 1160; x_wconf 93' lang='grc' dir='ltr'>νοῦν</span> <span class='ocrx_word' id='word_1_204' title='bbox 3354 1106 3575 1172; x_wconf 78' lang='grc' dir='ltr'>ἀύλίας,</span> <span class='ocrx_word' id='word_1_205' title='bbox 3599 1109 3676 1161; x_wconf 71' lang='grc' dir='ltr'><strong>καὶ</strong></span> 
     </span>
    </p>
   </div>
   <div class='ocr_carea' id='block_1_34' title="bbox 2086 1197 3677 1272">
    <p class='ocr_par' dir='ltr' id='par_1_34' title="bbox 2086 1197 3677 1272">
     <span class='ocr_line' id='line_1_34' title="bbox 2086 1197 3677 1272; baseline -0.001 -20"><span class='ocrx_word' id='word_1_206' title='bbox 2086 1199 2183 1272; x_wconf 76' lang='grc' dir='ltr'><strong>τὴν</strong></span> <span class='ocrx_word' id='word_1_207' title='bbox 2233 1199 2427 1271; x_wconf 90' lang='grc' dir='ltr'>ἀκλινῆ</span> <span class='ocrx_word' id='word_1_208' title='bbox 2475 1198 2571 1251; x_wconf 65' lang='grc' dir='ltr'><strong>καὶ</strong></span> <span class='ocrx_word' id='word_1_209' title='bbox 2621 1197 2899 1252; x_wconf 84' lang='grc' dir='ltr'>ἀνένδοτον</span> <span class='ocrx_word' id='word_1_210' title='bbox 2954 1198 3142 1268; x_wconf 74' lang='grc' dir='ltr'>ἔφεσιν</span> <span class='ocrx_word' id='word_1_211' title='bbox 3194 1198 3297 1268; x_wconf 82' lang='grc' dir='ltr'>τῆς</span> <span class='ocrx_word' id='word_1_212' title='bbox 3345 1197 3677 1271; x_wconf 78' lang='grc' dir='ltr'>ὐπερουσίως</span> 
     </span>
    </p>
   </div>
   <div class='ocr_carea' id='block_1_35' title="bbox 2087 1294 3677 1370">
    <p class='ocr_par' dir='ltr' id='par_1_35' title="bbox 2087 1294 3677 1370">
     <span class='ocr_line' id='line_1_35' title="bbox 2087 1294 3677 1370; baseline -0.003 -19"><span class='ocrx_word' id='word_1_213' title='bbox 2087 1298 2261 1370; x_wconf 77' lang='grc' dir='ltr'>ἁγνῆς</span> <span class='ocrx_word' id='word_1_214' title='bbox 2302 1298 2399 1352; x_wconf 56' lang='grc' dir='ltr'><strong>καὶ¹</strong></span> <span class='ocrx_word' id='word_1_215' title='bbox 2433 1295 2682 1360; x_wconf 79' lang='grc' dir='ltr'>ἀπαθοῦς</span> <span class='ocrx_word' id='word_1_216' title='bbox 2715 1295 2968 1367; x_wconf 81' lang='grc' dir='ltr'>θεωρίας,</span> <span class='ocrx_word' id='word_1_217' title='bbox 3012 1296 3108 1349; x_wconf 75' lang='grc' dir='ltr'>καὶ</span> <span class='ocrx_word' id='word_1_218' title='bbox 3153 1296 3253 1367; x_wconf 80' lang='grc' dir='ltr'><strong>τῆς</strong></span> <span class='ocrx_word' id='word_1_219' title='bbox 3293 1294 3432 1368; x_wconf 71' lang='grc' dir='ltr'>πρὸς</span> <span class='ocrx_word' id='word_1_220' title='bbox 3475 1295 3677 1365; x_wconf 75' lang='grc' dir='ltr'>ἐκείνην</span> 
     </span>
    </p>
   </div>
   <div class='ocr_carea' id='block_1_36' title="bbox 2086 1386 3676 1463">
    <p class='ocr_par' dir='ltr' id='par_1_36' title="bbox 2086 1386 3676 1463">
     <span class='ocr_line' id='line_1_36' title="bbox 2086 1386 3676 1463; baseline -0.006 -17"><span class='ocrx_word' id='word_1_221' title='bbox 2086 1393 2186 1463; x_wconf 80' lang='grc' dir='ltr'><strong>τὴν</strong></span> <span class='ocrx_word' id='word_1_222' title='bbox 2247 1390 2497 1463; x_wconf 72' lang='grc' dir='ltr'>καθαρὰν</span> <span class='ocrx_word' id='word_1_223' title='bbox 2555 1390 2650 1444; x_wconf 77' lang='grc' dir='ltr'><strong>καὶ</strong></span> <span class='ocrx_word' id='word_1_224' title='bbox 2705 1387 3016 1460; x_wconf 78' lang='grc' dir='ltr'>ἀκροτάτην</span> <span class='ocrx_word' id='word_1_225' title='bbox 3070 1386 3386 1457; x_wconf 79' lang='grc' dir='ltr'>διαύγειαν,</span> <span class='ocrx_word' id='word_1_226' title='bbox 3436 1387 3543 1441; x_wconf 71' lang='grc' dir='ltr'>καὶ</span> <span class='ocrx_word' id='word_1_227' title='bbox 3598 1388 3676 1457; x_wconf 74' lang='grc' dir='ltr'>τὴν</span> 
     </span>
    </p>
   </div>
   <div class='ocr_carea' id='block_1_37' title="bbox 2087 1479 3678 1555">
    <p class='ocr_par' dir='ltr' id='par_1_37' title="bbox 2087 1479 3678 1555">
     <span class='ocr_line' id='line_1_37' title="bbox 2087 1479 3678 1555; baseline -0.004 -17"><span class='ocrx_word' id='word_1_228' title='bbox 2087 1481 2302 1555; x_wconf 82' lang='grc' dir='ltr'>ἀπλανῆ</span> <span class='ocrx_word' id='word_1_229' title='bbox 2339 1484 2387 1518; x_wconf 67' lang='grc' dir='ltr'><strong>’δ</strong></span> <span class='ocrx_word' id='word_1_230' title='bbox 2408 1486 2504 1538; x_wconf 78' lang='grc' dir='ltr'>καὶ</span> <span class='ocrx_word' id='word_1_231' title='bbox 2518 1482 2844 1541; x_wconf 54' lang='lat' dir='ltr'><strong>«antenoth</strong></span> <span class='ocrx_word' id='word_1_232' title='bbox 2898 1479 3234 1552; x_wconf 76' lang='grc' dir='ltr'>εὐπρέπειαν</span> <span class='ocrx_word' id='word_1_233' title='bbox 3262 1480 3493 1543; x_wconf 79' lang='grc' dir='ltr'>αἱωνίας</span> <span class='ocrx_word' id='word_1_234' title='bbox 3529 1479 3678 1541; x_wconf 78' lang='grc' dir='ltr'>ὅντως</span> 
     </span>
    </p>
   </div>
   <div class='ocr_carea' id='block_1_38' title="bbox 2088 1567 3680 1645">
    <p class='ocr_par' dir='ltr' id='par_1_38' title="bbox 2088 1567 3680 1645">
     <span class='ocr_line' id='line_1_38' title="bbox 2088 1567 3680 1645; baseline -0.007 -17"><span class='ocrx_word' id='word_1_235' title='bbox 2088 1574 2184 1628; x_wconf 76' lang='grc' dir='ltr'>καὶ</span> <span class='ocrx_word' id='word_1_236' title='bbox 2230 1574 2428 1645; x_wconf 77' lang='grc' dir='ltr'>νοητῆς</span> <span class='ocrx_word' id='word_1_237' title='bbox 2463 1571 2770 1634; x_wconf 86' lang='grc' dir='ltr'>κοινωνίας.</span> <span class='ocrx_word' id='word_1_238' title='bbox 2816 1568 2929 1623; x_wconf 66' lang='grc' dir='ltr'>Καὶ</span> <span class='ocrx_word' id='word_1_239' title='bbox 2971 1570 3032 1622; x_wconf 80' lang='grc' dir='ltr'><strong>τὸ</strong></span> <span class='ocrx_word' id='word_1_240' title='bbox 3076 1567 3313 1642; x_wconf 82' lang='grc' dir='ltr'>ἀκρατὲς</span> <span class='ocrx_word' id='word_1_241' title='bbox 3362 1568 3680 1639; x_wconf 71' lang='grc' dir='ltr'>ἐκλάϐοιμεν</span> 
     </span>
    </p>
   </div>
   <div class='ocr_carea' id='block_1_39' title="bbox 2075 1655 3680 1735">
    <p class='ocr_par' dir='ltr' id='par_1_39' title="bbox 2075 1655 3680 1735">
     <span class='ocr_line' id='line_1_39' title="bbox 2075 1655 3680 1735; baseline -0.007 -12"><span class='ocrx_word' id='word_1_242' title='bbox 2075 1655 2180 1723; x_wconf 44' lang='grc' dir='ltr'>’ἐπὶ</span> <span class='ocrx_word' id='word_1_243' title='bbox 2226 1667 2321 1721; x_wconf 90' lang='grc' dir='ltr'><strong>τοῦ</strong></span> <span class='ocrx_word' id='word_1_244' title='bbox 2375 1666 2626 1721; x_wconf 83' lang='grc' dir='ltr'>συντόνου</span> <span class='ocrx_word' id='word_1_245' title='bbox 2677 1664 2773 1718; x_wconf 75' lang='grc' dir='ltr'><strong>καὶ</strong></span> <span class='ocrx_word' id='word_1_246' title='bbox 2823 1661 3363 1735; x_wconf 77' lang='grc' dir='ltr'>ἀνεπιστρόφου,καὶ</span> <span class='ocrx_word' id='word_1_247' title='bbox 3403 1662 3553 1733; x_wconf 78' lang='grc' dir='ltr'>πρὸς</span> <span class='ocrx_word' id='word_1_248' title='bbox 3592 1678 3680 1731; x_wconf 73' lang='grc' dir='ltr'>μη-</span> 
     </span>
    </p>
   </div>
   <div class='ocr_carea' id='block_1_40' title="bbox 2086 1754 3683 1828">
    <p class='ocr_par' dir='ltr' id='par_1_40' title="bbox 2086 1754 3683 1828">
     <span class='ocr_line' id='line_1_40' title="bbox 2086 1754 3683 1828; baseline -0.008 -11"><span class='ocrx_word' id='word_1_249' title='bbox 2086 1762 2235 1825; x_wconf 84' lang='grc' dir='ltr'>δενὸς</span> <span class='ocrx_word' id='word_1_250' title='bbox 2281 1757 2649 1814; x_wconf 81' lang='grc' dir='ltr'>ἐκκόπτεσθαι</span> <span class='ocrx_word' id='word_1_251' title='bbox 2682 1757 2727 1788; x_wconf 79' lang='grc'><strong>⁸⁸</strong></span> <span class='ocrx_word' id='word_1_252' title='bbox 2756 1756 3078 1828; x_wconf 84' lang='grc' dir='ltr'>δυναμένου,</span> <span class='ocrx_word' id='word_1_253' title='bbox 3116 1754 3205 1809; x_wconf 81' lang='grc' dir='ltr'><strong>διὰ</strong></span> <span class='ocrx_word' id='word_1_254' title='bbox 3247 1754 3339 1807; x_wconf 78' lang='grc' dir='ltr'><strong>τὸν</strong></span> <span class='ocrx_word' id='word_1_255' title='bbox 3388 1754 3571 1825; x_wconf 79' lang='grc' dir='ltr'>ἀμιγῆ</span> <span class='ocrx_word' id='word_1_256' title='bbox 3606 1762 3683 1813; x_wconf 71' lang='grc' dir='ltr'><strong>καὶ</strong></span> 
     </span>
    </p>
   </div>
   <div class='ocr_carea' id='block_1_41' title="bbox 2088 1848 3683 1921">
    <p class='ocr_par' dir='ltr' id='par_1_41' title="bbox 2088 1848 3683 1921">
     <span class='ocr_line' id='line_1_41' title="bbox 2088 1848 3683 1921; baseline -0.007 -11"><span class='ocrx_word' id='word_1_257' title='bbox 2088 1852 2446 1910; x_wconf 83' lang='grc' dir='ltr'>ἀναλλοίωτον</span> <span class='ocrx_word' id='word_1_258' title='bbox 2493 1851 2596 1921; x_wconf 80' lang='grc' dir='ltr'>τῆς</span> <span class='ocrx_word' id='word_1_259' title='bbox 2642 1848 2794 1912; x_wconf 82' lang='grc' dir='ltr'>θείας</span> <span class='ocrx_word' id='word_1_260' title='bbox 2857 1848 3126 1919; x_wconf 78' lang='grc' dir='ltr'>καλλονῆς</span> <span class='ocrx_word' id='word_1_261' title='bbox 3179 1848 3378 1920; x_wconf 79' lang='grc' dir='ltr'>ἔρωτα,</span> <span class='ocrx_word' id='word_1_262' title='bbox 3446 1848 3549 1900; x_wconf 67' lang='grc' dir='ltr'><strong>καὶ</strong></span> <span class='ocrx_word' id='word_1_263' title='bbox 3601 1849 3683 1918; x_wconf 68' lang='grc' dir='ltr'><strong>τὴν</strong></span> 
     </span>
    </p>
   </div>
   <div class='ocr_carea' id='block_1_42' title="bbox 2091 1940 3681 2018">
    <p class='ocr_par' dir='ltr' id='par_1_42' title="bbox 2091 1940 3681 2018">
     <span class='ocr_line' id='line_1_42' title="bbox 2091 1940 3681 2018; baseline -0.006 -17"><span class='ocrx_word' id='word_1_264' title='bbox 2091 1945 2279 2018; x_wconf 78' lang='grc' dir='ltr'>όλικὴν</span> <span class='ocrx_word' id='word_1_265' title='bbox 2333 1942 2619 1999; x_wconf 84' lang='grc' dir='ltr'>ἀπόκλισιν</span> <span class='ocrx_word' id='word_1_266' title='bbox 2662 1941 2757 1996; x_wconf 74' lang='grc' dir='ltr'>ἐπὶ</span> <span class='ocrx_word' id='word_1_267' title='bbox 2800 1942 2863 1995; x_wconf 72' lang='grc' dir='ltr'>τὸ</span> <span class='ocrx_word' id='word_1_268' title='bbox 2912 1941 3082 2005; x_wconf 79' lang='grc' dir='ltr'>ὅντως</span> <span class='ocrx_word' id='word_1_269' title='bbox 3131 1940 3342 2011; x_wconf 71' lang='grc' dir='ltr'>ἐφετὸν.</span> <span class='ocrx_word' id='word_1_270' title='bbox 3387 1940 3558 1993; x_wconf 79' lang='grc' dir='ltr'>Ἀλλὰ</span> <span class='ocrx_word' id='word_1_271' title='bbox 3604 1942 3681 1992; x_wconf 69' lang='grc' dir='ltr'>καὶ</span> 
     </span>
    </p>
   </div>
   <div class='ocr_carea' id='block_1_43' title="bbox 2091 2033 3683 2114">
    <p class='ocr_par' dir='ltr' id='par_1_43' title="bbox 2091 2033 3683 2114">
     <span class='ocr_line' id='line_1_43' title="bbox 2091 2033 3683 2114; baseline -0.007 -18"><span class='ocrx_word' id='word_1_272' title='bbox 2091 2041 2261 2114; x_wconf 83' lang='grc' dir='ltr'>αὐτὴν</span> <span class='ocrx_word' id='word_1_273' title='bbox 2294 2040 2393 2111; x_wconf 78' lang='grc' dir='ltr'><strong>τὴν</strong></span> <span class='ocrx_word' id='word_1_274' title='bbox 2454 2037 2677 2107; x_wconf 83' lang='grc' dir='ltr'>ἀλογίαν</span> <span class='ocrx_word' id='word_1_275' title='bbox 2713 2055 2773 2091; x_wconf 92' lang='grc' dir='ltr'><strong>τε</strong></span> <span class='ocrx_word' id='word_1_276' title='bbox 2805 2039 2899 2091; x_wconf 72' lang='grc' dir='ltr'>καὶ</span> <span class='ocrx_word' id='word_1_277' title='bbox 2936 2036 3291 2107; x_wconf 80' lang='grc' dir='ltr'>ἀναισθησίαν</span> <span class='ocrx_word' id='word_1_278' title='bbox 3327 2033 3421 2089; x_wconf 72' lang='grc' dir='ltr'><strong>ἐπὶ</strong></span> <span class='ocrx_word' id='word_1_279' title='bbox 3454 2034 3564 2106; x_wconf 79' lang='grc' dir='ltr'><strong>μὲν</strong></span> <span class='ocrx_word' id='word_1_280' title='bbox 3592 2034 3683 2087; x_wconf 77' lang='grc' dir='ltr'><strong>τῶν</strong></span> 
     </span>
    </p>
   </div>
   <div class='ocr_carea' id='block_1_44' title="bbox 2092 2125 3685 2203">
    <p class='ocr_par' dir='ltr' id='par_1_44' title="bbox 2092 2125 3685 2203">
     <span class='ocr_line' id='line_1_44' title="bbox 2092 2125 3685 2203; baseline -0.006 -16"><span class='ocrx_word' id='word_1_281' title='bbox 2092 2134 2303 2203; x_wconf 85' lang='grc' dir='ltr'>ἀλόγων</span> <span class='ocrx_word' id='word_1_282' title='bbox 2320 2130 2495 2198; x_wconf 81' lang='grc' dir='ltr'>ζώων,</span> <span class='ocrx_word' id='word_1_283' title='bbox 2521 2130 2554 2202; x_wconf 81' lang='grc' dir='ltr'>ἢ</span> <span class='ocrx_word' id='word_1_284' title='bbox 2574 2128 2684 2183; x_wconf 93' lang='grc' dir='ltr'><strong>τῶν</strong></span> <span class='ocrx_word' id='word_1_285' title='bbox 2706 2127 2929 2201; x_wconf 76' lang='grc' dir='ltr'>ἀψύχων</span> <span class='ocrx_word' id='word_1_286' title='bbox 2950 2128 3113 2193; x_wconf 90' lang='grc' dir='ltr'>ὐλῶν,</span> <span class='ocrx_word' id='word_1_287' title='bbox 3134 2127 3388 2201; x_wconf 79' lang='grc' dir='ltr'>στέρησιν</span> <span class='ocrx_word' id='word_1_288' title='bbox 3410 2126 3578 2196; x_wconf 78' lang='grc' dir='ltr'>λόγου</span> <span class='ocrx_word' id='word_1_289' title='bbox 3608 2125 3685 2177; x_wconf 74' lang='grc' dir='ltr'><strong>καὶ</strong></span> 
     </span>
    </p>
   </div>
   <div class='ocr_carea' id='block_1_45' title="bbox 2092 2219 3685 2296">
    <p class='ocr_par' dir='ltr' id='par_1_45' title="bbox 2092 2219 3685 2296">
     <span class='ocr_line' id='line_1_45' title="bbox 2092 2219 3685 2296; baseline -0.006 -18"><span class='ocrx_word' id='word_1_290' title='bbox 2092 2224 2398 2296; x_wconf 82' lang='grc' dir='ltr'>αἰσθήσεως</span> <span class='ocrx_word' id='word_1_291' title='bbox 2428 2222 2646 2286; x_wconf 75' lang='grc' dir='ltr'>οἰκείως</span> <span class='ocrx_word' id='word_1_292' title='bbox 2662 2220 3079 2292; x_wconf 73' lang='grc' dir='ltr'>ἀποκαλούμενο</span> <span class='ocrx_word' id='word_1_293' title='bbox 3124 2221 3216 2273; x_wconf 73' lang='grc' dir='ltr'>ἐπὶ</span> <span class='ocrx_word' id='word_1_294' title='bbox 3267 2219 3324 2274; x_wconf 89' lang='grc' dir='ltr'><strong>δέ</strong></span> <span class='ocrx_word' id='word_1_295' title='bbox 3370 2219 3480 2272; x_wconf 87' lang='grc' dir='ltr'><strong>τῶν</strong></span> <span class='ocrx_word' id='word_1_296' title='bbox 3521 2219 3685 2273; x_wconf 74' lang='grc' dir='ltr'>ἀῢλων</span> 
     </span>
    </p>
   </div>
   <div class='ocr_carea' id='block_1_46' title="bbox 2094 2307 3684 2388">
    <p class='ocr_par' dir='ltr' id='par_1_46' title="bbox 2094 2307 3684 2388">
     <span class='ocr_line' id='line_1_46' title="bbox 2094 2307 3684 2388; baseline -0.005 -20"><span class='ocrx_word' id='word_1_297' title='bbox 2094 2315 2189 2368; x_wconf 76' lang='grc' dir='ltr'><strong>καὶ</strong></span> <span class='ocrx_word' id='word_1_298' title='bbox 2226 2313 2429 2388; x_wconf 89' lang='grc' dir='ltr'>νοερῶν</span> <span class='ocrx_word' id='word_1_299' title='bbox 2459 2311 2680 2377; x_wconf 79' lang='grc' dir='ltr'>οὐσιῶν,</span> <span class='ocrx_word' id='word_1_300' title='bbox 2710 2309 3065 2382; x_wconf 88' lang='grc' dir='ltr'>ἀγιοπρεπῶς</span> <span class='ocrx_word' id='word_1_301' title='bbox 3101 2307 3162 2363; x_wconf 81' lang='grc' dir='ltr'>τὸ</span> <span class='ocrx_word' id='word_1_302' title='bbox 3186 2308 3455 2383; x_wconf 79' lang='grc' dir='ltr'>ὑπερέχον</span> <span class='ocrx_word' id='word_1_303' title='bbox 3492 2307 3684 2368; x_wconf 83' lang='grc' dir='ltr'>αὐτῶν,</span> 
     </span>
    </p>
   </div>
   <div class='ocr_carea' id='block_1_47' title="bbox 2090 2402 3686 2480">
    <p class='ocr_par' dir='ltr' id='par_1_47' title="bbox 2090 2402 3686 2480">
     <span class='ocr_line' id='line_1_47' title="bbox 2090 2402 3686 2480; baseline -0.006 -18"><span class='ocrx_word' id='word_1_304' title='bbox 2090 2408 2169 2473; x_wconf 81' lang='grc' dir='ltr'>ὡς</span> <span class='ocrx_word' id='word_1_305' title='bbox 2201 2406 2607 2480; x_wconf 83' lang='grc' dir='ltr'>ὐπερκοσμίων,</span> <span class='ocrx_word' id='word_1_306' title='bbox 2638 2405 3010 2477; x_wconf 85' lang='grc' dir='ltr'>ὁμολογοῦμεν</span> <span class='ocrx_word' id='word_1_307' title='bbox 3054 2404 3149 2458; x_wconf 90' lang='grc' dir='ltr'><strong>τοῦ</strong></span> <span class='ocrx_word' id='word_1_308' title='bbox 3181 2402 3306 2457; x_wconf 76' lang='grc' dir='ltr'>καθ’</span> <span class='ocrx_word' id='word_1_309' title='bbox 3338 2402 3490 2473; x_wconf 79' lang='grc' dir='ltr'>ἡμᾶς</span> <span class='ocrx_word' id='word_1_310' title='bbox 3536 2417 3686 2473; x_wconf 83' lang='grc' dir='ltr'>μετα-</span> 
     </span>
    </p>
   </div>
   <div class='ocr_carea' id='block_1_48' title="bbox 2096 2493 3686 2571">
    <p class='ocr_par' dir='ltr' id='par_1_48' title="bbox 2096 2493 3686 2571">
     <span class='ocr_line' id='line_1_48' title="bbox 2096 2493 3686 2571; baseline -0.008 -15"><span class='ocrx_word' id='word_1_311' title='bbox 2096 2500 2463 2556; x_wconf 68' lang='grc' dir='ltr'>6ατικοῦ·καὶ</span> <span class='ocrx_word' id='word_1_312' title='bbox 2508 2497 2821 2571; x_wconf 79' lang='grc' dir='ltr'>σωματικοῦ</span> <span class='ocrx_word' id='word_1_313' title='bbox 2865 2497 3048 2567; x_wconf 83' lang='grc' dir='ltr'>λόγου,</span> <span class='ocrx_word' id='word_1_314' title='bbox 3082 2496 3176 2550; x_wconf 78' lang='grc' dir='ltr'><strong>καὶ</strong></span> <span class='ocrx_word' id='word_1_315' title='bbox 3221 2494 3324 2565; x_wconf 80' lang='grc' dir='ltr'>τῆς</span> <span class='ocrx_word' id='word_1_316' title='bbox 3376 2493 3575 2557; x_wconf 83' lang='grc' dir='ltr'>ὐλαίας</span> <span class='ocrx_word' id='word_1_317' title='bbox 3605 2496 3686 2546; x_wconf 67' lang='grc' dir='ltr'>καὶ</span> 
     </span>
    </p>
   </div>
   <div class='ocr_carea' id='block_1_49' title="bbox 2094 2586 3687 2666">
    <p class='ocr_par' dir='ltr' id='par_1_49' title="bbox 2094 2586 3687 2666">
     <span class='ocr_line' id='line_1_49' title="bbox 2094 2586 3687 2666; baseline -0.008 -16"><span class='ocrx_word' id='word_1_318' title='bbox 2094 2593 2381 2666; x_wconf 89' lang='grc' dir='ltr'>ἀλλοτρίας</span> <span class='ocrx_word' id='word_1_319' title='bbox 2406 2592 2513 2645; x_wconf 90' lang='grc' dir='ltr'><strong>τῶν</strong></span> <span class='ocrx_word' id='word_1_320' title='bbox 2541 2591 2847 2663; x_wconf 79' lang='grc' dir='ltr'>ἀσωμάτων</span> <span class='ocrx_word' id='word_1_321' title='bbox 2880 2589 3015 2643; x_wconf 89' lang='grc' dir='ltr'>νὸων</span> <span class='ocrx_word' id='word_1_322' title='bbox 3045 2587 3370 2658; x_wconf 77' lang='grc' dir='ltr'>αἰσθήσεως.</span> <span class='ocrx_word' id='word_1_323' title='bbox 3405 2586 3568 2639; x_wconf 83' lang='grc' dir='ltr'>Ἔστι</span> <span class='ocrx_word' id='word_1_324' title='bbox 3590 2602 3687 2639; x_wconf 83' lang='grc' dir='ltr'>τοι·</span> 
     </span>
    </p>
   </div>
   <div class='ocr_carea' id='block_1_50' title="bbox 2094 2678 3691 2760">
    <p class='ocr_par' dir='ltr' id='par_1_50' title="bbox 2094 2678 3691 2760">
     <span class='ocr_line' id='line_1_50' title="bbox 2094 2678 3691 2760; baseline -0.012 -17"><span class='ocrx_word' id='word_1_325' title='bbox 2094 2684 2300 2760; x_wconf 88' lang='grc' dir='ltr'>γαροῦν</span> <span class='ocrx_word' id='word_1_326' title='bbox 2333 2685 2432 2739; x_wconf 87' lang='grc' dir='ltr'><strong>οὐκ</strong></span> <span class='ocrx_word' id='word_1_327' title='bbox 2467 2681 2779 2755; x_wconf 66' lang='grc' dir='ltr'>ἀπᾳδούσας</span> <span class='ocrx_word' id='word_1_328' title='bbox 2801 2680 3107 2737; x_wconf 85' lang='grc' dir='ltr'>ἀναπλάσαι</span> <span class='ocrx_word' id='word_1_329' title='bbox 3136 2681 3249 2742; x_wconf 87' lang='grc' dir='ltr'>τοῖς</span> <span class='ocrx_word' id='word_1_330' title='bbox 3268 2678 3550 2749; x_wconf 82' lang='grc' dir='ltr'>οὐρανίοις</span> <span class='ocrx_word' id='word_1_331' title='bbox 3583 2693 3691 2749; x_wconf 43' lang='grc' dir='ltr'>μορ.</span> 
     </span>
    </p>
   </div>
   <div class='ocr_carea' id='block_1_51' title="bbox 402 2768 1882 2850">
    <p class='ocr_par' dir='ltr' id='par_1_51' title="bbox 402 2768 1881 2840">
     <span class='ocr_line' id='line_1_51' title="bbox 402 2768 1881 2840; baseline 0 -15"><span class='ocrx_word' id='word_1_332' title='bbox 402 2782 579 2825; x_wconf 78' lang='lat' dir='ltr'><strong>suum</strong></span> <span class='ocrx_word' id='word_1_333' title='bbox 598 2779 998 2836; x_wconf 85' lang='lat' dir='ltr'><strong>transeuntem,</strong></span> <span class='ocrx_word' id='word_1_334' title='bbox 1012 2785 1077 2825; x_wconf 90' lang='lat' dir='ltr'><strong>ac</strong></span> <span class='ocrx_word' id='word_1_335' title='bbox 1100 2768 1461 2840; x_wconf 87' lang='lat' dir='ltr'><strong>corporalem,</strong></span> <span class='ocrx_word' id='word_1_336' title='bbox 1478 2779 1531 2824; x_wconf 89' lang='lat' dir='ltr'><strong>et</strong></span> <span class='ocrx_word' id='word_1_337' title='bbox 1548 2771 1881 2825; x_wconf 90' lang='lat' dir='ltr'><strong>materialem</strong></span> 
     </span>
    </p>
   </div>
   <div class='ocr_carea' id='block_1_52' title="bbox 2207 2768 3687 2850">
    <p class='ocr_par' dir='ltr' id='par_1_52' title="bbox 2210 2771 3687 2847">
     <span class='ocr_line' id='line_1_52' title="bbox 2210 2771 3687 2847; baseline -0.007 -15"><span class='ocrx_word' id='word_1_338' title='bbox 2210 2818 2223 2843; x_wconf 88' lang='lat'><strong>,</strong></span> <span class='ocrx_word' id='word_1_339' title='bbox 2247 2778 2368 2831; x_wconf 77' lang='grc' dir='ltr'>κάκ’</span> <span class='ocrx_word' id='word_1_340' title='bbox 2385 2776 2496 2831; x_wconf 91' lang='grc' dir='ltr'><strong>τῶν</strong></span> <span class='ocrx_word' id='word_1_341' title='bbox 2528 2775 2871 2847; x_wconf 75' lang='grc' dir='ltr'>ἀτιμοτάτων</span> <span class='ocrx_word' id='word_1_342' title='bbox 2901 2774 3005 2844; x_wconf 81' lang='grc' dir='ltr'>τῆς</span> <span class='ocrx_word' id='word_1_343' title='bbox 3031 2773 3164 2845; x_wconf 77' lang='grc' dir='ltr'>ὕλης</span> <span class='ocrx_word' id='word_1_344' title='bbox 3200 2771 3404 2845; x_wconf 80' lang='grc' dir='ltr'>μερῶν,</span> <span class='ocrx_word' id='word_1_345' title='bbox 3435 2771 3568 2825; x_wconf 65' lang='grc' dir='ltr'>ἐπεὶ</span> <span class='ocrx_word' id='word_1_346' title='bbox 3606 2772 3687 2822; x_wconf 70' lang='grc' dir='ltr'><strong>καὶ</strong></span> 
     </span>
    </p>
   </div>
   <div class='ocr_carea' id='block_1_53' title="bbox 404 2861 1884 2940">
    <p class='ocr_par' dir='ltr' id='par_1_53' title="bbox 404 2861 1884 2933">
     <span class='ocr_line' id='line_1_53' title="bbox 404 2861 1884 2933; baseline -0.001 -17"><span class='ocrx_word' id='word_1_347' title='bbox 404 2861 849 2933; x_wconf 88' lang='lat' dir='ltr'><strong>incorporearum</strong></span> <span class='ocrx_word' id='word_1_348' title='bbox 906 2862 1131 2917; x_wconf 88' lang='lat' dir='ltr'><strong>istarum</strong></span> <span class='ocrx_word' id='word_1_349' title='bbox 1185 2862 1450 2916; x_wconf 90' lang='lat' dir='ltr'><strong>mentium</strong></span> <span class='ocrx_word' id='word_1_350' title='bbox 1515 2876 1682 2917; x_wconf 90' lang='lat' dir='ltr'><strong>sensu</strong></span> <span class='ocrx_word' id='word_1_351' title='bbox 1730 2863 1884 2917; x_wconf 70' lang='lat' dir='ltr'><strong>alien:</strong></span> 
     </span>
    </p>
   </div>
   <div class='ocr_carea' id='block_1_54' title="bbox 2206 2861 3686 2940">
    <p class='ocr_par' dir='ltr' id='par_1_54' title="bbox 2206 2862 3686 2940">
     <span class='ocr_line' id='line_1_54' title="bbox 2206 2862 3686 2940; baseline -0.006 -18"><span class='ocrx_word' id='word_1_352' title='bbox 2206 2870 2257 2940; x_wconf 79' lang='grc' dir='ltr'>ὴ,</span> <span class='ocrx_word' id='word_1_353' title='bbox 2290 2866 2427 2940; x_wconf 77' lang='grc' dir='ltr'>πρὸς</span> <span class='ocrx_word' id='word_1_354' title='bbox 2454 2866 2547 2919; x_wconf 88' lang='grc' dir='ltr'><strong>τοῦ</strong></span> <span class='ocrx_word' id='word_1_355' title='bbox 2581 2866 2751 2929; x_wconf 81' lang='grc' dir='ltr'>ὅντως</span> <span class='ocrx_word' id='word_1_356' title='bbox 2797 2863 2962 2919; x_wconf 89' lang='grc' dir='ltr'>καλοῦ</span> <span class='ocrx_word' id='word_1_357' title='bbox 2992 2865 3094 2936; x_wconf 82' lang='grc' dir='ltr'><strong>τὴν</strong></span> <span class='ocrx_word' id='word_1_358' title='bbox 3132 2863 3367 2935; x_wconf 78' lang='grc' dir='ltr'>ὓπαρξιν</span> <span class='ocrx_word' id='word_1_359' title='bbox 3404 2862 3686 2933; x_wconf 75' lang='grc' dir='ltr'>ἐσχηκυῖα,</span> 
     </span>
    </p>
   </div>
   <div class='ocr_carea' id='block_1_55' title="bbox 401 2952 1881 3028">
    <p class='ocr_par' dir='ltr' id='par_1_55' title="bbox 401 2953 1881 3024">
     <span class='ocr_line' id='line_1_55' title="bbox 401 2953 1881 3024; baseline 0 -16"><span class='ocrx_word' id='word_1_360' title='bbox 401 2968 561 3009; x_wconf 81' lang='lat' dir='ltr'><strong>sacro</strong></span> <span class='ocrx_word' id='word_1_361' title='bbox 589 2968 812 3024; x_wconf 87' lang='lat' dir='ltr'><strong>prorsus</strong></span> <span class='ocrx_word' id='word_1_362' title='bbox 842 2954 1002 3009; x_wconf 92' lang='lat' dir='ltr'><strong>modo</strong></span> <span class='ocrx_word' id='word_1_363' title='bbox 1037 2953 1429 3008; x_wconf 86' lang='lat' dir='ltr'><strong>transcendere</strong></span> <span class='ocrx_word' id='word_1_364' title='bbox 1462 2953 1808 3022; x_wconf 82' lang='lat' dir='ltr'><strong>profitemur.</strong></span> <span class='ocrx_word' id='word_1_365' title='bbox 1843 2953 1881 3008; x_wconf 87' lang='lat' dir='ltr'><strong>L</strong></span> 
     </span>
    </p>
   </div>
   <div class='ocr_carea' id='block_1_56' title="bbox 2208 2952 3688 3028">
    <p class='ocr_par' dir='ltr' id='par_1_56' title="bbox 2208 2952 3688 3028">
     <span class='ocr_line' id='line_1_56' title="bbox 2208 2952 3688 3028; baseline -0.005 -16"><span class='ocrx_word' id='word_1_366' title='bbox 2208 2958 2240 3012; x_wconf 77' lang='grc' dir='ltr'><strong>ἀ</strong></span> <span class='ocrx_word' id='word_1_367' title='bbox 2272 2961 2451 3012; x_wconf 75' lang='grc' dir='ltr'>πᾶσαν</span> <span class='ocrx_word' id='word_1_368' title='bbox 2495 2958 2667 3028; x_wconf 83' lang='grc' dir='ltr'>αὐτῆς</span> <span class='ocrx_word' id='word_1_369' title='bbox 2695 2958 2795 3028; x_wconf 79' lang='grc' dir='ltr'><strong>τὴν</strong></span> <span class='ocrx_word' id='word_1_370' title='bbox 2845 2954 3036 3009; x_wconf 89' lang='grc' dir='ltr'>ὐλαίαν</span> <span class='ocrx_word' id='word_1_371' title='bbox 3062 2953 3424 3025; x_wconf 85' lang='grc' dir='ltr'>διακόσμησιν</span> <span class='ocrx_word' id='word_1_372' title='bbox 3474 2952 3688 3023; x_wconf 72' lang='grc' dir='ltr'>ἀπηχή-</span> 
     </span>
    </p>
   </div>
   <div class='ocr_carea' id='block_1_57' title="bbox 403 3043 1883 3121">
    <p class='ocr_par' dir='ltr' id='par_1_57' title="bbox 403 3044 1883 3116">
     <span class='ocr_line' id='line_1_57' title="bbox 403 3044 1883 3116; baseline -0.002 -15"><span class='ocrx_word' id='word_1_373' title='bbox 403 3047 593 3116; x_wconf 79' lang='lat' dir='ltr'><strong>itaque</strong></span> <span class='ocrx_word' id='word_1_374' title='bbox 642 3061 747 3100; x_wconf 90' lang='lat' dir='ltr'><strong>non</strong></span> <span class='ocrx_word' id='word_1_375' title='bbox 803 3045 1131 3116; x_wconf 75' lang='lat' dir='ltr'><strong>incongruas</strong></span> <span class='ocrx_word' id='word_1_376' title='bbox 1168 3046 1329 3100; x_wconf 88' lang='lat' dir='ltr'><strong>rebus</strong></span> <span class='ocrx_word' id='word_1_377' title='bbox 1356 3044 1696 3109; x_wconf 68' lang='lat' dir='ltr'><strong>coelestibus,</strong></span> <span class='ocrx_word' id='word_1_378' title='bbox 1731 3047 1883 3100; x_wconf 54' lang='lat' dir='ltr'><strong>etian‘</strong></span> 
     </span>
    </p>
   </div>
   <div class='ocr_carea' id='block_1_58' title="bbox 2209 3043 3689 3121">
    <p class='ocr_par' dir='ltr' id='par_1_58' title="bbox 2214 3043 3689 3121">
     <span class='ocr_line' id='line_1_58' title="bbox 2214 3043 3689 3121; baseline -0.007 -18"><span class='ocrx_word' id='word_1_379' title='bbox 2214 3052 2249 3104; x_wconf 89' lang='grc' dir='ltr'><strong>ἀ</strong></span> <span class='ocrx_word' id='word_1_380' title='bbox 2278 3067 2397 3103; x_wconf 90' lang='grc' dir='ltr'>τινα</span> <span class='ocrx_word' id='word_1_381' title='bbox 2445 3049 2546 3121; x_wconf 79' lang='grc' dir='ltr'><strong>τῆς</strong></span> <span class='ocrx_word' id='word_1_382' title='bbox 2583 3049 2778 3121; x_wconf 82' lang='grc' dir='ltr'>νοερᾶς</span> <span class='ocrx_word' id='word_1_383' title='bbox 2807 3047 3141 3120; x_wconf 83' lang='grc' dir='ltr'>εὐπρεπείας</span> <span class='ocrx_word' id='word_1_384' title='bbox 3170 3045 3303 3116; x_wconf 75' lang='grc' dir='ltr'>ἔχει·</span> <span class='ocrx_word' id='word_1_385' title='bbox 3334 3045 3429 3097; x_wconf 63' lang='grc' dir='ltr'><strong>κα)⁵</strong></span> <span class='ocrx_word' id='word_1_386' title='bbox 3472 3043 3689 3098; x_wconf 82' lang='grc' dir='ltr'>δυνατόν</span> 
     </span>
    </p>
   </div>
   <div class='ocr_carea' id='block_1_59' title="bbox 404 3132 1884 3209">
    <p class='ocr_par' dir='ltr' id='par_1_59' title="bbox 404 3137 1884 3208">
     <span class='ocr_line' id='line_1_59' title="bbox 404 3137 1884 3208; baseline 0 -16"><span class='ocrx_word' id='word_1_387' title='bbox 404 3138 687 3195; x_wconf 85' lang='lat' dir='ltr'><strong>vilissimis</strong></span> <span class='ocrx_word' id='word_1_388' title='bbox 728 3138 969 3193; x_wconf 73' lang='lat' dir='ltr'><strong>materia:</strong></span> <span class='ocrx_word' id='word_1_389' title='bbox 1007 3139 1255 3208; x_wconf 88' lang='lat' dir='ltr'><strong>partibus</strong></span> <span class='ocrx_word' id='word_1_390' title='bbox 1302 3138 1509 3195; x_wconf 82' lang='lat' dir='ltr'><strong>formas</strong></span> <span class='ocrx_word' id='word_1_391' title='bbox 1551 3137 1884 3206; x_wconf 78' lang='lat' dir='ltr'><strong>eiiingere;t</strong></span> 
     </span>
    </p>
   </div>
   <div class='ocr_carea' id='block_1_60' title="bbox 2211 3132 3691 3209">
    <p class='ocr_par' dir='ltr' id='par_1_60' title="bbox 2211 3132 3691 3209">
     <span class='ocr_line' id='line_1_60' title="bbox 2211 3132 3691 3209; baseline -0.007 -16"><span class='ocrx_word' id='word_1_392' title='bbox 2211 3140 2313 3193; x_wconf 62' lang='grc' dir='ltr'>ιδι’</span> <span class='ocrx_word' id='word_1_393' title='bbox 2344 3139 2523 3194; x_wconf 85' lang='grc' dir='ltr'>αὐτῶν</span> <span class='ocrx_word' id='word_1_394' title='bbox 2561 3136 2860 3206; x_wconf 80' lang='grc' dir='ltr'>ἀνάγεσθαι</span> <span class='ocrx_word' id='word_1_395' title='bbox 2905 3136 3043 3209; x_wconf 79' lang='grc' dir='ltr'>πρὸς</span> <span class='ocrx_word' id='word_1_396' title='bbox 3082 3134 3182 3199; x_wconf 75' lang='grc' dir='ltr'>τὰς</span> <span class='ocrx_word' id='word_1_397' title='bbox 3218 3133 3415 3195; x_wconf 74' lang='grc' dir='ltr'>ἀύλους</span> <span class='ocrx_word' id='word_1_398' title='bbox 3464 3132 3691 3204; x_wconf 79' lang='grc' dir='ltr'>ἀρχετυ·</span> 
     </span>
    </p>
   </div>
   <div class='ocr_carea' id='block_1_61' title="bbox 401 3224 1881 3309">
    <p class='ocr_par' dir='ltr' id='par_1_61' title="bbox 401 3229 1881 3300">
     <span class='ocr_line' id='line_1_61' title="bbox 401 3229 1881 3300; baseline -0.001 -15"><span class='ocrx_word' id='word_1_399' title='bbox 401 3239 457 3285; x_wconf 88' lang='lat' dir='ltr'><strong>et</strong></span> <span class='ocrx_word' id='word_1_400' title='bbox 483 3230 622 3300; x_wconf 89' lang='lat' dir='ltr'><strong>ipsa,</strong></span> <span class='ocrx_word' id='word_1_401' title='bbox 648 3231 813 3285; x_wconf 89' lang='lat' dir='ltr'><strong>etiam</strong></span> <span class='ocrx_word' id='word_1_402' title='bbox 843 3230 911 3285; x_wconf 90' lang='lat' dir='ltr'><strong>ab</strong></span> <span class='ocrx_word' id='word_1_403' title='bbox 936 3245 1001 3284; x_wconf 89' lang='lat' dir='ltr'><strong>eo</strong></span> <span class='ocrx_word' id='word_1_404' title='bbox 1026 3229 1117 3298; x_wconf 85' lang='lat' dir='ltr'><strong>qui</strong></span> <span class='ocrx_word' id='word_1_405' title='bbox 1150 3244 1283 3297; x_wconf 88' lang='lat' dir='ltr'><strong>vere</strong></span> <span class='ocrx_word' id='word_1_406' title='bbox 1309 3230 1538 3299; x_wconf 88' lang='lat' dir='ltr'><strong>pulcher</strong></span> <span class='ocrx_word' id='word_1_407' title='bbox 1583 3242 1668 3285; x_wconf 85' lang='lat' dir='ltr'><strong>est</strong></span> <span class='ocrx_word' id='word_1_408' title='bbox 1696 3230 1881 3286; x_wconf 78' lang='lat' dir='ltr'><strong>exsistt</strong></span> 
     </span>
    </p>
   </div>
   <div class='ocr_carea' id='block_1_62' title="bbox 2210 3224 3690 3309">
    <p class='ocr_par' dir='ltr' id='par_1_62' title="bbox 2210 3224 3690 3301">
     <span class='ocr_line' id='line_1_62' title="bbox 2210 3224 3690 3301; baseline -0.004 -18"><span class='ocrx_word' id='word_1_409' title='bbox 2210 3248 2249 3295; x_wconf 84' lang='lat'><strong>;,</strong></span> <span class='ocrx_word' id='word_1_410' title='bbox 2283 3229 2574 3301; x_wconf 85' lang='grc' dir='ltr'>ἀνομοίως,</span> <span class='ocrx_word' id='word_1_411' title='bbox 2612 3228 2687 3292; x_wconf 85' lang='grc' dir='ltr'>ὡς</span> <span class='ocrx_word' id='word_1_412' title='bbox 2724 3227 2961 3301; x_wconf 72' lang='grc' dir='ltr'>εἴρηται,</span> <span class='ocrx_word' id='word_1_413' title='bbox 2991 3227 3101 3281; x_wconf 85' lang='grc' dir='ltr'><strong>τῶν</strong></span> <span class='ocrx_word' id='word_1_414' title='bbox 3127 3226 3462 3298; x_wconf 78' lang='grc' dir='ltr'>ὁμοιοτήτων</span> <span class='ocrx_word' id='word_1_415' title='bbox 3493 3224 3690 3293; x_wconf 79' lang='grc' dir='ltr'>ἐκλαμ-</span> 
     </span>
    </p>
   </div>
   <div class='ocr_carea' id='block_1_63' title="bbox 404 3316 1884 3394">
    <p class='ocr_par' dir='ltr' id='par_1_63' title="bbox 404 3321 1873 3393">
     <span class='ocr_line' id='line_1_63' title="bbox 404 3321 1873 3393; baseline -0.001 -17"><span class='ocrx_word' id='word_1_416' title='bbox 404 3336 504 3393; x_wconf 90' lang='lat' dir='ltr'><strong>per</strong></span> <span class='ocrx_word' id='word_1_417' title='bbox 527 3336 745 3377; x_wconf 91' lang='lat' dir='ltr'><strong>omnem</strong></span> <span class='ocrx_word' id='word_1_418' title='bbox 793 3321 875 3376; x_wconf 91' lang='lat' dir='ltr'><strong>sui</strong></span> <span class='ocrx_word' id='word_1_419' title='bbox 934 3321 1268 3374; x_wconf 71' lang='lat' dir='ltr'><strong>nnaterialem</strong></span> <span class='ocrx_word' id='word_1_420' title='bbox 1312 3321 1724 3391; x_wconf 90' lang='lat' dir='ltr'><strong>dispositionem</strong></span> <span class='ocrx_word' id='word_1_421' title='bbox 1746 3333 1873 3377; x_wconf 89' lang='lat' dir='ltr'><strong>-vest</strong></span> 
     </span>
    </p>
   </div>
   <div class='ocr_carea' id='block_1_64' title="bbox 2211 3316 3691 3394">
    <p class='ocr_par' dir='ltr' id='par_1_64' title="bbox 2211 3316 3691 3394">
     <span class='ocr_line' id='line_1_64' title="bbox 2211 3316 3691 3394; baseline -0.005 -18"><span class='ocrx_word' id='word_1_422' title='bbox 2211 3321 2434 3394; x_wconf 72' lang='grc' dir='ltr'>ιμένων,</span> <span class='ocrx_word' id='word_1_423' title='bbox 2474 3323 2569 3376; x_wconf 76' lang='grc' dir='ltr'><strong>καὶ</strong></span> <span class='ocrx_word' id='word_1_424' title='bbox 2612 3321 2721 3375; x_wconf 88' lang='grc' dir='ltr'><strong>τῶν</strong></span> <span class='ocrx_word' id='word_1_425' title='bbox 2769 3320 2949 3391; x_wconf 82' lang='grc' dir='ltr'>αὐτῶν</span> <span class='ocrx_word' id='word_1_426' title='bbox 2985 3321 3046 3374; x_wconf 88' lang='grc' dir='ltr'><strong>οὐ</strong></span> <span class='ocrx_word' id='word_1_427' title='bbox 3081 3316 3319 3382; x_wconf 78' lang='grc' dir='ltr'>ταύτῶς,</span> <span class='ocrx_word' id='word_1_428' title='bbox 3359 3317 3691 3388; x_wconf 68' lang='grc' dir='ltr'>ἐναρμονίοις</span> 
     </span>
    </p>
   </div>
   <div class='ocr_carea' id='block_1_65' title="bbox 404 3407 1884 3484">
    <p class='ocr_par' dir='ltr' id='par_1_65' title="bbox 404 3412 1884 3483">
     <span class='ocr_line' id='line_1_65' title="bbox 404 3412 1884 3483; baseline -0.001 -15"><span class='ocrx_word' id='word_1_429' title='bbox 404 3415 654 3483; x_wconf 68' lang='lat' dir='ltr'><strong>quaedam</strong></span> <span class='ocrx_word' id='word_1_430' title='bbox 700 3413 1088 3469; x_wconf 83' lang='lat' dir='ltr'><strong>intellectualis</strong></span> <span class='ocrx_word' id='word_1_431' title='bbox 1132 3413 1332 3467; x_wconf 85' lang='lat' dir='ltr'><strong>habeat</strong></span> <span class='ocrx_word' id='word_1_432' title='bbox 1382 3413 1714 3478; x_wconf 86' lang='lat' dir='ltr'><strong>venustatis;</strong></span> <span class='ocrx_word' id='word_1_433' title='bbox 1771 3412 1884 3467; x_wconf 86' lang='lat' dir='ltr'><strong>fieri</strong></span> 
     </span>
    </p>
   </div>
   <div class='ocr_carea' id='block_1_66' title="bbox 2208 3407 3688 3484">
    <p class='ocr_par' dir='ltr' id='par_1_66' title="bbox 2208 3407 3688 3484">
     <span class='ocr_line' id='line_1_66' title="bbox 2208 3407 3688 3484; baseline -0.005 -15"><span class='ocrx_word' id='word_1_434' title='bbox 2208 3417 2283 3470; x_wconf 82' lang='grc' dir='ltr'><strong>ιαί</strong></span> <span class='ocrx_word' id='word_1_435' title='bbox 2312 3415 2527 3478; x_wconf 78' lang='grc' dir='ltr'>οἰκείως</span> <span class='ocrx_word' id='word_1_436' title='bbox 2556 3411 2650 3468; x_wconf 70' lang='grc' dir='ltr'><strong>ἐπὶ</strong></span> <span class='ocrx_word' id='word_1_437' title='bbox 2673 3411 2781 3467; x_wconf 88' lang='grc' dir='ltr'><strong>τῶν</strong></span> <span class='ocrx_word' id='word_1_438' title='bbox 2812 3411 3015 3484; x_wconf 89' lang='grc' dir='ltr'>νοερῶν</span> <span class='ocrx_word' id='word_1_439' title='bbox 3036 3415 3094 3465; x_wconf 80' lang='grc' dir='ltr'><strong>τε</strong></span> <span class='ocrx_word' id='word_1_440' title='bbox 3128 3411 3222 3465; x_wconf 76' lang='grc' dir='ltr'><strong>καὶ</strong></span> <span class='ocrx_word' id='word_1_441' title='bbox 3256 3407 3541 3480; x_wconf 75' lang='grc' dir='ltr'>αἰσθητῶν</span> <span class='ocrx_word' id='word_1_442' title='bbox 3577 3410 3688 3463; x_wconf 82' lang='grc' dir='ltr'>ἰδιο-</span> 
     </span>
    </p>
   </div>
   <div class='ocr_carea' id='block_1_67' title="bbox 405 3503 1885 3579">
    <p class='ocr_par' dir='ltr' id='par_1_67' title="bbox 405 3503 1885 3577">
     <span class='ocr_line' id='line_1_67' title="bbox 405 3503 1885 3577; baseline -0.002 -17"><span class='ocrx_word' id='word_1_443' title='bbox 405 3506 601 3577; x_wconf 88' lang='lat' dir='ltr'><strong>possit,</strong></span> <span class='ocrx_word' id='word_1_444' title='bbox 650 3516 709 3561; x_wconf 91' lang='lat' dir='ltr'><strong>ut</strong></span> <span class='ocrx_word' id='word_1_445' title='bbox 741 3521 838 3577; x_wconf 89' lang='lat' dir='ltr'><strong>per</strong></span> <span class='ocrx_word' id='word_1_446' title='bbox 864 3520 925 3561; x_wconf 91' lang='lat' dir='ltr'><strong>ea</strong></span> <span class='ocrx_word' id='word_1_447' title='bbox 961 3506 1029 3559; x_wconf 91' lang='lat' dir='ltr'><strong>ad</strong></span> <span class='ocrx_word' id='word_1_448' title='bbox 1084 3505 1477 3560; x_wconf 84' lang='lat' dir='ltr'><strong>immateriales</strong></span> <span class='ocrx_word' id='word_1_449' title='bbox 1513 3504 1720 3559; x_wconf 79' lang='lat' dir='ltr'><strong>formas</strong></span> <span class='ocrx_word' id='word_1_450' title='bbox 1754 3503 1885 3574; x_wconf 89' lang='lat' dir='ltr'><strong>prim</strong></span> 
     </span>
    </p>
   </div>
   <div class='ocr_carea' id='block_1_68' title="bbox 1181 3503 2661 3579">
    <p class='ocr_par' dir='ltr' id='par_1_68' title="bbox 1181 3503 2661 3579">
     <span class='ocr_line' id='line_1_68' title="bbox 1181 3503 2661 3579; baseline -0.001 -20"><span class='ocrx_word' id='word_1_451' title='bbox 1181 3505 1477 3560; x_wconf 83' lang='lat' dir='ltr'><strong>nateriales</strong></span> <span class='ocrx_word' id='word_1_452' title='bbox 1513 3504 1720 3559; x_wconf 79' lang='lat' dir='ltr'><strong>formas</strong></span> <span class='ocrx_word' id='word_1_453' title='bbox 1754 3503 1989 3574; x_wconf 85' lang='lat' dir='ltr'><strong>primiti-</strong></span> <span class='ocrx_word' id='word_1_454' title='bbox 2097 3505 2276 3579; x_wconf 77' lang='grc' dir='ltr'>τήτων</span> <span class='ocrx_word' id='word_1_455' title='bbox 2307 3504 2661 3579; x_wconf 79' lang='grc' dir='ltr'>ὁριζομένων.</span> 
     </span>
    </p>
   </div>
   <div class='ocr_carea' id='block_1_69' title="bbox 410 3596 3674 3670">
    <p class='ocr_par' dir='ltr' id='par_1_69' title="bbox 410 3596 3674 3670">
     <span class='ocr_line' id='line_1_69' title="bbox 410 3596 3674 3670; baseline 0.001 -21"><span class='ocrx_word' id='word_1_456' title='bbox 410 3616 510 3654; x_wconf 76' lang='lat' dir='ltr'><strong>vas</strong></span> <span class='ocrx_word' id='word_1_457' title='bbox 544 3600 901 3669; x_wconf 86' lang='lat' dir='ltr'><strong>adducamur,</strong></span> <span class='ocrx_word' id='word_1_458' title='bbox 937 3599 1305 3666; x_wconf 76' lang='lat' dir='ltr'><strong>dissimiliter,</strong></span> <span class='ocrx_word' id='word_1_459' title='bbox 1357 3608 1417 3653; x_wconf 90' lang='lat' dir='ltr'><strong>ut</strong></span> <span class='ocrx_word' id='word_1_460' title='bbox 1476 3597 1684 3653; x_wconf 89' lang='lat' dir='ltr'><strong>dictum</strong></span> <span class='ocrx_word' id='word_1_461' title='bbox 1724 3606 1830 3664; x_wconf 90' lang='lat' dir='ltr'><strong>est,</strong></span> <span class='ocrx_word' id='word_1_462' title='bbox 1893 3597 2281 3657; x_wconf 89' lang='lat' dir='ltr'><strong>similitudines</strong></span> <span class='ocrx_word' id='word_1_463' title='bbox 2333 3600 2672 3670; x_wconf 87' lang='lat' dir='ltr'><strong>accipiendo,</strong></span> <span class='ocrx_word' id='word_1_464' title='bbox 2726 3598 3057 3670; x_wconf 71' lang='lat' dir='ltr'><strong>ct_easdem</strong></span> <span class='ocrx_word' id='word_1_465' title='bbox 3096 3613 3200 3652; x_wconf 92' lang='lat' dir='ltr'><strong>non</strong></span> <span class='ocrx_word' id='word_1_466' title='bbox 3261 3596 3455 3654; x_wconf 87' lang='lat' dir='ltr'><strong>eodem</strong></span> <span class='ocrx_word' id='word_1_467' title='bbox 3512 3596 3674 3653; x_wconf 84' lang='lat' dir='ltr'><strong>modo</strong></span> 
     </span>
    </p>
   </div>
   <div class='ocr_carea' id='block_1_70' title="bbox 404 3660 2938 3763">
    <p class='ocr_par' dir='ltr' id='par_1_70' title="bbox 404 3660 2938 3763">
     <span class='ocr_line' id='line_1_70' title="bbox 404 3660 2938 3763; baseline -0.001 -14"><span class='ocrx_word' id='word_1_468' title='bbox 404 3692 503 3749; x_wconf 84' lang='lat' dir='ltr'><strong>sed</strong></span> <span class='ocrx_word' id='word_1_469' title='bbox 538 3706 775 3758; x_wconf 64' lang='lat' dir='ltr'><strong>congrue</strong></span> <span class='ocrx_word' id='word_1_470' title='bbox 805 3660 1120 3763; x_wconf 41' lang='lat' dir='ltr'><strong>ac&#39;proprie</strong></span> <span class='ocrx_word' id='word_1_471' title='bbox 1144 3660 1417 3762; x_wconf 77' lang='lat' dir='ltr'><strong>spiritales</strong></span> <span class='ocrx_word' id='word_1_472' title='bbox 1450 3705 1517 3747; x_wconf 89' lang='lat' dir='ltr'><strong>ac</strong></span> <span class='ocrx_word' id='word_1_473' title='bbox 1550 3660 1840 3747; x_wconf 79' lang='lat' dir='ltr'><strong>sensibiles</strong></span> <span class='ocrx_word' id='word_1_474' title='bbox 1864 3693 2231 3763; x_wconf 87' lang='lat' dir='ltr'><strong>proprietates</strong></span> <span class='ocrx_word' id='word_1_475' title='bbox 2264 3660 2670 3763; x_wconf 66' lang='lat' dir='ltr'><strong>distinguendo.</strong></span> <span class='ocrx_word' id='word_1_476' title='bbox 2800 3660 2831 3693; x_wconf 63' lang='grc'><em>’</em></span> <span class='ocrx_word' id='word_1_477' title='bbox 2932 3676 2938 3687; x_wconf 74' lang='grc'><em>’</em></span> 
     </span>
    </p>
   </div>
   <div class='ocr_carea' id='block_1_71' title="bbox 1971 3848 2117 3921">
    <p class='ocr_par' dir='ltr' id='par_1_71' title="bbox 1971 3848 2117 3921">
     <span class='ocr_line' id='line_1_71' title="bbox 1971 3848 2117 3921; baseline 0.014 -15"><span class='ocrx_word' id='word_1_478' title='bbox 1971 3848 2117 3921; x_wconf 62' lang='grc' dir='ltr'>εν.</span> 
     </span>
    </p>
   </div>
   <div class='ocr_carea' id='block_1_72' title="bbox 480 3986 1960 4065">
    <p class='ocr_par' dir='ltr' id='par_1_72' title="bbox 480 3990 1960 4063">
     <span class='ocr_line' id='line_1_72' title="bbox 480 3990 1960 4063; baseline 0.001 -18"><span class='ocrx_word' id='word_1_479' title='bbox 480 3990 607 4047; x_wconf 65' lang='lat' dir='ltr'><strong>ﬂare</strong></span> <span class='ocrx_word' id='word_1_480' title='bbox 640 3992 901 4063; x_wconf 76' lang='lat' dir='ltr'><strong>mysticos</strong></span> <span class='ocrx_word' id='word_1_481' title='bbox 936 3990 1220 4062; x_wconf 79' lang='lat' dir='ltr'><strong>theologos</strong></span> <span class='ocrx_word' id='word_1_482' title='bbox 1252 4006 1358 4047; x_wconf 92' lang='lat' dir='ltr'><strong>non</strong></span> <span class='ocrx_word' id='word_1_483' title='bbox 1406 3991 1538 4047; x_wconf 89' lang='lat' dir='ltr'><strong>solis</strong></span> <span class='ocrx_word' id='word_1_484' title='bbox 1559 3990 1863 4047; x_wconf 70' lang='lat' dir='ltr'><strong>cmlcstium</strong></span> <span class='ocrx_word' id='word_1_485' title='bbox 1887 3991 1960 4046; x_wconf 75' lang='lat' dir='ltr'><strong>dit</strong></span> 
     </span>
    </p>
   </div>
   <div class='ocr_carea' id='block_1_73' title="bbox 2212 3986 3692 4065">
    <p class='ocr_par' dir='ltr' id='par_1_73' title="bbox 2212 3986 3692 4065">
     <span class='ocr_line' id='line_1_73' title="bbox 2212 3986 3692 4065; baseline -0.001 -21"><span class='ocrx_word' id='word_1_486' title='bbox 2212 3990 2357 4045; x_wconf 82' lang='grc' dir='ltr'>ἀῦτα</span> <span class='ocrx_word' id='word_1_487' title='bbox 2418 3991 2546 4056; x_wconf 82' lang='grc' dir='ltr'><strong>τούς</strong></span> <span class='ocrx_word' id='word_1_488' title='bbox 2582 3992 2880 4062; x_wconf 80' lang='grc' dir='ltr'>μυστικοὺς</span> <span class='ocrx_word' id='word_1_489' title='bbox 2935 3990 3220 4061; x_wconf 89' lang='grc' dir='ltr'>θεολόγους</span> <span class='ocrx_word' id='word_1_490' title='bbox 3270 3986 3587 4065; x_wconf 82' lang='grc' dir='ltr'>εὑρήσομεν</span> <span class='ocrx_word' id='word_1_491' title='bbox 3636 3993 3692 4044; x_wconf 80' lang='grc' dir='ltr'><strong>οὐ</strong></span> 
     </span>
    </p>
   </div>
   <div class='ocr_carea' id='block_1_74' title="bbox 406 4082 1886 4158">
    <p class='ocr_par' dir='ltr' id='par_1_74' title="bbox 406 4083 1882 4154">
     <span class='ocr_line' id='line_1_74' title="bbox 406 4083 1882 4154; baseline -0.002 -15"><span class='ocrx_word' id='word_1_492' title='bbox 406 4084 737 4154; x_wconf 88' lang='lat' dir='ltr'><strong>positionum</strong></span> <span class='ocrx_word' id='word_1_493' title='bbox 790 4083 1305 4154; x_wconf 75' lang='lat' dir='ltr'><strong>explanationibus,</strong></span> <span class='ocrx_word' id='word_1_494' title='bbox 1365 4100 1554 4140; x_wconf 87' lang='lat' dir='ltr'><strong>verum</strong></span> <span class='ocrx_word' id='word_1_495' title='bbox 1608 4086 1776 4139; x_wconf 91' lang='lat' dir='ltr'><strong>etiam</strong></span> <span class='ocrx_word' id='word_1_496' title='bbox 1829 4084 1882 4154; x_wconf 90' lang='lat' dir='ltr'><strong>ip</strong></span> 
     </span>
    </p>
   </div>
   <div class='ocr_carea' id='block_1_75' title="bbox 2212 4082 3692 4158">
    <p class='ocr_par' dir='ltr' id='par_1_75' title="bbox 2212 4083 3692 4158">
     <span class='ocr_line' id='line_1_75' title="bbox 2212 4083 3692 4158; baseline -0.001 -22"><span class='ocrx_word' id='word_1_497' title='bbox 2212 4101 2291 4147; x_wconf 70' lang='lat' dir='ltr'><strong>at;</strong></span> <span class='ocrx_word' id='word_1_498' title='bbox 2337 4085 2460 4148; x_wconf 81' lang='grc' dir='ltr'>ταῖς</span> <span class='ocrx_word' id='word_1_499' title='bbox 2505 4083 2615 4138; x_wconf 91' lang='grc' dir='ltr'><strong>τῶν</strong></span> <span class='ocrx_word' id='word_1_500' title='bbox 2676 4084 2944 4158; x_wconf 80' lang='grc' dir='ltr'>οὐρανίων</span> <span class='ocrx_word' id='word_1_501' title='bbox 3002 4084 3310 4154; x_wconf 88' lang='grc' dir='ltr'>διακόσμων</span> <span class='ocrx_word' id='word_1_502' title='bbox 3364 4083 3692 4153; x_wconf 69' lang='grc' dir='ltr'>ἐκφάνσεσιν</span> 
     </span>
    </p>
   </div>
   <div class='ocr_carea' id='block_1_76' title="bbox 408 4172 1888 4247">
    <p class='ocr_par' dir='ltr' id='par_1_76' title="bbox 408 4175 1888 4247">
     <span class='ocr_line' id='line_1_76' title="bbox 408 4175 1888 4247; baseline -0.001 -16"><span class='ocrx_word' id='word_1_503' title='bbox 408 4175 1062 4247; x_wconf 80' lang='lat' dir='ltr'><strong>metDei-principalibus</strong></span> <span class='ocrx_word' id='word_1_504' title='bbox 1103 4175 1561 4233; x_wconf 89' lang='lat' dir='ltr'><strong>elucidationibus</strong></span> <span class='ocrx_word' id='word_1_505' title='bbox 1617 4178 1722 4233; x_wconf 92' lang='lat' dir='ltr'><strong>rite</strong></span> <span class='ocrx_word' id='word_1_506' title='bbox 1776 4191 1888 4233; x_wconf 66' lang='lat' dir='ltr'><strong>acc:</strong></span> 
     </span>
    </p>
   </div>
   <div class='ocr_carea' id='block_1_77' title="bbox 2214 4172 3694 4247">
    <p class='ocr_par' dir='ltr' id='par_1_77' title="bbox 2214 4172 3694 4245">
     <span class='ocr_line' id='line_1_77' title="bbox 2214 4172 3694 4245; baseline 0.001 -20"><span class='ocrx_word' id='word_1_507' title='bbox 2214 4172 2264 4236; x_wconf 64' lang='grc' dir='ltr'>ὃς</span> <span class='ocrx_word' id='word_1_508' title='bbox 2292 4174 2774 4245; x_wconf 83' lang='grc' dir='ltr'>περιπλάττοντας,</span> <span class='ocrx_word' id='word_1_509' title='bbox 2802 4175 2937 4231; x_wconf 88' lang='grc' dir='ltr'><strong>ἀλλά</strong></span> <span class='ocrx_word' id='word_1_510' title='bbox 2963 4175 3059 4229; x_wconf 63' lang='grc' dir='ltr'><strong>καλ⁵</strong></span> <span class='ocrx_word' id='word_1_511' title='bbox 3086 4174 3276 4236; x_wconf 87' lang='grc' dir='ltr'>αὐταῖς</span> <span class='ocrx_word' id='word_1_512' title='bbox 3312 4172 3424 4226; x_wconf 74' lang='grc' dir='ltr'>ἔσθ’</span> <span class='ocrx_word' id='word_1_513' title='bbox 3456 4173 3551 4226; x_wconf 82' lang='grc' dir='ltr'>ὅτε</span> <span class='ocrx_word' id='word_1_514' title='bbox 3581 4178 3694 4235; x_wconf 80' lang='grc' dir='ltr'>ταῖς</span> 
     </span>
    </p>
   </div>
   <div class='ocr_carea' id='block_1_78' title="bbox 409 4268 1994 4340">
    <p class='ocr_par' dir='ltr' id='par_1_78' title="bbox 409 4268 1994 4340">
     <span class='ocr_line' id='line_1_78' title="bbox 409 4268 1994 4340; baseline 0.001 -18"><span class='ocrx_word' id='word_1_515' title='bbox 409 4268 660 4323; x_wconf 89' lang='lat' dir='ltr'><strong>modasse</strong></span> <span class='ocrx_word' id='word_1_516' title='bbox 716 4268 1076 4338; x_wconf 85' lang='lat' dir='ltr'><strong>reperiemus.</strong></span> <span class='ocrx_word' id='word_1_517' title='bbox 1128 4268 1195 4323; x_wconf 83' lang='lat' dir='ltr'><strong>Et</strong></span> <span class='ocrx_word' id='word_1_518' title='bbox 1246 4268 1535 4339; x_wconf 88' lang='lat' dir='ltr'><strong>aliquando</strong></span> <span class='ocrx_word' id='word_1_519' title='bbox 1567 4270 1783 4340; x_wconf 87' lang='lat' dir='ltr'><strong>quidem</strong></span> <span class='ocrx_word' id='word_1_520' title='bbox 1843 4268 1994 4324; x_wconf 86' lang='lat' dir='ltr'><strong>Divi-</strong></span> 
     </span>
    </p>
   </div>
   <div class='ocr_carea' id='block_1_79' title="bbox 407 4359 1993 4431">
    <p class='ocr_par' dir='ltr' id='par_1_79' title="bbox 407 4359 1993 4431">
     <span class='ocr_line' id='line_1_79' title="bbox 407 4359 1993 4431; baseline 0 -16"><span class='ocrx_word' id='word_1_521' title='bbox 407 4361 632 4415; x_wconf 89' lang='lat' dir='ltr'><strong>nitatem</strong></span> <span class='ocrx_word' id='word_1_522' title='bbox 669 4362 842 4431; x_wconf 87' lang='lat' dir='ltr'><strong>ipsam</strong></span> <span class='ocrx_word' id='word_1_523' title='bbox 875 4376 906 4414; x_wconf 91' lang='lat' dir='ltr'><strong>a</strong></span> <span class='ocrx_word' id='word_1_524' title='bbox 942 4360 1240 4415; x_wconf 87' lang='lat' dir='ltr'><strong>luminibus</strong></span> <span class='ocrx_word' id='word_1_525' title='bbox 1287 4361 1554 4431; x_wconf 86' lang='lat' dir='ltr'><strong>speciosis</strong></span> <span class='ocrx_word' id='word_1_526' title='bbox 1580 4359 1993 4427; x_wconf 85' lang='lat' dir='ltr'><strong>concelebrant,</strong></span> 
     </span>
    </p>
   </div>
   <div class='ocr_carea' id='block_1_80' title="bbox 405 4451 1989 4524">
    <p class='ocr_par' dir='ltr' id='par_1_80' title="bbox 405 4451 1989 4524">
     <span class='ocr_line' id='line_1_80' title="bbox 405 4451 1989 4524; baseline 0.001 -18"><span class='ocrx_word' id='word_1_527' title='bbox 405 4453 560 4524; x_wconf 87' lang='lat' dir='ltr'><strong>quasi</strong></span> <span class='ocrx_word' id='word_1_528' title='bbox 604 4451 788 4509; x_wconf 88' lang='lat' dir='ltr'><strong>Solem</strong></span> <span class='ocrx_word' id='word_1_529' title='bbox 839 4451 1067 4520; x_wconf 78' lang='lat' dir='ltr'><strong>iustitiae</strong></span> <span class='ocrx_word' id='word_1_530' title='bbox 1093 4462 1141 4517; x_wconf 82' lang='lat' dir='ltr'><strong>P,</strong></span> <span class='ocrx_word' id='word_1_531' title='bbox 1188 4452 1343 4523; x_wconf 77' lang='lat' dir='ltr'><strong>quasi</strong></span> <span class='ocrx_word' id='word_1_532' title='bbox 1392 4451 1608 4507; x_wconf 90' lang='lat' dir='ltr'><strong>stellam</strong></span> <span class='ocrx_word' id='word_1_533' title='bbox 1664 4454 1989 4510; x_wconf 88' lang='lat' dir='ltr'><strong>matutinam</strong></span> 
     </span>
    </p>
   </div>
   <div class='ocr_carea' id='block_1_81' title="bbox 2097 4262 3697 4340">
    <p class='ocr_par' dir='ltr' id='par_1_81' title="bbox 2097 4262 3697 4340">
     <span class='ocr_line' id='line_1_81' title="bbox 2097 4262 3697 4340; baseline -0.001 -23"><span class='ocrx_word' id='word_1_534' title='bbox 2097 4262 2420 4336; x_wconf 84' lang='grc' dir='ltr'>Θεαρχικαῖς</span> <span class='ocrx_word' id='word_1_535' title='bbox 2461 4267 2863 4340; x_wconf 78' lang='grc' dir='ltr'>ἐκφαντορίαις.</span> <span class='ocrx_word' id='word_1_536' title='bbox 2913 4268 3024 4322; x_wconf 71' lang='grc' dir='ltr'>Καὶ</span> <span class='ocrx_word' id='word_1_537' title='bbox 3073 4266 3203 4320; x_wconf 84' lang='grc' dir='ltr'>ποτὲ</span> <span class='ocrx_word' id='word_1_538' title='bbox 3236 4264 3336 4336; x_wconf 78' lang='grc' dir='ltr'>μὲν</span> <span class='ocrx_word' id='word_1_539' title='bbox 3384 4264 3562 4337; x_wconf 80' lang='grc' dir='ltr'>αὐτὴν</span> <span class='ocrx_word' id='word_1_540' title='bbox 3591 4265 3697 4319; x_wconf 68' lang='grc' dir='ltr'>ἀπὸ</span> 
     </span>
    </p>
   </div>
   <div class='ocr_carea' id='block_1_82' title="bbox 2096 4355 3693 4431">
    <p class='ocr_par' dir='ltr' id='par_1_82' title="bbox 2096 4355 3693 4431">
     <span class='ocr_line' id='line_1_82' title="bbox 2096 4355 3693 4431; baseline 0.001 -22"><span class='ocrx_word' id='word_1_541' title='bbox 2096 4355 2206 4410; x_wconf 88' lang='grc' dir='ltr'><strong>τῶν</strong></span> <span class='ocrx_word' id='word_1_542' title='bbox 2235 4357 2573 4429; x_wconf 83' lang='grc' dir='ltr'>φαινομένων</span> <span class='ocrx_word' id='word_1_543' title='bbox 2614 4360 2811 4431; x_wconf 91' lang='grc' dir='ltr'>τιμίων</span> <span class='ocrx_word' id='word_1_544' title='bbox 2846 4358 3127 4431; x_wconf 82' lang='grc' dir='ltr'>ὑμνοῦσιν,</span> <span class='ocrx_word' id='word_1_545' title='bbox 3172 4359 3249 4421; x_wconf 88' lang='grc' dir='ltr'>ὼς</span> <span class='ocrx_word' id='word_1_546' title='bbox 3290 4356 3444 4428; x_wconf 73' lang='grc' dir='ltr'>ἥλιον</span> <span class='ocrx_word' id='word_1_547' title='bbox 3484 4357 3693 4412; x_wconf 65' lang='grc' dir='ltr'>δικαιοο</span> 
     </span>
    </p>
   </div>
   <div class='ocr_carea' id='block_1_83' title="bbox 2099 4446 3697 4522">
    <p class='ocr_par' dir='ltr' id='par_1_83' title="bbox 2099 4446 3697 4522">
     <span class='ocr_line' id='line_1_83' title="bbox 2099 4446 3697 4522; baseline -0.001 -22"><span class='ocrx_word' id='word_1_548' title='bbox 2099 4446 2284 4521; x_wconf 85' lang='grc' dir='ltr'>σύνης,</span> <span class='ocrx_word' id='word_1_549' title='bbox 2315 4448 2392 4512; x_wconf 83' lang='grc' dir='ltr'>ὡς</span> <span class='ocrx_word' id='word_1_550' title='bbox 2421 4449 2626 4522; x_wconf 83' lang='grc' dir='ltr'>ἀστέρα</span> <span class='ocrx_word' id='word_1_551' title='bbox 2658 4451 2749 4505; x_wconf 76' lang='grc' dir='ltr'>τὸν</span> <span class='ocrx_word' id='word_1_552' title='bbox 2779 4449 2914 4522; x_wconf 81' lang='grc' dir='ltr'>έῷον</span> <span class='ocrx_word' id='word_1_553' title='bbox 2943 4450 3023 4513; x_wconf 79' lang='grc' dir='ltr'>εἰς</span> <span class='ocrx_word' id='word_1_554' title='bbox 3052 4450 3097 4481; x_wconf 74' lang='grc'><strong>⁸⁸</strong></span> <span class='ocrx_word' id='word_1_555' title='bbox 3127 4448 3251 4502; x_wconf 80' lang='grc' dir='ltr'>νοῦν</span> <span class='ocrx_word' id='word_1_556' title='bbox 3284 4448 3451 4520; x_wconf 84' lang='grc' dir='ltr'>ίερῶς</span> <span class='ocrx_word' id='word_1_557' title='bbox 3476 4449 3697 4502; x_wconf 77' lang='grc' dir='ltr'>ἀνατέλ-</span> 
     </span>
    </p>
   </div>
   <div class='ocr_carea' id='block_1_84' title="bbox 407 4536 1887 4616">
    <p class='ocr_par' dir='ltr' id='par_1_84' title="bbox 407 4542 1887 4616">
     <span class='ocr_line' id='line_1_84' title="bbox 407 4542 1887 4616; baseline 0.001 -18"><span class='ocrx_word' id='word_1_558' title='bbox 407 4544 576 4600; x_wconf 85' lang='lat' dir='ltr'><strong>menti</strong></span> <span class='ocrx_word' id='word_1_559' title='bbox 611 4544 884 4600; x_wconf 88' lang='lat' dir='ltr'><strong>sacratius</strong></span> <span class='ocrx_word' id='word_1_560' title='bbox 909 4542 1277 4609; x_wconf 86' lang='lat' dir='ltr'><strong>oborieutem,</strong></span> <span class='ocrx_word' id='word_1_561' title='bbox 1313 4545 1468 4615; x_wconf 88' lang='lat' dir='ltr'><strong>quasi</strong></span> <span class='ocrx_word' id='word_1_562' title='bbox 1500 4544 1673 4600; x_wconf 88' lang='lat' dir='ltr'><strong>lucem</strong></span> <span class='ocrx_word' id='word_1_563' title='bbox 1705 4555 1887 4616; x_wconf 75' lang='lat' dir='ltr'><strong>aperte</strong></span> 
     </span>
    </p>
   </div>
   <div class='ocr_carea' id='block_1_85' title="bbox 2214 4536 3694 4616">
    <p class='ocr_par' dir='ltr' id='par_1_85' title="bbox 2214 4538 3694 4612">
     <span class='ocr_line' id='line_1_85' title="bbox 2214 4538 3694 4612; baseline -0.002 -18"><span class='ocrx_word' id='word_1_564' title='bbox 2214 4558 2266 4605; x_wconf 89' lang='grc' dir='ltr'><strong>α,</strong></span> <span class='ocrx_word' id='word_1_565' title='bbox 2301 4542 2394 4594; x_wconf 72' lang='grc' dir='ltr'><strong>καὶ</strong></span> <span class='ocrx_word' id='word_1_566' title='bbox 2424 4542 2501 4605; x_wconf 85' lang='grc' dir='ltr'>ὡς</span> <span class='ocrx_word' id='word_1_567' title='bbox 2540 4541 2657 4611; x_wconf 78' lang='grc' dir='ltr'>φῶς</span> <span class='ocrx_word' id='word_1_568' title='bbox 2696 4538 3156 4612; x_wconf 85' lang='grc' dir='ltr'>ἀπερικαλύπτως</span> <span class='ocrx_word' id='word_1_569' title='bbox 3189 4539 3284 4595; x_wconf 76' lang='grc' dir='ltr'>καὶ</span> <span class='ocrx_word' id='word_1_570' title='bbox 3315 4539 3529 4611; x_wconf 90' lang='grc' dir='ltr'>νοητῶς</span> <span class='ocrx_word' id='word_1_571' title='bbox 3562 4556 3694 4592; x_wconf 65' lang='grc' dir='ltr'>κατι</span> 
     </span>
    </p>
   </div>
   <div class='ocr_carea' id='block_1_86' title="bbox 405 4634 1996 4706">
    <p class='ocr_par' dir='ltr' id='par_1_86' title="bbox 405 4634 1996 4706">
     <span class='ocr_line' id='line_1_86' title="bbox 405 4634 1996 4706; baseline 0 -16"><span class='ocrx_word' id='word_1_572' title='bbox 405 4634 816 4705; x_wconf 82' lang='lat' dir='ltr'><strong>intelligibiliter</strong></span> <span class='ocrx_word' id='word_1_573' title='bbox 870 4634 1172 4689; x_wconf 85' lang='lat' dir='ltr'><strong>radiantem</strong></span> <span class='ocrx_word' id='word_1_574' title='bbox 1203 4645 1264 4702; x_wconf 63' lang='lat' dir='ltr'><strong>tt;</strong></span> <span class='ocrx_word' id='word_1_575' title='bbox 1301 4637 1627 4706; x_wconf 82' lang='lat' dir='ltr'><strong>quandoque</strong></span> <span class='ocrx_word' id='word_1_576' title='bbox 1679 4652 1809 4692; x_wconf 89' lang='lat' dir='ltr'><strong>vero</strong></span> <span class='ocrx_word' id='word_1_577' title='bbox 1841 4652 1870 4691; x_wconf 85' lang='lat' dir='ltr'><strong>a</strong></span> <span class='ocrx_word' id='word_1_578' title='bbox 1909 4652 1996 4691; x_wconf 83' lang='lat' dir='ltr'><strong>re-</strong></span> 
     </span>
    </p>
   </div>
   <div class='ocr_carea' id='block_1_87' title="bbox 405 4724 1992 4798">
    <p class='ocr_par' dir='ltr' id='par_1_87' title="bbox 405 4724 1992 4798">
     <span class='ocr_line' id='line_1_87' title="bbox 405 4724 1992 4798; baseline 0.003 -17"><span class='ocrx_word' id='word_1_579' title='bbox 405 4730 506 4783; x_wconf 89' lang='lat' dir='ltr'><strong>bus</strong></span> <span class='ocrx_word' id='word_1_580' title='bbox 540 4727 756 4793; x_wconf 87' lang='lat' dir='ltr'><strong>mediis,</strong></span> <span class='ocrx_word' id='word_1_581' title='bbox 787 4724 940 4797; x_wconf 79' lang='lat' dir='ltr'><strong>quasi</strong></span> <span class='ocrx_word' id='word_1_582' title='bbox 970 4728 1147 4798; x_wconf 81' lang='lat' dir='ltr'><strong>ignem</strong></span> <span class='ocrx_word' id='word_1_583' title='bbox 1184 4728 1403 4784; x_wconf 81' lang='lat' dir='ltr'><strong>innoxie</strong></span> <span class='ocrx_word' id='word_1_584' title='bbox 1430 4731 1719 4785; x_wconf 87' lang='lat' dir='ltr'><strong>micantem</strong></span> <span class='ocrx_word' id='word_1_585' title='bbox 1750 4739 1796 4797; x_wconf 63' lang='grc' dir='ltr'>ξ,</span> <span class='ocrx_word' id='word_1_586' title='bbox 1833 4730 1992 4798; x_wconf 75' lang='lat' dir='ltr'><strong>quasi</strong></span> 
     </span>
    </p>
   </div>
   <div class='ocr_carea' id='block_1_88' title="bbox 406 4818 1989 4890">
    <p class='ocr_par' dir='ltr' id='par_1_88' title="bbox 406 4818 1989 4890">
     <span class='ocr_line' id='line_1_88' title="bbox 406 4818 1989 4890; baseline 0 -17"><span class='ocrx_word' id='word_1_587' title='bbox 406 4834 601 4889; x_wconf 87' lang='lat' dir='ltr'><strong>aquam</strong></span> <span class='ocrx_word' id='word_1_588' title='bbox 651 4819 833 4874; x_wconf 84' lang='lat' dir='ltr'><strong>vitalis</strong></span> <span class='ocrx_word' id='word_1_589' title='bbox 866 4818 1220 4886; x_wconf 85' lang='lat' dir='ltr'><strong>plenitudinis</strong></span> <span class='ocrx_word' id='word_1_590' title='bbox 1269 4820 1624 4887; x_wconf 88' lang='lat' dir='ltr'><strong>collatricem,</strong></span> <span class='ocrx_word' id='word_1_591' title='bbox 1664 4831 1719 4875; x_wconf 90' lang='lat' dir='ltr'><strong>et</strong></span> <span class='ocrx_word' id='word_1_592' title='bbox 1772 4820 1989 4890; x_wconf 71' lang='lat' dir='ltr'><strong>symbo~</strong></span> 
     </span>
    </p>
   </div>
   <div class='ocr_carea' id='block_1_89' title="bbox 407 4911 1988 4989">
    <p class='ocr_par' dir='ltr' id='par_1_89' title="bbox 407 4911 1988 4989">
     <span class='ocr_line' id='line_1_89' title="bbox 407 4911 1988 4989; baseline 0.001 -25"><span class='ocrx_word' id='word_1_593' title='bbox 407 4911 521 4989; x_wconf 84' lang='lat' dir='ltr'><strong>lice</strong></span> <span class='ocrx_word' id='word_1_594' title='bbox 541 4911 828 4979; x_wconf 88' lang='lat' dir='ltr'><strong>loquendo,</strong></span> <span class='ocrx_word' id='word_1_595' title='bbox 854 4920 1100 4965; x_wconf 90' lang='lat' dir='ltr'><strong>ventrem</strong></span> <span class='ocrx_word' id='word_1_596' title='bbox 1137 4911 1537 4968; x_wconf 89' lang='lat' dir='ltr'><strong>subintrantem</strong></span> <span class='ocrx_word' id='word_1_597' title='bbox 1565 4925 1611 4981; x_wconf 76' lang='grc' dir='ltr'>ο,</span> <span class='ocrx_word' id='word_1_598' title='bbox 1649 4911 1988 4980; x_wconf 78' lang='lat' dir='ltr'><strong>fluminaque</strong></span> 
     </span>
    </p>
   </div>
   <div class='ocr_carea' id='block_1_90' title="bbox 405 5004 1989 5076">
    <p class='ocr_par' dir='ltr' id='par_1_90' title="bbox 405 5004 1989 5076">
     <span class='ocr_line' id='line_1_90' title="bbox 405 5004 1989 5076; baseline -0.002 -15"><span class='ocrx_word' id='word_1_599' title='bbox 405 5006 672 5076; x_wconf 87' lang='lat' dir='ltr'><strong>perpetim</strong></span> <span class='ocrx_word' id='word_1_600' title='bbox 698 5004 921 5060; x_wconf 79' lang='lat' dir='ltr'><strong>ﬂuentia</strong></span> <span class='ocrx_word' id='word_1_601' title='bbox 947 5008 1334 5063; x_wconf 87' lang='lat' dir='ltr'><strong>scaturientem</strong></span> <span class='ocrx_word' id='word_1_602' title='bbox 1360 5022 1378 5064; x_wconf 87' lang='lat'><strong>:</strong></span> <span class='ocrx_word' id='word_1_603' title='bbox 1406 5021 1795 5076; x_wconf 84' lang='lat' dir='ltr'><strong>noonuuquam</strong></span> <span class='ocrx_word' id='word_1_604' title='bbox 1821 5006 1989 5058; x_wconf 88' lang='lat' dir='ltr'><strong>etiam</strong></span> 
     </span>
    </p>
   </div>
   <div class='ocr_carea' id='block_1_91' title="bbox 407 5094 1989 5167">
    <p class='ocr_par' dir='ltr' id='par_1_91' title="bbox 407 5094 1989 5167">
     <span class='ocr_line' id='line_1_91' title="bbox 407 5094 1989 5167; baseline 0.003 -21"><span class='ocrx_word' id='word_1_605' title='bbox 407 5097 476 5150; x_wconf 85' lang='lat' dir='ltr'><strong>ab</strong></span> <span class='ocrx_word' id='word_1_606' title='bbox 512 5097 732 5163; x_wconf 80' lang='lat' dir='ltr'><strong>inlimis,</strong></span> <span class='ocrx_word' id='word_1_607' title='bbox 771 5094 931 5166; x_wconf 87' lang='lat' dir='ltr'><strong>quasi</strong></span> <span class='ocrx_word' id='word_1_608' title='bbox 974 5094 1231 5167; x_wconf 81' lang='lat' dir='ltr'><strong>fragrans</strong></span> <span class='ocrx_word' id='word_1_609' title='bbox 1273 5107 1605 5167; x_wconf 81' lang='lat' dir='ltr'><strong>unguentum</strong></span> <span class='ocrx_word' id='word_1_610' title='bbox 1639 5098 1685 5151; x_wconf 73' lang='grc' dir='ltr'>ί.</span> <span class='ocrx_word' id='word_1_611' title='bbox 1720 5096 1874 5165; x_wconf 89' lang='lat' dir='ltr'><strong>quasi</strong></span> <span class='ocrx_word' id='word_1_612' title='bbox 1908 5099 1989 5150; x_wconf 89' lang='lat' dir='ltr'><strong>la-</strong></span> 
     </span>
    </p>
   </div>
   <div class='ocr_carea' id='block_1_92' title="bbox 354 5177 1988 5257">
    <p class='ocr_par' dir='ltr' id='par_1_92' title="bbox 354 5177 1988 5257">
     <span class='ocr_line' id='line_1_92' title="bbox 354 5177 1988 5257; baseline -0.001 -15"><span class='ocrx_word' id='word_1_613' title='bbox 354 5182 365 5209; x_wconf 91' lang='lat'><em>&#39;</em></span> <span class='ocrx_word' id='word_1_614' title='bbox 408 5189 585 5257; x_wconf 89' lang='lat' dir='ltr'><strong>pidcm</strong></span> <span class='ocrx_word' id='word_1_615' title='bbox 628 5188 946 5257; x_wconf 73' lang='lat' dir='ltr'><strong>angularem</strong></span> <span class='ocrx_word' id='word_1_616' title='bbox 981 5194 1033 5242; x_wconf 81' lang='grc' dir='ltr'><strong>υ.</strong></span> <span class='ocrx_word' id='word_1_617' title='bbox 1076 5188 1217 5256; x_wconf 81' lang='lat' dir='ltr'><strong>Quin</strong></span> <span class='ocrx_word' id='word_1_618' title='bbox 1255 5190 1417 5245; x_wconf 90' lang='lat' dir='ltr'><strong>etiam</strong></span> <span class='ocrx_word' id='word_1_619' title='bbox 1454 5177 1783 5243; x_wconf 33' lang='lat' dir='ltr'><strong>ferina&#39;eam</strong></span> <span class='ocrx_word' id='word_1_620' title='bbox 1813 5187 1988 5243; x_wconf 89' lang='lat' dir='ltr'><strong>forma</strong></span> 
     </span>
    </p>
   </div>
   <div class='ocr_carea' id='block_1_93' title="bbox 406 5273 1989 5351">
    <p class='ocr_par' dir='ltr' id='par_1_93' title="bbox 406 5273 1989 5351">
     <span class='ocr_line' id='line_1_93' title="bbox 406 5273 1989 5351; baseline -0.002 -17"><span class='ocrx_word' id='word_1_621' title='bbox 406 5281 769 5343; x_wconf 89' lang='lat' dir='ltr'><strong>circumdant,</strong></span> <span class='ocrx_word' id='word_1_622' title='bbox 806 5289 863 5335; x_wconf 90' lang='lat' dir='ltr'><strong>et</strong></span> <span class='ocrx_word' id='word_1_623' title='bbox 920 5280 1091 5335; x_wconf 87' lang='lat' dir='ltr'><strong>leonis</strong></span> <span class='ocrx_word' id='word_1_624' title='bbox 1145 5279 1210 5336; x_wconf 84' lang='lat' dir='ltr'><strong>ac</strong></span> <span class='ocrx_word' id='word_1_625' title='bbox 1262 5273 1540 5351; x_wconf 78' lang='lat' dir='ltr'><strong>pantherae</strong></span> <span class='ocrx_word' id='word_1_626' title='bbox 1596 5278 1989 5350; x_wconf 88' lang='lat' dir='ltr'><strong>proprietatem</strong></span> 
     </span>
    </p>
   </div>
   <div class='ocr_carea' id='block_1_94' title="bbox 480 5451 1574 5582">
    <p class='ocr_par' dir='ltr' id='par_1_94' title="bbox 480 5451 1574 5582">
     <span class='ocr_line' id='line_1_94' title="bbox 480 5451 1574 5582; baseline 0.004 -78"><span class='ocrx_word' id='word_1_627' title='bbox 480 5454 772 5582; x_wconf 50' lang='lat' dir='ltr'><strong>rél‘ljalaclt.</strong></span> <span class='ocrx_word' id='word_1_628' title='bbox 798 5469 877 5522; x_wconf 86' lang='lat' dir='ltr'><strong>tv,</strong></span> <span class='ocrx_word' id='word_1_629' title='bbox 912 5454 968 5507; x_wconf 72' lang='lat'><strong>2.</strong></span> <span class='ocrx_word' id='word_1_630' title='bbox 1045 5461 1073 5502; x_wconf 66' lang='lat' dir='ltr'><strong>tt</strong></span> <span class='ocrx_word' id='word_1_631' title='bbox 1098 5451 1268 5521; x_wconf 82' lang='lat' dir='ltr'><strong>Apoc.</strong></span> <span class='ocrx_word' id='word_1_632' title='bbox 1307 5467 1438 5517; x_wconf 63' lang='grc' dir='ltr'>χιιι,</span> <span class='ocrx_word' id='word_1_633' title='bbox 1486 5452 1574 5508; x_wconf 81' lang='grc'><strong>16.</strong></span> 
     </span>
    </p>
   </div>
   <div class='ocr_carea' id='block_1_95' title="bbox 411 5542 472 5587">
    <p class='ocr_par' dir='ltr' id='par_1_95' title="bbox 411 5542 472 5587">
     <span class='ocr_line' id='line_1_95' title="bbox 411 5542 472 5587; baseline -0.016 -9"><span class='ocrx_word' id='word_1_634' title='bbox 411 5542 472 5587; x_wconf 87' lang='grc' dir='ltr'><strong>ιι,</strong></span> 
     </span>
    </p>
   </div>
   <div class='ocr_carea' id='block_1_96' title="bbox 1672 5452 2155 5517">
    <p class='ocr_par' dir='ltr' id='par_1_96' title="bbox 1672 5452 2155 5517">
     <span class='ocr_line' id='line_1_96' title="bbox 1672 5452 2155 5517; baseline -0.004 -10"><span class='ocrx_word' id='word_1_635' title='bbox 1672 5462 1693 5490; x_wconf 85' lang='grc' dir='ltr'>ι’</span> <span class='ocrx_word' id='word_1_636' title='bbox 1737 5452 1907 5507; x_wconf 80' lang='lat' dir='ltr'><strong>Exod.</strong></span> <span class='ocrx_word' id='word_1_637' title='bbox 1962 5467 2045 5517; x_wconf 88' lang='lat' dir='ltr'><strong>tu,</strong></span> <span class='ocrx_word' id='word_1_638' title='bbox 2099 5452 2155 5505; x_wconf 75' lang='lat'><strong>2.</strong></span> 
     </span>
    </p>
   </div>
   <div class='ocr_carea' id='block_1_97' title="bbox 2109 4628 3695 4704">
    <p class='ocr_par' dir='ltr' id='par_1_97' title="bbox 2109 4628 3695 4704">
     <span class='ocr_line' id='line_1_97' title="bbox 2109 4628 3695 4704; baseline -0.001 -18"><span class='ocrx_word' id='word_1_639' title='bbox 2109 4633 2363 4703; x_wconf 73' lang='grc' dir='ltr'>αυγάζονο</span> <span class='ocrx_word' id='word_1_640' title='bbox 2408 4633 2635 4699; x_wconf 79' lang='grc' dir='ltr'>ποτὲδέ</span> <span class='ocrx_word' id='word_1_641' title='bbox 2676 4633 2785 4688; x_wconf 83' lang='grc' dir='ltr'><strong>ἀπὸ</strong></span> <span class='ocrx_word' id='word_1_642' title='bbox 2805 4633 2915 4688; x_wconf 89' lang='grc' dir='ltr'><strong>τῶν</strong></span> <span class='ocrx_word' id='word_1_643' title='bbox 2950 4633 3151 4704; x_wconf 80' lang='grc' dir='ltr'>μέσων,</span> <span class='ocrx_word' id='word_1_644' title='bbox 3186 4631 3262 4695; x_wconf 82' lang='grc' dir='ltr'>ὡς</span> <span class='ocrx_word' id='word_1_645' title='bbox 3295 4628 3408 4704; x_wconf 87' lang='grc' dir='ltr'><strong>πῦρ</strong></span> <span class='ocrx_word' id='word_1_646' title='bbox 3439 4632 3695 4695; x_wconf 75' lang='grc' dir='ltr'>ἀϐλαϐῶς</span> 
     </span>
    </p>
   </div>
   <div class='ocr_carea' id='block_1_98' title="bbox 2103 4721 3693 4795">
    <p class='ocr_par' dir='ltr' id='par_1_98' title="bbox 2103 4721 3693 4795">
     <span class='ocr_line' id='line_1_98' title="bbox 2103 4721 3693 4795; baseline -0.002 -18"><span class='ocrx_word' id='word_1_647' title='bbox 2103 4723 2358 4793; x_wconf 75' lang='grc' dir='ltr'>φωτίζον,</span> <span class='ocrx_word' id='word_1_648' title='bbox 2395 4724 2471 4787; x_wconf 85' lang='grc' dir='ltr'>ὠς</span> <span class='ocrx_word' id='word_1_649' title='bbox 2510 4722 2654 4795; x_wconf 78' lang='grc' dir='ltr'>ὓδωρ</span> <span class='ocrx_word' id='word_1_650' title='bbox 2690 4722 2927 4794; x_wconf 78' lang='grc' dir='ltr'>ζωτικῆς</span> <span class='ocrx_word' id='word_1_651' title='bbox 2956 4721 3400 4793; x_wconf 78' lang='grc' dir='ltr'>ἀποπληρώσεως</span> <span class='ocrx_word' id='word_1_652' title='bbox 3432 4724 3693 4795; x_wconf 76' lang='grc' dir='ltr'>χορηγὸν,</span> 
     </span>
    </p>
   </div>
   <div class='ocr_carea' id='block_1_99' title="bbox 2102 4813 3697 4888">
    <p class='ocr_par' dir='ltr' id='par_1_99' title="bbox 2102 4813 3697 4888">
     <span class='ocr_line' id='line_1_99' title="bbox 2102 4813 3697 4888; baseline -0.002 -19"><span class='ocrx_word' id='word_1_653' title='bbox 2102 4818 2196 4869; x_wconf 77' lang='grc' dir='ltr'><strong>καὶ</strong></span> <span class='ocrx_word' id='word_1_654' title='bbox 2226 4815 2569 4888; x_wconf 73' lang='grc' dir='ltr'>συμϐολικῶς</span> <span class='ocrx_word' id='word_1_655' title='bbox 2598 4817 2794 4879; x_wconf 83' lang='grc' dir='ltr'>εἰπεῖν,</span> <span class='ocrx_word' id='word_1_656' title='bbox 2826 4817 2905 4878; x_wconf 86' lang='grc' dir='ltr'><strong>είς</strong></span> <span class='ocrx_word' id='word_1_657' title='bbox 2927 4814 3170 4887; x_wconf 86' lang='grc' dir='ltr'>γαστέρα</span> <span class='ocrx_word' id='word_1_658' title='bbox 3198 4813 3576 4884; x_wconf 84' lang='grc' dir='ltr'>διαδυόμενον,</span> <span class='ocrx_word' id='word_1_659' title='bbox 3602 4814 3697 4868; x_wconf 68' lang='grc' dir='ltr'><strong>καὶ</strong></span> 
     </span>
    </p>
   </div>
   <div class='ocr_carea' id='block_1_100' title="bbox 2100 4905 3692 4980">
    <p class='ocr_par' dir='ltr' id='par_1_100' title="bbox 2100 4905 3692 4980">
     <span class='ocr_line' id='line_1_100' title="bbox 2100 4905 3692 4980; baseline -0.003 -18"><span class='ocrx_word' id='word_1_660' title='bbox 2100 4909 2375 4980; x_wconf 80' lang='grc' dir='ltr'>ποταμοὺς</span> <span class='ocrx_word' id='word_1_661' title='bbox 2412 4908 2707 4973; x_wconf 76' lang='grc' dir='ltr'>ἀναϐλύζον</span> <span class='ocrx_word' id='word_1_662' title='bbox 2752 4908 2996 4979; x_wconf 89' lang='grc' dir='ltr'>ἀσχέτως</span> <span class='ocrx_word' id='word_1_663' title='bbox 3036 4905 3429 4978; x_wconf 77' lang='grc' dir='ltr'>ἀπορῤἐοντας’</span> <span class='ocrx_word' id='word_1_664' title='bbox 3463 4906 3599 4960; x_wconf 83' lang='grc' dir='ltr'>ποτὲ</span> <span class='ocrx_word' id='word_1_665' title='bbox 3640 4907 3692 4958; x_wconf 67' lang='lat' dir='ltr'><strong>ea</strong></span> 
     </span>
    </p>
   </div>
   <div class='ocr_carea' id='block_1_101' title="bbox 2100 4996 3695 5073">
    <p class='ocr_par' dir='ltr' id='par_1_101' title="bbox 2100 4996 3695 5073">
     <span class='ocr_line' id='line_1_101' title="bbox 2100 4996 3695 5073; baseline -0.003 -17"><span class='ocrx_word' id='word_1_666' title='bbox 2100 5004 2207 5057; x_wconf 68' lang='grc' dir='ltr'><strong>ἀπὸ</strong></span> <span class='ocrx_word' id='word_1_667' title='bbox 2248 5002 2357 5057; x_wconf 90' lang='grc' dir='ltr'><strong>τῶν</strong></span> <span class='ocrx_word' id='word_1_668' title='bbox 2387 5002 2649 5073; x_wconf 85' lang='grc' dir='ltr'>ἐσχάτων,</span> <span class='ocrx_word' id='word_1_669' title='bbox 2674 5003 2750 5066; x_wconf 84' lang='grc' dir='ltr'><strong>ὡς</strong></span> <span class='ocrx_word' id='word_1_670' title='bbox 2784 5001 2952 5073; x_wconf 89' lang='grc' dir='ltr'>μύρον</span> <span class='ocrx_word' id='word_1_671' title='bbox 2990 5000 3209 5063; x_wconf 85' lang='grc' dir='ltr'>εὐῶδες,</span> <span class='ocrx_word' id='word_1_672' title='bbox 3236 4999 3311 5061; x_wconf 86' lang='grc' dir='ltr'>ὡς</span> <span class='ocrx_word' id='word_1_673' title='bbox 3345 4996 3494 5052; x_wconf 90' lang='grc' dir='ltr'>λίθον</span> <span class='ocrx_word' id='word_1_674' title='bbox 3530 5000 3695 5071; x_wconf 85' lang='grc' dir='ltr'>ἀκρο-</span> 
     </span>
    </p>
   </div>
   <div class='ocr_carea' id='block_1_102' title="bbox 2093 5088 3690 5165">
    <p class='ocr_par' dir='ltr' id='par_1_102' title="bbox 2093 5088 3690 5165">
     <span class='ocr_line' id='line_1_102' title="bbox 2093 5088 3690 5165; baseline -0.005 -16"><span class='ocrx_word' id='word_1_675' title='bbox 2093 5097 2365 5164; x_wconf 81' lang='grc' dir='ltr'>γωνιατον.</span> <span class='ocrx_word' id='word_1_676' title='bbox 2406 5094 2563 5148; x_wconf 82' lang='grc' dir='ltr'>Ἀλλά</span> <span class='ocrx_word' id='word_1_677' title='bbox 2605 5096 2698 5148; x_wconf 74' lang='grc' dir='ltr'>καὶ</span> <span class='ocrx_word' id='word_1_678' title='bbox 2725 5092 3122 5165; x_wconf 68' lang='grc' dir='ltr'>θηριομορφίαν</span> <span class='ocrx_word' id='word_1_679' title='bbox 3151 5091 3286 5159; x_wconf 85' lang='grc' dir='ltr'>αὐτῇ</span> <span class='ocrx_word' id='word_1_680' title='bbox 3321 5088 3690 5160; x_wconf 77' lang='grc' dir='ltr'>περιτιθέασι,</span> 
     </span>
    </p>
   </div>
   <div class='ocr_carea' id='block_1_103' title="bbox 2090 5180 3689 5257">
    <p class='ocr_par' dir='ltr' id='par_1_103' title="bbox 2090 5180 3689 5257">
     <span class='ocr_line' id='line_1_103' title="bbox 2090 5180 3689 5257; baseline -0.004 -19"><span class='ocrx_word' id='word_1_681' title='bbox 2090 5186 2185 5239; x_wconf 72' lang='grc' dir='ltr'><strong>καὶ</strong></span> <span class='ocrx_word' id='word_1_682' title='bbox 2214 5186 2428 5250; x_wconf 84' lang='grc' dir='ltr'>λέοντος</span> <span class='ocrx_word' id='word_1_683' title='bbox 2446 5186 2582 5257; x_wconf 86' lang='grc' dir='ltr'>αὐτῇ</span> <span class='ocrx_word' id='word_1_684' title='bbox 2606 5188 2699 5239; x_wconf 80' lang='grc' dir='ltr'><strong>καὶ</strong></span> <span class='ocrx_word' id='word_1_685' title='bbox 2724 5184 3001 5256; x_wconf 82' lang='grc' dir='ltr'>πάνθηρος</span> <span class='ocrx_word' id='word_1_686' title='bbox 3025 5182 3261 5253; x_wconf 78' lang='grc' dir='ltr'>ἰδιότητα</span> <span class='ocrx_word' id='word_1_687' title='bbox 3294 5180 3689 5253; x_wconf 84' lang='grc' dir='ltr'>περιάπτουσι.</span> 
     </span>
    </p>
   </div>
   <div class='ocr_carea' id='block_1_104' title="bbox 2091 5272 3692 5350">
    <p class='ocr_par' dir='ltr' id='par_1_104' title="bbox 2091 5272 3692 5350">
     <span class='ocr_line' id='line_1_104' title="bbox 2091 5272 3692 5350; baseline -0.006 -17"><span class='ocrx_word' id='word_1_688' title='bbox 2091 5279 2184 5333; x_wconf 58' lang='grc' dir='ltr'><strong>καλ⁵</strong></span> <span class='ocrx_word' id='word_1_689' title='bbox 2204 5278 2468 5350; x_wconf 75' lang='grc' dir='ltr'>πάρδαλιν</span> <span class='ocrx_word' id='word_1_690' title='bbox 2486 5277 2657 5349; x_wconf 80' lang='grc' dir='ltr'>αὐτὴν</span> <span class='ocrx_word' id='word_1_691' title='bbox 2680 5276 2896 5332; x_wconf 72' lang='grc' dir='ltr'>ἔσεσθαί</span> <span class='ocrx_word' id='word_1_692' title='bbox 2922 5292 3073 5347; x_wconf 79' lang='grc' dir='ltr'>φασι,</span> <span class='ocrx_word' id='word_1_693' title='bbox 3097 5274 3192 5327; x_wconf 74' lang='grc' dir='ltr'><strong>καὶ</strong></span> <span class='ocrx_word' id='word_1_694' title='bbox 3216 5272 3417 5346; x_wconf 84' lang='grc' dir='ltr'>ἄρκτον</span> <span class='ocrx_word' id='word_1_695' title='bbox 3449 5274 3692 5344; x_wconf 80' lang='grc' dir='ltr'>ἀπορου-</span> 
     </span>
    </p>
   </div>
   <div class='ocr_carea' id='block_1_105' title="bbox 2881 5449 3262 5515">
    <p class='ocr_par' dir='ltr' id='par_1_105' title="bbox 2881 5449 3262 5515">
     <span class='ocr_line' id='line_1_105' title="bbox 2881 5449 3262 5515; baseline -0.008 -8"><span class='ocrx_word' id='word_1_696' title='bbox 2881 5454 2899 5487; x_wconf 73' lang='grc'>⁸</span> <span class='ocrx_word' id='word_1_697' title='bbox 2929 5450 3085 5507; x_wconf 89' lang='lat' dir='ltr'><strong>Cant.</strong></span> <span class='ocrx_word' id='word_1_698' title='bbox 3140 5468 3180 5515; x_wconf 87' lang='grc' dir='ltr'><strong>ι,</strong></span> <span class='ocrx_word' id='word_1_699' title='bbox 3208 5449 3262 5505; x_wconf 66' lang='lat'><strong>3.</strong></span> 
     </span>
    </p>
   </div>
   <div class='ocr_carea' id='block_1_106' title="bbox 2263 5447 3691 5522">
    <p class='ocr_par' dir='ltr' id='par_1_106' title="bbox 2263 5447 3691 5522">
     <span class='ocr_line' id='line_1_106' title="bbox 2263 5447 3691 5522; baseline -0.004 -13"><span class='ocrx_word' id='word_1_700' title='bbox 2263 5452 2472 5509; x_wconf 77' lang='lat' dir='ltr'><strong>&#39;Joan.</strong></span> <span class='ocrx_word' id='word_1_701' title='bbox 2533 5466 2625 5522; x_wconf 88' lang='lat' dir='ltr'><strong>vu,</strong></span> <span class='ocrx_word' id='word_1_702' title='bbox 2681 5450 2772 5508; x_wconf 74' lang='lat'><strong>38.</strong></span> <span class='ocrx_word' id='word_1_703' title='bbox 2881 5450 3085 5507; x_wconf 73' lang='lat' dir='ltr'><strong>‘Cant.</strong></span> <span class='ocrx_word' id='word_1_704' title='bbox 3140 5449 3262 5515; x_wconf 56' lang='grc' dir='ltr'>με.</span> <span class='ocrx_word' id='word_1_705' title='bbox 3395 5460 3425 5521; x_wconf 63' lang='grc' dir='ltr'><strong>ξ</strong></span> <span class='ocrx_word' id='word_1_706' title='bbox 3480 5447 3691 5519; x_wconf 82' lang='lat' dir='ltr'><strong>Ephes-</strong></span> 
     </span>
    </p>
   </div>
   <div class='ocr_carea' id='block_1_107' title="bbox 1798 5657 2474 5717">
    <p class='ocr_par' dir='ltr' id='par_1_107' title="bbox 1798 5657 2474 5717">
     <span class='ocr_line' id='line_1_107' title="bbox 1798 5657 2474 5717; baseline -0.009 0"><span class='ocrx_word' id='word_1_707' title='bbox 1798 5657 2035 5717; x_wconf 69' lang='grc' dir='ltr'>γΑιιιιΕ</span> <span class='ocrx_word' id='word_1_708' title='bbox 2073 5657 2474 5717; x_wconf 83' lang='lat' dir='ltr'><strong>LECTIONES.</strong></span> 
     </span>
    </p>
   </div>
   <div class='ocr_carea' id='block_1_108' title="bbox 491 5788 1201 5944">
    <p class='ocr_par' dir='ltr' id='par_1_108' title="bbox 491 5788 1201 5944">
     <span class='ocr_line' id='line_1_108' title="bbox 491 5788 1201 5944; baseline 0.004 -74"><span class='ocrx_word' id='word_1_709' title='bbox 491 5816 535 5846; x_wconf 77' lang='grc'>⁸³</span> <span class='ocrx_word' id='word_1_710' title='bbox 560 5815 631 5870; x_wconf 84' lang='grc' dir='ltr'><strong>Μ.</strong></span> <span class='ocrx_word' id='word_1_711' title='bbox 685 5833 788 5920; x_wconf 51' lang='lat' dir='ltr'><strong>ne?</strong></span> <span class='ocrx_word' id='word_1_712' title='bbox 826 5817 987 5873; x_wconf 83' lang='lat' dir='ltr'><strong>habet</strong></span> <span class='ocrx_word' id='word_1_713' title='bbox 1012 5788 1201 5944; x_wconf 49' lang='grc' dir='ltr'>αὖτίς,</span> 
     </span>
     <span class='ocr_line' id='line_1_109' title="bbox 491 5889 1195 5944; baseline 0.01 -8"><span class='ocrx_word' id='word_1_714' title='bbox 491 5903 671 5944; x_wconf 70' lang='grc' dir='ltr'>πρεπ..</span> <span class='ocrx_word' id='word_1_715' title='bbox 816 5889 916 5944; x_wconf 86' lang='lat' dir='ltr'><strong>Cb.</strong></span> <span class='ocrx_word' id='word_1_716' title='bbox 953 5890 1014 5943; x_wconf 82' lang='grc' dir='ltr'>υ.</span> <span class='ocrx_word' id='word_1_717' title='bbox 1047 5891 1106 5944; x_wconf 87' lang='lat' dir='ltr'><strong>S.</strong></span> <span class='ocrx_word' id='word_1_718' title='bbox 1182 5928 1195 5943; x_wconf 94' lang='lat'><strong>.</strong></span> 
     </span>
    </p>
   </div>
   <div class='ocr_carea' id='block_1_109' title="bbox 423 5887 1990 5962">
    <p class='ocr_par' dir='ltr' id='par_1_109' title="bbox 423 5887 1990 5962">
     <span class='ocr_line' id='line_1_110' title="bbox 423 5887 1990 5962; baseline 0.002 -23"><span class='ocrx_word' id='word_1_719' title='bbox 423 5887 671 5954; x_wconf 75' lang='grc' dir='ltr'>εὐπρεπ.,</span> <span class='ocrx_word' id='word_1_720' title='bbox 732 5887 778 5920; x_wconf 81' lang='grc'><strong>⁵⁸</strong></span> <span class='ocrx_word' id='word_1_721' title='bbox 816 5889 916 5944; x_wconf 86' lang='lat' dir='ltr'><strong>Cb.</strong></span> <span class='ocrx_word' id='word_1_722' title='bbox 953 5890 1014 5943; x_wconf 82' lang='grc' dir='ltr'>υ.</span> <span class='ocrx_word' id='word_1_723' title='bbox 1047 5891 1106 5944; x_wconf 87' lang='lat' dir='ltr'><strong>S.</strong></span> <span class='ocrx_word' id='word_1_724' title='bbox 1136 5887 1195 5944; x_wconf 80' lang='grc' dir='ltr'><strong>Ρ.</strong></span> <span class='ocrx_word' id='word_1_725' title='bbox 1229 5887 1611 5960; x_wconf 73' lang='grc' dir='ltr'>ἐγκόπτεσθαι.</span> <span class='ocrx_word' id='word_1_726' title='bbox 1643 5887 1647 5888; x_wconf 53' lang='grc'><strong><em>⁷</em></strong></span> <span class='ocrx_word' id='word_1_727' title='bbox 1689 5888 1734 5921; x_wconf 79' lang='grc'>⁸⁸</span> <span class='ocrx_word' id='word_1_728' title='bbox 1767 5905 1859 5962; x_wconf 85' lang='grc' dir='ltr'>γρ.</span> <span class='ocrx_word' id='word_1_729' title='bbox 1894 5888 1990 5953; x_wconf 84' lang='grc' dir='ltr'><strong>ὡς.</strong></span> 
     </span>
    </p>
   </div>
   <div class='ocr_carea' id='block_1_110' title="bbox 1248 5812 3695 5905">
    <p class='ocr_par' dir='ltr' id='par_1_110' title="bbox 1248 5812 3695 5905">
     <span class='ocr_line' id='line_1_111' title="bbox 1248 5812 3695 5905; baseline -0.002 -33"><span class='ocrx_word' id='word_1_730' title='bbox 1248 5818 1528 5905; x_wconf 42' lang='grc' dir='ltr'>ηεσίῳιοσε</span> <span class='ocrx_word' id='word_1_731' title='bbox 1562 5818 1832 5905; x_wconf 61' lang='lat' dir='ltr'><strong>sequitur,</strong></span> <span class='ocrx_word' id='word_1_732' title='bbox 1864 5816 2022 5905; x_wconf 69' lang='grc' dir='ltr'>λόγον</span> <span class='ocrx_word' id='word_1_733' title='bbox 2072 5817 2187 5871; x_wconf 84' lang='grc' dir='ltr'>καί.</span> <span class='ocrx_word' id='word_1_734' title='bbox 2264 5817 2322 5891; x_wconf 35' lang='grc'><strong>,⁸⁵</strong></span> <span class='ocrx_word' id='word_1_735' title='bbox 2363 5815 2436 5872; x_wconf 83' lang='grc' dir='ltr'><strong>Μ.</strong></span> <span class='ocrx_word' id='word_1_736' title='bbox 2480 5823 2535 5873; x_wconf 81' lang='lat' dir='ltr'><strong>et</strong></span> <span class='ocrx_word' id='word_1_737' title='bbox 2578 5813 2670 5872; x_wconf 85' lang='lat' dir='ltr'><strong>Sc.</strong></span> <span class='ocrx_word' id='word_1_738' title='bbox 2719 5814 2922 5887; x_wconf 77' lang='grc' dir='ltr'>ἀφανῆ.</span> <span class='ocrx_word' id='word_1_739' title='bbox 2960 5822 3011 5868; x_wconf 85' lang='lat' dir='ltr'><strong>at</strong></span> <span class='ocrx_word' id='word_1_740' title='bbox 3042 5813 3143 5870; x_wconf 83' lang='lat' dir='ltr'><strong>Clt.</strong></span> <span class='ocrx_word' id='word_1_741' title='bbox 3169 5812 3384 5889; x_wconf 83' lang='grc' dir='ltr'>ἀπλανῆ</span> <span class='ocrx_word' id='word_1_742' title='bbox 3407 5814 3508 5867; x_wconf 77' lang='grc' dir='ltr'>καὶ</span> <span class='ocrx_word' id='word_1_743' title='bbox 3537 5813 3695 5868; x_wconf 75' lang='grc' dir='ltr'>θείαν</span> 
     </span>
    </p>
   </div>
  </div>
