3708 6302
346 267 442 321 H7
1507 272 1563 326 S.
1604 271 1898 326 οιοΝἵςη
1933 271 2398 326 ΑΒΕΟΡΑΟΙΤᾹΞ
2959 225 2966 236 '
3508 266 3624 321 148

344 393 427 436 ρει
459 384 742 456 theologia:
788 388 1100 456 syinbolicaa
1122 428 1136 452 ,
1168 405 1288 461 qiue
1332 389 1483 461 iurgiis
1516 407 1637 460 quae
1678 406 1836 444 sensu
1880 392 2258 460 percipiuntur
2284 400 2557 453 versatur,
2610 391 2810 445 formas
2851 405 2922 444 ex
2953 383 3451 461 animallhiis_._qu:e
3480 397 3616 461 cer-

345 465 567 530 niintu_r,
612 454 704 530 aut
736 471 799 510 ex
821 454 1032 530 ‘eoruin
1080 454 1322 526 partibus
1349 454 1601 530 elliuge're
1632 463 1734 530 17
1760 474 1814 514 et
1859 454 2101 517 induere.
2137 463 2320 530 Neque
2346 461 2518 513 solum
2544 477 2609 514 ex
2646 461 2858 514 talibus.
2901 461 3090 530 sede!
3119 454 3398 510 coloribus
3424 454 3620 505 «nmis

344 526 577 601 generis.
609 526 737 601 Qua!
758 528 1144 601 _0llll|i_zt-Vel1l3
1187 530 1276 583 ille
1315 526 1594 600 theologus
1633 526 1924 601 Dionysius
1954 547 2063 584 uno
2090 526 2259 587 verbo
2281 532 2456 601 dirimi
2483 530 2590 584 visa
2626 530 2934 598 appellavit.
2960 527 3296 601 distinguens
3319 540 3385 575 ea
3419 538 3448 601 gi
3479 537 3617 601 pro-

349 596 486 671 t‘anls
516 605 571 647 et
609 596 848 671 fortuitis
875 598 1018 652 visis.
1057 592 1689 671 'l‘ribusautem'modis
1733 592 2070 666 potissimum
2118 604 2174 657 in
2210 600 2490 671 prophetis
2511 610 2566 653 et
2598 592 2720 654 aliis
2763 601 2935 654 beatis
2981 597 3246 671 theologia
3289 592 3612 671 symbolica

344 666 678 724 declaratur.
705 666 914 720 scilicet
943 680 1037 720 aut
1065 668 1392 724 formatione
1437 673 1512 726 rei
1557 662 1798 726 cadentis
1837 673 1935 724 sub
1980 662 2408 731 sensum'visuS,
2443 679 2538 722 aut
2575 671 2674 724 sub
2709 685 2926 724 sensum
2963 662 3195 728 auriinn',
3227 662 3332 728 aut
3355 662 3612 716 transla-

347 735 1075 808 tione__ve_r_bisignificantis
1111 739 1310 804 aliquid
1334 741 1595 808 spiritale.
1633 743 1761 795 Vide
1791 742 1901 799 ha‘c
1937 740 2109 796 fusius
2137 743 2276 808 apud
2307 739 2762 808 Cyparissiotam,
2807 737 3007 792 Decail.
3039 752 3077 798 ι,
3107 751 3235 808 (ξιιμ
3267 736 3323 787 6.

421 805 447 874 §
494 803 554 857 ll.
586 803 1168 881 l\’_efallani_iir,_inonet
1200 803 1400 881 figuras
1439 812 1554 864 illas
1596 812 1799 881 angelis
1835 827 1955 864 esse
1993 803 2313 875 dissimiles;
2344 803 2404 881 et
2437 811 2673 862 occurrit
2701 811 3008 881 aliquorum
3039 805 3363 874 objectioni,
3401 814 3614 881 putati-

347 874 480 954 tium
512 875 806 954 nobiliores
853 877 917 930 iis
950 879 1150 954 formas
1180 880 1357 954 aiiiugi
1401 881 1648 954 debuisse
1669 874 1736 934 "et
1775 882 2032 954 OStendit,
2069 898 2168 951 per
2211 874 2344 954 viles
2380 878 2512 933 istas
2556 881 2753 954 ﬁguras
2793 874 2898 933 non
2931 876 3354 954 spln_m_nostr_:e
3400 875 3608 954 condi-

348 945 507 1016 tioni,
549 945 644 998 sed
673 947 837 1001 etiam
873 949 1186 1016 angelorum
1223 945 1410 1003 honori
1459 951 1650 1005 melius
1696 953 2003 1005 consultum
2036 945 2178 1016 esse,
2211 961 2270 1004 iit
2310 951 2436 1003 dum
2486 945 2663 1003 sacris
2706 959 2758 1002 et
2792 949 3024 1016 arcanis
3051 946 3166 1016 istis
3211 945 3610 1012 :enigniatibus

346 1012 719 1088 obteguntur,
747 1033 854 1069 non
891 1012 1076 1082 pateat
1114 1020 1275 1088 vulgo
1304 1019 1479 1074 aditus
1513 1024 1578 1073 ad
1605 1036 1819 1073 sacram
1867 1020 2008 1074 illam
2042 1012 2348 1074 divinarum
2387 1019 2643 1070 mentium
2674 1019 2983 1072 veritatem.
3017 1015 3250 1088 Maxime
3295 1029 3428 1088 vero
3467 1028 3607 1082 pro-

346 1085 521 1148 prium
572 1094 655 1139 est
687 1087 970 1153 theologia:
1001 1084 1332 1158 symbolicze.
1362 1107 1480 1156 quae
1515 1093 1566 1145 in
1606 1093 1668 1145 iis
1697 1107 1818 1157 quze
1855 1105 2013 1143 sensu
2047 1091 2445 1161 percipiuntur,
2483 1098 2754 1161 versatur,
2788 1088 2990 1161 formas
3019 1101 3085 1139 ex
3117 1084 3448 1161 animalibus
3479 1099 3609 1161 qua!

345 1163 594 1229 cernunt.
648 1166 825 1211 autex
854 1155 1044 1229 eorum
1090 1161 1340 1228 partibus
1370 1155 1648 1229 etlingere.
1678 1155 1728 1214 ei
1762 1163 2006 1220 induere.
2048 1155 2232 1228 neque
2275 1159 2445 1213 solum
2489 1172 2555 1210 ex
2601 1159 2819 1229 talibus,
2862 1157 2958 1229 sed
2984 1156 3377 1229 excoloriltus
3416 1155 3610 1229 omnis

345 1223 582 1303 generis,
617 1240 739 1303 qua:
759 1227 940 1283 omnia
976 1223 1136 1284 vertis
1160 1231 1246 1303 ille
1269 1223 1552 1303 theologus
1580 1233 1868 1303 Dionysius
1914 1245 1964 1284 c.
1997 1233 2022 1284 1
2061 1223 2357 1284 υέάὶυὶηἱε
2392 1228 2686 1283 nominibus
2715 1244 2819 1282 uno
2847 1227 3016 1282 verbo
3044 1227 3228 1280 divina
3259 1227 3370 1279 vita
3405 1224 3608 1294 appel-

347 1292 496 1368 lavit,
527 1294 867 1368 distinguens
909 1314 972 1352 ea
998 1315 1025 1351 a
1067 1301 1310 1368 profanis
1336 1311 1387 1352 et
1423 1292 1736 1355 aufortuitis
1767 1302 1916 1355 visis.

419 1362 602 1439 Neque
643 1383 734 1418 nos
775 1367 920 1439 liumi
956 1362 1253 1437 repentibus
1284 1371 1570 1436 imaginum
1613 1371 1902 1425 vilitatibus
1934 1371 2170 1423 tenacius
2221 1371 2569 1439 aﬂigeremur.
2601 1367 2681 1421 Ex
2727 1368 2812 1422 his
2844 1375 3013 1434 patet.
3056 1381 3163 1420 non
3199 1376 3463 1439 oportere
3500 1380 3607 1439 nos

346 1434 973 1509 lizerere_in_»syinbolice
1007 1434 1196 1493 eﬂictis
1239 1434 1447 1503 formis,
1478 1443 1968 1509 quomodocunque
1995 1434 2325 1507 efﬁngantur
2353 1441 2468 1493 sive
2500 1439 2551 1492 in
2583 1439 2763 1506 Specie
2800 1440 2900 1492 sub
2941 1452 3158 1509 sensum
3190 1436 3449 1509 cadente,
3480 1435 3607 1488 sive

344 1503 718 1582 iiivocabulis'
753 1509 1163 1582 quasvidentui-
1200 1510 1402 1582 habere
1444 1503 1891 1582 niultumkabsoni
1920 1519 1972 1564 et
2008 1503 2248 1582 absiirdi,
2279 1511 2374 1563 sed
2417 1509 2593 1582 petitis
2612 1503 2763 1562 omni
2810 1509 2986 1582 studio
3023 1508 3090 1559 ad
3124 1505 3474 1582 sublimiores
3499 1519 3606 1582 co-

342 1575 634 1652 gitationes
667 1580 1075 1652 recurrentium.
1118 1579 1217 1645 Qui
1254 1581 1419 1641 enim,
1465 1581 1636 1652 inquit
1673 1580 1926 1644 Basilius,
1943 1580 2019 1652 ad
2042 1579 2302 1652 celsiores
2344 1579 2593 1652 notiones
2628 1593 2692 1631 ex
2730 1578 2909 1652 verbis
2951 1593 3055 1652 non
3108 1575 3376 1652 ascendit,
3414 1575 3510 1627 sed
3545 1575 3602 1626 in

343 1642 476 1717 ipsis
507 1642 962 1717 delineationibus
1010 1642 1321 1716 corporum,
1373 1642 1660 1704 verborum
1714 1642 2106 1717 compositione
2157 1647 2333 1713 factis,
2385 1647 2608 1710 residet,
2663 1648 2844 1700 audiet
2890 1663 2955 1701 ex
2999 1645 3203 1717 Moyse.
3254 1645 3423 1717 Deum
3475 1659 3605 1717 esse

343 1711 522 1775 ignem
559 1722 589 1789 =_
611 1725 663 1789 et
693 1730 722 1768 a
762 1716 978 1771 Daniele
1009 1711 1254 1785 sapiente
1301 1711 1366 1772 ad
1404 1721 1542 1774 alias
1566 1711 1851 1789 Opinioncs
1881 1719 2287 1788 detorquebitur
2319 1711 2344 1760 ἁ
2375 1737 2388 1772 :
2415 1717 2488 1771 ita
2536 1720 2649 1784 tiet,
2681 1727 2738 1772 ut
2767 1735 2872 1771 non
2903 1711 3276 1770 solutn'falsas
3297 1714 3602 1784 cogitatio-

343 1785 590 1858 ites_,_s_ed
632 1784 776 1858 inter
804 1802 862 1858 se
891 1784 1212 1858 pugnantes,
1238 1807 1304 1844 ex
1339 1789 1470 1858 ipsis
1504 1784 1664 1844 rebus
1693 1790 1936 1858 colligat.

416 1851 642 1926 Ibidem.
703 1851 990 1923 Duplicem'
1021 1877 1132 1914 esse
1177 1851 1532 1914 sacrae-illius
1583 1851 2030 1926 manifestﬁtionis
2088 1859 2322 1912 modum.
2384 1860 2458 1913 Ex
2507 1858 2591 1911 his
2657 1857 2909 1924 ellicitur,
2949 1857 3126 1925 inquit
3181 1854 3598 1926 Cyparissiota,

344 1922 542 1999 mead.
577 1938 637 1999 ii,
671 1922 792 1995 cap.
828 1927 881 1991 1,
908 1929 1176 1996 duplicem
1205 1944 1324 1984 esse
1357 1930 1679 1999 theologiam
1714 1922 2213 1999 demonstrativam.
2259 1929 2458 1999 Unam,
2493 1943 2612 1994 quze
2641 1922 2980 1999 allirinanter
3009 1922 3064 1983 et
3093 1942 3156 1979 ex
3195 1922 3603 1999 e_i_i‘eetis__i_iidit-

341 1992 518 2069 citur;
554 1992 778 2069 alterain
807 2010 926 2069 quae
950 1992 1212 2067 n'eganter
1246 2009 1298 2052 et
1330 1992 1613 2069 privative.
1648 1998 1713 2052 Et
1745 1999 1829 2051 illa
1863 1997 2079 2067 quidem
2107 2013 2172 2050 ex
2207 1998 2470 2053 similibus
2497 1992 2684 2052 formis
2710 1998 2920 2069 ciliciis.
2955 2000 3069 2052 lucc
3096 2011 3163 2050 ex
3203 1995 3599 2069 dissimilibus.

344 2060 454 2138 lloc
499 2073 677 2138 tamen
727 2065 778 2117 iii
804 2060 1119 2122 alIirmat'iva
1151 2060 1418 2138 theologia
1461 2071 1726 2131 cernitur,
1757 2060 1928 2134 ipsain
1966 2069 2130 2121 etiam
2159 2083 2255 2136 per
2280 2069 2482 2122 formas
2526 2071 2695 2138 factas
2723 2069 2774 2121 in
2807 2066 3090 2135 Scriptura
3121 2065 3598 2138 sacra_progredi,

342 2133 620 2187 honestius
649 2144 827 2210 tamen
862 2151 1022 2205 quam
1053 2153 1151 2208 per
1180 2157 1243 2195 ea
1270 2133 1391 2209 quin
1421 2139 1720 2210 symbolice
1757 2133 1900 2193 dicta
1938 2146 2074 2210 sunt
2097 2139 2148 2191 in
2162 2133 2410 2206 utroque
2444 2153 2642 2210 genere
2675 2133 3246 2210 [ονιιῳιὶοἱιιιιηείιψιε
3277 2135 3476 2210 Patres
3501 2150 3600 2210 vo-

340 2214 535 2279 carunt
564 2204 890 2279 aposdioog,
922 2223 1020 2279 nos
1046 2204 1577 2273 i'ticainus'terrenas,
1608 2219 1878 2279 quatenus
1903 2208 2001 2279 etsi
2028 2207 2198 2261 altera
2227 2204 2356 2275 pars
2386 2204 2692 2276 théologiae,
2719 2208 2930 2261 scilicet
2962 2206 3296 2278 syinbolicze,
3327 2205 3382 2258 in
3410 2204 3599 2257 verbis

342 2273 618 2348 translatis
638 2285 693 2327 et
722 2277 1057 2332 adumbratis
1083 2280 1274 2348 pergit,
1301 2282 1524 2333 inultum
1560 2273 1739 2333 tat-neu
1768 2278 1959 2333 absoni
1994 2284 2048 2329 et
2069 2273 2399 2348 dissentanei
2431 2279 2482 2332 in
2510 2273 2593 2330 eis
2615 2288 2859 2346 apparet.

413 2343 555 2418 §_ll|.
593 2347 760 2418 Docet
787 2348 1056 2415 duplicem
1083 2343 1220 2404 esse
1261 2343 1430 2404 sacra:
1466 2352 1608 2404 illius
1651 2350 1896 2418 mysticae
1935 2347 2391 2402 manifestationis
2432 2343 2698 2402 ιηοιιυιιιῖ
2727 2348 3129 2418 Duobuscnim
3175 2345 3380 2404 modis.
3416 2343 3599 2412 inquit

339 2415 628 2488 Maximus,
663 2414 926 2488 laudatur
970 2418 1136 2482 Deus,
1182 2431 1277 2475 aut
1318 2429 1572 2488 tanquam
1618 2414 1812 2473 similis
1841 2418 2100 2488 omnibus
2132 2420 2334 2487 (omnia
2367 2420 2511 2472 enim
2559 2419 2610 2471 in
2665 2419 2780 2485 ipso
2823 2417 3171 2488 consistunt),
3201 2426 3597 2488 autgtauquaiii

337 2485 620 2558 dissimilis
646 2486 810 2558 (nihil
851 2497 936 2541 est
959 2489 1102 2543 enim
1146 2505 1330 2544 eorum
1373 2485 1490 2558 qua:
1535 2489 1703 2556 sunt).
1754 2485 2223 2558 Exponitideinde
2262 2488 2572 2558 Dionysius,
2620 2488 2892 2555 quomodo
2943 2487 3247 2558 formentur
3291 2485 3390 2558 isti
3447 2485 3596 2537 tnodi

339 2555 656 2610 nominandi
691 2555 854 2610 Deuin
892 2574 987 2624 per
1030 2560 1252 2623 similia,
1277 2569 1332 2612 ut
1365 2555 1485 2614 cuin
1519 2555 1721 2614 dicitur
1742 2555 1882 2612 Deus
1918 2561 1968 2611 in
1993 2557 2276 2625 Scriptura
2311 2555 2568 2618 Verbum,
2598 2570 2652 2611 et
2679 2573 2853 2620 tuens,
2876 2566 2930 2610 et
2956 2569 3149 2610 caetera
3183 2555 3384 2608 similia
3422 2568 3438 2606 :
3469 2569 3594 2625 cuin

340 2625 470 2700 dicit
512 2637 692 2700 autem
735 2625 834 2697 τὴν
876 2628 1150 2700 θεοπρεπῆ
1181 2631 1486 2699 λογιότητα,
1521 2631 1571 2683 id
1616 2641 1697 2684 est
1724 2645 1802 2682 cat

2155 2627 2263 2680 Deo
2309 2628 2750 2700 rationalitatem,
2777 2628 3080 2700 signiﬁcat,
3116 2623 3594 2700 Deuii_i__t_ion_dici

343 2696 666 2769 rationalem
713 2694 970 2769 tauquam
996 2694 1338 2769 participem
1383 2694 1630 2766 rationis,
1681 2700 1776 2752 sed
1817 2699 1962 2765 quod
2006 2697 2074 2750 sit
2123 2708 2267 2769 totus
2314 2698 2573 2769 ipsaper
2603 2697 3010 2769 se_subsisteiis
3050 2697 3210 2750 ratio.
3264 2694 3408 2769 Vide
3447 2694 3595 2769 dicta

338 2765 741 2822 Observatione
765 2767 796 2820 8
821 2765 876 2822 ct
906 2767 961 2822 9.
993 2765 1286 2824 Dissimilia
1325 2785 1451 2824 vero
1483 2765 1638 2824 vocat
1680 2785 1741 2822 ea
1772 2784 1893 2834 qiue
1926 2783 2021 2836 per
2052 2765 2394 2836 negationem
2424 2765 2492 2820 de
2525 2769 2634 2820 Deo
2658 2767 2934 2836 dicuntur,
2964 2776 3017 2820 et
3045 2780 3153 2818 non
3194 2765 3326 2836 quid
3366 2766 3463 2836 sit,
3497 2766 3594 2836 sed

337 2837 463 2904 quid
511 2853 614 2890 non
663 2839 757 2898 sit.
787 2839 1091 2893 declarant.
1124 2838 1253 2892 Vide
1281 2839 1477 2893 ibidem
1522 2853 1684 2907 supra
1718 2834 2005 2892 Observat.
2049 2836 2103 2889 8.
2130 2834 2260 2890 llaec
2299 2839 2465 2903 enini,
2502 2837 2675 2904 inquit
2715 2835 3014 2906 Nysseuus,
3055 2845 3139 2907 est
3180 2834 3426 2889 notionis
3477 2834 3595 2899 ejus

338 2907 572 2980 maxime
613 2909 827 2975 propria
862 2917 1010 2970 nota,
1055 2919 1304 2962 naturain
1341 2911 1459 2980 ejus
1490 2906 1610 2963 esse
1642 2923 1804 2980 supra
1838 2923 2055 2962 onmem
2087 2917 2268 2961 notaui
2312 2907 3013 2980 notiouisdesigiiatricein.
3045 2906 3224 2980 Quare
3251 2920 3380 2980 cum
3423 2921 3594 2980 nega-

340 2978 516 3048 tiones
542 2973 723 3045 inagis’
743 2979 964 3046 proprie
1001 2981 1108 3032 Deo
1135 2973 1464 3033 conveniant
1499 2995 1662 3046 quain
1695 2973 2108 3042 allirinationes,
2141 2989 2288 3031 recte
2313 2976 2585 3030 concludit
2609 2973 2832 3030 sanctus
2859 2977 3166 3048 Dionysius,
3190 2973 3594 3048 descriptiones

339 3047 458 3100 illas
485 3051 742 3118 niysticas
771 3045 1187 3104 convenientius
1222 3053 1334 3102 lleri
1370 3065 1464 3118 per
1508 3045 1712 3101 loriuas
1742 3048 2054 3114 dissimiles,
2089 3065 2249 3116 quain
2289 3063 2386 3116 per
2426 3047 2663 3112 similes;
2700 3056 2885 3115 utpote
2918 3045 3236 3114 anagogiczc
3268 3045 3590 3099 adductioni

340 3118 509 3183 inagis
549 3129 725 3186 aptas,
751 3131 805 3172 et
829 3119 1130 3186 deceptioni
1166 3121 1344 3172 ininus
1376 3119 1667 3172 obnoxias.

407 3182 541 3239 Cum
579 3182 702 3252 ergo
737 3182 1042 3256 negationes
1072 3191 1124 3241 in
1150 3189 1336 3243 divinis
1369 3204 1522 3252 veras,
1550 3189 1924 3256 aﬁrmationes
1961 3205 2080 3242 vero
2109 3191 2412 3256 incongrua,
2447 3189 2572 3242 sint.
2599 3187 2736 3242 Nota
2767 3201 2832 3240 ex
2863 3187 2987 3240 divo
3021 3185 3227 3256 Thoma
3273 3183 3326 3236 in
3358 3199 3376 3237 ι
3417 3182 3588 3249 Sent.,

335 3258 578 3311 distinct.
611 3257 702 3317 22.
757 3255 948 3323 quzest.
981 3257 1034 3320 1,
1067 3261 1226 3311 artic.
1255 3257 1313 3321 2,
1357 3259 1500 3325 quod
1546 3255 1668 3311 cuin
1697 3259 1750 3310 in
1797 3259 2018 3311 nomine
2047 3261 2155 3313 duo
2195 3255 2324 3322 sint,
2355 3260 2567 3312 scilicet
2614 3261 2803 3314 modus
2850 3255 3210 3324 significandi,
3248 3268 3303 3308 et
3355 3269 3445 3308 res
3475 3256 3589 3322 ipsa

333 3327 667 3395 significata,
708 3341 921 3394 semper
967 3330 1266 3381 secundum
1316 3328 1548 3382 alterum
1587 3330 1758 3395 possit
1795 3329 2061 3382 removeri
2104 3347 2133 3381 a
2182 3328 2313 3392 Deo,
2349 3328 2431 3380 \el
2476 3330 2771 3383 secundum
2802 3337 3113 3393 utrumque,
3139 3327 3373 3395 seducti
3421 3331 3590 3390 possit

335 3394 596 3468 allirinari
628 3401 692 3450 de
736 3393 867 3458 Deo,
902 3397 1002 3450 nisi
1035 3398 1332 3468 secundum
1365 3393 1863 3468 alterniiitaiitutn.
1895 3397 2027 3451 Cum
2073 3401 2254 3468 itaque
2300 3401 2363 3450 ad
2394 3399 2681 3468 veritatem
2713 3409 2768 3452 et
2795 3397 3182 3467 proprietatem
3209 3393 3588 3468 allirinationis

335 3466 673 3537 requiratur,
711 3475 767 3519 ut
791 3475 962 3518 totum
994 3466 1310 3530 alIirnietur,
1344 3468 1409 3520 ad
1443 3467 1829 3534 proprietatem
1863 3476 2041 3520 autem
2073 3463 2377 3537 negationis
2406 3467 2661 3534 sulliciat,
2694 3470 2740 3522 si
2764 3463 2993 3521 alterum
3026 3474 3234 3537 tantum
3263 3463 3432 3537 desit,
3464 3463 3587 3537 ideo

333 3535 467 3589 dicit
516 3535 827 3606 Dionysius,
881 3537 1024 3603 quod
1068 3541 1386 3606 negationes
1424 3538 1537 3591 sint
1584 3538 1830 3591 absolute
1871 3553 2034 3604 verre,
2078 3534 2180 3598 sed.
2220 3540 2604 3593 allirniationes
2649 3539 2862 3591 nonnisi
2913 3536 3212 3606 secundum
3262 3534 3419 3599 quid.
3448 3534 3585 3606 Quia

333 3617 596 3676 quanttiin
648 3603 714 3659 ad
759 3603 1404 3676 signiticatuin'tantum,
1436 3617 1491 3660 et
1537 3620 1646 3661 non
1678 3618 1940 3676 quantum
1980 3611 2048 3662 ad
2087 3611 2304 3662 moduni
2352 3608 2717 3675 significandi.
2764 3608 2913 3662 Uiizle
2963 3606 3098 3676 bene
3141 3603 3401 3655 observat
3436 3603 3586 3676 idem

333 3673 490 3730 divus
521 3675 759 3729 Thomas
805 3673 858 3728 in
891 3676 1278 3740 Quwstionibus
1325 3677 1627 3743 disputatis,
1658 3673 1847 3746 quiest.
1891 3677 1945 3742 7,
1989 3679 2147 3732 artic.
2179 3679 2211 3732 5
2233 3720 2246 3741 ,
2295 3673 2544 3732 sanctum
2579 3678 2893 3746 Dionysium
2930 3676 2999 3728 ita
3047 3675 3228 3727 dicere
3263 3673 3584 3746 negationes

332 3747 385 3798 in
426 3746 534 3800 Deo
557 3761 676 3800 esse
702 3761 878 3809 veras,
915 3756 969 3798 ut
1014 3758 1191 3801 tanien
1226 3762 1330 3800 non
1361 3756 1570 3800 asserat
1600 3743 1985 3801 allirinationes
2016 3765 2136 3803 eSse
2170 3748 2353 3810 falsas,
2394 3750 2488 3800 sed
2519 3743 2863 3813 incongruas.
2905 3747 3177 3811 Quantum
3202 3743 3349 3795 enini
3377 3743 3446 3813 ad
3475 3759 3582 3795 rein

331 3817 700 3880 significatam
743 3816 854 3869 Deo
875 3831 1004 3871 vere
1047 3817 1380 3880 tribuuntur,
1413 3832 1532 3884 (ιυιὲ
1559 3817 1610 3868 in
1647 3817 1756 3869 Deo
1785 3819 1968 3886 aliquo
1996 3821 2154 3872 modo
2178 3831 2281 3882 est,
2309 3823 2404 3872 sed
2431 3828 2693 3885 quantum
2715 3819 2784 3870 ad
2817 3828 3032 3869 modum
3057 3828 3217 3886 queui
3241 3812 3582 3886 signiﬁcant,

329 3889 397 3942 de
432 3887 541 3940 Deo
564 3887 746 3956 negari
783 3898 1030 3954 possunt.
1064 3887 1354 3950 Quodlibet
1383 3883 1526 3939 enini
1554 3886 1781 3956 istorum
1811 3883 2112 3952 nominum,
2154 3883 2462 3942 secundum
2483 3899 2728 3940 nostrum
2759 3887 2976 3940 inodum
3007 3883 3380 3949 concipiendi,
3416 3885 3584 3950 signi-

331 3959 457 4010 ticat
497 3955 730 4024 aliquant
763 3958 990 4010 formant
1023 3958 1323 4020 deﬁnitam,
1362 3968 1415 4011 et
1456 3957 1536 4010 sic
1560 3955 1669 4010 Deo
1697 3973 1801 4010 non
1832 3961 2224 4022 attribuuntur,
2264 3959 2370 4027 18
2407 3969 2461 4009 et
2491 3957 2613 4010 ideo
2635 3959 2698 4009 de
2730 3958 2843 4022 ipso
2874 3956 3052 4024 negari
3091 3961 3338 4027 possunt,
3375 3956 3581 4027 quia_ei

332 4043 438 4080 non
485 4022 812 4080 con—veniunt
852 4041 947 4094 per
995 4029 1210 4080 modum
1243 4029 1335 4095 qui
1389 4027 1756 4095 signiﬁcatur,
1805 4029 1919 4082 sive
1965 4022 2435 4097 secundum—quod
2465 4027 2678 4097 suntin
2715 4022 2986 4079 intellectu
3035 4035 3246 4097 nostro.
3281 4022 3398 4076 Deo
3435 4022 3577 4075 enini

330 4098 658 4150 conveniunt
714 4098 873 4149 modo
923 4097 1248 4152 subliiniori.
1305 4098 1456 4151 Unde
1513 4097 1801 4150 allirtnatio
1858 4100 2156 4167 incongrua
2208 4095 2426 4162 dicitur,
2474 4096 2631 4164 quasi
2683 4112 2788 4150 non
2828 4097 3060 4167 omnino
3103 4095 3200 4160 ipsi
3245 4107 3578 4162 congruens,

329 4177 559 4287 propter
601 4167 874 4219 diversum
931 4171 1173 4232 inodum,
1203 4177 1257 4222 et
1304 4168 1427 4220 idio
1471 4174 1765 4222 secundum
1811 4166 2119 4224 doctrinam
2163 4169 2424 4238 Dionysii,
2471 4168 2758 4235 tripliciter
2796 4168 2898 4220 ista
2939 4169 3003 4219 de
3047 4166 3158 4217 Deo
3201 4173 3577 4216 enuntiantur.

375 4238 514 4287 rimo
542 4236 760 4287 auidetn
793 4235 1134 4287 aﬂiriiiative.
1186 4249 1242 4287 ut
1266 4238 1530 4287 dicamus-
1577 4237 1713 4287 Deus
1742 4250 1818 4287 est
1863 4241 2092 4287 subiens-
2133 4238 2260 4287 quia
2295 4239 2551 4287 nimirum
2585 4242 2637 4287 in
2673 4237 2791 4287 ioso
2819 4247 2902 4287 est
2933 4245 3257 4287 Dl'OlUlVDOlI
3293 4233 3577 4287 sapientiae

375 4233 514 4290 riino
542 4236 760 4304 quidem
793 4235 1134 4298 aﬂirniaiive,
1186 4249 1242 4290 ut
1266 4238 1531 4304 dicamus,
1577 4237 1713 4289 Deus
1742 4250 1818 4292 est
1863 4241 2092 4304 sapiens,
2133 4238 2260 4306 quia
2295 4233 2556 4291 nimirum
2585 4242 2637 4290 in
2673 4237 2791 4303 ipso
2819 4247 2902 4290 est
2933 4245 3257 4302 prototypou
3293 4233 3580 4300 sapientiae

331 4309 400 4359 ab
427 4307 544 4374 ipso
570 4307 805 4377 liuentis.
837 4306 969 4371 Quia
996 4315 1183 4377 tamen
1222 4311 1275 4361 in
1311 4310 1427 4376 ipso
1468 4325 1572 4361 non
1605 4317 1689 4359 est
1717 4311 2011 4377 sapientia.
2041 4311 2259 4376 qualem
2295 4322 2392 4361 nos
2417 4309 2750 4375 concipimus
2775 4318 2831 4362 et
2853 4309 3216 4364 nominamus,
3248 4313 3430 4377 potest
3461 4318 3580 4358 vere

331 4372 540 4444 negari,
594 4387 652 4430 ut
697 4375 933 4439 dicatur,
983 4375 1124 4429 Deus
1157 4396 1260 4432 non
1291 4372 1364 4432 est
1396 4380 1628 4442 sapiens,
1671 4372 1900 4445 scilicet,
1947 4372 2244 4432 secundum
2294 4372 2619 4444 sapientiam
2662 4394 2692 4429 a
2739 4378 2894 4432 nobis
2922 4377 3278 4429 intellectam.
3315 4372 3574 4439 Rursum,

328 4447 455 4512 quia
495 4447 761 4509 sapientia
794 4462 902 4518 non
933 4459 1167 4514 negatur
1197 4450 1262 4503 de
1295 4451 1422 4511 Deo,
1458 4452 1610 4518 quasi
1644 4449 1761 4514 ipse
1791 4451 2010 4502 deficiat
2041 4465 2070 4500 a
2100 4449 2394 4516 sapientia,
2420 4449 2514 4501 sed
2545 4449 2670 4517 quia
2698 4447 3200 4516 supereminenttus
3227 4454 3311 4497 est
3344 4461 3399 4497 tu
3435 4446 3572 4514 ipso,

326 4531 490 4582 quant
519 4518 732 4586 dicatur
763 4529 853 4569 aut
879 4517 1245 4586 intelligatur;
1285 4520 1407 4572 ideo
1439 4517 1728 4572 dicendum
1757 4557 1774 4581 ,
1806 4519 1946 4572 Deus
1991 4529 2065 4573 est
2097 4521 2483 4586 supei‘sapiens.
2514 4519 2583 4570 Et
2613 4519 2691 4570 sic
2721 4535 2820 4586 per
2851 4518 3118 4584 triplicem
3154 4519 3319 4569 istum
3359 4519 3573 4568 modum

326 4587 608 4658 loquendi,
651 4585 946 4658 Dionysius
971 4585 1208 4655 perfecte
1251 4591 1490 4658 explicat
1519 4590 1757 4658 qualiter
1798 4590 1898 4640 ista
1936 4591 2045 4642 Deo
2073 4585 2464 4641 attribuantur.
2502 4587 2634 4642 Vide
2662 4585 2829 4655 caput
2866 4590 2900 4640 2
2929 4597 2983 4640 et
3015 4587 3048 4640 5
3083 4590 3158 4642 De
3188 4587 3382 4640 divinis
3410 4589 3574 4640 nomi-

326 4656 504 4729 uious,
529 4665 591 4729 et
614 4670 739 4720 cap.
769 4657 791 4708 1
820 4657 982 4725 Mysi.
1009 4659 1282 4727 theologia:
1307 4656 1362 4712 et
1389 4656 1804 4714 observationes
1835 4669 2050 4713 nostras
2074 4658 2378 4729 generales,
2410 4660 2709 4725 praisertitn
2734 4673 2762 4708 v
2789 4668 2843 4711 et
2879 4674 2998 4712 vni.

390 4725 525 4778 lbid.
559 4725 1230 4799 Aretinorumabsent-uati
1255 4731 1670 4799 magispropria
1691 4741 1764 4781 est
1797 4744 1972 4780 rerum
1995 4725 2339 4782 invisibilium
2370 4744 2463 4797 per
2493 4728 2777 4780 dissimiles
2803 4731 3081 4799 eﬁictaones
3112 4729 3445 4796 explanatio,
3485 4739 3582 4784 etc.

324 4795 486 4869 Hisce
511 4796 866 4869 confortniter
896 4798 1048 4867 [iugo
1076 4799 1141 4852 de
1169 4795 1373 4853 Sancto
1406 4795 1621 4852 Victore
1649 4802 1727 4850 sic
1758 4801 1868 4850 ait:
1895 4801 2010 4851 Non
2044 4804 2216 4852 solum
2249 4795 2687 4852 ideo’dissiuiiles
2716 4795 3064 4868 ﬁgurationes
3097 4795 3407 4869 probabiles
3431 4814 3570 4865 sunt,

321 4865 467 4941 quod
494 4865 1020 4941 supertnmidialiutu
1043 4871 1402 4941 excellentias
1427 4869 1754 4941 ostendunt;
1779 4871 1873 4922 sed
1906 4869 2026 4922 ideo
2050 4873 2234 4930 etiam,
2265 4871 2407 4937 quod
2439 4880 2683 4941 nostrum
2707 4865 2944 4924 amnium
2977 4865 3150 4941 magis
3173 4890 3339 4941 quam
3370 4875 3572 4928 similes

323 4935 681 5000 ﬁgurationes
730 4955 758 4988 a
807 4939 1178 4992 inaterialibus
1206 4951 1260 4992 et
1297 4939 1681 5005 corporalibus
1709 4942 1996 5002 redUcunt,
2040 4954 2220 5007 neque
2249 4935 2299 4992 iii
2330 4956 2388 4992 se
2412 4940 2695 5006 quiescere
2741 4944 2942 4995 sinunt.
2985 4935 3150 4997 Cuius
3190 4935 3269 4996 i-ei
3303 4945 3446 4997 ratio
3470 4957 3566 5004 est.

322 5011 465 5082 quod
501 5008 756 5082 quaelibet
786 5023 870 5061 res
901 5019 1121 5072 creatae,
1149 5019 1630 5076 quantumcunque
1657 5011 1930 5075 pet'l'eCIw,
1964 5010 2180 5063 inﬁnito
2205 5011 2445 5082 quodam
2462 5011 2758 5082 intervallo
2784 5029 2813 5064 a
2848 5013 2959 5066 Deo
2983 5015 3201 5078 distent,
3231 5025 3291 5066 ut
3331 5017 3424 5082 qui
3460 5017 3571 5069 illas

321 5077 528 5141 absque
572 5077 674 5152 ulla
723 5081 1072 5152 proportione
1116 5090 1335 5147 superet
1375 5096 1391 5152 :_
1436 5083 2006 5152 quainobt'eiuinagis
2040 5077 2280 5152 perlecta
2321 5088 2404 5134 est
2437 5080 2526 5132 illa
2573 5083 2639 5135 de
2691 5082 2799 5136 Deo
2850 5087 3064 5146 notitia,
3093 5077 3214 5152 quae
3259 5077 3566 5139 istiusmodi

321 5157 512 5222 Omnes
535 5146 910 5222 perfectiones
939 5153 1003 5202 de
1040 5151 1150 5222 Deo
1183 5146 1448 5222 iiegaiido,
1481 5150 1647 5222 tradit
1681 5149 1813 5222 quid
1854 5146 1995 5222 Deus
2026 5146 2132 5203 non
2161 5151 2254 5214 sit,
2287 5167 2450 5219 quam
2477 5167 2597 5219 qua:
2624 5153 2745 5206 illas
2775 5146 3228 5222 allirniando'per
3263 5165 3372 5208 tam
3402 5157 3569 5210 exiles

273 5271 276 5275 .
321 5216 704 5296 perfectiones,
735 5229 966 5296 conatur
1009 5220 1164 5296 nobis
1193 5219 1468 5296 explicare
1499 5219 1626 5296 quid
1656 5218 1917 5296 διμυεςμξ.
1944 5221 2077 5296 Cirin
2112 5223 2278 5296 igitur
2303 5216 2386 5296 ad
2422 5216 2729 5296 habendam
2769 5225 2833 5276 de
2863 5224 2969 5276 Deo
3003 5216 3374 5292 cognitionem
3406 5244 3565 5296 nega—

324 5286 511 5363 tivain,
557 5287 850 5340 dissimiles
883 5290 1235 5363 figurationes
1271 5286 1522 5363 aptiores
1563 5291 1672 5342 sint
1708 5289 1977 5363 similibus
2015 5293 2104 5362 (eo
2131 5286 2276 5362 Quod
2327 5292 2718 5346 dissimilitudo
2758 5305 2936 5363 neget,
2981 5286 3282 5348 siniilitudo
3323 5310 3453 5349 vero
3476 5286 3565 5348 ul-

321 5358 522 5432 tirinet)
555 5374 622 5410 ex
657 5368 841 5432 mente
870 5359 1046 5411 sancti
1091 5359 1356 5432 Dionysii,
1401 5359 1682 5432 adnveratn
1722 5361 1815 5412 Dei
1844 5358 2234 5430 cognitione—in,
2267 5379 2388 5430 qua:
2411 5367 2469 5415 in
2491 5363 2592 5414 ltac
2628 5366 2730 5416 vita
2757 5358 2985 5416 obscura
3014 5374 3116 5431 est,
3149 5367 3562 5432 acquirendain,

321 5427 492 5495 inagis
517 5429 732 5504 propria
764 5436 820 5479 et
851 5427 1317 5504 accommodatior
1343 5439 1426 5504 est
1459 5430 1545 5483 illa
1579 5448 1676 5498 per
1722 5427 2018 5504 dissimiles
2064 5427 2363 5487 etiicttoiies
2397 5433 2727 5498 explanatio.
2762 5434 2874 5487 lloc
2914 5427 3300 5503 ipsuni'l'usius
3338 5437 3565 5504 probans

318 5510 370 5548 tu
407 5500 790 5566 sequentibus,
820 5507 875 5551 et
904 5496 1144 5565 Mys-tiae
1179 5501 1454 5570 ilicotogia'
1484 5496 1744 5564 stuuioso,
1771 5503 1927 5570 quasi
1968 5519 2192 5560 manuni
2223 5507 2277 5560 in
2305 5507 2410 5560 hac
2439 5496 2545 5564 via,
2584 5519 2651 5558 ue
2687 5496 2948 5571 cespitet;
2969 5507 3278 5575 porrigens,
3307 5496 3559 5571 ostendit,

394 5683 413 5709 ι
462 5673 616 5730 Deut.
655 5689 727 5728 IV.
843 5686 866 5714 ⁸
899 5673 1034 5730 Dan.
1073 5692 1128 5730 ι.
1175 5684 1180 5694 ’
