3748 6322
336 288 432 343 151

1520 285 1560 341 S
1622 284 1920 340 DIONYSII
1961 282 2426 342 AREOPAGITE

3511 279 3604 334 159.

334 412 443 464 ter,
469 401 695 455 verbum
728 395 883 471 οἶμαι
912 400 1209 454 secundum
1259 401 1493 473 veteres)
1534 401 1769 468 primum
1809 423 1814 446 ε

2125 398 2325 469 αιοὺς),
2351 397 2567 469 πρῶτον
2588 395 2866 459 ἐκθέσθαι,
2886 395 3006 449 τίνα
3035 397 3131 466 μὲν
3156 395 3247 450 τὸν
3262 395 3362 467 τῆς
3391 394 3605 465 ἀπάσης

337 506 565 560 ponere,
586 507 746 561 quem
770 492 1034 546 universae
1054 499 1163 544 tam
1186 492 1468 547 terrestris
1488 506 1652 562 quam
1671 491 1914 547 caelestis

336 583 663 638 hierarchize
723 598 946 651 scopum
995 580 1334 637 arbitremur
1394 583 1757 657 (arbitremur
1805 584 1917 654 2ο

337 684 520 727 autem
564 675 718 736 dixit,
758 690 857 743 pro
887 690 982 729 sua
1023 674 1403 745 philosophica
1443 676 1527 731 vel
1575 678 1757 745 potius
1808 677 1916 731 Deo

336 761 509 816 amica
541 763 854 832 modestia);
877 766 1075 835 quidve
1095 769 1269 836 prosit
1293 766 1548 836 quaelibet
1573 767 1723 819 hiera
1735 768 1916 821 rchia-

337 868 459 906 rum
489 854 629 922 (sive
653 855 937 909 caelestem
977 856 1207 921 dixeris,
1241 857 1358 911 sive
1387 857 1658 927 nostram)
1690 859 1773 912 sui
1812 859 1917 912 ini-

339 944 627 999 tiatoribns
681 944 981 1001 initiatisve
1024 962 1037 999 :
1090 948 1287 1002 deinde
1332 961 1463 1000 vero
1506 946 1802 1003 dicendum
1852 951 1919 1005 de

339 1037 659 1094 caelestibus
692 1039 1051 1102 liicrarcbiis,
1088 1040 1244 1108 juxta
1278 1040 1449 1105 illam,
1471 1053 1637 1109 qnam
1668 1041 1736 1096 de
1763 1040 1830 1095 iis
1862 1041 1915 1095 in

336 1129 511 1184 sacris
542 1129 746 1183 litteris
792 1130 1058 1186 habemus
1089 1132 1587 1187 manifestationem
1618 1143 1784 1202 atque
1823 1148 1919 1187 ex-

337 1218 731 1289 planationem.
770 1220 843 1274 De
876 1220 984 1277 illis
1018 1234 1199 1276 autem
1245 1224 1497 1293 loquens,
1528 1226 1705 1279 utitur
1747 1224 1917 1277 verbo

336 1302 620 1384 ὑμνῆσαι;
655 1315 780 1383 quia
812 1314 879 1369 de
912 1332 969 1369 re
1003 1317 1144 1371 bona
1177 1316 1347 1386 loqui,
1390 1317 1624 1387 hymnus
1656 1316 1771 1370 sive
1802 1314 1920 1369 laus

337 1405 466 1459 boni
508 1415 595 1459 est
623 1422 639 1471 ;
673 1407 819 1462 sicut
852 1408 921 1461 de
956 1422 1014 1461 re
1046 1422 1209 1476 prava
1241 1409 1401 1462 verba
1451 1408 1658 1473 facere,
1698 1408 1918 1475 vitupe-

340 1495 485 1550 rium
516 1507 599 1551 est
637 1499 787 1553 ntali.
825 1499 900 1553 De
928 1499 1191 1570 angelicis
1234 1502 1424 1568 itaque
1460 1499 1771 1564 divinisque
1807 1500 1921 1553 vir-

340 1588 546 1641 tutibus
575 1590 738 1643 verba
773 1589 978 1653 facere,
998 1591 1138 1644 idem
1162 1598 1245 1644 est
1267 1600 1429 1660 atque
1451 1605 1544 1645 eas
1567 1590 1813 1645 laudare.
1839 1590 1921 1644 Ad

342 1681 458 1735 haec
505 1680 795 1736 dicendum
825 1721 842 1746 ,
892 1684 1093 1751 quibus
1145 1680 1342 1737 formis
1392 1696 1563 1736 sacrm
1616 1680 1921 1749 Scriptura:

2018 494 2115 546 καὶ
2139 493 2338 563 γηΐνης
2365 492 2460 545 καὶ
2496 489 2749 561 οὐρανίου
2794 488 3073 561 ίεραρχίας
3111 486 3314 541 σκοπὸν
3340 486 3602 557 οῖὸμεθασ

2020 583 2288 654 (οἰόμεθα
2318 582 2375 635 δὲ
2399 578 2544 647 εἷπε,
2573 580 2714 635 κατὰ
2753 580 3042 652 φιλόσοφον
3069 580 3102 651 ἢ
3130 579 3375 651 φιλόθεον
3408 578 3605 650 μᾶλλον

2022 674 2396 747 μετριασμόνΥ
2426 674 2521 727 καὶ
2561 672 2615 725 τί
2659 670 2861 741 ὠφελεῖ
2886 671 3095 741 ἑκάστη
3136 668 3247 724 τῶν
3289 668 3607 742 ίεραρχιῶν,

2019 766 2122 820 κᾶν
2164 764 2261 837 τὴν
2288 764 2548 837 οὐρανίαν
2592 763 2774 837 εἴπῃς,
2818 748 2920 817 κᾶν
2952 763 3054 834 τὴν
3098 762 3222 817 καθ’
3264 764 3437 833 ἡμᾶς,
3485 761 3609 823 τοὺς

2016 857 2272 922 τελεστὰς
2300 858 2497 928 αὑτῆς’
2541 856 2774 928 καθεξῆς
2810 857 2867 911 δὲ
2909 858 3084 910 εἰπεῖν
3127 855 3255 927 περὶ
3292 854 3404 908 τῶν
3448 854 3613 926 οὐρα-

2020 950 2148 1004 νίων
2198 949 2510 1022 ίεραρχιῶν,
2559 949 2701 1005 κατὰ
2746 950 2851 1022 τὴν
2880 949 3060 1003 αὑτῶν
3103 946 3471 1019 ὲκφαντορίαν
3515 947 3611 1000 καὶ

2019 1041 2253 1114 δήλωσιν
2277 1042 2378 1114 τὴν
2406 1043 2464 1095 ὲν
2491 1044 2611 1106 ταῖς
2638 1042 2824 1110 ἁγίαις
2854 1041 3118 1112 Γραφαῖς.
3160 1040 3235 1092 Τὸ
3272 1039 3404 1108 γοῦν
3433 1038 3612 1091 εἰπεῖν

2022 1136 2151 1206 περὶ
2198 1133 2404 1187 τούτων
2458 1133 2698 1204 ὑμνῆσαι
2735 1132 2903 1201 λέγει,
2947 1134 3030 1187 ὅτι
3056 1132 3117 1186 τὸ
3155 1132 3283 1203 περὶ
3326 1128 3498 1183 καλοῦ
3536 1130 3614 1181 cl-

2022 1228 2143 1279 πεῖν
2169 1225 2337 1297 ὕμνος
2363 1224 2530 1279 καλοῦ
2556 1227 2701 1278 ἐστιν
2722 1242 2735 1254 ·
2762 1224 2953 1297 ῶσπερ
2971 1224 3031 1277 τὸ
3055 1224 3182 1294 περὶ
3206 1221 3376 1277 κακοῦ
3403 1220 3612 1289 λέγειν,

2020 1319 2188 1389 ψόγος
2219 1318 2394 1373 κακοῦ
2425 1320 2561 1371 ἐστι.
2603 1317 2783 1372 Ταὺτδ
2805 1317 2935 1387 γοῦν
2958 1316 3020 1370 τδ
3046 1318 3217 1369 εἰπεῖν
3248 1317 3341 1370 καὶ
3367 1315 3613 1385 ὑμνῆσαι

2022 1412 2152 1483 περὶ
2178 1411 2288 1464 τῶν
2325 1410 2631 1480 ἀγγελικῶν
2658 1408 2753 1462 καὶ
2780 1408 2940 1461 θείων
2963 1406 3264 1477 δυνάμεων.
3293 1405 3616 1459 Μετέπειτα

2022 1505 2079 1559 δὲ
2113 1504 2220 1575 χρὴ
2248 1505 2443 1567 είπεῖν,
2488 1502 2702 1566 όποίαις
2743 1500 2946 1555 εἰκόσιν
2992 1500 3047 1551 αί
3094 1498 3235 1569 ίεραὶ
3268 1495 3489 1568 Γραφαὶ
3514 1494 3616 1557 τὰς

2024 1598 2278 1670 οὐρανίας
2306 1599 2572 1668 διακοσμή
2585 1613 2695 1660 σεις
2725 1591 3143 1665 σχηματίζουσι,
3174 1588 3422 1659 καὶπρὸς
3450 1587 3618 1640 ποίαν

2024 1684 2305 1757 ἁπλότητα
2325 1683 2415 1736 διὰ
2438 1683 2548 1736 τῶν
2576 1680 2911 1752 πλασμάτων
2933 1676 3139 1731 τούτων
3178 1675 3243 1746 δὴ
3279 1674 3391 1727 τῶν
3416 1672 3617 1725 συνθέ-

340 1770 595 1826 (εωιθειεε
638 1770 863 1827 ordines
900 1772 1173 1840 ligarant;
1204 1782 1259 1826 et
1289 1772 1356 1825 ad
1402 1770 1622 1841 qualem
1655 1771 1814 1840 simpl

2156 1776 2471 1848 ἀναγόμεθα
2488 1792 2503 1806 ·
2531 1770 2663 1839 οἷον,
2706 1773 2937 1843 λέγομεν
2966 1770 3125 1841 τυχὸν
3154 1768 3329 1832 ἀετὸν,
3358 1766 3618 1819 σύνθετόν

343 1872 505 1917 tatem
538 1879 635 1933 per
664 1879 759 1918 eas
795 1864 1007 1919 formas
1031 1880 1153 1934 qua:
1184 1865 1535 1933 ellingnntur,
1566 1878 1915 1922 revocemur:

340 1955 495 2010 verbi
530 1957 729 2024 gratia,
781 1957 1134 2011 nominamus
1166 1956 1308 2011 forte
1350 1956 1610 2026 aquilam,
1643 1957 1921 2027 composi-

342 2058 455 2103 tum
483 2048 701 2116 aliquod
728 2050 980 2110 dicinms,
1008 2060 1192 2104 mente
1223 2064 1354 2104 vero
1388 2065 1485 2119 per
1514 2051 1663 2105 visus
1687 2064 1921 2103 acumen

339 2150 395 2194 et
416 2139 790 2194 excellentiam
811 2141 878 2195 ad
898 2141 1305 2211 simplicitatem
1327 2142 1673 2197 adducimur.
1693 2140 1922 2207 Quando

338 2232 482 2287 enim
510 2235 634 2302 quis
663 2234 925 2303 loquitur,
949 2235 1416 2305 utintelligamus,
1447 2235 1671 2291 oinnino
1714 2249 1925 2289 sermo-

340 2341 439 2380 nes
472 2326 701 2379 adhibet
741 2344 755 2379 :
792 2342 917 2380 cum
952 2336 1137 2381 autem
1192 2329 1242 2380 id
1279 2327 1425 2394 quod
1461 2326 1666 2381 dicitur
1714 2325 1927 2383 intello-r

340 2425 492 2470 ctum
532 2415 719 2479 fuerit,
771 2415 1000 2485 simplex
1056 2416 1110 2470 in
1165 2425 1347 2470 mente
1391 2414 1630 2485 cognitio
1674 2416 1923 2481 exsistit;

344 2506 580 2561 maxime
617 2507 662 2560 si
711 2506 979 2576 simplicia
1033 2506 1333 2575 forumque
1379 2507 1623 2575 expertia
1674 2507 1805 2571 sint,
1859 2509 1927 2563 de

344 2601 545 2668 quibus
573 2600 871 2676 loquimur.
906 2599 963 2654 Si
1001 2600 1148 2653 enim
1184 2613 1271 2651 res
1298 2600 1530 2654 sensiles
1563 2599 1637 2652 ita
1666 2614 1763 2669 per
1791 2598 1925 2653 sitn-

346 2693 546 2762 plicem
604 2694 843 2763 aliquem
895 2703 1221 2763 conceptum
1277 2691 1669 2762 intelligimus,
1720 2702 1927 2761 quanto

344 2786 522 2855 magis
555 2801 642 2839 res
669 2786 987 2855 spiritales?
1019 2787 1200 2852 Quare
1233 2800 1396 2855 porro
1423 2785 1742 2855 quaerimus,
1774 2794 1831 2839 ut
1855 2783 1923 2839 ad

346 2872 761 2940 simplicitatem
802 2874 1179 2929 adducamur?
1224 2884 1282 2929 ut
1317 2891 1423 2932 neu
1476 2876 1694 2931 accidat
1743 2876 1924 2939 nobis,

343 2966 487 3033 quod
524 2966 683 3047 vulgo
735 2982 823 3022 res
853 2983 1043 3024 sacras
1074 2972 1303 3040 profano
1355 2972 1519 3026 modo
1554 2969 1921 3040 intelligenti;

344 3072 446 3111 nec
473 3048 740 3127 'putemns
783 3061 1036 3116 cmlestes
1070 3062 1189 3117 illas
1231 3065 1467 3118 virtutes
1512 3062 1716 3117 multos
1760 3061 1927 3130 pedes

2021 1886 2075 1922 τι
2108 1866 2341 1938 λέγομεν
2359 1883 2374 1898 ο
2404 1864 2630 1937 νοοῦμεν
2658 1865 2722 1918 τὸ
2749 1862 3035 1935 ὀξυδερκὲς
3077 1860 3171 1913 καὶ
3203 1858 3617 1929 ὑπερηρμένον,

2023 1960 2163 2031 πρὸς
2194 1958 2478 2028 ἁπλότητα
2521 1954 2849 2027 ἀναγόμεθα.
2893 1954 3019 2007 Ὅτε
3054 1950 3164 2021 γὰρ
3204 1949 3352 2017 λέγοι
3383 1964 3492 2009 τις,
3528 1948 3622 2000 ἵνα

2024 2053 2327 2124 νοήσωμεν,
2364 2050 2582 2114 πάντως
2613 2048 2805 2118 λόγους
2837 2044 3180 2115 συντίθησιν·
3218 2044 3307 2096 ὅτε
3331 2040 3389 2093 δὲ
3418 2041 3483 2094 τὸ
3514 2043 3619 2112 ρη-

2025 2142 2116 2198 θὲν
2142 2143 2383 2215 νοηθείη,
2407 2140 2642 2211 ἁπλοῖκὴ
2670 2138 2813 2192 κατά
2842 2136 2932 2191 τὸν
2952 2135 3076 2190 νοῦν
3103 2138 3136 2206 ἠ
3165 2135 3342 2187 ἔννοια
3368 2132 3583 2202 γίνεται
3602 2148 3617 2161 ο

2025 2238 2120 2292 καὶ
2153 2237 2371 2307 μᾶλλον,
2403 2236 2492 2288 ὅτε
2530 2234 2680 2288 ἁπλᾶ
2709 2234 2818 2285 είσι
2848 2230 2943 2283 καὶ
2962 2230 3359 2300 ἀσχημάτιστα
3386 2225 3456 2280 τά
3487 2220 3623 2295 περὶ

2024 2329 2101 2386 ῶν
2129 2330 2379 2401 λέγομεν.
2411 2329 2473 2381 El
2500 2326 2609 2399 γάρ
2636 2326 2728 2379 καὶ
2743 2326 2837 2379 ἐπὶ
2859 2324 2969 2377 τῶν
2996 2320 3272 2392 αίσθητῶν
3294 2318 3435 2373 οὕτω
3465 2316 3624 2371 νοοῦ-

2030 2441 2129 2496 μεν
2157 2420 2301 2475 κατά
2324 2419 2503 2488 ἁπλῆν
2531 2435 2653 2471 τινα
2681 2415 2960 2487 επιϐολὴν,
2994 2414 3145 2484 πόσῳ
3174 2428 3238 2481 γε
3275 2410 3477 2482 μᾶλλον
3523 2409 3622 2462 ἐπὶ

2026 2512 2135 2565 τῶν
2180 2507 2420 2581 νοητῶν;
2452 2507 2554 2560 Διά
2584 2506 2637 2559 τί
2669 2506 2725 2559 δὲ
2762 2504 3057 2575 ζητοῦμεν,
3085 2504 3231 2565 ὅπως
3277 2499 3415 2572 πρὸς
3450 2499 3623 2552 ἁπλό-

2026 2620 2165 2673 τητα
2190 2600 2558 2672 ἁναχθείημεν
2578 2616 2594 2664 ;
2618 2600 2706 2653 ῖνα
2732 2598 2806 2670 μὴ
2830 2596 3093 2667 πάθωμεν
3116 2604 3211 2647 και
3236 2594 3397 2665 ἡμεῖς
3416 2591 3622 2645 msz

2025 2698 2139 2759 τοῖς
2171 2694 2384 2757 πολλοῖς
2413 2691 2643 2759 ἀνιέρως
2662 2688 2843 2743 νοοῦσι
2867 2686 2936 2740 τὰ
2962 2686 3103 2759 ίερά,
3132 2685 3271 2739 ὥστε
3308 2684 3624 2747 πολύποδας

2027 2786 2123 2840 καὶ
2152 2782 2619 2855 πολυπροσώπους
2654 2778 3078 2851 ὑπολαμϐάνειν,
3111 2778 3206 2831 καὶ
3252 2774 3395 2830 κατὰ
3438 2776 3622 2847 κτήνη

2027 2886 2120 2937 καὶ
2172 2882 2338 2955 θηρία
2382 2880 2772 2955 τετυπωμένας
2818 2877 2918 2941 τὰς
2962 2875 3221 2949 οὐρανίας
3266 2873 3551 2944 δυνάμεις,
3583 2873 3620 2942 ἢ

2027 2979 2121 3032 καὶ
2146 2976 2322 3030 ἀετῶν
2355 2969 2496 3037 εἶδος
2521 2973 2774 3044 ἐχούσας,
2806 2972 2839 3042 ἢ
2870 2971 2965 3025 καὶ
3001 2969 3221 3040 πτηνῶν
3254 2967 3618 3039 πτεροφυῖαν,

2028 3065 2211 3129 καθὼς
2244 3067 2300 3117 ὲν
2330 3063 2408 3133 τῷ
2455 3061 2717 3133 Ἱεζεκιὴλ
2754 3060 2982 3132 εὕρηται
3002 3075 3015 3088 ⁸
3052 3057 3148 3111 καὶ
3173 3053 3401 3127 τροχοὺς
3430 3048 3622 3123 πυρά»⁴

343 3157 401 3204 ιιι
424 3151 625 3205 multas
653 3152 824 3208 facies
855 3155 1079 3217 habere,
1126 3165 1181 3209 et
1213 3157 1279 3208 ad
1314 3154 1583 3224 pecudum
1615 3154 1823 3209 ferarur

2177 3159 2607 3232 ὑπερουρανίους
2651 3155 3040 3226 φαντάζεσθαι,
3083 3153 3179 3207 καὶ
3214 3151 3443 3222 θρόνους
3482 3147 3623 3231 πρὸς

346 3244 554 3295 formas
589 3240 927 3309 ell'ormatas,
974 3244 1056 3297 vel
1104 3244 1413 3314 aquilarum
1444 3245 1686 3314 speciem
1719 3258 1832 3314 pra:
1868 3258 1929 3300 se

348 3333 517 3394 ferre,
540 3344 633 3387 aut
656 3334 937 3389 volucrum
965 3335 1444 3405 plumescentiam,
1468 3336 1928 3408 quemadmodum

349 3422 405 3474 in
464 3420 750 3479 Ezechiele
804 3426 1105 3495 reperitur;
1198 3436 1254 3481 et
1302 3443 1370 3482 ne
1418 3428 1721 3497 cogitemus
1782 3436 1930 3483 rotas

348 3515 618 3582 quasdam
654 3517 842 3586 igneas
871 3534 1039 3588 supra
1069 3520 1297 3583 caelum,
1342 3529 1398 3575 et
1437 3520 1603 3575 sellas
1636 3521 1703 3574 ad
1734 3522 1930 3575 seden-

351 3604 481 3657 dum
516 3607 977 3673 accommodatas,
1027 3621 1190 3680 atque
1238 3624 1411 3678 equos
1460 3626 1525 3665 ac
1563 3610 1832 3665 satellites
1876 3620 1934 3666 et

352 3710 693 3766 quaecunque
726 3699 830 3752 alia
861 3716 890 3752 a
924 3701 1207 3771 prophetis
1251 3702 1428 3756 sacris
1459 3702 1629 3757 variis
1664 3703 1932 3775 symbolis

352 3796 481 3842 sunt
512 3790 736 3843 tradita.
777 3790 994 3847 Etenim
1033 3793 1248 3846 utiliter
1296 3792 1572 3864 theologia
1604 3794 1815 3851 similes
1844 3809 1935 3850 sa-

353 3895 478 3933 cras
532 3883 735 3938 formas
796 3886 961 3941 rebus
1024 3885 1211 3955 ﬁgura:
1267 3887 1588 3957 expertibus
1642 3888 1929 3953 adhibuit;

354 3973 553 4040 partim
584 3974 827 4043 quidem,
874 3987 933 4031 ut
979 3976 1320 4046 intelligendi
1372 3978 1573 4033 viriqu
1616 3990 1929 4034 nostrarum

356 4066 582 4120 haberet
619 4071 885 4124 rationem
912 4088 925 4135 ;
963 4072 1162 4139 partim
1195 4086 1344 4136 vero,
1374 4082 1433 4125 ut
1459 4073 1742 4142 pmpriam
1769 4070 1929 4129 nobis

355 4166 413 4209 et
447 4161 858 4215 connaturalem
888 4162 957 4215 ad
985 4177 1223 4231 superna
1257 4164 1586 4232 penetrandi
1615 4166 1760 4219 viam
1788 4179 1932 4234 prte-

357 4259 598 4313 pararet.
630 4251 685 4303 In
715 4260 977 4321 quantum
1007 4254 1153 4307 enim
1182 4256 1443 4324 aquilam,
1476 4272 1528 4310 v.
1550 4274 1629 4325 g.,
1655 4259 1927 4325 nominat,

2033 3252 2313 3309 ἀνάκλισιν
2348 3250 2713 3321 ἐπιτηδείους,
2746 3249 2841 3301 καὶ
2875 3248 3096 3311 ἵππους,
3133 3244 3228 3298 καὶ
3259 3240 3621 3315 δορυφόρους,

2034 3345 2130 3399 καὶ
2156 3344 2258 3398 ὃσα
2301 3342 2433 3397 ἄλλα
2466 3342 2619 3414 παρά
2655 3342 2764 3396 τῶν
2796 3339 2957 3411 ίερῶν
2998 3335 3294 3411 προφητῶν
3338 3334 3428 3388 διά
3458 3351 3625 3386 τινων

2034 3436 2293 3491 ποικίλων
2326 3434 2737 3508 παραδέδονται.
2774 3432 2885 3486 Καὶ
2921 3430 3031 3502 γάρ
3072 3427 3396 3499 ἐπιτηδείως
3428 3428 3461 3497 η
3502 3425 3624 3478 θεο-

2034 3529 2190 3598 λογία
2209 3530 2323 3592 τοῖς
2336 3528 2598 3591 τοιούτοις
2618 3528 2785 3599 ἱεροῖς
2804 3524 3204 3595 σχηματισμοῖς
3219 3521 3312 3573 επὶ
3326 3520 3436 3573 τῶν
3458 3520 3624 3589 ἁσχεη⁸

2041 3620 2315 3695 ματίστων
2358 3620 2646 3691 ἐχρήσατο,
2674 3620 2790 3689 ἃμα
2816 3616 2914 3687 μὲν
2948 3614 3047 3687 τὴν
3085 3613 3313 3684 δύναμιν
3346 3610 3443 3664 τοῦ
3482 3612 3624 3681 ἡμε-

2034 3714 2198 3786 τέρου
2229 3712 2349 3775 νοὸς
2382 3710 2720 3783 σκεψαμένη,
2769 3709 2885 3780 ἅμα
2916 3706 2974 3761 δὲ
3016 3708 3111 3760 καὶ
3142 3704 3240 3759 τοῦ
3285 3703 3491 3758 οἰκείου
3531 3705 3625 3757 καὶ

2038 3804 2319 3877 συμφυοῦς
2366 3804 2467 3875 τῆς
2499 3802 2792 3872 ἀναγωγῆς
2826 3801 3191 3873 προνοήσασα.
3241 3798 3330 3851 Ἑν
3374 3798 3486 3868 ὅσῳ
3515 3797 3627 3868 γὰρ

2035 3895 2184 3966 λέγει
2204 3895 2367 3966 τυχὸν
2392 3894 2571 3957 ἀετὸν,
2596 3893 2689 3946 δύο
2718 3891 3117 3955 κατασκευάζει
3145 3889 3213 3943 τά
3244 3889 3501 3961 μέγιστα,
3532 3888 3627 3941 καὶ

2037 3989 2170 4061 ἡμῖν
2198 3990 2310 4051 τοῖς
2344 3986 2597 4057 συνήθεσι
2624 3983 2880 4057 γνωρίζει
2910 3984 2980 4039 τὰ
3010 3986 3330 4056 πράγματα,
3374 3982 3471 4036 καὶ
3498 3982 3623 4034 τού,

2033 4095 2147 4142 τοις
2173 4078 2430 4148 φυλάττει
2448 4078 2509 4130 τὸ
2532 4077 2799 4147 συμφυές·
2823 4075 2886 4129 τὸ
2907 4077 3015 4149 γὰρ
3033 4075 3319 4147 ὀξυδερκὲς
3343 4075 3439 4128 καὶ
3459 4074 3625 4144 ταχύ-

2039 4186 2199 4223 τατον
2231 4170 2325 4223 καὶ
2354 4165 2464 4222 οἷον
2499 4169 2880 4241 ὑπερηρμένον
2911 4168 3021 4222 τῶν
3047 4166 3316 4239 οὐρανίων
3340 4165 3622 4236 δυνάμεων

2040 4262 2396 4335 παρεδήλωσε
2415 4278 2429 4291 ·
2462 4263 2556 4315 καὶ
2588 4262 2685 4315 ὲπί
2708 4261 2818 4315 τῶν
2844 4261 3019 4335 ἄλλων
3048 4262 3104 4315 δὲ
3134 4259 3411 4324 ὡσαύτως.

357 4343 468 4398 duo
518 4346 677 4399 nobis
724 4347 965 4401 maxima
1002 4360 1230 4418 prmstat
1272 4366 1285 4401 :
1351 4352 1622 4420 siquidem
1680 4353 1835 4407 nobis
1880 4371 1949 4410 ex
1991 4359 2231 4412 assuetis
2294 4372 2381 4411 res
2416 4356 2567 4425 ipsas
2604 4334 2874 4423 declarat,
2934 4358 3129 4425 iisque,
3172 4356 3320 4422 quod
3354 4360 3624 4407 conualu-

358 4440 472 4495 rale
502 4447 623 4504 est,
668 4450 856 4494 servat
891 4459 904 4494 :
938 4458 1064 4496 nam
1098 4453 1153 4497 et
1182 4446 1447 4499 cernendi
1480 4460 1707 4501 acumen
1735 4462 1803 4503 ac
1853 4451 2217 4514 celeritatem,
2252 4454 2500 4521 adeoque
2557 4452 2985 4521 praecellentiam
3015 4451 3273 4505 virtutum
3316 4448 3621 4503 cmlestimu

352 4533 679 4597 declaravit,
706 4544 871 4604 atque
909 4535 960 4588 in
989 4537 1112 4591 aliis
1144 4537 1433 4593 similiter.

432 4625 461 4696 §
507 4626 570 4679 ll.
614 4625 752 4681 llinc
783 4625 1058 4682 concludit
1094 4630 1366 4696 quomodo
1410 4643 1660 4699 oporteat
1700 4646 1798 4703 per
1848 4649 1912 4688 re:

2183 4631 2243 4685 ll.
2303 4632 2581 4705 Ἐντεῦθεν
2626 4634 3047 4698 κατασκευάζει,
3093 4632 3211 4696 πῶς
3256 4634 3363 4706 χρὴ
3401 4635 3497 4688 καὶ
3541 4635 3628 4689 διά

356 4720 653 4773 dissimiles
680 4736 745 4774 ac
774 4719 1025 4774 terrenas
1052 4722 1306 4778 caelestes
1336 4722 1612 4792 explicare
1643 4742 1659 4790 ;
1704 4727 1887 4794 aitque
1911 4743 1928 4782 :

350 4815 513 4881 Quod
548 4816 589 4868 si
614 4815 718 4884 21
752 4815 837 4870 cui
884 4816 1171 4870 videantur
1212 4831 1383 4872 saera:
1420 4816 1638 4886 quidem
1687 4817 1935 4873 ﬁctiones

355 4908 893 4977 compositionesque
915 4910 1150 4977 approba
1161 4909 1299 4973 ndaa,
1335 4908 1492 4979 quasi
1514 4924 1619 4962 non
1642 4909 1749 4964 alio
1767 4925 1933 4978 quam

361 5003 464 5053 hoc
501 4999 687 5063 modo,
710 5032 711 5035 η
734 5002 806 5055 ita
836 5016 959 5068 qua:
989 5003 1041 5054 in
1091 5016 1150 5055 se
1178 5010 1526 5072 permanent,
1572 5012 1628 5056 et
1661 5003 1937 5072 incognita

360 5103 526 5159 atque
555 5091 961 5160 inaspectabilia
996 5092 1572 5161 exsistunt,cognosci
1601 5104 1824 5162 queant,
1843 5093 1940 5148 ab-

361 5184 558 5236 surdas
589 5194 772 5237 autem
817 5183 1096 5237 existimet
1123 5184 1457 5254 rjuscemodi
1485 5185 1937 5254 compositiones,

364 5276 441 5328 uti
473 5284 529 5329 et
557 5291 775 5330 onmem
815 5276 961 5331 illam
1010 5277 1201 5330 rudem
1242 5279 1617 5353 angelicorum
1650 5277 1939 5331 nominum

363 5368 834 5423 adumbrationem
857 5371 971 5423 sive
994 5383 1243 5428 scenam.
1271 5370 1551 5440 Siquidem
1592 5381 1649 5425 nt
1681 5373 1735 5425 in
1773 5386 1938 5425 scena

362 5459 453 5511 alii
498 5469 623 5513 sunt
666 5462 759 5529 qui
791 5464 1011 5527 adsunt,
1048 5463 1278 5517 aliorum
1324 5480 1451 5518 vero
1497 5478 1761 5534 personas
1791 5465 1940 5519 rele-

366 5560 516 5614 runt,
544 5552 619 5605 ita
649 5563 703 5606 et
734 5553 823 5607 hic
861 5556 964 5608 alia
994 5559 1298 5625 proposita,
1330 5558 1422 5610 sed
1450 5557 1556 5610 alio
1586 5556 1747 5609 modo
1774 5570 1938 5624 quam

365 5642 656 5709 exsistant,
679 5643 1010 5702 referuntur.
1063 5651 1141 5703 Ac
1187 5653 1385 5704 decere
1440 5649 1660 5719 quidem
1719 5646 1812 5702 ille
1863 5646 1942 5700 ait

368 5736 668 5807 theologos,
720 5753 841 5794 cum
890 5754 952 5794 ea
1005 5756 1122 5810 quae
1177 5741 1347 5813 ﬁgura
1392 5754 1584 5798 carent
1626 5744 1937 5815 exprimere

2038 4723 2150 4777 τῶν
2172 4724 2439 4795 ἀνομοίων
2460 4726 2554 4778 καὶ
2577 4723 2871 4795 χθαμαλῶν
2895 4723 3248 4793 ἐκφαίνεσθαι
3270 4722 3339 4775 τά
3359 4721 3593 4793 οὑρὰνια
3609 4740 3623 4753 ’

2040 4816 2133 4869 καί
2184 4832 2375 4887 φησιν·
2407 4817 2470 4869 El
2512 4816 2569 4869 δέ
2604 4834 2706 4869 τινι
2770 4816 2916 4870 δοκεῖ
2966 4813 3320 4884 ἀποδέχεσθαι
3376 4814 3479 4886 μὲν
3531 4813 3629 4876 τὰς

2044 4909 2439 4981 ίερογραφικάς
2490 4909 2767 4973 συνθέσεις
2812 4910 2908 4963 καὶ
2951 4908 3021 4961 τά
3064 4909 3382 4978 πλάσματα,
3430 4908 3511 4972 ὼς
3555 4907 3630 4979 μὴ

2045 5001 2221 5065 ἄλλως
2264 5002 2407 5067 ὲνὸν,
2451 5003 2502 5054 εί
2553 5001 2627 5073 μὴ
2672 5001 2845 5064 οὕτως
2874 5000 2944 5053 τά
2978 4999 3128 5053 ἁπλᾶ
3158 5001 3253 5053 καὶ
3284 4999 3368 5067 ἐφ’
3417 5000 3631 5052 ἑαυτῶν

2052 5094 2301 5165 μένοντα,
2331 5095 2424 5148 καὶ
2457 5094 2709 5163 ἄγνωστα
2736 5094 2830 5147 καὶ
2860 5091 3148 5163 ἀθεώρητα
3172 5092 3509 5161 ὑπάρχοντα,
3540 5108 3631 5159 γι-

2048 5186 2351 5240 νώσκεσθαι
2370 5204 2383 5217 ·
2407 5187 2641 5249 ἀτόπους
2662 5187 2719 5238 δὲ
2741 5186 2914 5239 οἴεται
2934 5184 3033 5248 τάς
3046 5183 3304 5246 τοιαύτας
3327 5183 3630 5247 συνθέσεις,

2048 5281 2145 5332 καὶ
2194 5281 2375 5333 πᾶσαν
2422 5280 2522 5351 τὴν
2575 5278 2848 5348 ἀπότομον
2914 5276 3118 5348 ταύτην
3165 5275 3272 5328 τῶν
3320 5273 3634 5343 ἀγγελικῶν

2046 5372 2327 5443 ὀνομάτων
2373 5373 2595 5443 σκηνήν.
2660 5370 2748 5432 Ὠς
2780 5370 2887 5441 γὰρ
2930 5370 2988 5421 έν
3020 5371 3086 5439 τῇ
3122 5370 3293 5438 σκηνῇ
3334 5366 3484 5420 ἄλλοι
3533 5367 3635 5438 μέν

2049 5464 2186 5515 εἰσιν
2209 5464 2258 5515 οί
2287 5462 2572 5533 παρόντες,
2598 5460 2815 5529 ἐτέρους
2841 5459 2896 5511 δὲ
2924 5461 3338 5532 ὑποκρίνονται·
3372 5458 3517 5511 οὕτω
3540 5459 3636 5511 καὶ

2048 5554 2277 5608 ἐνταῦθα
2299 5555 2435 5609 ἄλλα
2464 5553 2560 5623 μέν
2584 5554 2687 5605 είσι
2709 5551 2779 5604 τὰ
2801 5553 3155 5622 ὑποκείμενα,
3174 5553 3268 5605 καὶ
3284 5550 3637 5623 ἀλλοτρόπως

2049 5647 2315 5715 λέγονται.
2364 5649 2473 5701 Καὶ
2508 5647 2759 5717 πρέπειν,
2807 5647 2971 5715 φησιν
3019 5648 3245 5711 ἐκεῖνος,
3282 5646 3407 5709 τοὺς
3454 5644 3639 5697 θεολό-

2052 5757 2201 5810 γους,
2238 5739 2593 5811 βουλομένους
2622 5738 2688 5791 τά
2721 5738 3061 5791 ἁνεικόνιστα
3093 5738 3376 5805 εἰκονίσαι,
3408 5736 3636 5800 οἰκείοις
