3748 6308
135 309 248 364 11⁵ὲὸ

667 308 755 362 DE
787 302 1114 364 C(ELESTI
1158 300 1602 366 IIIERARCHIA,
1642 300 1799 358 CA'P.
1836 300 1903 356 ll.
1938 328 2009 341 υ·-
2045 296 2395 355 PARAPHR.
2434 298 2914 355 PACHYMERJE.

3304 302 3410 358 ιει

131 418 237 470 καὶ
266 415 585 485 συγγενέσιν
608 414 883 489 ἐκφαίνειν
910 414 1333 484 σχηματισμοῖς,
1357 412 1423 464 ἐκ
1452 410 1564 463 τῶν
1597 428 1611 463 1

1931 418 2044 475 unt,
2092 410 2330 483 propriis
2366 410 2454 464 illa
2494 412 2855 481 cognatisque
2898 410 3211 481 eﬂ'ormaro,
3249 416 3411 471 exiis

128 511 273 580 ἡμῖν
304 508 649 578 τιμιωτάτων
682 507 776 560 καὶ
807 505 985 559 ἀΰλων
1015 504 1218 570 ποσῶς,
1251 503 1494 576 δηλονότι
1521 504 1587 557 ἐκ
1617 502 1728 557 τῶν

130 598 519 671 ἀνθρωπίνων,
564 597 656 650 καὶ
692 598 767 669 μὴ
798 596 857 662 ἐξ
889 596 1103 665 ἀλόγων
1133 596 1165 665 ἦ
1217 597 1310 649 καὶ
1341 594 1563 665 ἀψύχων
1583 611 1598 624 ·
1634 594 1728 647 καὶ

133 692 217 762 μὴ
255 690 593 762 περιτιθέναι
633 688 1010 760 πολυμορφίας
1052 688 1271 752 ἐνύλους
1310 692 1431 752 ταῖς
1464 690 1726 759 ὑπερκει-

130 785 334 853 μέναις
360 784 677 855 ἀπλότησιν.
721 784 878 838 Οὕτω
902 781 1011 854 γὰρ
1038 781 1105 836 ἂν
1138 781 1295 853 εἴπερ
1320 780 1603 852 ἐποίησαν,
1632 781 1727 836 δύο

126 873 366 943 ἔμελλον
394 876 620 946 ποιῆσαι
654 874 723 928 τὰ
772 873 973 942 ἀγαθά,
1010 875 1103 925 καὶ
1136 875 1284 944 ἡμᾶς
1323 873 1545 942 ἀνάγειν
1591 872 1727 943 πρὸς

126 967 428 1037 κρείττονα
473 968 569 1020 καὶ
600 966 936 1038 ὑψηλοτέραν
977 966 1205 1028 ἔννοιαν,
1248 965 1341 1019 καὶ
1379 965 1450 1018 τά
1488 964 1725 1036 ὑπερκό-

128 1073 275 1127 σμια
308 1058 382 1129 μὴ
418 1058 676 1127 κατάγειν
712 1059 806 1110 καὶ
832 1056 1095 1127 ἀτιμοῦν·
1130 1058 1209 1127 τῷ
1234 1056 1343 1128 γὰρ
1384 1055 1556 1119 οὓτως
1584 1058 1727 1109 εἰκο-

125 1154 433 1219 νογραφεῖν
464 1150 555 1203 διὰ
577 1149 686 1202 τῶν
708 1149 1004 1220 ἀλλοτρίων
1029 1151 1365 1212 παντάπασι,
1390 1148 1482 1201 δύο
1512 1143 1724 1201 ποιὸύσι

122 1241 201 1295 τὰ
238 1242 514 1313 χείριστα,
562 1244 624 1296 τό
666 1260 724 1295 τε
762 1244 841 1305 εἰς
873 1241 943 1294 τά
991 1241 1110 1294 θεῖα
1136 1241 1460 1313 ἐξυϐρίζειν,
1502 1242 1597 1293 καὶ
1626 1240 1724 1312 τὴν

120 1333 414 1405 ἡμετέραν
453 1332 770 1404 ἀποπλανᾷν
804 1332 1042 1386 διάνοιαν
1076 1334 1155 1395 εἰς
1185 1332 1284 1395 τάς
1310 1332 1555 1403 ἀνιέρους
1586 1348 1725 1401 συμ-

122 1423 365 1487 πλάσεις
386 1425 845 1495 ἐναπομένουσαν.
864 1426 974 1479 Καὶ
998 1425 1138 1494 τάχα
1161 1426 1253 1477 καί
1276 1442 1360 1488 τις
1386 1423 1724 1496 ὑπολήψαιτο

120 1516 357 1569 τοιαῦτα
378 1517 448 1569 τὰ
469 1518 860 1589 ὑπερουράνια,
885 1516 1026 1570 ῶστε
1050 1519 1144 1570 καὶ
1166 1517 1385 1580 λέοντας
1406 1518 1500 1571 καὶ
1522 1518 1723 1579 ἵππους

120 1605 295 1674 εἶναι,
325 1611 421 1663 καὶ
446 1612 591 1663 κατά
619 1610 747 1673 τοὺς
778 1610 907 1679 βόας
937 1609 1214 1679 μυκᾶσθαι
1244 1610 1344 1681 τὴν
1374 1608 1718 1679 ὑμνολογίαν,

1834 502 1997 557 rebus
2025 517 2145 571 qua:
2177 504 2320 571 apud
2354 519 2453 557 nos
2484 505 2905 572 pretiosissima;
2932 515 3086 569 sunt,
3118 505 3410 578 minusque

1828 594 2169 661 materiales,
2198 595 2347 650 verbi
2380 596 2573 665 gratia,
2608 599 2863 653 humanis
2891 607 2946 652 et
2973 615 3080 653 non
3118 600 3413 673 irrationa-

1832 684 1961 739 lium
2014 696 2181 755 atque
2234 686 2668 741 inanimatarnm
2719 704 2899 744 rerum
2955 689 3192 759 liguris:
3234 706 3412 761 neque

1831 778 2143 833 materiales
2187 778 2653 834 multiformitates
2681 782 2952 850 supremis
2994 781 3101 837 illis
3142 784 3411 837 maxime-

1829 886 1937 939 que
1967 870 2308 941 simplicibus
2339 872 2504 927 rebus
2538 872 2898 942 aﬂingendas.
2934 874 3045 929 lloc
3078 876 3225 931 enim
3260 876 3303 929 si
3334 876 3412 929 fe-

1828 962 2062 1026 cissent,
2097 964 2205 1018 duo
2230 965 2370 1019 bona
2406 966 2831 1033 pmstitisscut;
2875 982 3000 1021 cum
3029 984 3129 1021 nos
3168 968 3237 1021 ad
3264 983 3409 1039 pra:-

1828 1056 2150 1109 stautiorem
2174 1057 2660 1128 sublimioremque
2678 1060 3061 1129 cOgitationem
3080 1061 3406 1125 erexissent,

1831 1154 1940 1199 tum
1977 1148 2076 1201 ista
2105 1148 2570 1216 supermundialia
2624 1165 2728 1201 non
2771 1150 2844 1203 ita
2891 1150 3217 1216 dejeeissent
3244 1161 3300 1205 et
3326 1153 3412 1205 iu-

1828 1238 2213 1294 honorassent.
2230 1238 2349 1293 Jam
2378 1255 2507 1295 vero
2531 1240 2622 1294 illa
2650 1241 2731 1295 sic
2755 1242 2951 1296 alienis
2975 1244 3198 1297 omnino
3222 1242 3408 1314 ﬁguris

1826 1328 2211 1392 dcscribeudo,
2244 1330 2381 1385 duas
2416 1346 2510 1385 res
2556 1333 2826 1399 pessimus
2867 1334 3258 1400 committunt;
3294 1346 3405 1388 tum

1825 1423 1968 1490 quod
2002 1437 2087 1476 res
2118 1423 2335 1477 divinas
2376 1425 2778 1477 contumeliose
2813 1435 3086 1491 tractent;
3121 1439 3229 1480 tum
3263 1428 3406 1495 quod

1827 1514 2162 1568 intellectum
2211 1525 2457 1569 nostrum
2488 1517 2540 1570 in
2568 1532 2813 1571 errorem
2864 1517 3149 1584 lnducant,
3180 1519 3403 1573 sacrile-

1816 1621 2013 1677 gisque
2042 1608 2540 1675 compositionibus
2564 1618 2761 1677 cogant
2790 1610 3079 1663 inhazrere.
3112 1610 3178 1663 Et
3204 1612 3405 1664 tortas-

121 1703 222 1754 καὶ
256 1702 360 1765 τὰς
388 1705 567 1756 ἐκεῖσε
600 1704 1034 1774 ταγματαρχίας,
1068 1701 1340 1773 ὀρνιθείας
1393 1701 1601 1771 ἀγελαρζ

1933 1696 2098 1749 etiam
2130 1697 2333 1767 aliquis
2364 1700 2758 1768 suspicabitur,
2795 1717 2881 1753 res
2906 1700 3161 1756 cmicstes
3192 1702 3402 1771 ejusce—

118 1788 291 1853 εἶναι,
340 1794 435 1847 καὶ
465 1792 581 1857 ζῶα
612 1794 799 1864 ἐτερα,
848 1795 942 1848 καὶ
973 1793 1105 1857 ὔλας
1149 1794 1314 1858 ἄλλας
1361 1793 1598 1864 ἀτιμοτέι

1925 1789 1965 1842 Ji
1998 1790 2283 1857 exsistere,
2322 1801 2380 1844 ut
2426 1802 2480 1846 et
2514 1792 2699 1848 leones
2737 1795 2847 1847 sint
2880 1804 2935 1847 et
2960 1794 3104 1863 equi,
3134 1798 3405 1864 boumque

119 1887 222 1939 καὶ
246 1888 348 1939 ὅσα
382 1886 537 1952 ἄλλα,
569 1888 705 1959 πρὸς
730 1886 792 1940 τὸ
816 1886 1015 1940 ἄτοπον
1044 1890 1139 1941 καὶ
1172 1887 1320 1955 ξένον
1350 1888 1443 1941 καὶ
1473 1885 1717 1958 ἐμπαθὲς

118 1978 523 2043 ἀποπεσοῦσαι,
568 1980 625 2033 αἰ
671 1978 920 2033 τοιαῦται
958 1980 1201 2051 ἀνόμοιοι
1235 1982 1549 2052 ὁμοιότητες
1623 1982 1716 2034 καὶ

119 2067 275 2130 ξέναι
323 2070 532 2134 εἰκόνες
581 2069 796 2124 ποιοῦσι
860 2070 1244 2139 φαντάζεσθαι.
1305 2074 1368 2125 Εἰ
1413 2072 1584 2127 ταῦτά
1632 2089 1719 2136 τις

116 2158 273 2229 λέγει
320 2163 416 2214 καὶ
429 2162 841 2234 διισχυρίζεται,
870 2164 983 2219 ἀλλ’
1008 2166 1041 2234 ἡ
1061 2165 1159 2235 τῆς
1180 2164 1436 2235 ἀληθείας
1463 2166 1711 2238 ζήτησις,

116 2254 280 2323 καὶή
330 2254 577 2324 ἡμετέρα
622 2255 890 2325 ἑρμηνεία
938 2273 997 2308 τε
1046 2257 1143 2309 καὶ
1184 2256 1445 2328 ἐξήγησις
1493 2260 1550 2311 ἐν
1592 2262 1716 2323 ταῖς

114 2345 401 2407 τοιαύταις
446 2345 760 2417 μορφώσεσι
806 2348 906 2419 τὴν
944 2348 1137 2417 σοφίαν
1192 2351 1438 2421 εὑρίσκει
1482 2370 1715 2427 προνοη-

116 2457 185 2492 σα
194 2439 368 2509 μένην
394 2442 486 2493 καὶ
507 2439 615 2492 τῶν
648 2441 742 2495 δύο
767 2442 969 2514 μερῶν,
991 2442 1149 2513 ἡμῶν
1167 2461 1227 2497 τε
1249 2444 1357 2498 τῶν
1385 2448 1711 2516 ἀκουόντων,

112 2533 392 2586 κάκείνων
424 2536 554 2605 περί⁵
584 2529 657 2586 ὧν
689 2536 817 2598 τοὺς
858 2534 1050 2603 λόγους
1092 2536 1405 2591 ποιοῦνται·
1452 2540 1527 2603 ὡς
1574 2544 1712 2613 μήτε

112 2622 767 2697 ἐκείναςένυϐρίζεσθαι,
803 2628 941 2698 μήτε
980 2627 1086 2697 μὴν
1127 2630 1276 2699 ἡμᾶς
1310 2633 1576 2702 ἐμπαθῶς
1628 2636 1714 2687 ἐν-

110 2718 415 2787 απομένειν
452 2721 572 2781 ταῖς
600 2719 877 2782 τοιαύταις
917 2721 1288 2792 ταπεινότησι.
1322 2722 1385 2776 Τί
1414 2724 1472 2776 δέ
1501 2727 1647 2779 ἐστιν
1676 2729 1709 2799 ὴ

110 2810 416 2881 ἀτιμοτέρα
440 2809 561 2881 ὕλη,
594 2812 687 2863 καὶ
717 2810 766 2863 τί
791 2811 851 2864 τὸ
873 2811 1073 2865 ἄτοπον
1100 2813 1195 2865 καί
1227 2812 1376 2880 ξένον
1405 2817 1498 2869 καὶ
1531 2817 1712 2887 ἐμπα-

109 2901 223 2963 θὲς,
256 2903 424 2972 φησὶν
452 2905 481 2956 ό
536 2900 819 2974 Ἰεζεκιὴλ,
855 2905 932 2968 ὼς
960 2909 1213 2979 ὁμοίωμα
1244 2908 1547 2978 ἑωρακέναι
1577 2908 1705 2979 θρό-

108 3007 226 3053 νου,
266 2993 361 3044 καὶ
401 2994 478 3055 ὡς
522 2994 774 3063 ὁμοίωμα
810 2995 1043 3061 λέοντος.
1098 3000 1153 3052 '0
1190 2999 1378 3071 θρόνος
1410 3000 1707 3071 ἀτιμοτέρα

110 3081 213 3152 ὕλη
254 3082 352 3135 τοῦ
386 3083 619 3149 λέοντος,
658 3087 739 3139 ὃτι
788 3088 953 3151 αὐτὸς
985 3090 1084 3159 μὲν
1134 3090 1360 3161 ἄψυχος,
1407 3093 1436 3144 ό
1479 3093 1536 3147 δὲ
1568 3092 1706 3147 λέων
1733 3112 1775 3170 c

108 3171 358 3241 ἔμψυχος
378 3192 390 3203 ο
422 3174 572 3240 ξένον
600 3176 655 3229 δὲ
685 3179 780 3231 καὶ
807 3179 1009 3232 ἄτοπον
1034 3181 1129 3234 καὶ
1158 3183 1400 3252 ἐμπαθές
1427 3186 1593 3249 ἐστιν,
1623 3186 1706 3239 ὅτι

103 3265 166 3315 τὸ
187 3264 609 3339 λεοντόμορφον,
635 3269 865 3340 θυμικόν
886 3289 940 3325 τι
971 3272 1245 3342 σημαίνει·
1265 3275 1435 3328 καὶτὸ
1457 3277 1707 3346 μόσχειον

104 3352 270 3418 εἶδος,
305 3357 741 3429 ἐπιθυμητικόν·
785 3363 943 3416 ἅτινα
976 3364 1123 3435 πάθη
1155 3367 1249 3419 καὶ
1289 3368 1497 3436 μεγάλα
1530 3370 1707 3442 ὑπάρ-

102 3466 317 3517 χουσιν.
354 3452 430 3503 Οὐ
457 3452 538 3505 δεῖ
556 3454 686 3521 γοῦν
713 3456 979 3525 ἐμπαθῶς
998 3458 1173 3513 ταῦτα
1202 3464 1363 3513 νοεῖν.
1410 3462 1520 3515 Καὶ
1547 3462 1702 3534 πρῶ-

100 3558 195 3593 τον
222 3543 326 3612 μὲν
352 3544 711 3613 δεικνύουσιν,
734 3549 817 3602 ὅτι
846 3552 942 3603 καὶ
970 3551 1298 3622 ἀμφοτέρων
1328 3555 1705 3627 προύνοήσατο

100 3640 135 3707 ή
168 3639 340 3707 σοφία
368 3639 464 3693 τοῦ
495 3640 631 3694 Θεοῦ
665 3642 808 3696 οὓτω
833 3647 1129 3717 ποιήσασα,
1161 3649 1255 3701 καὶ
1285 3650 1441 3719 ήμῶν
1472 3652 1565 3703 καὶ
1593 3651 1702 3705 τῶν

98 3733 376 3804 οὐρανίων
404 3734 632 3788 ἐκείνων
651 3753 665 3765 ·
694 3736 854 3807 ήμῶν
881 3740 1000 3807 μὲν,
1033 3740 1115 3792 ὅτι
1153 3741 1328 3806 ἄλλως
1363 3742 1463 3796 οὐκ
1492 3738 1563 3814 ἦν
1594 3762 1700 3815 μα-

100 3824 219 3877 θεῖν
243 3826 316 3878 τὰ
346 3825 572 3879 τοιαῦτα
593 3844 607 3859 ο
643 3830 869 3882 ἐκείνων
896 3832 974 3895 δὲ,
1006 3834 1109 3898 ὃτι,
1135 3835 1213 3898 ὡς
1245 3836 1502 3906 μυστικὰ,
1527 3836 1701 3901 οὕτως

97 3917 439 3987 ἀποῤῥήτως
482 3918 577 3971 καὶ
608 3920 709 3972 ούκ
742 3921 918 3986 ἄλλως
967 3923 1073 3977 ἔδει
1118 3926 1490 3995 ἐκφαίνεσθαι.
1544 3926 1699 3980 Μετά

96 4009 277 4061 ταῦτα
321 4009 377 4061 δὲ
412 4008 598 4075 δείξει,
643 4009 764 4074 πῶς
799 4012 861 4064 ού
908 4012 1227 4084 λυμαίνεται
1258 4019 1371 4079 τοῖς
1408 4018 1699 4089 πράγμασι

97 4098 161 4150 τὸ
189 4100 545 4168 ἀπεμφαῖνον
588 4099 684 4153 καὶ
734 4092 988 4173 ἀνόμοιον
1018 4105 1130 4157 τῶν
1169 4105 1540 4177 εἰκασμάτων.
1588 4108 1699 4161 Καὶ

97 4188 163 4258 δή
200 4206 391 4260 φησιν,
422 4190 504 4243 ὅτι
534 4190 761 4255 εἰκότως
789 4194 1136 4263 προτίθενται
1164 4198 1213 4248 οἰ
1241 4197 1400 4250 τύποι
1435 4196 1545 4253 τῶν
1571 4200 1699 4253 ἀτυ-

100 4274 326 4341 πὼτων,
360 4280 455 4330 καὶ
477 4278 585 4331 τῶν
610 4280 750 4351 ἀσχη
761 4282 1033 4351 ματίστων
1054 4284 1121 4338 τὰ
1152 4288 1427 4358 σχήματα’
1448 4290 1509 4342 ού
1538 4291 1697 4360 μόνον

99 4368 186 4420 διὰ
200 4370 263 4421 τὸ
280 4372 553 4444 ἡμέτερον
583 4372 826 4439 ἀσθενὲς,
850 4376 924 4449 μὴ
952 4378 1078 4431 οἵων
1106 4396 1163 4432 τε
1184 4380 1350 4434 ὄντων
1367 4382 1589 4453 ἀμέσως
1603 4385 1697 4437 καὶ

1822 1896 1972 1934 more
2001 1881 2190 1938 laudes
2220 1886 2486 1953 mugiant,
2515 1897 2679 1953 atque
2706 1887 2906 1941 ibidem
2933 1897 3235 1942 turmarum
3262 1904 3403 1957 pra!-

1820 1970 2137 2037 fecturm,el
2162 1974 2469 2029 aviculares
2502 1976 2844 2045 principatus
2874 1980 3167 2041 exsistant.
3188 1980 3404 2048 aliaque

1819 2065 2101 2130 animalia,
2149 2066 2463 2121 materiaave
2510 2067 2634 2121 alia:
2669 2068 2913 2131 viliores,
2963 2079 3018 2123 et
3062 2084 3404 2140 quaecunque

1817 2155 1945 2217 alia,
1974 2155 2038 2209 ad
2072 2155 2331 2220 absurda,
2377 2159 2696 2226 peregrina.
2726 2160 3125 2230 passionesque
3163 2174 3401 2230 vergen-

1819 2250 1913 2313 tia,
1941 2247 2234 2302 dissimiles
2261 2250 2528 2315 ejusmodi
2567 2264 2632 2303 ac
2679 2254 2979 2320 peregrina:
3005 2251 3269 2323 imagines
3304 2270 3399 2308 co-

1817 2342 2177 2411 gitationibus
2226 2343 2516 2411 objiciunt.
2567 2344 2622 2399 Si
2670 2346 2793 2416 quis
2850 2349 2964 2400 haec
3014 2345 3301 2413 objecerit,
3346 2354 3400 2399 et

1804 2433 2163 2504 indignetur;
2216 2436 2469 2490 veritatis
2515 2446 2697 2491 tantum
2748 2437 3049 2507 indagatio,
3104 2447 3399 2506 nostraque

1813 2527 2203 2597 interpretatio
2228 2540 2391 2598 atque
2422 2528 2721 2598 explicatio
2752 2530 2803 2584 in
2831 2531 3108 2585 similibus
3140 2531 3399 2585 ell'orma-

1816 2620 2056 2674 tionibus
2102 2622 2329 2690 reperit,
2377 2622 2597 2690 utrique
2650 2623 2793 2690 parti
2836 2624 3165 2690 sapientiam
3221 2622 3400 2693 provi-

1814 2711 1979 2774 disse,
2024 2720 2133 2766 tam
2180 2712 2359 2779 nobis,
2403 2714 2649 2782 inquam,
2682 2714 3049 2778 auditoribus,
3083 2730 3248 2783 quam
3280 2714 3394 2768 illis

1812 2800 1881 2853 de
1910 2802 2108 2869 quibus
2131 2818 2315 2856 sermo
2346 2803 2697 2857 instituitur:
2732 2815 2791 2857 ut
2822 2818 3003 2873 neque
3039 2805 3171 2873 ipsis
3196 2804 3395 2869 injuria

1814 2890 1930 2955 ﬁat,
1963 2908 2143 2961 neque
2175 2907 2275 2946 nos
2299 2891 2636 2960 ejuscemodi
2666 2893 2865 2948 formis
2888 2895 3117 2961 abjectis
3146 2897 3395 2951 tenacius

1812 2982 2216 3039 adhaereamus.
2261 2984 2522 3050 Quaenam
2552 2996 2737 3039 autem
2781 2987 2941 3041 vilior
2990 2988 3080 3042 illa
3112 2988 3186 3042 sit
3222 2999 3397 3043 mate-

1812 3074 1915 3135 ria,
1941 3074 2144 3143 quidve
2180 3075 2307 3128 illud
2348 3076 2646 3129 absurdum
2685 3092 2749 3129 ac
2774 3079 3145 3146 peregrinum,
3186 3088 3243 3134 et
3271 3096 3395 3148 pas-

1810 3165 2054 3219 sionibus
2080 3166 2403 3236 implexum,
2428 3169 2507 3221 ait
2534 3168 2807 3235 Ezechiel,
2829 3186 2857 3223 a
2885 3188 2943 3224 se
2972 3171 3141 3225 visam
3164 3187 3395 3227 narrans

1812 3259 1989 3313 throni
2022 3260 2463 3325 similitudinem,
2494 3272 2551 3316 et
2572 3263 2729 3332 quasi
2757 3263 3172 3319 similitudinem
3197 3265 3389 3323 leonis.

1808 3352 2063 3406 Thronus
2107 3354 2293 3421 utique
2323 3353 2479 3406 vilior
2511 3356 2736 3408 materia
2782 3353 2962 3421 leone,
3015 3357 3270 3425 quoniam
3303 3358 3395 3411 ille

1807 3445 1987 3497 anima
2039 3454 2214 3509 caret,
2264 3446 2350 3500 leo
2399 3461 2532 3501 vero
2576 3447 2763 3500 vivit:
2808 3449 3162 3518 peregrinum
3205 3460 3390 3503 autem

1805 3535 1934 3589 illud
1978 3544 2034 3589 et
2074 3537 2374 3590 absurdum
2428 3538 2892 3609 passionibusque
2938 3541 3237 3610 implexum
3280 3551 3390 3608 est,

1804 3630 2063 3698 quoniam
2096 3628 2271 3683 leonis
2300 3628 2476 3684 forma
2502 3630 2609 3684 vim
2639 3631 2912 3686 irascendi
2942 3632 3051 3701 22
3088 3632 3387 3700 signiﬁcat,

1803 3720 2069 3791 vitulique
2094 3723 2329 3793 species,
2359 3723 2470 3777 vim
2500 3723 2927 3791 concupiscendi
2953 3739 2969 3788 ;
3019 3739 3142 3793 qua:
3175 3724 3387 3793 passio-

1803 3828 1902 3867 nes
1926 3820 1981 3866 et
2008 3814 2226 3883 quidem
2258 3815 2610 3870 vehementes
2635 3827 2784 3870 sunt.
2813 3815 2929 3870 Non
2956 3826 3175 3885 oportet
3204 3818 3388 3886 itaque

1802 3903 1892 3958 illa
1939 3905 2151 3973 patibili
2201 3907 2362 3961 modo
2410 3909 2686 3978 accipere.
2744 3911 2824 3962 Ac
2872 3908 3110 3979 primum
3164 3910 3385 3978 quidem

1802 3998 2117 4063 ostendunt,
2146 3997 2237 4051 Dei
2265 3998 2598 4067 sapientiam
2632 4001 2903 4069 utrisque,
2940 4010 3050 4055 tam
3083 4002 3240 4056 nobis
3270 4003 3384 4057 sci-

1802 4087 1929 4143 licet
1954 4103 2117 4157 quam
2152 4089 2445 4143 virtutibus
2480 4089 2822 4154 cmlestibns,
2856 4092 2959 4145 hac
3007 4094 3224 4150 ratione
3253 4110 3385 4150 con-

1799 4180 2068 4236 suluisse:
2096 4181 2276 4244 nobis,
2294 4182 2540 4250 inquam,
2564 4184 2831 4252 quoniam
2858 4184 3016 4238 aliter
3043 4185 3146 4239 ista
3173 4186 3386 4241 discere

1800 4286 1906 4324 non
1936 4281 2290 4340 poteramus;
2320 4271 2426 4327 illis
2454 4287 2611 4340 vero,
2647 4274 2850 4344 quippe
2879 4276 3150 4347 mysticis,
3179 4293 3386 4333 conve-

1801 4366 1983 4420 niebat
2026 4366 2107 4421 sic
2143 4365 2362 4421 occulte
2397 4375 2453 4420 et
2487 4382 2595 4421 non
2629 4367 2790 4422 aliter
2824 4370 3113 4438 explicari.
3147 4371 3231 4425 Ad
3267 4371 3405 4425 hac

99 4459 222 4528 δίχα
260 4461 453 4516 τύπων
499 4465 591 4518 ἐπὶ
640 4466 741 4528 τὰς
786 4468 984 4538 νοητάς
1029 4471 1261 4543 θεωρίας
1298 4473 1577 4528 ἀνατείνεσ

1905 4459 2017 4523 bat,
2057 4457 2331 4526 quomodo
2376 4456 2541 4512 rebus
2572 4458 2707 4527 ipsis
2749 4459 3144 4516 dissimilitudo
3188 4462 3280 4516 illa
3326 4472 3382 4518 et

102 4551 236 4605 ἀλλά
250 4553 342 4606 διὰ
360 4555 544 4625 μέσων
564 4558 899 4628 μορφώσεων
918 4564 1181 4632 συμφυῶν
1198 4566 1291 4617 καὶ
1307 4566 1439 4636 ήμῖν
1456 4566 1692 4634 οἰκείων,

101 4640 165 4703 ἃς
193 4643 256 4715 δὴ
288 4646 387 4697 καὶ
412 4647 764 4718 προτιθέασιν
793 4651 849 4701 αἱ
878 4651 1093 4722 Γραφαί
1123 4655 1347 4708 ἐκείνων
1373 4657 1485 4709 τῶν
1528 4660 1697 4729 ὑπερ-

104 4736 247 4801 φυῶν
276 4737 571 4807 θεαμάτων
593 4757 607 4771 ·
653 4740 769 4793 ἀλλ’
804 4743 884 4797 ὅτι
931 4747 1024 4799 καὶ
1051 4750 1211 4800 τοῦτο
1238 4753 1358 4813 ταῖς
1404 4754 1695 4819 μυστικαῖς

104 4826 347 4897 Γραφαῖς
366 4832 845 4899 πρεπωδέστατον,
884 4836 952 4889 δι’
982 4839 1311 4911 ἀπορρήτων
1352 4844 1693 4913 αἰνιγμάτων

100 4920 165 4971 τὰ
197 4923 443 4991 μυστικά
468 4923 939 4995 ἀποκρύπτεσθαι,
978 4932 1073 4983 καὶ
1116 4930 1317 4984 ἄϐατον
1340 4932 1549 4986 τιθέναι
1578 4938 1691 4998 τοῖς

102 5011 312 5074 πολλοῖς
350 5014 455 5084 τὴν
505 5014 743 5085 κρυφίαν
793 5017 1073 5089 ἀλήθειαν.
1126 5022 1283 5074 Ἐστι
1330 5022 1440 5095 γάρ
1474 5025 1536 5077 ού
1582 5026 1691 5088 πᾶς

104 5106 262 5176 ἱερὸς,
311 5106 439 5159 οὐδὲ
468 5109 686 5162 πάντων
713 5110 746 5180 ή
773 5111 995 5179 γνῶσις,
1034 5113 1215 5178 καθὼς
1243 5118 1271 5169 ὁ
1304 5116 1507 5187 Κύριός
1556 5134 1689 5187 φησι

103 5194 229 5263 πρὸς
255 5197 390 5259 τοὺς
470 5199 801 5267 ἀποστόλους
821 5218 834 5232 ·
888 5204 1058 5272 ’Υμῐν
1087 5205 1323 5259 δέδοται
1370 5207 1591 5276 γνῶναι
1619 5208 1692 5261 τὰ

98 5286 402 5355 μυστήρια
429 5288 542 5355 τῆς
567 5291 893 5359 βασιλείας
919 5294 1038 5347 τῶν
1066 5295 1356 5363 οὐρανῶν.

1802 4549 2149 4619 inaequalitas
2172 4547 2472 4617 cﬂigierum
2496 4550 2724 4604 minime
2759 4552 2981 4607 alliciat.
3008 4552 3183 4623 lnquit
3206 4554 3380 4616 etiitu,

1794 4650 1919 4719 jure
1967 4651 2165 4705 merito
2220 4653 2405 4720 ﬁgura:
2455 4650 2624 4705 rebus
2680 4646 3026 4717 iuiiguratis,
3081 4646 3381 4714 formaeque

1799 4742 1975 4795 forma
2019 4741 2340 4796 carentibus
2361 4738 2701 4807 atlingumur
2736 4754 2843 4792 nou
2883 4745 3103 4806 propter
3130 4749 3375 4790 nostram

1796 4836 2063 4890 duntaxat
2107 4832 2572 4896 imbecillitatem,
2623 4845 2731 4898 qua
2772 4844 2878 4883 non
2916 4828 3157 4882 valemus
3185 4828 3376 4882 imme-

1792 4928 1941 4981 diate
1979 4936 2033 4982 et
2064 4926 2182 4981 sine
2223 4924 2414 4993 {igtiris
2446 4924 2513 4977 ad
2564 4921 2844 4991 spiritales
2887 4934 3078 4975 earum
3125 4929 3378 4975 contem-

1792 5017 2059 5086 plationes
2103 5031 2415 5085 assurgere,
2450 5018 2698 5082 adeoque
2728 5029 2867 5083 opus
2911 5014 3177 5068 habemus
3205 5013 3369 5068 inter-

1791 5113 1986 5168 mediis
2053 5112 2122 5167 iis
2173 5110 2649 5166 eﬂ'ormationibus
2707 5110 2871 5165 nobis
2921 5108 3373 5164 connaturalibus

1778 5205 2155 5276 propriisque,
2200 5219 2336 5272 quas
2384 5202 2595 5257 idcirco
2624 5217 2798 5255 sacra:
2841 5200 3147 5269 Scriptura:
3176 5215 3371 5271 super-

1778 5298 2139 5354 .naturalibus
2169 5299 2290 5353 istis
2319 5299 2648 5368 spectaculis
2676 5299 3063 5369 praetendunt;
3104 5299 3199 5355 sed
3225 5314 3368 5368 quo-

106 5377 241 5431 niam
266 5380 436 5433 etiam
467 5381 517 5433 id
544 5383 792 5452 mysticis
816 5384 1119 5455 Scriptnris
1172 5390 1411 5445 maxime
1453 5390 1737 5454 convenit,
1770 5405 2099 5445 arcanorum
2146 5391 2437 5461 aenigmata
2485 5393 2772 5457 abscondi,
2813 5404 2869 5446 et
2906 5393 3174 5451 occultam
3218 5392 3363 5447 illam

104 5472 389 5535 Veritatem
424 5474 588 5542 vulgo
620 5490 742 5529 csse
797 5477 1161 5535 inaccessam.
1216 5480 1405 5551 Neque
1461 5483 1607 5537 enim
1662 5483 1842 5557 quivis
1872 5493 2098 5539 sanctus
2126 5494 2229 5547 est,
2258 5497 2437 5552 neque
2470 5483 2712 5536 omnium
2743 5492 2827 5539 est
2857 5485 3123 5555 cognitio,
3172 5500 3365 5557 quem-

108 5565 385 5624 afinodnm
425 5564 686 5621 Dominus
708 5568 786 5623 ait
814 5574 883 5623 ad
912 5574 1194 5642 apostolos
1232 5592 1248 5629 :
1290 5573 1449 5645 Vobis
1481 5556 1668 5630 datum.
1695 5586 1773 5632 est
1800 5592 1949 5633 nosse
1976 5577 2225 5647 mysteria
2264 5578 2410 5648 regni
2432 5575 2677 5632 calorum
2710 5578 2764 5634 δ.

183 5772 206 5805 ⁵
240 5767 432 5823 Μιιιίι.
463 5785 583 5834 xm,
616 5771 701 5830 Η.
