3708 6320
351 321 456 395 λιες

1521 341 1576 397 S.
1617 339 1912 397 DlONYSlI
1946 337 2413 395 AREOPAGITJE

3519 335 3612 392 156

433 459 462 532 θ
501 459 585 515 lll.
620 460 773 528 Quod
811 461 854 514 si
888 474 1020 512 vero
1045 457 1168 530 quis
1199 460 1484 515 admiserit
1509 440 1729 530 quidem
1763 458 1894 512 talct

2172 455 2256 510 Ill.
2283 457 2346 509 El
2386 454 2446 509 δέ
2474 471 2560 520 τις
2601 454 2807 524 δέχοιτο
2837 452 2936 525 μὲν
2965 452 3062 525 τὴν
3095 451 3354 523 τοιαύτην
3395 449 3490 504 διὰ
3514 451 3612 502 τῶν

354 565 452 620 per
487 566 574 605 res
611 551 842 606 seusiles
889 566 1069 604 rerum
1114 550 1442 620 spiritalium
1477 549 1933 619 comprehensio-

357 659 504 708 ncm,
553 644 647 698 sed
684 643 952 712 improbet
993 643 1260 697 duntaxat
1305 643 1577 696 absurdas
1617 641 1929 696 istiusmodi

356 735 652 791 formarum
701 736 971 800 ﬁctiones,
1021 735 1238 799 dicens,
1290 737 1603 804 pudendum
1650 751 1773 790 esse
1821 743 1926 790 tam

357 837 541 896 turpes
566 807 726 880 rebus
754 825 1114 880 deiformibus
1143 825 1349 894 ﬁguras
1377 827 1814 890 accommodari;
1851 826 1926 880 illi

354 917 557 972 dictmn
584 915 817 970 sufﬁciat
840 915 1106 986 duplicem
1131 930 1250 969 esse
1271 917 1652 971 manileszaudi
1680 919 1926 985 modum,

354 1009 585 1064 alterum
626 1009 842 1078 quidem
877 1024 942 1063 ex
976 1009 1266 1072 similibus,
1305 1009 1537 1062 alterum
1571 1024 1700 1064 vero
1726 1025 1796 1064 ex
1819 1011 1928 1065 dis-

349 1102 628 1156 similibus
681 1101 870 1156 formis
913 1100 1175 1156 eﬁictnm.
1237 1101 1336 1156 Ubi
1392 1103 1621 1156 observa
1667 1101 1925 1171 primum,

353 1195 484 1265 quid
544 1195 611 1248 de
666 1195 774 1248 Deo
837 1195 1079 1263 mystica-
1131 1194 1544 1262 Scriptnrarum
1603 1197 1926 1252 traditiones

353 1286 683 1339 enttntient:
745 1287 1068 1354 quandoque
1123 1286 1344 1355 quidem
1397 1303 1461 1341 ex
1515 1288 1818 1351 similibus,
1871 1297 1930 1342 ut

349 1377 576 1429 verbum
609 1391 673 1430 ac
702 1386 958 1434 mentem.
980 1375 1138 1445 juxta
1168 1377 1295 1430 illttd
1322 1395 1336 1429 :
1388 1377 1519 1443 Quis
1544 1379 1684 1431 novit
1716 1394 1926 1432 sensum

349 1467 467 1538 (seu
503 1468 756 1538 mentem)
783 1468 1078 1524 Dominic.’
1107 1479 1161 1524 et
1184 1473 1509 1538 essentiam,
1567 1471 1724 1540 juxta
1752 1473 1919 1528 illud:

350 1558 463 1630 Ego
511 1577 627 1614 sum
667 1560 757 1629 qui
793 1577 910 1614 sum
952 1560 1032 1616 ἀι
1082 1562 1252 1630 ipsam
1320 1564 1666 1634 sapientiam,
1717 1575 1773 1621 et
1821 1581 1926 1620 non

349 1653 677 1723 simpliciter
709 1655 1210 1720 ratiocinationem,
1239 1655 1334 1710 sed
1365 1657 1535 1726 ipsam
1554 1658 1930 1713 ratiocinatio-

348 1761 472 1800 nem
513 1748 831 1816 praedicant,
867 1763 998 1804 vere
1056 1752 1417 1805 exsistentem
1447 1752 1758 1816 essentiam,
1799 1767 1928 1806 can—

2033 545 2308 615 αίσθητῶν
2345 545 2576 632 εἰκόνων
2590 545 2699 598 τῶν
2719 544 2923 614 νοητῶν
2951 543 3281 616 κατάληψιν,
3311 541 3614 596 αἰτιάσαιτο

2031 638 2088 692 δὲ
2128 639 2287 709 μόνον
2325 637 2423 703 τὰς
2454 638 2696 701 ἀτόπους
2728 637 3170 707 είκονογραφίας,
3207 636 3386 705 λέγων
3429 635 3515 696 είς
3539 635 3614 687 al.

2033 731 2235 802 σχύνην
2258 727 2396 783 εἶναι
2419 730 2489 783 τά
2507 729 2678 793 οὕτως
2705 728 2907 800 αίσχρά
2927 729 3279 800 είκονίσματα
3304 730 3422 790 τοῖς
3450 726 3613 780 θεοει-

2029 825 2174 879 δὲσιν
2229 821 2572 877 ἀνατιθέναι·
2633 823 2796 894 ἀρκεῖ
2859 822 3034 874 είπεῐν
3092 819 3234 893 πρὸς
3293 819 3504 883 αὐτὸν,
3549 817 3617 884 ὡς

2027 918 2204 980 διττός
2246 917 2361 969 ἐστι
2385 915 2487 985 τῆς
2513 915 2879 987 ὲκφαντορίας
2906 916 2935 968 ό
2959 915 3197 988 τρόποςο
3231 914 3260 966 ὁ
3290 914 3390 984 μὲν
3421 913 3490 964 ὲκ
3516 911 3614 965 τῶν

2029 1009 2232 1080 ὁμοίων
2253 1047 2268 1074 ,
2294 1009 2323 1060 ὁ
2352 1009 2408 1061 δὲ
2427 1007 2517 1061 διὰ
2543 1006 2656 1061 τῶν
2685 1007 2954 1062 ἀνομοίων
2987 1006 3371 1079 μορφωμάτων
3394 1001 3621 1056 πλαττό-
3664 1005 3665 1010 “

2033 1118 2212 1173 μενος.
2263 1099 2374 1154 Καὶ
2423 1098 2502 1152 ῐδε
2550 1098 2765 1171 πρῶτον
2814 1099 2907 1151 ἐπὶ
2953 1096 3112 1163 Θεοῦ,
3163 1095 3218 1148 τί
3266 1094 3524 1163 λέγουσιν
3563 1098 3617 1147 αι

2033 1192 2294 1263 μυστικαὶ
2320 1191 2431 1244 τῶν
2458 1189 2692 1263 Γραφῶν
2726 1189 3057 1262 παραδόσεις
3080 1205 3094 1223 ·
3130 1188 3262 1241 ποτὲ
3293 1185 3395 1256 μὲν
3424 1185 3494 1237 ὲκ
3519 1183 3617 1236 τῶν

2029 1283 2253 1354 ὁμοίων,
2309 1281 2467 1357 λόγον
2515 1281 2610 1335 καὶ
2653 1280 2780 1336 νοῦν
2821 1279 2968 1334 κατά
3017 1280 3099 1343 τὸ,
3146 1278 3241 1343 Τίς
3271 1278 3429 1346 ἐγνω
3478 1275 3619 1328 γοῦν

2029 1376 2252 1443 Κυρίου
2269 1390 2289 1438 ;
2319 1375 2414 1429 καὶ
2445 1373 2656 1438 οὐσίαν,
2687 1372 2828 1426 κατά
2849 1373 2930 1436 τὸ,
2977 1369 3126 1440 Ἐγώ
3154 1372 3273 1438 ειμι
3307 1371 3340 1422 ὀ
3375 1365 3497 1420 ὤν’
3530 1365 3617 1436 τὴν

2030 1466 2380 1535 αὑτοσοφίαν,
2399 1466 2494 1518 καὶ
2516 1466 2614 1536 οὐχ
2649 1464 2834 1526 ἁπλῶς
2856 1463 3147 1532 λογιότητα
3169 1460 3285 1515 ἀλλ’
3319 1459 3620 1526 αὑτολογιό-

2029 1575 2167 1628 τητα
2183 1556 2470 1627 ὑμνοῦσαι,
2487 1557 2586 1626 τὴν
2603 1556 2772 1618 ὅντως
2793 1553 3025 1626 ὓπαρξιν
3042 1549 3208 1606 οὖσαν
3224 1552 3318 1604 καὶ
3334 1544 3518 1603 αἰτίαν
3530 1549 3620 1619 τῆς

2028 1647 2138 1700 τῶν
2163 1647 2337 1701 ἀλλων
2360 1646 2576 1700 πάντων
2603 1643 2918 1716 ὑπάρξεως,
2951 1643 3048 1698 καὶ
3077 1640 3192 1711 φῶς
3227 1638 3324 1692 καὶ
3349 1635 3517 1708 ζωὴν,
3554 1637 3622 1695 ὡς

2030 1747 2145 1807 τοῖς
2165 1744 2331 1814 ἱεροῖς
2347 1739 2701 1809 Εὐαγγελίοις
2719 1754 2732 1769 ·
2755 1737 2864 1790 τῶν
2879 1734 3136 1790 τοιούτων
3157 1733 3416 1788 ἁπάντων
3432 1730 3624 1800 ὀνομάε

349 1853 576 1907 samque
601 1841 937 1896 exsistentiae
971 1857 1154 1897 rerum
1187 1854 1537 1907 caaterarum,
1562 1854 1616 1898 et
1643 1843 1813 1898 lucem

2171 1843 2512 1914 σεμνοτέρων
2529 1841 2700 1893 ὅντων
2716 1839 2810 1891 καί
2837 1835 3249 1908 ὑπερκειμένων
3271 1831 3384 1885 τῶν
3407 1828 3623 1892 ὑλικῶν,

353 1931 548 1994 vitam,
572 1939 631 1984 ut
657 1931 709 1983 in
739 1933 912 1985 sacris
937 1933 1243 2003 Evangeliis
1272 1934 1532 2001 habetur;
1566 1950 1688 2004 quae
1712 1935 1932 1989 nomina

350 2021 533 2074 omnia
583 2035 709 2076 cum
783 2022 1096 2078 honestiora
1154 2027 1374 2094 quidem
1425 2026 1580 2093 sint,
1640 2039 1935 2093 rerumque

355 2113 764 2181 sublimiorum,
815 2117 897 2170 vel
946 2118 1024 2172 sic
1066 2127 1246 2172 tamen
1293 2120 1457 2174 etiam
1496 2135 1527 2173 a
1577 2135 1703 2174 vera
1743 2117 1936 2174 simili-

349 2204 542 2259 tudine
571 2206 758 2274 procul
798 2207 1032 2270 absunt;
1061 2210 1331 2278 siquidem
1359 2220 1447 2264 est
1487 2227 1654 2280 super
1682 2213 1796 2266 haec
1822 2227 1935 2266 om-

351 2295 465 2361 nia,
511 2313 634 2350 cum
675 2299 860 2367 utique
911 2299 1012 2352 ista
1047 2300 1166 2354 sine
1214 2303 1626 2372 comparatione
1666 2319 1694 2358 a
1735 2315 1933 2358 natura

350 2387 443 2443 illa
512 2390 669 2443 beata
732 2390 1010 2446 deﬁciant.
1060 2391 1398 2463 Quandoque
1458 2410 1592 2450 vero
1651 2395 1936 2450 dissimili-

352 2481 454 2535 bus
498 2481 960 2538 declarationibus
999 2484 1245 2538 divinum
1283 2485 1415 2540 illud
1462 2485 1669 2542 Numen
1703 2502 1801 2557 per
1841 2501 1937 2542 ne-

351 2573 622 2640 gationem
644 2572 749 2644 23
775 2574 1103 2642 celebratur,
1125 2592 1246 2630 cum
1276 2577 1663 2648 iuaspectabile
1687 2589 1932 2643 vocatur,

349 2667 404 2712 et
438 2659 726 2726 inﬁnitutn,
771 2664 1029 2734 quodque
1076 2669 1192 2736 capi
1235 2682 1340 2721 non
1392 2669 1597 2738 possit;
1653 2671 1796 2724 unde
1827 2685 1975 2725 non'

353 2755 483 2822 quid
517 2764 620 2819 est,
660 2756 756 2810 scd
790 2757 920 2826 quid
953 2774 1058 2812 non
1092 2769 1174 2814 est
1208 2760 1572 2829 signiﬁcatur.
1605 2762 1681 2816 Ex
1720 2763 1931 2819 duabus

354 2847 540 2915 itaque
591 2849 744 2903 hisce
784 2851 1279 2919 enuntiationibus,
1312 2854 1485 2923 magis
1517 2855 1794 2924 propriam
1842 2855 1936 2909 de-

351 2948 622 2992 monstrat
645 2955 764 2995 esse
792 2941 962 3007 illam,
993 2957 1113 3012 qua:
1143 2953 1227 2998 est
1257 2959 1322 2997 ex
1361 2946 1524 2999 rebus
1555 2946 1932 3002 dissimilibus.

349 3027 631 3098 Siquidem
677 3047 804 3087 vere
857 3034 1107 3091 novimus
1165 3036 1335 3090 Deum
1389 3053 1492 3092 non
1543 3053 1668 3093 esse
1724 3038 1936 3107 aliquid

2037 1938 2085 1990 εί
2108 1935 2204 1989 καὶ
2228 1934 2370 1988 οὕτω
2391 1933 2553 1987 πάλιν
2583 1931 2720 2002 πρὸς
2741 1929 2842 2000 τὴν
2872 1925 3132 1999 ἀληθινὴν
3166 1925 3470 1998 ἐμφέρειαν
3492 1924 3620 1976 ἁπο-

2035 2029 2246 2083 δέουσιν
2263 2045 2276 2058 ·
2303 2027 2547 2096 ἔστιγὰρ
2563 2024 2702 2095 ὑπὲρ
2725 2020 2898 2074 ταῦτα
2919 2021 3118 2083 πάντα,
3136 2017 3172 2072 ἀ
3194 2017 3257 2089 δὴ
3281 2015 3628 2084 ἁσυγκρίτως

2034 2121 2136 2192 τῆς
2170 2119 2448 2192 μακαρίας
2481 2115 2868 2170 ἀπολείπονται
2897 2113 3132 2184 φύσεως.
3165 2109 3302 2164 Ποτὲ
3336 2108 3397 2162 δὲ
3429 2109 3495 2160 ἐκ
3521 2107 3627 2160 τῶν

2035 2212 2306 2284 ἀνομοίων
2353 2210 2603 2279 ὑμνεῖται
2638 2207 2705 2260 τὸ
2737 2207 2892 2258 Θεῖον
2929 2202 3072 2256 κατά
3109 2202 3409 2270 ἀπόφασιν,
3461 2199 3619 2271 ἀόρα-

2035 2321 2128 2358 τον
2187 2302 2500 2374 λεγόμενον,
2569 2298 2665 2352 καὶ
2745 2296 2990 2367 ἄπειρον,
3065 2294 3161 2347 καὶ
3223 2291 3538 2364 ἀχὼρτητον·
3569 2290 3620 2355 ἐξ

2035 2391 2110 2452 ὧν
2150 2397 2212 2449 οὐ
2251 2395 2305 2448 τί
2351 2394 2516 2457 ἐστὶν,
2548 2389 2684 2446 ἀλλά
2713 2390 2766 2444 τί
2807 2388 2914 2444 06.x-
2944 2386 3058 2440 ἔστι
3102 2385 3454 2456 σημαίνεται.
3497 2381 3624 2434 Ἀπὸ

2035 2488 2167 2558 γοῦν
2194 2485 2398 2539 τούτων
2439 2484 2556 2537 τῶν
2575 2482 2669 2536 δύο
2708 2479 3039 2549 ὲκφάνσεων-
3060 2475 3410 2548 κυριωτέραν
3443 2473 3540 2544 τὴν
3567 2471 3631 2534 ἐξ,

2037 2579 2306 2652 ἀνομοίων
2339 2578 2597 2632 δείκνυσι.
2627 2573 2702 2627 Τὸ
2741 2573 2839 2644 μὲν
2879 2566 2972 2626 οὗν
3005 2571 3108 2623 οὐκ
3150 2564 3291 2622 εἶναι
3328 2565 3534 2636 ταύτην
3572 2579 3620 2614 τι

2035 2671 2142 2726 τῶν
2169 2670 2360 2734 ὅντων,
2384 2666 2746 2738 γινώσκομενσ
2773 2662 3071 2734 ἀγνοοῦμεν
3095 2661 3156 2716 δὲ.
3178 2661 3277 2730 τὴν
3305 2656 3627 2730 ὑπερούσιον.

2039 2762 2212 2834 αὐτῆς
2241 2761 2530 2833 ἀοριστίαν
2553 2759 2648 2813 καὶ
2695 2756 2949 2827 ἀνᾶητονο
3005 2753 3231 2823 ἀνόητον
3255 2750 3335 2814 δὲ,
3383 2750 3446 2803 οὐ
3490 2745 3621 2801 κατά

2040 2855 2300 2926 στέρησιν
2338 2853 2607 2923 νοήσεως,
2639 2849 2753 2906 ἀλλ’
2790 2851 2874 2904 ὅτι
2911 2849 3098 2918 νόησιν
3138 2846 3348 2916 ταύτης
3384 2844 3485 2896 οὐκ
3515 2841 3632 2895 ἔστι.

2036 2945 2254 3000 λαϐεῖν·
2293 2943 2484 3015 ὥσπερ
2511 2943 2609 2996 καὶ
2644 2942 2834 3004 τᾶλλα,
2869 2941 2932 2995 τὸ
2961 2941 3189 3012 ἀόρατον
3234 2938 3332 2991 καὶ
3378 2935 3617 3005 ἄπειρον,

2037 3035 2099 3089 οὒ
2134 3033 2278 3089 κατὰ
2305 3035 2582 3105 στέρησιν,
2607 3031 2744 3085 ἀλλά
2781 3030 2925 3085 κατὰ
2954 3029 3248 3098 ἀπόφασιν.
3279 3025 3472 3079 Τοίνυν
3507 3023 3620 3075 ἐπεὶ

353 3135 536 3173 rerum
558 3122 966 3185 exsisteutium.
1007 3123 1103 3178 sed
1140 3124 1456 3194 ignoramus
1488 3140 1816 3194 superessen

2155 3127 2242 3180 ιὲν
2271 3126 2577 3195 ἀποφάσεις
2606 3125 2698 3178 ἐπὶ
2729 3123 2837 3177 τῶν
2868 3120 3048 3186 θείων,
3085 3119 3327 3190 ἀληθεῖς,
3357 3117 3414 3170 αἱ
3444 3115 3501 3168 δὲ
3531 3131 3619 3168 κα-

353 3211 460 3264 lem
485 3211 606 3280 ejus
634 3212 851 3266 termini
879 3215 1177 3268 carentiam
1197 3254 1214 3279 ,
1258 3223 1311 3268 et
1342 3215 1930 3285 inintelligibilitatem,

355 3301 496 3365 sive,
527 3311 585 3354 ut
620 3301 693 3355 ita
726 3303 924 3366 dicam,
967 3305 1301 3369 amentiam;
1335 3308 1650 3373 amentiam,
1683 3307 1932 3379 inquam,

357 3409 463 3446 non
496 3395 798 3449 secundum
851 3397 1051 3451 mentis
1090 3397 1478 3474 privationem,
1518 3400 1613 3453 sed
1645 3402 1787 3470 quod
1815 3402 1935 3472 ejus

357 3485 720 3552 cognitionem
779 3501 932 3541 meus
991 3489 1134 3542 nulla
1188 3490 1368 3558 capiat
1416 3509 1431 3546 :
1477 3493 1933 3558 quemadmodum

354 3574 521 3627 etiam
565 3573 702 3638 alia,
747 3587 805 3630 ttt
845 3577 1194 3634 invisibilitas
1236 3589 1290 3634 et
1340 3581 1584 3636 inﬁnitas
1628 3582 1778 3650 ejus,
1827 3600 1932 3639 non

345 3666 652 3735 privativa,
685 3671 778 3722 sed
813 3670 1063 3738 negative
1097 3673 1452 3742 intelligenda
1494 3684 1638 3730 sunt.
1673 3675 1810 3730 Cum
1843 3677 1939 3731 ita-

359 3771 467 3826 que
512 3760 831 3828 negationes
865 3762 916 3815 in
951 3763 1155 3819 divinis
1196 3781 1336 3818 vera:
1378 3767 1509 3832 sint,
1543 3767 1938 3824 amrmationcs

361 3862 491 3902 vero
523 3849 762 3914 abso‘nae.
791 3853 963 3922 magis
997 3856 1214 3925 propria
1247 3867 1332 3912 est
1366 3859 1417 3911 in
1447 3859 1514 3912 iis
1542 3861 1848 3916 enuntiatio
1873 3877 1938 3917 ac
1975 3861 1981 3867 ’

360 3939 754 3996 demonstratio
786 3959 883 4013 per
912 3944 1218 4000 dissimilia.
1260 3947 1390 4013 Qua:
1423 3963 1546 4002 cum
1587 3950 1659 4003 ita
1688 3965 1808 4006 sese
1843 3953 1941 4006 ha-

363 4027 528 4083 beant
569 4033 621 4086 in
663 4034 803 4098 Deo,
854 4051 1196 4107 consequens
1242 4050 1328 4094 est
1381 4039 1698 4109 Scripturas
1749 4058 1940 4102 sacras

363 4120 636 4177 honorare
692 4127 900 4194 potius,
947 4137 1002 4182 et
1049 4146 1393 4202 nequaquam
1444 4132 1628 4203 aliquo
1675 4136 1940 4192 dedecore

364 4212 579 4268 allicere
627 4217 842 4273 divinas
891 4220 1014 4275 illas
1068 4222 1476 4292 dispositiones,
1513 4242 1610 4296 per
1663 4228 1938 4298 ejusmodi

361 4302 660 4358 formarum
693 4307 1036 4363 dissimilimn
1065 4309 1390 4379 edictiones,
1419 4327 1475 4368 ut
1508 4315 1682 4386 bovis,
1717 4319 1938 4389 aquilae,

363 4405 693 4464 caeterasque
721 4399 919 4467 quibus
948 4404 1040 4456 ea‘s
1068 4403 1244 4458 innuit
1273 4410 1796 4475 supermnndialiter
1823 4429 1941 4466 ma-

2035 3221 2320 3290 ταφάσεις,
2360 3218 2724 3289 ἀνάρμοστον
2775 3214 3080 3286 οἰκειοτέρα
3130 3211 3329 3284 μᾶλλόν
3359 3212 3506 3262 ἐστιν
3536 3208 3629 3260 ἐπὶ

2035 3312 2242 3367 τούτων
2266 3313 2299 3382 ἡ
2323 3310 2413 3365 διὰ
2437 3311 2548 3363 τῶν
2578 3308 2851 3380 ἀνομοίων
2873 3304 3207 3376 ὲκφαντορία
3235 3303 3330 3355 καὶ
3371 3300 3615 3370 δήλωσις.

2037 3404 2145 3458 Καὶ
2170 3404 2218 3455 εί
2252 3401 2428 3455 ταῦτα
2463 3399 2639 3462 οὕτως
2669 3398 2761 3451 ἐπὶ
2788 3396 2948 3461 Θεοῦ,
2983 3393 3357 3464 συναγόμενον
3387 3393 3506 3444 ἐστι
3533 3390 3620 3442 καὶ

2037 3497 2130 3551 ἐπὶ
2157 3495 2389 3558 τούτοις,
2419 3495 2500 3547 ὅτι
2529 3491 2768 3563 τιμῶσιν
2805 3491 2934 3562 ἄρα,
2965 3488 3065 3542 οὐκ
3103 3487 3331 3558 αἴσχους
3359 3482 3620 3554 πληροῦσι

2037 3587 2138 3651 τάς
2165 3587 2317 3650 θείας
2342 3586 2730 3656 διακοσμήσεις
2763 3584 2819 3635 αί
2853 3581 2995 3652 ἱεραὶ
3030 3580 3266 3651 Γραφαὶ,
3297 3579 3354 3631 αἱ
3396 3576 3487 3630 διὰ
3519 3573 3620 3626 τῶν

2037 3678 2310 3750 ἀνομοίων
2341 3677 2711 3749 μορφοποιίαι,
2739 3673 2834 3726 τοῦ
2877 3672 3018 3743 βοὸς,
3051 3670 3147 3724 τοῦ
3177 3668 3360 3734 ἀετοῦ,
3401 3668 3494 3721 καί
3517 3665 3618 3718 τῶν

2037 3771 2239 3825 λοιπῶν
2284 3769 2456 3832 αὐτὰς
2499 3765 2907 3826 ὑποδεικνῦσαι,
2946 3763 3022 3826 ὡς
3080 3761 3340 3833 ὑπεράνω
3385 3757 3619 3828 δηλονότι

2037 3863 2204 3925 οὔσας
2239 3861 2350 3914 τῶν
2395 3859 2594 3912 ὑλικῶν
2622 3857 2876 3910 ἁπάντων
2917 3851 3320 3924 ὐπερκοσμίως.
3353 3853 3418 3905 Εἰ
3461 3850 3560 3919 γὰρ
3591 3849 3618 3900 ὁ

2033 3953 2434 4024 λεοντόμορφος
2491 3949 2817 4018 λεγόμενος,
2865 3945 2963 3999 καὶ
3007 3943 3320 4006 πολύπους,
3379 3942 3472 3996 καὶ
3518 3956 3615 3992 πο-

2037 4043 2325 4114 λύπτερος,
2351 4041 2446 4093 καὶ
2487 4036 2705 4106 λογικός
2748 4037 2887 4097 ἐστι,
2926 4032 3022 4086 καὶ⁹
3049 4029 3242 4093 ἄῦλος,
3277 4027 3396 4092 πῶς
3438 4027 3496 4082 οὐ
3530 4025 3620 4094 δη·

2039 4134 2212 4188 λονότι
2241 4129 2625 4203 ὑπερκοσμίως
2647 4125 2915 4197 ἐκϐέϐηκε
2945 4122 3015 4178 τὰ
3042 4121 3203 4178 ὑλικά
3226 4120 3322 4174 καὶ
3343 4118 3470 4190 παρ’
3491 4119 3618 4188 ἡμῖν

2039 4226 2336 4296 νοούμενα;
2384 4224 2524 4293 Ὅρα
2561 4220 2618 4273 δὲ
2649 4218 2767 4281 πῶς
2794 4215 2975 4279 καλῶς
3016 4213 3421 4284 ἀπελογήσατο,
3458 4209 3542 4262 διά
3566 4206 3618 4259 τί

2040 4316 2195 4384 ζώων
2253 4315 2470 4386 μνήμην
2506 4312 2620 4383 ἔχει
2655 4309 2726 4363 τά
2758 4309 3021 4380 οὐράνια,
3067 4307 3188 4376 ἤτοι
3228 4303 3460 4366 εἰκόνας.
3495 4301 3616 4352 ’Ὡσ-

2041 4426 2146 4480 περ
2188 4406 2296 4477 γὰρ
2329 4408 2356 4459 ὁ
2405 4404 2500 4458 ἐπὶ
2552 4403 2770 4456 πάντων
2811 4398 2944 4461 Θεὸς
3025 4395 3180 4451 οὐδὲν
3218 4395 3278 4448 ὲν
3319 4395 3433 4455 τοῖς
3466 4391 3618 4443 πᾶσιν

364 4488 576 4542 tcriatis
628 4491 885 4546 omnibus
938 4494 1090 4548 hisce
1146 4498 1309 4551 rebus
1360 4499 1713 4557 inferioribus
1763 4521 1825 4558 su

2152 4539 2158 4552 .
2204 4497 2491 4569 ὁμογενὲς,
2535 4494 2630 4548 καὶ
2675 4491 2765 4545 διά
2821 4490 2982 4543 τοῦτο
3030 4487 3256 4550 εἰκότως
3311 4485 3466 4538 οὐδὲν
3517 4480 3616 4534 τῶν

366 4581 571 4635 miores
613 4583 902 4638 exsistere.
935 4585 990 4641 Si
1027 4588 1171 4641 enim
1225 4590 1271 4644 is
1312 4591 1403 4660 qui
1451 4591 1622 4648 leonis
1668 4597 1900 4650 formam
1925 4637 1941 4661 ,

369 4670 677 4741 multosque
713 4675 879 4741 pedes
910 4686 1074 4745 atque
1109 4677 1225 4734 alas
1265 4681 1472 4736 habere
1504 4682 1725 4749 dicitur,
1775 4688 1941 4742 etiam

365 4765 579 4819 ratione
621 4769 884 4836 praeditus
921 4780 1029 4836 est,
1061 4780 1117 4826 et
1144 4786 1345 4844 expers
1372 4777 1638 4842 materiae,
1668 4781 1942 4845 quomodo

365 4873 472 4912 non
506 4859 668 4914 etiam
708 4865 1239 4930 supermundialiter
1269 4882 1355 4921 res
1391 4867 1556 4922 hasce
1601 4873 1940 4937 materiatas,

365 4963 486 5017 quae
517 4965 546 5002 a
577 4952 736 5006 nobis
768 4953 1174 5022 intelliguntur,
1203 4957 1472 5012 excedat?
1499 4958 1745 5014 Observa
1778 4976 1940 5028 quam

363 5039 586 5105 pulchre
625 5043 891 5098 rationem
945 5046 1194 5112 dederit,
1241 5063 1341 5102 cur
1387 5049 1702 5104 animalium
1737 5053 1944 5107 mentio

367 5131 465 5185 ﬁat
493 5133 547 5186 in
579 5135 917 5200 caelestibus,
946 5139 1060 5194 sive
1091 5140 1393 5208 imaginum
1427 5157 1642 5195 eorum.
1673 5141 1941 5207 Quemad-

366 5225 586 5278 modum
614 5229 756 5282 enim
785 5229 922 5282 Dens
945 5229 1216 5284 exsistens
1238 5233 1289 5284 in
1312 5231 1584 5293 omnibus,
1605 5231 1736 5285 nihil
1760 5233 1810 5285 in
1835 5247 1948 5286 ont-

369 5317 532 5372 nibus
569 5319 732 5373 habet
763 5319 1008 5388 ejusdem
1041 5337 1227 5376 secum
1265 5324 1505 5392 generis,
1543 5323 1777 5390 ideoque
1809 5323 1940 5376 nihil

368 5420 553 5459 rerum
590 5410 872 5476 omnium,
921 5419 1008 5464 est
1043 5411 1214 5479 ipsius
1264 5412 1687 5478 declarativum;
1738 5412 1946 5466 idcirco

365 5499 530 5552 etiam
545 5499 648 5556 alia
673 5503 934 5558 tnethodo
951 5503 1018 5557 de
1040 5503 1151 5557 Deo
1175 5503 1475 5570 loquimur,
1492 5503 1754 5566 dicentes,
1777 5504 1944 5558 Deum

2046 4591 2298 4645 ἁπάντων
2340 4587 2456 4640 ἐστὶ
2483 4584 2780 4656 δηλωτικὸν
2830 4581 2996 4637 αὐτοῦ
3019 4621 3032 4646 ,
3077 4581 3215 4634 ἀλλά
3261 4577 3451 4632 λοιπὸν
3494 4574 3618 4644 ἄλλῃ

2051 4682 2255 4756 μεθόδῳ
2289 4679 2666 4750 θεολογοῦμεν,
2706 4677 2959 4745 λέγοντες
2988 4675 3071 4726 ὅτι
3113 4673 3215 4726 οὐκ
3263 4671 3412 4724 ἔστιν
3438 4671 3466 4724 ὁ
3496 4666 3615 4727 Θεὸς

2045 4776 2106 4836 τὸ
2162 4776 2255 4828 καὶ⁵
2306 4773 2396 4837 τὸ,
2443 4773 2578 4843 ὅπερ
2631 4770 2787 4823 καλεῖ
2836 4767 2936 4821 διὰ
2963 4765 3081 4820 τῶν
3112 4765 3445 4834 ἀνομοίων·
3487 4758 3618 4812 οὕτω

2046 4867 2142 4920 καὶ
2173 4865 2264 4920 ἐπὶ
2293 4863 2401 4917 τῶν
2443 4861 2708 4933 οὐρανίων
2761 4859 3044 4928 δυνάμεων
3076 4856 3262 4918 καλῶς
3300 4856 3352 4907 οἱ
3392 4850 3616 4916 θεολόγοι

2044 4958 2330 5029 ἐποίησαν,
2364 4953 2629 5024 τεχνικῶς
2654 4953 2833 5006 οὐδενὶ⁴
2865 4949 2974 5004 τῶν
3013 4948 3193 5002 αὐτῶν
3229 4945 3404 5008 αὐτάς
3442 4937 3618 5014 ὁμοιώ-

2048 5065 2238 5111 σαντες
2263 5087 2278 5109 ,
2303 5045 2416 5100 ἀλλ’
2461 5047 2525 5098 ὲκ
2571 5043 2680 5098 τῶν
2725 5041 3020 5113 αἰσθητῶν,
3052 5041 3196 5110 ἆπερ
3238 5039 3395 5092 καλεῖ
3430 5036 3612 5103 ἄτιμα.

2044 5140 2143 5212 τὴν
2183 5140 2392 5193 τελείαν
2435 5137 2693 5201 λαὸόντες
2733 5135 3050 5207 ἐμφέρειαν,
3087 5131 3247 5185 τοῦτο
3290 5129 3428 5201 πρὸς
3464 5123 3613 5194 τιμὴν

2043 5232 2222 5286 αὐτῶν
2272 5230 2649 5300 πεποιηκότες,
2680 5230 2768 5282 ἴνα
2797 5223 3199 5297 πλασματώδης
3236 5223 3331 5276 καὶ
3371 5220 3469 5272 οὐκ
3499 5216 3609 5305 ἁλησ

2047 5323 2146 5395 θὴς
2180 5325 2404 5395 γένηται
2441 5322 2648 5375 τούτων
2681 5321 2714 5390 ὴ
2761 5319 3008 5390 μίμησις.
3059 5313 3343 5370 Ἐντεῦθεν
3380 5311 3613 5384 βούλεται

2050 5392 2220 5480 δέτξάί
2258 5392 2400 5469 κατά
2423 5413 2484 5466 τὸ
2514 5413 2706 5483 βίαιον,
2736 5412 2819 5464 ὄτι
2860 5411 2955 5463 καὶ
2989 5408 3187 5480 μᾶλλον
3210 5405 3320 5460 τῶν
3347 5402 3540 5476 ὁμοίων
3563 5397 3610 5449 αι

2050 5509 2292 5578 ἀνόμοιοι
2361 5504 2845 5578 εὐαρμοστότεραι.
2885 5504 2982 5565 Εἰς
3025 5501 3124 5572 μὲν
3153 5499 3265 5570 γὰρ
3301 5497 3403 5560 τὰς
3433 5508 3613 5563 τιμιω-

369 5606 476 5648 non
502 5610 624 5649 esse
656 5596 757 5650 hoc
781 5607 836 5651 et
865 5596 1020 5661 illud,
1047 5597 1192 5666 quod
1217 5612 1312 5665 per
1334 5594 1617 5650 dissimilia
1648 5607 1802 5651 vocat
1829 5612 1833 5649 :

2148 5615 2210 5662 ας
2241 5599 2335 5652 καὶ
2365 5595 2578 5668 ὁμοίας,
2607 5591 2754 5658 εἰκός
2783 5595 2900 5647 ἐστι
2944 5593 3037 5645 καὶ
3074 5582 3522 5659 ἀποπλανηθῆναι
3543 5593 3612 5639 τι·

517 5779 545 5813 ⁸
581 5771 737 5826 Rom.
767 5790 843 5838 ιι,
869 5772 957 5828 δέ.
1036 5771 1062 5812 ἀ
1093 5773 1262 5830 Exod.
1298 5789 1380 5835 Ill,
1424 5773 1507 5829 l4.
