3748 6304
126 254 233 331 13-:7

644 280 729 335 DE
760 280 1082 341 C(ELESTI
1118 282 1563 352 HIERARCHIA,
1597 286 1751 341 CAP.
1790 286 1853 343 ll.
1890 319 1960 331 —
1991 288 2339 349 PARAPllR.
2377 291 2850 354 PACHYMERE.

3288 299 3389 357 £58

124 408 248 453 νας.
280 392 413 444 ὅπου
450 408 514 459 γε
557 394 649 447 καὶ
679 396 759 458 εἰς
786 395 883 459 τὰς
910 396 1198 467 ἀνομοίους
1235 401 1375 464 τινὲς
1404 400 1697 467 ὲξώλισθονη

1878 404 1979 458 iam
2015 405 2065 459 in
2107 406 2427 461 cmlestibus
2468 407 2757 463 virtutibus
2796 411 3022 467 omnino
3054 424 3201 470 recte
3231 418 3390 473 theo-

120 482 317 546 ·ςαθὼς
344 483 601 555 ἐλέγομεν
640 486 965 559 ἔμπροσθεν.
1009 490 1365 561 Οίηθήσυνται
1409 492 1537 564 γὰρ,
1576 513 1712 565 χρυ.

123 579 358 641 σοειδεῖς
398 578 493 631 καὶ
536 578 846 642 στίλϐοντας
891 578 1091 650 ἄνδρας
1133 577 1290 644 εἶναι,
1322 584 1415 635 καὶ
1455 582 1712 654 λαμπρὰν

121 658 434 741 φοροῦντας
474 669 694 739 ἐσθῆτα,
728 672 822 724 καὶ
863 671 1133 742 πυρώδεις
1170 672 1293 743 δίχα
1340 674 1589 737 καύσεως
1617 676 1713 729 καὶ

119 760 383 823 ἀϐλαϐῶς
426 758 596 814 εἶναι’
629 763 683 815 αί
721 761 830 834 γὰρ
872 763 1162 835 λεγόμεναι
1208 766 1382 836 πυρὸς
1414 766 1609 835 φλόγες
1650 768 1710 820 οὐ

118 854 440 914 καυστικαὶ,
480 851 614 905 ἀλλά
656 851 881 917 ζωτικαί
925 855 1053 916 εἱσι,
1082 854 1176 907 καὶ
1206 855 1374 908 τᾶλλα
1417 858 1515 909 ὅσα
1546 858 1711 927 φασιν

120 949 181 1000 αἱ
210 948 445 1020 Γραφαί.
478 950 654 1019 Ὅπερ
684 949 770 1001 ἵνα
805 947 879 1019 μὴ
915 949 1135 1002 πάθοιεν
1161 950 1210 1002 οἱ
1243 951 1407 1021 μηδὲν
1436 952 1544 1004 τῶν
1583 969 1710 1020 goat-

117 1039 369 1109 νομένων
389 1037 716 1110 ὑψηλότερον
742 1039 1111 1109 φαντασθῆναι
1131 1040 1437 1111 δυνάμενοι,
1465 1045 1497 1112 ἡ
1530 1042 1707 1113 ὑψηλὴ

117 1134 289 1203 σοφία
317 1135 426 1187 τῶν
454 1134 719 1203 θεολόγων
761 1136 841 1198 είς
874 1134 1160 1205 ἀνομοίους
1204 1137 1297 1188 καὶ
1337 1136 1711 1206 ἀπεμφαινού-

114 1243 222 1289 σας
249 1226 469 1290 εἰκόνας
501 1227 818 1295 κατάγεται,
860 1227 932 1297 μὴ
965 1225 1321 1303 συγχωροῦσα
1352 1228 1448 1297 μὲν
1474 1212 1711 1298 τὴνῖιά-

107 1332 271 1369 νοιαν
316 1316 473 1386 ἡμῶν
508 1315 880 1369 ἀναπαύεσθαι
923 1317 1004 1378 είς
1042 1314 1272 1386 αἰσχρὰς
1312 1316 1402 1369 καὶ
1442 1316 1709 1386 ἀπρεπεῖς

108 1407 476 1471 ἀναπλάσεις,
505 1392 848 1479 διεγείρουσα
884 1407 939 1460 δὲ
982 1408 1043 1461 τὸ
1080 1408 1359 1477 ἀνωφερὲς
1392 1408 1495 1478 τῆς
1529 1408 1708 1477 ψυχῆς

104 1502 179 1571 τῇ
222 1499 534 1570 δυσμορφίᾳ
573 1498 681 1551 τῶν
712 1500 983 1563 πλάσεων,
1017 1500 1093 1562 ὡς
1117 1499 1278 1570 δήλου
1309 1498 1508 1569 δηλαδὴ
1554 1500 1707 1563 ὄντος

106 1594 212 1646 καὶ
240 1596 358 1655 τοῖς
396 1594 535 1660 ἄγαν
578 1594 783 1657 ὑλικοῖς
810 1594 908 1663 τὴν
947 1593 1205 1655 διάνοιαν,
1236 1594 1318 1645 ὅτι
1361 1595 1463 1645 οὐκ
1498 1594 1603 1646 εἰσὶ
1637 1592 1706 1647 τὰ

104 1684 237 1737 θεῖα
270 1684 519 1739 τοιαῦτα.
556 1685 822 1755 ’Λκριϐᾧς
848 1680 942 1738 οὖν
979 1685 1182 1747 εἰδότες
1211 1685 1293 1738 ὅτι
1329 1686 1429 1737 οὐκ
1458 1686 1565 1738 εἰσὶ
1594 1702 1706 1738 τοι-

1816 493 1920 564 logi
1972 495 2251 563 fecerunt,
2288 499 2416 553 dum
2467 502 2676 557 erudite
2727 503 2858 557 nulli
2896 506 3108 562 ordinis
3145 510 3386 579 ejusdem

1815 587 1935 640 illas
1981 589 2382 659 assimilarunt;
2426 596 2519 648 sed
2561 612 2625 650 ex
2672 598 3011 663 sensilibus,
3064 615 3184 669 qua:
3230 615 3390 657 vocat

1815 678 1967 741 vilia,
2000 679 2300 747 perlectam
2347 695 2575 738 sumunt
2607 687 3047 752 similitudinem,
3090 691 3142 744 id
3186 691 3252 745 ad
3294 708 3391 747 ea-

1815 783 1933 821 rum
1988 768 2250 823 honorem
2287 772 2577 839 l'ecernnt,
2624 785 2682 829 nt
2724 776 2949 843 llctitia,
2994 791 3048 834 et
3091 796 3197 834 non
3232 797 3381 845 vera,

1814 868 1962 913 esset
1999 863 2317 916 earumdem
2348 863 2607 919 imitatio.
2638 865 2777 920 Hinc
2807 869 2921 920 vult
2954 872 3186 939 probare
3214 885 3242 925 a
3276 871 3388 925 lor-

1814 954 1963 1019 tiori,
1994 955 2283 1010 dissimilia
2320 958 2591 1015 similibus
2620 976 2744 1016 esse
2778 964 2987 1034 aptiora
3018 982 3033 1017 :
3066 965 3117 1018 in
3160 966 3388 1021 nobilio-

1813 1043 1963 1098 ribus
1990 1046 2138 1100 enim
2166 1062 2228 1101 ac
2257 1048 2555 1115 similibus,
2584 1052 2824 1119 proclive
2856 1064 2939 1108 est
2974 1055 3265 1112 nonnullos
3292 1056 3388 1111 de-

1809 1134 1917 1202 cipi
1957 1148 2079 1189 cum
2116 1139 2283 1191 etiam
2317 1140 2369 1193 in
2407 1141 2771 1197 dissimilibus
2818 1144 2985 1213 aliqui
3014 1147 3273 1213 errarint,
3307 1147 3381 1204 uti

1811 1238 1976 1295 supra
2010 1228 2268 1286 diximus.
2318 1229 2725 1288 Existimabunt
2768 1236 2944 1301 enim,
2991 1252 3114 1292 esse
3160 1251 3388 1297 naturas

1812 1318 1933 1373 illas
1963 1322 2144 1388 specie
2170 1323 2402 1390 quadam
2430 1340 2592 1380 aurea
2618 1327 2767 1382 viros
2796 1329 3061 1397 quosdam
3091 1333 3383 1398 micantes,

1810 1419 1866 1464 et
1915 1414 2112 1466 vestitu
2168 1414 2455 1482 splendido
2504 1418 2742 1483 indutos,
2784 1432 2947 1490 atque
2990 1424 3205 1493 igneum
3255 1428 3387 1496 quid

1810 1502 2113 1569 vibrantes,
2156 1521 2263 1559 non
2297 1508 2578 1563 adurendo
2616 1526 2718 1565 nec
2752 1512 2994 1567 laedendo
3022 1528 3037 1568 :
3067 1531 3191 1569 nam
3234 1516 3389 1571 llam-

1810 1609 1911 1648 maa
1943 1596 2098 1651 istius
2149 1599 2292 1668 ignis
2326 1614 2431 1655 non
2479 1602 2681 1656 habent
2727 1604 2834 1657 vim
2868 1608 3080 1673 urendi,
3116 1609 3208 1663 sed
3249 1610 3387 1664 vivi-

1812 1688 2041 1754 ﬁcandi;
2074 1699 2130 1744 et
2158 1706 2494 1763 quascunque
2534 1694 2638 1748 alia
2670 1696 2779 1767 24
2810 1696 3107 1769 Scriptum
3139 1703 3385 1757 tradunt.

101 1779 279 1843 αὕτα,
306 1776 612 1850 ζητήσομεν
635 1780 734 1850 τὴν
762 1779 1040 1850 ἀλήθειαν,
1066 1780 1164 1850 τὴν
1206 1781 1288 1832 ὅτι
1320 1779 1446 1833 ἄλλο
1471 1796 1521 1831 τι
1552 1777 1697 1851 παρά

1876 1781 1958 1833 ιοιΙ
2010 1797 2077 1836 ne
2131 1783 2198 1836 iis
2246 1786 2490 1849 eveniat,
2530 1788 2622 1857 qui
2669 1789 2806 1842 nihil
2851 1790 3037 1855 altius.
3088 1808 3249 1862 quam
3296 1794 3384 1849 illa

100 1870 289 1924 ταῦτά
319 1872 474 1923 εἰσιν.
515 1870 723 1933 Ἀλλως
749 1888 809 1924 τε
843 1874 938 1925 καὶ
964 1871 1123 1923 τοῦτο
1163 1872 1414 1941 ἐννοῆσαι
1463 1870 1589 1942 χρὴ,
1620 1873 1700 1926 ὅτι

97 1956 268 2010 οὐδὲν
299 1956 411 2009 τῶν
450 1956 618 2010 ὄντων
647 1958 896 2023 καθόλου,
939 1960 1039 2030 τῆς
1065 1959 1158 2012 τοῦ
1206 1959 1371 2013 καλοῦ
1411 1962 1699 2031 μετουσίας

98 2046 436 2118 ἐστέρηται·
471 2050 594 2101 ἐπεὶ
615 2049 755 2102 καλὰ
786 2050 905 2103 λίαν
934 2050 1085 2122 παρά
1112 2051 1213 2120 τῆς
1239 2051 1460 2122 Γραφῆς
1487 2069 1699 2125 μεμαρ-

95 2154 395 2209 τυρηνται.

1810 1870 2033 1937 pulchra
2062 1881 2116 1926 et
2145 1869 2389 1942 speciosa
2416 1890 2856 1947 quarapparent,
2887 1892 3068 1937 mente
3094 1884 3383 1953 complecti

1806 1972 2075 2031 possunt;
2128 1965 2385 2019 sublimis
2428 1970 2516 2021 illa
2577 1971 2946 2039 theologorum
2992 1974 3260 2042 sapientia
3313 1977 3381 2029 ad

1805 2046 2278 2107 dissimilitudines
2305 2066 2360 2110 et
2387 2056 2623 2111 absonas
2652 2060 2919 2126 imagines
2941 2076 2999 2115 se
3033 2061 3243 2130 dejicit,
3277 2080 3384 2117 non

1806 2144 2126 2212 permittens
2181 2147 2572 2216 cogitationem
2627 2164 2871 2206 nosuam
2938 2154 3047 2208 illis
3103 2155 3386 2211 indecoris

99 2231 433 2285 ﬁctionibus
516 2232 904 2300 acquiescere,
963 2231 1058 2287 sed
1108 2247 1229 2287 eam
1277 2234 1473 2287 anima:
1525 2243 1733 2301 partem
1776 2249 1897 2303 quae
1942 2235 2007 2288 ad
2041 2236 2149 2289 alta
2185 2239 2376 2306 tendit,
2412 2240 2526 2309 ipsa
2566 2241 2916 2298 deformitate
2947 2244 3243 2315 figurarum
3276 2263 3376 2302 ex-

97 2327 244 2379 citat
270 2336 325 2379 et
358 2326 625 2388 stimulat,
661 2336 921 2396 tanquam
959 2326 1212 2381 videlicet
1240 2326 1449 2381 clarum
1480 2326 1550 2380 sit
1578 2326 1745 2381 etiam
1778 2327 1845 2381 iis
1875 2328 1965 2397 qui
1997 2339 2126 2383 sunt
2155 2333 2385 2386 terrenis
2436 2335 2599 2389 rebus
2639 2335 2797 2390 valde
2823 2336 2992 2402 alIixi,
3045 2355 3129 2394 res
3164 2341 3378 2397 divinas

98 2436 216 2473 non
272 2436 395 2475 esse
443 2420 622 2475 tales:
684 2430 741 2474 ut
792 2436 919 2475 cum
977 2420 1122 2476 clare
1173 2420 1592 2491 cognoverimus
1652 2434 1745 2474 eas
1800 2436 1905 2475 non
1958 2437 2080 2477 esse
2129 2424 2298 2491 tales,
2348 2427 2635 2481 veritatem
2690 2429 3062 2499 inquiramus,
3112 2434 3374 2503 quoniam

96 2517 239 2586 quid
290 2516 441 2571 aliud
473 2520 542 2570 ab
594 2517 699 2571 illis
737 2528 886 2573 sunt.
932 2514 1073 2584 Quin
1104 2525 1160 2571 et
1209 2518 1312 2573 huc
1364 2518 1686 2584 sciendum,
1717 2517 1849 2570 nihil
1882 2533 2071 2571 eorum
2105 2536 2227 2591 qua:
2250 2531 2377 2575 sunt
2406 2525 2552 2577 omni
2615 2541 2837 2592 prorsus
2892 2529 3019 2583 boni
3078 2530 3376 2601 participa-

98 2612 259 2665 tione
299 2610 571 2675 privatnm
622 2624 780 2676 esse;
824 2610 1080 2677 quoniam
1124 2609 1268 2663 bona
1315 2610 1494 2673 valde,
1530 2606 1844 2662 testimonio
1871 2606 2193 2677 Scriptum,
2222 2622 2416 2665 cuncta
2447 2614 2902 2681 comprobantur.

176 2704 209 2777 ᾗ
250 2703 341 2759 ιν.
384 2707 541 2757 Ἐστι
590 2704 879 2776 τοιγαροῦν
922 2706 986 2758 ὲκ
1034 2705 1252 2757 πάντων
1305 2703 1482 2757 αὐτῶν
1525 2702 1697 2763 καλὰς

96 2797 349 2867 θεωρίας
378 2798 472 2849 καὶ
501 2796 881 2868 προσηκούσας
910 2799 1023 2858 τοῖς
1052 2798 1261 2865 νοητοῖς
1293 2795 1595 2864 ἐπινοῆσαι,
1628 2794 1696 2858 ἀς

95 2889 159 2959 δὴ
203 2890 301 2940 καὶ
348 2886 631 2957 ἀνομοίους
669 2887 993 2958 ὁμοιότητας
1031 2889 1231 2956 φαῖμεν
1280 2885 1366 2947 ἂν,
1402 2886 1481 2937 ὅτι
1522 2884 1694 2955 ἑτέρῳ

94 2980 293 3051 τρόπῳ
320 2979 389 3031 τά
430 2979 593 3049 νοητά
624 2980 854 3051 ἔχουσιν,
883 2980 917 3032 ἃ
944 2983 1057 3042 τοῖς
1095 2978 1369 3049 αἰσθητοῖς
1411 2974 1690 3048 ἐτεροτρό-

95 3090 221 3135 πως
263 3070 718 3142 ἀπονενέμηνται.
766 3071 971 3125 Αὐτίκα
1009 3072 1118 3143 γὰρ
1150 3074 1178 3125 ὁ
1221 3071 1408 3141 θυμὸς,
1445 3072 1538 3124 ἐπὶ
1576 3070 1687 3125 τῶν

94 3167 253 3218 κάτω
295 3164 415 3234 μὲν,
448 3164 506 3229 ἐξ
540 3164 817 3233 ὲμπαθοῦς
847 3164 1025 3235 ὁρμῆς
1058 3164 1351 3232 ἐγγίνεται,
1376 3164 1469 3217 καὶ
1508 3163 1688 3233 πάσης

94 3256 325 3323 ἀλογίας
359 3255 504 3307 ἐστὶν
534 3255 783 3325 ἔμπλεως
814 3257 847 3326 η
876 3255 1096 3325 τοιαύτη
1120 3254 1212 3307 τοῦ
1242 3253 1412 3324 θυμοῦ
1441 3254 1684 3325 κίνησις’

94 3346 212 3397 ἀλλ’
244 3347 341 3398 ἐπὶ
361 3346 468 3398 τῶν
495 3346 698 3415 νοητῶν
725 3346 1097 3417 ὲτεροτρόπως
1123 3347 1350 3415 νοοῦμεν
1375 3344 1464 3397 τὸν
1496 3344 1685 3414 θυμὸν,

94 3437 193 3506 τὴν
246 3435 530 3489 ἀνένδοτον
588 3436 835 3503 λέγοντες
888 3434 1103 3502 ἓλλογον
1153 3434 1394 3505 κίνησιν,
1439 3435 1533 3487 καὶ
1590 3433 1689 3504 τὴν

96 3528 415 3596 άχαύνωτον
446 3528 560 3594 ἕξιν
590 3530 684 3581 καὶ
710 3529 1082 3599 ἀμετάϐλητον
1104 3531 1161 3581 ὲν
1190 3532 1310 3591 ταῖς
1340 3531 1417 3591 εἰς
1437 3529 1497 3581 τὸ
1527 3527 1687 3581 καλὸν

96 3623 397 3695 ἱδρύσεσιν.
458 3622 731 3685 Ὡσαύτως
776 3622 887 3691 ἔχει
928 3622 1021 3675 καὶ
1061 3625 1094 3693 ἡ
1139 3621 1423 3691 ἐπιθυμία,
1457 3624 1550 3675 ἐπὶ
1590 3623 1687 3694 μὲν

92 3720 206 3780 τοῖς
238 3715 477 3781 ἀλόγοις,
514 3714 916 3785 ἀπερίσκεπτόν
950 3730 1073 3767 τινα
1128 3714 1453 3785 ἐμπάθειαν,
1492 3716 1548 3782 ἐξ
1584 3717 1685 3788 sp.-

94 3806 263 3873 φύτου
304 3807 576 3877 κινήσεως
603 3804 890 3869 πολλάκις·
927 3807 1015 3859 ὅτε
1042 3805 1240 3878 δηλαδὴ
1283 3808 1391 3860 ἀπὸ
1428 3825 1687 3878 συμπτω-

98 3901 284 3969 μάτων
346 3897 593 3966 φυσικῶν
646 3898 742 3969 τὴν
793 3899 1006 3968 κίνησιν
1059 3899 1346 3970 ἔχομεν,ἣ
1399 3900 1687 3969 συνηθείας

95 3991 390 4053 πολλάκις’
424 3991 511 4041 ὅτε
540 3989 780 4059 δηλονότι
820 3990 925 4043 ἀπό
962 4008 1123 4043 τινων
1147 3989 1386 4060 ὲθιαμῶν
1423 3990 1565 4044 κατά
1586 3992 1686 4062 τὴν

93 4088 202 4147 τοῖς
232 4083 554 4144 ἀλλοιωτοῖς
587 4082 946 4153 ὲγγινομένην
972 4082 1165 4150 ἄλογον
1188 4083 1561 4153 ἐπικράτειαν,
1587 4083 1687 4147 τῆς

98 4174 421 4245 σωματικῆς
445 4172 676 4243 ὀρέξεως
699 4172 946 4243 ὠθούσης
978 4174 1040 4225 τὸ
1067 4172 1204 4237 ζῶον
1229 4174 1319 4225 ἐπὶ
1345 4173 1406 4225 τὸ
1450 4172 1688 4226 κατάἷσ·

99 4278 255 4349 θησιν
294 4311 309 4330 ,
326 4269 422 4321 καὶ
446 4267 587 4319 οὕτω
615 4265 753 4319 κατά
780 4267 963 4337 νόησιν
988 4266 1338 4335 ἐπιθυμητόν.
1370 4266 1495 4319 Ὅτε
1519 4265 1685 4337 δὲτὴν

95 4359 393 4428 ἐπιθυμίαν
412 4360 525 4419 τοῖς
545 4360 754 4427 νοητοῖς
778 4357 1129 4429 ἐπιθήσομεν,
1154 4356 1331 4429 ἔρωτα
1357 4358 1496 4410 θεῖον
1516 4358 1684 4427 αὐτὴν

1876 2700 1905 2773 ς
1938 2700 2026 2759 IV.
2062 2702 2246 2757 Liceat
2277 2705 2462 2774 itaque
2487 2721 2551 2760 ex
2581 2710 2837 2764 omnibus
2872 2712 2936 2765 iis
2964 2712 3222 2781 pulchras
3254 2730 3385 2770 con-

1803 2794 2217 2862 templationes,
2265 2812 2329 2850 ac
2394 2797 2557 2852 rebus
2616 2800 2956 2869 spiritalibus
3015 2819 3383 2876 congruentes

1798 2885 2017 2951 elicere,
2045 2902 2182 2955 quas
2217 2897 2273 2940 et
2319 2888 2617 2944 dissimiles
2663 2892 3052 2950 similitudines
3091 2913 3383 2965 possumus

1798 2976 2102 3044 appellare;
2138 2980 2397 3047 quoniam
2432 2980 2647 3035 diverso
2692 2984 2854 3037 modo
2887 2985 3008 3040 illas
3042 2988 3244 3043 habent
3290 3005 3380 3047 res

1794 3065 2087 3132 spiritales,
2115 3083 2234 3136 quae
2259 3068 2361 3121 alia
2396 3070 2605 3125 ratione
2651 3071 2812 3128 rebus
2878 3076 3179 3131 sensilibus
3216 3083 3376 3135 attri-

1793 3158 1935 3210 bntre
1961 3167 2105 3211 sunt.
2134 3156 2188 3210 In
2221 3160 2479 3225 praesenti
2519 3162 2686 3228 enim,
2718 3164 3008 3220 iracundia
3043 3169 3095 3222 in
3145 3170 3379 3225 infcrio-

1795 3249 1944 3303 ribns
1971 3252 2189 3319 quidem
2217 3267 2283 3305 ex
2324 3252 2526 3323 impetu
2555 3256 2836 3323 passionis
2880 3261 3119 3328 exsistit,
3156 3272 3210 3316 et
3239 3264 3381 3317 irra-

1795 3340 2095 3397 tionalitate
2125 3343 2313 3412 plenus
2344 3355 2425 3398 est
2454 3347 2784 3412 ejnscemodi
2839 3351 3132 3407 iracundiae
3162 3365 3376 3411 motus:

1790 3446 1979 3485 verum
2013 3433 2065 3487 in
2107 3435 2269 3488 rebus
2316 3436 2660 3502 spiritalibus
2688 3439 2796 3494 alio
2826 3442 2987 3496 modo
3028 3444 3370 3500 iracundiam

1790 3522 2112 3589 accipimus,
2142 3523 2412 3591 dicentes,
2454 3524 2601 3579 illam
2650 3542 2898 3582 severam
2931 3530 3219 3596 quamdam
3258 3547 3378 3587 esse

1791 3612 2092 3666 motionem
2135 3614 2482 3679 rationalem,
2510 3631 2575 3670 ac
2610 3618 2834 3672 minime
2881 3621 3095 3675 mollem
3139 3624 3375 3677 mutabi-

1791 3700 1965 3756 lemve
2008 3703 2253 3758 habitum
2304 3706 2357 3759 in
2399 3706 2523 3760 boni
2557 3708 3071 3766 constitutionibus.
3105 3713 3380 3769 Similiter

1790 3797 2262 3866 concupiscentia,
2304 3799 2355 3852 in
2406 3800 2820 3857 irrationalibus
2867 3804 3085 3872 quidem
3138 3807 3376 3862 inconsi-

1791 3890 2035 3943 deratam
2078 3891 2375 3958 quamdam
2409 3893 2721 3960 passionem
2774 3895 2937 3949 habet
2966 3913 3032 3950 ex
3067 3898 3230 3953 insito
3261 3900 3377 3968 ple-

1791 3997 2020 4052 rumque
2050 3992 2234 4048 motu;
2270 3984 2488 4051 quando
2518 3985 2775 4038 nimirum
2811 4003 2875 4041 ex
2920 3989 3374 4046 convulsionibus

1790 4075 2129 4129 naturalibus
2161 4089 2481 4140 movemur;
2519 4077 2605 4129 vel
2640 4092 2746 4130 non
2782 4093 2909 4131 raro
2939 4079 3104 4132 etiam
3144 4095 3212 4134 ex
3238 4096 3375 4135 con-

1788 4167 2121 4221 suetudine:
2166 4182 2288 4221 cum
2339 4167 2591 4222 videlicet
2623 4184 2691 4223 ex
2764 4171 3003 4224 assuetis
3056 4171 3372 4229 irrationali

1790 4253 2047 4323 potentia:
2091 4255 2253 4309 rebus
2297 4256 2654 4311 mutabilibus
2689 4259 2888 4326 insitis,
2920 4263 3227 4330 corporalis
3280 4280 3375 4334 ap-

1788 4347 1991 4417 petitus
2036 4347 2238 4401 animal
2273 4349 2509 4418 impellit
2555 4352 2623 4405 ad
2653 4350 2859 4420 aliquid
2893 4354 3176 4420 sensibile,
3207 4365 3373 4425 atque

94 4451 293 4501 ἐννοεῖν
324 4449 432 4519 χρὴ
464 4449 563 4519 τῆς
592 4449 732 4518 ὑπὲρ
757 4447 916 4517 λόγον
946 4450 1040 4501 καὶ
1066 4448 1188 4501 νοῦν
1220 4448 1429 4511 ἀῦλίας,
1463 4449 1557 4501 καὶ
1582 4449 1684 4518 τὴν

1876 4457 1921 4494 :o
1976 4440 2141 4494 etiam
2208 4442 2506 4495 secundum
2578 4444 2996 4513 intelligentiam
3053 4450 3369 4516 appetibile.

95 4540 372 4594 ἀνένδοτον
401 4540 587 4607 ἔφεσιν
620 4541 720 4609 τῆς
746 4539 988 4603 ἀπαθοῦς
1012 4540 1261 4610 θεωρίας,
1292 4541 1384 4593 καὶ
1422 4540 1520 4609 τῆς
1552 4540 1685 4592 αἰω-

92 4633 213 4693 νέας
254 4633 427 4695 ὅντως
460 4632 554 4684 καὶ⁸
590 4634 786 4703 νοητῆς
833 4633 1117 4694 κοινωνίας
1155 4632 1293 4702 πρὸς
1334 4632 1549 4700 ἐκείνην
1585 4631 1686 4700 τὴν

92 4724 340 4796 καθαράν
369 4724 669 4793 διαύγειαν,
694 4726 787 4777 καὶ
815 4725 914 4796 τὴν
960 4724 1142 4793 ἀφανῆ
1171 4726 1263 4776 καὶ
1296 4723 1445 4775 θείαν
1483 4721 1685 4793 εὐπρέ-

94 4833 273 4869 πειαν.
306 4816 479 4869 Πάλιν
512 4816 574 4869 τὸ
607 4817 861 4888 ἀκρατὲς,
892 4817 974 4885 ἐφ’
1011 4817 1166 4887 ήμῶν
1197 4817 1316 4887 μὲν,
1348 4817 1412 4869 τὸ
1439 4816 1523 4884 ἐφ’
1549 4817 1685 4886 ὅπερ

91 4906 156 4978 δὴ
195 4909 288 4961 καὶ
328 4910 649 4978 ὁρμησομεν
686 4909 1109 4979 ἀνεπίστροφον·
1144 4908 1229 4960 ἐπ’
1260 4907 1482 4960 ἐκείνων
1510 4907 1589 4971 δὲ,
1624 4905 1687 4967 τὸ

94 4999 371 5065 σύντονον,
408 5002 503 5054 καὶ
542 5000 602 5053 τὸ
635 5001 787 5071 παρά
816 5000 1043 5071 μηδενὸς
1072 4999 1456 5068 ἐγκόπτεσθαι,
1486 4998 1574 5052 διὰ
1594 4998 1685 5052 τὸν

93 5092 268 5161 ἀμιγῆ
299 5093 398 5145 καὶ
426 5091 686 5161 καθαρὸν,
712 5093 805 5144 καὶ
831 5093 911 5154 είς
937 5091 1087 5144 οὐδὲν
1115 5092 1302 5161 ἓτερον
1325 5090 1675 5161 ὲσχολακότα,

94 5181 189 5232 καὶ
222 5179 581 5235 ἀναλλοίωτον
608 5179 708 5247 τῆς
748 5179 897 5242 θείας
920 5179 1184 5249 καλλονῆς
1219 5180 1417 5250 ἔρωτα,
1454 5179 1549 5231 καὶ
1585 5178 1685 5249 τὴν

93 5273 280 5345 ὑλικὴν
305 5275 486 5347 ὁρμὴν
514 5276 605 5327 ἐπὶ
630 5274 690 5327 τὸ
718 5274 884 5337 ὅντως
909 5275 1190 5345 ἐράσμιον.
1224 5272 1394 5327 Πάλιν
1423 5271 1523 5342 τὴν
1559 5270 1683 5323 ἀλο-

94 5365 241 5431 γίαν,
287 5367 383 5419 καὶ
426 5364 805 5434 ἀναισθησίαν,
835 5368 929 5419 καὶ
958 5365 1236 5436 ἀνοησίαν,
1284 5364 1375 5415 ἐπὶ
1427 5362 1524 5432 μὲν
1573 5360 1683 5414 τῶν

95 5458 305 5525 ἀλόγων
358 5476 417 5511 τε
449 5460 545 5511 καὶ
593 5458 847 5527 ἀψύχων,
895 5457 1078 5521 καθὼς
1123 5458 1216 5510 ἐπὶ
1254 5456 1348 5508 τοῦ
1396 5454 1543 5508 λίθου
1582 5454 1682 5523 τὴν

96 5544 473 5617 ἀναισθησίαν,
497 5546 640 5600 κατά
673 5546 925 5617 στέρησιν
949 5546 1176 5617 λέγομεν
1195 5563 1207 5575 ⁸
1243 5546 1334 5598 ἐπὶ
1354 5544 1411 5597 δὲ
1439 5543 1547 5597 τῶν
1568 5560 1685 5613 νοη-

94 5638 204 5688 τῶν
233 5640 323 5691 καὶ
350 5640 551 5702 ἀῦλων,
584 5638 723 5691 κατά
746 5639 1037 5706 ἀπόφασιν.
1065 5638 1175 5692 Καὶ
1196 5637 1286 5691 διὰ
1320 5636 1417 5707 μὲν
1432 5638 1494 5690 τὸ
1520 5638 1682 5708 ὑπερ-

98 5730 244 5797 έχειν
294 5730 453 5790 αὐτὰ.
491 5731 567 5793 ὡς
599 5729 968 5801 ὑπερκείμενα
1002 5728 1095 5783 τοῦ
1142 5728 1261 5785 καθ’
1294 5730 1441 5800 ἡμᾶς
1471 5746 1674 5801 προφο-

1791 4532 2016 4598 Quando
2055 4543 2236 4586 autem
2279 4534 2781 4601 concupiscentiam
2831 4537 2992 4591 rebus
3032 4538 3372 4606 spiritalibus

1792 4626 2160 4693 attribuimus,
2188 4626 2407 4681 divinus
2439 4642 2595 4682 amor
2624 4629 2947 4699 cngitandus
2980 4631 3060 4683 rei
3092 4646 3254 4696 supra
3288 4648 3371 4684 ra-

1793 4717 1993 4771 tionem
2024 4733 2089 4772 ac
2132 4728 2369 4773 mentem
2413 4720 2815 4785 immaterialis,
2852 4733 3017 4792 atque
3054 4723 3369 4777 indellciens

1788 4808 2119 4863 desiderium
2165 4812 2637 4879 contemplationis
2680 4828 2802 4881 quae
2856 4815 3131 4882 passionis
3173 4830 3369 4884 expers

1789 4900 1893 4965 sit,
1935 4916 2034 4955 nec
2066 4917 2172 4955 non
2214 4912 2437 4957 aeterna:
2484 4905 2707 4959 omnino
2735 4920 2797 4959 ac
2830 4905 3094 4974 spiritalis
3124 4922 3371 4962 commu-

1790 4992 1991 5054 nionis,
2042 4990 2187 5046 illius
2217 5008 2366 5063 purae
2408 4994 2713 5061 claritatis;
2749 5006 2804 5050 et
2833 4996 3036 5050 occulti
3078 5007 3243 5064 atque
3282 5000 3367 5051 di-

1785 5081 1895 5135 vini
1928 5081 2163 5137 decoris.
2214 5084 2472 5151 Rursum,
2516 5086 2915 5142 incontinentia
2950 5087 3002 5141 in
3049 5089 3208 5144 nobis
3246 5092 3367 5159 qui-

1791 5173 1911 5227 dem
1945 5184 2031 5228 est
2059 5176 2278 5245 quidam
2311 5178 2567 5243 impetus,
2598 5195 2707 5247 quo
2738 5180 2792 5233 in
2833 5179 3039 5247 aliquid
3073 5182 3367 5236 tumultua-

1790 5267 1872 5320 rio
1900 5268 2056 5321 modo
2086 5267 2338 5327 ferimur;
2376 5269 2427 5323 in
2460 5269 2568 5323 illis
2602 5284 2734 5323 vero
2777 5270 3083 5323 constantia
3120 5281 3222 5336 est.
3247 5288 3367 5341 qtne

1789 5374 1819 5412 a
1852 5359 2069 5415 neruine
2114 5358 2335 5430 infringi
2382 5363 2574 5431 possit,
2613 5373 2832 5432 propter
2862 5378 3022 5419 suum
3054 5364 3364 5434 simplicem

1774 5462 1852 5504 .ac
1885 5464 2106 5518 purum,
2144 5461 2199 5506 et
2227 5452 2281 5506 in
2326 5453 2473 5506 nullo
2503 5454 2932 5518 exorbitantem,
2969 5464 3133 5522 atque
3165 5456 3364 5509 immu-n

1788 5544 2008 5598 tabilem
2037 5545 2234 5599 divina:
2263 5545 2687 5613 pulchritudinis
2711 5560 2973 5611 amorem,
2994 5547 3100 5619 25
3132 5555 3188 5601 et
3222 5556 3363 5601 tota-

1787 5636 1890 5691 lem
1917 5636 2171 5706 impetum
2198 5642 2249 5691 in
2269 5637 2321 5692 id
2348 5638 2489 5707 quod
2507 5652 2633 5691 vere
2651 5637 2880 5695 amabile
2894 5640 3127 5695 exsistit.
3154 5639 3361 5701 Denuo,

1785 5728 2284 5797 irrationalitatem,
2326 5740 2381 5785 et
2425 5729 2923 5797 insensibilitatem,
2965 5739 3016 5787 et
3047 5731 3358 5797 amentiam,
