3748 6310
394 234 494 293 159

1534 236 1591 295 S.
1628 235 1932 295 DIONYSII
1969 279 1976 294 ι

2158 237 2441 295 ΡΑΟΞΤᾸΞ
3594 240 3683 294 1εο

392 351 443 403 in
483 350 643 404 rebus
670 349 1081 405 irrationalibus
1115 359 1170 406 et
1208 351 1549 421 inanimatis,
1578 356 1730 409 verbi
1778 357 1976 424 gratia,

2157 354 2244 409 ιιοῦ
2284 354 2466 424 λόγου,
2509 353 2624 425 (τοῦ
2662 353 3029 428 μεταϐατικοῦ
3062 353 3181 427 μὲν,
3207 352 3284 418 ὡς
3321 354 3685 426 μεταϐαίνον-

392 442 447 495 in
484 441 664 510 lapide
720 443 1237 510 inscusihilitatem,
1289 448 1557 516 privative
1610 448 1867 511 dicimus,
1913 450 1981 502 de

391 534 737 604 spiritalibus
767 550 895 589 vero
924 551 987 589 ac
1017 538 1180 591 rebus
1221 537 1631 602 immateriatis,
1658 538 1981 595 aliirmative

392 642 487 680 seu
524 626 775 695 positive.
808 627 987 695 Atque
1020 629 1110 682 illa
1148 630 1393 697 quidem,
1441 633 1584 701 quod
1633 632 1977 688 eminentiori

391 717 553 770 modo
582 732 640 770 se
664 717 924 780 habeant,
959 719 1031 773 ita
1069 730 1131 773 ut
1162 731 1407 775 nostram
1439 735 1699 792 superent
1723 724 1982 793 eloquen-

392 808 559 875 tiam,
623 824 1044 879 sermonemque
1114 814 1504 870 transcendant
1565 817 1976 885 (transitorium

388 898 637 965 quidem,
681 909 739 953 ut
783 902 875 970 qui
912 918 940 955 a
981 903 1241 973 loquente
1288 904 1355 958 ad
1397 905 1706 959 auditorem
1748 908 1976 975 transit;

387 1006 714 1058 corporeum
746 1008 900 1057 vero,
929 1004 986 1047 ut
1017 996 1107 1064 qui
1136 997 1419 1066 corporeis
1448 984 1829 1055 instrumentis
1860 1017 1982 1069 pro-

388 1080 625 1149 fertur),
679 1083 911 1139 dicimus
950 1084 1121 1155 ἄλογα
1170 1101 1264 1143 seu
1314 1087 1643 1145 irtcﬂabilia:
1679 1090 1791 1146 illic
1832 1094 1976 1148 enim

387 1190 493 1226 non
545 1174 655 1236 sic,
699 1176 795 1229 sed
841 1180 1088 1246 corporis
1129 1189 1401 1250 expertes,
1442 1189 1498 1234 et
1532 1182 1599 1235 ad
1636 1198 1695 1238 se
1744 1183 1977 1239 invicem

387 1265 700 1320 accedendo
731 1281 796 1320 ac
841 1269 1166 1334 recedendo,
1208 1272 1357 1325 omni
1397 1288 1651 1328 sermone
1694 1275 1975 1345 perspica-

386 1357 509 1411 cius
540 1362 903 1428 cogitationes
950 1372 1171 1417 mutuas
1203 1364 1504 1430 intuentes,
1542 1367 1692 1421 velut
1738 1369 1881 1422 inter
1915 1383 1976 1422 se

388 1450 777 1519 colloquuntur
814 1469 910 1523 per
965 1456 1267 1523 silentium,
1314 1474 1624 1514 sermonem
1671 1461 1773 1514 sibi
1826 1460 1976 1515 velut

388 1542 626 1601 inviCem
685 1549 1180 1605 couuuunicantes.
1235 1552 1547 1606 Secundum
1605 1553 1707 1607 hoc
1760 1553 1969 1621 itaque,

386 1636 610 1691 ordines
656 1640 917 1695 caelestes
968 1644 1240 1698 sermonis
1289 1655 1545 1715 expertes
1587 1645 1821 1700 dicimus
1862 1665 1875 1701 :
1920 1649 1972 1699 in

2085 462 2177 509 τος
2200 447 2263 498 ὲκ
2287 445 2382 499 τοῦ
2408 445 2660 515 λέγοντος
2690 449 2770 513 είς
2797 447 2888 501 τὸν
2923 445 3216 501 ἀκούοντα·
3254 446 3582 517 σωματικοῦ
3608 446 3683 507 Et,

2083 538 2159 602 ὡς
2193 537 2283 591 διὰ
2316 539 2643 609 σωματικῶν
2679 539 2925 611 ὀργάνων
2948 537 3277 609 γινομένου,)
3309 536 3552 607 λέγομεν
3576 538 3687 591 ἀλο-

2085 646 2160 699 γα
2179 646 2191 659 ·
2226 631 2345 682 ἐκεῖ
2371 630 2480 701 γάρ
2508 630 2606 701 οὐχ
2631 630 2822 695 οῦτως,
2848 629 2961 683 ἀλλ’
2990 629 3047 683 ὲν
3074 629 3363 700 ἀσωματίᾳ
3388 629 3685 698 τυγχάνον-

2083 739 2199 785 τες,
2226 723 2320 775 κα“ι
2344 724 2426 786 είς
2457 722 2722 795 ἀλλήλους
2759 721 3065 794 χωροῦντες
3109 723 3199 775 οιαὶ
3240 721 3682 793 ἀποχωροῦντες,

2083 812 2288 877 παντὸς
2332 812 2492 882 λόγου
2531 814 2853 885 τρανότερον
2878 812 2977 875 τὰς
3008 811 3250 884 ἀλλήλων
3278 814 3500 883 νοήσεις
3522 828 3683 865 κατο-

2085 906 2411 971 πτεύοντες,
2458 906 2708 978 ἀλλήλοις
2744 906 2935 979 ῶσπερ
2969 905 3308 976 διαλέγονται
3371 904 3464 958 διὰ
3500 905 3683 975 σιγῆς,

2084 1000 2180 1053 τοῦ
2208 1000 2370 1069 λόγου
2398 1000 2587 1073 ῶσπερ
2619 1000 2995 1073 μεταδιδόντες
3024 999 3294 1071 ἀλλήλοις.
3331 998 3499 1053 Κατά
3524 998 3683 1051 τοῦτο

2081 1092 2261 1145 τοίνυν
2287 1092 2457 1161 ἄλογα
2478 1092 2710 1163 λέγομεν
2731 1091 2799 1145 τά
2836 1092 3062 1164 οὐράνια
3084 1092 3367 1162 τάγματαο
3400 1090 3495 1143 διὰ
3527 1090 3587 1143 δὲ
3628 1092 3686 1142 τὸ

2084 1184 2445 1256 ὑπερκεῖσθαι
2470 1186 2571 1256 τῆς
2601 1184 2814 1254 ὑλικῆς,
2844 1183 2919 1249 ὡς
2956 1184 3051 1238 καὶ
3078 1183 3366 1256 ἀλλοτρίας
3386 1184 3503 1235 τῶν
3542 1184 3685 1236 ἀσω-

2084 1274 2270 1343 μάτων
2288 1273 2614 1345 αἰσθήσεως,
2633 1272 2811 1343 φαμὲν
2828 1271 3146 1344 ἀναίσθητα,
3161 1273 3235 1335 ὡς
3252 1271 3487 1342 ὑψηλότε
3499 1288 3568 1342 ρα
3585 1270 3684 1339 τῆς

2082 1367 2404 1438 αἰσθήσεως,
2431 1369 2524 1422 καὶ
2543 1368 2728 1438 νοητά.
2750 1367 3142 1440 Συμπεραίνων
3170 1366 3335 1436 λέγει·
3378 1366 3544 1418 Ἔστι
3575 1382 3687 1417 τοις

2081 1460 2289 1531 γαροῦν
2318 1461 2419 1515 οὐκ
2442 1461 2668 1525 ἀπεικὸς
2694 1462 2787 1514 καὶ
2810 1464 2873 1515 ὲκ
2907 1461 3015 1514 τῶν
3050 1459 3318 1531 ἀνομοίων
3353 1459 3448 1512 καὶ
3491 1459 3683 1528 ἀτιμο-

2079 1555 2263 1607 τάτων
2287 1554 2385 1625 τῆς
2413 1554 2543 1623 ὕλης
2570 1554 2749 1626 μερῶν
2774 1553 3135 1608 ἀναπλάττειν
3166 1552 3404 1615 εἰκόνας,
3428 1551 3558 1603 ἐπεὶ
3592 1551 3686 1602 καὶ

2082 1647 2219 1719 αῦτη
2243 1650 2283 1721 ἡ
2306 1647 2405 1719 ῦλη
2436 1647 2565 1719 περὶ
2581 1652 2596 1667 ⁸
2622 1647 2715 1700 τοῦ
2739 1647 2905 1711 ὅντως
2921 1645 3086 1700 καλοῦ
3100 1644 3192 1697 τοῦ
3206 1644 3339 1697 Θεοῦ
3370 1644 3684 1704 ῦποστᾶσα,

388 1740 654 1796 quantum
691 1746 818 1786 vero
850 1735 1184 1790 materialem
1219 1753 1283 1792 ac
1313 1740 1663 1808 peregrinum
1695 1739 1861 1795 rebus
1888 1742 1970 1794 iu-

2157 1740 2214 1793 τά
2261 1741 2441 1793 πᾶσαν
2492 1740 2663 1810 αὐτῆς
2690 1740 3048 1811 διακόσμησιν
3082 1738 3177 1809 τὴν
3206 1737 3326 1791 κατ’
3350 1732 3516 1800 εἶδος,
3540 1737 3685 1806 ἀπτε-

386 1825 669 1890 corporeis
704 1840 923 1879 sensum
976 1840 1271 1898 superant,
1315 1832 1669 1887 insensibiles
1718 1834 1969 1886 nornina-

388 1929 537 1976 mus,
592 1917 788 1986 quippe
843 1931 1063 1973 sensum
1130 1924 1493 1987 excedentes,
1550 1939 1616 1978 ac
1668 1925 1968 1993 spiritales.

384 2005 735 2064 Concludens
764 2009 881 2063 ait:
918 2010 1107 2066 Liceat
1140 2014 1323 2082 itaque
1357 2024 1461 2071 nun
1498 2018 1775 2074 immerito
1804 2020 1969 2073 etiam

385 2114 453 2152 ex
518 2101 873 2156 dissimilibus
943 2105 1332 2176 vilissimisque
1413 2110 1655 2164 materia:
1721 2112 1972 2180 partibus

386 2193 655 2259 imagines
682 2194 1008 2262 cﬂ‘ormare;
1040 2199 1484 2267 quandoquidem
1510 2202 1679 2256 etiam
1716 2202 1831 2258 hzec
1861 2220 1972 2257 ma-

390 2289 525 2340 teria
561 2302 589 2340 a
617 2303 744 2343 vere
778 2290 1003 2359 pulchro
1042 2293 1154 2345 Deo
1184 2294 1436 2358 exsiStat,
1467 2310 1795 2364 omnemque
1812 2312 1975 2351 orna-

388 2390 501 2432 tmn
546 2397 705 2435 suum
740 2384 1055 2451 specil‘tcum
1091 2388 1359 2451 obtineat,
1414 2388 1784 2457 nonnullaque
1812 2387 1975 2458 spiri-

390 2472 514 2525 talis
555 2474 772 2528 decoris
819 2477 1046 2546 vestigia
1091 2477 1292 2531 referat
1331 2497 1345 2533 :
1381 2480 1841 2548 quemadmodum
1888 2479 1973 2531 lu—

390 2562 551 2617 minis
586 2575 703 2629 est,
753 2566 1091 2631 illuminare;
1130 2582 1296 2638 atque
1350 2571 1490 2640 ignis
1529 2586 1871 2635 consumere,
1910 2588 1973 2627 ac

390 2663 697 2721 penetrare,
743 2658 786 2712 si
835 2661 1037 2714 similia
1081 2661 1256 2716 solum
1308 2662 1650 2717 dissimiliter
1687 2672 1742 2716 et
1782 2664 1973 2718 differ-

389 2748 553 2802 ruiter
592 2752 981 2821 quotupliciter
1010 2762 1304 2808 sumantur
1331 2772 1345 2809 :
1377 2756 1458 2810 sol
1498 2757 1645 2810 enim
1680 2756 1972 2812 seusihiles

387 2839 572 2892 oculos
602 2842 892 2909 illuminat,
928 2853 982 2898 et
1011 2844 1322 2900 facultatem
1372 2850 1579 2916 praebet
1612 2847 1830 2903 colores
1862 2848 1971 2902 dis-

386 2936 675 2999 cernendi;
714 2937 856 2991 Deus
892 2954 1020 2993 vero
1068 2939 1173 2991 vim
1212 2941 1333 3007 dat,
1371 2940 1542 3009 ipsam
1598 2941 1873 3007 animam,
1917 2954 1970 2996 et

388 3038 507 3092 qua:
537 3026 586 3077 in
620 3041 681 3079 ea
718 3028 939 3096 pulchra
975 3040 1130 3093 sunt,
1167 3033 1515 3101 peuetraudi.
1546 3031 1682 3086 Nam
1715 3048 1839 3102 qua:
1877 3049 1971 3086 ca-

390 3117 510 3169 dem
545 3127 691 3180 sunt,
714 3134 817 3172 non
848 3121 1039 3175 eodem
1073 3125 1233 3176 modo
1258 3124 1624 3191 accipiuntur,
1653 3124 1747 3177 sed
1776 3137 1974 3178 secun-

389 3206 519 3260 dum
548 3218 851 3264 naturalem
877 3212 1105 3279 subjecti
1138 3212 1528 3283 proprietatem
1556 3222 1612 3267 et
1636 3214 1974 3268 deliniuntur

389 3307 449 3351 et
490 3298 906 3371 intelliguntur:
937 3306 1140 3359 idcirco
1181 3307 1326 3360 enim
1374 3306 1539 3360 etiam
1588 3306 1702 3360 haec
1756 3306 1971 3360 illorum

392 3391 621 3460 vestigia
652 3408 745 3447 seu
786 3394 987 3449 indicia
1019 3397 1309 3463 dicuntur;
1340 3398 1483 3451 unde
1509 3398 1677 3452 etiam
1707 3398 1775 3452 de
1806 3398 1975 3452 dissi-

394 3482 618 3537 milibus
660 3488 1053 3557 quotupliciler
1110 3491 1565 3561 participantibus
1612 3492 1699 3546 vel
1746 3493 1972 3562 partici-

393 3588 525 3641 pare
572 3580 984 3646 appareutihus,
1030 3582 1319 3650 proverbio
1364 3583 1590 3645 dicitur,
1637 3584 1809 3638 echus
1868 3597 1975 3636 vox

397 3668 738 3733 reparabilis.
779 3669 932 3735 Quod
962 3674 1107 3726 enim
1145 3683 1228 3726 est
1259 3675 1310 3727 in
1346 3676 1555 3728 visione
1587 3674 1790 3742 imago,
1824 3674 1978 3728 simi-

2075 1833 2297 1902 χήματά
2328 1850 2449 1885 τινα
2471 1831 2571 1901 τῆς
2595 1834 2787 1901 νοερᾶς
2819 1831 3148 1902 εὐπρεπείας
3173 1831 3305 1901 ἔχει,
3337 1830 3413 1892 ὼς
3440 1828 3562 1880 ἔστι
3585 1828 3683 1879 τοῦ

2076 1925 2270 1995 φωτὸς,
2289 1926 2350 1978 τὸ
2369 1924 2622 1995 φωτίζειν
2638 1966 2651 1990 ,
2677 1925 2882 1978 καὶτοῦ
2904 1925 3094 1997 πυρὸς,
3111 1924 3171 1977 τὸ
3185 1922 3561 1993 δαπανητικὺν
3588 1921 3687 1973 καὶ

2073 2017 2418 2089 δραστήριον,
2446 2020 2494 2071 εξ
2542 2019 2707 2088 μόνον
2749 2018 3017 2088 ἀνομοίως
3062 2018 3156 2070 καὶ
3188 2014 3566 2087 ἐτεροτρόπως
3616 2012 3687 2066 τὰ

2075 2110 2236 2179 ὃμοια
2263 2110 2447 2173 ποσῶς
2478 2109 2937 2180 ὲκλαμϐἁνονται·
2965 2108 3115 2179 ἥλιος
3137 2105 3245 2178 γὰρ
3270 2106 3568 2173 αἰσθητοὺς
3591 2106 3683 2173 ὀψο

2076 2202 2314 2273 Οαλμοὺς
2341 2200 2583 2271 φωτίζει,
2605 2203 2698 2255 καὶ
2720 2202 2828 2255 τῶν
2849 2201 3153 2273 χρωμάτων
3177 2198 3684 2270 ἀντιλαμϐάνεσθαι

2075 2294 2257 2348 δίδωσι
2278 2312 2289 2324 ·
2316 2295 2448 2358 Θεὸς
2472 2295 2528 2348 δὲ
2549 2295 2726 2366 ψυχὴν
2753 2296 2847 2349 καὶ
2873 2297 2984 2358 τοῖς
3010 2296 3189 2347 ἐκεῖσε
3212 2292 3399 2355 καλοῖς
3415 2293 3685 2361 ὲπεντρα-

2076 2385 2240 2449 νίζειν
2266 2387 2517 2459 παρέχει.
2552 2388 2631 2440 Τά
2658 2387 2796 2441 αὺτά
2818 2386 2927 2459 γὰρ
2955 2387 3015 2440 οὐ
3044 2385 3255 2449 ταὺτῶς
3279 2383 3685 2455 λαμϐάνονται,

2077 2477 2213 2548 πρὸς
2228 2478 2328 2549 τὴν
2351 2479 2586 2548 φυσικὴν
2608 2479 2665 2532 δὲ
2693 2478 2932 2548 ἰδιότητα
2958 2475 3052 2529 τοῦ
3079 2475 3441 2546 ὑποκειμένου
3457 2474 3680 2542 καὶδρί-

2077 2568 2257 2633 ζονται
2295 2572 2389 2624 καὶ
2420 2570 2684 2623 νοοῦνται.
2717 2569 2814 2623 Διά
2849 2570 3006 2624 τοῦτο
3040 2569 3149 2641 γάρ
3195 2569 3288 2622 καὶ
3331 2569 3679 2639 ἀπηχήματα

2076 2660 2320 2731 λέγονται
2353 2663 2577 2716 ἐκείνων
2604 2662 2802 2716 ταῦτα·
2839 2662 2897 2730 ἐξ
2937 2656 2997 2716 οῦ
3031 2663 3126 2715 καὶ
3151 2659 3420 2732 παροιμία
3451 2660 3548 2711 ἐπὶ
3570 2660 3687 2711 τῶν

2075 2752 2341 2823 ἀνομοίων
2356 2751 2538 2816 ποσῶς
2557 2752 2910 2823 μετεχόντων,
2930 2751 2962 2822 ἢ
2980 2752 3071 2805 καὶ
3085 2750 3384 2804 δοκούντων
3405 2747 3683 2818 μετέχειν,

2076 2842 2313 2912 λέγεται,
2332 2844 2415 2896 ὅτι
2444 2843 2537 2896 καὶ
2552 2842 2613 2895 τὸ
2632 2842 2732 2912 τῆς
2748 2841 2914 2913 ἠχοῦς
2944 2840 3335 2913 ὕστερόφωνον.
3356 2840 3423 2891 Ὃ
3444 2837 3559 2909 γὰρ
3584 2838 3680 2889 ἐπὶ

2074 2935 2176 3004 τῆς
2212 2936 2455 3006 ὁράσεως
2483 2932 2667 2997 εἰκὼν,
2700 2934 2951 3005 ὁμοίωμά
2983 2950 3034 2986 τι
3066 2932 3202 3003 πρὸς
3229 2933 3289 2984 τὸ
3319 2930 3683 3001 πρωτότυπον

2082 3028 2309 3098 ἔχουσα·
2343 3027 2499 3079 τοῦτο
2536 3027 2628 3079 ἐπὶ
2667 3025 2768 3096 τῆς
2809 3025 2979 3095 ἀκοῆς
3008 3026 3297 3095 ἀπήχημα,
3344 3023 3605 3094 ὁμοίωμά
3633 3041 3681 3074 τι

2080 3118 2216 3189 πρὸς
2238 3118 2336 3188 τὴν
2363 3117 2544 3188 φωνὴν
2576 3116 2695 3187 ἔχον
2714 3134 2727 3146 ⁶
2757 3116 2817 3169 τὸ
2844 3116 2952 3188 γὰρ
2991 3116 3101 3170 ἀπὸ
3133 3116 3227 3168 τοῦ
3263 3115 3398 3185 ἧχου
3444 3116 3531 3177 είς
3558 3114 3682 3167 ἐλά-

2075 3219 2258 3281 χιστον
2288 3209 2655 3277 καταντῆσαν,
2706 3208 2864 3261 τοῦτό
2906 3210 3074 3261 ἐστιν.
3119 3206 3406 3277 Ἐννόησον
3446 3202 3547 3259 οὖν
3580 3204 3682 3276 τὴν

2075 3304 2268 3375 νοεράν
2292 3302 2386 3357 τοῦ
2424 3300 2558 3355 Θεοῦ
2592 3301 2945 3373 εὐπρέπειαν,
2990 3300 3122 3371 ἤχου
3150 3298 3273 3352 τινὰ
3314 3298 3469 3365 λόγον
3523 3298 3685 3367 ἔχου-

2079 3413 2178 3449 σαν
2203 3395 2438 3462 ἐξαισίου
2467 3393 2641 3463 πάντη
2668 3395 2760 3445 καὶ
2790 3392 3135 3464 ἀπορρήτου·
3163 3388 3223 3456 ἐξ
3244 3385 3306 3446 οὗ
3336 3405 3486 3451 τινος
3515 3390 3683 3458 ήχου,

2080 3487 2174 3541 καὶ
2224 3485 2281 3552 ἐξ
2312 3479 2380 3555 ἦς
2427 3483 2780 3555 εὐπρεπείας,
2820 3482 3163 3554 ἀπηχήματά
3202 3498 3347 3544 τινα,
3383 3481 3479 3534 καὶ
3517 3481 3685 3532 οἱονεὶ

2082 3576 2404 3648 ὁμοιώματα
2430 3575 2524 3628 τοῦ
2555 3576 2712 3647 ἡχοῦ,
2738 3575 2772 3646 ἦ
2802 3575 2895 3629 καὶ
2922 3573 3190 3646 ἀνομοίως
3216 3573 3684 3645 ὲκλαμϐἀνονται,

2086 3671 2225 3744 πρὸς
2252 3670 2321 3723 τά
2348 3669 2621 3741 κτίσματα
2648 3668 2928 3737 φθάνουσι.

394 3752 677 3813 litudinem
743 3765 1036 3830 quamdam
1089 3765 1252 3833 primi
1304 3766 1637 3835 exemplaris
1684 3768 1964 3828 referens;
2002 3764 2104 3820 hoc
2151 3772 2235 3818 est
2276 3764 2327 3817 in
2358 3762 2546 3815 auditu
2582 3762 2899 3815 resonantia
2926 3759 3345 3815 similitudinem
3376 3759 3684 3830 quamdam

394 3857 542 3911 vocis
573 3857 811 3927 habens;
850 3864 993 3931 quod
1028 3863 1283 3917 nimirum
1319 3864 1449 3917 illud
1484 3874 1592 3931 est,
1647 3864 1792 3934 quod
1850 3880 1880 3918 a
1936 3877 2072 3917 sono
2100 3861 2351 3916 ultimum
2410 3856 2733 3913 reﬂectitur.
2778 3854 3081 3911 Considera
3135 3857 3303 3926 igitur
3363 3855 3680 3926 spiritalem

392 3944 488 4002 Dei
553 3950 1013 4018 pulchritmlinem
1068 3974 1131 4012 ac
1166 3960 1421 4014 decorem
1463 3959 1667 4015 referre
1717 3960 2118 4029 quodanuuodo
2170 3956 2436 4010 rationem
2487 3952 2779 4020 quamdam
2820 3951 2991 4007 echus
3026 3968 3252 4021 prorsus
3290 3952 3593 4023 singularis
3628 3967 3685 4011 et

391 4047 622 4109 occulti;
656 4062 684 4099 a
716 4049 873 4116 cujus
902 4064 1061 4115 sono,
1095 4061 1149 4107 et
1182 4070 1211 4106 a
1242 4055 1397 4125 cujus
1429 4056 1839 4125 pulchritudine
1872 4053 2200 4108 resonantia;
2247 4050 2521 4120 quaedam,
2567 4058 2625 4103 et
2664 4047 2819 4116 quasi
2868 4047 3260 4103 similitudines
3297 4049 3472 4117 ipsius
3522 4049 3678 4110 soni.

394 4141 523 4194 licet
554 4142 896 4195 dissimiliter
927 4148 1288 4217 accipiantur,
1319 4153 1384 4203 ad
1420 4153 1561 4221 ipsas
1591 4162 1874 4206 creaturas
1904 4148 2244 4203 deferuntur.

466 4237 574 4306 26
602 4236 629 4307 §
659 4237 720 4291 V.
756 4239 907 4295 Hanc
931 4244 1001 4296 ob
1032 4259 1253 4298 causam
1290 4250 1501 4303 divinos
1532 4250 1651 4305 illos
1678 4253 1976 4319 prophetas

2157 4244 2184 4315 ᾗ
2222 4242 2283 4299 ν.
2310 4243 2410 4296 Διά
2435 4243 2594 4295 τοῦτο
2614 4241 2742 4303 τοὺς
2773 4239 2950 4303 θείους
2972 4239 3259 4311 προφήτας
3282 4238 3591 4310 εὑρήσομεν
3620 4238 3683 4292 οὐ

378 4331 730 4395 reperimus,
777 4346 882 4385 non
931 4334 1185 4389 caelestes
1236 4346 1443 4393 tantum
1494 4341 1724 4396 virtutes
1764 4356 1857 4410 per
1894 4341 1973 4395 si—

2160 4352 2250 4387 vov
2276 4334 2378 4397 τάς
2403 4334 2661 4405 οὐρανίας
2699 4331 2979 4402 δυνάμεις,
3009 4329 3153 4383 οὓτω
3191 4330 3285 4381 καὶ
3310 4328 3398 4382 διά
3423 4329 3684 4382 τοιούτων

396 4418 554 4473 miles
584 4420 829 4474 lictioues
851 4424 1150 4491 declarare,
1176 4430 1268 4482 sed
1303 4429 1591 4499 ipsammet
1614 4432 1777 4487 etiam
1803 4447 1976 4500 quau-

395 4513 573 4580 doque
630 4514 871 4567 divinam
926 4518 1238 4574 essentiam.
1289 4521 1366 4575 Et-
1406 4522 1702 4591 aliquando
1752 4526 1975 4595 quidem

396 4601 566 4669 ipsam
598 4618 623 4655 a
656 4604 816 4657 rebus
846 4620 964 4674 qua:
994 4619 1279 4677 apparent,
1329 4628 1540 4681 magna:
1568 4614 1973 4684 mstimationis,

395 4693 634 4758 laudant,
680 4705 936 4765 tanquam
970 4700 1173 4756 solem:
1210 4718 1383 4772 neque
1415 4707 1464 4760 id
1497 4708 1845 4777 simpliciter.
1879 4715 1973 4767 sed

392 4792 649 4853 tanquam
703 4786 881 4842 Solem
928 4790 1187 4859 justitiae,
1227 4793 1380 4861 juxta
1428 4798 1745 4867 prophetam
1803 4800 1974 4853 illaia-

391 4877 569 4931 chiatu
608 4880 700 4933 6‘:
754 4889 1008 4950 tanquam
1070 4886 1284 4940 stellam
1349 4892 1713 4957 matutinum,
1766 4897 1858 4948 sed
1921 4896 1971 4949 in

392 4970 572 5023 anima
605 4971 897 5035 orientem,
941 4973 1092 5041 juxta
1127 4992 1380 5047 magnum
1433 4980 1653 5036 Petrum
1689 4984 1741 5039 iu
1778 4988 1968 5041 catho-

394 5062 496 5114 lica
522 5063 782 5131 'Epistola
813 5080 910 5118 sua
951 5066 1260 5125 dicentem:
1298 5069 1472 5125 Donec
1535 5075 1731 5145 lucifer
1766 5079 1975 5132 oriatur

394 5155 446 5205 in
474 5156 721 5209 cordibus
771 5158 955 5211 vestris
981 5158 1031 5198 δ’
1060 5178 1072 5213 :
1105 5172 1155 5213 et
1190 5172 1246 5215 ut
1289 5162 1490 5227 lumen,
1514 5168 1607 5220 sed
1650 5170 1768 5224 sine
1824 5180 1975 5238 tegu-

396 5256 575 5300 mento
597 5248 1071 5317 splendens.juxta
1106 5252 1231 5306 illud
1254 5254 1400 5325 :Ego
1422 5275 1537 5312 sum
1567 5260 1663 5315 lux
1691 5264 1879 5316 mundi
1898 5264 1971 5327 c';

376 5347 559 5405 atque
586 5339 711 5391 illud
739 5358 751 5393 :
782 5340 914 5395 Erat
940 5344 1033 5397 lux
1055 5344 1263 5400 verad'.
1288 5349 1595 5417 Aliquando
1622 5367 1747 5406 vero
1765 5369 1792 5403 a
1812 5352 1975 5405 rebus

398 5428 784 5499 tuediocribus,
833 5434 980 5487 verbi
1015 5438 1214 5503 gratia,
1256 5450 1314 5491 ut
1363 5442 1575 5509 ignem,
1618 5442 1712 5496 sed
1760 5443 1976 5498 innoxie

469 5576 514 5606 ι’
548 5567 782 5622 Malach.
835 5573 981 5631 tv,2.
1060 5576 1111 5615 δ’
1140 5577 1177 5631 ll
1224 5578 1373 5636 Petr.
1412 5596 1449 5645 ι,
1497 5580 1585 5634 l9.

408 5708 413 5712 ι
472 5685 626 5757 ‘Lrg.
655 5689 805 5757 παρά
834 5692 934 5747 vel.
972 5693 1123 5762 πρός.
1159 5695 1312 5751 Eutr.
1344 5695 1585 5751 ΡΑτιιυι..

2081 4425 2380 4497 δηλοῦντας
2428 4424 2699 4489 πλάσεων,
2744 4422 2878 4477 ἀλλά
2913 4422 3005 4475 καὶ
3045 4418 3214 4489 αὐτὴν
3254 4419 3404 4472 ἔστιν
3448 4421 3538 4473 ὅτε
3580 4421 3685 4489 τὴν

2083 4515 2379 4588 θεαρχικὴν
2408 4516 2614 4569 οὐσίαν.
2643 4514 2754 4569 Καὶ
2788 4514 2919 4566 ποτὲ
2958 4512 3057 4583 μὲν
3088 4510 3257 4581 αὐτὴν
3286 4510 3394 4563 ἀπὸ
3423 4510 3534 4563 τῶν
3562 4527 3685 4577 φαι-

2080 4608 2327 4679 νομένων
2378 4608 2581 4679 τιμίων
2629 4606 2926 4678 ὑμνοῦσιν,
2968 4604 3045 4667 ὠς
3103 4602 3289 4672 ἥλιον·
3345 4602 3448 4672 οὐχ
3498 4601 3684 4663 ἁπλῶς

2080 4699 2253 4770 ⁴ἣλιον,
2294 4698 2433 4753 ἀλλά
2474 4698 2818 4768 δικαιοσύνης
2858 4695 2997 4749 κατά
3023 4695 3114 4748 τὸν
3153 4695 3442 4766 προφήτην
3491 4692 3683 4747 Μαλα-

2084 4799 2235 4869 χίαν⁸
2267 4798 2343 4862 ὡς
2387 4798 2521 4869 ἑῷον
2565 4796 2789 4867 ἀστέρα,
2825 4794 2940 4848 ἀλλ’
2969 4795 3051 4855 είς
3081 4792 3260 4862 ψυχὴν
3298 4790 3680 4850 ἀνατέλλοντα,

2081 4890 2223 4946 κατά
2252 4891 2343 4943 τὸν
2375 4891 2547 4962 μέγαν
2571 4890 2778 4962 Πέτρον
2805 4889 2862 4941 ὲν
2888 4891 2956 4960 τῇ
2988 4886 3249 4956 καθολικῇ
3281 4884 3574 4955 Ἐπιστολῇ
3598 4884 3683 4936 αὑ·

2078 4984 2173 5037 τοῦ
2224 4981 2450 5052 λέγοντα
2470 5024 2484 5047 ,
2534 4984 2687 5051 Ἕως
2708 4981 2779 5035 οὗ
2815 4981 3137 5051 φωσφόρος
3163 4976 3451 5032 ἀνατελεῖ
3466 4977 3539 5029 ἐν
3559 4976 3683 5040 ταῖς

2081 5077 2350 5145 καρδίαις
2378 5073 2574 5144 ὑμῶν*
2606 5075 2699 5126 xui.
2739 5072 2813 5136 ὡς
2866 5070 3009 5140 φῶς,
3057 5068 3170 5122 ἀλλ’
3217 5067 3680 5138 ἀπερικαλύπτως

2084 5169 2451 5239 καταυγόιζον,
2477 5168 2551 5230 ῶς
2574 5167 2654 5231 τὸ,
2698 5163 2844 5234 Ἐγώ
2875 5165 2991 5233 εἰμι
3028 5162 3092 5215 τὸ
3118 5160 3245 5230 φῶς
3272 5159 3380 5213 τοῦ
3410 5161 3644 5229 κόσμου
3665 5175 3677 5186 ·

2081 5264 2173 5315 καὶ
2199 5262 2280 5324 τὸ,
2319 5258 2441 5314 Ἦν
2469 5259 2533 5311 τὸ
2572 5257 2698 5327 φῶς
2727 5256 2789 5310 τὸ
2822 5254 3135 5321 ἀληθινόν.
3174 5250 3311 5304 Ποτὲ
3339 5250 3398 5303 δὲ
3432 5250 3548 5304 ἀπὸ
3574 5249 3677 5301 τῶν

2086 5354 2288 5423 μέσων,
2327 5350 2404 5413 ὡς
2441 5348 2573 5420 πῦρ,
2612 5347 2729 5400 ἀλλ’
2756 5345 3011 5408 ἀϐλαϐῶς
3052 5344 3145 5397 καὶ
3174 5340 3471 5403 ἀκαύστως
3513 5339 3673 5409 (suti-

2084 5446 2197 5509 ζον,
2237 5444 2314 5508 ῶς
2346 5445 2403 5496 ὲν
2428 5446 2496 5513 τῇ
2530 5442 2677 5510 βάτῳ
2704 5436 3071 5511 τεθεώρηταιο
3098 5435 3174 5500 ὼς
3203 5434 3370 5507 ὕδωρ,
3400 5433 3541 5487 ἀλλὰ
3579 5432 3670 5495 ζω-

1666 5584 1712 5619 ε⁶
1745 5580 1899 5637 Jeau.
1935 5596 2051 5643 tut,
2116 5582 2201 5637 12.
2277 5581 2326 5620 α’
2358 5581 2517 5639 ιοέιιι.
2564 5597 2602 5646 ι,
2652 5580 2705 5635 9.
