3748 6310
187 367 287 423 ιοι

183 574 531 649 συμὼλικῶς
556 576 749 635 εἰπεῖν,
772 576 853 637 είς
880 576 1144 646 γαστέρα,
1168 578 1268 647 τὴν
1295 576 1476 648 ψυχὴν
1502 578 1768 649 δηλονότι,

695 369 779 425 DE
809 368 1139 426 C(ELESTI
1173 368 1623 440 HIERARCHIA,
1656 371 1814 431 CAP.
1853 374 1918 432 ll.
1952 406 2023 419 —-
2054 376 2404 437 PARAPHR.
2447 362 2925 440 ΡᾸΟΗΥΜΕΒΑΞ.

178 484 349 555 τικῆς
391 482 833 555 ἀποπληρώσεως
874 487 968 538 καὶ
1008 486 1325 577 χορτασμού
1377 487 1632 559 χορηγὸν,
1680 489 1774 542 καλ⁵
1804 523 1852 577 Δ

3362 390 3460 445 162

1896 489 2291 545 illuminamem
2340 504 2396 548 et
2444 495 2560 550 sine
2590 499 2987 564 combuSIione,
3034 500 3177 556 sicut
3226 504 3277 558 in
3325 509 3460 561 rubo

1879 582 2056 635 visum
2098 600 2112 637 :
2154 593 2212 637 ut
2258 601 2492 654 aquam,
2537 591 2631 642 sed
2666 605 2787 659 quae
2826 592 3044 648 vitalem
3094 596 3456 664 expletionem

178 666 547 738 διαδυόμενον,
582 666 675 719 καὶ
713 666 992 736 ποταμοὺς
1044 664 1361 731 ἀναδλύζον,
1398 668 1642 737 ἀσχέτως
1679 688 1733 723 κε

1938 673 2290 744 tietatemqne
2319 679 2545 745 praebet,
2574 691 2628 733 et
2656 698 2797 751 quae,
2828 694 2887 736 nt
2913 687 3215 754 symbolice
3241 688 3456 759 loquar,

179 760 514 832 ἀκρατήτως
542 758 932 832 ἀπορῤέοντας,
957 758 1099 812 κατὰ
1124 758 1207 823 τὸ,
1234 760 1491 829 Ποταμοί
1507 763 1768 828 ῥεύσου-

177 869 286 905 σιν
313 851 384 905 ἑκ
411 849 522 918 τῆς
550 851 783 916 κοιλίας
808 849 995 903 αὐτοῦ
1021 849 1239 915 ὕδατος
1271 848 1503 917 ζῶντος.
1546 853 1685 906 Ποτὲ
1710 853 1767 907 δὲ

177 944 290 997 ἀπὸ
317 943 425 997 τῶν
446 943 691 1014 ἐσχάτων
714 942 807 995 καὶ
832 941 1141 1013 χθαμιαλῶν,
1167 942 1243 1005 ὼς
1266 942 1436 1015 μύρον
1461 944 1676 1008 εὑῶδες,
1693 945 1768 1009 ὡς

176 1034 333 1108 παρά
354 1035 434 1107 τῷ
459 1034 780 1105 Σολομῶντι,
807 1036 1013 1103 Μύρον
1034 1033 1366 1089 ἐκκενωθὲν
1400 1035 1586 1106 ὄνομά
1616 1055 1760 1091 σου·

173 1126 255 1189 ὼς
304 1124 450 1178 λίθον
511 1126 925 1197 ἀκρογωνιαῖον,
970 1125 1047 1188 ὡς
1088 1126 1241 1196 παρά
1283 1126 1361 1197 τῷ
1400 1129 1616 1199 Δανιήλ.
1657 1129 1765 1181 Καὶ

175 1216 395 1287 μορφὰς
424 1216 559 1287 αύτῇ
596 1216 932 1288 περιτιθέασι
960 1216 1207 1282 λεόντων,
1237 1218 1531 1291 πάνθηρος,
1559 1219 1764 1290 παρδά-

168 1306 331 1371 λεως,
359 1309 452 1362 καὶ
473 1308 854 1380 ἀπορουμένης
876 1308 1101 1379 ἄρκτου,
1127 1308 1202 1372 ὡς
1231 1311 1289 1362 ὲν
1316 1314 1429 1373 τοῖς
1455 1313 1762 1382 προφήταις

168 1398 538 1470 εὑρίσκονται.
562 1397 862 1470 Προσθήσω
880 1397 956 1461 δὲ,
990 1398 1071 1450 ὅτι
1092 1401 1185 1452 καὶ
1207 1399 1488 1471 σκώληκος
1510 1398 1646 1465 εἶδος
1669 1404 1760 1456 καὶ

167 1492 487 1561 ὀνομασίαν,
525 1489 666 1543 κατὰ
714 1490 794 1551 τὸ,
849 1489 993 1560 Ἐγώ
1036 1494 1151 1560 ειμι
1182 1490 1459 1560 σκώληξ,
1506 1495 1603 1547 καί
1647 1498 1757 1549 οὐκ

168 1585 513 1651 ἅνθρωπος·
563 1584 656 1636 καὶ
706 1578 845 1646 εἶδος
900 1584 1098 1654 μᾶλλον
1142 1584 1235 1637 τοῦ
1286 1586 1563 1658 σκώληκος
1595 1588 1643 1640 οί
1689 1588 1758 1641 τὰ

168 1675 293 1728 θεῖα
324 1676 480 1743 σοφοὶ
509 1673 899 1740 ἀποδεδώκασι,
932 1675 1019 1729 διά
1051 1676 1148 1747 τὴν
1191 1678 1428 1749 ἄσπορον
1456 1681 1520 1732 ὲκ
1547 1680 1757 1752 Παρθέ-

165 1784 263 1820 νου
290 1765 574 1837 σύλληψιν,
608 1767 700 1820 καὶ
724 1767 785 1821 τὸ
810 1765 1013 1821 τέλειον
1040 1763 1179 1831 εἶδος
1204 1768 1296 1821 τοῦ
1322 1769 1630 1841 ἀνθρώπου,
1660 1771 1755 1825 καὶ

164 1860 268 1931 τὴν
295 1860 507 1917 τελείαν
534 1862 696 1933 φύσιν
722 1863 789 1933 ἢν
817 1862 1201 1936 προσελάϐετο.

239 2148 401 2202 Οὕτω
424 2149 629 2213 πάντες
657 2151 707 2203 οἱ
734 2148 978 2218 θεόσοφοι
1002 2150 1103 2221 τῆς
1129 2149 1279 2214 θείας
1307 2152 1591 2217 ἐπιπνοίας
1622 2156 1755 2209 ὑπο-

162 2242 337 2312 φῆται
353 2241 461 2294 τῶν
484 2242 785 2296 ἀτελέστων
812 2243 906 2297 καὶ
925 2242 1155 2315 ἀνιέρων
1178 2243 1417 2313 τὰἊγια
1449 2245 1559 2298 τῶν
1583 2246 1754 2316 ἁγίων

160 2332 665 2398 ἀποδιαστέλλουσι,
703 2334 797 2387 καὶ
823 2334 921 2407 τὴν
964 2334 1216 2406 ἀνόμοιον
1241 2335 1638 2409 ίερομόριρωσιν
1672 2355 1755 2392 τι-

165 2422 368 2493 μῶσιν,
393 2422 471 2487 ὡς
497 2424 633 2495 μήτε
662 2423 729 2477 τά
758 2423 874 2477 θεῖα
900 2426 963 2477 ὲκ
986 2425 1277 2497 προχείρου
1305 2421 1441 2479 εἶναι
1464 2429 1576 2490 τοῖς
1604 2426 1757 2500 βεϐή-

159 2517 277 2582 λοις
308 2518 573 2583 νοεῖσθαι,
611 2520 748 2589 μήτε
777 2519 906 2583 τοὺς
927 2519 1035 2573 τῶν
1062 2521 1225 2591 ἱερῶν
1252 2520 1582 2591 ἀγαλμάτων
1608 2520 1753 2590 φιλο-

160 2610 458 2682 θεάμονας,
476 2610 551 2674 ὡς
576 2610 830 2681 ἀληθέσιν
854 2611 1206 2682 ὲναπομένειν
1225 2614 1337 2675 τοῖς
1354 2611 1562 2674 τύποις.
1586 2610 1753 2664 Τοῦτο

158 2702 319 2768 δὶ.ὲξ
368 2702 634 2773 Ἐλλήνων
681 2701 962 2772 εἴληπταιο
1013 2703 1207 2755 ἐκεῖνοι
1252 2701 1360 2773 γάρ
1411 2702 1627 2755 ἐποίουν
1664 2696 1752 2756 οἷά

157 2809 315 2855 τινας
347 2794 686 2865 ἀνδριάντας,
719 2794 855 2866 μήτε
879 2796 1086 2865 χεῖρας,
1135 2795 1272 2865 μήτε
1307 2793 1472 2857 πόδας
1498 2793 1747 2864 ἔχοντας’

156 2884 386 2948 τούτους
418 2884 475 2938 δὲ
519 2884 724 2957 Ἑρμᾶς
764 2884 1011 2948 ἐκάλουν,
1053 2884 1128 2947 ὡς
1164 2884 1409 2956 κρυφίως
1434 2885 1585 2948 ἐντὸς
1618 2885 1751 2957 κρύ-

158 2994 394 3040 πτοντας
420 2976 486 3031 τὸ
506 2976 753 3048 ἀγαλμω
790 2975 859 3029 τά
882 2975 990 3045 γὰρ
1019 2974 1223 3047 κρύφια
1252 2976 1329 3047 τῷ
1368 2976 1423 3029 Ἑ
1437 2980 1544 3049 ρμῇ
1571 2979 1751 3034 ἀνετί-

159 3068 307 3123 θουν.
356 3068 603 3121 Ἐποίουν
627 3067 735 3139 γὰρ
759 3068 816 3121 ὲν
839 3068 1020 3132 αὐτοῖς
1057 3068 1151 3120 καὶ
1189 3066 1357 3138 θύρας
1400 3069 1494 3121 καὶ
1553 3070 1750 3135 τόπους

156 3160 471 3224 διακένους,
502 3160 596 3213 καὶ
623 3158 822 3212 ἔσωθεν
850 3159 1093 3212 ἐτίθεσαν
1131 3158 1419 3229 ἀγάλματα
1453 3152 1527 3212 ὧν
1563 3160 1748 3215 ἔσεϐον

156 3250 316 3305 θεῶν.
366 3250 678 3319 Ἐφαίνοντο
720 3245 811 3303 οὖν
839 3250 889 3301 οἱ
932 3250 1128 3321 Ἑρμαῖ
1171 3249 1436 3313 εὐτελεῖς,
1467 3250 1666 3304 ἔσωθεν
1692 3252 1748 3306 δὲ

155 3345 285 3408 τοὺς
314 3345 426 3397 τῶν
462 3342 599 3396 θεῶν
624 3342 1041 3413 καλλωπισμους
1066 3338 1209 3413 εἶχον
1231 3360 1244 3373 ·
1276 3344 1325 3395 οἱ
1351 3343 1482 3411 γοῦν
1509 3344 1749 3412 φιλοθεά-

156 3450 325 3504 μονες
367 3432 597 3496 τούτων,
629 3435 742 3497 τοῖς
782 3434 1009 3504 Ἑρμαῖς
1036 3432 1099 3485 ού
1128 3436 1436 3503 προσεῖχον,
1470 3434 1605 3487 ἀλλά
1633 3437 1745 3499 τοῖς

155 3524 367 3578 ἔσωθεν
418 3526 715 3595 ἀγάλμασι.
772 3524 872 3577 Διά
901 3524 1075 3577 ταῦτα
1102 3524 1299 3588 τοίνυν,
1364 3525 1459 3578 καλ⁴
1508 3525 1646 3579 ὥστε
1677 3528 1747 3581 τὰ

156 3617 279 3670 θεῖα
308 3616 473 3671 πάλιν
506 3617 768 3689 τιμᾶσθαι
797 3620 920 3682 ταῖς
954 3616 1210 3688 ἀληθέσιν
1239 3618 1579 3687 ἀποφάσεσιν
1601 3638 1613 3651 ο
1662 3622 1744 3675 ὅτι

156 3713 262 3764 κᾶν
300 3712 352 3776 ὅ,
386 3729 439 3765 τι
470 3711 664 3775 εἴποις,
709 3713 770 3765 ού
799 3710 959 3765 τοῦτό
995 3714 1116 3765 ἐστι
1154 3712 1216 3765 τὸ
1244 3712 1419 3775 Θεῖον,
1461 3714 1602 3768 κατὰ
1648 3716 1746 3788 τὴν

154 3803 509 3875 ἀποφατικὴν
536 3802 833 3872 θεολογίαν.
870 3804 980 3857 Καὶ
1032 3803 1193 3858 πάλιν
1220 3802 1379 3856 τοῦτο
1406 3803 1618 3873 λέγεται
1648 3826 1747 3862 καο

155 3896 227 3950 τὰ
257 3896 362 3967 τὴν
396 3896 798 3968 καταφατικὴν,
843 3894 957 3949 ἀλλ’
991 3895 1089 3966 οὐχ
1130 3895 1318 3959 ἀπλῶς
1374 3899 1470 3952 καὶ
1516 3899 1741 3972 κυρίως,

155 3988 295 4041 ἀλλά
319 3990 443 4051 ταῖς
488 3986 624 4058 πρὸς
654 3987 723 4040 τὰ
746 3987 999 4058 χθαμαλὰ
1020 3990 1285 4061 έτεροίαις
1331 3994 1425 4045 καὶ
1466 3993 1747 4065 ἑτερότρό-

156 4094 280 4140 ποις
308 4074 681 4147 ἀφομοιώσεσι
718 4075 829 4127 τῶν
857 4075 1261 4145 ἀπηχημάτων,
1298 4078 1464 4130 οἱονεὶ
1515 4078 1624 4130 τῶν
1646 4078 1744 4149 δη-

159 4166 611 4240 μιουργημάτων.
668 4165 755 4230 Ὠς
811 4168 920 4239 γάρ
996 4168 1267 4239 ἀπήχημά
1322 4171 1437 4223 ἐστι
1492 4168 1553 4223 τὸ
1610 4170 1746 4242 μετά

153 4258 247 4312 τὸν
273 4254 411 4328 ἦχον
436 4259 808 4327 ὲναπομεϊναν
840 4259 908 4327 τῇ
962 4258 1099 4329 ἀκοῇ
1147 4258 1389 4330 ἀμυδρόν
1412 4277 1465 4312 τι
1507 4261 1605 4333 τῆς
1635 4278 1747 4329 φω-

155 4352 253 4423 νῆς
309 4347 593 4419 λείψανον·
638 4348 781 4401 οὕτω
840 4350 936 4403 καὶ
964 4349 1033 4402 τά
1086 4349 1542 4424 δημιουργήματα
1577 4392 1592 4416 ,
1642 4351 1744 4421 τῆς

156 4440 311 4503 θείας
342 4438 801 4511 ὑπερουσιότητος
849 4438 1068 4511 ἀμυδρά
1094 4440 1178 4503 τίς
1199 4440 1315 4493 ἐστι
1335 4441 1568 4513 δήλωσις
1594 4456 1607 4471 ⁶
1643 4438 1745 4491 ούκ

154 4533 219 4585 ἐκ
254 4532 367 4585 τῶν
385 4528 508 4583 καθ’
543 4528 713 4600 αὐτὴν
733 4533 749 4549 ⁶
779 4528 909 4601 γάρ,
939 4529 1052 4583 ἀλλ’
1086 4531 1150 4583 ὲκ
1182 4530 1290 4584 τῶν
1323 4532 1451 4604 περὶ
1481 4533 1649 4605 αὐτὴν
1683 4531 1745 4585 τὸ

1874 762 1924 815 in
1962 771 2241 827 ventrem,
2282 764 2335 819 id
2370 776 2455 819 est
2486 768 2750 833 animam,
2780 770 2989 835 diffluit.
3022 784 3077 830 et
3110 776 3304 833 ﬂuvios
3335 796 3459 833 sns-

1870 855 2003 910 citat
2032 860 2315 927 eruptione
2355 860 2523 915 libera
2567 862 2869 930 elllueutes,
2899 867 3050 935 juxta
3104 869 3279 923 illud:
3320 871 3456 925 Flu-

1869 948 2013 1000 mina
2044 948 2107 1001 de
2153 962 2329 1004 ventre
2377 954 2493 1020 ejus
2537 956 2701 1021 ﬂuent
2747 974 2899 1026 aquis
2940 960 3066 1013 vitae
3095 971 3139 1011 θ.
3192 960 3456 1016 Nonnun-

1867 1054 2031 1109 quam
2061 1057 2273 1110 quoque
2305 1043 2521 1099 laudant
2555 1046 2623 1099 ab
2656 1048 2857 1104 inlimis
2889 1053 3229 1121 terrenisque
3262 1056 3449 1121 rebus,

1869 1142 1927 1184 ιιι
1975 1143 2306 1201 unguentum
2341 1132 2664 1198 odoratum,
2696 1139 2843 1191 sicut
2881 1140 3021 1209 apud
3072 1143 3449 1208 Salomonem,

1868 1221 2201 1293 Unguentum
2237 1226 2463 1294 eﬂ'nsum
2505 1243 2694 1281 nomen
2728 1240 2876 1284 luunt
2907 1230 2965 1285 t:
3001 1243 3057 1284 ιιι
3098 1234 3324 1302 lapidem
3356 1251 3455 1289 an-

1863 1314 2128 1383 gularem,
2158 1318 2296 1385 apud
2328 1316 2626 1371 Daniclem.
2661 1320 2800 1386 Quin
2836 1332 2890 1375 et
2921 1322 3110 1377 formis
3141 1324 3268 1379 ferae
3299 1326 3448 1381 illam

1864 1404 2116 1467 induunt,
2147 1405 2386 1470 leonum,
2416 1410 2714 1477 pantherae,
2747 1413 3123 1484 pardi,qatqne
3162 1418 3271 1470 ursi
3306 1418 3451 1472 indi-

1861 1497 2061 1565 gentis,
2086 1500 2543 1567 quemadmodum
2578 1503 2629 1555 in
2670 1506 2952 1574 prophetis
2982 1508 3249 1576 reperitur
3274 1511 3321 1561 Β.
3349 1510 3450 1563 Ad-

1860 1586 1982 1639 dam
2037 1598 2300 1656 praeterea
2346 1594 2550 1647 vermis
2603 1595 2838 1663 Speciem
2886 1605 2941 1649 et
2996 1598 3443 1665 appellationem,
3500 1640 3515 1650 .

1853 1674 2009 1746 juxta
2041 1679 2169 1733 illud
2200 1698 2214 1735 :
2251 1682 2361 1751 [1'90
2385 1700 2504 1737 sum
2534 1687 2745 1751 vermis,
2768 1697 2816 1738 et
2847 1704 2949 1741 non
2979 1686 3213 1752 homo“;
3247 1690 3448 1759 magis-

1858 1784 1964 1837 que
1994 1771 2192 1825 vermis
2234 1779 2470 1840 speciem
2504 1776 2580 1842 hi,
2624 1779 2713 1843 qui
2745 1778 2929 1831 divina
2962 1781 3205 1850 sapiunt,
3236 1798 3435 1851 appro-

1858 1857 2077 1922 baruut,
2110 1871 2337 1930 propter
2380 1864 2499 1932 ejus
2542 1881 2605 1919 ex
2647 1866 2869 1935 Virgine
2910 1869 3029 1925 sine
3062 1871 3271 1925 semine
3317 1888 3448 1929 con-

1792 1942 1832 1997 B
1858 1950 2187 2019 ccptionem,
2228 1963 2283 2007 et
2319 1956 2619 2024 perfectam
2673 1958 2910 2014 hominis
2947 1964 3223 2030 speciem,
3262 1963 3444 2034 perfe-

1859 2052 2116 2112 ctamque
2146 2056 2394 2100 naturam
2426 2063 2589 2117 quant
2623 2052 2936 2121 assumpsit.

1929 2132 2021 2187 Sic
2049 2147 2241 2190 omnes
2269 2137 2386 2205 qui,
2421 2139 2603 2199 divina
2648 2150 2975 2209 praestantes
3020 2146 3310 2215 sapientia,
3357 2149 3442 2203 di-

1857 2228 2009 2283 vinas
2058 2230 2444 2298 inSpiratiunes
2493 2234 2943 2305 interpretantur,
2975 2256 3003 2294 a
3038 2243 3204 2297 rebus
3237 2243 3441 2313 impero

1858 2319 2013 2374 fectis
2041 2335 2108 2376 ac
2154 2323 2403 2391 profanis
2461 2325 2662 2381 Sancta
2700 2339 3011 2384 sanctorum
3048 2345 3359 2399 secernunt,
3389 2347 3444 2391 et

1856 2411 2176 2467 dissimilem
2212 2414 2507 2483 figurarum
2545 2431 2823 2470 sacrarmu
2856 2419 3131 2474 fictionem
3162 2426 3396 2490 probant
3424 2444 3438 2479 :

1856 2514 1915 2559 ιιι
1956 2519 2060 2560 nec
2086 2520 2116 2559 a
2157 2507 2410 2574 profanis
2443 2523 2531 2562 res
2582 2508 2780 2564 d-ivime
2816 2511 2974 2567 facile
3023 2527 3441 2582 cognoscantur,

1854 2612 2030 2667 neque
2067 2599 2293 2653 studiosi
2342 2614 2629 2655 sacrorum
2689 2603 3155 2674 contemplatores
3206 2608 3438 2662 simula-

1853 2701 2091 2753 crorum,
2125 2689 2322 2745 talibus
2368 2690 2577 2760 figuris,
2610 2702 2867 2763 tanquam
2914 2697 3083 2760 veris,
3133 2698 3432 2752 immoren-

1856 2791 1961 2835 tur.
2010 2780 2123 2835 Hoc
2165 2792 2344 2835 autem
2395 2783 2465 2836 ab
2500 2784 2738 2838 ethnicis
2786 2796 3115 2855 acceptum:
3165 2791 3435 2860 siquidem

1853 2871 1951 2941 ipsi
1997 2871 2269 2926 faciebant
2315 2876 2467 2941 quasi
2520 2874 2769 2942 qna-dam
2821 2879 3121 2933 simulacra
3182 2882 3440 2937 manibus

1853 2960 2182 3031 pedibusque
2230 2962 2512 3026 destituta,
2541 2980 2662 3033 quae
2707 2966 3055 3022 Mercuriales
3090 2980 3299 3025 statuas
3346 2986 3442 3023 vo-
3474 3035 3483 3044 ι

1853 3056 2073 3120 cabant,
2107 3056 2307 3125 quippe
2335 3056 2482 3125 quod
2519 3058 2732 3111 occulte
2764 3060 2909 3114 intus
2938 3062 3294 3117 simulacrum
3335 3068 3437 3120 ali-
3464 3050 3469 3059 ’

1851 3147 1992 3215 quod
2029 3147 2463 3203 absconderem:
2498 3166 2620 3202 nam
2661 3166 2782 3220 quia:
2822 3154 3038 3205 occulta
3071 3166 3258 3222 erant,
3289 3157 3433 3211 Mer-

1776 3283 1817 3340 c
1848 3241 2004 3295 curio
2048 3241 2423 3296 ascribebant.
2478 3241 2781 3298 Faciebaut
2832 3256 3015 3300 autem
3073 3249 3125 3301 in
3187 3249 3252 3303 iis
3304 3266 3427 3305 cum

1848 3330 2016 3396 ostia,
2051 3340 2161 3384 tum
2190 3331 2585 3397 coneavitates,
2624 3333 2823 3400 quibus
2853 3335 3081 3389 deorum
3126 3354 3263 3406 quos
3295 3340 3439 3395 cole-

1856 3423 2019 3487 bant,
2070 3424 2365 3478 simulacra
2420 3424 2794 3490 impenebant.
2848 3428 3201 3498 Apparebant
3257 3432 3439 3501 itaque

1846 3512 1981 3567 viles
1997 3514 2324 3584 ejuscemodi
2350 3526 2543 3571 statuae
2570 3516 3045 3583 Mercuriales,sed
3072 3522 3216 3575 intra
3235 3538 3295 3578 se
3317 3525 3446 3579 deo-

1848 3620 1969 3659 rum
1993 3615 2314 3661 ornamenta
2342 3608 2694 3663 continebant
2716 3626 2732 3675 ;
2756 3611 2981 3665 studiosi
3015 3613 3195 3681 itaque
3223 3614 3435 3667 illarum

1848 3698 1955 3768 27
1980 3700 2438 3769 contemplatores
2474 3740 2489 3764 ,
2531 3716 2635 3753 non
2667 3710 2777 3755 tam
2827 3705 3026 3758 statuis
3056 3704 3175 3759 istis
3206 3693 3440 3773 quadra;

1851 3794 1920 3845 Iis
1945 3792 2330 3857 attendebant,
2357 3808 2520 3861 quam
2554 3792 2914 3849 interioribus
2943 3796 3276 3851 simulacris.
3332 3797 3439 3852 Per

1851 3885 1965 3939 haec
1994 3885 2178 3955 itaque
2202 3887 2367 3939 etiam
2401 3886 2582 3939 divina
2640 3887 2789 3940 veris
2844 3887 3230 3956 negationibus
3288 3888 3436 3941 cele-

1850 3975 2052 4029 branda
2085 3984 2247 4029 sunt:
2280 3977 2380 4029 etsi
2417 3977 2563 4030 enim
2589 3978 2719 4045 quid
2749 3974 3079 4042 ejuscemodi
3107 3979 3338 4044 dixeris,
3354 3990 3432 4033 ta-

1850 4066 2149 4134 menjuxta
2181 4075 2468 4136 negantem
2514 4067 2868 4139 theologiam,
2903 4068 3035 4121 illud
3065 4084 3172 4123 non
3206 4079 3292 4124 est
3319 4086 3423 4123 nu—

1849 4174 1993 4212 men.
2023 4158 2086 4211 Et
2120 4173 2312 4211 rursus
2346 4158 2450 4212 hoc
2481 4158 2687 4213 dicitur
2719 4162 3019 4214 secundum
3066 4159 3432 4216 afﬁrmantem

1850 4249 2201 4318 theologiam,
2224 4249 2317 4304 sed
2337 4266 2445 4305 non
2472 4252 2803 4321 simpliciter
2829 4267 2895 4306 ac
2924 4266 3073 4316 vere,
3095 4254 3191 4307 sed
3225 4269 3323 4323 per
3354 4256 3416 4308 af
3426 4285 3435 4295 -

1848 4340 2111 4394 finitatem
2144 4355 2268 4395 cum
2303 4343 2463 4395 rebus
2498 4343 2732 4396 terrenis
2760 4358 2826 4397 ac
2854 4342 3240 4397 diversimodis
3281 4344 3435 4398 simi-

1848 4432 2174 4489 litudinibus
2246 4436 2691 4488 resonantiarum
2770 4436 3178 4504 quodammodo
3248 4450 3430 4490 rerum

1848 4534 2183 4580 creatarum.
2213 4523 2367 4578 Sicut
2397 4527 2543 4580 enim
2574 4526 2890 4581 resonantia
2931 4537 3015 4579 est
3045 4527 3097 4580 id
3126 4528 3269 4595 quod
3313 4539 3435 4595 post

153 4620 399 4674 τοιοῦτον
425 4619 714 4688 συνάγεται
742 4618 991 4690 ίνδαλμα.
1029 4621 1271 4691 Ἔσχατα
1297 4622 1355 4675 δὲ
1400 4624 1733 4695 ἀπηχήματα

1929 4633 2067 4682 tum,
2094 4633 2187 4672 seu
2216 4618 2375 4671 exilis
2405 4618 2626 4687 quidam
2674 4618 2825 4672 vocis
2871 4617 3082 4684 sibilus,
3115 4620 3320 4672 auditu:
3351 4619 3427 4673 in-

152 4713 223 4767 τά
267 4712 536 4784 ἡμέτερα,
594 4710 733 4781 πρὸς
791 4711 1197 4785 ἀντιδιαστολὴν
1238 4712 1348 4767 τῶν
1392 4714 1737 4784 ἀγγελικῶν·

151 4804 233 4857 δτι
255 4804 351 4857 καὶ
380 4805 437 4855 ὲν
485 4805 552 4873 τῇ
584 4802 703 4856 καθ’
750 4788 899 4874 ἡμᾶς
941 4802 1043 4877 ὕλῃ
1080 4804 1425 4875 εὑρίσκονται
1459 4806 1741 4875 ἀναλόγως

152 4896 295 4950 θεῖαι
327 4894 640 4966 ὲμιρέρειαι,
670 4896 803 4947 ὅπου
835 4896 930 4948 καὶ
961 4896 1018 4947 ὲν
1044 4896 1295 4965 βοτάναις
1329 4897 1422 4950 καὶ
1456 4897 1741 4967 μετάλλοις

147 4987 210 5039 τὸ
240 4985 487 5055 ὠφελοῦν
519 4986 613 5039 καὶ
658 4985 925 5054 ζωογόνον
974 4985 1310 5057 εὑρίσκεται,
1346 4989 1441 5041 καὶ
1465 4990 1522 5042 ὲν
1559 4990 1741 5055 ἀλλοις

148 5079 316 5149 ἔτερα
350 5078 472 5131 θεῖα
511 5077 605 5130 καὶ
643 5078 941 5149 παράδοξα.
983 5078 1153 5130 υύδὲν
1185 5075 1277 5131 οὖν
1331 5080 1556 5141 ἄτοπον,
1617 5080 1769 5134 ἐπεὶΔ

147 5172 243 5223 καὶ
280 5168 375 5223 ἐπὶ
423 5167 561 5223 Θεοῦ
612 5168 674 5221 τὸ
720 5168 965 5221 τοιοῦτον
1013 5170 1334 5241 πράττεται,
1384 5171 1434 5222 εἰ
1489 5170 1583 5224 καὶ
1640 5170 1740 5235 τὰς

145 5263 436 5334 οὐρανίους
494 5261 753 5332 δυνάμεις
795 5262 859 5313 ὲκ
903 5261 1011 5313 τῶν
1057 5261 1303 5332 ἐσχάτων
1333 5262 1431 5315 καὶ
1465 5263 1739 5333 ἀνομοίων

145 5354 485 5425 ὁμοιοτήτων
536 5352 937 5406 ἀναπλάττουσι
969 5369 981 5382 ·
1012 5352 1172 5405 τοῦτο
1194 5352 1303 5425 γάρ
1360 5352 1491 5417 ἴσως
1547 5354 1642 5407 καὶ
1672 5357 1741 5425 ή-

150 5447 258 5514 μᾶς
288 5442 533 5517 ταράξαν
557 5443 645 5497 διὰ
670 5444 730 5497 τὸ
759 5442 997 5507 δυσειδὲς
1024 5444 1126 5513 τῆς
1156 5444 1461 5516 δηλωτικῆς
1494 5446 1588 5498 καὶ
1631 5463 1737 5515 φα-

148 5533 437 5606 νεροποιοῦ
472 5534 849 5600 ἀναπλάσεως,
884 5534 1173 5605 κεκίνηκεν
1220 5536 1301 5597 είς
1330 5534 1430 5606 τὴν
1478 5538 1737 5609 τοιαύτην

1846 4711 2014 4765 haeret
2046 4724 2062 4775 ;
2099 4710 2179 4764 sic.
2206 4710 2372 4765 etiam
2430 4726 2517 4765 res
2565 4720 2765 4765 creata:
2825 4720 2954 4764 sunt
3008 4712 3239 4765 obscura
3284 4726 3432 4780 qua:-

1845 4803 1968 4857 dam
2002 4801 2375 4857 manifestatiu
2427 4802 2626 4857 divinae
2683 4799 3273 4872 supercsscntialitatis
3304 4823 3315 4855 :
3350 4801 3429 4855 si-

1843 4894 2062 4963 quidem
2089 4909 2194 4949 non
2212 4909 2291 4951 ,ει
2324 4892 2391 4948 iis
2419 4894 2581 4948 rebus
2609 4908 2731 4963 qua:
2763 4895 2815 4948 in
2842 4896 2978 4963 ipsa,
2998 4892 3091 4946 sed
3121 4906 3184 4945 ex
3214 4890 3281 4945 iis
3308 4906 3429 4959 qua:

1843 4987 1912 5040 ab
1939 4986 2052 5055 ipsa
2071 4996 2217 5052 sunt,
2240 4987 2451 5055 species
2474 4986 2806 5056 ejuscemodi
2825 4983 3176 5054 imprimitur.
3217 4982 3431 5038 Ultimae

1844 5089 2027 5134 autem
2059 5079 2385 5134 resonantia;
2415 5094 2512 5134 seu
2538 5080 2752 5149 species
2774 5090 2902 5135 sunt
2928 5086 3430 5145 nostra:,connpara-

1845 5171 1992 5227 tione
2015 5172 2382 5241 angelicarum
2403 5185 2417 5222 :
2439 5172 2699 5239 quoniam
2726 5171 2777 5223 iu
2800 5170 2962 5224 rebus
2980 5181 3194 5235 quoque
3224 5177 3430 5221 nostra-

1844 5265 2013 5328 tibus,
2030 5263 2384 5333 pr0portione
2408 5263 2672 5333 quadam,
2705 5262 2904 5316 divina:
2925 5260 3319 5314 similitudines
3339 5272 3428 5311 re-

1844 5356 2166 5424 periuntur;
2191 5370 2315 5409 cum
2333 5354 2499 5409 etiam
2544 5354 2598 5408 in
2641 5352 2825 5408 herbis
2849 5368 2913 5406 ac
2938 5352 3172 5406 metallis
3204 5350 3255 5403 id
3284 5347 3425 5417 quod

1845 5448 2087 5517 prositet
2106 5447 2341 5502 vivificet
2370 5445 2868 5512 inveniatur,atque
2894 5446 2946 5498 in
2970 5444 3092 5498 aliis
3120 5444 3225 5496 alia
3245 5441 3425 5495 divina

1847 5542 2247 5610 mirabiliaque.
2309 5537 2453 5594 Nihil
2481 5539 2665 5607 itaque
2698 5537 2922 5592 absurdi
2954 5539 3042 5603 sit,
3097 5551 3222 5593 cum
3258 5536 3423 5588 etiam

225 5704 251 5731 ο
284 5690 447 5746 toan.
484 5705 586 5758 vn,
626 5689 719 5747 58.
802 5691 821 5730 ί
855 5692 1016 5747 Cant.
1065 5691 1185 5758 t,9..
1256 5694 1282 5732 ⁸
1306 5693 1445 5748 Osee
1475 5709 1595 5761 xm,
1630 5698 1682 5749 7.

1929 5699 1955 5755 Ι.
1989 5714 2104 5766 ut,
2153 5700 2208 5754 Ἰ.

222 5828 328 5885 ‘F.
361 5830 484 5885 κατ’
516 5830 703 5901 αὐτὴν.
730 5829 822 5885 Sic
846 5830 976 5901 legit
1008 5833 1302 5903 interpres.
1334 5834 1430 5889 En.
1467 5833 1712 5888 PATRUL.
