3748 6312
273 314 533 381 ἐἷ-3η

1474 315 1531 375 S.
1572 315 1877 375 DIONYSII
1910 316 2379 375 AREOPAGITIE
3542 313 3631 367 ιδι

342 436 399 495 in
455 440 565 494 Deo
616 437 669 492 id
698 438 813 501 ﬁat,
844 437 888 492 si
950 436 1202 494 cmlestes
1265 453 1482 508 quoque
1540 438 1777 493 virtutes
1818 453 1860 508 pl

2049 438 2286 511 ζήτησιν,
2331 438 2431 493 οὐκ
2469 438 2573 491 ἐῶν
2622 436 2779 509 ἡμῶν
2811 437 2902 491 τὸν
2956 434 3081 490 νοῦν
3121 439 3486 507 ὲναπομεῖναι
3518 439 3623 494 τοῖς

339 529 559 583 ultimas
606 538 662 583 et
699 528 988 583 dissimiles
1047 529 1436 583 similitudines
1474 530 1856 598 exprimantur
1893 549 1907 585 :

340 634 463 673 nam
494 628 549 674 et
599 620 701 674 hoc
730 618 1015 672 l‘ortedum
1040 634 1138 674 nos
1186 620 1418 689 perculit
1444 629 1666 689 propter
1718 620 1907 675 ditior-

342 712 582 765 mitatem
617 710 865 776 fietionis,
903 727 1008 780 qua
1060 710 1555 765 manifestahantur
1584 726 1649 766 ac
1675 711 1926 766 declara-

2023 527 2427 599 ἱστορουμένοις

2017 619 2290 673 ναίνεσθαι
2318 617 2540 682 ταύτας,
2581 620 2674 672 καὶ⁵
2698 617 3013 689 προσεθίζων
3039 616 3146 672 ἀπὸ
3175 618 3382 671 τούτων
3410 618 3483 690 δὴ
3515 618 3624 672 τῶν

2504 526 2580 591 ὡς
2618 527 2862 596 ἔχουσιν
2893 566 2906 590 ,
2973 524 3087 579 ἀλλ’
3142 525 3387 597 ἑρεθίζον
3478 528 3621 578 ἀπαο

2033 712 2372 783 φαινομένων
2400 712 2479 775 εἰς
2532 712 2824 781 ἀναγωγάς
2847 711 3247 765 ἀνατείνεσθαι.

340 803 557 866 bantur,
617 803 782 856 simul
839 803 1009 858 movit
1063 805 1131 858 ad
1172 803 1507 874 ejuscemodi
1584 803 2018 873 inquisitionem,
2042 820 2149 858 non
2175 805 2408 859 sinendo
2433 814 2673 858 mentem
2711 814 2952 859 nostram
3010 804 3098 869 iis,
3135 804 3340 873 quibus
3400 802 3623 859 deacri-

337 904 622 967 bebantur,
655 900 841 970 ﬁguris
897 902 1202 965 immorari,
1258 902 1353 956 sed
1402 900 1677 957 excitabat
1711 902 1778 955 ad
1813 901 1942 956 illas
1976 902 2307 966 renuendas,
2348 902 2726 971 ineitabatque
2772 911 2832 957 ut
2868 902 2936 957 ab
2968 902 3082 967 his,
3110 916 3229 972 qua:
3254 901 3624 971 apparebant,

344 996 411 1048 ad
446 1010 743 1064 anagogas,
774 995 890 1047 sive
916 1007 1115 1047 sensus
1165 1008 1194 1045 a
1258 992 1491 1046 terrenis
1554 992 1912 1057 abducentes,
1942 992 2375 1048 intenderemus.

389 1090 513 1144 llaec
536 1092 603 1144 de
630 1077 1409 1157 istiusmodisimilitudinihus
1427 1089 1538 1144 sint
1561 1089 1727 1143 dicta.
1766 1089 1933 1145 Recte

342 1193 523 1236 autem
558 1182 678 1235 illas
709 1180 1114 1250 angelil‘ormes,
1146 1197 1252 1234 non
1284 1180 1558 1250 angelicas
1587 1180 1922 1250 appellavit:

2074 1076 2077 1079 i
2107 1089 2359 1145 Τοσαῦτα
2422 1088 2524 1160 μὲν
2563 1087 2801 1160 εἰρήσθω
2833 1088 2962 1161 περὶ
2992 1084 3103 1140 τῶν
3131 1083 3393 1139 τοιούτοιν
3416 1088 3629 1157 ὁμοιω-

2039 1182 2245 1254 μάτων.
2310 1182 2507 1245 Καλῶς
2572 1182 2627 1235 δὲ
2686 1182 3081 1251 ἀγγελοειδεῖς,
3141 1180 3243 1232 οὐκ
3313 1177 3624 1247 ἀγγελικάς

334 1290 440 1326 nou
459 1274 602 1326 enim
623 1272 1107 1340 angelorum,sicut
1124 1272 1179 1343 in
1198 1288 1256 1326 se
1272 1271 1692 1341 sunt,imagines
1709 1271 1860 1340 depic

2049 1272 2223 1330 εἶπεν·
2284 1276 2345 1327 οὐ
2398 1276 2507 1346 γὰρ
2548 1274 2728 1327 αὐτῶν
2760 1274 2869 1325 τῶν
2925 1272 3173 1342 ἀγγέλων
3228 1270 3304 1334 ῶς
3361 1272 3504 1323 εἰσιν
3562 1270 3621 1321 at

332 1375 480 1429 sunt,
504 1365 596 1417 sed
627 1362 1025 1417 efformationis
1049 1379 1230 1417 rerum
1254 1364 1703 1433 incorporearum
1729 1378 1927 1432 quam-

334 1460 459 1510 dam
492 1456 733 1523 speciem
761 1468 872 1524 prae
895 1472 955 1510 se
987 1454 1188 1509 ferunt.
1214 1454 1481 1509 Caeterum
1510 1455 1623 1525 jam
1662 1454 1929 1508 delinien-

333 1548 461 1599 dum
489 1557 546 1600 et
580 1546 965 1601 declarandum
991 1587 1006 1610 ,
1040 1549 1169 1616 quid
1194 1563 1357 1617 porro
1384 1548 1671 1616 ipsammet
1702 1548 1917 1602 hierar-

332 1638 515 1691 chiam
547 1653 671 1693 esse
698 1639 1066 1702 arbitremur;
1102 1638 1301 1706 quidve
1331 1640 1396 1692 ab
1441 1620 1505 1691 ea
1531 1638 1666 1692 lucri
1700 1639 1920 1707 capiant

334 1730 641 1783 hierarchae
664 1746 731 1784 ex
761 1731 933 1784 sacris
960 1729 1311 1783 caeremoniis
1340 1728 1746 1800 mysteriisque.
1794 1726 1918 1782 Uti-

335 1838 457 1875 nam
489 1831 670 1876 autem
727 1822 868 1876 viam
905 1831 1120 1875 sternat
1169 1821 1443 1887 Christus,
1480 1820 1526 1875 si
1554 1821 1683 1874 tnihi
1720 1819 1803 1874 fas
1834 1820 1907 1875 sit

332 1911 537 1974 dicere,
598 1926 771 1975 meus,
809 1912 1218 1980 appropriando
1275 1911 1404 1965 mihi
1442 1912 1585 1980 quod
1613 1925 1913 1965 commune

330 2009 435 2061 est,
470 2000 564 2069 qui
608 2001 879 2054 universa:
908 1999 1270 2053 sacerdotalis
1312 1998 1683 2053 institutionis
1713 2007 1799 2052 est
1826 1997 1913 2051 in-

328 2092 555 2159 spiratio
611 2092 991 2168 traditioquel.
1027 2091 1106 2145 Tu
1158 2104 1331 2155 vero,
1387 2090 1457 2143 lili
1517 2090 1783 2160 (loquitur
1842 2092 1910 2144 ad

330 2180 1057 2251 Timotheum),secundum
1131 2182 1264 2252 legis
1314 2194 1513 2236 nostra).
1572 2183 1920 2236 traditionem

328 2273 536 2341 (sancta
588 2274 733 2326 enim
768 2273 1021 2343 sanctis),
1057 2274 1324 2343 ipsemet,
1384 2281 1446 2326 ut
1488 2282 1681 2327 sancta
1738 2273 1919 2338 decet,

327 2374 383 2416 et
426 2378 531 2417 non
573 2375 791 2418 terrena
826 2364 1045 2418 ratione
1107 2364 1256 2427 audi,
1295 2364 1347 2417 in
1403 2364 1780 2433 explicatione
1832 2379 1920 2419 re-

330 2468 447 2506 rum
484 2454 792 2508 divinarum
811 2455 1033 2509 divinus
1060 2453 1273 2521 factus;
1309 2463 1474 2525 atque
1507 2470 1713 2511 arcana
1740 2465 1921 2510 mente

328 2560 449 2613 qua:
466 2556 653 2600 sancta
682 2556 835 2611 sunt,
862 2563 889 2599 a
916 2547 1162 2616 profanis
1227 2546 1362 2601 viris
1396 2546 1771 2612 abscondens,
1803 2556 1924 2601 tan-

327 2653 489 2706 quam
515 2637 804 2692 uniformia
843 2638 1240 2709 simpliciaque,
1262 2639 1375 2710 28
1397 2648 1456 2693 ιιι
1479 2654 1598 2708 quae
1631 2640 1919 2694 verborum

325 2730 719 2797 compositione
771 2738 937 2797 atque
987 2728 1283 2784 involucris
1338 2728 1565 2782 minime
1629 2726 1917 2795 indigent,

328 2830 500 2874 tuere.
526 2819 764 2874 Observa
791 2828 998 2885 autem,
1030 2829 1091 2874 ut
1127 2819 1460 2875 multitudini
1484 2818 1916 2875 uniformitatem

325 2913 710 2981 suhjunxerit:
755 2928 844 2968 res
882 2914 1027 2968 enim
1061 2924 1261 2968 sanctae
1309 2913 1592 2977 uniﬂcaut,
1671 2912 1919 2982 profana:

324 3020 454 3059 vero
475 3005 801 3061 distrahunt.
860 3005 977 3059 Non
1019 3007 1164 3060 enim
1197 3020 1414 3075 :equum
1442 3014 1549 3071 est,
1577 3006 1733 3075 juxta
1758 3020 1916 3060 sacra

324 3097 648 3168 Evangelia,
684 3097 957 3167 projicere
990 3100 1175 3168 porcis
1213 3098 1539 3168 spiritalium
1596 3099 1919 3167 margarita-

324 3206 442 3245 rum
468 3206 661 3257 purum
692 3191 759 3243 ab
783 3191 931 3243 omni
961 3198 1182 3245 terrena
1204 3190 1587 3244 commistione
1621 3189 1919 3244 illustrem-

323 3296 431 3349 que
461 3280 837 3348 splendorem.
868 3278 1066 3335 Filium
1096 3297 1226 3336 vero
1256 3290 1416 3337 vocat
1465 3282 1768 3351 apostolum
1823 3280 1917 3335 Ti-

2033 1370 2241 1433 είκόνες
2269 1370 2685 1441 ἀπεγράφησαν,
2738 1367 2852 1421 ἀλλ’
2882 1366 3118 1437 ἔμψασίν
3150 1382 3272 1418 τινα
3309 1363 3621 1423 εἰδοποιίας

2034 1460 2143 1513 τῶν
2175 1461 2482 1531 ἀσωμάτων
2538 1458 2999 1531 ἀπεμφαίνουσιν.
3069 1456 3229 1526 Ἑξῆς
3296 1456 3355 1508 δὲ
3402 1454 3621 1526 πρέπει

2024 1550 2389 1622 ἀφορίσασθαι
2458 1549 2551 1603 κα)⁹
2611 1547 2967 1617 διασαφῆσαι,
3022 1547 3075 1599 τί
3141 1545 3239 1617 μὲν
3288 1543 3463 1613 αὐτὴν
3515 1543 3623 1615 τὴν

2025 1641 2302 1713 ίεραρχίαν
2334 1636 2473 1694 εἷναι
2504 1640 2746 1711 οἰόμεθα,
2774 1639 2826 1692 τί
2859 1640 2915 1693 δὲ
2943 1639 3072 1711 παρ’
3109 1635 3278 1708 αὐτῆς
3318 1634 3385 1689 οίι
3419 1636 3621 1708 ἱεράρ-

2021 1751 2114 1805 χαι
2145 1734 2479 1803 ὠφελοῦνται
2528 1734 2617 1786 διὰ
2647 1732 2755 1785 τῶν
2787 1730 2948 1803 ἱερῶν
2977 1729 3211 1783 τελετῶν
3257 1728 3352 1781 καὶ
3394 1745 3617 1798 μυστη-

2026 1828 2180 1900 ρίων.
2231 1827 2357 1880 Εἴθε
2385 1827 2441 1879 δὲ
2477 1825 2890 1897 προοδοποιήσοι
2922 1821 3198 1894 Χριστὸςό
3228 1820 3380 1891 ὲμδς,
3416 1818 3619 1889 (εἵμοι

2024 1916 2185 1970 τοῦτο
2217 1916 2375 1987 Θέμις
2411 1916 2608 1979 εἰπεῖν,
2647 1913 3057 1985 ἱδιοποιουμένῳ
3091 1911 3151 1964 τὸ
3185 1911 3409 1982 κοινὸν.)
3443 1912 3480 1981 ἡ
3515 1908 3621 1962 πά-

2024 2024 2123 2077 σης
2173 2006 2456 2078 ἱερατικῆς
2488 2005 2877 2067 καταστάσεως
2905 2004 3161 2057 ἐπίπνοια
3203 2005 3297 2057 καὶ
3326 2003 3615 2065 διάδοσιςί

2024 2100 2097 2153 Σὺ
2131 2099 2209 2161 δὲ,
2238 2090 2282 2149 ὦ
2312 2098 2429 2162 παῖ,
2468 2096 2625 2167 (φησὶ
2677 2096 2815 2167 πρὸς
2853 2094 3176 2166 Τιμόθεον,)
3202 2094 3347 2148 κατά
3380 2093 3482 2165 τὴν
3513 2092 3617 2146 τοῦ

2024 2190 2293 2261 ἡμετέρου
2329 2189 2494 2260 νόμου
2535 2189 2834 2260 παράδοσιν
2860 2187 2949 2258 (τά
2981 2187 3111 2256 ἆγια
3126 2186 3234 2258 γὰρ
3256 2187 3368 2248 τοῖς
3396 2182 3620 2255 ἁγίοις)

2025 2278 2186 2343 αὑτός
2222 2298 2281 2333 τε
2334 2278 2682 2350 ἱεροπρεπῶς
2736 2279 2829 2331 καὶ
2859 2276 2932 2349 μὴ
2971 2274 3266 2347 χθαμαλῶς
3308 2276 3500 2338 ἄκουε,
3548 2277 3615 2327 ὲν

2028 2375 2225 2444 μυήσει
2271 2374 2380 2427 τῶν
2426 2373 2624 2427 ἐνθέων
2669 2373 2951 2443 γινόμενος
2981 2369 3183 2433 ἔνθεος,
3226 2370 3320 2422 καὶ
3356 2368 3617 2439 κρυφίως

2026 2461 2400 2534 περικαλύψας
2427 2462 2496 2515 τά
2528 2463 2657 2531 άγια
2692 2459 2831 2513 κατά
2860 2457 2982 2512 νοῦν
3016 2460 3079 2511 ὲκ
3108 2459 3216 2511 τῶν
3244 2457 3481 2528 ἀνιέρων
3509 2457 3597 2509 ἀν-

2022 2560 2198 2633 δρῶν,
2242 2562 2317 2618 ὡς
2344 2556 2550 2625 ἑνοειδῆ
2586 2553 2680 2607 καὶ
2711 2554 2860 2607 ἁπλᾶ
2916 2553 3010 2605 καὶ
3057 2552 3131 2624 μὴ
3168 2552 3397 2623 δεόμενα
3428 2550 3615 2618 λόγων

2024 2654 2324 2714 συνθέσεως
2348 2647 2693 2718 διαφύλαξον.
2754 2646 2895 2716 Ὅρα
2943 2643 3021 2707 δὲ,
3076 2643 3213 2715 πρὸς
3240 2642 3304 2695 τὸ
3331 2642 3616 2707 πληθύος

2019 2746 2081 2801 τὸ
2132 2734 2363 2811 ἐνοειδῆ
2427 2741 2671 2812 ἐπήγαγε
2698 2755 2712 2769 ·
2756 2737 2827 2790 τά
2880 2736 2976 2807 μὲν
3012 2734 3118 2806 γὰρ
3163 2735 3293 2803 ἅγια
3324 2733 3565 2785 ἑνοποιεῖ
3592 2747 3609 2761 ·

2020 2834 2089 2888 τὰ
2136 2834 2194 2888 δὲ
2234 2831 2435 2904 βέϐηλα
2486 2827 2951 2884 διασκεδάννυσιν.
3012 2826 3087 2878 Οὐ
3128 2824 3235 2896 γὰρ
3264 2824 3498 2884 δίκαιον,
3530 2821 3615 2885 ὼς

2018 2925 2090 2979 τά
2111 2925 2233 2998 ἱερά
2265 2941 2426 2993 φασιν
2456 2921 2786 2990 Εὐαγγέλια,
2814 2920 2893 2982 εἰς
2922 2918 3142 2989 χοίρους
3168 2915 3476 2988 ἀπορρίψαι
3499 2929 3612 2985 την

2018 3019 2127 3073 τῶν
2158 3018 2364 3089 νοητῶν
2398 3013 2756 3088 μαργαριτῶν
2808 3014 2983 3086 ἀμιγῆ
3028 3012 3129 3082 τῆς
3176 3012 3326 3064 κάτω
3397 3008 3607 3079 συγχύ-

2021 3126 2159 3173 σεως
2190 3108 2282 3163 καὶ
2314 3107 2572 3179 λαμπρὰν
2605 3106 2959 3179 φαιδρότητα.
3015 3102 3189 3155 Παῖδα
3216 3100 3273 3153 δὲ
3320 3099 3464 3167 λέγει
3502 3098 3601 3151 τὸν

2019 3201 2316 3257 ἀπόστολον
2361 3198 2645 3269 Τιμόθεον,
2682 3196 2715 3269 ἢ
2750 3197 2825 3260 ὡς
2876 3192 3235 3267 προϐεϐηκὼς
3275 3192 3386 3252 τοῖς
3419 3189 3611 3243 ἔτεσιν

2018 3290 2191 3357 οὗτος,
2217 3294 2250 3365 ἦ
2282 3292 2371 3346 διὰ
2404 3290 2465 3344 τὸ
2508 3288 2823 3364 ἐρωτᾶσθαι
2854 3286 2985 3356 παρ’
3018 3283 3203 3347 αὑτοῦ,
3230 3283 3481 3335 κάκεῖνον
3524 3280 3594 3333 διο

326 3375 635 3436 motheum,
658 3373 745 3427 vel
776 3373 919 3443 quod
948 3375 1107 3428 annis
1126 3382 1269 3428 esset
1303 3374 1631 3444 provectior,
1669 3372 1750 3427 vel
1771 3388 1860 3442 qui

2051 3387 2312 3442 ἀσκεσθαι
2337 3403 2350 3416 ’
2408 3380 2520 3456 εἶχε
2561 3383 2669 3455 γὰρ
2706 3378 2946 3453 μεγάλας
2972 3378 3071 3441 τὰς
3108 3377 3420 3447 ἐνοχλήσεις
3450 3373 3612 3444 παρὰ

324 3472 395 3523 ab
418 3468 615 3523 eodem
648 3478 872 3539 rogatus
895 3477 1045 3523 esset
1080 3470 1196 3523 haec
1221 3468 1458 3522 edocere
1484 3484 1500 3520 :
1540 3468 1813 3537 siquidem
1840 3468 1918 3522 illi

325 3576 550 3629 magnas
566 3558 1258 3617 turbasl‘acessebantlonii
1277 3558 1614 3628 philosophi.
1643 3558 1919 3615 Veletiam

325 3652 651 3706 innocentia:
690 3650 968 3705 studiosos
1003 3665 1205 3719 pueros
1263 3649 1557 3715 vocabant,
1596 3650 1736 3704 sicut
1785 3650 1916 3719 qui-

323 3747 449 3800 dam
480 3754 689 3799 veteres
727 3742 956 3799 historia
992 3743 1360 3808 tradiderunt,
1384 3742 1559 3813 ipsum
1592 3743 1919 3798 innocentiae

326 3837 483 3891 laude
514 3835 784 3891 celebrem
832 3835 1129 3890 exstitisse.

2022 3479 2131 3532 τῶν
2176 3480 2235 3532 ὲν
2273 3477 2450 3548 Ἰωνίᾳ
2489 3475 2812 3546 φιλοσόφων.
2865 3473 2937 3525 Ἦ
2968 3471 3094 3533 τοὺς
3126 3468 3225 3539 τὴν
3263 3465 3509 3519 ἀκακίαν
3543 3466 3607 3517 ὀ-

2024 3570 2286 3633 σκοῦντας
2345 3568 2541 3630 παῖδας
2593 3564 2851 3627 ἐκάλουν,
2917 3558 3099 3623 καθώς
3165 3574 3312 3620 τινες
3376 3554 3607 3609 παλαιοὶ

2019 3658 2295 3731 ἱστοροῦσι
2323 3657 2455 3711 περὶ
2479 3654 2668 3709 τούτου
2688 3693 2707 3708 .
2750 3654 2832 3706 ὅτι
2862 3653 2928 3723 τῇ
2959 3646 3171 3703 ἀκακία
3194 3643 3544 3712 ὲσεμνύνετα

328 3954 3568 3992 Μ

799 4071 1183 4162 CAPUT
1244 4071 1431 4159 IlI.

403 4210 541 4272 Quid
591 4209 655 4260 sit
695 4207 1021 4273 hierarchia,
1067 4216 1119 4260 et
1164 4221 1409 4276 quisnam
1445 4204 1559 4275 ejus
1604 4203 1831 4258 utilitas.

2368 4052 3017 4142 ΚΕΦΑΛΑΙΟΝ
3087 4048 3214 4136 I".

2089 4200 2149 4253 Τί
2172 4197 2342 4253 ἐστιν
2369 4194 2802 4334 ὶεραρχίαὶῖἱιιέ
2820 4194 2911 4259 τίς
2950 4192 2991 4262 ἠ
3038 4191 3191 4245 κατὰ
3217 4189 3532 4258 ίεραρχίαν

2806 4283 2879 4330 ις.

2806 4283 2879 4330 ις.

1518 4354 1523 4357 “
1633 4382 1969 4441 εγΝορειε
2008 4382 2303 4441 CAPITIS.

327 4506 368 4556 Ι.
411 4502 590 4568 Delinit
620 4499 1216 4568 Iiiernrchiqm._emnque
1255 4494 1500 4568 trifqrinm
1522 4496 1713 4568 dividit.
1738 4500 1801 4550 ll.
1830 4499 2039 4568 Egrponit

2055 4497 2164 4570 quis
2181 4497 2246 4569 sit
2408 4494 2509 4548 sive
2552 4509 2725 4570 scapus
2755 4490 3071 4570 [tiergrchim
3095 4499 3140 4544 et
3166 4488 3601 4570 Μὶεῌξηῃροψεξι

289 4603 298 4610 -
327 4552 367 4556 ﬂ
388 4552 755 4631 suberdinqtio:
782 4552 989 4631 et_simt_tl
1012 4552 1236 4631 ostendit,
1254 4552 2007 4631 perfectionem‘ejusﬂconsis'tere
2029 4552 2080 4631 in'
2104 4552 2498 4631 Deiimitationeg
2519 4552 2734 4631 ejusque.
2748 4556 3015 4631 [pactiones
3037 4552 3596 4631 esse..-

384 4616 791 4693 izivre._perﬁcere.
824 4624 909 4672 Ill.
932 4624 1170 4693 gxplicat,
1189 4616 1307 4687 quid
1326 4616 1566 4673 incumbat
1587 4616 1684 4672 lant
1721 4618 1783 4673 iis
1802 4622 1886 4687 qui
1925 4621 2204 4686 expiantur,
2223 4616 2577 4683 mammae
2609 4616 2944 4685 perﬁciantur,
2964 4630 3109 4684 quam
3129 4616 3346 4678 illis'qui
3375 4616 3597 4677 expiant.

387 4685 658 4741 illuminavit
678 4694 817 4748 atque
837 4685 1109 4749 partiam

280 5062 285 5065 ‘
327 5064 381 5108 et
410 5051 655 5117 scientia,
682 5059 737 5105 et
765 5050 908 5104 actio
932 5064 1051 5116 quae
1104 5049 1171 5101 ad
1225 5047 1677 5106 deiformitatem.
1727 5060 1904 5115 quan-

330 5157 442 5202 tum
472 5146 553 5199 las
579 5154 683 5210 est,
740 5142 971 5207 accedit,
1018 5150 1182 5209 atque
1232 5141 1412 5195 insitis
1468 5139 1572 5194 sibi
1640 5137 1907 5193 divinitus

280 5242 285 5246 ’
328 5238 782 5294 illustrationihus
836 5235 1191 5305 proportione
1218 5234 1457 5302 quadam
1480 5233 1546 5287 ad
1578 5230 1681 5285 Dei
1710 5230 1907 5285 subve-

327 5334 475 5387 hitur
496 5330 872 5385 imitationem.
898 5327 1066 5382 Porro
1110 5340 1174 5380 ea
1206 5340 1325 5395 quae
1355 5325 1521 5380 Deum
1556 5324 1739 5387 decet,
1778 5321 1899 5390 pul-

326 5423 599 5484 chritudo.
625 5430 683 5475 ut
713 5420 961 5491 simplex,
994 5429 1051 5473 ut
1110 5419 1273 5476 bona.
1318 5425 1377 5470 ut
1407 5407 1565 5486 origo
1610 5414 1901 5484 perfectio-

328 5512 432 5572 nis.
467 5509 594 5564 nulli
645 5510 866 5565 omnino
905 5518 991 5563 est
1026 5508 1256 5563 admista
1294 5505 1753 5571 dissimilitudini,
1802 5505 1899 5559 sed

328 5619 426 5673 pro
453 5602 715 5672 cujusque
745 5602 941 5656 merito
979 5602 1204 5657 cuilibet
1229 5600 1409 5655 lumen
1442 5613 1600 5654 suum
1652 5597 1901 5667 imperti-

332 5707 441 5755 tur.
464 5704 520 5750 et
579 5696 633 5748 in
674 5706 1019 5750 sacramento
1067 5694 1433 5758 divinissimo,
1459 5692 1527 5747 ad
1578 5691 1901 5747 immutabi-

336 5788 509 5842 iitatis
555 5803 665 5843 sua:
694 5788 926 5857 speciem
961 5787 1403 5843 transformando
1451 5796 1817 5842 consummat.

1940 4790 2050 4866 §l.

400 4958 494 5013 Est
525 4955 855 5018 hierarchia,
897 4968 1019 5007 meo
1044 4954 1264 5024 quidem
1286 4954 1518 5023 judicio,
1556 4968 1712 5008 sacer
1740 4952 1901 5019 ordo,
1939 4960 1981 5014 ι)

2081 4955 2235 5008 Ἔστι
2256 4954 2361 5025 μὲν
2387 4953 2657 5026 ίεραρχία,
2677 4955 2798 5006 κατ’
2830 4952 2950 5023 ἐμὲ,
2982 4946 3135 5014 τάξις
3166 4947 3305 5020 ἱερὰ,
3344 4948 3442 5001 καὶ
3472 4948 3595 5001 ὲπισ

2014 5045 2217 5115 στήμη,
2253 5045 2346 5097 καὶ
2386 5044 2637 5114 ἐνέργεια
2680 5041 2817 5113 πρὸς
2866 5040 2927 5092 τὸ
2973 5038 3203 5101 θεοειδὲς
3253 5036 3329 5100 ὡς
3370 5034 3593 5107 ἐφικτὸν

2009 5135 2443 5207 ἀφομοιουμένη,
2491 5132 2748 5204 καὶπρὸς
2776 5131 2877 5194 τὰς
2918 5130 3258 5200 ὲνδιδομένας
3299 5129 3440 5199 αὐτῇ
3475 5128 3593 5181 θεό-

2012 5230 2101 5283 θεν
2134 5229 2429 5300 ὲλλάμψεις
2479 5226 2752 5294 ἀναλόγως
2796 5225 2889 5277 ἐπὶ
2919 5224 2980 5277 τὸ
3009 5222 3342 5293 θεομίμητον
3390 5222 3592 5289 ἀναγο-

2013 5322 2168 5394 μένη.
2203 5322 2277 5374 Τὸ
2306 5321 2363 5374 δὲ
2398 5319 2701 5390 θεοπρεπὲς
2726 5316 2945 5380 κάλλος,
2980 5316 3057 5379 ὡς
3084 5314 3313 5377 ἁπλοῦν,
3343 5313 3420 5377 ὡς
3453 5315 3593 5382 ἁγαο

2008 5415 2131 5479 θον,
2174 5415 2251 5477 ὡς
2300 5409 2718 5483 τελεταρχικὸν,
2771 5407 2970 5479 ἀμιγὲς
3030 5407 3127 5476 μέν
3189 5407 3307 5458 ἐστι
3359 5405 3589 5457 καθόλου

2008 5506 2188 5575 πάσης
2253 5501 2666 5574 ἀνομοιότητος,
2726 5495 3073 5567 μεταδοτικδν
3143 5494 3201 5547 δὲ
3256 5495 3379 5546 κατ’
3430 5492 3590 5559 ἀξίαν

2007 5598 2222 5668 ἑκάστῳ
2283 5594 2379 5648 τοῦ
2436 5592 2637 5644 οἰκείου
2700 5587 2874 5657 φωτὸς
2898 5626 2913 5651 ,
2973 5586 3069 5639 καὶ
3130 5584 3479 5638 τελειωτικὸν
3528 5584 3588 5635 ὲν

2004 5689 2194 5758 τελετῇ
2247 5683 2502 5752 θειοτάτῃ
2561 5677 2707 5732 κατά
2758 5675 2857 5747 τὴν
2903 5675 3041 5745 πρὸς
3102 5674 3263 5739 ἑαυτὸ
3324 5672 3435 5727 τῶν
3492 5689 3582 5725 τε-

2004 5780 2279 5853 λουμένων
2316 5772 2651 5849 ὲναρμονίως
2690 5768 3108 5840 ἀπαράλλακτον
3150 5766 3459 5839 μόρςωσιν.
