3748 6308
116 322 228 383 σεε

1130 326 1221 381 DE
1250 323 1577 384 C(ELESTI
1610 324 2059 389 HIERARCHIA,
2094 323 2252 381 CAP.
2294 325 2384 385 Ill.

3280 330 3383 390 166
3436 340 3439 343 ’

190 609 403 672 Σκοπὸς
441 605 535 665 οὖν
572 608 856 683 ἱεραρχίας
898 610 1046 665 ἐστὶν
1076 649 1091 674 ,
1134 612 1168 683 ἡ
1210 613 1351 684 πρὸς
1401 614 1537 667 Θεὸν
1566 654 1584 677 ,
1616 613 1670 665 ὡς

1898 612 2078 679 lcopus
2106 610 2274 681 igitur
2299 610 2647 677 ,hierarcbize
2677 619 2800 675 est,
2850 608 2972 677 Dei,
3018 620 3219 681 quanta
3255 613 3378 671 ﬁeri

109 702 702 775 ὲφικτὺν,ἀφομοίωσίς
722 720 783 757 τε
810 705 905 758 καὶ
936 704 1147 768 ἔνωσις,
1174 705 1338 760 αὑτὸν
1372 705 1571 777 ἔχουσα
1604 712 1706 766 πά-

114 812 225 864 σης
269 796 423 866 ἱερᾶς
458 796 767 867 ἐπιστήμης
818 814 879 850 τε
907 799 1001 851 καὶ
1020 797 1300 870 ἐνεργείας
1326 799 1699 872 καθηγεμόνα,

110 887 216 940 καὶ
248 887 385 959 πρὸς
411 888 511 959 τὴν
556 886 720 941 αὐτοῦ
765 886 1044 961 θειοτάτην
1092 889 1424 959 εὐπρέπειαν
1471 893 1704 959 ἀκλινῶς

114 977 226 1047 μὲν
262 977 428 1048 όρῶν,
468 978 544 1042 ὡς
573 977 800 1033 δυνατὸν
833 979 891 1032 δὲ
926 980 1397 1051 ἀποτυπούμενος,
1429 984 1524 1035 καὶ
1570 986 1700 1047 τοὺς

112 1066 321 1122 ἑαυτοῦ
363 1067 662 1136 θιασώτας,
700 1071 993 1143 ἀγάλματα
1039 1070 1159 1124 θεῖα
1202 1071 1393 1136 τελῶν,
1464 1073 1704 1147 ἔσοπτρα

109 1162 161 1194 ἰ
197 1155 532 1213 διειδέστατα
552 1162 647 1215 καὶ
671 1162 998 1233 ἀκηλίδωτα,
1025 1163 1249 1217 δεκτικά
1267 1164 1369 1235 τῆς
1389 1166 1701 1237 ἀρχιφώτου

110 1252 216 1305 καὶ¹
249 1253 547 1325 θεαρχικῆς
576 1254 793 1317 ἀκτῖνος
811 1271 824 1284 ο
857 1255 952 1308 καὶ
982 1254 1081 1325 τῆς
1133 1255 1232 1327 μὲν
1253 1257 1596 1329 ἐνδιδομένης
1618 1260 1703 1312 αῖ-

109 1346 257 1416 γλης
294 1348 455 1418 ίερῶς
484 1348 981 1421 ἀποπληρούμενα,
1007 1350 1212 1422 ταύτην
1256 1353 1313 1406 δὲ
1344 1350 1497 1417 αὖθις
1530 1354 1702 1424 ἀφ’θὸ-

111 1452 227 1499 νως
257 1438 340 1499 είς
363 1436 433 1490 τὰ
457 1438 586 1507 ἑξῆς
608 1438 1015 1510 ἀναλάμποντα,
1049 1440 1195 1496 κατὰ
1220 1443 1348 1506 τοὺς
1372 1442 1700 1515 θεαρχικοὺς

112 1527 378 1598 θεσμοὺς.
427 1528 502 1581 Οὐ
529 1527 638 1600 γὰρ
668 1529 889 1600 θεμιτόν
920 1532 1037 1585 ἐστι
1060 1535 1176 1595 τοῖς
1207 1532 1317 1586 τῶν
1354 1534 1517 1606 ἱερῶν
1550 1536 1701 1589 τελε-

109 1623 239 1682 ταῖς
261 1621 331 1685 τ’,
362 1618 395 1690 ἢ
423 1621 537 1684 τοῖς
562 1621 723 1692 ίερῶς
746 1620 1110 1693 τελουμένοις,
1154 1624 1443 1697 ἐνεργῆσαί
1489 1644 1542 1680 τι
1572 1626 1703 1680 καθ-

108 1708 261 1773 όλου,
312 1712 464 1783 παρά
513 1710 612 1775 τάς
644 1713 744 1782 τῆς
764 1713 969 1777 οἰκείας
1001 1715 1351 1785 τελεταρχίας
1400 1716 1551 1788 ίεράς
1585 1718 1701 1771 δια-

111 1800 304 1866 τάξεις
329 1815 343 1829 '
367 1800 483 1853 ἀλλ’
504 1800 626 1855 οὐδὲ
666 1802 933 1873 ὑπάρχειν
966 1802 1188 1875 ἑτέρως,
1222 1807 1271 1858 εί
1292 1806 1395 1876 τῆς
1428 1806 1697 1878 θεωτικῆς

112 1891 294 1961 αὐτῆς
346 1892 577 1960 ἀγλαΐας
610 1893 875 1963 ἐφίενται,
905 1894 1001 1949 καὶ
1036 1896 1173 1967 πρὸς
1219 1896 1390 1969 αὐτὴν
1447 1899 1697 1971 ἱεροπρε-

113 1982 240 2045 πῶς
266 1983 315 2014 ⁷⁸
338 1983 735 2049 ἀποσκοποῦσι,
789 1985 885 2038 καὶ
936 1987 1344 2043 ἀποτυποῦνται
1402 1989 1547 2043 κατά
1601 1988 1698 2060 τὴν
1730 1960 1771 2014 Β

113 2074 353 2129 ἑκάστου
377 2075 487 2128 τῶν
524 2076 685 2148 ίερῶν
732 2076 867 2131 νόων
918 2078 1229 2148 ἀναλογίαν.
1292 2080 1501 2133 Οὐκοῦν
1537 2080 1566 2133 ὀ
1610 2081 1701 2134 λέ-

112 2183 230 2234 γων
275 2168 586 2239 ίεραρχίαν,
668 2169 821 2241 ἱεράν
877 2187 999 2224 τινα
1061 2170 1290 2224 καθόλου
1346 2170 1702 2242 διακόσμησιν

113 2258 289 2328 δηλοῖ,
325 2259 510 2312 εἰκόνα
557 2261 659 2331 τῆς
713 2260 1011 2334 θεαρχικῆς
1035 2262 1368 2334 ὼραιότητος
1387 2301 1402 2327 ,
1432 2264 1489 2317 ὲν
1516 2264 1701 2331 τάξεσι

115 2352 215 2405 καὶ
237 2354 576 2425 ἐπιστήμαις
618 2354 979 2428 ίεραρχικαῖς,
1009 2355 1079 2409 τά
1108 2355 1209 2426 τῆς
1245 2356 1453 2420 οἰκείας
1506 2357 1704 2429 ἐλλάμ-

112 2444 265 2513 ψεως
291 2444 682 2517 ἱερουργοῦσαν
707 2447 1002 2518 μυστήρια,
1049 2449 1145 2501 καὶ
1182 2446 1321 2519 πρὸς
1358 2448 1458 2520 τὴν
1495 2450 1703 2502 οἰκείαν

112 2534 293 2607 ἀρχὴν
313 2535 394 2598 ὡς
420 2535 641 2605 θεμιτὸν
671 2536 1131 2608 ἀφομοιουμένην.
1179 2537 1459 2610 Ἔστιγάρ
1487 2538 1703 2610 ἑκάστῳ

113 2627 226 2680 τῶν
266 2628 556 2699 ἱεραρχίαν
598 2629 1030 2702 κεκληρωμένων
1073 2631 1107 2702 ἡ
1140 2630 1451 2696 τελείωσις,
1493 2630 1554 2684 τὸ
1580 2632 1701 2685 κατ’

113 2717 329 2771 οίκείαν
386 2716 680 2786 ἀναλογίαν
731 2718 823 2771 ἐπὶ
870 2717 932 2771 τὸ
987 2720 1314 2791 θεομίμητον
1374 2720 1698 2791 ἀναχθῆναι.

114 2812 229 2865 Καὶ
253 2810 319 2864 τὸ
347 2811 412 2882 δὴ
437 2812 655 2865 πάντων
677 2811 967 2884 θειότερον,
994 2812 1070 2876 ὡς
1092 2812 1161 2866 τά
1185 2811 1358 2882 Λόγιά
1380 2831 1535 2884 φησι,
1562 2813 1699 2869 Θεοῦ

116 2902 385 2976 συνεργὸν
412 2902 692 2972 γενέσθαι,
726 2902 819 2958 καὶ
838 2904 1007 2971 δεῖξαι
1035 2904 1135 2977 τὴν
1159 2904 1311 2959 θείαν
1335 2906 1618 2978 ἐνέργειαν
1641 2910 1699 2963 ὲν

113 2992 297 3065 ἑαυτῷ
332 2992 479 3047 κατὰ
512 2992 575 3047 τὸ
596 2992 818 3048 δυνατὸν
838 2994 1272 3066 ἀναφαινομένην
1290 3012 1306 3028 ο
1332 2989 1442 3049 οἷον
1461 3036 1475 3060 ,
1515 2997 1701 3071 ἐπειδὴ

112 3083 271 3151 τάξις
316 3082 611 3156 ίεραρχίας
652 3084 769 3138 ἐστὶ
791 3083 852 3138 τὸ
878 3085 1004 3147 τοὺς
1039 3082 1141 3155 μὲν
1165 3083 1547 3157 καθαίρεσθαι,
1573 3087 1701 3150 τοὺς

114 3176 171 3228 δὲ
200 3174 491 3246 καθαίρειν
518 3191 533 3204 °
572 3175 661 3229 καὶ
693 3177 819 3239 τοὺς
846 3176 945 3247 μὲν
973 3175 1322 3247 φωτίζεσθαι,
1352 3177 1478 3242 τοὺς
1501 3177 1558 3231 δὲ
1585 3196 1701 3249 φω-

116 3269 287 3333 τίζειν
317 3284 331 3298 ·
373 3268 472 3322 καὶ
500 3269 626 3332 τοὺς
674 3267 773 3339 μὲν
812 3268 1080 3323 τελεῖσθαι
1107 3269 1179 3335 ⁷⁸,
1206 3270 1334 3334 τοὺς
1377 3269 1436 3323 δὲ
1488 3269 1698 3324 τελεσι-
1726 3296 1769 3355 C

115 3363 359 3431 ουργείν,
411 3360 629 3430 ἑκάστῳ
646 3361 708 3414 τὸ
736 3360 1066 3432 θεομίμητον
1089 3363 1321 3434 ἁρμόσει
1371 3363 1513 3417 κατά
1550 3364 1702 3416 τόνδε

116 3452 207 3504 τὸν
232 3452 463 3524 τρόπον.
505 3451 569 3505 Ἦ
596 3451 713 3505 θεία
744 3453 791 3485 ⁷⁸
823 3452 1183 3526 μακαριότης,
1212 3453 1289 3516 ὡς
1320 3455 1377 3506 ὲν
1399 3453 1705 3525 ἀνθρώποις

118 3546 317 3609 εἰπεῖν,
338 3543 545 3615 ἀμιγὴς
563 3544 661 3615 μέν
677 3545 770 3598 ἐστ
783 3563 829 3598 ιν
845 3545 1062 3617 ἀπάσης
1076 3540 1474 3618 ἀνομοιότητος,
1497 3546 1709 3617 πλήρης

119 3637 177 3689 δὲ
215 3636 397 3705 φωτὸς
430 3636 626 3700 ἀϊδίου,
647 3636 828 3689 τελεία
866 3638 959 3691 καὶ
987 3636 1237 3709 ἀνενδεὴς
1261 3638 1480 3708 ἀπάσης
1507 3636 1709 3690 τελειό⁴

121 3744 305 3798 τητος,
352 3725 710 3796 καθαίρουσα,
767 3727 861 3780 καὶ
908 3726 1241 3798 ῳωτίζουσα,
1283 3727 1378 3782 καὶ
1402 3726 1711 3798 τελεσιουρ-

120 3819 297 3887 γοῦσα
328 3836 343 3849 '
395 3818 694 3889 μᾶλλονδὲ
750 3820 1018 3892 κάθαρσις
1068 3820 1210 3893 ίερά,
1256 3821 1352 3874 καὶ
1394 3819 1706 3891 φωτισμὸς,

123 3911 219 3963 καὶ
245 3910 549 3974 τελείωσις,
581 3910 722 3983 ὑπὲρ
748 3911 1035 3984 κάθαρσιν,
1064 3912 1206 3983 ὑπὲρ
1234 3912 1369 3981 φῶς,
1401 3911 1711 3984 πρπέλειος

124 4001 587 4074 αὐτοτελεταρχία
625 4002 706 4068 ⁷⁸,
750 4003 845 4056 καὶ
919 4003 1101 4074 πάσης
1149 4003 1246 4074 μὲν
1306 4001 1586 4074 ίεραρχίας
1620 4003 1709 4056 αι-

124 4095 249 4157 τία,
302 4094 504 4158 παντὸς
549 4094 605 4148 δὲ
658 4093 806 4167 ἱεροῦ
859 4095 1000 4149 κατὰ
1052 4095 1113 4149 τὸ
1162 4094 1430 4168 ὑπερέχον
1505 4094 1708 4168 ἐξῃρη-

129 4182 287 4252 μένη-

1788 709 2005 771 ηῃοιοει.
2038 700 2357 755 assimilatio
2407 701 2829 770 conjunctioque
2864 718 2877 753 :
2914 716 3076 769 quem
3127 717 3251 756 cum
3284 704 3381 757 lia-

1806 794 1932 849 beat
1958 797 2136 851 omnis
2165 809 2335 850 sacrae
2361 802 2415 849 et
2439 793 2681 848 scientiic
2704 805 2757 846 et
2787 793 3122 860 operationis
3154 795 3374 861 ducem,

1804 890 1872 942 ad
1899 886 2434 954 divinissimumeius
2463 888 2713 940 decorem
2743 896 3058 941 constanter
3088 886 3373 953 intuendo,

1805 979 2056 1035 eumdem
2096 979 2272 1047 quoad
2328 988 2506 1047 potest
2560 979 2834 1047 exprimit,
2872 995 2971 1033 nec
3010 994 3114 1033 non
3168 980 3380 1035 divinos

1809 1073 1893 1127 sui
1942 1083 2225 1127 consortes
2271 1086 2425 1125 sacra
2476 1073 2723 1141 qumdam
2770 1070 2981 1139 perﬁcit
3055 1070 3372 1139 simulacra,

1802 1164 2131 1234 speculaque
2156 1163 2458 1218 clarissima
2506 1172 2560 1217 et
2606 1161 2953 1216 immaculata
3007 1177 3128 1228 quze
3173 1165 3373 1230 primi-

1806 1256 1928 1311 tivzc
1984 1256 2119 1309 lucis
2163 1269 2497 1323 sttmmteque
2519 1252 2739 1307 deitatis
2786 1254 2995 1306 radium
3047 1254 3376 1321 excipiant:

1801 1346 1958 1416 cujus
1980 1348 2151 1401 indito
2179 1346 2467 1415 splendore
2490 1361 2649 1400 sacro
2689 1346 2867 1414 plena,
2919 1346 3095 1400 denuo
3126 1349 3377 1401 eumdem

1801 1453 1866 1493 ex
1893 1437 2088 1491 divinis
2134 1437 2376 1505 legibus,
2402 1435 2455 1489 in
2501 1451 2566 1490 ea
2607 1451 2726 1504 qua:
2754 1446 3073 1503 sequuntur,
3131 1440 3249 1490 sine
3298 1438 3381 1490 in-

1801 1530 1945 1583 vidia
1997 1527 2395 1582 transfundam.
2460 1527 2645 1598 Neque
2704 1530 2849 1582 enim
2926 1528 3006 1580 fas
3035 1537 3119 1582 est
3198 1531 3376 1583 sacris

1807 1622 2227 1691 professoribus,
2263 1620 2342 1675 vel
2508 1620 2756 1681 initiatis,
2788 1620 3081 1688 quidquam
3153 1634 3381 1688 prorsus

1801 1713 2041 1783 operari,
2078 1714 2222 1783 quod
2251 1720 2395 1767 sacri
2424 1713 2507 1766 sui
2537 1713 2750 1765 ordinis
2780 1711 3147 1765 sacrosanctis
3182 1712 3384 1765 consti-

1808 1807 2111 1861 tutionibus
2140 1815 2433 1876 repugnet;
2483 1807 2591 1859 imo
2671 1822 2770 1861 nec
2835 1806 3026 1860 iisdem
3066 1806 3383 1868 dissentire,

1801 1897 1846 1952 si
1894 1898 2128 1953 divinam
2188 1897 2304 1966 ejus
2336 1906 2591 1967 appetant
2643 1897 2972 1961 claritatem,
3025 1907 3079 1950 et
3116 1898 3182 1951 ad
3234 1897 3382 1950 illam

1805 1998 2038 2052 sancte,
2099 1989 2174 2043 uti
2251 1989 2429 2055 decet,
2501 1988 2795 2057 aspiciant,
2847 2003 2911 2041 ac
2974 2002 3074 2056 pro
3120 1987 3384 2056 cujusque

1803 2095 2089 2135 sacrarum
2169 2080 2435 2134 mentium
2506 2080 2819 2148 capacitate
2894 2078 3381 2134 transformentur.

1804 2173 1988 2242 Itaque
2017 2172 2106 2242 qui
2137 2172 2503 2227 luerat-citium
2534 2170 2797 2228 nominat.
2831 2170 3121 2239 quamdam
3150 2171 3383 2225 omnino

1803 2280 2014 2320 sacram
2045 2264 2290 2331 designat
2317 2263 2749 2332 dispositionem,
2801 2263 2893 2317 Dei
2927 2262 3245 2332 principalis
3270 2262 3386 2331 pul—

1803 2356 2127 2413 chritudinis
2151 2355 2457 2427 imaginem,
2480 2355 2766 2409 ordinibus
2818 2355 3173 2421 scientiisque
3204 2369 3389 2409 sacro-

1803 2442 2233 2522 principalibus,
2302 2448 2682 2502 illustrationis
2737 2463 2847 2503 sua:
2926 2447 3185 2518 mysteria
3242 2446 3389 2501 cele-

1803 2542 2073 2606 brantem,
2101 2549 2261 2609 atque
2303 2540 2541 2609 proprio,
2569 2549 2834 2610 quantum
2868 2537 2948 2591 l'as
2978 2548 3081 2599 est,
3114 2538 3389 2608 principio

1804 2629 2161 2685 couformem.
2207 2628 2418 2684 Etenim
2453 2628 2743 2697 cujuslibet
2795 2644 2982 2683 eorum
3034 2630 3126 2697 qui
3161 2643 3386 2682 sacrum

1802 2718 2049 2773 ordinem
2086 2718 2264 2774 sortiti
2291 2727 2441 2784 sunt,
2467 2719 2522 2771 in
2571 2720 2674 2775 hoc
2713 2720 2814 2773 sita
2848 2719 3107 2790 perfectio
3127 2719 3390 2785 est.utad

1803 2811 2059 2874 divinam,
2081 2825 2177 2879 pro
2207 2820 2365 2878 captu
2391 2810 2625 2879 quisque
2699 2825 2816 2872 suo,
2855 2819 3236 2880 promereatur
3264 2810 3390 2864 imi-

1804 2904 2080 2967 tationem,
2101 2901 2350 2970 quodqne
2366 2902 2600 2955 divinius
2648 2911 2732 2954 est
2750 2901 3014 2964 omnium,
3035 2901 3202 2969 ipsius
3222 2902 3390 2955 etiam

1803 2991 1923 3065 Dei,
1951 3002 2005 3046 ut
2039 2990 2262 3061 Eloquia
2301 2992 2616 3060 loquuntur,
2652 3001 2976 3061 cooperator
3000 2990 3251 3053 exsistat,
3309 2990 3391 3043 di-

1801 3087 2088 3155 viuamque
2133 3086 2185 3138 in
2228 3084 2520 3153 semetipso
2570 3086 2903 3138 demonstret
2942 3096 2953 3103 ‘
2997 3081 3392 3151 Operationem,

1802 3176 1979 3247 quoad
2017 3183 2214 3246 potest,
2247 3173 2551 3229 elucentem
2582 3188 2596 3224 :
2627 3174 2827 3241 quippe
2844 3187 2967 3227 cum
2993 3172 3044 3225 in
3072 3174 3173 3227 hoc
3197 3173 3269 3225 sit
3298 3186 3393 3225 sa-

1801 3280 1909 3322 cra:
1939 3264 2350 3336 gubernationis
2431 3264 2590 3327 ordo,
2625 3271 2685 3316 ut
2737 3262 2897 3330 aliqui
2946 3271 3262 3331 purgentur,
3299 3261 3390 3314 alii

1810 3363 2039 3425 purgent
2075 3370 2090 3420 ;
2123 3353 2287 3424 aliqui
2315 3352 2705 3417 illumiucutur,
2769 3351 2861 3405 alii
2889 3351 3192 3406 illuminent
3225 3367 3241 3416 ;
3268 3352 3394 3420 qui-

1813 3444 1936 3499 dam
1990 3444 2363 3512 perﬁciantur,
2429 3441 2670 3497 nonnulli
2723 3456 2854 3495 vero
2882 3441 3198 3510 perﬁciant;
3232 3441 3394 3495 modo

1815 3536 2011 3605 cuique
2032 3550 2132 3590 suo
2160 3535 2336 3589 divina
2367 3544 2629 3605 cougruet
2684 3535 2933 3588 imitatio.
3000 3533 3188 3587 Divina
3223 3533 3396 3601 siqui-

1816 3629 1937 3683 dem
1971 3627 2264 3694 beatitudo,
2294 3635 2370 3704 ut.
2397 3641 2546 3680 more
2595 3626 2871 3680 hominum
2942 3624 3153 3693 loquar,
3199 3638 3396 3693 expers

1812 3728 1896 3773 est
1934 3719 2109 3773 omnis
2156 3717 2639 3781 dissimilitudinis,
2680 3733 2746 3772 ac
2814 3721 2969 3785 plena
3018 3715 3151 3768 lucis
3198 3715 3397 3784 sempi-

1813 3818 2004 3874 terme,
2038 3809 2297 3878 perfecta,
2346 3808 2545 3863 nullius
2577 3809 2755 3876 indiga
2805 3806 3181 3875 pertectiouis,
3226 3821 3394 3857 mun-

1811 3903 1947 3957 dans
1975 3943 1988 3963 .
2028 3902 2367 3965 illuminans,
2430 3915 2866 3966 consutnmans;
2915 3899 3160 3968 quinimo
3209 3899 3389 3968 potius

1814 3995 2047 4064 ipsamet
2076 4008 2229 4048 sacra
2258 3993 2558 4054 mundatio,
2593 4002 2648 4047 et
2682 3992 3032 4057 illutninatio,
3055 4000 3108 4044 et
3135 4005 3395 4044 consumo

1816 4082 2004 4150 matio,
2035 4100 2198 4155 supra
2228 4084 2657 4149 mundationern,
2694 4098 2858 4153 supra
2908 4084 3105 4147 lucem,
3156 4097 3397 4152 praepar-

1819 4177 1981 4236 tecta.
2017 4192 2110 4246 per
2134 4191 2195 4231 se
2223 4175 2376 4245 origo
2404 4176 2779 4245 perfectionis,
2826 4186 2988 4245 atque
3056 4174 3234 4228 onmis
3275 4175 3395 4244 qui-

1818 4270 1939 4324 dem
1972 4267 2111 4321 sacri
2142 4265 2349 4320 ordinis
2390 4282 2553 4321 causa
2576 4307 2591 4331 ,
2637 4279 3010 4322 verumtamen
3041 4265 3109 4320 ab
3144 4266 3289 4321 oumi
3340 4281 3398 4321 re

1820 4374 1977 4416 sacra
2036 4372 2132 4428 per
2160 4355 2541 4412 excellentiam
2577 4365 2829 4427 excepta.

1718 4501 1893 4578 5|".

128 4678 129 4681 “
206 4674 328 4748 Χρὴ
352 4671 666 4745 τοιγαροῦν,
714 4670 791 4737 ὡς
831 4666 1009 4743 οἶμαι,
1052 4673 1180 4736 τοὺς
1232 4671 1331 4742 μὲν
1379 4669 1608 4744 καθαιρο

1916 4668 2115 4738 )portet
2146 4668 2334 4737 igitur,
2361 4674 2419 4722 ut
2452 4668 2711 4737 arbitror,
2770 4680 2868 4721 eos
2925 4680 3017 4735 qui
3067 4672 3396 4733 purgantur,

133 4785 258 4831 νους
280 4766 505 4837 ἀμιγεῖς
531 4756 904 4816 ἀποτελεῖσθαι
946 4760 1201 4831 καθόλου,
1228 4761 1324 4814 καὶ
1350 4762 1531 4833 πάσης
1558 4761 1739 4831 ὴλευ-η

136 4853 407 4931 θερὶῖισθαι
449 4856 554 4925 τῆς
578 4855 827 4927 ἀνομοίου
862 4852 1255 4924 συμφύρσεως·
1306 4853 1435 4915 τοὺς
1471 4852 1527 4905 δὲ
1554 4868 1721 4920 φωτι-

138 4950 397 5023 ζομένους
422 4944 873 5018 ἀποπληροῦσθαι
900 4943 995 4997 τοῦ
1028 4942 1171 4997 θείου
1197 4940 1556 5013 φωτὸς,·πρὸς
1585 4940 1723 4993 θεω-

141 5044 373 5117 ρητικὴν
426 5040 541 5107 ἕξιν
568 5040 663 5093 καὶ
702 5038 929 5110 δύναμιν
962 5039 1018 5091 ὲν
1047 5037 1343 5105 πανάγνοις
1364 5035 1486 5098 νοὸς
1515 5032 1721 5103 ὀφθαλ-

144 5137 261 5205 μοῖς
295 5131 669 5202 ἀναγομένους
693 5148 707 5161 ·
762 5130 887 5193 τοὺς
922 5129 979 5182 δὲ
1004 5127 1359 5199 τελουμένους
1391 5126 1460 5188 ⁷⁷,
1514 5128 1580 5179 ὲκ
1623 5126 1718 5180 τοῦ

141 5227 368 5291 ἀτελοῦς
429 5223 949 5296 μεταταττομένους,
1004 5221 1267 5293 μετόχους
1312 5217 1563 5287 γίνεσθαι
1619 5218 1723 5288 τῆς

142 5335 246 5376 των
270 5316 721 5374 ὲπῡπτευθὲντων
769 5308 933 5388 ἱερῶν
983 5310 1331 5383 τελειωτικῆς
1380 5310 1719 5381 ἐπιστήμης.

1824 4778 1991 4832 puros
2022 4758 2158 4815 efﬁci
2211 4762 2458 4825 omnino,
2506 4768 2667 4828 atque
2718 4757 2868 4811 omni
2930 4754 3400 4827 dissimilitudinis

1823 4853 2202 4909 commistione
2242 4854 2499 4918 liberari;
2552 4866 2645 4907 eos
2696 4865 2830 4904 vero
2861 4850 2952 4919 qui
3016 4847 3401 4902 illuminantur

1825 4944 2010 5000 divino
2042 4945 2248 4999 lumine
2276 4944 2491 5015 repleri,
2550 4945 2615 4997 ad
2660 4941 3141 5009 contemplativum
3194 4944 3399 4991 statutn

1824 5047 1988 5106 atque
2003 5038 2258 5091 virtutem
2284 5037 2603 5091 castissintis
2630 5035 2827 5090 mentis
2850 5033 3026 5087 oculis
3054 5027 3399 5091 evelientlos;

1826 5128 2067 5198 denique
2099 5143 2197 5182 eos
2255 5128 2346 5195 qui
2404 5127 2805 5197 perﬁciuntur,
2856 5125 2925 5178 ab
2987 5116 3404 5188 imperfectione

1835 5220 2157 5283 translatos,
2195 5217 2412 5273 illorum
2468 5233 2590 5287 quae
2644 5215 2874 5272 contuiti
2937 5222 3085 5277 sunt,
3122 5228 3402 5268 sacrorum

1827 5310 2140 5379 perfectirzn
2189 5310 2438 5367 scientiae
2459 5304 3090 5381 participes‘exsistere.
3153 5301 3407 5373 Expiato-

1439 5465 1674 5521 νΑΒιΑΞ
1710 5462 2115 5526 LECTIONES.

159 5662 331 5733 ἱερῷς.
386 5660 589 5733 ﬁcu.

218 5592 260 5623 "
288 5590 430 5644 Bud.
468 5587 709 5644 ἐσοπτρά
738 5558 821 5639 τε.
894 5584 939 5615 ⁷⁸
972 5584 1071 5639 Ch.
1110 5585 1172 5638 D.
1216 5582 1273 5636 Ρ.
1307 5582 1367 5636 S.
1396 5578 1697 5643 τελεσταίς,
1734 5578 1818 5633 cui
1870 5577 2090 5631 lectioni
2127 5584 2344 5630 veteres
2360 5551 2751 5644 astipulantuc
2796 5566 3143 5644 interpretes.
3202 5563 3400 5644 που.

673 5604 709 5641 α
738 5604 819 5639 τε.
899 5604 939 5615 ¹”
972 5604 1071 5639 ιλιι.
1111 5604 1172 5638 υ.
1216 5604 1273 5636 ι’.
1309 5604 1367 5636 3.
1396 5604 1697 5643 τελεσταις,
1734 5604 1818 5633 CUI
1870 5604 2090 5631 multum
2132 5604 2344 5630 nuc-ca
2371 5604 2723 5639 aui-putamu-
2797 5604 3143 5635 --ιιωγ-υυυ.
3301 5604 3400 5618 ν...

636 5604 698 5709 Β.
740 5653 1095 5708 τελειοῦσθαι.
1170 5650 1216 5683 ⁷³
1250 5652 1351 5707 Cli.
1392 5653 1546 5705 aliter
1596 5651 1724 5718 legit
1768 5658 1822 5700 et
1860 5648 2183 5713 distinguit,
2229 5641 2459 5718 άρμόσει
2502 5638 2590 5691 διά
2632 5634 2926 5718 τόνδεητὺν
2961 5636 3161 5717 τρόπον
3191 5636 3225 5706 ἡ
3261 5632 3402 5718 θεία.

159 5706 724 5801 ἓῖτξιῖζλὺηέιῖᾧῲτὶξ.
754 5706 923 5801 Siet
972 5724 1041 5780 ill.
1073 5721 1374 5793 adiungunt
1414 5730 1536 5791 post
1582 5706 1913 5790 πρὶτέλειος,
1941 5706 2553 5773 νεὼιιηιαύτὸτέλειος,
2591 5711 2735 5779 quod
2785 5706 3169 5763 S't‘otus'etiatu
3203 5706 3401 5759 reddit.

164 5800 200 5833 "
238 5800 295 5857 Β.
324 5799 403 5872 .P.
432 5796 501 5855 DQ
533 5796 957 5869 τελειουμένους.
