3708 6292
380 299 484 357 ιω

1514 298 1573 356 S.
1613 294 1911 353 DlONYSll
1944 295 2417 354 AREOPAGITIE
2460 318 2463 319 ν

3557 298 3661 353 168

383 434 471 472 res
486 433 648 489 porro
669 419 821 470 decet
845 416 1156 485 praestantia
1182 413 1555 469 mundationis
1572 414 1711 467 alios
1730 421 1847 483 part

2197 412 2283 474 ῖδὲ
2325 411 2712 483 καθαρτικοὺς,
2771 411 3059 483 περιουσίᾳ
3089 411 3417 485 καθάρσεως
3445 411 3661 480 ἑτέροις

379 528 476 582 pes
510 511 735 565 reddere
760 509 991 579 propria:
1016 508 1267 577 puritatis
1292 523 1308 571 ;
1340 506 1962 569 illuminatoresautem,

381 614 438 655 ut
470 602 561 671 qui
593 609 718 655 sunt
768 608 976 653 utentes
1025 598 1454 668 perspicacioros
1493 612 1620 651 cum
1675 596 1743 649 ad
1785 595 1966 665 perci-

383 692 635 764 piendum
664 701 775 743 tum
805 689 873 742 ad
938 689 1421 744 transfundenduin
1481 688 1584 742 rite
1622 687 1806 741 lumen
1850 687 1965 741 ido-

384 796 536 845 neos,
566 795 666 834 nec
701 778 808 833 no'n
844 780 1147 834 luculenter
1181 794 1339 833 sacro
1382 779 1594 848 fulgore
1622 778 1836 848 plenos,
1863 795 1965 834 ex-

383 877 683 930 undantem
719 876 964 943 undique
1004 874 1177 928 lucem
1243 874 1293 926 in
1326 889 1388 927 ea
1420 874 1615 944 dignos
1669 874 1960 937 derivare;

382 967 617 1037 denique
638 967 998 1036 perfectores,
1021 981 1119 1020 ceu
1147 966 1479 1033 periicientis
1534 964 1838 1034 disciplinze
1868 979 1990 1033 pe-,

388 1057 707 1121 ritissimos,
769 1056 1033 1125 perlicere
1105 1054 1228 1109 illos
1279 1056 1369 1125 qui
1409 1054 1727 1124 perﬁciendi
1793 1062 1960 1117 sunt,

383 1150 758 1203 sacratissima
791 1149 1038 1203 doctrina
1074 1148 1322 1203 scientia:
1343 1147 1454 1217 30
1476 1162 1658 1200 rerum
1684 1159 1962 1200 sacrarum

382 1257 517 1310 quas
549 1242 921 1310 inspexerunt.
948 1241 1188 1308 Quilibet
1216 1242 1384 1309 igitur
1407 1239 1728 1293 bierarcbia:
1758 1237 1954 1292 distin-

384 1336 585 1390 ctionis
614 1338 773 1400 ordo,
805 1350 904 1403 pro
954 1333 1173 1389 modulo
1213 1334 1445 1403 quisque
1477 1347 1577 1386 suo
1607 1331 1674 1385 ad
1710 1330 1960 1383 divinam

384 1428 674 1481 adducitur
716 1426 1188 1495 cooperationem,
1214 1440 1275 1478 ea
1311 1438 1409 1493 per
1460 1424 1550 1476 Dei
1587 1422 1819 1492 gratiam
1850 1423 1965 1474 vir-

387 1531 662 1588 tutemqne
696 1518 1007 1586 periiciens,
1050 1532 1171 1584 qua:
1217 1531 1445 1570 summa.
1492 1514 1690 1567 Deitati
1740 1523 1965 1569 natura-

386 1609 531 1674 liter,
560 1623 834 1678 snpraque
875 1617 1125 1661 naturam
1186 1606 1394 1671 insunt,
1425 1616 1480 1661 et
1530 1608 1599 1661 ab
1640 1605 1827 1660 eadem
1866 1622 1964 1659 su-

384 1704 853 1773 peressentialiter
882 1711 1023 1766 acta,
1077 1716 1177 1755 nec
1228 1717 1331 1755 non
1367 1702 1433 1756 ad
1486 1699 1809 1769 possibilem
1867 1700 1961 1754 Dei

2070 502 2411 573 μεταδιδόναι
2454 502 2554 572 τῆς
2581 501 2791 565 οἰκείας
2835 502 3172 573 ἀγνότητος·
3202 505 3333 566 τοὺς
3378 503 3439 555 δὲ
3484 520 3659 571 φωτι-

2067 596 2308 659 στικοὺς,
2356 595 2433 657 ὼς
2473 594 2865 665 διειδεστέρους
2911 595 3060 660 νόας,
3106 596 3201 649 καὶ
3244 596 3385 667 πρὸς
3424 595 3661 667 μετοχὴν

2066 688 2244 757 φωτὸς
2268 688 2364 740 καὶ
2384 688 2672 763 μετάδοσιν
2701 686 2920 752 οἰκείως
2947 688 3191 759 ἔχοντας,
3222 689 3317 741 καὶ
3342 687 3660 750 πανολὸίως

2063 783 2163 853 τῆς
2194 782 2345 853 ίερᾶς
2391 782 2915 854 ἀποπληρουμένους
2976 783 3192 855 αἴγλης,
3232 783 3294 837 τὸ
3348 782 3497 836 κατὰ
3548 785 3656 835 πᾶν

2065 871 2243 924 αὐτῶν
2297 871 2709 943 ὑπερχεόμενον
2757 872 2894 941 φῶς,
2950 874 3033 934 είς
3073 872 3200 935 τοὺς
3239 871 3432 937 ἀξίους
3476 870 3658 939 φωτὸς

2064 964 2408 1035 ὲποχετεύειν
2427 981 2440 994 ·
2484 967 2614 1028 τοὺς
2640 965 2697 1018 δὲ
2720 965 3153 1036 τελεσιουργοὺς,
3188 965 3265 1027 ὼς
3295 966 3657 1034 ἐπιστημονι-

2064 1061 2195 1121 κοὺς
2237 1058 2337 1128 τῆς
2367 1056 2686 1127 τελεπικῆς
2722 1058 3081 1129 μεταδόσεως,
3106 1058 3283 1111 τελεῖν
3309 1060 3442 1121 τοὺς
3469 1057 3656 1110 τελου-

2068 1150 2263 1221 μένους
2290 1150 2337 1181 ⁷⁸
2367 1152 2432 1221 τῇ
2465 1150 2707 1220 πανιέρῳ
2729 1150 2927 1219 μυήσει
2948 1149 3050 1219 τῆς
3064 1148 3173 1202 τῶν
3199 1148 3656 1202 ὲποπτευθέντων

2069 1243 2230 1314 ίερῶν
2281 1244 2611 1313 ἐπιστήμης.
2691 1241 2900 1295 Οὐκοῦν
2951 1242 3155 1313 ἑκάστη
3198 1243 3297 1312 τῆς
3330 1240 3656 1313 ἱεραρχικῆς

2064 1335 2479 1406 διακοσμήσεως
2531 1333 2705 1400 τάξις,
2754 1334 2898 1387 κατά
2941 1334 3039 1404 τὴν
3091 1334 3299 1387 οἰκείαν
3356 1333 3655 1406 ἀναλογίαν

2065 1426 2323 1493 ἀνάγεται
2372 1426 2510 1497 πρὸς
2531 1426 2628 1497 τὴν
2660 1424 2809 1477 θείαν
2837 1425 3178 1496 συνέργειαν,
3204 1427 3389 1479 ἐκεῖνα
3414 1405 3652 1477 τελοῦσα

2066 1518 2247 1588 χάριτι
2296 1518 2389 1570 καὶ
2414 1517 2677 1586 Θεοσδότῳ
2713 1516 2981 1587 δυνάμει,
3021 1516 3090 1569 τά
3113 1520 3180 1587 τῇ
3234 1517 3471 1587 θεαρχίᾳ
3495 1532 3654 1584 φυσι-

2066 1610 2177 1673 κῶς
2223 1609 2315 1662 καὶ
2337 1609 2632 1681 ὑπερφυῶς
2664 1609 2851 1662 ἐνόντα
2880 1610 2948 1673 τ’,
2979 1607 3076 1661 καὶ
3108 1608 3245 1680 πρὸς
3288 1608 3464 1678 αὐτῆς
3490 1606 3657 1677 ὑπερ-

2066 1701 2261 1764 ουσίως
2283 1699 2560 1772 δρώμενα,
2619 1698 2884 1771 καὶπρὸς
2932 1699 3030 1771 τὴν
3079 1698 3310 1769 ὲφικτὴν
3359 1699 3475 1752 τῶν
3506 1699 3653 1768 φιλο-

383 1798 685 1850 amicarum
727 1796 989 1849 mentium
1082 1794 1440 1848 imitationem
1479 1793 1847 1847 hierarcliites

1995 1792 2035 1846 Β
2063 1792 2201 1845 Θέων
2226 1792 2360 1845 νόων
2392 1792 2625 1864 μίμησιν
2666 1792 2999 1863 ίεραρχικῶς
3037 1791 3424 1862 ἐκφαινόμενα.

382 1886 682 1941 declarata.

1559 2123 2100 2181 ADNOTATIONES
2146 2121 2500 2180 CORDERII.

464 2306 563 2362 Ubi
596 2307 898 2374 generatim
923 2306 1164 2360 ostendit
1197 2307 1486 2367 rationem.
1512 2319 1617 2374 qua
1646 2304 1804 2360 nobis
1832 2305 1885 2360 in
1909 2302 2217 2360 cwlestium
2250 2302 2731 2373 spiritualiumque
2756 2315 2940 2354 rerum
2967 2297 3333 2368 cognitionem
3356 2300 3651 2355 deverticu-

383 2378 509 2432 dum
538 2376 631 2440 sit,
660 2378 726 2428 ad
757 2378 1075 2431 liierarcbiae
1105 2377 1302 2430 transit
1331 2374 1779 2446 explicationem.

457 2447 486 2518 ξ
516 2447 554 2499 l.
596 2448 673 2500 Ac
722 2449 954 2516 primum
986 2447 1224 2518 quidem,
1258 2440 1543 2514 quid'ipsa
1572 2446 1663 2518 Asit
1688 2445 1921 2518 _dellnit,

2209 2443 2551 2518 [Ἐστι-μὲν
2582 2443 2866 2518 ἱεραρχία,
2908 2453 2987 2496 est
3018 2441 3280 2518 _quidem__
3315 2440 3644 2518 hierarchio.

383 2511 520 2581 etc"
553 2511 785 2585 eamque
816 2511 1096 2570 distribuit
1119 2517 1169 2569 in
1201 2511 1471 2578 ordinem,
1506 2515 1790 2569 scientiam
1819 2527 1875 2570 et
1900 2516 2170 2569 actionem
2200 2530 2215 2577 ;
2244 2515 2296 2567 in
2328 2511 2522 2568 ordine
2547 2511 2805 2579 cilicium,
2855 2512 3178 2585 inscientia
3231 2511 3644 2585 discretionem,

388 2590 439 2641 iu
474 2581 712 2641 actione'
737 2587 1101 2641 ministerium
1133 2587 1432 2655 designans
1462 2603 1475 2649 ;
1512 2585 1914 2655 quibustribus
1940 2587 2092 2654 quasi
2127 2586 2396 2655 partibus,
2429 2586 2609 2639 omnis
2637 2597 2746 2655 tam
2776 2582 3021 2655 angelica.
3069 2596 3233 2655 quam
3286 2592 3479 2635 nostra
3528 2581 3644 2655 bie-

386 2658 605 2712 rarrhia
656 2674 750 2711 seu
813 2657 1144 2725 gubernandi
1176 2652 1318 2709 ratio
1337 2652 1670 2709 continetur.
1712 2653 1873 2716 Nam,
1909 2652 1971 2708 nt
2002 2652 2148 2709 recte
2180 2654 2333 2723 llngo
2364 2656 2430 2707 ad
2469 2657 2615 2709 hunc
2648 2654 2850 2718 locum,
2883 2654 3001 2725 sine
3031 2652 3259 2725 ordine,
3289 2652 3647 2725 prresnntptio

384 2738 467 2781 est
502 2732 687 2792 actio;
722 2722 839 2781 sine
866 2729 1080 2781 actione
1108 2726 1436 2795 negligentia
1478 2735 1564 2779 est
1592 2727 1732 2779 ordo
1760 2743 1773 2790 ;
1811 2727 1929 2795 sine
1953 2726 2180 2779 scientia
2213 2722 2361 2786 vero,
2395 2735 2449 2778 et
2476 2726 2621 2780 actio
2664 2722 3135 2793 repreliensibilis,
3161 2733 3215 2773 et
3240 2724 3376 2795 ordo
3414 2722 3644 2795 inutilis.

385 2796 553 2864 Τάξις
583 2790 791 2859 autem,
817 2811 911 2851 seu
948 2802 1105 2859 ordo,
1136 2790 1221 2849 bi'c
1256 2790 1395 2849 idem
1429 2806 1514 2849 est
1564 2797 1708 2864 quod
1737 2794 1957 2862 ἐξουσία
1986 2810 2081 2849 seu
2114 2805 2380 2863 potestas,
2411 2796 2480 2849 de
2508 2812 2615 2863 qua
2646 2790 2845 2848 Paulus
2876 2795 2941 2846 ad
3000 2796 3320 2864 ιιυιιιηχιιι,
3358 2794 3388 2864 ι
3413 2807 3433 2864 _:
3473 2790 3647 2864 Ῑζᾱσα

382 2860 554 2936 devii;
586 2867 893 2932 ἐξουσίαις
914 2867 1349 2936 ὑπερεχούσαις
1372 2860 1810 2919 ὑποτασσέσθω
1835 2882 1849 2896 ο
1873 2867 1957 2936 οὺ
2001 2860 2305 2934 γάρ’ἐστιν
2345 2860 2619 2929 ἐξουσία,
2654 2867 2706 2936 εί
2742 2863 2827 2933 μὴ
2863 2863 2979 2918 ἀπὸ
3048 2861 3224 2936 Θεοῦ·
3257 2864 3321 2936 ab
3359 2860 3431 2914 δὲ
3466 2861 3644 2914 οὖσαι

382 2932 656 3001 ἐξουσίαι
697 2938 813 2991 ὑπὸ
858 2932 1037 2989 θεοῦ⁷
1070 2932 1417 3004 τεταγμέναι
1482 2936 1663 2988 εἰσίν.
1719 2937 1846 2991 0mm

2202 2937 2543 3002 potestatibus
2575 2935 2973 2988 sublimioribus
3002 2932 3216 2987 subdita
3276 2933 3343 3004 sit
3374 2945 3392 2982 :
3436 2948 3540 3004 non
3570 2943 3640 2985 est

385 3008 523 3061 enim
553 3019 811 3075 potestas,
839 3008 941 3059 nisi
964 3024 993 3057 a
1015 3006 1119 3060 Deo
1146 3022 1166 3071 ;
1200 3001 1317 3075 qm
1354 3016 1526 3057 autem
1553 3022 1618 3073 po
1644 3016 1836 3059 estates
1867 3016 2012 3072 sunt,
2036 3020 2069 3057 a
2098 3001 2210 3057 Deo
2230 3006 2490 3075 crdinum:
2510 3016 2654 3061 sunt.
2684 3006 2780 3059 Ubi
2814 3005 2920 3057 duo
2941 3004 3070 3057 dicit
3097 3001 3423 3075 Apostolus:
3446 3002 3638 3075 primo,

386 3074 683 3146 potestates
722 3092 844 3130 esse
881 3092 910 3129 a
963 3076 1103 3142 Deo;
1130 3074 1390 3136 seettndo,
1434 3092 1528 3128 eas
1568 3090 1757 3127 carere
1785 3075 2004 3145 ἀταξίᾳ,
2038 3076 2089 3128 id
2129 3084 2213 3129 est
2236 3074 2579 3146 confusione,
2613 3085 2669 3129 et
2717 3090 2840 3129 esse
2872 3086 3020 3146 apto
3069 3076 3266 3146 ordine
3307 3074 3642 3146 distributas

386 3141 443 3201 et
474 3149 859 3201 subordinatas
884 3165 913 3198 a
948 3148 1055 3199 Deo
1098 3147 1180 3200 vel
1223 3147 1322 3199 sub
1356 3146 1485 3198 Deo.
1541 3146 1723 3198 Prima
1759 3141 2285 3213 itaque'bierarcbia
2323 3156 2405 3199 est
2436 3154 2677 3214 potestas
2707 3145 3038 3207 Divinitatis,
3063 3158 3185 3211 qua:
3208 3142 3419 3197 dicitur
3441 3141 3641 3212 ταξαρ-

386 3219 512 3286 χία;
565 3218 802 3271 secunda
835 3226 888 3270 et
943 3218 1120 3269 media
1165 3226 1243 3269 est
1308 3214 1574 3285 angelica,
1606 3223 1661 3267 et
1689 3215 1891 3269 dicitur
1922 3215 2308 3285 διακόσμησις,
2340 3216 2398 3286 id
2427 3226 2533 3280 est,
2570 3216 2871 3280 adornatio,
2912 3218 2977 3266 ad
3010 3214 3428 3286 similitudinem
3456 3229 3643 3282 pruna:

389 3284 672 3355 potestatis
718 3286 886 3352 facta,
922 3294 976 3339 et
1004 3286 1103 3339 sub
1150 3286 1321 3355 prima
1355 3284 1628 3354 potestate
1657 3287 1949 3339 constituta
1979 3301 1994 3350 ;
2041 3284 2197 3338 tertia
2228 3296 2283 3339 et
2309 3285 2497 3338 ultima
2529 3288 2902 3355 estliumana,
2931 3286 2998 3338 ad
3041 3284 3457 3339 similitudinem
3482 3299 3642 3352 ange-

391 3354 510 3411 I.ca:
544 3356 712 3419 facta,
742 3366 794 3409 et
840 3355 941 3408 sub
973 3370 1036 3408 ea
1064 3354 1384 3419 constituta,
1420 3365 1472 3410 et
1497 3371 1593 3423 per
1623 3370 1743 3408 eam
1790 3358 1889 3409 sub
1917 3358 2089 3424 prima
2148 3364 2205 3409 et
2256 3370 2536 3423 suprema.
2610 3354 2772 3409 llisce
2836 3355 3163 3408 ltierarcbiis
3214 3364 3357 3407 totus
3407 3366 3641 3407 llilllldtls

389 3430 745 3495 gubernatur.
779 3426 955 3478 Prima
986 3426 1149 3493 igitur
1169 3426 1465 3479 secundam
1488 3436 1544 3478 et
1572 3426 1786 3479 tertiam
1813 3426 2178 3479 hierarcbiam
2210 3435 2331 3493 post
2357 3441 2417 3480 se
2455 3426 2743 3482 constituit
2778 3427 2830 3480 in
2860 3425 3067 3493 angelis
3110 3435 3176 3495 Aet
3213 3425 3551 3489 hominibus,
3584 3434 3641 3475 ut

389 3493 437 3550 ei
466 3496 771 3550 conformes
797 3504 982 3567 essent
1002 3497 1415 3565 participatione
1441 3495 1677 3567 virtutis,
1702 3506 1754 3549 et
1774 3496 2180 3565 cooperatrices
2211 3498 2487 3550 consortio
2521 3496 2805 3567 potestatis
2838 3517 2851 3551 :
2882 3493 3148 3567 et‘divisit
3176 3497 3318 3550 dona
3351 3496 3635 3556 virtutum,

390 3574 445 3619 et
480 3569 778 3621 secundum
830 3564 1126 3619 divisioiies
1174 3568 1459 3627 donorum,
1489 3565 1765 3619 distribuit
1822 3564 1993 3620 uilicia
2026 3576 2357 3635 potestatum
2387 3574 2482 3629 ;et
2521 3564 2678 3620 dedit
2713 3570 2851 3620 dona
2905 3564 3159 3633 plurima,
3191 3576 3247 3619 et
3303 3570 3508 3635 multas
3538 3580 3633 3634 po-

392 3648 617 3689 testates
697 3637 1016 3697 constituit,
1072 3642 1127 3689 ct
1193 3637 1377 3689 omnia
1430 3637 1568 3689 dona
1643 3639 1708 3691 de
1763 3652 1892 3702 uno,
1944 3634 2243 3690 et’omnia
2302 3637 2367 3687 ad
2416 3652 2600 3699 unum,
2629 3647 2685 3689 et
2737 3637 2789 3689 in
2842 3652 2950 3689 uno
2994 3638 3149 3704 juxta
3190 3637 3368 3689 illud:
3404 3634 3637 3687 Diuisio-

393 3722 482 3759 nes
531 3707 822 3774 gratiarum
861 3714 1015 3765 sunt,
1053 3708 1192 3758 idem
1251 3715 1428 3758 autem
1471 3707 1704 3773 Spiritus
1739 3719 1759 3757 :
1818 3718 1866 3760 et
1907 3706 2190 3760 divisiones
2231 3706 2683 3760 ministrationum
2721 3718 2878 3772 sunt,
2938 3707 3073 3761 idem
3112 3717 3286 3761 autem
3326 3704 3587 3758 Dominus
3617 3718 3635 3754 :

389 3787 435 3847 et
475 3778 756 3830 divisiones
787 3776 1326 3847 operatiouumgsuut,
1356 3778 1495 3839 idem
1538 3791 1656 3830 vero
1696 3776 1859 3841 Deus,
1888 3778 1981 3847 qui
2019 3787 2271 3844 operatur
2320 3792 2497 3829 omnia
2526 3777 2582 3831 in
2634 3781 2872 3831 omnibus
2904 3777 2949 3831 ι.
2979 3779 3118 3833 Nam
3162 3793 3229 3832 ea:
3278 3779 3416 3847 ipso,
3459 3786 3508 3829 et
3545 3792 3638 3843 per

389 3846 582 3915 ipsum,
638 3857 685 3898 et
727 3847 779 3897 in
809 3861 939 3915 ipso,
967 3854 1021 3899 et
1052 3850 1118 3898 ad
1156 3845 1333 3913 ipsum
1366 3856 1489 3899 sunt
1514 3848 1691 3901 omnia
1718 3848 1767 3900 ιι.

467 3916 562 3968 Est
590 3914 884 3969 Itierarcltia
914 3931 1063 3967 sacer
1086 3921 1238 3977 ordo,
1284 3925 1389 3970 etc.
1420 3918 1624 3980 Qumrit
1652 3929 1873 3973 sanctus
1921 3916 2162 3972 Thomas
2189 3916 2243 3971 in
2270 3931 2307 3970 ιι
2343 3913 2498 3972 Sent.
2527 3956 2544 3982 ,
2571 3914 2700 3970 dist.
2728 3917 2782 3981 9,
2821 3933 2874 3972 ιι.
2913 3917 2967 3983 1,
3005 3928 3184 3973 utrum
3221 3918 3338 3973 haec
3366 3915 3634 3980 deﬁnitio,

390 3986 517 4038 data
566 3986 905 4058 avionysio,
933 3988 1384 4058 sitconvenieus.
1442 3987 1755 4055 Respondet
1782 4007 1798 4044 :
1829 3992 1963 4042 Cum
2013 3989 2323 4042 bierarcbia
2369 3987 2643 4054 signiticet
2665 4002 2881 4043 sacrum
2914 3991 3205 4058 quemdam
3232 3990 3633 4057 principatum,

393 4058 446 4109 iu
476 4057 623 4109 Oltttll
650 4065 833 4109 autem
863 4056 1168 4129 principatu
1195 4058 1506 4129 requiratur
1535 4061 1738 4125 gradus
1785 4059 2072 4129 potestatis
2093 4067 2148 4111 et
2177 4058 2323 4123 linis,
2368 4059 2421 4111 in
2470 4072 2633 4111 sacro
2673 4056 2977 4128 principatu
3029 4056 3282 4127 oportere
3326 4056 3633 4129 huiusmodi

392 4142 550 4179 sacra
576 4142 694 4199 esse
726 4135 781 4177 et
810 4130 1015 4179 divina.
1038 4126 1260 4199 gEtideo
1289 4126 1429 4180 sicut
1468 4129 1520 4181 iu
1558 4126 1803 4183 saeculari
1846 4130 2303 4199 principatuiinis
2326 4135 2435 4189 est,
2469 4138 2527 4181 ut
2554 4129 2829 4199 subjecta_
2852 4126 3145 4183 inultitu’do
3191 4126 3423 4198 pacitice
3456 4128 3636 4195 dispo-

392 4206 553 4248 natur
581 4200 645 4248 ad
676 4198 874 4248 bonum
907 4214 936 4249 a
968 4195 1215 4265 principe
1244 4196 1510 4250 intentum
1542 4200 1705 4304 Sstcut
1746 4195 1896 4268 patet
1919 4202 1971 4251 iu
2000 4195 2272 4262 exercitu,
2305 4199 2423 4267 qui,
2472 4205 2770 4252 secundum
2806 4195 3219 4266 Philosophum,
3249 4202 3539 4253 ordinatur
3568 4200 3632 4249 ad

395 4268 591 4304 Imnlnn
615 4265 768 4304 alin-ie
825 4266 956 4304 uir-nl
991 4268 1056 4304 ml
1084 4267 1330 4304 ultimnln
1359 4268 1517 4304 linum
1574 4269 1590 4304 \
1621 4285 1635 4298 ο
1658 4270 1729 4304 itu
1762 4279 1967 4304 nmmum
1996 4269 2046 4304 in
2066 4283 2224 4304 ιωοιιη
2248 4268 2553 4304 nrt-minatur
2571 4269 2727 4304 linum
2751 4282 2869 4304 ﬁdem
2888 4270 3335 4304 ucaindlminna-n
3354 4272 3419 4304 ml
3446 4270 3608 4304 Ιὶιιιιιιι

393 4268 591 4340 bonum
615 4265 962 4340 ducistsicut
990 4268 1056 4320 ad
1084 4267 1330 4318 ultimum
1357 4268 1517 4321 linem
1548 4265 1590 4340 ι)
1621 4285 1635 4321 :
1658 4270 1731 4322 ita
1747 4265 1973 4340 oportet
1995 4269 2046 4322 in
2065 4283 2224 4322 sacro
2245 4265 2728 4337 principatulinem
2751 4282 2870 4324 esse
2887 4265 3420 4324 assimilationemad
3443 4270 3628 4320 Deum.

394 4335 550 4415 llunc
574 4346 753 4387 autem
784 4336 953 4415 tinent
973 4352 1078 4415 non
1103 4344 1337 4415 possunt
1365 4339 1540 4415 angeli
1562 4335 1852 4415 consequi,
1886 4340 1988 4393 nisi
2012 4355 2108 4415 per
2133 4335 2441 4415 ordinatam
2476 4340 2768 4415 actionem,
2800 4340 2868 4415 ad
2898 4354 3062 4408 quam
3088 4342 3326 4415 exigitur
3380 4340 3628 4415 ordinata

394 4414 656 4480 potestas,
689 4414 743 4458 et
764 4407 1285 4480 scientiadirigens;
1315 4422 1371 4480 et
1409 4409 1530 4461 ideo
1562 4411 1613 4462 in
1641 4407 1959 4463 delinitioue
2008 4407 2350 4480 bierarcliite
2379 4410 2602 4476 ponitur
2651 4413 2806 4473 ordo,
2843 4407 3035 4478 inquo
3072 4407 3406 4480 exprimitur
3431 4412 3630 4478 gradus

393 4476 788 4548 potestatis;_et
820 4477 1232 4548 scientiatstcut
1259 4478 1522 4548 dirigens,
1556 4489 1603 4533 et
1632 4482 1794 4547 actio,
1839 4483 1985 4534 sicut
2034 4481 2101 4533 ad
2128 4480 2290 4531 linem
2342 4479 2639 4542 inducens,
2686 4490 2735 4532 et
2786 4480 2879 4534 hei
2935 4476 3254 4545 similitudo,
3307 4476 3453 4536 sicut
3511 4480 3631 4531 linis

398 4555 660 4625 intentus.
685 4545 832 4625 Auum
855 4557 1031 4599 autem
1064 4547 1306 4625 linis__sit
1332 4545 1496 4625 causa
1526 4545 1838 4615 causarum,
1869 4553 1991 4605 ideo
2024 4550 2267 4625 deﬁnitio
2302 4564 2425 4625 qua:
2480 4551 2713 4625 sumitur
2740 4566 2805 4625 ex
2856 4550 2985 4625 line,
3031 4552 3317 4625 l'ortnalior
3367 4560 3454 4605 est
3492 4548 3632 4601 inter

392 4616 980 4695 ontnesdeﬁnitiones,
1008 4626 1070 4695 et.
1090 4617 1322 4695 medium
1350 4620 1736 4674 demonstrans
1763 4636 1896 4695 eas;
1938 4627 1993 4695 et.
2042 4620 2167 4675 ideo
2211 4620 2301 4695 illa
2320 4616 2642 4695 descriptio,
2693 4621 2993 4695 hierarchia
3021 4630 3097 4674 est
3150 4623 3220 4695 ad
3244 4621 3418 4674 Deum
3456 4630 3630 4695 unitas

393 4694 445 4739 et
465 4686 780 4767 similitudo,
810 4696 903 4767 est.
921 4687 1073 4767 quasi
1113 4689 1381 4767 deﬁnitio,
1402 4705 1526 4767 qua:
1552 4702 1637 4744 est
1664 4693 1901 4745 ntedium
1922 4692 2467 4767 demonstrationis:
2500 4686 2617 4744 tunc
2654 4701 2884 4767 autem,
2931 4692 3243 4767 uierarcitia
3271 4702 3348 4745 est
3390 4693 3541 4754 ordo,
3567 4704 3629 4767 Δει

400 4759 623 4831 scientia
650 4795 666 4820 ,
697 4759 962 4831 et‘actio,
990 4760 1059 4831 isi
1114 4759 1250 4812 nihil
1307 4764 1542 4831 addatur
1576 4801 1592 4825 ,
1639 4772 1724 4815 est
1772 4761 1937 4828 quasi
1983 4762 2465 4815 demonstrationis
2509 4762 2810 4827 conclusio,
2852 4764 2981 4831 quia
3045 4762 3273 4816 includit
3324 4763 3630 4818 essentiaba

396 4826 666 4907 principia
713 4827 1050 4907 bierarcuiaa
1089 4845 1103 4881 :
1137 4831 1279 4882 unde
1333 4830 1624 4907 Dionysius
1677 4826 1813 4907 eain
1855 4846 1925 4907 οε
1980 4832 2239 4898 praedicta
2289 4834 2613 4888 concludit:
2649 4834 2745 4887 sed
2797 4826 2932 4907 illa,
2996 4847 3118 4902 quae
3164 4836 3346 4907 posita
3409 4835 3633 4907 est‘bic

396 4900 556 5019 i‘iiirtio
605 4900 837 4966 capitis,
882 4901 1125 4968 perfecta
1170 4910 1281 4965 est,
1337 4903 1466 4965 quia
1529 4902 1944 4969 comprehendit
2005 4912 2332 4972 utramque,
2403 4909 2545 4957 unde
2591 4914 2671 4957 est
2712 4906 2867 4974 quasi
2918 4900 3313 4959 demonstratio
3367 4902 3633 4976 positione

396 4983 448 5019 ιι
491 4982 674 5019 erens.

396 4982 674 5020 uiuerens.

466 5036 570 5106 31
592 5036 895 5119 Notandum
918 5049 1120 5104 autem,
1138 5040 1281 5119 quod
1304 5042 1433 5093 ordo
1460 5040 2127 5119 duplicitersumipossit,
2151 5044 2530 5119 vid_elicet,gye_l
2556 5045 3012 5119 secundum,quod
3034 5045 3282 5103 nominat
3312 5062 3476 5101 unum
3507 5063 3631 5117 gra-

396 5108 522 5184 dum
551 5119 780 5184 tantum,
811 5112 1142 5184 sicut_v.__g.,
1171 5112 1263 5184 qui
1291 5121 1417 5184 sunt
1448 5114 1606 5163 unius
1630 5113 1851 5184 gradus,
1879 5108 2137 5184 dicuntur
2162 5117 2321 5169 unius
2346 5108 2557 5169 ordinis
2580 5130 2597 5178 ;
2622 5129 2679 5169 et
2702 5118 2787 5168 sic
2822 5108 2961 5169 ordo
2989 5126 3075 5171 est
3101 5132 3231 5184 pars
3261 5108 3581 5174 bierarcbiae
3614 5137 3626 5171 :

396 5178 480 5257 vel
507 5182 799 5257 secundum
834 5181 1138 5257 quoddicit
1182 5178 1504 5257 relationem
1540 5178 1661 5249 qua:
1688 5190 1773 5257 est
1817 5182 1959 5257 inter
1992 5183 2486 5257 diversosgradus,
2521 5195 2579 5257 ut
2621 5187 2764 5241 idem
2798 5187 2872 5239 sit
2898 5190 3043 5256 quod
3092 5178 3209 5257 ipsa
3240 5190 3633 5252 ordiuatio;et

396 5252 475 5329 sic
498 5252 731 5303 sumitur
756 5253 912 5329 quasi
943 5253 1225 5329 abstracto
1250 5267 1265 5304 :
1290 5260 1462 5329 atque
1492 5252 1595 5329 boe
1628 5252 1789 5305 modo
1827 5253 2048 5329 ponitur
2078 5254 2141 5329 iu
2161 5254 2478 5313 deﬁnitione
2526 5256 2881 5323 bierarchize;
2908 5252 3090 5329 primo
3111 5252 3309 5316 'autem
3348 5262 3508 5316 modo
3543 5274 3633 5313 su—

395 5318 564 5372 mitur
593 5323 925 5385 concretive,
958 5330 1015 5373 ut
1037 5324 1110 5373 sit
1130 5320 1264 5373 ordo
1288 5318 1429 5374 idem
1453 5322 1597 5390 quod
1626 5336 1767 5375 unus
1794 5318 1997 5391 gradus
2025 5326 2336 5381 ordinatus.

474 5490 486 5513 ι
523 5475 691 5531 lCor.
748 5490 845 5537 ιιι,
877 5476 932 5528 4.
1014 5477 1040 5515 Ιί
1066 5475 1223 5532 Rom.
1253 5493 1307 5531 ιι
1370 5478 1440 5533 56
1544 5476 1647 5534 H2
1680 5482 1938 5553 Metapliyi

796 5490 845 5537 ll,
877 5476 932 5528 4.
1014 5477 1040 5515 Ιί
1066 5475 1223 5532 Rom.
1253 5493 1307 5531 ιι
1370 5478 1440 5533 56
1544 5476 1647 5534 H2
1680 5482 1970 5553 Metapliys.
2012 5486 2147 5538 text.
2178 5484 2260 5543 ΞΛ

1675 5635 1903 5692 νΑιιιΑε
1948 5637 2346 5700 ιΕιπιολΕε.

504 5745 550 5775 ’⁸
585 5746 647 5798 D.
678 5743 1091 5813 τελειουμένοις.
1206 5746 1248 5779 ⁷⁹
1288 5748 1363 5802 Μ.
1412 5748 1560 5801 ὄντα.
