3748 6304
381 266 471 321 l'i'l

1506 260 1563 315 S.
1603 258 1759 315 ΒΙοΝ
1772 259 1901 315 YSII
1946 257 2410 316 AREOPAGITtE

3542 266 3639 320 i7“)

377 384 499 437 chia
532 397 637 436 non
678 380 851 436 solum
897 379 1148 441 scientia,
1178 380 1271 434 sed
1322 390 1373 433 et
1413 380 1664 449 operatio
1711 378 1857 447 appel

2176 380 2443 450 ἐνέργεια,
2473 378 2557 431 ἵνα
2602 378 2742 431 κατά
2773 378 2873 450 τὴν
2904 380 3102 452 ἑαυτῆς
3150 380 3261 444 ἕξιν
3297 383 3642 453 ἑνεργήσειεν

381 485 489 541 tur,
541 482 601 527 ttt
643 473 938 528 secundum
991 473 1232 527 habitum
1275 487 1432 526 suum
1464 471 1794 541 opereturin
1827 469 1948 525 aliis

377 564 850 619 illuminationem.
900 564 1247 635 Quapropter
1290 565 1454 618 etiam
1499 564 1566 618 ad
1616 562 1949 616 deilormita-

377 668 489 713 tem
522 658 798 713 refertur:
845 673 968 711 nam
1000 660 1300 712 secundum
1341 658 1539 711 inditas
1584 656 1684 711 sibi
1717 656 1949 710 illustra-

376 748 582 810 tiones,
613 764 709 814 pro
727 755 885 816 captu
918 764 1016 802 suo
1038 749 1103 801 ad
1131 747 1223 802 Dei
1254 748 1608 802 imitationem
1634 748 1946 811 adducitur,

379 844 507 896 dum
540 851 834 897 extraneos
863 841 1061 896 divinae
1090 841 1225 896 lucis
1258 841 1553 911 participes
1584 841 1775 895 reddit.
1803 840 1949 907 Quo-

378 933 523 987 niam
564 949 693 1003 ergo
722 933 1033 988 hierarcltia
1065 934 1352 1002 quamdam
1384 933 1475 987 Dei
1507 933 1734 987 fortnam
1766 932 1950 1002 expri-

378 1027 495 1092 mit,
525 1026 796 1095 quomodo
838 1025 891 1080 id
939 1026 1032 1079 fiat
1063 1027 1272 1095 pandit.
1306 1025 1395 1079 llla
1440 1042 1559 1094 qua:
1603 1025 1768 1079 Deum
1796 1025 1951 1080 decet

377 1117 727 1185 pulchritudo
760 1132 825 1171 ac
859 1127 1134 1181 venustas,
1170 1118 1239 1171 ab
1272 1117 1419 1172 omni
1468 1129 1680 1171 terrena
1713 1117 1951 1171 dissimi-

377 1208 603 1262 litudine
628 1217 837 1263 remota
867 1218 986 1272 est;
1019 1206 1219 1261 nullam
1244 1209 1389 1262 enim
1422 1223 1542 1263 cum
1569 1209 1732 1262 rebus
1755 1209 1951 1278 genitis

377 1300 854 1370 participationem
889 1300 1055 1354 habet
1081 1317 1095 1354 :
1124 1309 1233 1354 tum
1283 1299 1536 1369 quoniam
1578 1299 1804 1369 simplex
1844 1307 1948 1361 est,

376 1392 493 1446 htee
526 1405 657 1445 vero
678 1386 874 1446 'omnia
903 1391 1204 1460 composita
1233 1406 1299 1445 ex
1332 1390 1639 1451 elementis,
1673 1389 1756 1444 vel
1783 1400 1952 1445 mate-

375 1485 455 1538 ria
482 1494 537 1537 et
566 1484 739 1553 figura
772 1492 1060 1547 constant;
1105 1494 1216 1536 tum
1245 1484 1370 1552 quia
1412 1484 1552 1537 bona
1590 1493 1695 1545 est,
1727 1484 1833 1537 imo
1869 1485 1953 1551 ip-

377 1590 497 1629 sum
551 1577 792 1630 bonum:
833 1575 1033 1631 bonum
1084 1585 1264 1630 autem
1312 1577 1495 1629 omnia
1545 1586 1826 1644 appetunt,
1859 1576 1951 1631 sed

377 1667 578 1720 bonum
618 1682 723 1720 non
776 1666 982 1735 appetit
1010 1665 1152 1720 aliud
1195 1682 1224 1720 a
1275 1682 1373 1720 se:
1414 1662 1627 1718 Numen
1665 1666 1843 1735 itaque
1870 1667 1952 1721 di-

376 1759 558 1812 vinum
589 1759 905 1814 indeliciens
954 1769 1060 1821 est,
1106 1762 1199 1813 sed
1248 1772 1511 1814 creaturae
1566 1768 1691 1813 sunt
1725 1773 1945 1828 egenaa;
1982 1736 2021 1791 Β

379 1859 492 1901 ιιιιιι
561 1850 750 1913 etiam,
793 1850 921 1920 quia
963 1849 1311 1918 pulchritudo
1344 1849 1433 1903 illa
1488 1850 1815 1918 principium
1867 1856 1949 1903 est

377 1940 747 2010 perfectionis,
785 1941 983 2011 quippe
1030 1941 1246 1994 auctrix
1290 1950 1344 1995 et
1398 1942 1551 2012 origo
1583 1940 1740 2010 ejus:
1788 1956 1950 1995 omne

376 2042 559 2088 autem
595 2034 911 2106 mysterium
963 2032 1226 2102 perfectio
1271 2042 1380 2095 est,
1422 2034 1474 2088 in
1519 2044 1777 2103 quantum
1835 2035 1952 2088 ani-

375 2140 520 2178 mam
569 2124 817 2194 perlicit;
854 2134 909 2177 at
954 2133 1245 2178 creatura:
1272 2139 1376 2177 non
1429 2132 1638 2178 tantum
1682 2140 1787 2178 non
1820 2126 1952 2178 dant

375 2214 591 2268 initium
637 2214 762 2270 talis
794 2214 1164 2284 perfectionis,
1201 2214 1295 2268 sed
1353 2213 1456 2267 illze
1496 2215 1624 2282 ipsa:
1666 2225 1790 2269 sunt
1832 2229 1950 2283 quae

375 2308 754 2378 perficiuntur.
785 2306 997 2361 Idcirco
1022 2306 1204 2360 divina
1242 2304 1582 2375 pulchritudo
1606 2320 1947 2374 nequaquam

376 2397 441 2450 iis
470 2406 553 2450 est
583 2396 874 2465 permista;
913 2395 1168 2463 quoniam
1215 2402 1299 2447 est
1333 2394 1558 2461 ipsatuet
1584 2393 1947 2457 uniformitas,

375 2495 429 2539 et
458 2484 762 2553 :equalitas,
796 2494 850 2538 et
900 2483 1180 2545 identitas,
1212 2481 1457 2551 quinimo
1495 2496 1596 2533 una
1632 2491 1712 2534 est
1748 2489 1801 2534 et
1833 2480 1952 2532 uni-

377 2577 500 2641 lica,
536 2586 724 2648 utpote
769 2575 995 2645 simplex
1044 2583 1100 2628 et
1146 2572 1483 2641 impermista
1536 2580 1699 2639 atque
1741 2570 1951 2625 incom-

374 2672 550 2740 posita
581 2708 597 2722 .
633 2668 778 2739 quod
805 2681 933 2722 vero
978 2664 1230 2722 difforme
1270 2674 1356 2719 est
1384 2673 1438 2717 et
1476 2662 1764 2730 inatquale,
1790 2670 1950 2729 atque

375 2761 633 2824 alterum,
664 2769 718 2814 et
749 2772 998 2828 parvum,
1028 2764 1084 2810 et
1107 2755 1388 2820 mutabile,
1421 2755 1470 2807 id
1497 2753 1662 2808 etiam
1695 2751 1950 2806 materia-

378 2866 490 2911 tum
528 2864 632 2910 est.
676 2853 831 2922 Quod
883 2855 1065 2921 itaque
1101 2867 1268 2905 unum
1310 2860 1415 2914 est,
1447 2847 1836 2918 impermistum
1866 2854 1951 2901 est

376 2948 743 3010 multitudini;
800 2960 905 3001 non
942 2954 1121 2998 tamen
1151 2943 1247 3009 ita,
1287 2952 1347 2996 ut
1396 2957 1502 2996 non
1538 2956 1636 3010 pro
1686 2941 1949 3009 dignitate

376 3042 569 3111 cuique
592 3040 773 3095 lumen
798 3054 956 3094 suum
970 3036 1367 3100 communicet;
1396 3034 1599 3089 ideirco
1617 3033 1762 3087 enim
1784 3034 1947 3087 etiam

376 3138 579 3193 dicitur
603 3137 747 3191 Dens
775 3136 1237 3206 apprOpinquans,
1266 3140 1325 3184 ut
1351 3130 1442 3199 qui
1478 3140 1669 3183 natura
1698 3144 1790 3183 sua
1824 3144 1954 3197 pro-

377 3225 461 3282 cul
490 3226 631 3281 absit
658 3242 687 3279 a
734 3226 910 3280 nobis.
940 3225 1081 3291 Quin
1109 3234 1164 3278 et
1191 3224 1243 3277 in
1270 3222 1606 3277 divinissitno
1631 3236 1751 3275 eum
1782 3222 1954 3289 bapti-

378 3319 567 3373 smatis
590 3317 696 3389 33
722 3329 833 3370 tum
866 3316 1160 3372 sacerdOtii
1193 3323 1536 3369 sacramento
1568 3314 1953 3383 perfectionem

381 3410 595 3473 tribuit,
622 3425 726 3480 qua
760 3424 947 3464 eorum
976 3408 1067 3479 qui
1094 3408 1382 3461 initiantur
1404 3407 1606 3470 anima,
1639 3403 1953 3461 immanenti

380 3496 669 3566 stabilique
702 3497 994 3552 sanctitate
1050 3494 1380 3551 informetur
1416 3504 1579 3564 atque
1636 3506 1952 3551 exornetur.

380 3585 437 3641 Si
472 3589 616 3641 enim
652 3588 702 3641 id
744 3588 888 3658 quod
915 3584 1145 3655 alicujus
1183 3588 1455 3656 particeps
1485 3586 1716 3651 exsistit,
1742 3585 1953 3644 differat

380 3679 623 3735 varietve
669 3679 738 3734 ab
766 3695 832 3734 eo
858 3681 1001 3750 quod
1043 3680 1354 3750 participat,
1403 3694 1677 3748 nunquam
1710 3679 1785 3733 illi
1815 3694 1950 3735 con-

2050 470 2140 521 ὲπ⁵
2174 469 2352 533 ἀλλοις
2375 470 2466 523 τὸν
2491 469 2789 539 φωτισμόν.
2816 470 2914 523 Διά
2936 470 3094 524 τοῦτο
3116 473 3210 525 καὶ
3232 472 3371 544 πρὸς
3392 473 3459 526 τὸ
3486 474 3643 527 θεοει-

2051 562 2139 625 δὲς
2164 561 2537 632 ἀφωμοίωται·
2566 561 2707 614 κατά
2737 561 2845 633 γὰρ
2861 562 2958 625 τὰς
2982 562 3318 633 ὲνδιδομένας
3347 564 3642 637 ἐλλάμψεις

2052 652 2328 721 ἀναλόγως
2359 654 2439 715 είς
2474 653 2836 724 θεομιμησίαν
2869 654 3147 723 ἀνάγεται,
3181 656 3238 707 ὲν
3285 657 3365 727 τῷ
3397 658 3642 728 ἐνεργεῖν

2052 740 2141 795 τὸν
2179 743 2455 814 φωτισμὸν
2477 744 2589 806 τοῖς
2622 743 2840 821 ἔξωθεν.
2882 743 3091 816 Ἐπεὶή
3133 746 3384 817 ίεραρχία
3418 748 3563 819 πρὸς
3590 749 3642 799 τὸ

2054 832 2279 897 θεοειδές
2326 833 2702 905 ἀφωμοίωται,
2746 834 2878 907 φησὶ
2922 836 3039 899 πῶς
3089 836 3247 890 τοῦτο
3289 838 3531 907 γίνεται.
3580 839 3644 890 Τὸ

2050 925 2180 995 γοῦν
2214 910 2511 998 θεοπρεπὲς
2555 926 2649 979 καὶ
2679 926 2797 997 Θεῷ
2831 928 3040 999 πρέπον
3073 928 3267 993 κάλλος
3306 930 3498 1001 πάσης
3522 932 3643 999 ἀφί-

2054 1041 2242 1077 σταται
2264 1023 2457 1093 γηῖνης
2494 1023 2897 1093 ἀνομοιότητος·
2923 1025 2984 1076 οὐ
3026 1027 3240 1097 μετέχει
3268 1026 3380 1099 γάρ
3418 1028 3563 1099 πρὸς
3582 1029 3645 1082 τά

2052 1114 2109 1168 έν
2129 1114 2356 1182 γενέσει·
2385 1114 2664 1167 ὃτιὲκεῖνο
2712 1115 2809 1186 μὲν
2854 1115 3079 1181 ἁπλοῦν,
3124 1118 3296 1172 ταῦτα
3335 1120 3393 1173 δὲ
3428 1120 3644 1174 ἅπαντα

2053 1205 2282 1259 σύνθετα
2314 1208 2378 1259 ὲκ
2406 1207 2702 1276 στοιχείων,
2738 1207 2769 1278 ἢ
2805 1208 2862 1273 ἐξ
2901 1208 3051 1279 ὕλης,
3088 1210 3183 1262 καὶ
3223 1211 3395 1275 εἴδους
3420 1214 3644 1281 συγκεί-

2056 1315 2219 1369 μενα,
2256 1298 2349 1350 καὶ
2373 1299 2450 1351 ὅτι
2488 1299 2663 1351 ὲκεῖνο
2689 1298 2786 1369 μὲν
2808 1298 3030 1367 ἀγαθὸν,
3070 1302 3162 1354 καὶ
3188 1303 3523 1371 αὐτάγαθον·
3550 1304 3643 1357 τοῦ

2051 1388 2108 1441 δὲ
2133 1387 2337 1457 ἀγαθοῦ
2370 1389 2525 1441 πάντ’
2570 1390 2804 1458 ἐφίεται,
2834 1389 2925 1442 καὶ
2950 1391 3011 1442 οὐ
3048 1390 3207 1444 τοῦτο
3239 1392 3451 1463 ἑτέρου·
3492 1393 3645 1446 ἀνελ-

2052 1480 2207 1544 λιπὲς
2242 1479 2371 1549 γοῦν
2414 1480 2476 1533 τὸ
2520 1480 2693 1545 Θείον,
2726 1480 2796 1533 τά
2817 1481 2874 1533 δὲ
2904 1481 3173 1552 κτίσματα
3208 1483 3364 1536 ἐνδεᾶ
3391 1500 3406 1513 ·
3443 1484 3541 1537 καὶ
3563 1485 3645 1537 ὅτι

2052 1573 2227 1626 ἐκεῖνο
2258 1572 2659 1643 τελεταρχικδν,
2706 1574 2870 1625 οἱονεὶ
2915 1572 3142 1645 ὲξὰρχον
3182 1575 3363 1644 πάσης
3395 1576 3641 1647 τελετῆς·

2053 1661 2242 1733 τελετὴ
2273 1661 2329 1714 δέ
2372 1663 2489 1714 ἐστι
2529 1662 2636 1714 πᾶν
2688 1663 3003 1732 μυστήριον,
3041 1662 3116 1726 ὼς
3168 1664 3511 1719 τελειωτικὸν
3543 1668 3644 1735 τῆς

2050 1753 2252 1825 ψυχῆς·
2278 1752 2449 1806 ταῦτα
2482 1753 2537 1806 δὲ
2573 1752 2647 1825 μὴ
2685 1752 2844 1823 μόνον
2874 1754 2974 1806 οὐκ
3015 1754 3303 1826 ἐξάρχουσι
3334 1756 3433 1827 τῆς
3459 1758 3646 1810 τοιαύ-

2050 1863 2150 1917 της
2180 1846 2421 1917 τελετῆς,
2457 1845 2592 1899 ἀλλά
2623 1846 2717 1898 καὶ
2747 1845 3047 1916 τελούμενά
3089 1848 3215 1900 είσι.
3252 1847 3353 1899 Διά
3382 1847 3547 1901 τοῦτο
3583 1849 3646 1900 τὸ

2053 1937 2194 1991 θεῖον
2226 1937 2418 2001 κάλλος
2452 1938 2566 1990 ἐστὶ
2617 1938 2714 2008 μὲν
2747 1938 2941 2009 ἀμιγὲς
2982 1937 3120 2008 πρὸς
3161 1937 3351 1991 ταῦτα’
3386 1940 3646 2010 ὁμοιότης

2051 2031 2160 2102 γάρ
2192 2032 2285 2084 καὶ
2316 2030 2496 2100 ἰσότης
2520 2028 2613 2082 καὶ
2634 2028 2917 2099 ταύτότης,
2946 2027 3007 2081 τὸ
3031 2026 3091 2082 ἓν
3124 2030 3217 2081 καὶ
3251 2031 3517 2093 ἑνοποιω,
3544 2031 3643 2084 ᾰτε

2050 2123 2255 2178 ἀπλοῦν
2287 2124 2379 2178 καὶ
2432 2123 2632 2193 ἀμιγὲς
2663 2123 2757 2175 καὶ
2806 2122 3116 2175 ἀσύνθετον.
3166 2122 3417 2192 ἀνόμοιον
3455 2123 3512 2175 δὲ
3546 2124 3647 2176 καὶ

2050 2216 2255 2279 ἄνισον,
2291 2216 2384 2268 καὶ
2417 2213 2691 2284 ἑτερότης,
2724 2214 2817 2265 καὶ
2860 2214 3072 2283 μικρὸν,
3108 2214 3203 2266 καὶ
3246 2214 3304 2265 ἐν
3340 2212 3641 2283 μεταϐολῇ,

2049 2307 2110 2362 τὸ
2146 2305 2429 2378 πρόσυλον.
2468 2306 2539 2357 Τὸ
2573 2304 2700 2373 γοῦν
2729 2304 2783 2357 ἓν
2820 2305 3017 2374 ἀμιγές
3080 2306 3195 2358 ἐστι
3230 2304 3365 2374 πρὸς
3396 2304 3464 2357 τὰ
3500 2305 3641 2375 πλή-

2054 2397 2143 2467 θη,
2178 2398 2238 2450 οὐ
2269 2395 2373 2467 μὴν
2416 2395 2473 2448 δὲ
2519 2394 2713 2457 οὕτως,
2748 2394 2825 2457 ὡς
2862 2393 2934 2466 μὴ
2965 2394 3035 2447 δι’
3070 2394 3382 2464 ἀγαθὸτητα
3417 2395 3644 2465 μεταδοε

2049 2488 2201 2542 τικδν
2256 2484 2394 2541 εἶναι
2428 2485 2545 2540 κατ’
2604 2487 2760 2553 ἀξίαν
2806 2488 3020 2558 ἑκάστῳ
3065 2487 3160 2539 τοῦ
3199 2488 3403 2540 οἰκείου
3437 2488 3639 2555 φωτός·

2049 2581 2139 2636 διὰ
2171 2581 2327 2634 τοῦτο
2358 2581 2466 2652 γὰρ
2496 2580 2712 2649 λέγεται
2747 2582 2841 2634 καὶ
2873 2579 3005 2643 Θεὸς
3037 2580 3269 2648 ὲγγίζων
3301 2580 3329 2631 ὀ
3360 2579 3502 2633 κατὰ
3536 2578 3640 2647 φύ-

2052 2691 2135 2727 σιν
2169 2673 2504 2745 πορῤωτάτω
2535 2673 2693 2744 ἡμῶν
2725 2672 2821 2726 ὢν.
2860 2674 2979 2725 ¹Ἐτι
3005 2674 3061 2727 δὲ
3095 2674 3187 2727 καὶ
3212 2671 3559 2725 τελειωτικὸν
3583 2674 3641 2725 ἐν

2049 2766 2236 2836 τελετῇ
2272 2765 2519 2837 θειοτάτῃ
2559 2767 2623 2835 τῇ
2669 2763 2761 2817 τοῦ
2808 2763 3199 2835 βαπτίσματος,
3231 2765 3297 2833 τῇ
3346 2764 3445 2833 τῆς
3483 2764 3643 2833 ἱερω-

2052 2856 2394 2928 σύνης,κατά
2424 2856 2522 2926 τὴν
2548 2854 2945 2927 μόρφωσιντῶν
2967 2854 3321 2926 τελουμένων,
3356 2854 3449 2906 καὶ
3474 2854 3645 2924 ἁρμο-

2048 2950 2152 3021 γὴν
2182 2950 2282 3020 τῆς
2334 2949 2512 3018 ψυχῆς
2562 2946 2741 3001 αὐτῶν
2786 2948 2880 3001 ἀπ’
2916 2946 3152 3018 ὲμμόνου
3207 2946 3300 2999 καὶ
3354 2945 3642 3015 διηνεκοῦς

1977 3074 2020 3134 C
2053 3041 2358 3111 ἁγιότητος.
2384 3041 2448 3093 Εἰ
2482 3040 2590 3113 γὰρ
2617 3040 2984 3113 παραλλάττει
3008 3039 3069 3092 τὸ
3097 3038 3320 3109 μετέχον
3350 3037 3443 3091 τοῦ
3483 3054 3642 3108 μετε-

2053 3131 2306 3201 χομένου,
2332 3130 2433 3182 οὐκ
2466 3129 2533 3183 ἂν
2567 3129 2822 3201 ἁρμόσειε
2849 3126 3087 3183 πώποτε.
3126 3128 3286 3183 Ὅθεν
3311 3127 3641 3193 ἀποξεστέον

2055 3223 2172 3275 ἐστὶ
2202 3221 2300 3284 τάς
2335 3222 2650 3293 σωματικὰς
2676 3222 3084 3285 ἐπαναστάσεις,
3112 3222 3204 3275 καὶ
3234 3221 3327 3283 τὰς
3366 3220 3464 3290 τῆς
3498 3218 3642 3287 γνὼ-

2059 3332 2167 3387 μης
2197 3314 2528 3384 ἀνωμαλίας,
2554 3315 2647 3367 καὶ
2677 3316 2756 3378 εἰς
2793 3315 2919 3385 μίαν
2952 3313 3310 3368 καταστατέον
3334 3312 3639 3384 ἁπλότητα,

2057 3408 2231 3460 εῐτουν
2270 3405 2507 3477 ἰσότητα,
2548 3405 2625 3477 τῷ
2670 3406 2913 3475 μέλλοντι
2935 3404 3503 3477 προσκαλεῖσθαιθεῷ.
3530 3407 3643 3458 Καὶ

2058 3499 2216 3555 τοῦτό
2238 3502 2383 3553 ἐστιν
2408 3500 2482 3563 ὡς
2505 3499 2725 3569 ἐφικτὸν
2756 3500 2853 3570 τῆς
2887 3500 3168 3571 ίεραρχίας
3191 3498 3251 3551 τὸ
3284 3497 3640 3568 θεομίμητον,

2060 3592 2142 3645 ὅτι
2175 3593 2268 3645 καὶ
2318 3591 2453 3661 αὕτη
2492 3590 2807 3661 μεταδίδωσι
2839 3590 2932 3644 τοῦ
2973 3591 3172 3645 οἰκείου
3220 3588 3501 3661 φωτισμοῦ
3529 3594 3643 3651 τοῖς

2063 3680 2353 3743 θιασώταις
2379 3680 2566 3750 αὐτῆς.

380 3771 650 3829 cordabit.
679 3771 1025 3842 Quapropter
1093 3771 1440 3835 insurgentes
1491 3785 1680 3825 omnes
1732 3780 1909 3826 motus
1955 3775 2197 3842 corporis
2238 3773 2517 3842 animique
2558 3774 2950 3841 inmqnalitates
2990 3772 3327 3832 abradeudae,
3368 3781 3535 3839 atque
3586 3772 3640 3823 in

382 3863 542 3919 unica
568 3864 939 3934 simplicitate,
1010 3878 1102 3917 seu
1157 3862 1471 3932 arqualitate
1516 3862 1681 3916 animi
1740 3864 2142 3931 persistendum
2173 3876 2258 3919 est
2283 3864 2330 3918 ei
2376 3865 2467 3935 qui
2502 3865 2567 3918 ad
2600 3864 2695 3918 Dei
2726 3865 3058 3931 consortium
3112 3874 3193 3917 est
3248 3864 3639 3917 admittendus.

382 3955 563 4026 Atque
591 3956 705 4010 haec
736 3965 819 4010 est
842 3954 933 4009 illa
984 3954 1078 4009 Dei
1112 3953 1344 4008 imitatio
1379 3953 1445 4008 ad
1473 3968 1634 4024 quam
1666 3954 1970 4009 hierarchia
2000 3971 2099 4025 pro
2146 3958 2353 4013 viribus
2394 3957 2608 4018 nititur,
2653 3955 2910 4024 quoniam
2962 3965 3016 4009 et
3068 3957 3179 4024 ipsa
3230 3955 3314 4011 sui
3359 3956 3640 4011 studiosos

385 4048 521 4105 lucis
543 4065 651 4105 sua:
690 4050 984 4119 participes
1012 4048 1212 4105 reddit.

452 4204 485 4277 ξ
525 4201 589 4257 ll.
630 4202 762 4259 Hinc
791 4204 1111 4263 ltierarchize
1139 4206 1422 4260 utilitatem
1456 4205 1726 4278 ﬁnemque
1749 4223 1932 4280 cogno-

2191 4205 2253 4261 Il.
2307 4204 2583 4259 Ἐντεῦθεν
2612 4204 2710 4276 τὴν
2747 4206 2845 4276 τῆς
2876 4205 3465 4278 ἱεραρχίαςνγνωρίζεις
3489 4208 3642 4278 ὠφέ-

385 4309 507 4349 sces
562 4294 1008 4348 assnnilationem
1059 4309 1184 4349 esse
1239 4296 1603 4366 unionemque
1643 4314 1764 4353 cum
1823 4300 1862 4353 D

2164 4316 2207 4353 ιν
2232 4299 2328 4353 καὶ
2357 4298 2449 4351 τὸν
2476 4297 2697 4361 σκοπὸν,
2721 4297 2801 4350 ὅτι
2826 4297 3160 4367 ἀφομοίωσίς
3186 4299 3300 4351 ἐστι
3324 4299 3420 4351 καὶ
3447 4299 3644 4364 ἓνωσις

384 4400 546 4457 quem
594 4397 649 4441 et
695 4389 932 4442 scientia:
970 4398 1027 4442 et
1068 4386 1366 4442 functionis
1392 4403 1502 4442 sua:
1540 4391 1728 4445 ducem
1761 4391 1956 4458 habet;

385 4495 445 4537 ut
475 4483 731 4535 nimirum
768 4481 1038 4551 particeps
1070 4481 1160 4533 fiat
1191 4480 1665 4548 illutninationutn,
1692 4484 1815 4537 dum
1839 4500 1962 4539 sco-

386 4590 487 4645 pus
538 4571 773 4641 ejus'ad
826 4572 1221 4627 divinissimum
1260 4572 1532 4636 decorem,
1583 4581 1833 4641 tanquam
1892 4575 1959 4628 ad

383 4667 767 4737 primigenium
792 4664 1088 4733 exemplar,
1112 4673 1341 4732 spectat,
1377 4675 1431 4717 et
1456 4664 1752 4718 secundum
1786 4666 1959 4734 ipsum

388 4757 802 4812 similitudinum
835 4756 1138 4809 divinarum
1164 4757 1454 4810 simulacra
1480 4755 1696 4822 format,
1725 4772 1825 4810 nec
1854 4774 1957 4813 non

388 4850 599 4904 divinas
650 4848 912 4919 exprimit
952 4849 1236 4917 imagines,
1279 4848 1431 4916 juxta
1470 4848 1645 4909 illud:
1682 4846 1793 4918 Ego
1826 4849 1957 4910 dixi,

387 4941 462 4992 dii
493 4942 637 5005 estis,
668 4949 715 4992 et
754 4938 852 5006 ﬁlii
889 4937 1095 4991 Επειεὶ
1123 4955 1299 4993 omnes
1324 4950 1387 4990 ω.
1411 4941 1584 5006 Atque
1616 4939 1957 4992 immaculata

388 5034 607 5101 specula
644 5032 811 5086 reddit
838 5045 949 5089 eos,
975 5032 1066 5098 qui
1096 5031 1161 5085 ad
1188 5030 1369 5085 divina
1413 5038 1837 5085 convertuntur:
1860 5030 1957 5084 hos

389 5132 566 5177 autem
580 5120 868 5184 θιασώτας,
889 5122 938 5173 id
951 5131 1032 5174 est
1051 5122 1253 5174 sodales
1267 5130 1441 5186 vocat;
1457 5120 1640 5183 θίασος
1657 5120 1798 5175 enim
1816 5120 1955 5174 idem

383 5212 530 5283 quod
548 5213 758 5265 chorus.
782 5212 989 5266 Idcirco
1007 5210 1169 5264 etiam
1203 5212 1357 5275 dixit,
1376 5226 1497 5265 eam
1525 5212 1691 5265 Deum
1713 5211 1956 5265 scientiae

389 5321 454 5361 ac
477 5306 774 5360 fuitetionis
804 5321 915 5360 sua:
946 5306 1135 5359 ducem
1162 5305 1443 5359 obtinere:
1469 5305 1721 5373 quoniam
1747 5304 1816 5357 ab
1841 5304 1958 5373 ipso

389 5407 560 5451 totum
585 5408 689 5460 est,
718 5407 771 5449 et
802 5413 906 5450 non
933 5410 1000 5450 ex
1034 5396 1234 5451 nostris
1266 5396 1494 5449 meritis.
1532 5395 1740 5450 Etenim
1774 5395 1876 5450 hoc
1905 5394 1957 5449 in

388 5490 590 5543 nostris
615 5491 821 5543 artibus
844 5505 912 5543 ac
938 5491 1183 5545 scientiis
1208 5504 1547 5560 nequaquam
1574 5490 1747 5544 locum
1772 5489 1955 5545 habet:

462 5681 501 5708 ιι
534 5670 672 5723 Psal.
714 5686 899 5734 Lxxxt,
934 5674 983 5726 6.

2064 4392 2201 4464 πρὸς
2234 4391 2387 4454 Θεὸν,
2411 4391 2571 4444 αὐτὸν
2600 4388 2794 4460 ἔχουσα
2823 4388 3171 4459 καθηγεμόνα
3207 4391 3303 4461 τῆς
3325 4393 3645 4463 ἐπιστήμης

2064 4485 2158 4536 καὶ
2182 4483 2280 4553 τῆς
2308 4481 2613 4553 ἐνεργείας·
2647 4482 2732 4534 ἵνα
2761 4481 3063 4552 μεταδιδοίη
3085 4481 3325 4549 δηλονότι
3344 4482 3453 4535 τῶν
3477 4500 3645 4551 φωτί-

2065 4575 2238 4646 σμῶν,
2272 4574 2412 4645 ὁρῶν
2433 4573 2670 4645 δηλονότι
2712 4575 2740 4624 ὁ
2778 4575 2977 4637 σκοπὸς
3007 4575 3082 4636 ὡς
3106 4577 3186 4636 είς
3216 4575 3524 4645 ἀρχέτυπον
3547 4575 3644 4645 τὴν

2065 4664 2345 4735 θειοτάτην
2393 4663 2744 4733 εὐπρέπειαν,
2792 4665 2883 4716 καὶ
2906 4663 3349 4733 ἀποτυπούμενος
3390 4664 3529 4735 πρὸς
3551 4666 3647 4718 αὑ-

2061 4756 2183 4827 τὴν,
2207 4756 2493 4827 ἀγάλματα
2537 4756 2694 4810 θείων
2738 4757 3025 4827 ἐμφάσεων
3062 4756 3505 4827 ἀπεργαζόμενος
3553 4759 3645 4811 καὶ

2062 4847 2213 4911 θείας
2233 4848 2466 4911 είκόνας,
2498 4847 2637 4901 κατά
2675 4848 2756 4909 τὸ,
2802 4847 2947 4916 Ἐγὼ
2975 4849 3139 4901 εἶπα·
3177 4848 3309 4901 Θεοί
3352 4848 3513 4912 ἐστε,
3548 4850 3646 4901 καὶ

2060 4941 2178 4994 υἱοὶ
2223 4942 2515 5009 Ὑψίστου
2544 4940 2788 5005 πάντες.
2819 4940 2927 4993 Καὶ
2949 4939 3254 5011 ἀκηλίδωτα
3284 4939 3527 5012 ἔσοπτρα
3556 4942 3645 4992 ὲκο

2059 5033 2226 5085 τελῶν
2253 5034 2379 5096 τοὺς
2424 5034 2550 5104 περὶ
2590 5034 2659 5085 τὰ
2703 5033 2819 5086 θεῖα
2858 5033 3386 5105 ἀναστρεφομένους·
3422 5033 3644 5095 τούτους

2058 5124 2166 5194 γὰρ
2208 5122 2355 5190 λέγει
2381 5123 2669 5187 θιασώτας,
2704 5123 2886 5184 θίασος
2912 5122 3020 5191 γὰρ
3062 5123 3090 5174 ὁ
3135 5121 3311 5193 χορός.
3354 5122 3457 5174 Διά
3486 5122 3644 5174 τοῦτο

2059 5214 2167 5285 γὰρ
2186 5210 2356 5274 εἶπεν,
2405 5213 2486 5265 ὅτι
2518 5214 2612 5265 καὶ
2652 5213 2750 5283 τῆς
2780 5213 3086 5283 ἐπιστήμης
3113 5211 3206 5263 καὶ
3232 5212 3331 5281 τῆς
3360 5211 3642 5281 ἐνεργείας

2058 5304 2173 5374 ἔχει
2206 5304 2296 5356 τὸν
2320 5304 2450 5357 Θεὸν
2476 5303 2846 5373 καθηγεμόνα,
2877 5303 2961 5354 ὅτι
2990 5301 3052 5355 τὸ
3075 5304 3181 5355 πᾶν
3201 5300 3432 5364 ἐκεῖθεν,
3459 5304 3555 5356 καὶ
3581 5302 3642 5353 οὐ

2061 5399 2160 5469 τῆς
2182 5398 2456 5469 ἡμετέρας
2488 5398 2637 5450 ἐστὶν
2665 5395 2838 5461 ἀξίας.
2884 5395 3007 5449 Ἐπὶ
3049 5395 3147 5467 μὲν
3170 5394 3278 5465 γὰρ
3292 5393 3401 5447 τῶν
3423 5393 3547 5447 καθ’
3578 5395 3641 5464 ἡ-

2066 5490 2172 5558 μᾶς
2202 5488 2405 5558 τεχνῶν
2431 5489 2522 5541 καὶ
2542 5485 2857 5557 ἐπιστημῶν
2881 5486 2982 5539 οὐκ
3006 5485 3123 5538 ἔστι
3150 5484 3335 5538 τοῦτο·
3368 5483 3511 5539 ἀλλά
3534 5483 3642 5537 τῶν
