3748 6308
113 330 229 384 1ῗὸ

637 325 729 380 DE
758 322 1085 382 C(ELESTI
1117 324 1567 389 HlERAllCHIA,
1606 326 1759 381 CAP.
1799 324 1886 379 Ill.
1917 352 1983 363 —-
2016 321 2117 375 PA]

1406 325 1567 389 IIIIA,
1606 326 1759 381 CAP.
1799 324 1886 379 Ill.
1917 352 1983 363 —-
2016 321 2363 377 PARAPIIR.
2409 310 2886 377 ΡΑΟΠΫΜΕΒΑΞ.

3289 318 3392 371 ΓΜ

116 447 223 519 μὲν
246 442 568 516 ἐπιστημῶν
596 442 794 515 ἔχομεν
847 443 1249 514 καθηγεμόνας,
1301 444 1407 497 τῶν
1458 445 1513 497 δὲ
1568 447 1593 497 ἐ

1916 456 1940 492 ιι
1973 440 2324 494 scientiarum
2355 439 2574 507 quidem
2604 445 2965 506 praeceptores
2998 437 3284 499 habemus,
3302 437 3396 488 sed

110 538 289 608 γειῶν
327 537 596 606 οὐδαμῶς,
641 534 753 587 ἀλλ’
774 534 944 605 αὐτὴν
966 536 1065 604 τὴν
1085 535 1185 604 τῆς
1213 536 1428 602 φύσεως
1460 534 1670 605 κίνησιν
1691 552 1703 566 ⁸

111 634 215 688 ἐπὶ
240 632 415 702 δὲτῆς
444 630 594 693 θείας
622 629 901 701 ἱεραρχίας
925 629 1072 697 καὶὴ
1102 628 1401 699 ἐπιστήμη,
1432 630 1578 698 καὶὴ
1626 629 1711 679 ἐν-

114 726 337 798 έργεια,
367 723 578 776 ἐκεῖθέν
605 724 744 775 ἐστι.
780 720 862 774 Τά
899 720 1029 789 γοῦν
1070 720 1311 792 ἔσοπτρα
1337 721 1579 789 δέχονται
1612 720 1710 791 μὲν

112 818 250 879 τοὺς
275 817 609 885 φωτισμοὺς,
639 814 757 869 κατ’
791 814 1086 867 ἀνάκλασιν
1118 813 1175 865 δὲ
1206 812 1343 884 πρὸς
1363 814 1489 875 τοὺς
1512 812 1711 879 ἔξωθεν

112 908 575 979 ἀποπέμπουσινσ
602 908 745 961 οῦτω
777 909 869 960 καὶ
911 908 1005 960 ἐπὶ
1046 910 1159 968 τοῖς
1199 905 1363 967 θείοις
1401 905 1548 957 ἐστιν
1584 904 1713 957 ἰδειν

112 1001 347 1071 θεσμοῖς
368 1018 383 1031 ’
416 1002 444 1054 6
481 1002 794 1073 ἀρχιερεὺς,
822 1003 951 1073 παρ’
983 1002 1153 1072 αὐτῆς
1176 1001 1274 1071 τῆς
1303 1000 1580 1072 ἱεραρχίας
1624 999 1713 1052 τὸν

114 1095 406 1165 φωτισμὸν
427 1095 734 1166 δεχόμενος,
765 1098 880 1157 τοῖς
908 1093 1300 1165 πρεσϐυτέροις
1324 1096 1416 1147 καὶ¹
1450 1093 1714 1155 διακόνοις

116 1188 484 1258 μεταδίδωσιν
505 1206 518 1217 ·
546 1182 692 1242 οὗτοι
719 1189 798 1249 δὲ,
823 1188 1203 1260 πληρωθέντες
1222 1189 1321 1257 τῆς
1349 1187 1711 1258 λαμπηδόνος,

111 1279 262 1352 πρὸς
298 1282 426 1344 τοὺς
467 1280 686 1352 ἐτέρους
714 1280 885 1350 αὐτὴν
917 1279 1324 1333 ἀποπάλλουσι’
1365 1279 1426 1332 τὸ
1468 1279 1577 1351 γὰρ
1605 1282 1717 1350 χεῖ-

116 1388 215 1442 ρον
244 1371 354 1424 ὑπὸ
379 1369 475 1424 τοῦ
506 1370 817 1443 κρείττονος
838 1370 1158 1438 εὐλογεῖται.
1188 1371 1262 1423 Οὐ
1288 1370 1393 1441 μὴν
1413 1370 1470 1423 δὲ
1497 1370 1717 1443 θεμιτόν

108 1441 237 1514 ἔστι
258 1461 415 1533 παρά
441 1441 714 1533 τάςίεράς
732 1461 1005 1527 διατάξεις
1032 1464 1274 1534 ἐνεργεῖν
1298 1463 1425 1525 τοὺς
1450 1464 1611 1534 ίερῶς
1631 1441 1720 1515 τέ-

109 1552 418 1623 λουμένους
437 1568 453 1581 '
486 1546 616 1615 οἷον,
648 1551 768 1623 φέρ’
796 1554 993 1613 εἰπεῖν,
1021 1550 1266 1604 διάκονον
1294 1552 1648 1625 προσφέρειν,
1683 1555 1717 1625 ἢ

109 1644 495 1716 πρεσϐύτερον
525 1646 878 1715 χειροτονεῖν.
931 1644 1037 1696 Ἴδε
1080 1644 1190 1717 γάρ
1220 1647 1279 1697 ἐν
1304 1648 1426 1708 ταῖς
1455 1646 1718 1717 Πράξεσι,

111 1738 239 1799 πῶς
261 1736 292 1788 0
327 1735 593 1798 Φίλιππος
616 1736 677 1789 οὐ
702 1735 883 1788 δίδωσι
917 1737 978 1790 τὸ
1006 1738 1233 1809 Πνεῦμα
1256 1738 1318 1791 τὸ
1352 1738 1526 1806 ἆγιον.
1572 1739 1716 1793 Ἀλλ’

107 1828 240 1880 οὐδὲ
279 1829 549 1899 ὑπάρχειν
578 1827 781 1898 ἑτέρως
818 1830 999 1893 αὐτοῖς
1036 1830 1162 1894 τοὺς
1190 1831 1496 1900 ἁγιασμούς
1528 1850 1711 1903 φησιν,

98 1919 164 1969 εἰ
199 1918 275 1989 μὴ
308 1917 451 1970 κατά
473 1919 573 1989 τὴν
610 1917 851 1988 ἀρχῆθεν
886 1919 995 1972 τῶν
1022 1921 1196 1989 ἁγίων
1245 1922 1556 1975 ἀποστόλων
1600 1922 1717 1976 διά-

112 2010 298 2076 ταξιν,
322 2009 480 2082 εἴπερ
502 2010 602 2081 τῆς
633 2011 993 2083 ίεροπρεποῦς
1016 2013 1243 2081 ἀγλαΐας
1266 2014 1526 2084 ἐφίενται,
1553 2018 1633 2078 είς
1654 2015 1716 2068 τὸ

110 2103 534 2157 ἀποτυποῦσθαι
581 2102 721 2155 κατά
750 2103 849 2175 τὴν
888 2104 1040 2171 τάξιν
1089 2105 1200 2158 τῶν
1245 2107 1511 2178 οὐρανίων
1553 2108 1714 2161 δυνά-

116 2212 298 2265 μεων·
334 2196 557 2249 κάκεῖσε
590 2196 700 2268 γὰρ
724 2195 784 2249 τὸ
813 2197 1029 2267 πρῶτόν
1064 2199 1180 2250 ἐστι
1220 2200 1313 2251 καὶ
1352 2199 1413 2251 τὸ
1439 2200 1713 2272 δεύτερον,

112 2289 216 2345 καὶ
244 2289 306 2342 τὸ
335 2291 604 2361 προσεχὲς
628 2289 766 2361 πρὸς
798 2290 952 2353 Θεὸν,
978 2292 1071 2345 καὶ
1097 2292 1159 2345 τὸ
1188 2292 1398 2364 πόρρω,
1418 2294 1493 2356 ὡς
1514 2295 1613 2363 τῆς
1628 2295 1719 2348 τά-

112 2381 257 2447 ξεως
294 2380 628 2452 συνεχούσης
653 2381 723 2434 τά
741 2399 801 2434 τε
828 2382 1058 2453 οὐράνια
1087 2384 1183 2436 καὶ
1203 2382 1270 2436 τὰ
1298 2385 1536 2452 ἐπίγεια.
1575 2386 1717 2438 Οὐκ-

110 2472 214 2526 οῦν
241 2474 271 2526 0
301 2473 474 2541 λέγων
499 2474 777 2545 ἱεραρχίαν
805 2476 905 2528 οὐκ
934 2475 1061 2529 ἄλλο
1078 2495 1129 2529 τι
1152 2476 1451 2549 λέγει,ἢτά
1478 2478 1588 2531 ἄνω
1619 2481 1717 2549 ρη-

112 2564 301 2626 θέντα,
326 2564 567 2635 δηλονότι
589 2565 679 2618 τόν
700 2582 759 2618 τε
792 2567 1020 2637 ὁρισμὸν
1056 2568 1225 2637 αὐτῆς
1251 2569 1347 2621 καὶ
1370 2568 1462 2622 τὸν
1492 2567 1712 2631 σκοπὸν,

117 2657 294 2727 ἤγουν
326 2656 385 2709 τὸ
408 2657 561 2721 τέλος
592 2657 654 2710 τὸ
679 2658 1058 2721 τελικώτατον,
1088 2660 1116 2713 0
1140 2659 1204 2731 δὴ
1232 2662 1327 2715 καὶ
1357 2661 1508 2725 αὐτὸ,
1548 2662 1715 2733 μέρος

114 2746 215 2799 τοῦ
248 2748 483 2819 ὁρισμοῦ
516 2751 683 2804 ἐστιν’
739 2751 814 2814 ὡς
840 2751 920 2813 τὸ,
964 2752 1016 2804 τί
1059 2753 1176 2806 ἐστι
1215 2754 1503 2823 τρυϐλίον,
1551 2755 1713 2826 τυχὸν

118 2839 321 2903 σκεῦος
372 2841 572 2894 τοιόνδε
614 2843 750 2913 πρὸς
799 2844 1102 2915 ὑπηρεσίαν
1137 2846 1344 2917 τροφῆς
1375 2848 1711 2919 ἐπιτήδειον,

117 2932 281 2984 τοῦτο
328 2931 389 2985 τὸ
419 2933 591 2997 τέλος.
628 2935 856 3003 Συνάγει
887 2936 1065 2989 τοίνυν
1105 2940 1184 3001 εἰς
1202 2937 1403 2992 ταύτὸν
1429 2938 1510 3001 τὸ,
1558 2941 1642 3001 τίς
1678 2944 1710 3013 ἡ

119 3023 399 3096 ἱεραρχία,
426 3025 519 3079 καί
539 3026 623 3089 τίς
643 3028 676 3097 ἡ
709 3028 914 3099 ταύτης
932 3028 1166 3097 ὠφέλεια
1181 3047 1193 3059 ·
1219 3031 1332 3093 καὶ,
1354 3032 1538 3101 φησιν,
1561 3033 1591 3084 0
1625 3032 1712 3086 λέ-

1815 548 1920 585 non
1966 532 2367 598 operatiouum,
2412 547 2644 598 quarum
2690 531 2917 598 ipsemet
2967 539 3173 581 natum:
3221 538 3399 581 motus

1813 625 1966 691 quasi
1998 624 2104 675 dux
2140 621 2377 682 exsistit,
2398 631 2447 674 et
2485 633 2703 675 anetor;
2732 622 2782 674 iu
2816 623 2994 674 divina
3033 635 3160 675 vero
3182 622 3396 676 hierar—

1817 713 1962 776 chia,
1991 723 2048 766 et
2096 713 2327 766 scientia
2365 722 2418 766 et
2441 714 2684 780 operatio
2710 729 2739 765 ιι
2776 712 2883 767 Deo
2912 723 3015 766 est.
3062 713 3291 783 Spccnla
3321 713 3398 768 si-

1815 804 2032 872 quidem
2086 803 2513 858 illuminatiunes
2564 804 2852 872 rccipiunt,
2902 805 2995 858 sed
3023 821 3119 874 per
3150 804 3400 860 reﬂexio-

1816 908 1940 945 nem
1975 893 2041 945 ad
2069 893 2345 947 exteriora
2386 893 2670 947 remittunt
2716 907 2731 946 :
2779 894 2919 947 idem
2956 896 3007 948 in
3036 895 3234 950 divinis
3270 911 3398 951 san-

1815 982 2090 1036 ctionibus
2143 983 2325 1036 videre
2365 982 2515 1045 licet,
2565 983 2693 1037 dum
2740 999 2985 1038 summus
3020 986 3280 1042 sacerdos
3331 989 3399 1040 ab

1820 1077 2055 1145 ipsamet
2124 1076 2429 1129 hierarchia
2499 1075 2917 1132 illustrationem
2994 1091 3277 1148 acceptam
3346 1080 3399 1133 in

1817 1168 2167 1239 presbyteros
2214 1183 2278 1222 ac
2321 1169 2579 1223 diaconos
2624 1168 2862 1237 trajicit;
2892 1173 3007 1237 qui,
3058 1170 3177 1225 luce
3230 1172 3397 1239 pleni,

1819 1260 1875 1315 in
1896 1272 2123 1315 caeteros
2154 1261 2401 1315 eamdem
2437 1260 2860 1325 transfundunt;
2896 1280 3019 1316 nam
3053 1265 3104 1318 id
3128 1267 3269 1334 quod
3296 1266 3399 1319 mi-

1819 1370 1920 1408 nus
1940 1362 2023 1407 est.
2051 1369 2079 1406 a
2114 1354 2305 1421 majori
2334 1354 2691 1407 benedicitur.
2726 1354 2905 1424 Neque
2929 1358 3073 1411 enim
3116 1359 3197 1411 fas
3227 1369 3309 1413 est
3336 1362 3400 1413 iis

1818 1446 1910 1513 qui
1934 1446 2107 1499 sacris
2136 1446 2331 1499 initiati
2366 1454 2512 1508 sunt,
2552 1447 2851 1515 quidquam
2878 1460 3069 1502 contra
3099 1465 3280 1504 sacras
3307 1466 3399 1504 or-

1822 1536 2130 1592 dinationes
2154 1551 2335 1608 agere,
2380 1537 2529 1590 verbi
2556 1539 2753 1606 gratia,
2794 1540 3023 1593 diacono
3060 1541 3397 1604 sacriﬁcare,

1820 1627 1907 1681 vel
1949 1629 2266 1699 presbytero
2302 1631 2651 1684 conlirmare.
2709 1630 2951 1685 Observa
2981 1632 3126 1684 enim
3162 1634 3213 1685 in
3254 1636 3401 1690 Actis

1814 1720 2183 1787 apostolorum
2203 1760 2219 1784 ,
2250 1722 2520 1789 queinodo
2551 1720 2829 1791 Philippus
2859 1737 2963 1773 non
3005 1723 3096 1774 det
3138 1721 3398 1791 Spiritum

1745 1797 2088 1865 Bsanctum.
2148 1809 2254 1866 Sed
2309 1827 2485 1880 neque
2541 1812 2699 1865 aliter
2750 1812 2816 1865 iis
2867 1813 3064 1865 asserit
3113 1827 3401 1881 suppetere

1820 1902 2321 1965 sanctiﬁcationes,
2384 1920 2547 1973 quam
2604 1903 2758 1970 juxta
2828 1904 3079 1972 primitus
3146 1906 3395 1959 traditam

1818 2012 2132 2055 sanctorum
2162 2002 2532 2070 apostolorum
2564 2002 3002 2067 ordinationem;
3057 2005 3100 2057 si
3129 2005 3287 2057 modo
3310 2017 3399 2055 sa-

1817 2092 1895 2145 cri
1929 2090 2237 2161 splendoris
2267 2094 3029 2163 ambiantparticipationem,
3083 2108 3185 2161 qua
3244 2092 3397 2159 juxta

1816 2185 2118 2241 cmlesuum
2146 2185 2405 2239 virtutmn
2458 2188 2706 2241 ordinem
2744 2186 3205 2240 transformentur
3230 2203 3243 2239 :
3272 2202 3395 2238 nam

1817 2288 1871 2330 et
1905 2278 1974 2330 ibi
2007 2286 2090 2332 est
2122 2278 2356 2347 primum
2388 2294 2451 2331 ac
2480 2277 2589 2349 34
2628 2278 2949 2340 secundum,
2996 2288 3048 2330 et
3084 2278 3189 2332 Deo
3215 2278 3397 2346 proxi-

1820 2388 1989 2434 tuum,
2041 2382 2095 2425 et
2144 2379 2435 2436 remotum,
2497 2372 2569 2424 ita
2620 2382 2679 2424 ut
2724 2371 2811 2424 ille
2839 2370 2974 2425 ordo
3001 2369 3399 2438 complectatur

1818 2469 1929 2514 tam
1959 2462 2205 2517 coelestia
2235 2479 2400 2532 quam
2435 2462 2739 2516 terrestria.
2796 2462 2982 2531 Itaque
3044 2462 3132 2530 qui
3186 2461 3399 2515 hierar-

1817 2555 2001 2609 chiam
2038 2557 2303 2617 nominat,
2362 2555 2496 2609 nihil
2541 2555 2677 2609 dicit
2722 2554 2870 2608 aliud
2915 2570 3076 2622 quam
3111 2569 3230 2624 quae
3256 2554 3325 2608 dit
3345 2563 3398 2608 ta

1818 2657 1947 2697 sunt
1979 2648 2252 2715 superius,
2292 2648 2503 2703 srilicet
2548 2648 2665 2716 ejus
2694 2648 3067 2701 deﬁnitionem
3108 2663 3173 2702 ac
3215 2646 3396 2711 ﬁnem,

1817 2734 1870 2788 id
1926 2746 2010 2789 est
2067 2740 2230 2791 linem
2288 2740 2558 2803 ultimum,
2618 2742 2707 2811 qui
2750 2753 2805 2797 et
2831 2743 2969 2811 ipse,
2998 2756 3099 2796 ceu
3136 2753 3285 2808 pars,
3331 2740 3397 2793 ad

1816 2826 2183 2883 deﬁnitionem
2225 2840 2465 2898 spectat;
2492 2833 2655 2899 sicut,
2686 2834 2837 2888 verbi
2872 2834 3070 2903 gratia,
3101 2833 3144 2885 si
3171 2832 3399 2885 delinias

1814 2919 2070 2987 patellam
2096 2936 2218 2978 esse
2249 2937 2344 2974 vas
2372 2922 2588 2991 aliquod
2615 2926 2683 2977 ad
2715 2926 2866 2979 cibos
2898 2924 3287 2979 ministraudos
3312 2938 3401 2977 ac-

1815 3013 2219 3066 commodatum
2252 3030 2267 3074 ;
2319 3014 2410 3083 qui
2447 3015 2571 3070 linis
2608 3017 2725 3083 ejus
2759 3026 2862 3071 est.
2910 3016 3083 3071 lnslar
3107 3018 3267 3069 ttnius
3300 3017 3401 3070 ita-

117 3134 234 3183 γων
257 3117 465 3187 ταύτην
493 3118 645 3172 οὐδὲν
675 3119 861 3191 ἕτερον
889 3119 1035 3188 λέγει
1077 3122 1108 3193 ἢ
1146 3122 1299 3194 ίεράν
1328 3122 1595 3195 διακόσμη

1919 3145 1921 3150 .
1956 3104 2257 3173 conjungit,
2290 3120 2410 3173 qua:
2431 3107 2502 3159 sit
2533 3107 2864 3170 hierarcbia,
2906 3118 2961 3161 et
3003 3123 3249 3176 quaenam
3281 3108 3399 3177 ejus

119 3208 371 3262 Καθόλου
426 3208 484 3268 δὲ
519 3208 663 3275 εἷπε,
705 3213 953 3281 συνάγων
985 3216 1084 3285 τήν
1109 3232 1166 3267 τε
1205 3215 1461 3286 οὐρανίαν
1492 3216 1587 3270 καὶ
1612 3217 1714 3288 τὴν

120 3300 242 3353 καθ’
272 3302 424 3372 ἡμᾶς
459 3304 643 3357 εἰκόνα
681 3306 781 3375 τῆς
811 3306 963 3369 θείας
991 3308 1324 3379 ὡραιότητος
1364 3307 1458 3360 καὶ
1478 3307 1715 3375 ἀγιωσῦο

119 3410 239 3464 νης·
278 3394 604 3467 μεταδοτικὴ
633 3395 741 3467 γὰρ
764 3398 855 3450 καὶ
878 3396 1016 3469 αῦτη
1041 3398 1135 3451 τοῦ
1172 3398 1454 3470 φωτισμοῦ
1486 3401 1543 3451 ἐν
1566 3400 1712 3467 τάξε-

121 3499 175 3534 σι
192 3500 207 3512 ο
240 3482 385 3536 κατά
407 3484 518 3557 γὰρ
540 3485 795 3557 διάφορον
822 3488 915 3540 καὶ
944 3487 1321 3559 ὑπερϐεϐηκὸς
1346 3489 1455 3543 τῶν
1484 3489 1711 3556 τάξεων,

122 3578 219 3628 καὶ
247 3576 312 3629 τὸ
335 3579 757 3648 ἐπιστημονικὸν
790 3575 929 3632 εἶναι
956 3579 1061 3632 δεῖ·
1097 3580 1230 3652 ἄλλη
1264 3581 1373 3652 γὰρ
1401 3581 1551 3647 τάξις
1580 3600 1714 3654 πρε-ο

123 3668 413 3740 σϐυτέρου,
448 3670 541 3723 καὶ
580 3670 712 3742 άλλη
739 3671 1062 3743 ἀρχιερέως,
1112 3675 1206 3726 καὶ
1254 3673 1386 3745 ἄλλη
1427 3674 1709 3727 διακόνουο

124 3759 217 3810 καὶ
243 3759 581 3829 ἐπιστήμαις
606 3761 961 3832 ἱεραρχικαίς,
991 3762 1159 3833 ήγουν
1180 3763 1547 3835 ἐξορκισμοῖς,
1582 3783 1715 3837 προ-

120 3850 431 3921 τελεσμοῖς,
475 3850 736 3915 τελεταῖς,
776 3852 847 3906 τά
891 3853 992 3923 τῆς
1020 3854 1338 3925 ἐλλάμψεως
1371 3857 1531 3929 ἱερῶς
1564 3859 1715 3930 ἐνερ-

123 3940 352 4010 γοῦσαν⁹
379 3942 673 4013 μυστήρια.
698 3945 808 3997 Καὶ
824 3943 1082 4015 ἐχειςέως
1101 3938 1202 3999 ὧδε
1222 3947 1300 4009 τὸ,
1318 3947 1369 3998 τί
1396 3948 1512 3999 ἐστι
1536 3947 1710 4012 τάξις,

124 4036 428 4107 ἐπιστήμη,
456 4037 550 4089 καὶ
578 4038 855 4109 ἐνέργεια·
897 4039 1079 4093 λοιπὸν
1102 4042 1130 4093 0
1164 4043 1384 4105 σκοπὸς,
1416 4043 1713 4115 ἀφομοιού-

128 4144 287 4197 μενος
318 4127 457 4199 πρὸς
482 4127 638 4191 Θεὸν,
678 4129 738 4193 ἐξ
778 4125 839 4185 οὗ
879 4132 987 4183 πᾶν
1027 4132 1249 4199 ἀγαθὸν,
1280 4134 1373 4185 καὶ
1402 4133 1538 4205 αῦτη
1568 4136 1714 4190 ἐστὶν

125 4220 157 4290 ἡ
186 4221 459 4292 ίεραρχία.
494 4222 652 4274 Ἔστι
689 4223 797 4294 γὰρ
828 4225 1043 4294 ἑκάστῳ
1082 4224 1192 4277 τῶν
1226 4227 1533 4298 ἱερωμένων
1565 4230 1597 4299 ἡ
1627 4247 1715 4283 τε-

125 4312 365 4377 λείωσις,
390 4314 453 4367 τὸ
475 4314 753 4383 ἀναλόγως
774 4316 865 4369 ἐπὶ
882 4317 983 4387 τὴν
1002 4316 1363 4389 θεομιμησίαν
1389 4319 1711 4390 ἀναχθῆναι,

127 4409 215 4459 καὶ
260 4408 328 4461 τὸ
370 4408 649 4479 μέγιστον,
683 4408 819 4463 Θεοῦ
849 4412 1106 4483 συνεργὸν
1132 4412 1407 4479 γενέσθαι,
1458 4414 1603 4468 κατὰ
1622 4414 1713 4468 τὸν

1820 3199 2061 3262 utilitas;
2105 3200 2292 3269 aitque
2327 3200 2477 3253 illum
2517 3201 2609 3268 qui
2644 3202 2744 3263 hoc
2770 3201 2925 3265 dicit,
2958 3200 3092 3255 nihil
3127 3200 3272 3254 aliud
3314 3200 3398 3255 di-

1817 3304 1944 3344 cere
1971 3306 2133 3361 quam
2183 3306 2398 3345 saermn
2450 3292 2723 3347 ordinem.
2778 3292 3001 3346 Demum
3028 3291 3401 3346 concludendo

1815 3380 1975 3448 dixit,
2031 3390 2141 3435 tam
2202 3382 2479 3438 caalestem
2517 3398 2680 3451 quam
2729 3392 2973 3437 nostram
3019 3385 3157 3437 hanc
3203 3383 3402 3437 divina:

1818 3470 2249 3540 pulchritudinis
2296 3488 2361 3527 ac
2419 3474 2733 3528 sanctitatis
2798 3474 3089 3543 imaginem
3150 3473 3395 3529 referre.

1818 3578 1942 3616 nam
1986 3574 2037 3617 et
2084 3566 2197 3619 lucc
2235 3567 2532 3619 secumlum
2566 3564 2786 3619 ordines
2816 3564 2988 3618 lucem
3025 3580 3179 3619 suam
3207 3566 3398 3619 distri-

1804 3653 1968 3717 buit;
2020 3653 2288 3723 siquidem
2323 3670 2423 3724 pro
2451 3655 2753 3710 dilferentia
2798 3656 3217 3725 praestantiaque
3248 3657 3397 3719 ordi-

1806 3762 1946 3800 num
1999 3748 2165 3802 etiam
2223 3750 2433 3803 sciendi
2479 3748 2708 3807 facultas
2760 3749 3159 3801 accommodari
3206 3746 3396 3802 debet:

1818 3852 1943 3890 nam
1990 3838 2130 3892 alius
2159 3850 2243 3893 est
2267 3840 2403 3893 ordo
2434 3840 2758 3905 sacerdotis,
2795 3840 2937 3893 alius
2965 3839 3226 3908 episcopi,
3259 3838 3399 3894 alius

1816 3926 2027 3983 diaconi
2055 3944 2071 3993 ;
2101 3939 2157 3984 et
2186 3930 2548 3984 hierarchicis
2580 3931 2846 3995 scientiis,
2900 3929 3156 3983 videlicet
3181 3931 3397 3982 exorci-

1818 4020 1974 4087 smis,
2039 4022 2478 4090 expiatiouibus,
2549 4022 2950 4076 initiationibus
3009 4021 3397 4074 illustrationis

1818 4114 2075 4183 mysteria
2136 4122 2485 4168 sacrosancte
2541 4125 2827 4184 peragunt.
2880 4115 3060 4184 Atque
3130 4115 3397 4168 hactenus

1820 4207 1988 4261 habes
2024 4206 2152 4276 quid
2179 4206 2251 4260 sit
2277 4206 2434 4272 ordo,
2468 4208 2697 4261 scientia
2730 4217 2784 4262 et
2810 4208 3089 4277 operatio;
3148 4210 3397 4277 reliquus

1816 4311 1899 4355 est
1921 4315 2137 4368 scapus,
2167 4315 2275 4371 quo
2319 4299 2449 4366 Dco,
2483 4317 2511 4352 a
2539 4314 2646 4369 quo
2686 4302 2885 4355 bonum
2916 4316 3079 4355 onme
3121 4303 3393 4365 dimanat,

1818 4392 2175 4458 assimilatur,
2198 4403 2250 4446 et
2276 4393 2365 4447 hic
2388 4403 2472 4448 est
2502 4394 2830 4448 hicrarehia.
2864 4393 3142 4461 Siquidem
3171 4404 3256 4448 est
3279 4396 3398 4449 cui-

128 4496 298 4566 μέγαν
342 4498 691 4553 Ἀπόστολον·
741 4503 863 4555 ἐπεὶ
901 4504 930 4554 0
971 4503 1309 4575 τελούμενος,
1350 4505 1439 4559 διά
1466 4506 1573 4559 τῶν
1604 4528 1608 4553 ε

1914 4496 1950 4540 ει
1979 4501 2166 4541 eorum
2208 4487 2298 4553 qui
2325 4497 2715 4542 consecrantur
2752 4486 2856 4542 ista
2883 4486 3171 4556 perfectio,
3203 4496 3260 4540 ιιι
3294 4502 3394 4555 pro

125 4590 383 4643 τιπικῶν
429 4591 625 4661 εὐχῶν,
652 4593 744 4647 τὸν
770 4594 834 4647 ὲκ
870 4593 1004 4648 Θεοῦ
1030 4595 1307 4665 φωτισμὸν
1333 4596 1544 4667 δέχεται
1570 4613 1583 4626 ο
1616 4598 1711 4650 καὶ

125 4677 287 4746 δεῖξαι
332 4681 392 4731 ὲν
438 4681 617 4751 ἐαυτῷ
659 4683 759 4753 τὴν
812 4682 964 4736 θείαν
1019 4685 1373 4756 μεταδοτικὴν
1404 4687 1708 4758 ἐνέργειαν,

126 4769 370 4823 τουτέστι
416 4769 487 4823 τὰ
514 4771 652 4841 ἔργα
680 4770 749 4823 τά
776 4770 913 4833 θεῖα,
942 4774 1000 4825 ἐν
1029 4771 1107 4842 τῷ
1134 4772 1393 4842 σοφίζειν,
1425 4774 1485 4825 ἐν
1519 4772 1597 4842 τῷ
1624 4790 1711 4825 τε·

127 4856 320 4923 λειοῦν,
361 4860 456 4913 καὶ
480 4860 551 4913 τὰ
596 4863 757 4933 ὅμοια
790 4868 962 4917 ποιεῖν
1004 4865 1133 4927 τοὺς
1162 4865 1710 4933 παιδαγωγουμένους

128 4951 255 5019 πρὸς
309 4950 570 5023 δύναμιν·
627 4954 799 5008 ταῦτα
848 4956 958 5027 γάρ
998 4958 1104 5009 εἰσι
1144 4956 1215 5010 τά
1255 4956 1391 5027 ἔργα
1418 4954 1513 5008 τοῦ
1549 4953 1703 5008 Θεοῦ.

140 5042 364 5114 Ἑφεξῆς
388 5044 447 5097 δὲ
468 5046 718 5118 ἐκτίθησι
749 5049 843 5102 καὶ
869 5048 989 5102 καθ’
1019 5048 1080 5102 ἓν
1108 5049 1208 5119 τὴν
1234 5048 1387 5115 τάξιν
1408 5049 1516 5101 τῶν
1540 5064 1596 5100 τε
1620 5064 1711 5099 τε-

128 5129 356 5188 λούντων
374 5136 603 5190 καὶ“τῶν
644 5137 998 5209 τελουμένων.
1033 5140 1095 5192 Ui
1128 5139 1226 5210 μὲν
1256 5138 1635 5209 καθαίρουσιν,
1659 5138 1709 5191 οἱ

128 5222 179 5275 δέ
201 5224 556 5297 καθαίρονται
581 5228 829 5297 (πάντως
871 5231 921 5282 οἱ
949 5229 1031 5282 ἐτι
1057 5229 1352 5300 ἐμπαθεῖς)
1395 5230 1487 5283 διὰ
1514 5230 1613 5300 τῆς
1635 5229 1713 5281 δι-

126 5320 411 5385 δασκαλίας
438 5320 546 5373 τῶν
572 5323 836 5377 διακόνων
873 5324 1022 5386 ἴσως.
1064 5325 1172 5378 Καὶ
1213 5326 1260 5377 oi
1307 5325 1404 5395 μὲν
1446 5325 1709 5394 φωτίζου-

133 5426 228 5475 σιν,
276 5413 407 5466 οίδὲ
462 5415 785 5482 φωτίζονται
819 5414 1067 5485 (πάντως
1093 5417 1142 5468 οἱ
1167 5416 1580 5487 μετριοπαθεῖς)
1622 5418 1711 5471 διὰ

130 5503 229 5555 τῶν
250 5504 429 5575 εὐχῶν
451 5504 562 5556 τῶν
585 5506 972 5577 πρεσϐυτέρων
1010 5506 1232 5577 δηλαδή.
1270 5508 1380 5561 Καὶ
1418 5508 1467 5560 οἱ
1497 5507 1594 5577 μὲν
1620 5525 1709 5561 τε·

133 5588 549 5665 λεσιουργοῦσιν,
593 5596 641 5646 οἱ
675 5595 731 5649 δὲ
759 5594 1112 5660 τελειοῦνται,
1142 5596 1303 5648 οἱονεὶ
1334 5596 1710 5651 θεοποιοῦνται

138 5772 141 5775 ’
216 5772 231 5790 ⁸
262 5770 409 5832 Ισως
440 5770 745 5845 ἐνεργοῦσι.

1819 4590 1981 4649 captu
2029 4595 2128 4635 suo
2176 4582 2244 4635 ad
2298 4580 2534 4634 divinam
2580 4581 2939 4633 imitationem
2989 4577 3308 4637 adducatur,
3339 4588 3393 4631 et

1818 4672 1963 4740 quod
1986 4680 2073 4725 est
2089 4673 2412 4736 maximum,
2433 4682 2493 4725 ut
2514 4672 2603 4725 Dei
2634 4683 2959 4741 cooperator
2974 4671 3225 4735 exsistat,
3240 4670 3390 4735 juxta

1818 4781 2075 4835 magnum
2104 4765 2456 4833 Apostolum;
2512 4765 2769 4833 quoniam
2800 4764 2845 4818 is
2874 4765 2965 4833 qui
2994 4765 3263 4829 initiatur,
3299 4780 3394 4832 per

1818 4874 2010 4929 preces
2034 4859 2458 4913 illuminatorias
2484 4857 2649 4919 illam,
2677 4873 2798 4926 qua:
2830 4873 2896 4910 ex
2927 4857 3037 4911 Deo
3066 4866 3168 4919 est,
3194 4858 3394 4925 accipit

1815 4954 2262 5015 illustrationem,
2299 4963 2354 5006 et
2383 4953 2435 5005 in
2470 4950 2766 5018 semetipso
2793 4952 2987 5006 divina}
3017 4950 3390 5019 participatio—

1816 5049 1901 5102 nis
1932 5047 2065 5111 vim,
2103 5047 2153 5101 id
2192 5056 2275 5100 est
2305 5060 2467 5113 opera
2499 5046 2705 5108 divina,
2759 5045 3141 5099 demonstrare
3195 5044 3389 5109 debet;

1815 5139 2015 5210 partim
2045 5139 2312 5202 docendo,
2349 5137 2546 5206 partim
2572 5136 2856 5203 initiaudo,
2886 5147 2941 5190 et
2962 5135 3164 5190 similia
3195 5151 3291 5205 pro
3315 5136 3393 5187 vi-

1822 5232 1905 5285 rili
1947 5230 2258 5285 exercendo
2299 5245 2427 5299 erga
2460 5230 2580 5284 illos
2613 5230 2706 5298 qui
2753 5228 3069 5283 instituendi
3099 5238 3256 5296 sunt;
3300 5227 3392 5280 illa

1814 5325 1959 5378 enim
1984 5334 2110 5377 sunt
2132 5338 2296 5391 opera
2327 5322 2442 5376 Dei.
2471 5322 2672 5377 Deinde
2689 5322 2908 5389 exponit
2929 5322 3093 5374 etiam
3113 5321 3391 5391 sigillatitn

1809 5416 2054 5470 ordinem
2100 5414 2428 5473 initiantium
2472 5423 2526 5466 et
2566 5414 2933 5468 'initiatorum.
2985 5412 3267 5481 Siquidem
3320 5415 3395 5469 illi

1806 5510 2053 5578 expiant,
2082 5507 2134 5560 hi
2168 5521 2295 5559 vero
2320 5506 2629 5574 expiantur,
2661 5520 2755 5573 per
2785 5504 3175 5559 institutionem
3195 5505 3397 5560 videli-

1810 5600 2303 5671 cetdiaconormu.
2330 5608 2514 5667 utpote
2544 5599 2722 5651 adhuc
2750 5595 2970 5652 obnoxii
3016 5596 3234 5674 passion
3248 5596 3391 5663 ibus.

3248 5858 3315 5871 νιΑ-
3334 5855 3366 5875 σε
