3748 6318
378 307 479 358 “Si

1515 306 1572 363 S.
1614 305 1914 363 NONVS"
1955 306 2420 364 ΑΒΕΟΡΛΟΙΤᾹΞ

2174 306 2420 364 ἈΟΙΤᾹΞ
3122 314 3129 319 ’
3567 314 3654 368 Πϐ

376 431 554 490 Atque
574 422 664 475 alii
694 421 911 490 quidem
939 420 1271 484 illuminant,
1295 421 1385 475 alii
1405 435 1536 475 vero
1562 423 1856 478 illuminant

2178 427 2243 494 τῇ
2276 424 2518 495 ἀπαθείᾳ
2545 424 2883 496 προσϐάντες
2916 426 3048 497 ἤδη)
3079 425 3169 480 διὰ
3199 427 3298 498 τῆς
3330 428 3440 481 τῶν
3482 429 3657 500 ἀρχιε-

376 530 474 583 per
499 529 691 585 preces
706 514 911 568 scilicet
929 514 1395 585 presbyterorum.
1416 524 1606 583 utpote
1622 517 1838 585 passion
1847 518 1964 571 ibus

376 607 491 662 suis
505 608 625 678 jam
647 609 976 677 superiores.
995 609 1172 674 Atque
1191 607 1280 661 alii
1298 609 1425 662 item
1447 621 1852 675 consecrant,et
1873 609 1966 664 alii

375 709 785 764 consecrantur,
815 714 907 753 seu
926 698 1329 768 quodammodo
1354 699 1677 754 deiticantur
1705 716 1804 769 per
1819 701 1964 755 anti-

376 794 565 847 stitum
593 792 903 846 unctionem
921 800 1262 860 caeterasque
1281 806 1470 846 sacras
1490 796 1963 861 consecrationes,

373 890 564 950 utpote
585 881 697 950 jam
724 880 1039 950 passionum
1073 881 1400 935 vacuitatem
1440 883 1703 939 assecuti.
1734 883 1967 939 Cnilibet

376 973 568 1043 itaque
617 973 834 1026 illorum
873 972 969 1040 qui
1029 973 1288 1026 nimirum
1327 974 1503 1028 sacris
1528 986 1849 1043 operantur,
1886 978 1967 1031 di-

377 1063 502 1117 vina
534 1071 804 1132 competet
835 1063 1101 1127 imitatio;
1133 1064 1397 1132 quoniatn
1442 1075 1496 1118 et
1543 1066 1773 1133 ipsemet
1822 1068 1967 1122 Deus

374 1166 563 1211 noster
586 1156 817 1211 docendi
841 1172 1040 1209 munus
1059 1156 1175 1209 obit
1206 1175 1224 1213 :
1263 1157 1313 1210 id
1347 1158 1490 1224 quod
1535 1170 1684 1227 patet
1710 1174 1779 1214 eX
1805 1160 1967 1217 Vete-

375 1249 422 1303 ri
452 1248 828 1313 Testamento,
859 1264 983 1303 cum
1001 1249 1078 1302 ait
1103 1266 1117 1303 :
1139 1248 1513 1313 Audiglsmel.
1544 1249 1799 1306 Dominus
1828 1253 1967 1307 Deus

373 1352 518 1407 tuus,
561 1340 818 1394 Dominus
845 1357 980 1393 unus
1004 1351 1077 1394 est
1100 1351 1161 1403 ης
1188 1340 1297 1411 35
1331 1351 1383 1395 et
1404 1358 1468 1394 ex
1496 1340 1645 1397 Novo
1664 1357 1757 1395 seu
1787 1343 1967 1398 Evan-

375 1431 539 1501 gelio,
568 1431 657 1484 ubi
689 1430 978 1496 illuminat,
1000 1428 1153 1496 juxta
1182 1430 1311 1483 illud
1339 1446 1352 1481 :
1386 1427 1497 1499 Ego
1521 1428 1614 1481 lux
1637 1430 1689 1482 in
1712 1432 1968 1485 ntundum

2071 515 2209 585 ρέων
2263 514 2517 585 κρίσεως,
2559 515 2655 569 καὶ
2698 515 2889 587 ἐτέρας
2928 517 3371 587 ἱεροτελεστείας.
3421 520 3659 591 Ἐκάστῳ

2067 605 2198 674 γοῐν
2221 606 2427 659 τούτων
2448 606 2692 677 δηλονότι
2716 606 2825 659 τῶν
2848 608 3214 680 ἐνεργούντων
3243 609 3305 663 τὸ
3334 609 3661 680 θεομίμητον

2066 698 2300 770 ἁρμόσει
2318 716 2331 730 ’
2361 700 2457 753 καὶ
2482 697 2591 770 γὰρ
2614 700 2643 752 ὁ
2667 698 2799 763 Θεὸς
2819 699 2977 771 ἡμῶν
3000 700 3270 756 διδάσκει·
3302 702 3399 757 καὶ
3418 702 3587 772 δῆλον
3610 704 3663 763 ἐκ

2065 808 2127 844 τε
2160 790 2264 860 τῆς
2305 790 2548 852 Παλαιᾶς
2576 790 2872 862 Διαθήκης,
2904 790 2980 854 ὼς
3008 791 3089 855 τὸ,
3126 794 3343 847 ’Ἄκουε
3396 793 3660 862 Ἰσραὴλ,

2066 886 2283 952 Κύριος
2343 887 2376 939 ό
2418 886 2563 951 Θεός
2620 899 2738 940 σου
2765 926 2779 949 ,
2846 886 3067 954 Κύριος
3127 887 3215 952 εἷς
3254 887 3429 945 ἐστιν
3454 904 3469 917 ⁶
3524 888 3590 941 ἔκ
3612 902 3662 940 τε

2065 972 2320 1046 τῆςΝέας
2350 975 2445 1028 καὶ
2484 974 2581 1028 τοῦ
2626 975 2959 1045 Εὐαγγελίου
2994 976 3239 1046 φωτίζει,
3282 979 3362 1041 ὡς
3393 978 3481 1041 τὸ,
3527 978 3665 1046 Ἐγὼ

2066 1064 2192 1136 φῶς
2206 1068 2294 1132 εις
2321 1067 2431 1121 τὸν
2459 1069 2693 1138 κόσμον
2712 1070 2982 1135 ἐλήλυθα
2999 1088 3013 1102 ·
3039 1070 3295 1135 θεοποιεί,
3318 1071 3397 1135 ὡς
3420 1072 3510 1135 τὸ,
3530 1071 3666 1139 Ἐγὼ

2065 1160 2224 1223 εἶπα,
2272 1161 2406 1215 Θεοί
2444 1161 2605 1217 ἐστε.
2652 1157 2820 1225 Οὗτος
2853 1162 2963 1235 γάρ
2996 1165 3143 1217 ἐστιν
3172 1166 3201 1221 ὁ
3221 1164 3425 1235 τρόπος
3456 1164 3557 1223 τοῦ
3585 1183 3663 1234 pu-

2068 1251 2289 1322 μεῖσθαι
2320 1252 2546 1317 τούτους
2570 1253 2669 1325 τὴν
2707 1253 2856 1310 θείαν
2892 1255 3287 1327 μακαριότητα,
3325 1256 3361 1327 ἢ
3401 1256 3481 1327 μὴ
3513 1256 3664 1327 μόνω

2068 1343 2342 1415 καθαίρει,
2372 1346 2468 1398 καὶ
2498 1344 2744 1415 φωτίζει,
2798 1348 2891 1401 καὶ
2928 1348 3305 1420 τελεσιουργεῖ
3358 1348 3424 1419 (ἀ
3479 1349 3549 1421 δὴ
3582 1350 3667 1405 καὶ

2067 1435 2337 1507 ὲνέργειαί
2368 1440 2496 1501 εἰσι,
2522 1438 2615 1491 καί
2643 1441 2751 1492 εἰσι
2780 1440 2876 1495 καὶ
2890 1439 3000 1495 τῶν
3041 1440 3311 1511 ἱεραρχῶν
3334 1440 3484 1498 κατά
3517 1442 3667 1511 μέθε-

375 1525 564 1589 υεηὶ⁰;
592 1533 647 1578 et
674 1522 911 1587 deiﬁcat,
956 1523 1114 1592 juxta
1144 1522 1277 1577 illud
1312 1538 1327 1574 :
1362 1521 1473 1590 Ego
1504 1523 1643 1583 dixi.
1672 1521 1747 1575 dii
1771 1534 1855 1575 esn

2194 1567 2208 1591 ,
2236 1528 2373 1583 ἀλλά
2402 1529 2497 1583 καὶ
2533 1530 2827 1602 κάθαρσις,
2862 1533 2958 1586 καὶ
2988 1534 3287 1603 φωτισμὸς,
3322 1534 3423 1587 καὶ
3450 1533 3667 1588 τελείω-

377 1614 477 1669 Hic
494 1630 689 1684 nempe
719 1616 909 1669 modus
934 1626 1017 1668 est
1035 1630 1145 1683 quo
1164 1615 1249 1669 isti
1274 1615 1511 1668 divinam
1533 1614 1857 1671 imitanturl

2187 1620 2321 1673 ἐστι·
2349 1622 2548 1691 μᾶλλον
2574 1622 2630 1675 δὲ
2652 1625 2746 1676 καὶ
2771 1623 2913 1695 ὑπὲρ
2941 1623 3133 1689 ταῦτα,
3157 1628 3251 1679 καὶ
3276 1626 3462 1697 πάσης
3487 1627 3667 1697 {epap-

377 1708 689 1775 titudinem,
721 1722 843 1777 qua:
872 1722 980 1762 non
1012 1706 1187 1761 solum
1212 1714 1434 1777 purgat.
1477 1717 1532 1762 et
1558 1706 1854 1766 illuminat.

2184 1727 2192 1769 :
2223 1711 2392 1776 αἰτία,
2439 1713 2534 1768 καὶ
2568 1714 2770 1778 παντὸς
2792 1714 2938 1784 ἱεροῦ
2961 1717 3306 1789 ἀσυγκρίτως
3326 1716 3664 1790 ἐξῃρημένη.

376 1816 483 1868 que
514 1811 855 1854 consummat
888 1803 1032 1870 (qum
1064 1800 1178 1870 ipsa
1204 1802 1553 1871 operatioues
1582 1811 1743 1867 sunt;
1796 1812 1962 1872 atque
2008 1806 2173 1869 etiam
2222 1810 2576 1877 operatioaes
2629 1810 2948 1880 pontificum
2998 1828 3094 1881 per
3142 1814 3665 1882 participationem},

376 1895 472 1948 sed
525 1895 689 1949 etiam
726 1895 961 1965 ipsamet
1002 1905 1087 1951 est
1130 1896 1391 1967 expiatio,
1474 1908 1530 1952 et
1586 1898 1913 1963 illustratio,
1970 1909 2027 1954 et
2081 1904 2467 1969 consecratio;
2516 1914 2682 1975 atque
2738 1905 2963 1976 insuper
3002 1920 3220 1974 quoque
3264 1918 3426 1959 causa
3487 1904 3666 1967 punitis

372 1984 716 2043 ltierarcbiaz.
768 1995 823 2039 et
857 1985 924 2039 ab
950 1984 1099 2040 omni
1144 2000 1201 2039 re
1252 1999 1408 2040 sacra
1454 1984 1961 2054 incomparabiliter
1991 2000 2244 2060 exentpta
2280 2003 2385 2048 est.

447 2076 476 2149 ς
508 2076 592 2131 ill.
637 2077 841 2133 Deinde
890 2077 1081 2144 tradit,
1116 2092 1365 2147 quaenam
1395 2087 1711 2147 competunt
1756 2079 1842 2134 bis
1868 2096 1921 2150 qi

2197 2084 2282 2140 ill.
2315 2087 2545 2160 Ἐφεξῆς
2564 2088 2731 2158 λέγει,
2750 2089 2870 2143 τίνα
2893 2088 2964 2145 τά
2990 2090 3336 2161 προσήκοντα
3354 2090 3471 2151 τοῖς
3491 2086 3665 2141 ταῦτα

373 2188 527 2228 sacra
556 2174 886 2245 suscipiunt,
915 2184 1080 2243 atque
1111 2175 1239 2229 item
1275 2189 1397 2245 qua:
1419 2176 1749 2229 conveniant
1780 2174 1847 2229 iis

2181 2197 2359 2250 χουσι,
2395 2184 2487 2235 καὶ
2512 2182 2632 2235 τίνα
2663 2182 2732 2235 τὰ
2756 2182 3036 2254 πρέποντα
3065 2185 3176 2246 τοῖς
3211 2181 3387 2236 ταῦτα
3421 2179 3661 2235 ποιοῦσι.

372 2278 528 2319 sacra
558 2265 799 2319 tradunt.
838 2265 915 2320 Ac
948 2266 1188 2335 primum
1218 2265 1464 2335 quidem,
1513 2267 1695 2335 quoad
1733 2266 1852 2321 initi

2203 2274 2418 2346 πρῶτον
2439 2276 2564 2331 τίνα
2587 2280 2701 2341 τοῖς
2730 2277 3022 2348 πάσχουσι.
3056 2277 3147 2330 Δεῐ
3172 2273 3304 2343 γοῦν
3330 2276 3458 2337 τοὺς
3480 2275 3664 2328 καθαι-

374 2356 473 2411 dos
496 2356 712 2423 attinet,
746 2366 961 2426 oportet
994 2372 1109 2421 eos,
1141 2358 1236 2426 qui
1264 2358 1555 2427 expiantur
1585 2374 1683 2427 per
1703 2374 1854 2413 emnn

2186 2366 2327 2431 ἐνους
2340 2370 2538 2432 παντὸς
2559 2371 2812 2442 ἀνομοίου
2829 2374 2896 2441 τῇ
2913 2368 3178 2440 καθάρσει
3202 2366 3482 2439 μολυσμοῦ
3506 2366 3666 2437 ἠλευ-

372 2446 604 2510 tionem,
644 2449 711 2501 ab
749 2448 897 2501 omni
930 2446 1317 2514 inmqualitatis
1351 2447 1566 2501 macula
1600 2447 1848 2512 liberari;

2182 2459 2373 2513 ὒσθαι’
2412 2462 2632 2534 τοιαύτη
2661 2462 2770 2534 γὰρ
2800 2463 2833 2533 ἡ
2870 2462 3168 2534 κάθαρσις,
3206 2460 3347 2515 κατὰ
3376 2460 3459 2524 τὺ,
3500 2464 3662 2514 11.11:-

372 2536 480 2591 boc
503 2539 653 2590 enim
696 2547 785 2591 est
826 2538 1092 2606 expiatio,
1125 2537 1283 2608 juxta
1310 2538 1440 2591 illud
1474 2555 1489 2591 :
1530 2537 1754 2592 Laoabis
1784 2555 1852 2592 me

2180 2573 2192 2617 τ
2231 2571 2329 2622 με,
2381 2554 2480 2607 καὶ
2520 2554 2672 2622 ὑπὲρ
2697 2555 2871 2623 χιόνα
2897 2552 3389 2623 λευκανθήσομαι
3413 2570 3427 2582 ’
3446 2556 3579 2618 τοὺς
3607 2555 3660 2607 δὲ

372 2643 533 2697 super
554 2630 719 2683 nivem
741 2630 1027 2683 dealbabor
1042 2640 1069 2680 ιι
1089 2646 1102 2691 ;
1124 2644 1221 2685 eos
1242 2638 1419 2684 autem
1448 2630 1538 2699 qui
1566 2630 1852 2685 illuminant

2180 2646 2489 2718 λῃζομένους,
2518 2648 2621 2705 οὐκ
2650 2647 2715 2700 ἐκ
2755 2646 2954 2718 μέρους
2977 2643 3329 2715 φωτίζεσθαι,
3364 2645 3487 2699 ἀλλ’
3525 2647 3660 2699 ἀπο-

373 2736 482 2774 non
535 2736 600 2775 ex
642 2730 799 2790 parte
841 2721 1155 2783 illuminari,
1189 2722 1283 2776 sed
1320 2722 1528 2791 impleri
1565 2724 1782 2784 lmnine,
1821 2737 1851 2777 e

2185 2738 2410 2811 ροῦσθαι
2458 2738 2552 2795 τοῦ
2600 2740 2799 2808 φωτὸς,
2845 2738 2937 2793 καὶ
2984 2737 3281 2806 ἀνάγεσθαι
3334 2738 3476 2809 πρὸς
3537 2737 3663 2791 θεω-

370 2813 526 2881 puris
574 2814 774 2868 mentis
809 2813 984 2867 oculis
1017 2812 1083 2867 ad
1115 2814 1547 2883 praestantiorem
1592 2815 1786 2869 adduci
1832 2830 1850 2869 ί

2177 2847 2191 2882 ρ
2240 2831 2525 2902 κρείττονα
2570 2831 2629 2893 ἐν
2676 2829 2965 2895 ἀθολώτοις
3014 2829 3315 2900 ὀφθαλμοῖς
3360 2829 3455 2883 τοῦ
3512 2831 3657 2893 νοός·

369 2905 808 2973 templationem;
831 2904 1162 2976 ejuscemodi
1185 2904 1328 2960 enim
1351 2915 1436 2960 est
1453 2905 1791 2972 illuminatio,
1806 2906 1849 2977 jt

2181 2922 2304 2975 ὕτον
2336 2922 2447 2995 γάρ
2478 2923 2506 2974 ὁ
2537 2922 2834 2992 φωτισμὺς,
2882 2922 2957 2985 ὡς
2991 2920 3073 2983 τὸ,
3106 2918 3375 2979 Φώτισον
3420 2920 3570 2986 τοὺς
3600 2922 3661 2972 ὀ-

370 2997 502 3051 illud
529 3014 543 3051 :
568 2995 825 3051 lliumina
852 2997 1033 3051 oculos
1067 3006 1242 3061 Wet:
1277 2997 1467 3052 Revela
1498 2998 1683 3052 oculos
1720 3016 1850 3053 meo:

2182 3016 2379 3083 ducite
2397 3030 2410 3044 ’
2476 3015 2570 3067 καὶ
2639 3013 3074 3082 Ἀποκάλυψον
3104 3013 3252 3079 τοὺς
3309 3014 3662 3083 ὀφθαλμούς

369 3092 718 3145 considerabo
768 3091 1034 3144 mirabilia
1068 3099 1157 3143 tua
1184 3098 1244 3155 a;
1300 3102 1394 3145 eos
1422 3102 1602 3145 autem
1630 3091 1723 3159 qui
1767 3106 1849 3145 cm

2188 3146 2202 3170 ,
2243 3104 2342 3158 καὶ
2362 3088 2718 3170 κατανοήσω
2748 3104 2821 3161 τὰ
2845 3102 3148 3173 θαυμάσιά
3171 3119 3288 3158 σου
3309 3120 3323 3133 ·
3346 3104 3475 3166 τοὺς
3496 3103 3555 3156 δὲ
3582 3120 3663 3155 τε·

370 3189 564 3234 ετοηιιι
575 3196 619 3245 ι·,
641 3194 709 3234 ex
736 3177 1072 3247 imperfectis
1098 3178 1370 3247 perfectos
1391 3181 1649 3245 evadere,
1668 3189 1850 3249 atque.

2182 3198 2382 3261 ιένους,
2407 3199 2473 3250 ἐκ
2490 3196 2583 3250 τοῦ
2602 3196 2826 3260 ἀτελοῦς
2855 3197 3095 3260 τελείους
3121 3194 3662 3267 γινομένους(⁹),καὶ

366 3271 607 3326 ﬁcientis
634 3285 913 3339 sacraeque
936 3271 1177 3325 scientiae
1197 3271 1496 3341 participes
1527 3287 1592 3327 ac
1626 3282 1846 3341 spectati

2189 3290 2539 3361 τελειωτικῆς
2553 3291 2647 3343 καὶ
2673 3290 2821 3363 ἱερᾶς
2848 3290 3159 3362 ἐπιστήμης
3190 3288 3449 3359 μετόχους
3472 3306 3538 3341 τε
3567 3290 3662 3342 καὶ

364 3361 641 3416 exsistere
679 3377 693 3415 ι
728 3362 992 3431 siquidem
1020 3361 1070 3415 id
1100 3361 1154 3415 in
1184 3363 1330 3416 omni
1359 3362 1586 3417 scientia
1610 3363 1844 3433 perfecti

2182 3401 2310 3447 πτας
2328 3400 2342 3413 ⁸
2384 3383 2545 3437 τοῦτο
2574 3382 2684 3455 γάρ
2711 3361 2827 3435 ἐστι
2855 3380 2917 3433 τὸ
2934 3382 3139 3439 τέλειον
3171 3382 3229 3434 ἐν
3263 3381 3411 3454 πάσῃ
3438 3382 3662 3453 ἐπιστή·

367 3463 473 3514 est,
518 3455 584 3506 ad
614 3467 804 3507 eorum
844 3467 967 3522 qua).
992 3462 1300 3507 cernuntur
1352 3454 1835 3524 participationem

2196 3475 2258 3531 τὸ
2291 3475 2536 3538 ἐπόπτας
2565 3475 2659 3528 καὶ
2680 3472 2943 3545 μετόχους
2977 3471 3090 3527 τῶν
3113 3470 3489 3543 θεωρημάτων
3511 3472 3660 3540 γίνοι-

373 3552 819 3616 spectionemque
847 3548 1141 3616 pervenire
1182 3555 1240 3602 et
1266 3547 1318 3601 in
1352 3545 1499 3601 nullo
1522 3545 1779 3611 deiicere,
1800 3546 1853 3617 ju

2179 3587 2210 3632 ι,
2244 3568 2338 3622 καὶ
2377 3566 2451 3638 μὴ
2481 3566 2624 3621 κατά
2649 3583 2702 3619 τι
2730 3565 3019 3629 ἐλλείπειν,
3047 3565 3123 3626 ὡς
3152 3563 3238 3629 τὺ,
3268 3564 3529 3618 Γίνεσθε
3560 3566 3659 3618 τέ-

367 3638 504 3691 illud
538 3653 553 3692 :
585 3635 763 3691 Eslote
782 3637 1020 3706 perfecti,
1055 3638 1193 3690 sicut
1218 3646 1267 3691 et
1297 3633 1461 3691 Pater
1482 3648 1651 3691 vester
1671 3637 1847 3690 caleat;

2178 3677 2235 3723 ›ι,
2264 3633 2458 3725 ualidae
2486 3658 2585 3712 καὶ
2608 3662 2641 3712 ό
2666 3656 2869 3725 Πατὴρ
2896 3655 3064 3726 ὑμῶν
3084 3659 3117 3710 ὁ
3136 3654 3441 3723 οὐράνιος.
3495 3656 3658 3726 Ἑξῆς

372 3729 564 3785 Tradit
594 3729 789 3784 deinde
809 3745 929 3800 qua:
957 3738 1301 3784 concentum
1330 3743 1429 3784 eos
1456 3728 1548 3798 qui
1580 3744 1735 3784 sae-ra
1765 3742 1852 3783 cor

2180 3768 2208 3802 :t.
2230 3749 2325 3803 καὶ
2353 3749 2421 3803 τὰ
2440 3748 2548 3804 τῶν
2570 3747 2955 3819 ἐνεργούντων.
2982 3750 3078 3803 Δεῖ
3096 3746 3226 3816 γοῦν
3246 3747 3375 3811 τοὺς
3396 3746 3660 3818 καθαρτι-

368 3834 521 3881 ruut.
576 3821 777 3892 Utique
829 3831 1046 3893 oportet
1072 3836 1187 3887 eos,
1236 3822 1432 3891 quibus
1474 3822 1725 3891 expiandi
1759 3838 1846 3876 mu

2177 3860 2191 3907 ;
2223 3841 2297 3913 μὴ
2325 3840 2576 3895 τοσοῦτον
2601 3840 2745 3912 ἔχειν
2783 3839 2845 3899 τὸ
2887 3838 3127 3909 καθαρὸν
3164 3838 3420 3910 γλισχρόν
3457 3856 3523 3892 τε
3560 3841 3657 3892 καὶ

371 3916 658 3979 incumbit,
688 3932 791 3970 non
824 3925 933 3969 tam
963 3917 1160 3986 exigua
1194 3916 1454 3985 tenuique
1481 3916 1724 3984 puritate
1749 3915 1851 3969 inst

2174 3953 2258 4000 ον,
2288 3935 2430 3989 ὥστε
2459 3932 2818 4004 βεϐηλοῦσθαι
2845 3934 2956 3995 τοῖς
2986 3932 3318 4003 ἀκαθάρτοις
3345 3933 3654 4003 προσεγγί-

364 4017 486 4062 ctos
511 4023 654 4071 esw,
684 4018 742 4061 ut
767 4020 991 4078 propter
1021 4007 1302 4078 penuriam
1330 4007 1608 4075 puritatis,
1630 4021 1703 4062 ex
1728 4007 1844 4061 imnt

2174 4049 2248 4095 τας
2292 4030 2382 4083 διὰ
2409 4028 2507 4100 τὴν
2536 4028 2823 4100 ὀλιγότητα
2863 4028 2962 4099 τῆς
3005 4027 3345 4098 καθάρσεως,
3389 4026 3486 4080 καὶ
3528 4027 3654 4079 ἀντὶ

370 4102 561 4155 dorum
590 4117 812 4156 accessu
847 4103 1224 4171 inquinentur,
1251 4112 1307 4157 et
1335 4102 1733 4156 immunditiam
1774 4114 1850 4172 pot

2179 4122 2332 4194 δρᾷν,
2368 4120 2598 4191 πάσχειν
2634 4118 2698 4171 τὸ
2736 4119 3004 4171 ἐναντίον*
3037 4116 3173 4170 ἀλλὰ
3192 4116 3510 4181 πλεονάζειν
3549 4116 3652 4187 τὴν

364 4192 701 4244 contrahant
728 4206 890 4260 quam
914 4190 1187 4259 expellant
1216 4209 1232 4245 :
1264 4192 1358 4246 sed
1408 4190 1681 4245 aﬂluentia
1714 4206 1844 4261 quat

2189 4190 2513 4285 καθάρσεως
2553 4210 2892 4282 περιουσίαν,
2923 4210 3067 4269 ὥστε
3094 4210 3187 4263 καὶ
3214 4208 3394 4273 ἄλλοις
3428 4209 3651 4280 μεταδι-

366 4283 625 4351 puritatis
653 4284 955 4347 abundare,
994 4285 1068 4338 ita
1099 4296 1159 4338 ut
1186 4293 1245 4338 et
1283 4282 1407 4338 aliis
1435 4284 1683 4341 canuiem
1710 4298 1846 4339 comi

2166 4323 2207 4359 ιι
2228 4282 2524 4363 δύνασθαι·
2558 4305 2685 4366 τοὺς
2707 4302 2764 4356 δὲ
2791 4302 3169 4372 φωτιστικοὺς,
3195 4300 3289 4353 καὶ
3312 4300 3453 4371 πρὸς
3480 4317 3646 4370 μετο-

365 4377 555 4431 nicare
585 4377 829 4432 valeant.
862 4377 971 4434 Eos
1000 4388 1203 4442 autem,
1232 4377 1324 4446 qui
1354 4376 1693 4431 illuminandi
1726 4393 1845 4431 tuuu

2176 4396 2270 4450 τοῦ
2284 4397 2437 4450 θείου
2460 4395 2635 4465 φωτὸς
2660 4393 3000 4465 ἐπιτηδείους
3023 4388 3181 4457 εἷναι,
3206 4391 3301 4445 καὶ
3324 4390 3465 4462 πρὸς
3486 4392 3649 4462 μετά-

361 4472 687 4543 funguntur,
727 4480 944 4541 oportet
969 4487 1093 4526 cum
1124 4471 1192 4525 ad
1217 4470 1383 4525 divini
1413 4470 1635 4524 luminis
1666 4484 1836 4539 exoep

2163 4510 2198 4546 ,ν
2240 4491 2480 4561 ὁμοίους,
2536 4489 2632 4543 καὶ
2672 4487 2861 4549 ἁπλῶς
2899 4487 2961 4538 τὸ
3004 4485 3116 4539 τῶν
3164 4484 3337 4537 ὑέλων
3382 4485 3643 4555 πάσχειν,

366 4578 515 4626 nem,
544 4574 657 4617 tum
690 4564 759 4617 ad
783 4562 1025 4631 ejusdem
1056 4561 1309 4615 similiter
1343 4559 1765 4616 transfusionem
1790 4577 1846 4617 oc

2168 4603 2193 4639 ε
2211 4559 2560 4645 πανευκλεῶς
2581 4580 2801 4649 ἀποπλη
2810 4596 2901 4651 ρου
2908 4578 3104 4648 μένους
3122 4577 3221 4647 τῆς
3240 4574 3461 4647 αἴγλης,
3476 4576 3646 4647 ὑπερ-

363 4662 585 4729 paratos
611 4672 755 4721 esse,
805 4665 860 4711 et
901 4657 1167 4710 vitrorum
1216 4665 1468 4711 naturam
1520 4656 1734 4725 penitus
1775 4672 1843 4711 aer

2164 4697 2199 4732 ,ν
2226 4678 2290 4733 τὸ
2319 4676 2435 4746 φῶς
2459 4678 2539 4738 είς
2566 4676 2694 4737 τοὺς
2722 4672 2815 4726 τοῦ
2842 4670 3018 4740 φωτὸς
3051 4667 3265 4735 ἀξίουςο
3297 4668 3427 4730 τοὺς
3462 4668 3524 4721 δὲ
3557 4687 3644 4722 τε-

368 4751 509 4815 lari,
561 4760 654 4813 ut,
707 4749 901 4804 illustri
948 4748 1242 4816 splendore
1295 4748 1459 4818 pleni,
1503 4748 1681 4803 lumen
1741 4748 1795 4802 in
1847 4783 1848 4786 η

2167 4769 2400 4840 ουργοὺς
2437 4766 2512 4837 μὴ
2554 4763 2800 4835 ἀμαθῶς,
2838 4760 2954 4813 ἀλλ’
2999 4754 3441 4829 ὲπιστημονικῶς
3464 4758 3646 4811 τελεῖν

361 4843 454 4911 qui
486 4843 576 4897 illo
603 4842 749 4912 digni
803 4840 1007 4896 fuerint
1050 4840 1459 4896 transfundam.
1495 4839 1600 4894 Eos
1646 4854 1803 4902 vero,

2187 4839 2531 4928 τελουμένοις
2554 4855 2656 4924 τὴν
2682 4852 2780 4905 τοῦ
2806 4848 2969 4904 κα,λοῦ
2996 4848 3301 4919 μετάδοσιν,
3325 4848 3385 4898 ὲν
3410 4851 3478 4919 τῇ
3511 4852 3644 4921 μυή-

363 4937 722 4992 consecrandi
790 4950 988 4990 munus
1060 4936 1311 5003 obeunt,
1383 4949 1728 5004 nequaquam
1788 4934 1843 4987 de

2158 4950 2245 5004 καὶ
2269 4952 2334 5020 τῇ
2359 4947 2560 5017 γνώσει
2579 4947 2678 5016 τῆς
2699 4944 2891 5013 ὲπιστή
2901 4958 3007 5013 μης
3022 4940 3134 4993 τῶν
3153 4938 3604 4993 ὲποπτευθέντων
3620 4956 3638 4972 ο

364 5029 659 5098 imperite,
712 5028 807 5083 sed
852 5027 1151 5097 prudenter
1205 5027 1364 5093 illos,
1423 5027 1517 5098 qui
1580 5039 1839 5081 consecra

2160 5042 2219 5113 ὶρ
2246 5038 2510 5093 ἐποπτεία
2541 5036 2661 5089 οὔτε
2690 5038 2801 5097 τοῖς
2830 5031 3202 5102 καθαίρουσιν,
3231 5027 3355 5081 οὗτε
3384 5032 3503 5092 τοῖς
3528 5048 3640 5099 φω-

362 5131 510 5186 sunt,
544 5121 681 5175 tanti
723 5121 850 5177 boni
901 5122 1392 5176 communicatione
1432 5121 1655 5175 initiare
1690 5119 1742 5173 in
1783 5121 1842 5173 in.

2156 5150 2305 5195 ιυσιν,
2337 5130 2472 5185 ἀλλὰ
2503 5132 2614 5192 τοῖς
2640 5126 2884 5180 τελοῦσίν
2916 5127 3085 5179 ἐστιν.
3133 5121 3346 5175 Ἐκεῖνα
3378 5121 3489 5191 γάρ
3510 5123 3636 5173 ἐστι

364 5214 573 5269 tutione
641 5223 696 5269 et
780 5212 1091 5284 cognitione
1151 5214 1533 5284 mysteriorum
1616 5226 1739 5280 qua:
1806 5226 1844 5265 ct

2156 5226 2442 5298 προτέλεια,
2466 5224 2560 5276 καὶ
2586 5220 2660 5276 τὰ
2686 5219 2882 5285 ἔξωθεν
2911 5216 3198 5287 γινόμενα·
3224 5215 3258 5285 ἡ
3280 5212 3335 5266 δὲ
3362 5213 3636 5269 ἐποπτεία

360 5319 657 5377 spette‘ruttt
688 5323 703 5360 :
734 5309 1005 5378 siquidem
1055 5307 1320 5374 inspectio
1367 5321 1556 5360 eorum
1617 5318 1794 5375 neque

2155 5341 2157 5348 τ
2185 5319 2410 5382 τελείοις
2432 5317 2528 5371 καὶ
2549 5312 2833 5374 τελειοῦσι,
2864 5308 3047 5372 καθὼς
3072 5309 3166 5362 καὶ
3196 5309 3228 5377 ἡ
3256 5304 3635 5377 ᾁσματίξουσα

362 5401 635 5469 piautibus
667 5415 840 5470 neque
873 5397 1302 5455 illuminantibus
1338 5397 1629 5465 competit.
1680 5395 1779 5479 sed
1802 5409 1842 5449 ct

2149 5430 2182 5477 ›ς
2220 5412 2311 5465 τὸν
2355 5408 2584 5481 νυμφίον
2608 5406 2764 5477 φησι·
2802 5403 3008 5468 Δεῖξόν
3032 5417 3135 5470 μοι
3156 5399 3272 5467 τὴν
3301 5398 3449 5466 ὄψιν
3484 5413 3629 5462 σου,

426 5580 496 5646 (ί)
516 5577 716 5636 -Μθιὶιιε
738 5580 1033 5648 quadraret
1072 5578 1397 5634 infinitivus.
1436 5575 1572 5631 Nam
1603 5575 1682 5646 τῷ
1713 5574 1811 5628 δεῖ
1840 5589 1901 5630 su

2014 5572 2096 5627 ius
2129 5572 2312 5642 posito
2342 5577 2453 5623 tota
2484 5562 2775 5632 subjicitur
2799 5563 3070 5633 periodus.
3122 5561 3220 5617 En.
3249 5558 3494 5617 Ριιτιιοι..

2602 5734 2624 5759 τ
2657 5722 2794 5781 Psal.
2832 5738 2926 5785 sn,
2959 5722 3012 5775 4.
3090 5733 3111 5759 ε
3138 5720 3281 5777 Psal.
3307 5735 3503 5785 cxvm,
3541 5720 3627 5774 i8.

505 5747 529 5774 η
557 5738 711 5791 Deut.
742 5754 816 5800 νι,
851 5740 903 5793 4.
1009 5748 1034 5773 ο
1066 5738 1223 5795 Joau.
1257 5753 1352 5806 κη,
1385 5737 1473 5791 46.
1552 5746 1579 5786 P
1606 5734 1751 5790 Psal.
1784 5748 1971 5799 LXXXI,

1033 5755 1034 5765 ‘
1066 5738 1223 5795 Joau.
1257 5753 1352 5806 κη,
1385 5737 1473 5791 46.
1552 5746 1579 5786 P
1606 5734 1751 5790 Psal.
1784 5748 1971 5799 LXXXI,
2005 5729 2058 5785 6.
2140 5740 2166 5779 τι
2192 5729 2334 5785 Psal.
2375 5743 2423 5791 L,
2462 5726 2513 5780 9.

373 5813 388 5885 ξ
424 5808 611 5866 Matth.
647 5825 697 5875 ν,
748 5812 838 5863 48.
