3734 6330
118 357 225 413 181
1126 348 1216 406 DE
1250 349 1577 411 CtELESTl
1612 348 2057 414 HIERAHCHIA,
2094 348 2248 405 CAP.
2290 350 2380 405 IV.
3286 347 3311 410 ί
3326 347 3397 406 82

112 471 287 525 τοῦτο
316 471 551 543 σοφῶςή
581 471 850 542 θεολογία.
881 471 943 523 τὸ
993 470 1059 525 δι’
1109 468 1356 539 ἀγγέλων
1411 468 1584 539 αὐτὴν

1914 468 2232 523 ineationem
2263 478 2309 521 ε.
2342 466 2600 533 Quinimo
2645 465 2928 537 sapienter
2969 464 3134 520 etiam
3177 464 3388 520 theolo-

110 567 275 637 ἡμᾶς
305 563 610 637 προελθεῖν,
659 564 736 628 ὼς
778 563 879 634 τῆς
926 560 1250 633 θεονομικῆς
1290 559 1496 625 τάξεως
1540 561 1584 613 ἐι

1968 562 2149 622 docet,
2203 575 2323 613 eam
2376 572 2469 627 per
2519 559 2743 627 angelos
2792 559 2860 613 ad
2905 573 3005 613 nos
3062 556 3392 624 dimanasse,

111 656 579 729 θεσμοθετούσης,
611 657 673 711 τὸ
696 656 785 711 διὰ
826 656 935 709 τῶν
974 653 1205 728 πρώτων
1232 654 1299 707 τὰ
1324 653 1553 725 δεύτερα
1577 671 1585 683 ι

1920 656 1970 709 :si
2004 655 2055 707 id
2084 654 2218 707 ordo
2267 653 2466 706 divina:
2526 652 2661 721 legis
2712 653 2980 716 sanxerit,
3026 664 3087 707 ut
3114 668 3211 721 per
3232 668 3394 722 supe-

108 750 179 804 τὸ
202 752 359 804 Θεῖον
389 751 704 820 ἀνάγεσθαι.
740 752 851 804 Καὶ
878 749 987 821 γάρ
1020 750 1081 802 οὐ
1121 748 1279 818 μόνον
1301 747 1521 801 ἐπὶτῶν
1552 748 1582 800 ὐ

1919 763 1986 809 ἐι,
2020 747 2122 800 ista
2155 760 2275 812 qua:
2328 742 2587 797 inferiora
2633 753 2780 808 sunt,
2815 744 2881 797 ad
2915 744 3160 798 divinum
3184 740 3393 797 Numen

109 843 392 913 κειμένων
435 859 496 895 τε
545 843 640 895 καὶ
689 842 996 913 ὐφειμένων
1037 840 1198 903 νοῶν,
1252 838 1389 893 ἀλλὰ
1440 839 1544 893 κάν

1929 850 2180 894 ucantnr.
2241 836 2453 890 Etenim
2487 851 2591 890 non
2638 836 2812 890 solum
2844 838 3223 907 superioribus
3258 836 3397 889 inle-

107 936 449 1007 ὀμοταγέσιν
479 936 683 1000 οὗτοςὸ
717 935 918 1007 θεσμὸς
951 934 1178 1006 ὥρισται
1232 932 1385 1004 παρά
1434 932 1535 1002 τῆς
1573 932 1709 986 πάν-

106 1044 226 1081 των
253 1028 582 1100 ὐπερουσίου
626 1027 968 1099 ταξιαρχίας,
989 1027 1052 1081 τὸ
1085 1025 1206 1079 καθ’
1244 1027 1479 1096 ἑκάστην
1520 1025 1708 1096 ἱεραρ-

1814 932 2161 1000 rioribusque
2195 930 2491 990 mentibus,
2519 943 2710 983 verum
2746 928 2914 982 etiam
2942 928 3263 997 aequalibus,
3295 942 3392 981 seu

1809 1021 2172 1083 coordinatis,
2226 1012 2269 1072 α
2314 1017 2837 1087 supersubstantiali
2916 1035 3097 1073 rerum
3149 1018 3393 1073 omnium

106 1119 243 1189 χίαν
269 1122 497 1191 πρώτας
522 1121 616 1174 καὶ
642 1120 814 1191 μέσας
846 1120 940 1173 καὶ
968 1117 1284 1182 τελευταίας
1338 1113 1475 1170 εἶναι
1522 1117 1580 1169 τό

1919 1111 2148 1167 nordiali
2181 1111 2377 1165 ordine
2425 1110 2509 1165 lex
2570 1110 2674 1165 ista
2719 1112 3015 1165 constituta
3070 1118 3177 1174 est,
3206 1118 3266 1164 ut
3295 1124 3393 1178 per

102 1225 168 1262 τε
193 1210 291 1263 καὶ
318 1209 597 1280 δυνάμεις,
630 1209 725 1263 καὶ
754 1209 864 1263 τῶν
892 1208 1131 1281 ἡττόνων
1160 1204 1297 1261 εἶναι
1347 1209 1474 1271 τοὺς
1505 1206 1710 1260 θειοτέ-

106 1318 247 1371 ρους
312 1301 521 1373 μύστας
569 1303 662 1355 καὶ
736 1305 779 1338 ⁸⁸
822 1301 1191 1374 χειραγωγούς
1257 1300 1353 1354 ἐπὶ
1400 1298 1499 1371 τὴν
1550 1298 1706 1352 θείαν

105 1395 487 1468 προσαγωγὴν
514 1396 608 1449 καὶ
638 1394 901 1466 ἔλλαμψιν
931 1394 1023 1446 καὶ
1060 1392 1365 1447 κοινωνίαν.

1808 1206 2051 1276 singulas
2082 1203 2424 1258 hierarcltias
2460 1203 2624 1273 primi
2675 1214 2879 1268 essent,
2914 1220 2978 1258 ac
3021 1204 3183 1259 medii
3210 1203 3394 1258 novis-

1805 1299 2041 1365 sinitque
2081 1294 2301 1349 ordines
2333 1310 2396 1349 ac
2424 1294 2677 1359 virtutes,
2730 1294 3192 1364 inferioribusque
3248 1292 3392 1349 divi-

1812 1387 1995 1443 niorcs
2039 1396 2230 1458 mysta:
2282 1394 2488 1448 essent,
2547 1403 2611 1441 ac
2676 1386 3105 1441 manuductores
3145 1386 3213 1440 ad
3244 1384 3389 1439 divi-

1812 1494 1944 1533 num
1975 1491 2286 1541 accessum,
2318 1484 2375 1530 et
2402 1475 2834 1533 illustratinnem
2866 1486 3031 1547 atque
3053 1477 3393 1533 communio-

1810 1584 1955 1627 nem.

1666 1726 1833 1800 §lV.

186 1891 336 1963 Ὀρῶ
371 1892 448 1954 δὲ,
484 1892 566 1945 δτι
598 1892 693 1946 καὶ
741 1892 802 1945 τὸ
834 1891 976 1945 θεῖον
1026 1891 1128 1963 τῆς
1166 1891 1343 1963 Ἰησοῦ
1395 1890 1660 1963 φιλανθριι

1915 1890 2129 1946 ιίνίιιιιηι
2161 1893 2327 1949 etiam
2359 1893 2719 1949 humanitatis
2761 1892 2889 1948 Jesu
2944 1895 3264 1964 mysterium
3289 1911 3389 1951 an-

98 1985 241 2048 πίας
286 1987 583 2056 μυστήριον
644 1983 865 2053 ἄγγελοι
927 1982 1143 2055 πρῶτον
1200 1983 1540 2055 ἐμυήθησαν,
1585 1980 1702 2036 εἶτα

96 2078 169 2131 δι’
207 2077 391 2130 αὐτῶν
420 2079 501 2141 είς
537 2080 739 2149 ήμᾶςη
764 2077 865 2147 τῆς
901 2075 1155 2146 γνώσεως
1198 2078 1359 2147 χάρις
1414 2076 1701 2130 διέϐαινεν.

95 2169 267 2223 Οὖτω
304 2169 435 2238 γοῦν
472 2172 500 2223 ὁ
554 2169 829 2232 θειότατος
883 2168 1123 2241 Γαὸριὴλ
1176 2169 1450 2240 Ζαχαρίαν
1490 2167 1588 2238 μὲν
1606 2167 1700 2221 τὸν

99 2262 377 2333 ίεράρχην
439 2260 843 2332 ὲμυσταγώγει,
891 2260 954 2313 τὸ
1002 2264 1291 2335 προφήτην
1344 2261 1566 2315 ἔσεσθαι
1607 2261 1704 2313 τὸν

95 2354 159 2419 ἐξ
195 2352 365 2407 αὐτοῦ
395 2354 524 2423 παρ’
557 2353 752 2409 ἐλπίδα
780 2355 963 2427 χάριτι
1005 2354 1125 2427 θείᾳ
1149 2357 1543 2428 γεννησόμενον
1571 2358 1698 2407 παῖ-

94 2447 190 2509 δα,
220 2445 326 2515 τῆς
374 2444 780 2518 ἀγαθοπρεπῶς
821 2448 917 2501 καὶ
946 2449 1229 2521 σωτηρίως
1258 2450 1339 2521 τῷ
1365 2450 1556 2521 κόσμῳ
1584 2452 1703 2502 ἐπι-

96 2538 495 2609 φανησομένης
542 2537 802 2610 ἀνδρικῆς
858 2539 953 2593 τοῦ
1024 2541 1199 2611 Ἰησοῦ
1249 2542 1567 2614 θεουργίας’
1599 2540 1703 2611 τὴν

94 2631 155 2684 δὲ
184 2629 446 2701 Μαριὰμ,
501 2630 651 2695 ὅπως
688 2633 746 2685 ὲν
773 2631 911 2703 αὐτῇ
965 2634 1283 2705 γεννησεται
1318 2634 1381 2687 τὸ
1409 2634 1700 2707 θεαρχικδν

93 2722 207 2792 τῆς
241 2721 559 2792 ἀφθέγκτου
600 2724 963 2789 θεοπλαστίας
1016 2726 1331 2797 μυστήριον.
1384 2729 1610 2800 Ἕτερος
1639 2729 1697 2782 δὲ

93 2815 211 2867 τῶν
237 2814 490 2883 ἀγγέλων
512 2814 603 2868 τὸν
640 2817 838 2887 Ἰωσὴφ
889 2817 1267 2882 ὲξεπαίδευσεν
1294 2819 1361 2883 ”,
1388 2820 1537 2883 ὅπως
1565 2820 1700 2891 ἀλη-

34 2926 37 2933 ν
97 2906 213 2970 θῶς
237 2907 664 2980 ἐκπεπλήρωται
686 2908 754 2962 τὰ
779 2909 1015 2974 θειωδῶς
1055 2911 1444 2982 ἐπηγγελμένα
1474 2912 1553 2983 τῷ
1573 2930 1700 2985 προ-

94 3002 245 3071 γόνῳ
288 3001 475 3054 Δαυίδ.
526 3002 717 3067 Ἀλλος
768 3004 825 3058 δὲ
862 3004 991 3067 τοὺς
1038 3006 1324 3077 ποιμένας,
1353 3006 1430 3070 ὡς
1475 3009 1541 3077 τῇ
1588 3007 1717 3073 τῶν,

94 3092 317 3145 ⁸πολλῶν
392 3094 738 3167 ἀναχωρήσει
805 3098 899 3150 καὶ
964 3098 1167 3170 ἡσυχίᾳ
1229 3098 1695 3171 κεκαθαρμένους,

96 3181 508 3253 εὐηγγελίζετο,
547 3185 641 3238 καὶ
670 3188 766 3240 σὺν
810 3188 958 3259 αὐτῷ
1003 3187 1208 3258 πλῆθος
1235 3192 1492 3259 στρατιᾶς
1533 3190 1698 3261 οὐρα-

95 3278 216 3330 νίου
239 3275 340 3347 τὴν
373 3276 752 3351 πολυύμνητον
786 3281 1004 3352 ἐκείνην
1028 3279 1315 3352 παρεδίδου
1336 3286 1447 3345 τοῖς
1473 3284 1564 3335 ἐπὶ
1590 3282 1696 3353 γῆς
1722 3304 1765 3361 C

94 3371 429 3438 δοξολογίαν.
478 3372 887 3445 Ἀνανεύσωμεν
924 3373 980 3426 δὲ
1012 3375 1107 3427 καὶ
1150 3374 1289 3446 πρὸς
1318 3375 1417 3438 τάς
1464 3377 1697 3447 ὑπερτά-

94 3478 196 3523 τας
222 3461 270 3491 ’³
318 3460 427 3513 τῶν
470 3461 669 3530 λογίων
726 3464 1104 3533 φωτοφανείας
1128 3480 1143 3495 ο
1167 3464 1281 3535 ὁρῶ
1332 3465 1463 3538 γὰρ,
1495 3466 1575 3519 δτι
1601 3467 1695 3520 καὶ

94 3553 265 3615 αὐτὸς
301 3553 511 3623 Ἰησοῦς
532 3554 599 3619 ’⁵,
626 3557 719 3609 καὶ
744 3554 851 3608 τῶν
883 3556 1293 3628 ὑπερουρανίων
1309 3558 1507 3610 οὐσιῶν
1528 3559 1697 3630 ὑπερ-

93 3642 284 3704 οὐσιος
340 3644 512 3707 αίτία,
546 3646 687 3716 πρὸς
708 3646 771 3699 τὸ
808 3646 931 3700 καθ’
977 3650 1127 3719 ἡμᾶς
1175 3649 1527 3719 ἁμεταϐόλως
1564 3649 1692 3722 ἐλη-

96 3734 295 3798 λυθὼς,
330 3737 429 3789 οὐκ
451 3738 705 3811 ἀποπηδᾷ
732 3739 831 3810 τῆς
862 3742 955 3793 ὑπ’
986 3742 1151 3795 αὐτοῦ
1193 3742 1487 3813 ταχθείσης
1512 3762 1568 3797 τε
1598 3744 1695 3797 καί

97 3828 421 3898 αἱρεθείσης
459 3829 965 3903 ἀνθρωποπρεποῦς
1023 3833 1298 3900 εὐταξίας,
1348 3834 1464 3889 ἀλλ’
1505 3835 1692 3889 εὐπει-

98 3918 210 3981 θῶς
235 3919 283 3950 ⁹³
310 3920 671 3975 ὐποτάττεται
702 3928 824 3986 ταῖς
845 3924 938 3977 τοῦ
969 3926 1184 3998 Πατρδς
1211 3927 1307 3981 καὶ
1336 3927 1473 3981 Θεοῦ
1500 3928 1566 3981 δι’
1589 3929 1692 3996 ἀγ-

96 4012 274 4078 γέλων
313 4013 676 4069 διατυπώσεσι
708 4016 754 4047 ’⁸
774 4034 789 4048 θ
821 4019 915 4071 καὶ
942 4018 1030 4071 διὰ
1059 4018 1243 4090 μέσων
1283 4020 1465 4073 αὐτῶν
1493 4021 1693 4089 ἀγγέλ-

96 4102 354 4174 λεταιτῴ
398 4106 595 4178 Ἰωσὴφ
624 4111 657 4179 ἡ
704 4110 842 4180 πρὸς
887 4110 981 4163 τοῦ
1007 4112 1222 4184 Πατρὸς
1273 4112 1689 4183 οίκονομηθεῖσα

94 4194 189 4247 τοῦ
222 4195 360 4248 Υἱοῦ
401 4199 536 4269 πρὸς
583 4200 857 4269 Αἴγυπτον
887 4202 1257 4276 ἀναχώρησις,
1308 4207 1403 4259 καὶ
1452 4202 1606 4269 αὖθις
1653 4208 1686 4278 ὴ

96 4288 234 4357 πρὸς
272 4290 375 4359 τὴν
453 4291 714 4346 Ἰουδαίαν
766 4293 826 4358 ἐξ
874 4295 1150 4363 Αἰγύπτου
1212 4297 1527 4367 μεταγωγή.
1580 4298 1690 4350 Καὶ

92 4378 158 4433 δι’
214 4382 464 4450 ἀγγέλων
538 4385 699 4438 αὐτὸν
746 4386 859 4457 ὁρῶ
905 4387 1004 4457 μὲν
1059 4387 1164 4441 ὑπὸ
1214 4390 1353 4451 ταῖς
1392 4392 1689 4460 πατρικαῖς

96 4472 481 4543 θεσμοθεσίαις
521 4478 874 4549 ταττόμενον·
907 4480 982 4532 ὲῶ
1010 4479 1120 4551 γάρ
1173 4484 1370 4546 εἰπεῖν,
1422 4481 1499 4546 ὡς
1525 4484 1687 4537 εἰδότι

91 4567 158 4619 τὰ
185 4572 307 4631 ταῖς
335 4569 635 4640 ίερατικαῑς
662 4570 822 4642 ἡμῶν
865 4572 1227 4643 παραδόσεσιν
1270 4574 1685 4645 ὲκπεφασμένα,

1802 1982 1938 2055 εειίε
1966 1985 2200 2053 primum
2232 1984 2563 2051 patefactum
2587 2002 2711 2041 esse
2742 1987 2918 2050 video.
2951 2002 3047 2057 per
3072 2002 3211 2057 quos
3238 1988 3388 2041 dein-

1806 2074 1871 2130 de
1898 2077 1962 2129 ad
1996 2092 2097 2131 nos
2124 2092 2341 2147 quoque
2388 2078 2715 2145 cognitionis
2741 2076 2864 2147 ejus
2904 2078 3081 2149 gratia
3114 2079 3382 2149 pervenit.

1803 2169 1879 2223 Ita
1925 2171 2301 2226 divinissimus
2362 2170 2449 2225 ille
2520 2170 2745 2227 Gabriel
2795 2172 3117 2227 Zachariam
3167 2172 3383 2240 quidem

1803 2262 2113 2331 pontificem
2143 2263 2350 2327 docuit,
2382 2264 2524 2331 quod
2557 2278 2692 2333 puer
2722 2278 2789 2318 ex
2825 2264 2942 2334 ipso
2989 2272 3188 2333 praeter
3232 2279 3382 2333 spem

1803 2355 1984 2409 divina
2038 2356 2211 2424 gratia
2268 2357 2604 2421 nasciturus,
2658 2358 2924 2425 propheta
2958 2356 3097 2412 foret
3127 2355 3386 2410 humana:

1804 2449 2113 2518 divinaeque
2172 2446 2301 2504 Jesu
2355 2449 2790 2520 dispensationis
2847 2451 3082 2519 benigne
3131 2448 3386 2503 simulac

1802 2541 2101 2595 salubriter
2129 2544 2353 2596 mundo-
2377 2542 2710 2612 appariturae
2737 2538 2767 2578 ά
2801 2557 2816 2596 :
2848 2541 3073 2596 Mariam
3104 2557 3231 2596 vero
3256 2555 3385 2595 eruo

1801 2634 1957 2699 divit,
2000 2635 2285 2703 quomodo
2333 2633 2385 2688 in
2450 2634 2568 2702 ipsa
2615 2635 2860 2688 divinum
2906 2634 3034 2689 illud
3088 2631 3381 2687 iueﬂabilis

1801 2725 2244 2779 Deiformationis
2311 2728 2631 2797 mysterium
2669 2735 3169 2781 consummaretur.
3229 2725 3385 2782 Alius

1801 2831 2015 2891 quoque
2054 2819 2285 2889 angelus
2335 2818 2631 2889 Josephum
2662 2818 2867 2884 docuit,
2917 2832 3048 2872 vere
3078 2817 3376 2885 adimpleta

1799 2924 1941 2973 esse,
1975 2926 2097 2980 quae
2120 2910 2457 2979 progenitori
2489 2910 2606 2979 ejus
2638 2910 2803 2963 David
2832 2910 3091 2963 divinitus
3115 2908 3381 2977 promissa

1801 3001 2040 3057 fuerant.
2068 3003 2221 3057 Alius
2269 3003 2399 3056 item
2452 3004 2791 3073 pastoribus,
2828 3003 3027 3072 quippe
3048 3002 3159 3072 jam
3191 3000 3381 3056 solitu-

1799 3093 1943 3147 dinis
1977 3109 2194 3148 recessu
2221 3109 2285 3148 ac
2324 3094 2721 3162 tranquillitate
2782 3094 3048 3164 purgatis,
3103 3090 3381 3161 evangeli-

1799 3188 1945 3241 zavit
1975 3204 1989 3251 ;
2017 3201 2258 3257 cumque
2290 3188 2383 3241 illo
2434 3186 2676 3241 caelestis
2722 3187 3000 3241 exercitus
3063 3184 3377 3246 multitudo,

1800 3278 2219 3334 celeberrimum
2254 3280 2419 3334 istum
2451 3280 2873 3335 collaudationis
2931 3279 3188 3351 hymnum
3222 3276 3382 3332 terri-

1799 3372 2194 3439 genistradidit
2222 3379 2269 3426 ο.
2304 3373 2562 3439 Quinimo
2596 3374 2663 3425 ad
2682 3372 3100 3427 sublimissimas
3125 3370 3245 3424 illas
3268 3369 3380 3425 elo-

1796 3463 2052 3532 quiorum
2104 3463 2498 3521 illustrationes
2536 3466 2736 3519 mentis
2761 3464 3009 3518 obtutum
3064 3463 3376 3533 erigamus;

1797 3556 2172 3611 animadverto
2205 3558 2380 3621 enim,
2419 3560 2709 3626 ipsummet
2739 3556 2924 3611 Jesum
2955 3556 3067 3627 (qui
3098 3564 3181 3611 est
3212 3564 3375 3608 natu-

1798 3664 1986 3703 rarum
2041 3666 2207 3720 supra
2261 3652 2568 3706 cualestium
2619 3665 2786 3719 supra
2855 3658 3109 3703 naturam
3162 3645 3379 3715 auctor)
3443 3674 3449 3680 -

1796 3741 1887 3795 ubi
1915 3742 1982 3796 ad
2019 3751 2273 3796 naturam
2305 3752 2547 3797 nostram
2576 3742 2693 3796 sine
2722 3742 2803 3795 sui
2844 3740 3223 3793 immutatione
3280 3739 3379 3793 de-

1795 3835 2037 3901 scendit,
2063 3851 2187 3891 enm
2216 3850 2377 3905 quem
2425 3834 2775 3889 ordinaverat
2807 3832 3153 3904 elegeratque
3183 3832 3377 3884 huma-

1797 3930 1987 3985 nitatis
2032 3931 2283 3997 ordinem
2334 3944 2679 3998 nequaquam
2715 3927 2989 3996 refugere,
3023 3925 3157 3995 quin
3192 3923 3374 3993 potius

1794 4022 2115 4077 obedienter
2154 4036 2215 4075 se
2263 4022 2593 4075 submittere
2646 4019 2841 4073 formis
2869 4033 2897 4070 a
2924 4017 3032 4071 Deo
3087 4015 3249 4069 Patre
3275 4029 3375 4085 per

1794 4113 2017 4184 angelos
2045 4111 2256 4167 effectis
2283 4127 2299 4177 ;
2332 4126 2565 4180 quorum
2597 4109 2926 4171 ministerio,
2952 4122 2983 4159 a
3005 4106 3167 4161 Patre
3197 4105 3377 4176 dispo-

1793 4206 1897 4259 sita
1935 4204 2029 4257 lilii
2086 4204 2137 4256 in
2189 4203 2486 4274 Egyptum
2542 4202 2779 4257 recessio
2816 4215 3071 4267 ;necnou
3127 4198 3375 4267 ejusdem

1793 4312 1858 4355 ex
1893 4295 2131 4366 Λεπριο
2154 4297 2208 4350 in
2243 4296 2484 4349 Judmam
2547 4295 2819 4358 reductio,
2875 4292 3115 4361 Josepho
3152 4292 3376 4345 nuntia-

1793 4386 1957 4440 b’atur
1987 4384 2032 4439 ί.
2065 4384 2205 4451 Quin
2239 4394 2296 4439 et
2334 4400 2430 4454 per
2456 4383 2682 4453 angelos
2739 4383 2911 4452 ipsum
2971 4382 3254 4436 cernimus
3279 4395 3375 4451 pa-

1795 4477 1969 4532 ternis
2001 4477 2215 4550 legibus
2242 4468 2353 4549 39
2381 4476 2684 4546 subjectum
2721 4494 2735 4529 :
2774 4475 2968 4530 omitto
3001 4474 3144 4527 enim
3170 4472 3371 4531 dicere,

1792 4578 1979 4639 utpote
2002 4570 2344 4637 scienti,qua:
2372 4569 2740 4626 sacrosanctis
2760 4566 2963 4621 nostris
2989 4561 3376 4619 traditionibus

94 4660 188 4711 καὶ
221 4660 354 4730 περὶ
376 4658 471 4712 τοῦ
503 4660 735 4729 ἀγγέλου
761 4661 855 4714 τοῦ
886 4661 977 4716 τὸν
1016 4662 1223 4735 Ἰησοῦν
1268 4662 1568 4734 ὲνισχύσαν·

1900 4675 2049 4715 ressa
2094 4670 2220 4715 sunt
2253 4662 2320 4715 de
2346 4660 2541 4731 angelo
2567 4672 2788 4729 quoque
2811 4655 2996 4710 Jesum
3038 4653 3374 4707 conﬁrman-

92 4750 127 4821 ἢ
149 4751 233 4803 ὅτι
258 4753 357 4805 καὶ
384 4753 549 4817 αὐτὸς
575 4756 603 4806 ὁ
638 4754 864 4823 Ἰησοῦς,
912 4754 1055 4807 κατά
1082 4755 1181 4825 τὴν
1204 4756 1235 4825 ὴ
1246 4754 1363 4825 μῶν
1412 4772 1566 4807 σωστι

1917 4769 1934 4817 ς
1964 4763 2019 4807 ει
2041 4762 2099 4807 ιιι
2143 4754 2371 4821 ipsemet
2400 4751 2579 4819 Jesus,
2612 4767 2709 4819 pro
2731 4748 2951 4804 salutari
2982 4756 3165 4802 nostra
3192 4756 3379 4796 emen-

92 4842 485 4915 ἀγαθουργίαν,
512 4848 591 4909 είς
612 4848 1008 4918 ὲκφαντορικὴν
1043 4846 1314 4918 ἐληλυθὼς
1335 4844 1507 4911 τάξιν,
1545 4848 1566 4866 ”

1894 4844 2031 4910 ioue,
2070 4846 2124 4900 in
2153 4847 2443 4915 spirituum
2498 4844 3058 4900 manifestaloriornm
3116 4840 3368 4893 ordinem

70 4922 271 5003 ’τελος
292 4937 812 5009 μεγάλης-,ϐουλῆς
825 4940 1188 5011 ἀνηγόρευται
1208 4957 1219 4969 ³
1254 4940 1348 4993 καὶ⁸
1373 4938 1483 5010 γὰρ
1505 4939 1579 5002 ὡς
1594 4938 1682 4992 αὐ-

1788 4938 2078 5003 redactus,
2134 4940 2312 5007 magni
2358 4938 2571 4992 consilii
2628 4936 2861 5007 Angelus
2908 4934 3073 4989 fuerit
3127 4929 3365 5000 appella-

90 5027 180 5091 τδς
238 5030 673 5101 ἁγγελοπρεπῶς
738 5050 925 5103 φησιν,
984 5033 1085 5086 ὅσα
1143 5032 1343 5102 ἤκουσε
1391 5030 1543 5103 παρά

1906 5030 1931 5069 ιι
1967 5050 1981 5085 :
2013 5031 2240 5096 etenim,
2298 5043 2358 5086 ut
2395 5031 2509 5101 ipse
2561 5046 2660 5100 pro
2704 5029 2879 5085 nuntii
2933 5039 3159 5082 munere
3215 5020 3368 5090 dicit,

95 5117 327 5189 Πατρὸς,
366 5121 688 5191 ἀνήγγειλεν
714 5125 865 5193 ἡμῖν.

182 5404 207 5431 ο
241 5397 367 5448 Act.
412 5392 488 5459 7;
541 5391 723 5448 Galat.
772 5408 853 5447 Ill.
928 5398 954 5431 ά
988 5392 1115 5449 Luc.
1147 5409 1184 5458 ι,
1220 5394 1305 5447 l3.

1789 5138 2125 5193 quaecunque
2158 5123 2364 5177 audivit
2390 5137 2419 5176 a
2446 5122 2630 5190 Patre,
2662 5130 2787 5179 nota
2813 5120 2944 5177 fecit
2974 5118 3151 5174 nobis.

1387 5404 1410 5429 ο
1441 5392 1576 5448 Ibid.
1658 5391 1676 5431 ί
1714 5391 1906 5451 Matth.
1938 5408 1999 5449 ιι.
2083 5396 2105 5433 ε
2140 5393 2270 5448 Luc.
2301 5409 2437 5460 χχιι.
2476 5394 2565 5449 45.
2638 5391 2789 5447 hlsa.
2824 5407 2861 5446 ιι

1853 5396 1906 5451 Ιι.
1938 5408 1999 5449 ιι.
2083 5396 2105 5433 ε
2140 5393 2270 5448 Luc.
2301 5409 2437 5460 χχιι.
2476 5394 2565 5449 45.
2638 5391 2789 5447 hlsa.
2824 5407 2901 5453 Ix,
2934 5390 2967 5444 6
2996 5391 3047 5444 in
3071 5389 3326 5461 Septuag.

1348 5575 1587 5631 VARLE
1631 5576 2039 5635 LECTIONES.

155 5780 207 5864 '1
236 5782 335 5864 (illi.
368 5780 581 5864 passas
619 5800 695 5836 τε.
774 5784 817 5815 ²²
853 5784 948 5839 Ch.
978 5784 1034 5837 υ.
1070 5784 1432 5853 ἐξεπαίδευεν.
1513 5788 1558 5821 ³³
1594 5787 1654 5843 Ι).
1695 5789 1836 5864 ὑπὲρ
1858 5786 2083 5849 ταύτας.
2162 5787 2213 5818 9⁸
2246 5786 2273 5837 ὁ
2323 5786 2449 5853 Ἰητ.
2531 5780 2577 5811 ’⁵
2613 5780 2712 5834 Ch.
2760 5774 2892 5830 ἀλλὰ
2945 5773 3039 5829 καὶ
3093 5767 3369 5833 εὐπειθῶς

103 5852 139 5883 ⁸⁸
170 5851 229 5906 D.
271 5851 679 5908 ὑκᾱτυπὼσεσι.
