3734 6318
410 243 515 302 137

1580 266 1637 321 S.
1679 267 1980 325 DIONYSII
2014 271 2477 329 AREOPAGITE

3591 281 3683 336 188

1507 420 1995 483 PARAPHRASIS
2026 429 2473 486 PACHYMERAS
2506 433 2602 493 (9).

483 515 511 588 §
550 518 587 573 I.
630 518 946 580 Hicrarchia
976 528 1089 596 ipsa
1118 533 1266 586 omni
1316 543 1370 590 et
1413 538 1691 607 universa,
1721 543 1837 598 sive
1872 560 1888 598 (

2161 546 2189 617 §
2252 547 2292 601 Ι.
2332 548 2443 619 Τῆς
2496 548 2776 620 ίεραρχίας
2822 547 2995 618 αὐτῆς
3054 548 3268 620 ἁπάσης
3316 552 3414 603 καὶ
3471 551 3681 604 καθολι-

409 609 596 663 lestem
659 615 883 679 dixeris,
940 620 1055 674 sive
1111 635 1380 694 nostram,
1429 640 1576 684 recte
1619 633 1863 701 quidem,
1922 647 1983 690 ut

404 706 677 769 existimo,
714 708 843 776 quid
874 712 969 774 sit,
996 729 1095 782 pro
1123 718 1541 789 philosophandi
1574 726 1795 782 modulo
1845 728 1984 783 deﬁ-

402 794 664 863 nita,.age
716 815 861 853 nunc
900 804 1225 872 angelicam,
1256 824 1484 881 eamque
1532 814 1725 877 solam,
1756 826 1813 869 ut
1862 833 1983 873 sese

381 883 587 951 .habet,
624 886 990 948 hierarcliiam
1043 897 1358 968 indagemus
1405 914 1458 959 et
1502 905 1802 973 discamus,
1839 913 1983 981 quod

398 975 585 1045 utique
613 978 666 1031 in
700 984 948 1038 auctoris
977 1001 1166 1042 eorum
1205 991 1296 1047 Dei
1324 993 1537 1048 laudem
1566 998 1733 1051 cedit.
1763 998 1896 1054 Nam
1935 1000 1981 1054 si

394 1067 559 1121 etiam
590 1083 656 1123 ex
689 1073 1005 1131 hominibus
1035 1083 1275 1142 cognitio
1304 1083 1396 1139 Dei
1456 1087 1802 1153 miriﬁcatur,
1822 1090 1980 1159 juxta

394 1158 524 1212 illud
553 1174 569 1213 :
601 1158 866 1215 Mirabilt's
890 1163 1033 1233 facta
1050 1179 1127 1220 est
1147 1167 1363 1221 scientia
1386 1180 1478 1226 tua
1502 1192 1567 1229 ex
1587 1194 1667 1231 me
1683 1188 1746 1241 υτ
1774 1158 1983 1250 quanto

393 1249 591 1316 magis,
623 1265 742 1319 quac
773 1267 938 1321 supra
974 1255 1305 1326 principium
1334 1270 1437 1328 est,
1463 1263 1723 1321 divinitas
1764 1272 1980 1341 magni-

393 1336 656 1393 licabitur
687 1350 741 1395 et
764 1343 1131 1400 celebrabitur
1163 1349 1217 1403 in
1248 1365 1315 1405 eo
1345 1354 1487 1420 quod
1514 1355 1582 1411 de
1612 1360 1823 1429 angelis
1842 1336 1978 1416 e'on-

390 1432 761 1500 templamur?
807 1434 1006 1492 Verum
1065 1455 1173 1494 non
1216 1445 1588 1517 sensibililms,
1632 1452 1725 1507 sed
1784 1468 1981 1522 super-

389 1524 761 1582 nnmdialibus
786 1538 839 1584 et
857 1529 1270 1590 intellectilibus
1287 1539 1484 1605 oculis,
1507 1551 1565 1595 ut
1591 1558 1691 1612 per
1715 1548 1980 1617 mysticas

388 1616 657 1687 imagines
682 1620 735 1673 in
763 1621 1063 1692 Scripturis
1099 1642 1415 1696 expressas,
1444 1634 1511 1688 ad
1537 1651 1724 1692 eorum
1761 1641 1976 1710 simpli-

386 1707 611 1763 citatem
674 1713 1032 1775 adducantur.
1084 1721 1367 1792 Siquidem
1426 1729 1677 1785 audimus
1721 1732 1773 1786 in
1821 1735 1973 1789 Scri-

384 1803 562 1869 pturis
590 1804 756 1861 boves
782 1818 838 1862 et
862 1810 1071 1877 leones,
1103 1816 1349 1888 aliasque
1401 1822 1664 1890 quasdam
1695 1830 1975 1895 composi-

2091 640 2212 711 κῆς,
2242 640 2347 694 κᾶν
2387 642 2486 713 τὴν
2534 639 2789 712 οὐρανίαν
2836 640 3030 705 εῖποις,
3065 641 3166 695 κᾶν
3204 644 3302 713 τὴν
3352 645 3483 698 καθ’
3519 647 3678 716 ἡμᾶς,

2088 730 2418 802 ὁρισθείσης,
2454 731 2636 795 καλῶς
2670 732 2745 795 ὡς
2768 732 3138 803 ὑπολαμϐάνω
3165 736 3305 790 κατὰ
3340 737 3679 807 μετριασμέον

2091 820 2397 891 φιλόσοφον,
2428 822 2481 874 τί
2526 824 2661 888 ἐστι,
2708 823 2841 895 φέρε
2870 824 2991 896 τὴν
3052 827 3373 898 ἀγγελικὴν,
3404 829 3542 897 τόγε
3592 829 3677 881 νῦν

2086 913 2231 983 ἕχον,
2281 915 2557 986 ἱεραρχίαν
2590 916 2683 969 καὶ
2708 917 2873 989 μόνην
2892 917 3214 991 ζητήσωμεν
3227 922 3318 974 καὶ
3336 922 3629 992 μάθωμεν,
3652 924 3677 975 ὁ

2089 1003 2153 1074 δὴ
2180 1003 2349 1074 ὕμνος
2377 1006 2494 1057 ἐστὶ
2528 1006 2664 1077 πρὸς
2691 1006 2783 1061 τὸν
2830 1011 3132 1080 ποιήσαντα
3178 1011 3381 1075 ταύτας
3412 1012 3571 1065 Θεόν.
3618 1014 3676 1066 Εἰ

2086 1093 2195 1163 γὰρ
2227 1096 2321 1147 καὶ
2347 1096 2411 1147 ὲκ
2439 1094 2549 1147 τῶν
2570 1096 2872 1168 ἀνθρώπιον
2900 1099 3306 1170 θαυμαστοῦται
3341 1105 3374 1174 ἡ
3412 1103 3513 1155 τοῦ
3541 1104 3675 1157 Θεοῦ

2083 1184 2304 1253 γνῶσις,
2355 1186 2596 1240 κατὰτὸ·
2646 1188 3106 1259 Ἔθαυμαστώθη
3138 1193 3176 1261 ἡ
3202 1192 3427 1262 γνῶσίς
3460 1211 3584 1249 σου
3616 1192 3676 1260 ἐξ

2081 1276 2248 1346 ἐμοῦ
2279 1277 2429 1347 πόσῳ
2463 1295 2526 1347 γε
2563 1279 2760 1349 μᾶλλον
2799 1281 3260 1354 μεγαλυνθήσεται
3288 1286 3383 1339 καὶ
3433 1286 3674 1358 ὑμνηθή-

2085 1384 2236 1420 σεται
2271 1370 2305 1437 ή
2338 1370 2669 1441 ὑπεράρχιος
2703 1372 2913 1443 θεότης,
2945 1375 3003 1427 ὲν
3031 1368 3076 1442 ᾧ
3123 1378 3249 1448 περὶ
3279 1376 3388 1429 τῶν
3417 1379 3671 1447 ἀγγέλων

2087 1457 2428 1530 θεωροῦμενς
2463 1463 2599 1515 Ἀλλ’
2622 1464 2721 1516 οὐκ
2752 1464 3457 1540 αίσθητοῖς,ὑπερκοσμίοις
3485 1470 3544 1523 δὲ
3578 1473 3671 1524 καὶ

2079 1553 2291 1621 νοητοῖς
2323 1552 2639 1625 ὀφθαλμοῖς⁸
2675 1556 2823 1620 ὅπως
2877 1557 2966 1611 διὰ
3009 1557 3120 1612 τῶν
3172 1561 3228 1614 ὲν
3256 1564 3376 1625 ταῖς
3419 1562 3461 1614 Γ
3467 1567 3672 1634 pugni;

2080 1646 2361 1716 μυστικῶν
2394 1648 2789 1719 είκονισμάτων
2852 1651 3176 1724 ἀναχθῶμεν
3206 1655 3287 1718 είς
3316 1656 3415 1727 τὴν
3456 1658 3670 1711 τούτων

2081 1738 2377 1808 ἁπλότητα.
2426 1738 2721 1812 Ἀκούομεν
2757 1741 2867 1813 γὰρ
2901 1745 2957 1796 ἐν
2989 1747 3109 1809 ταῖς
3138 1747 3380 1818 Γραφαῖς
3407 1747 3540 1819 βοῦς
3571 1753 3669 1803 καὶ

2078 1828 2316 1894 λέοντας,
2364 1832 2456 1885 καὶ
2501 1832 2694 1905 ἐτέρας
2741 1835 3020 1900 συνθέσεις
3046 1837 3218 1903 τινὰς,
3264 1838 3330 1903 ἃς
3362 1841 3426 1912 δὴ
3471 1842 3552 1913 τῷ
3585 1846 3665 1896 νοῒ

386 1895 587 1961 tiones,
642 1914 777 1966 quas
828 1902 953 1957 dum
999 1918 1180 1961 mente
1225 1912 1617 1980 pervolvimus,
1666 1920 1888 1972 secundi

2121 1923 2556 1994 αραπέμποντες.
2592 1895 2732 1979 κατὰ
2755 1928 2855 1998 τὴν
2886 1895 3092 1982 οἰκείαν
3120 1895 3233 1996 ἕξιν
3270 1895 3535 2003 ἀὲιοῖίμεν
3562 1938 3665 1989 αὐ-

382 1988 661 2053 proprium
718 1990 965 2049 habitum
1015 2001 1238 2054 easdem
1295 2006 1756 2064 consideramus:
1799 2019 1967 2080 atque

366 2078 454 2131 vita
487 2083 633 2147 quod
672 2097 833 2140 sensu
870 2093 1226 2160 compositum
1272 2106 1375 2160 est,
1405 2098 1466 2151 lit
1495 2110 1676 2156 mente
1707 2104 1963 2172 simplex,

377 2179 544 2241 atque
579 2174 941 2234 hierarchicre
968 2183 1273 2252 disciplina:
1307 2198 1522 2253 auctor,
1547 2192 1760 2247 scilicet
1796 2196 1960 2263 Deus,

377 2262 687 2333 gratiarum
753 2271 1089 2337 actionibus,
1160 2283 1613 2338 caremoniarum
1678 2286 1960 2344 Conditori

365 2361 841 2430 competentibus,
891 2367 1158 2425 mirabilis
1203 2373 1551 2439 praedicatur.
1595 2378 1963 2446 Quemadmo-

377 2448 504 2502 dum
550 2451 695 2505 euim
726 2468 819 2507 rex
866 2456 1046 2512 verbis
1098 2461 1284 2531 regiis,
1331 2480 1452 2533 qua:
1505 2468 1764 2524 nimirum
1800 2475 1962 2545 regite

372 2537 627 2600 dignitati
660 2553 995 2611 competunt,
1051 2551 1463 2621 magnilicatur;
1496 2558 1571 2612 ita
1602 2575 1817 2632 quoque
1862 2537 1962 2619 ua-

377 2640 511 2683 mira:
540 2633 639 2698 illi,
671 2649 794 2703 qua:
822 2636 961 2693 ritus
1011 2656 1197 2698 saeros
1246 2646 1513 2716 instituit,
1551 2656 1734 2710 verbis
1778 2658 1953 2711 ritua-

371 2719 516 2774 libus
547 2722 649 2791 ipsi
691 2730 1137 2796 cOngruentibns,
1170 2736 1357 2804 gratia:
1406 2740 1737 2800 referuntur.

441 2813 685 2870 Primum
720 2830 900 2875 autem
926 2825 1167 2878 omnium
1214 2832 1511 2886 secundum
1548 2838 1836 2894 veritatem
1870 2843 1956 2898 di-

356 2907 566 2975 cimus,
601 2925 669 2964 ne
724 2912 848 2982 quis
902 2916 1163 2972 virtutum
1205 2922 1432 2979 audiens
1491 2933 1951 3005 magnitudinem,

278 3020 281 3023 -
366 3015 531 3069 supra
581 3015 865 3062 creaturas
933 3023 1027 3065 eas
1080 3024 1317 3082 reputet.
1370 3017 1640 3087 Dicimus,
1701 3025 1951 3099 inquam,

296 3146 302 3155 _
369 3095 468 3149 has
498 3114 689 3155 omnes
719 3101 891 3157 Deum
922 3105 1189 3172 bonitate,
1226 3126 1335 3165 non
1362 3117 1718 3185 necessitate,
1761 3123 1950 3177 condi-

364 3187 516 3243 disse
563 3208 578 3243 :
625 3193 892 3261 siquidem
950 3196 1053 3250 hoc
1099 3203 1344 3257 auctoris
1393 3206 1636 3261 omnium
1681 3219 1737 3264 et
1787 3226 1953 3280 super

364 3281 549 3334 omnia
597 3282 692 3337 Dei
745 3286 1010 3344 bonitatis
1035 3295 1313 3362 pr0prium
1346 3306 1449 3360 est,
1479 3299 1547 3354 ad
1587 3302 1669 3356 sui
1700 3316 1947 3359 commu-

366 3371 583 3425 nionem
611 3390 673 3428 ea
706 3390 826 3443 qua:
850 3382 1121 3436 exsistunt
1148 3384 1569 3456 invitare,juxta
1608 3395 1935 3462 capacitatis

364 3463 630 3533 cujusque
664 3468 1058 3529 deﬁnitionem.
1107 3476 1243 3532 Nam
1289 3495 1355 3534 ea
1409 3483 1619 3541 ratione
1664 3500 1772 3555 qua
1804 3487 1935 3556 quid

362 3562 470 3620 est,
492 3557 733 3613 divinum
761 3576 974 3632 quoque
996 3563 1209 3622 Numen
1237 3571 1569 3641 participat;
1604 3586 1663 3630 ut
1700 3578 1743 3632 si
1763 3578 1940 3634 inani-

363 3656 567 3701 matum
593 3651 683 3717 sit,
707 3656 989 3711 eutitatem
1019 3658 1396 3729 solambabet;
1418 3666 1501 3719 sin
1527 3668 1748 3735 animal,
1768 3673 1933 3727 etiam

363 3735 532 3805 ipsam
587 3742 786 3809 vitam;
834 3747 919 3799 sitt
955 3763 1084 3803 vero
1129 3751 1292 3805 etiam
1343 3755 1619 3826 particeps
1678 3763 1934 3832 rationis,

362 3833 731 3889 ratiocinandi
780 3848 836 3892 et
879 3839 1601 3915 intelligendi.facultatem;
1641 3854 1717 3907 uti
1757 3855 1810 3908 in
1849 3857 1941 3913 de-

363 3940 531 3981 cursu
562 3932 776 3984 astruit.
801 3931 1145 4005 Quacunque
1172 3938 1338 4009 igitur
1374 3943 1673 4010 exsistunt,
1701 3947 1937 4005 divinam

359 4020 693 4089 participant
715 4026 1114 4093 providentiam
1142 4045 1209 4084 ex
1254 4038 1697 4101 superessentiali
1726 4039 1938 4099 Deitate

357 4125 793 4179 promanautem.
851 4118 957 4190 43
1017 4121 1152 4175 llinc
1197 4127 1344 4179 enim
1379 4168 1395 4193 ,
1474 4131 1654 4202 inquit
1721 4133 1936 4207 Grego-

358 4202 471 4255 rius
496 4201 825 4276 Theologus,
854 4210 1053 4266 bonum
1073 4214 1296 4271 dill‘undi
1321 4201 1646 4289 oportebat:
1677 4201 1932 4297 quoniam

354 4294 557 4348 malum
593 4313 771 4367 neque
787 4302 1197 4361 subsistentiam
1228 4310 1416 4377 habet,
1444 4330 1618 4385 neque
1653 4321 1931 4378 exsisten-

353 4386 519 4454 tiam;
546 4392 984 4464 quandoquidem
1020 4399 1114 4454 Dei
1144 4418 1250 4456 non
1303 4407 1376 4459 sit
1403 4410 1700 4480 particeps,
1726 4429 1926 4473 secun-

353 4485 481 4534 dum
517 4483 735 4539 habitus
759 4490 1117 4556 privationem
1151 4510 1447 4565 apparens,
1478 4506 1570 4556 sed
1613 4520 1714 4561 nec
1745 4523 1932 4564 exem-

2065 2013 2165 2076 τὰς
2216 2016 2438 2068 ἐννοεῖν·
2504 2017 2600 2069 καὶ
2649 2017 2823 2083 οὕτως
2864 2019 2925 2072 τὸ
2977 2020 3225 2075 σύνθετον
3273 2027 3339 2094 τῇ
3384 2025 3662 2097 αἰσθήσει,

2069 2105 2275 2160 ἁπλοῦν
2299 2108 2376 2179 τῷ
2418 2107 2499 2162 νοτ
2527 2110 2756 2178 γίνεται’
2789 2111 2883 2165 καὶ
2912 2112 3249 2184 θαυμάζεται
3292 2118 3323 2188 ἡ
3360 2120 3514 2172 αἰτία
3558 2121 3662 2190 τῆς

2070 2198 2391 2270 ίεραρχικῆς
2425 2202 2753 2274 ἐπιστήμης,
2801 2205 2967 2275 ἡγουν
2996 2209 3025 2259 ό
3063 2206 3216 2273 Θεὸς,
3247 2210 3303 2261 ὲν
3338 2211 3661 2283 τελεταρχιο

2069 2294 2196 2354 καῖς
2224 2292 2318 2345 καὶ
2352 2295 2757 2365 προσηκούσαις
2807 2298 3197 2369 εὐχαριστίαις.
3242 2301 3328 2364 Ὦς
3359 2302 3470 2374 γὰρ
3499 2308 3529 2358 ό
3556 2305 3656 2374 βα-

2064 2381 2241 2445 σιλεὺς
2275 2382 2569 2453 βασιλικοῖς
2605 2387 2803 2456 λόγοις,
2855 2388 3021 2441 οἱονεὶ
3064 2392 3131 2462 τῇ
3181 2390 3424 2464 βασιλείᾳ
3479 2411 3656 2466 προσ-

2061 2474 2275 2545 ήκουσι,
2317 2476 2676 2546 μεγαλύνεται
2701 2495 2716 2509 °
2748 2479 2890 2534 οὕτω
2918 2483 3011 2535 καὶ⁴
3130 2482 3443 2556 τελετάρχις
3468 2487 3653 2553 οὐσία,

2061 2566 2242 2637 λόγοις
2270 2568 2677 2642 τελεταρχικοίς
2711 2574 3133 2645 εὐχαριστεῖται.

2132 2835 2361 2907 Πρῶτον
2390 2837 2437 2892 δ’
2463 2837 2719 2892 ἁπάντων
2741 2841 2915 2894 ἐκεῖνο
2945 2840 3197 2914 λέγομεν,
3223 2846 3338 2901 κατ’
3361 2845 3646 2918 ἀλήθειαν,

2058 2928 2146 2981 ἵνα
2166 2929 2262 3000 μὴ,
2289 2930 2528 2995 ἀκούσας
2548 2949 2634 2996 τις
2651 2934 2713 2987 τὸ
2733 2934 2841 2987 τῶν
2867 2935 3149 3007 δυνάμεων
3174 2940 3477 3010 μεγαλεῖον,
3506 2942 3648 3014 ὑπὲρ

2054 3019 2125 3072 τὰ
2159 3022 2435 3092 κτίσματα
2480 3023 2753 3093 λογίσαιτο
2791 3027 3009 3092 ταύτας.
3038 3030 3284 3103 Λέγομεν
3315 3033 3520 3101 τοίνυν,
3564 3037 3644 3089 ὅτι

2057 3111 2231 3173 πάσας
2265 3113 2435 3177 αὑτὰς
2466 3115 2892 3186 ἀγαθότητι,καὶ
2905 3119 3157 3193 οὑχρείᾳ,
3187 3124 3215 3175 ὁ
3237 3122 3367 3187 Θεὸς
3398 3125 3644 3196 ὑπέστη-

2057 3219 2167 3255 σεν·
2211 3203 2455 3277 ἔστιγὰρ
2477 3206 2636 3259 τοῦτο
2675 3208 2774 3278 τῆς
2803 3210 3138 3282 ἀγαθότητος
3184 3212 3335 3277 ἴδιον,
3363 3215 3458 3268 τοῦ
3506 3217 3640 3272 Θεοῦ

2051 3295 2151 3367 τῆς
2174 3295 2392 3351 πάντων
2419 3298 2598 3363 αἰτίας
2628 3303 2723 3355 καὶ
2751 3304 2893 3377 ὑπὲρ
2916 3306 3113 3368 πάντα,
3141 3306 3201 3359 τὸ
3239 3309 3374 3379 πρὸς
3404 3314 3641 3381 μετοχὴν

2051 3388 2248 3461 ἑαυτῆς
2272 3390 2340 3443 τὰ
2359 3392 2665 3447 ὑποστάντα
2709 3396 2912 3460 καλεῖν,
2944 3397 3084 3450 κατὰ
3105 3398 3195 3452 τὸν
3216 3400 3313 3471 τῆς
3345 3401 3635 3471 ἀναλογίας

2050 3479 2283 3533 ἑκάστου
2307 3481 2603 3553 διορισμόν.
2649 3484 2946 3556 Ἀναλόγως
2973 3488 3081 3561 γὰρ
3111 3490 3290 3554 καθώς
3321 3494 3437 3545 ἐστι
3468 3494 3534 3545 τὸ
3556 3494 3634 3559 ὃν,

2048 3570 2189 3622 κατὰ
2236 3570 2397 3624 τοῦτο
2431 3573 2652 3627 καὶτοῦ
2686 3576 2842 3629 Θείου
2898 3579 3134 3648 μετέχειν
3184 3581 3233 3631 εί
3275 3580 3369 3649 μὲν
3426 3583 3634 3653 ἄψυχόν

2046 3660 2182 3726 ἐστι,
2215 3661 2315 3733 τὴν
2345 3662 2605 3733 ὀντότητα
2630 3664 2796 3736 μόνην
2826 3665 2957 3737 ἔχει·
2994 3668 3042 3720 εί
3072 3667 3128 3721 δὲ
3156 3666 3315 3731 ζῶον,
3346 3670 3441 3721 καὶ
3461 3672 3633 3743 αὐτὴν

2044 3752 2143 3824 τὴν
2168 3751 2335 3826 ζωήν
2372 3756 2420 3807 εί
2449 3754 2507 3809 δὲ
2552 3758 2647 3809 κοιλ⁸
2686 3757 2920 3825 λογικὸν,
2958 3760 3051 3812 καὶ
3081 3759 3211 3812 αὐτὸ
3242 3760 3302 3813 τὸ
3331 3759 3549 3830 λογικόν
3572 3782 3629 3817 τε

2044 3847 2139 3900 καὶ
2195 3849 2403 3921 νοερὸν,
2469 3848 2654 3913 καθὼς
2692 3850 3045 3922 παρακατιὼν
3088 3853 3286 3924 τίθησι.
3326 3855 3515 3909 Πάντα
3562 3856 3630 3911 τὰ

2043 3941 2171 3994 ὄντα
2214 3943 2395 3996 τοίνυν
2472 3946 2688 4017 μετέχει
2738 3948 2834 4019 τῆς
2882 3946 3032 4011 θείας
3087 3948 3363 4019 προνοίας,
3415 3953 3478 4003 ὲκ
3526 3952 3628 4021 τῆς

2042 4034 2367 4105 ὑπερουσίου
2406 4034 2659 4106 θεότητος
2708 4037 3053 4108 ἐκχεομένης.
3102 4038 3197 4092 Ἐκ
3245 4040 3436 4093 τούτου
3493 4042 3623 4115 γὰρ,

2039 4124 2186 4192 λέγει
2238 4126 2332 4178 καὶ
2367 4128 2396 4179 ό
2436 4127 2696 4196 Θεολόγος
2743 4129 2782 4180 Γ
2790 4130 3059 4201 ρηγόριος,
3095 4131 3208 4185 ἀλλ’
3239 4132 3346 4185 ἔδει
3398 4133 3623 4205 χεθῆναι

2039 4217 2100 4269 τὸ
2135 4218 2360 4285 ἀγαθόν·
2395 4218 2535 4272 ὥστε
2584 4221 2953 4275 ἀνυπόστατον
2994 4223 3055 4276 τὸ
3088 4226 3254 4279 κακὸν
3288 4227 3381 4279 καὶ
3421 4226 3494 4298 μὴ
3539 4229 3621 4280 ὃν·

2038 4309 2224 4380 ἐπειδὴ
2260 4311 2332 4381 μὴ
2371 4311 2588 4381 μετέχει
2624 4313 2717 4366 τοῦ
2761 4314 2918 4377 Θεοῦ,
2962 4314 3102 4368 κατὰ
3153 4315 3405 4388 στέρησιν
3456 4318 3623 4385 ἕξεως

2040 4400 2379 4470 φαινόμενον,
2415 4400 2530 4453 ἀλλ’
2570 4402 2630 4454 οὐ
2687 4403 2791 4456 κᾶν
2822 4404 2882 4457 τὸ
2923 4405 3312 4477 πρωτοτύπως,
3360 4408 3436 4478 μὴ
3469 4409 3530 4461 ὃν
3564 4412 3622 4463 ὲν

2036 4492 2212 4563 οὐσίᾳ.
2245 4491 2370 4556 Πῶς
2404 4493 2512 4566 γὰρ
2542 4494 2609 4548 ἂν
2640 4490 2708 4567 ἦν
2748 4514 2800 4549 τι
2833 4496 2912 4563 ὃν,
2944 4500 2993 4549 εἰ
3024 4497 3097 4569 μὴ
3132 4502 3343 4569 μετεῖχε
3381 4500 3482 4570 τῆς
3510 4502 3621 4553 τῶν

352 4573 579 4642 plariter
602 4576 655 4629 in
696 4583 935 4634 essentia
966 4586 1256 4640 exsisteus.
1289 4587 1571 4655 Quomodo
1595 4598 1737 4652 enim
1768 4601 1888 4669 quid

2121 4602 2206 4637 :wv
2252 4587 2475 4652 οὐσίας;
2514 4588 2679 4641 Ὄντα
2730 4589 2786 4642 δὲ
2832 4589 3063 4644 ἐνταῦθα
3110 4591 3253 4660 λέγει
3304 4593 3403 4665 τὴν
3456 4594 3620 4662 ἁγίαν

338 4682 514 4734 .quam
546 4678 688 4736 erat,
739 4672 785 4724 si
836 4688 1019 4729 rerum
1062 4682 1354 4736 essentiam
1384 4700 1728 4759 nequaquam
1763 4695 1933 4762 parti-

347 4758 600 4827 cipabat?
627 4763 985 4821 Exsistentem
1007 4779 1189 4824 autem
1220 4786 1379 4830 vocat
1411 4777 1497 4833 hic
1519 4758 1923 4842 sanctissimam

350 4847 710 4921 Trinitatem;
746 4872 867 4924 qua:
920 4876 1042 4915 cum
1096 4881 1279 4919 rerum
1303 4881 1638 4928 .creatarum
1670 4877 1739 4931 sit
1766 4895 1927 4934 crea-

348 4940 480 5005 trix,
520 4954 575 4997 et
604 4946 959 5016 principium,
991 4960 1045 5005 et
1080 4968 1268 5022 causa,
1314 4958 1384 5010 ab
1414 4960 1479 5013 iis
1517 4961 1651 5031 ipsis
1682 4981 1801 5032 qua:
1837 4982 1933 5036 per

346 5031 518 5099 ipsam
548 5034 603 5088 in
629 5036 804 5092 lucem
836 5041 1181 5110 prodierunt,
1216 5048 1538 5119 participari
1570 5031 1791 5108 dicitur.

417 5124 547 5193 Qua:
596 5128 779 5197 itaque
809 5132 1112 5188 inanimata
1146 5149 1273 5191 sunt
1307 5142 1490 5195 omnia
1514 5183 1530 5209 ,
1579 5158 1703 5197 cum
1740 5148 1917 5201 solum

343 5220 473 5286 sint,
512 5225 849 5293 participant
896 5227 1142 5283 divinum
1178 5230 1385 5288 Numen
1433 5241 1740 5296 secundum
1774 5258 1918 5307 esse,

343 5328 661 5382 quanquam
703 5334 870 5390 supra
917 5324 1050 5378 illud
1095 5342 1221 5381 esse
1265 5330 1337 5383 sit
1382 5331 1596 5387 Numen
1638 5335 1764 5401 Dei;
1801 5354 1923 5405 quia:

345 5420 476 5461 vero
512 5407 729 5475 vivunt,
782 5427 1149 5485 praeterquam
1185 5425 1329 5490 quod
1363 5428 1696 5496 participent
1722 5432 1924 5484 entita-

348 5507 497 5566 tem,
538 5502 648 5555 vim
695 5520 915 5575 quoque
959 5510 1233 5568 viviﬁcam
1287 5531 1353 5570 ac
1398 5518 1637 5574 divinam
1690 5524 1923 5592 partici-

448 5628 487 5654 ⁸
519 5621 661 5675 Psal.
707 5641 973 5691 cxxxvm,
1023 5630 1078 5685 6.

416 5720 492 5787 (ιη
532 5716 662 5774 Vide
691 5723 819 5777 Sch.
854 5723 911 5781 S.
949 5725 1089 5782 Max.
1139 5737 1183 5782 t.
1210 5731 1275 5799 ll,
1300 5748 1349 5784 (ξ.
1382 5731 1432 5786 4.

2043 4677 2270 4748 Τριάδα,
2300 4679 2422 4749 ἥτις
2449 4680 2558 4733 τῶν
2580 4680 2814 4734 κτιστῶν
2843 4678 2975 4735 οὖσα
3006 4683 3352 4754 δημιουργὸς,
3384 4688 3477 4739 καὶ
3528 4688 3619 4759 ἀρ-

2035 4772 2126 4842 χὴ,
2160 4772 2253 4824 καὶ
2295 4772 2461 4837 αἰτία,
2498 4773 2556 4840 ἐξ
2589 4774 2767 4827 αὐτῶν
2796 4773 2904 4827 τῶν
2948 4776 3075 4847 παρ’
3108 4775 3277 4847 αὐτῆς
3301 4778 3383 4839 είς
3428 4779 3617 4833 οὐσίαν

2035 4864 2298 4917 ἐλθόντων
2332 4865 2653 4937 μετέχεσθαι
2676 4867 2912 4935 λέγεται.

2110 5168 2192 5221 Τὰ
2230 5169 2326 5238 μὲν
2361 5164 2451 5222 οὖν
2483 5170 2664 5239 ἄψυχα
2715 5170 2924 5235 πάντα,
2966 5168 3087 5222 ἐπεὶ
3122 5169 3277 5239 μόνον
3303 5166 3435 5218 ὅντα
3472 5165 3607 5224 εἰσὶ,

2036 5258 2253 5327 μετέχει
2274 5257 2369 5311 τοῦ
2393 5258 2551 5311 Θείου
2592 5258 2732 5312 κατὰ
2772 5259 2833 5313 τὸ
2880 5256 3019 5312 εἶναι
3056 5259 3149 5312 καὶ
3170 5256 3303 5311 καθό
3329 5258 3472 5319 είσι,
3508 5255 3608 5309 κᾶν

2032 5348 2125 5400 καὶ
2150 5347 2289 5419 ὑπὲρ
2312 5349 2372 5401 τὸ
2413 5345 2550 5401 εἷναί
2577 5350 2691 5401 ἐστι
2721 5348 2782 5403 τὸ
2822 5348 2976 5403 Θεῖον
2996 5366 3009 5379 ’
3038 5348 3106 5401 τὰ
3128 5348 3184 5400 δὲ
3217 5347 3395 5448 gmw-iu
3413 5386 3430 5410 ,
3476 5345 3610 5448 πρὸς

2028 5438 2107 5508 τῷ
2152 5440 2397 5510 μετέχειν
2420 5440 2514 5493 τοῦ
2548 5437 2683 5493 εἶναι
2703 5480 2718 5504 ,
2764 5442 3049 5513 μετέχουσι
3093 5441 3187 5494 καὶ
3215 5439 3317 5509 τῆς
3343 5437 3607 5502 Conamen

2040 5528 2133 5580 καὶ
2182 5528 2333 5595 θείας
2367 5532 2681 5602 δυνάμεως,
2713 5534 2760 5585 εἰ
2796 5536 2887 5588 καὶ
2917 5534 3058 5605 ὑπὲρ
3084 5534 3261 5586 πᾶσαν
3288 5529 3435 5602 ζωήν
3470 5532 3605 5583 ἐστι’
