3734 6334
112 334 242 389 ’189

635 335 723 389 DE
756 335 1080 392 C(ELESTI
1116 335 1557 405 IIIERARCHIA,
1593 338 1763 395 CAP;
1786 328 1873 397 IV.
1932 374 1998 383 —
2030 344 2379 401 PARAPHR.
2418 343 2890 401 PACHYMERIE.

3295 350 3399 398 1υις

125 453 205 506 τὰ
229 452 289 505 δὲ
316 451 527 522 λογικὰ,
570 453 714 525 ἅπερ
740 454 907 523 ἐσμὲν
940 454 1127 525 ἡμεῖς,
1156 454 1250 509 καὶ
1276 456 1457 527 νοερὰ,
1490 458 1639 529 ἅπερ
1672 461 1721 510 οἱ

1900 470 1992 522 nt,
2022 442 2267 513 tametsi
2329 460 2444 514 lucc
2494 476 2711 530 quoque
2758 477 2920 529 supra
2972 477 3188 517 onmem
3235 464 3403 518 vitam

125 545 383 615 ἄγγελοι,
410 546 694 617 μετέχουσι
720 548 818 617 τῆς
841 547 1163 611 αὐτοτελοῦς
1192 548 1410 617 σοφίας·
1436 549 1595 603 τοῦτο
1616 552 1723 623 γάρ

126 640 256 691 ἐστι
286 639 447 707 λόγος
483 640 579 692 καὶ¹
612 639 795 709 νόησις
825 639 918 692 τοῦ
961 641 1095 694 Θεοῦ
1116 682 1130 704 ,
1185 643 1288 696 κᾶν
1322 641 1416 697 καὶ
1459 643 1601 715 ὑπὲρ
1631 643 1723 697 τὸν

124 730 296 798 λόγον
323 733 417 785 καὶ
441 730 564 783 νοῦν
587 733 703 783 ἐστι
733 731 925 786 ταῦτα.
948 732 1291 805 Ποριζόμεθα
1322 737 1499 789 τοίνυν
1524 739 1587 790 ὲκ
1608 737 1725 789 τού-

124 841 265 886 των,
293 824 374 875 ὃτι
398 823 466 876 τὰ
490 823 651 894 νοερὰ
676 824 893 887 πάντως
914 826 992 896 τῷ
1021 825 1139 897 Θεῷ
1163 826 1524 896 πλησιάζουσι
1543 846 1556 858 ο
1589 847 1720 900 νιετ-

127 913 325 983 ἑχουσι
377 913 487 985 γὰρ
525 913 689 968 αὑτοῦ
725 916 1009 985 πολλαχῶς
1041 918 1134 970 καὶ
1167 917 1310 971 κατὰ
1333 918 1394 972 τὸ
1421 916 1558 973 εῖναι
1579 960 1594 983 ,
1631 923 1723 974 καὶ

127 1004 281 1056 κατὰ
317 1004 376 1057 τὸ
401 1004 532 1075 ζῇν,
571 1007 666 1059 καὶ
700 1005 844 1059 κατά
868 1006 929 1060 τὸ
951 1006 1147 1077 λογικὰ
1186 1005 1345 1075 εἶναι,
1381 1012 1474 1065 καὶ
1512 1012 1591 1065 ἔτι
1628 1016 1725 1068 καὶ

124 1098 320 1168 νοερὰ.

206 1369 236 1441 §
273 1370 333 1425 ll.
373 1372 438 1424 Al
469 1372 600 1441 γοῦν
626 1375 779 1442 ἆγιαι
807 1377 899 1428 καὶ
924 1376 1173 1447 οὐράνιαι
1200 1377 1722 1450 διακοσμήσεις,οκαὶ

124 1464 278 1534 ὑπὲρ
311 1464 379 1517 τὰ
409 1465 584 1535 μόνως
607 1467 735 1521 ὄντα
766 1469 834 1521 τὰ
869 1467 1083 1539 ἄψυχα,
1120 1472 1213 1523 καὶ
1246 1471 1387 1543 ὑπὲρ
1413 1472 1480 1525 τὰ
1512 1473 1721 1541 ἀλόγως

123 1556 315 1620 ζῶντα
338 1598 352 1620 ,
384 1558 476 1610 καὶ
502 1559 642 1631 ὑπὲρ
673 1560 743 1613 τὰ
778 1559 900 1613 καθ’
926 1562 1073 1631 ἡμᾶς
1115 1562 1307 1631 λογικὰ
1337 1564 1465 1628 τοὺς
1508 1564 1719 1635 ἀνθρώ-

125 1666 301 1711 πούς·
325 1649 396 1701 τὰ
423 1651 520 1719 μὲν
542 1652 652 1723 γὰρ
676 1652 872 1723 μόνως,
896 1653 964 1706 τα
985 1653 1042 1705 δὲ
1063 1653 1277 1719 διττῶς,
1303 1656 1372 1709 τὰ
1393 1657 1448 1710 δὲ
1489 1657 1721 1728 τριττῶς

122 1741 233 1810 τῆς
259 1740 415 1806 θείας
445 1744 731 1814 μετέχουσι
772 1747 1096 1812 διαδόσεως·
1142 1751 1199 1802 αί
1245 1750 1375 1819 γοῦν
1408 1752 1591 1821 νοεραὶ
1628 1752 1721 1803 καὶ

1826 553 2085 617 exsistat;
2122 570 2245 621 qua:
2272 568 2409 608 vero
2445 556 2729 610 rationalia
2759 566 2909 620 sunt,
2941 557 3018 611 uti
3053 574 3172 622 nos,
3206 569 3258 613 et
3290 558 3404 627 spi-

1827 646 2004 697 ritalia
2032 686 2047 707 ,
2093 647 2242 699 sicut
2292 647 2510 715 angeli,
2542 659 2824 717 computes
2858 660 2985 704 sunt
3018 651 3187 719 ipsius
3218 666 3313 717 per
3344 667 3403 706 se

1826 736 2077 807 perfecta:
2105 739 2424 807 sapientiae,
2461 741 2732 809 siquidem
2792 742 2905 797 hare
2945 744 3085 797 ratio
3115 752 3199 799 est
3228 751 3282 798 et
3319 744 3403 798 in-

1819 830 2063 884 .tcllectio
2108 832 2197 884 Dei
2225 871 2240 895 ,
2275 831 2402 886 licet
2435 833 2595 886 simul
2629 833 2701 887 sit
2741 849 2904 904 supra
2936 839 3200 890 rationem
3229 848 3283 892 et
3312 840 3399 893 in-

1827 920 2202 990 telligentiam.
2255 922 2331 977 Ex
2388 925 2476 978 his
2524 926 2707 995 itaque
2759 930 3172 996 prmstantiores
3216 931 3401 984 evadi-

1826 1030 1972 1073 mus.
2007 1016 2267 1084 quoniam
2319 1017 2591 1084 spiritalia
2652 1016 2764 1072 Deo
2819 1034 3045 1086 prorsus
3099 1022 3399 1091 appropin-

1824 1117 2027 1174 quant;
2061 1109 2333 1176 siquidem
2392 1111 2572 1177 ipsum
2627 1111 3003 1181 multipliciter
3049 1115 3399 1183 participant,

1823 1206 1934 1252 tmn
1968 1202 2110 1268 quod
2139 1202 2251 1254 sint
2285 1211 2401 1255 tum
2431 1204 2574 1271 quod
2609 1206 2813 1270 vivant,
2848 1215 2958 1259 tum
2988 1206 3132 1276 quod
3160 1210 3401 1262 rationa-

1824 1290 1892 1343 lia
1926 1292 2036 1343 sint
2066 1300 2232 1361 atque
2264 1292 2491 1361 insuper
2527 1296 2818 1364 spiritalia.

1894 1378 1923 1451 ς
1954 1378 2015 1432 ιι.
2056 1381 2268 1436 Sanctzn
2297 1383 2464 1451 igitur
2486 1386 2849 1457 ccelestesqne
2883 1387 3276 1458 dispositiones
3304 1405 3396 1444 suo

1826 1485 2020 1540 perant
2050 1488 2111 1527 ea
2142 1490 2263 1543 qua:
2291 1477 2471 1530 solmn
2494 1488 2621 1531 sunt
2653 1479 2967 1545 inanimata,
2998 1494 3161 1548 atque
3189 1496 3250 1534 ea
3279 1498 3399 1551 qua:

1822 1563 1941 1616 sine
1974 1565 2180 1619 ratione
2214 1566 2408 1621 vivunt
2440 1584 2539 1622 nec
2593 1585 2699 1624 non
2734 1587 2797 1625 ea
2830 1587 2951 1641 quae
2984 1573 3266 1628 nobiscum
3298 1575 3401 1629 bu-

1822 1657 2062 1712 minibus
2098 1660 2311 1715 ratione
2356 1672 2659 1730 reguntur:
2700 1664 2792 1717 illa
2830 1665 3101 1734 siquidem
3131 1667 3397 1736 simplici-

1823 1759 1927 1810 ter.
1957 1750 2059 1804 ista
2090 1753 2408 1821 dupliciter,
2449 1766 2616 1826 atque
2664 1757 2781 1809 lucc
2818 1758 3109 1826 tripliciter
3153 1758 3398 1813 divinum

124 1831 383 1901 οὐράνιαι
423 1835 703 1906 τετραχῶς
750 1854 811 1890 τε
846 1839 939 1891 καὶ
984 1840 1266 1910 πολλαχῶς
1308 1842 1512 1913 ταύτης
1558 1842 1717 1911 μετέ-

1894 1860 2021 1896 JtttlS
2053 1847 2411 1915 participant;
2462 1850 2555 1902 sed
2589 1849 2864 1917 apiritales
2896 1850 3012 1903 ista:
3039 1850 3401 1919 caelestesque

123 1942 309 1994 χουσι.
347 1927 497 1989 Τέως
528 1945 589 1995 γε
618 1929 713 2001 μὴ,
743 1928 934 2001 ῶσπερ
961 1932 1046 2000 ἐφ’
1073 1932 1228 2002 ἡμῶν
1252 1933 1399 1987 ἔστιν
1457 1935 1602 1999 ἰδεῖν,
1638 1938 1719 1991 ὅτι

125 2018 195 2067 ἐκ
227 2015 339 2069 τῶν
365 2018 689 2089 κρειττόνων
723 2019 994 2090 λεγόμεθα
1015 2061 1029 2084 ,
1060 2024 1152 2076 καὶ
1184 2024 1532 2095 κυριωτέρως
1568 2026 1720 2096 λεγό-

129 2110 275 2178 μεθα
317 2108 524 2178 λογικοὶ
549 2112 677 2184 παρ’
705 2113 733 2166 ὃ
763 2110 910 2176 ζῶα,
946 2114 978 2184 ἢ
1006 2116 1099 2168 καὶ
1131 2116 1286 2177 ὄντα,
1317 2115 1459 2169 οὕτω
1497 2121 1591 2173 καὶ
1625 2121 1717 2173 ἐπὶ

125 2199 242 2253 τῶν
269 2201 430 2255 θείων
453 2202 737 2274 δυνάμεων
757 2223 771 2236 ⁸
802 2208 893 2259 καὶ
913 2206 1042 2260 ὄντα
1070 2210 1177 2279 γάρ
1205 2210 1342 2262 εἰσιν
1367 2212 1598 2274 ἐκεῖναι,
1626 2214 1718 2266 καὶ

124 2291 266 2354 ζῶσι
288 2333 303 2354 ,
330 2295 423 2346 καὶ
445 2294 659 2363 λογικαί
705 2298 845 2350 εἰσιν
863 2339 876 2361 ,
905 2299 1019 2352 ἀλλ’
1045 2301 1196 2371 ὅμως
1237 2319 1321 2353 νοε
1333 2304 1421 2373 ρα”ι
1447 2303 1712 2373 λέγονται.

124 2384 240 2435 Καὶ
268 2381 459 2455 ὥσπερ
486 2386 633 2455 ἡμᾶς
679 2387 931 2457 σεμνύνει
962 2389 1025 2441 τὸ
1051 2389 1193 2443 κατὰ
1216 2390 1372 2461 λόγον
1415 2395 1714 2460 κινεῖσθαι,

122 2473 272 2526 οὕτω
322 2476 602 2540 κάκείναις
652 2479 752 2548 τὴν
798 2479 1161 2552 θεομιμησίαν
1202 2486 1464 2557 παρέχει,
1512 2490 1716 2559 νοερῶς

124 2567 499 2635 κινουμέναις,
529 2571 622 2623 καὶ
646 2571 785 2641 πρὸς
814 2573 916 2643 τὴν
939 2572 1237 2647 θεαρχικὴν
1258 2578 1495 2649 ὁρώσαις
1518 2582 1717 2652 ὁμοίω-

126 2674 245 2721 σιν,
289 2661 539 2714 κάκεῖθεν
591 2665 906 2734 ἐφιεμέναις
943 2669 1183 2739 μορφοῦν
1224 2673 1285 2725 τὸ
1310 2674 1493 2745 νοερὸν
1535 2677 1714 2731 αὐτῶν

123 2745 266 2813 εἶδος
288 2768 302 2781 ⁸
338 2754 433 2805 καὶ
454 2753 541 2806 διὰ
571 2755 729 2809 τοῦτο
764 2760 857 2811 καὶ
881 2761 1134 2828 πλείονας
1158 2767 1384 2831 εἰκότως
1408 2768 1588 2839 ἔχουσι
1615 2769 1715 2832 τὰς

124 2842 268 2909 πρὸς
294 2844 462 2916 αὐτὴν
496 2848 803 2913 κοινωνίας,
831 2850 907 2915 ὡς
931 2848 1111 2917 οὖσαι,
1138 2857 1215 2919 ὡς
1241 2857 1434 2923 ζῶσαι,
1468 2861 1544 2924 ὡς
1569 2860 1714 2930 λογι-

124 2935 240 2997 καὶ,
269 2936 364 2986 καὶ
396 2935 479 2988 ἔτι
511 2937 588 3000 ὡς
614 2942 796 3010 νοεραὶ
838 2943 932 2997 καὶ
967 2950 1253 3017 προσεχεῖς
1289 2950 1582 3017 μένουσαι,
1618 2954 1713 3007 καὶ

119 3026 182 3077 οὐ
208 3026 660 3100 διεσκεδασμέναι
706 3034 847 3088 κατὰ
871 3037 971 3108 τὴν
1000 3037 1256 3111 διάφορον
1279 3041 1504 3115 γνώμην
1524 3085 1537 3109 ,
1574 3046 1712 3117 ὅπερ

121 3122 274 3173 ἐστὶν
298 3122 354 3173 ὲν
379 3123 510 3192 ἡμῖν
539 3124 609 3194 (oi
632 3125 740 3198 γὰρ
768 3131 826 3181 ὲν
849 3128 969 3199 Θεῷ
999 3130 1171 3197 ὄντες,
1202 3137 1542 3207 συνημμένοι
1571 3140 1707 3203 είσὶ,

123 3212 311 3276 καθὼς
358 3216 451 3267 καὶ
487 3217 638 3287 παρὰ
684 3218 794 3273 τῶν
849 3221 1008 3277 θείων
1054 3224 1287 3296 Γραφῶν
1326 3228 1706 3300 μανθάνομενο

119 3305 211 3355 ὅτε
247 3305 358 3377 γὰρ
384 3307 525 3360 κατὰ
549 3309 750 3380 κόσμον
781 3311 973 3383 ἔμελλε
1013 3317 1279 3370 κινεῖσθαι
1303 3320 1331 3370 ὁ
1357 3320 1574 3388 πρῶτος
1598 3322 1708 3376 τῶν

125 3396 413 3469 μαθητῶν,
443 3399 616 3468 ἔλεγε·
653 3403 888 3475 Ὑπάγω
915 3408 1200 3474 ἁλιεύειν,
1242 3412 1514 3482 δηλονότι,
1544 3415 1709 3486 χωρί-

121 3490 288 3559 ζομαι
315 3491 373 3558 ἐξ
396 3495 550 3563 ύμῶν
568 3513 581 3527 ⁸
610 3498 698 3550 ὅτε
724 3499 781 3552 δὲ
816 3500 1100 3555 ἐπίστευον
1128 3505 1176 3556 οἱ
1213 3504 1588 3571 πιστεύοντες,
1611 3509 1707 3562 καὶ

120 3581 263 3635 κατὰ
289 3582 422 3637 Θεὸν
446 3581 603 3656 ἦσαν·
642 3585 863 3653 Ἦσαν,
900 3595 1092 3664 φησιν,
1128 3596 1228 3647 ἐπὶ
1268 3597 1334 3649 τὸ
1364 3598 1510 3651 αὐτὸ
1563 3615 1708 3653 συγ-

119 3673 413 3746 ηγμένοι),
454 3678 550 3730 καὶ
600 3680 687 3732 ἀεὶ
712 3681 1125 3753 ἁνατεινόμεναι
1151 3687 1286 3757 πρὸς
1309 3688 1370 3740 τὸ
1392 3688 1620 3753 ἄναντες
1648 3690 1705 3742 ὲν

118 3768 369 3839 συντονία
407 3770 502 3822 τοῦ
539 3772 682 3826 θείου
710 3774 802 3827 καὶ
834 3777 1087 3841 ἀκλινοῦς
1113 3778 1334 3851 ἔρωτος.
1361 3781 1459 3843 Τίς
1496 3782 1607 3854 γὰρ
1646 3781 1704 3849 ἐξ

117 3857 277 3927 ἡμῶν
311 3859 543 3931 ἐζήτησε
573 3862 791 3918 πώποτε
812 3907 825 3929 ,
852 3869 944 3920 καὶ
990 3868 1175 3938 ἔφεσιν
1200 3870 1325 3942 ἔσχε
1347 3912 1361 3933 ,
1399 3872 1582 3942 βοείαν
1619 3873 1705 3927 δέ·

115 3946 317 4011 ξασθαι
355 3951 587 4021 κίνησιν,
618 3953 649 4025 ἢ
679 3956 827 4009 λίθου
853 3963 975 4012 τινὰ
1004 3960 1275 4032 ἰδιότητας
1309 3964 1443 4017 ἀλλὰ
1481 3966 1704 4032 πάντως

114 4038 147 4106 ἡ
176 4038 366 4107 ἔφεσις
389 4043 479 4095 ἐπὶ
504 4043 565 4095 τὸ
591 4042 815 4106 ἄναντές
845 4050 979 4102 ἐστι.
1010 4052 1180 4105 Τοῦτό
1204 4056 1319 4107 ἐστι
1347 4056 1440 4109 καὶ
1464 4057 1557 4110 ἐπὶ
1581 4062 1700 4123 ταῖς

113 4130 436 4197 ἀγγελικαῖς
466 4135 561 4187 καὶ
602 4136 775 4201 θείαις
805 4139 1133 4211 δυνάμεσιν,
1163 4145 1250 4197 ἀεὶ
1294 4148 1389 4200 καὶ
1427 4148 1690 4217 ἐφίενται,

114 4221 207 4271 καὶ
234 4221 567 4292 εἰσδέχονται
592 4226 690 4290 τὰς
721 4230 954 4299 ἀρχικὰς
975 4235 1067 4286 καὶ
1090 4233 1238 4298 Θείας
1264 4236 1578 4309 ὲλλάμψεις,
1603 4242 1700 4295 καὶ

113 4312 249 4379 “cpe;
273 4311 377 4402 τὰς
403 4314 696 4387 ὲλλάμψεις
720 4321 1035 4388 τάττονται,
1065 4327 1161 4380 καὶ⁵
1182 4329 1282 4399 τὴν
1305 4328 1450 4402 ζωὴν
1478 4332 1698 4389 ἃπασαν

102 4401 324 4454 ἑαυτῶν
363 4406 557 4476 νοερὰν
590 4408 835 4479 ἔχουσιν·
876 4415 932 4466 αἱ
976 4415 1086 4487 γὰρ
1138 4418 1315 4472 αὐτῶν
1346 4421 1524 4475 οὐσίαι
1574 4426 1699 4490 νοῦς

1823 1945 2033 1990 natura:
2069 1937 2507 2004 quadrupliciler
2554 1955 2618 1994 ac
2672 1939 3063 2009 multipliciter
3097 1940 3214 2008 ejus
3249 1958 3395 1995 com-

1821 2036 1977 2093 potes
2032 2029 2328 2085 exsistunt.
2387 2030 2609 2085 Interim
2667 2032 2907 2097 minime,
2940 2034 3398 2103 quemadmodum

1819 2118 1977 2172 nobis
2034 2135 2132 2173 usu
2180 2122 2321 2174 venit
2378 2131 2436 2176 ut
2480 2139 2544 2177 ex
2594 2125 2844 2193 partibus
2898 2124 3259 2179 nobilioribus
3305 2141 3399 2194 ap-

1820 2209 2086 2278 pellentur
2114 2250 2130 2274 ,
2176 2222 2231 2265 et
2264 2214 2438 2281 magis
2478 2216 2695 2284 proprie
2727 2217 2958 2271 rationis
2991 2228 3275 2283 compotes
3310 2218 3396 2271 di-

1819 2317 2008 2355 cantur
2037 2320 2199 2373 quam
2234 2306 2315 2358 vel
2346 2306 2625 2367 animalia,
2658 2307 2739 2362 \el
2762 2309 2930 2374 entia,
2952 2309 3024 2361 ita
3058 2310 3221 2362 ctiam
3250 2311 3398 2365 circa

1819 2393 2074 2449 Ctelestes
2108 2396 2231 2449 illas
2264 2397 2493 2451 virtutes
2524 2399 2741 2466 agitur;
2788 2408 2915 2452 sunt
2966 2414 3197 2466 namque
3225 2401 3396 2467 entia,

1816 2496 1870 2541 et
1901 2489 2115 2551 vivunt,
2146 2497 2200 2541 et
2233 2488 2446 2541 ratione
2480 2490 2711 2557 pollent,
2762 2499 2813 2542 et
2847 2489 3203 2543 nihilominus
3234 2490 3396 2544 simul

1816 2578 2092 2647 spiritales
2123 2590 2540 2649 nuncupantur.
2578 2581 2646 2634 Et
2693 2580 2839 2635 sicut
2888 2581 3046 2635 nobis
3092 2581 3235 2636 laudi
3288 2591 3395 2645 est,

1816 2670 2115 2726 secundum
2147 2671 2412 2723 rationem
2449 2672 2688 2737 moveri;
2724 2672 2797 2725 ita
2832 2688 3047 2742 quoque
3081 2672 3188 2727 illis
3234 2672 3397 2742 spiri-

1824 2760 2005 2816 taliter
2038 2761 2219 2825 motis,
2250 2770 2304 2816 et
2336 2763 2405 2816 ad
2439 2762 2681 2816 divinam
2716 2765 3090 2832 spectantibus
3138 2763 3400 2818 similitu-

1814 2852 2025 2917 dinem,
2054 2853 2289 2923 imleque
2313 2854 2619 2923 spiritalem
2653 2871 2807 2910 suam
2839 2857 3079 2925 speciem
3108 2855 3401 2911 ell‘ormare.

1813 2942 2199 3013 cupientibus,
2254 2946 2496 3000 divinam
2549 2947 2741 3000 tribuit
2797 2946 3197 3011 imitationem;
3257 2962 3396 3016 qua-

1814 3045 2035 3104 propter
2063 3039 2229 3090 etiam
2273 3039 2471 3092 merito
2505 3038 2561 3091 in
2591 3038 2839 3107 pluribus
2864 3053 2988 3092 cum
3019 3038 3211 3091 eadem
3239 3053 3392 3093 com-

1816 3130 2125 3194 municant,
2155 3140 2420 3200 tanquam
2443 3134 2800 3199 exsistentes,
2834 3144 3091 3202 tanquam
3125 3136 3391 3200 viventes,

1817 3232 2071 3292 tanquam
2116 3225 2415 3279 rationales
2447 3237 2615 3295 atque
2664 3228 2887 3296 insuper
2919 3236 3178 3296 tanquam
3228 3228 3393 3298 spiri-

1813 3311 1946 3365 tales
1992 3322 2158 3382 atque
2202 3315 2438 3369 assidua:
2467 3325 2781 3381 manentes,
2815 3324 2870 3371 et
2901 3333 3249 3386 nequaquam
3279 3318 3392 3373 dis-

1812 3414 1997 3458 tracta:
2049 3419 2147 3473 per
2188 3406 2460 3461 diversam
2488 3409 2817 3463 sententiam
2857 3410 2938 3463 uti
2996 3411 3152 3465 nobis
3188 3411 3391 3466 accidit

1810 3498 1921 3565 (qui
1954 3499 2100 3552 enim
2134 3498 2185 3552 in
2222 3499 2332 3553 Deo
2364 3509 2493 3553 sunt
2514 3539 2530 3564 ,
2561 3502 2778 3557 collecti
2809 3512 2955 3567 sunt,
2987 3504 3131 3558 sicut
3154 3518 3222 3558 ex
3252 3504 3391 3558 divi-

1809 3589 1893 3643 nis
1924 3587 2162 3660 Scriptis
2200 3592 2595 3660 intelligimus;
2625 3595 2846 3663 quando
2877 3596 3022 3651 enim
3056 3597 3269 3666 primus
3301 3596 3393 3651 ille

1807 3680 1917 3752 44,
1930 3683 2323 3753 discipulorum
2345 3688 2640 3741 secundum
2671 3688 2930 3742 mundum
2962 3690 3389 3743 commovendus

1806 3784 1923 3827 erat
1953 3776 2172 3829 dicebat
2204 3794 2218 3833 :
2270 3776 2417 3832 Vada
2444 3781 2645 3848 piscari
2660 3791 2710 3845 ιι,
2745 3782 2795 3834 id
2843 3791 2949 3843 est,
2981 3782 3203 3836 discedo
3229 3796 3259 3835 a
3291 3797 3387 3834 vo-

1806 3865 1890 3920 bis
1916 3884 1931 3920 :
1957 3869 2173 3935 quando
2204 3880 2386 3924 autem
2412 3871 2711 3925 credebant
2739 3872 2943 3934 lideles,
2971 3881 3028 3925 ct
3051 3874 3191 3937 apud
3216 3872 3385 3927 Deum

1806 3968 1983 4022 erant,
2014 3957 2207 4025 Erant,
2234 3962 2437 4030 inquit,
2468 3962 2523 4013 in
2556 3978 2719 4015 unum
2752 3962 3002 4030 collecti),
3051 3973 3105 4017 et
3134 3962 3200 4014 ad
3232 3971 3387 4016 ante-

1806 4050 1950 4103 riora
1990 4065 2210 4118 semper
2243 4064 2459 4105 summo
2487 4052 2657 4105 divini
2691 4062 2745 4105 et
2788 4051 3150 4106 indelicientis
3180 4051 3385 4104 amoris

1801 4143 1985 4197 smdio
2005 4142 2247 4198 intentae.
2280 4144 2412 4207 Quis
2443 4146 2590 4198 enim
2620 4160 2650 4197 e
2682 4144 2837 4198 nobis
2863 4144 3115 4212 qnzesivit
3139 4158 3381 4212 unquam

1804 4238 1885 4290 vel
1921 4235 2260 4291 desiderarit
2294 4237 2548 4289 hovinum
2618 4250 2825 4291 motum
2854 4239 3124 4307 accipere,
3158 4236 3241 4290 vel
3281 4236 3382 4290 ali-

1797 4342 1959 4396 quam
1997 4328 2191 4398 lapidis
2210 4331 2638 4399 proprietatem?
2660 4332 2754 4384 sed
2780 4346 2948 4385 onine
2972 4348 3005 4387 ο
3029 4331 3196 4384 nnino
3226 4329 3377 4384 desi-

1798 4422 2005 4476 derium
2038 4423 2103 4476 ad
2133 4428 2420 4493 superiora
2475 4423 2670 4480 tendit.
2706 4422 2821 4477 lloc
2859 4423 2910 4477 in
2937 4424 3203 4494 angelicis
3242 4437 3382 4492 quo-

110 4492 219 4555 ζῶν
251 4497 397 4549 ἐστι’
427 4498 516 4552 διὰ
537 4500 695 4556 τοῦτο
736 4506 849 4568 καὶ,
879 4507 956 4570 ῶς
990 4508 1091 4578 μὲν
1125 4517 1432 4583 προσεχεῖς,
1464 4516 1695 4587 πρώτως

1894 4492 2219 4570 :virtutibus
2246 4518 2426 4573 locum
2462 4520 2650 4584 habet,
2684 4532 2811 4590 qua:
2860 4531 3075 4585 semper
3103 4517 3268 4570 etiam
3296 4532 3384 4570 su-

108 4586 165 4635 ὲν
196 4588 461 4679 μετουσία
490 4591 729 4660 γίνονται
747 4613 761 4626 ·
790 4597 865 4661 ὡς
903 4598 960 4651 δὲ
990 4600 1191 4665 πολλὰς
1220 4602 1441 4673 ἔχουσαι
1462 4586 1561 4671 τὰς
1591 4609 1693 4679 τῆς

110 4677 405 4744 μετουσίας
461 4684 696 4749 φυσικὰς
753 4688 1232 4759 ὲπιτηδειότητας,
1290 4695 1572 4768 ποολλαχῶς
1633 4677 1690 4753 έν

110 4769 372 4840 μετουσία
394 4770 487 4823 τοῦ
515 4772 670 4828 Θείου
685 4776 942 4844 γίνονται,
968 4781 1058 4833 καὶ
1074 4793 1303 4853 πρώτως
1320 4787 1477 4840 πάλιν
1494 4789 1690 4843 πολλα-

106 4868 217 4937 χῶς
242 4868 629 4938 ἐξαγγέλλωσι
654 4878 753 4948 τὴν
775 4877 1073 4953 θεαρχικὴν
1095 4886 1456 4957 κρυφιότητα,
1484 4889 1565 4942 διὸ
1596 4893 1692 4945 καὶ

103 4959 329 5027 ἄγγελοι
362 4960 630 5030 λέγονται,
654 4968 771 5037 ἤτοι
796 4970 886 5023 διὰ
904 4972 965 5025 τὸ
986 4974 1086 5045 τὴν
1112 4976 1263 5031 θείαν
1282 4980 1376 5032 τοῦ
1400 4980 1536 5034 Θεοῦ
1563 5000 1692 5055 κρυ-

106 5053 339 5122 φιὰτητα
369 5055 721 5123 ἐκφαίνεσθαι
758 5061 826 5114 δι’
853 5063 1053 5129 αὐτῶν,
1099 5067 1180 5120 ὄτι
1207 5067 1303 5133 ῶν,
1337 5072 1418 5124 ὅτι
1446 5073 1574 5137 ζῶν,
1607 5076 1691 5128 ὅτι

106 5144 247 5207 νοῦς,
284 5147 334 5197 εί
368 5148 463 5199 καὶ
492 5149 632 5221 ὑπὲρ
655 5152 829 5206 ταῦτα
857 5155 1203 5227 ἀσυγκρίτως
1223 5162 1388 5227 ἐστὶν,
1418 5164 1449 5235 ἥ
1478 5166 1573 5218 καὶ
1595 5166 1685 5220 διὰ

103 5232 164 5286 τὸ
195 5234 262 5287 δι’
282 5237 473 5329 αὐτῶν
505 5241 635 5310 ἡμῖν
662 5242 1152 5317 διαπορθμεύεσθαι
1181 5251 1279 5321 τὴν
1316 5232 1465 5308 θείαν
1497 5255 1688 5329 βούλη-

110 5340 188 5419 σιν
205 5343 220 5357 ·
246 5326 393 5419 οὕτω
424 5329 534 5402 γὰρ
561 5334 653 5387 καὶ
677 5336 705 5388 ὁ
730 5336 888 5407 νόμος
916 5339 982 5392 δι’
1004 5341 1252 5410 ἀγγέλων
1275 5346 1511 5419 ἐλαλήθη
1543 5326 1687 5403 κατᾶ

116 5416 193 5511 τὸν
233 5418 414 5489 μέγαν
447 5422 766 5479 ’Δπόστολον
783 5470 798 5493 ,
822 5429 916 5483 καὶ
938 5433 1066 5495 τοὺς
1099 5434 1343 5500 ἐνδόξους
1364 5416 1473 5509 πρὸ
1497 5416 1684 5511 νόμου,

109 5507 178 5566 ὡς
222 5511 312 5565 τὸν
351 5512 606 5587 Ἀϐραὰμ
635 5519 730 5571 καὶ
753 5520 844 5573 τὸν
877 5523 1076 5577 Μανωὲ
1095 5563 1112 5591 ,
1156 5527 1251 5579 καὶ
1274 5507 1681 5596 τοὺςνλοιπούρ

111 5601 197 5653 καὶ
222 5603 364 5673 μετά
388 5605 574 5678 νόμον,
598 5608 675 5674 ὡς
697 5610 789 5665 τὸν
804 5612 1020 5687 Ἰωσὴφ,
1037 5617 1126 5673 τὸ)
1155 5618 1378 5692 Πέτρον,
1397 5622 1523 5687 τοὺς
1548 5625 1683 5681 καθ-

171 5785 375 5841 υιυυιι.
426 5802 541 5857 ut,
581 5806 631 5863 δ,

1798 4607 2017 4676 periora
2044 4620 2328 4679 appetunt,
2350 4622 2403 4665 et
2430 4614 2808 4681 primordiales
2829 4624 2995 4685 atque
3023 4611 3236 4669 divinas
3258 4625 3378 4670 .ευὶ-

1800 4699 2009 4768 cipiunt
2037 4700 2444 4769 illustrationes,
2463 4715 2518 4758 et
2561 4707 2860 4759 secmnlum
2889 4706 3372 4775 illasordinantur,

1797 4806 2126 4860 omnemque
2158 4795 2322 4847 vitam
2373 4811 2526 4849 suam
2585 4798 2788 4851 habent
2819 4800 3122 4865 Spiritalem
3150 4816 3163 4852 :
3200 4801 3373 4867 siqui-

1799 4883 1921 4937 dem
1951 4897 2142 4937 eurum
2173 4895 2384 4940 natura:
2443 4896 2572 4940 sunt
2604 4888 2725 4942 viva
2782 4890 3030 4959 quzedant
3071 4904 3251 4955 mens;
3286 4889 3370 4944 id-

1800 4975 1950 5029 circo
1972 4977 2157 5041 etiam,
2200 4987 2452 5046 tanquam
2483 4979 2717 5036 assidua:
2742 4983 2983 5050 quidem,
3017 4982 3245 5051 primam
3270 4983 3372 5036 ha-

1796 5064 1926 5119 bent
1979 5070 2453 5137 participationem
2500 5089 2515 5126 :
2561 5072 2614 5126 in
2665 5086 2932 5142 quantum
2981 5090 3112 5129 vero
3169 5076 3371 5133 multas

1796 5157 2001 5213 habent
2045 5161 2324 5216 naturales
2357 5167 2797 5220 connnunicaudi
2827 5165 3150 5233 facultates,
3182 5170 3368 5225 multi-

1795 5252 2014 5321 pliciter
2056 5255 2225 5311 divini
2273 5261 2512 5316 numinis
2565 5270 2853 5317 consortes
2902 5261 3076 5327 liunt;
3134 5261 3369 5333 ideoque

1791 5344 2017 5413 iterum.
2050 5351 2283 5417 primum
2311 5367 2377 5408 ac
2406 5355 2779 5425 multipliciter
2813 5355 3054 5410 divinum
3092 5354 3223 5409 illud
3271 5372 3366 5410 ar-

1792 5453 1990 5494 canum
2026 5444 2332 5507 euuntiant,
2364 5458 2588 5516 propter
2616 5446 2759 5517 quod
2785 5456 2841 5502 et
2871 5447 3051 5517 angeli
3077 5448 3361 5503 dicuntur:

1792 5535 2051 5600 quoniam
2082 5551 2176 5604 per
2202 5537 2324 5592 illos
2350 5539 2591 5593 divinum
2622 5539 2752 5594 illud
2800 5538 2896 5594 Dei
2942 5548 3214 5594 secretum
3247 5554 3365 5594 ma-

1794 5624 2113 5696 nifestatur,
2145 5639 2226 5699 ut,
2250 5632 2395 5700 quod
2423 5633 2517 5699 sit,
2543 5631 2688 5701 quod
2717 5631 2884 5699 vivat,
2912 5633 3053 5702 quod
3085 5648 3238 5689 tuens
3265 5635 3361 5700 ait,
