3734 6316
98 333 206 387 195

596 332 683 386 DE
716 329 1040 388 C(ELESTI
1080 331 1531 395 HIERARCHIA,
1573 328 1726 385 CAP.
1768 328 1855 383 IV.
1896 362 1963 370 —
1996 330 2340 385 PARAPIIR.
2380 331 2854 387 PACHYMEli/E.

3269 337 3369 389 litt

88 452 306 516 τάξεως
326 467 340 480 ·
377 450 512 503 ἀλλά
551 451 644 504 καὶ
676 452 763 504 ἐπ’
796 451 973 507 αὐτῶν
1010 450 1182 522 μόνων
1227 450 1335 502 τῶν
1367 447 1681 521 ὁμοταγῶν,

1852 462 1978 498 γτιιιιι
2020 450 2185 502 etiam
2223 452 2274 503 in
2328 448 2572 517 ipsismet
2618 448 2752 501 solis
2792 446 3119 515 aequalibus,
3154 449 3371 504 scilicvt

84 542 343 613 δηλονότι
392 540 502 593 τῶν
551 541 717 613 τριῶν
765 542 981 612 μόνων,
1029 542 1168 594 ὣστε
1209 535 1345 592 εἰναι
1379 538 1477 601 τάς
1508 537 1689 601 τάξεις

90 633 361 704 πρώτας,
408 632 503 687 καὶ
545 633 747 704 μέσας,
783 635 877 687 καὶ
926 632 1273 695 τελευταίας·
1308 632 1399 684 ἐπὶ
1436 629 1533 699 μὲν
1581 627 1689 699 γάρ

87 728 303 789 πάσαις
319 727 489 798 τρεῖς,
506 726 602 779 καὶ
615 728 781 797 τρεῖς,
797 726 890 779 καὶ
905 728 1055 798 τρεῖς
1071 724 1207 776 εἰσιν
1223 724 1279 777 αἱ
1293 723 1575 793 δυνάμεις·
1596 720 1690 774 ἐπὶ

82 819 146 873 δὲ
178 820 285 890 μιᾷ
313 819 520 896 ἐκάυτη
551 819 812 888 όμοταγεί
842 818 1022 883 τάξει,
1059 819 1115 871 αἰ
1145 819 1314 870 πᾶσαι
1348 818 1495 885 τρεῖς
1529 816 1685 877 εἰσιν,

85 910 238 963 ὥστε
277 912 502 969 κάκεῖσε
540 911 634 969 καὶ
665 909 897 969 ἐνταῦθα
928 909 989 965 τὺ
1022 908 1257 980 πρῶτον,
1289 908 1385 963 καὶ⁵
1414 907 1474 959 τὸ
1501 906 1683 978 μέσον,

85 1002 188 1057 καὶ
232 1002 297 1057 τὸ
328 1001 635 1055 τελευταῖον
668 998 1013 1070 γνωρίζεται.
1051 999 1331 1070 Προσῆκον
1373 996 1550 1050 τοίνυν
1596 996 1688 1048 καὶ

82 1093 187 1145 ἐπὶ
218 1091 332 1144 τῶν
364 1091 515 1144 κάτω
562 1091 879 1161 ἐλλάμψεων
900 1130 914 1153 ,
968 1088 1029 1143 τὸ
1079 1088 1149 1141 δι’
1184 1087 1360 1141 ἄλλων
1381 1126 1394 1149 ,
1426 1087 1543 1156 ἦτοι
1576 1086 1686 1138 τῶν

81 1183 406 1251 ἀγγελικιῖη
444 1183 650 1249 τάξεων
684 1182 790 1235 ἀπὸ
822 1180 957 1234 Θεοῦ
991 1181 1127 1252 πρὸς
1189 1180 1315 1242 τοὺς
1364 1176 1688 1249 ἀνθρώπους

79 1274 503 1338 διαϐιϐάζεσθαι
535 1272 605 1325 τά
653 1274 954 1344 μυστήρια·
981 1273 1063 1325 ὃτι
1097 1272 1190 1324 καὶ
1235 1272 1413 1323 ἐκεῖσε
1447 1270 1495 1322 oi
1544 1269 1685 1322 θειό-

78 1384 237 1439 τεροι
274 1365 497 1437 μύσται,
531 1365 639 1418 τῶν
667 1364 901 1439 ἡττόνων
928 1363 1255 1437 χειραγωγοί
1287 1364 1424 1415 εἰσιν
1473 1361 1565 1414 ἐπὶ
1591 1359 1687 1431 τὴν

82 1458 246 1513 θείαν
280 1457 566 1521 κοινωνίαν
600 1458 692 1513 καὶ
724 1456 1007 1526 ἐλλαμψιν.

164 1562 195 1633 ς
225 1562 314 1615 IV.
344 1561 534 1614 Βλέπω
556 1560 812 1614 asa-um
825 1558 885 1611 τὸ
912 1559 1039 1630 περὶ
1054 1558 1153 1628 τῆς
1174 1558 1441 1629 ἐνσάρκου
1485 1556 1580 1609 καὶ
1598 1574 1687 1625 φι-

78 1651 416 1725 λανθρώπου
430 1651 524 1705 τοῦ
565 1649 738 1720 Ἰησοῦ
760 1649 1072 1720 οἰκονομίας
1110 1648 1428 1721 μυστήριον,
1466 1646 1684 1716 ἄγγελοι

1796 536 1971 590 tribus
2014 538 2165 602 solis,
2216 539 2288 592 ita
2343 547 2403 591 ut
2459 540 2570 591 sint
2613 538 2838 591 ordines
2884 538 3063 605 primi,
3100 539 3265 594 medii
3299 556 3364 595 ac

1792 630 2093 697 postremi;
2146 630 2415 699 siquidem
2470 628 2522 682 ln
2570 630 2827 685 omnibus
2866 640 3021 693 tres,
3050 639 3108 684 et
3142 640 3279 697 tres,
3311 641 3373 686 et

1792 731 1908 777 tres
1955 733 2087 778 sunt
2137 725 2398 790 virtutes,
2450 724 2506 778 in
2562 740 2893 795 unoquoque
2941 736 3123 789 autem
3173 727 3371 793 ordine

1789 813 2007 882 aequali,
2040 830 2230 869 omnes
2265 826 2373 870 tres
2400 824 2567 883 sunt;
2602 824 2660 870 ut
2695 825 2802 869 tam
2834 815 2906 871 ibi
2940 833 3103 886 quam
3133 818 3223 873 hic
3252 819 3370 885 pri-

1791 924 1963 972 mum,
1993 918 2048 963 et
2075 910 2339 975 medium,
2362 918 2417 963 et
2447 904 2782 977 postremum
2812 910 3190 975 dignoscatur.
3226 910 3370 965 Con-

1791 1002 2057 1057 veniebat
2091 1001 2274 1070 itaque
2317 1002 2369 1055 in
2414 1001 2766 1055 inferioribus
2794 1017 3010 1070 quoque
3047 1002 3367 1057 illustratio-

1789 1093 1981 1156 nihus,
2012 1102 2071 1145 ut
2100 1107 2199 1161 per
2223 1094 2388 1157 alios,
2421 1094 2631 1148 scilicet
2666 1108 2760 1162 per
2787 1094 3009 1147 ordines
3058 1094 3361 1163 angelicos,

1788 1196 1818 1234 a
1852 1182 1959 1235 Deo
1989 1182 2054 1234 ad
2082 1182 2333 1235 homines
2358 1182 2620 1252 mysteria
2649 1182 3034 1235 derivarentur
3061 1199 3072 1231 :
3107 1185 3365 1252 quoniam

1786 1275 1953 1327 etiam
2007 1274 2097 1327 hic
2149 1274 2449 1327 diviniores
2492 1286 2681 1343 mysue
2731 1274 3051 1326 inferiorum
3100 1276 3371 1328 tnanndu-

1786 1371 1969 1418 ctores
2001 1366 2300 1431 exsistunt,
2323 1364 2389 1417 ad
2426 1366 2666 1418 divinam
2698 1366 3139 1419 communionem
3168 1379 3219 1421 et
3247 1368 3370 1421 illu-.-

1786 1456 2134 1515 stratinnem.

1859 1548 1887 1621 δ
1922 1549 2010 1602 ιν.
2056 1549 2226 1604 Video
2264 1561 2445 1607 autem
2477 1549 2644 1611 etiam
2683 1551 2906 1619 angelos
2937 1550 3004 1603 de
3035 1550 3367 1607 incarnatio-

1787 1641 1875 1694 nis
1914 1651 1968 1694 et
2005 1642 2361 1695 lnuuanitatis
2394 1639 2521 1695 Jesu
2556 1642 2818 1709 mysterio
2853 1644 3087 1711 primum
3142 1643 3367 1701 edoctos

87 1738 314 1810 πρῶτον
347 1737 683 1811 ἐμυήθησαν,
725 1737 842 1790 εἶτα
872 1736 960 1790 διὰ
988 1736 1191 1791 τούτων
1226 1739 1305 1801 εἰς
1368 1736 1681 1809 ἀνθρώπους

1852 1750 1930 1798 se,
1969 1735 2163 1788 deinde
2188 1750 2287 1802 per
2321 1736 2419 1789 hos
2452 1734 2518 1787 ad
2557 1734 2805 1788 homines
2835 1735 3163 1804 cognitionis
3188 1737 3362 1804 gratia

80 1803 246 1901 διέϐη
288 1831 322 1899 ή
355 1803 455 1899 τῆς
476 1803 737 1899 γνιῦσεως
776 1829 967 1905 χάρις·
1003 1829 1143 1886 οὕτω
1175 1829 1284 1901 γὰρ
1318 1830 1412 1882 καὶ
1446 1803 1681 1902 έαόριὴλ

1855 1826 2107 1891 scendit;
2162 1825 2239 1879 sic
2292 1827 2437 1878 enim
2494 1824 2715 1880 Gabriel
2764 1803 3091 1883 Zachariam
3157 1803 3364 1894 (inquit,

83 1918 183 1977 τὸν
218 1920 499 1990 Ζαχαρίαν
538 1917 921 1990 ἐμυσταγώγει
946 1958 960 1979 ,
998 1919 1079 1973 ὅτι
1128 1920 1412 1992 προφήτης
1461 1918 1612 1971 ἔσται
1655 1919 1683 1981 ό

80 2009 148 2079 ἐξ
180 2010 351 2065 αὑτοῦ
389 2010 516 2085 παρ’
551 2010 743 2063 ἐλπίδα
775 2011 1168 2084 γεννησόμενος
1200 2013 1350 2073 παῖς.
1388 2010 1683 2081 Προφήτης

79 2102 141 2169 δὲ
198 2101 362 2166 ποίας
418 2102 764 2167 ὑποθέσεωςς
803 2102 903 2173 τῆς
948 2102 1091 2156 κατά
1136 2101 1314 2176 σάρκα
1360 2100 1683 2171 ἐπιφανείας

78 2192 184 2255 τοῦ
232 2192 367 2245 Υἰοῦ
418 2193 511 2247 τοῦ
561 2177 730 2247 Θεοῦ.⁴
766 2193 1049 2265 Ἀνδρικὴν
1081 2192 1189 2266 γὰρ
1224 2191 1542 2263 θεουργίαν,
1578 2192 1681 2263 τὴν

78 2286 183 2339 τοῦ
219 2285 497 2341 Δεσπότου
532 2285 769 2357 Χριστοῦ
807 2285 1214 2359 ἐνανθρώπησιν
1237 2284 1407 2353 λέγει,
1440 2286 1559 2337 καθ’
1588 2283 1677 2355 ἣν,

80 2380 225 2444 Θεὸς
258 2377 367 2441 ὢν,
402 2380 457 2432 ἐν
493 2379 661 2449 σαρκί
694 2378 763 2433 τὰ
796 2377 913 2432 θεῖα
947 2377 1250 2455 εἰργάζετο.
1298 2376 1407 2447 Τὴν
1438 2375 1495 2429 δὲ
1528 2377 1681 2447 Hap-

82 2471 246 2523 θένον
280 2470 550 2532 θεοτόκον,
583 2471 730 2533 ὅπως
760 2470 817 2523 ἐν
851 2470 987 2544 αὐτῇ
1039 2468 1329 2543 γενήσεται
1353 2467 1413 2520 τὸ
1442 2468 1681 2539 ἀρρητον

78 2564 192 2635 τῆς
243 2562 605 2627 θεοπλαστίας
638 2563 955 2634 μυστήριον.
1000 2560 1367 2623 Θεοπλαστίαν
1406 2560 1462 2613 δὲ
1506 2559 1677 2627 λέγει,

82 2655 197 2717 ὅτι,
233 2654 370 2718 Θεὸς
403 2654 498 2719 ὣν,
549 2652 794 2720 ἐπλάσθη
843 2654 900 2705 ἐν
944 2654 1010 2725 τῇ
1058 2651 1211 2724 νηδύι
1258 2652 1359 2721 τῆς
1403 2650 1677 2717 πανὰγνου

80 2746 458 2817 Θεομήτορος,
495 2746 629 2799 καθὸ
660 2744 883 2814 γέγονεν
905 2744 1213 2817 ἅνθρωπος.
1248 2745 1473 2815 Ἕτερος
1497 2742 1553 2795 δὲ
1583 2741 1680 2793 πά-

80 2839 169 2892 λιν
204 2839 317 2891 τῶν
346 2838 593 2907 ἀγγέλων
614 2838 706 2893 τὸν
742 2838 937 2913 Ἰωσὴφ
968 2837 1192 2903 ἐδίδαξε,
1221 2836 1338 2899 πῶς
1359 2838 1387 2889 ό
1413 2836 1491 2907 τῷ
1516 2836 1679 2891 Δασὶδ

84 2928 501 3001 ἐπηγγελμένος
542 2930 607 2985 ἐκ
653 2929 868 3001 καρποῦ
899 2929 997 2998 τῆς
1024 2928 1230 2990 κοιλίας
1262 2925 1425 2979 αὐτοῦ
1453 2926 1678 2997 τεθήσε-

86 3021 216 3074 σθαι
251 3020 346 3073 ἐπὶ
378 3019 467 3073 τὸν
502 3018 687 3095 θρόνον
718 3017 905 3082 αὐτοῦ,
942 3018 1041 3090 ἤδη
1084 3018 1183 3087 τὴν
1215 3016 1472 3087 χρονικὴν
1501 3016 1677 3089 ἀρχὴν

83 3112 234 3167 κατὰ
281 3111 443 3182 σῶμα
473 3110 722 3181 δέχεται·
772 3111 867 3165 καὶ⁵
901 3110 1059 3173 ἄλλος
1093 3110 1222 3172 τοὺς
1254 3108 1551 3179 ποιμένας,
1601 3107 1677 3171 ὼς

79 3203 196 3255 τῶν
227 3201 437 3257 πολλῶν
466 3200 911 3272 ἀναχωρητικοὺς
927 3202 1020 3254 καὶ
1035 3200 1238 3273 ἡσυχία
1262 3198 1489 3263 ζῶντας,
1512 3198 1675 3269 εὐηγ-

81 3286 334 3355 γελίζετο
407 3288 503 3341 σὺν
533 3281 578 3356 ᾧ
606 3289 699 3341 καὶ
737 3287 940 3359 πλῆθος
975 3288 1235 3363 οὐρανίας
1274 3289 1533 3359 στρατιᾶς
1581 3286 1675 3341 τὸν

84 3379 422 3451 γεννηθέντα
455 3380 772 3450 ἐδοξολόγει.
817 3380 1005 3434 Ταῦτα
1037 3380 1094 3433 δὲ
1126 3380 1305 3434 πάντα
1334 3396 1675 3435 κατασκευα-

86 3472 254 3525 στικὰ
285 3473 393 3525 εἰσι
426 3471 519 3524 τοῦ
553 3472 643 3525 διά
673 3490 835 3525 τινων
875 3472 1160 3542 δυνάμεων
1209 3471 1310 3535 τὰς
1355 3470 1675 3540 θεοφανείας

86 3562 358 3630 γίνεσθαι,
396 3562 491 3615 καὶ
522 3563 622 3615 οὐκ
655 3562 895 3633 ἀμέσως,
919 3560 1102 3625 καθὼς
1133 3561 1347 3632 οἰηθείη
1376 3579 1479 3625 τις.

164 3764 310 3834 Ἤδη
344 3762 649 3832 προϐαίνων
670 3764 698 3816 ὁ
724 3761 880 3831 λόγος
912 3762 1071 3834 μέχρι
1099 3759 1260 3815 αὑτοῦ
1292 3760 1385 3813 τοῦ
1418 3763 1675 3835 Σωτῆρος

88 3854 339 3925 πρόεισι·
379 3853 472 3905 καὶ
496 3851 661 3916 αὐτὸς
692 3850 820 3921 γὰρ,
853 3854 885 3921 ἠ
917 3848 1243 3920 ὑπερούσιος
1274 3849 1424 3902 αἰτία
1449 3849 1556 3901 τῶν
1585 3849 1675 3901 ού-

91 3944 295 4015 ρανίων
327 3942 609 4012 δυνάμεων
629 3981 641 4004 ,
679 3941 814 4011 πρὸς
857 3939 918 3992 τδ
960 3938 1081 3992 καθ’
1110 3939 1255 4009 ἡμᾶς
1288 3938 1675 4010 ἀμεταδλήτως

89 4030 403 4102 ἐληλυθὼς,
446 4030 545 4083 οὐκ
579 4030 835 4101 ἀποπηδᾷ
874 4028 971 4099 τῆς
1007 4027 1474 4099 ἀνθρωποπαθοῦς
1514 4031 1675 4082 εὐτα-

94 4124 232 4190 ξίας,
264 4122 328 4175 τὸ
350 4121 418 4174 δι’
443 4120 690 4189 ἀγγέλων
720 4122 963 4191 δηλονότι
988 4121 1057 4174 τὰ
1086 4120 1205 4173 καθ’
1237 4121 1398 4174 αὑτὸν
1424 4122 1671 4193 παραδητ

90 4211 341 4275 λοῦσθαι,
388 4212 483 4264 καὶ
526 4210 921 4281 οἰκονομεῖσθαι
966 4210 1119 4281 παρά
1141 4210 1235 4263 τοῦ
1267 4211 1401 4264 Θεοῦ
1434 4214 1527 4266 καὶ
1559 4215 1673 4267 Παι-

89 4305 219 4377 τρός
242 4320 256 4335 ·
295 4302 386 4359 διὰ
426 4301 590 4375 μέσον
628 4302 737 4373 γὰρ
778 4302 959 4356 αὐτῶν
1005 4302 1323 4371 ἀγγέλλεται
1352 4302 1430 4373 τῷ
1475 4305 1672 4378 Ἰωσὴφ

92 4399 123 4467 ἡ
158 4395 297 4465 πρὸς
329 4393 604 4463 Αἴγυπτον
652 4394 1017 4469 ἀναχώρησις,
1068 4395 1161 4448 καί⁵
1192 4397 1225 4468 ἡ
1268 4397 1362 4448 ἀπ’
1395 4396 1671 4463 Αἰγύπτου

1788 1916 2111 1987 prophetali:
2148 1917 2261 1970 fore
2292 1932 2515 1986 puerum
2556 1916 2732 1980 illum,
2763 1918 2853 1986 qui
2890 1933 2957 1972 ex
3004 1918 3120 1987 ipso
3166 1929 3367 1987 praeter

1785 2024 1934 2077 spem
1965 2006 2075 2080 46
2103 2018 2447 2062 nasceretur.
2490 2008 2602 2063 Sed
2647 2009 2825 2077 qualis
2866 2012 3180 2079 argumenti
3232 2027 3365 2079 pro,

1784 2101 1997 2171 pheta?
2039 2100 2403 2169 apparitionis
2435 2100 2557 2155 Filii
2618 2102 2711 2155 Dei
2752 2103 3058 2156 secundum
3114 2118 3361 2158 carnem.

1783 2180 2009 2248 Virilem
2057 2194 2202 2249 enim
2235 2194 2332 2248 Dei
2365 2195 2742 2265 operationem
2796 2205 2955 2250 vocat
2998 2196 3202 2251 Christi
3248 2199 3361 2251 De»

1784 2286 1914 2339 mini
1958 2286 2417 2349 lncarnationem,
2464 2288 2764 2341 secundum
2813 2303 3005 2357 quam,
3051 2304 3170 2351 eum
3218 2288 3363 2344 Dens

1781 2389 1929 2434 esset
1982 2380 2033 2433 in
2082 2394 2271 2445 carne,
2306 2380 2489 2433 divina
2537 2380 2732 2448 gessit.
2777 2380 3061 2450 Deiparam
3088 2396 3219 2435 vero
3252 2382 3365 2434 virs

1780 2472 1961 2541 ginem
1995 2471 2279 2533 instruxit,
2315 2471 2596 2541 quomodo
2628 2473 2679 2524 in
2709 2471 2826 2540 ipsa
2876 2473 3043 2531 ﬂeret
3091 2472 3363 2528 ineﬂabile

1781 2562 1878 2617 Dei
1932 2563 2281 2618 formationis
2333 2564 2678 2635 mysterium.
2728 2563 2900 2618 Porro
2934 2564 3025 2627 Dei
3073 2566 3365 2629 formatio,

1780 2672 1904 2711 nem
1936 2666 2118 2720 vocat,
2153 2656 2298 2725 quod
2330 2672 2454 2710 eum
2487 2658 2628 2710 Dens
2654 2667 2824 2719 esset,
2860 2657 3132 2713 formatus
3174 2660 3247 2712 sit
3296 2659 3357 2712 in

1777 2759 1937 2804 utero
1980 2750 2303 2804 castissima:
2346 2749 2443 2803 Dei
2496 2748 2713 2810 Matris,
2766 2750 2816 2802 in
2863 2762 3139 2819 quantum
3194 2754 3361 2809 homo

1779 2839 1960 2898 factus
1989 2854 2092 2899 est.
2128 2844 2284 2896 Alius
2330 2844 2458 2896 item
2515 2843 2742 2910 angelus
2793 2840 3096 2910 losephnm
3148 2844 3357 2906 docuit,

1776 2935 2054 3003 quomodo
2096 2936 2164 2995 is,
2203 2936 2293 3004 qui
2342 2934 2537 2987 Davidi
2572 2933 2874 3003 promissus
2902 2943 3021 2987 erat
3051 2934 3119 2988 de
3171 2936 3356 2991 fructu

1778 3026 1989 3078 ventris
2041 3026 2161 3093 ejus
2205 3024 2557 3093 collocandus
2608 3024 2663 3077 in
2722 3024 2922 3079 throno
2975 3025 3187 3093 ipsius,
3238 3030 3353 3094 jam

1777 3116 2105 3187 principium
2135 3116 2434 3187 temporale
2461 3116 2758 3171 secundum
2782 3132 2984 3187 corpus
3009 3130 3354 3185 assumeret;

1782 3208 1926 3263 alius
1973 3209 2136 3262 etiam
2170 3209 2513 3278 pastoribus,
2552 3217 2813 3275 tanquam
2863 3208 2917 3260 in
2964 3208 3262 3267 solitudine
3290 3224 3358 3271 se

1777 3301 1959 3369 quiete
1991 3299 2323 3365 viventibus,
2372 3300 2805 3371 evangetizavit;
2850 3314 2979 3353 eum
3028 3314 3138 3368 quo
3176 3300 3351 3360 etiam
3462 3338 3465 3341 -

1776 3392 2068 3446 multitudo
2133 3392 2375 3448 caelestis
2426 3394 2708 3447 exercitus
2760 3404 2949 3446 natum
3007 3393 3353 3463 gloriﬁcavit.

1774 3482 1905 3537 Haec
1954 3491 2134 3537 autem
2183 3484 2368 3535 omnia
2413 3485 2671 3552 probant,
2715 3500 2815 3553 per
2858 3485 3094 3540 virtutes
3139 3484 3355 3553 aliquos

1774 3572 1997 3625 divinas
2027 3572 2400 3639 apparitiones
2441 3572 2582 3637 lierl,
2617 3584 2671 3627 et
2698 3591 2807 3627 non
2839 3574 3176 3639 innnediate,
3208 3574 3354 3631 sicut

1775 3666 1999 3733 quidam
2029 3673 2213 3734 posset
2244 3666 2480 3734 opinari.

1846 3756 2125 3812 Hactenus
2156 3772 2342 3811 sermo
2370 3766 2558 3813 uoster
2589 3759 2659 3811 ad
2690 3758 2861 3828 ipsum
2888 3749 3065 3829 usque
3094 3760 3352 3815 Salvae.

1776 3862 1890 3901 rem
1923 3862 2269 3919 progressus,
2318 3850 2579 3919 quoniam
2624 3860 2681 3904 et
2718 3850 2948 3918 ipsemet
2992 3866 3350 3920 superessent.-

1772 3938 1926 3993 tialis
1971 3938 2275 3994 cmlestium
2316 3940 2580 3992 virtutum
2624 3949 2817 3993 auctor
2861 3941 3160 4004 exsistens,
3200 3951 3353 4010 postr

1770 4044 1937 4098 quam
1971 4041 2223 4085 naturam
2270 4041 2517 4085 nostram
2554 4032 2977 4091 immutabiliter
3023 4035 3347 4103 assumpsit,

1769 4135 2124 4189 nequaquam
2180 4121 2383 4191 refugit
2444 4123 2741 4177 humanam
2794 4123 3241 4187 ordinationem,
3291 4136 3351 4179 ut

1775 4211 1990 4266 scilicet
2038 4225 2139 4279 per
2178 4211 2433 4281 angelos,
2482 4226 2550 4265 ea
2576 4227 2705 4280 qua
2737 4215 2804 4266 ad
2850 4214 3029 4284 ipsum
3070 4226 3347 4286 spectant,

1770 4301 2095 4355 revelentur
2122 4316 2187 4356 ac
2231 4302 2591 4371 disponantur
2627 4318 2655 4355 ιι
2691 4305 2798 4359 Deo
2838 4320 2900 4361 ac
2932 4305 3095 4361 Patre
3126 4309 3346 4376 tsiqui,

1772 4392 1896 4447 dem
1946 4394 2191 4463 ipsorum
2223 4408 2388 4461 opera
2421 4394 2661 4464 lescpr
2702 4397 3068 4452 «aununtiatur
3097 4414 3350 4468 recessus

94 4487 231 4559 πρὸς
263 4487 365 4557 τὴν
412 4485 667 4545 Ἰουδαίαν
709 4483 862 4550 αὖθις
904 4488 1217 4559 μεταγωγή.
1252 4488 1361 4540 Καὶ
1401 4487 1468 4539 δι’
1510 4489 1669 4556 ἀγγέ-

1866 4484 2183 4567 Egyptum,
2216 4498 2271 4542 et
2306 4488 2377 4542 ab
2410 4486 2648 4559 Egypto
2678 4488 2877 4542 iterum
2903 4485 3349 4549 inJudaemmd.

92 4577 199 4632 λων
224 4579 392 4635 αὑτὸν
426 4579 643 4651 ὁρῶμεν
668 4578 773 4631 ὑπὸ
794 4578 885 4632 τὸν
918 4579 1081 4649 νόμον
1110 4578 1433 4649 ταττόμενον
1454 4598 1466 4607 ·
1499 4580 1526 4633 ό
1564 4579 1671 4653 γάρ

92 4670 337 4733 τοιοῦτος
364 4671 530 4745 νόμος
559 4671 625 4733 δι’
652 4670 898 4738 ἀγγέλων
941 4670 1093 4741 ἐδόθη
1116 4709 1131 4733 ,
1165 4670 1256 4738 ὑφ’
1293 4669 1352 4721 ὃν
1382 4670 1476 4723 καὶ
1510 4670 1673 4732 αὐτὸς

104 4761 385 4830 γενόμενος
410 4801 425 4825 ,
472 4761 540 4814 δι’
587 4762 832 4830 ἀγγέλων
878 4762 1117 4833 δηλονότι
1172 4763 1273 4834 τὴν
1319 4760 1672 4831 θεσμοθεσίαν

93 4857 327 4925 δέχεται.
362 4855 696 4926 Παραλείπω
740 4856 920 4924 λέγειν
955 4873 1037 4909 σοι
1076 4855 1152 4918 ὡς
1189 4856 1383 4920 εἰδότι,
1418 4850 1463 4909 ὦ
1506 4855 1673 4925 Τιμό-

95 4950 202 5011 θεε,
226 4950 296 5001 τὰ
314 4948 424 5001 τῶν
447 4949 679 5019 Γραφῶν
701 4950 875 5021 μυστή
885 4967 973 5021 ρια
992 4990 1006 5015 ,
1034 4949 1129 5002 καὶ
1161 4951 1289 5020 περὶ
1314 4948 1407 5002 τοῦ
1440 4948 1675 5017 ἀγγέλου,

93 5048 185 5101 τοῦ
218 5048 314 5101 τὸν
342 5047 622 5117 Δεσπότην
648 5048 884 5119 Χριστὸν
929 5050 987 5101 ἐν
1018 5048 1097 5118 τῷ
1131 5047 1309 5123 καιρῷ
1342 5047 1437 5107 τοῦ
1468 5047 1672 5110 πάθους

95 5140 476 5210 ὲνισχύσαντος
495 5156 507 5168 ·
542 5138 571 5191 ὃ
592 5138 700 5209 γάρ
732 5139 791 5190 ὲν
821 5138 900 5209 τῷ
932 5137 1247 5208 Εὑαγγελίῳ
1276 5135 1423 5204 λέγει
1446 5139 1474 5189 ό
1501 5138 1671 5207 μέγας

101 5233 329 5297 Λουκᾶς,
360 5229 438 5295 ὡς
472 5234 769 5301 μυστήριον
792 5228 1064 5300 παρεδόθη
1106 5228 1212 5283 ὑπὸ
1244 5227 1338 5281 τοῦ
1373 5227 1668 5281 ἀποστόλου

93 5330 309 5384 Παύλου
332 5328 563 5391 τούτοις.
600 5329 695 5381 Ἕν
717 5328 810 5382 καὶ
840 5328 901 5380 τὸ
926 5328 1182 5381 ἐπέκεινα
1211 5326 1437 5390 τούτων,
1463 5327 1543 5379 ὅτι
1576 5327 1670 5380 καὶ

93 5422 249 5487 αὐτὸς
260 5422 516 5490 Ἀγγελος
540 5421 642 5491 τῆς
673 5420 913 5492 μεγάλης
939 5420 1135 5490 βουλῆς
1161 5418 1376 5487 λέγεται
1414 5418 1566 5489 παρά
1592 5418 1669 5489 τῷ

104 5514 320 5585 Ἡσαΐᾳ,
351 5512 523 5566 ἐλθὼν
555 5514 649 5565 καὶ
676 5512 837 5575 αὐτὸς
871 5514 949 5575 είς
982 5511 1379 5581 ἐκφαντορικὴν
1404 5510 1554 5575 τάξιν
1580 5509 1669 5564 διά

96 5604 189 5673 τὴν
220 5603 502 5674 ἡμετέραν
532 5601 831 5673 σωτηρίαν,
871 5600 965 5654 καὶ
1009 5600 1439 5669 ἀγγελοπρεπῶς
1469 5600 1663 5668 λέγων·

99 5694 249 5747 Ὅσα
293 5694 536 5764 ἤκουσα
582 5695 743 5761 παρὰ
782 5692 891 5745 τοῦ
935 5692 1164 5759 Πατρός
1186 5731 1201 5755 ,
1255 5691 1442 5746 ταῦτα
1492 5688 1668 5744 λελάρ

111 5788 268 5853 ὶηκα,
319 5789 413 5841 καὶ
462 5785 542 5840 τό·
594 5784 975 5856 Ἐφανέρωσά
1022 5799 1134 5837 σου
1184 5782 1248 5835 τὸ
1304 5784 1491 5852 ἔνωμα
1542 5782 1665 5847 τοῖς

1776 4577 1909 4634 itus.
1976 4579 2041 4633 Et
2068 4594 2167 4650 per
2196 4582 2616 4651 augelosipsam
2652 4584 2904 4637 videmus
2928 4585 3037 4637 sub
3072 4584 3193 4653 lege
3209 4600 3348 4638 ωυρ-

1775 4670 2021 4722 Stitntum
2052 4692 2063 4724 :
2094 4686 2220 4723 natn
2280 4687 2375 4741 per
2427 4674 2647 4742 angelos
2688 4671 3020 4739 ejuscemodi
3079 4673 3167 4727 lex
3220 4674 3345 4727 data

1773 4769 1878 4823 est,
1916 4762 2017 4815 sub
2053 4778 2161 4832 qua
2193 4764 2360 4817 etiam
2396 4763 2511 4833 ipse
2566 4765 2743 4822 factus
2768 4805 2783 4829 ,
2835 4780 2932 4834 per
2960 4766 3184 4832 angelos
3215 4780 3345 4835 prot-

1775 4850 1919 4907 lecto
1969 4853 2101 4923 legis
2157 4855 2493 4910 sanctionem
2548 4858 2769 4926 accipit.
2820 4850 3033 4911 Omitto
3084 4858 3182 4921 tibi
3227 4866 3347 4909 tan,

1774 4958 1935 5012 quam
1988 4947 2221 5012 scienti,
2279 4963 2313 5001 ο
2364 4946 2683 5011 TimOIhee,
2738 4964 3031 5003 recensere
3084 4948 3343 5021 mysteria

1775 5034 2231 5105 Scripturarum,
2288 5047 2345 5092 et
2398 5040 2465 5093 de
2515 5038 2709 5109 angelo
2772 5038 3042 5108 passionis
3103 5047 3345 5107 tempore

1772 5127 2047 5182 Christum
2106 5130 2396 5183 Dominum
2451 5132 2797 5185 confortante
2847 5148 2859 5182 :
2913 5130 3054 5197 quod
3100 5130 3244 5183 enim
3288 5132 3344 5185 iu

1771 5219 2069 5283 Evangelio
2095 5235 2325 5289 magnus
2354 5219 2532 5274 Lucas
2575 5221 2782 5286 refert,
2839 5229 3094 5288 tanquam
3139 5230 3346 5290 myste-

1774 5313 1913 5366 rium
1946 5314 2032 5367 his
2078 5314 2145 5367 ab
2193 5314 2441 5383 apostolo
2490 5313 2660 5368 Paulo
2696 5312 2958 5367 traditum
3004 5323 3110 5366 est.
3164 5311 3343 5366 Unum

1773 5422 1934 5476 porro
1968 5406 2093 5460 illud
2114 5405 2433 5460 etiamthtec
2462 5414 2705 5473 superat,
2733 5405 2876 5473 quod
2911 5404 3078 5462 etiam
3114 5404 3346 5474 ipsemet

1773 5502 1953 5571 magni
1982 5501 2201 5555 consilii
2235 5500 2477 5571 Angelus
2524 5501 2592 5555 ab
2624 5498 2761 5553 Isaia
2789 5500 3131 5564 nominat-ur;
3170 5514 3345 5568 quau-

1771 5592 2065 5664 doquidt‘at
2111 5593 2279 5653 etiam
2316 5593 2433 5667 ipse
2464 5601 2690 5661 propter
2723 5597 2965 5649 nostram
3011 5593 3239 5653 salutem
3286 5588 3342 5642 in

1771 5687 2019 5744 ordinem
2061 5683 2274 5743 venerit
2321 5699 2513 5745 eorum
2561 5680 2653 5751 qui
2704 5679 3094 5741 ntauil‘estatnli
3140 5693 3343 5739 munus

1772 5781 2010 5844 obeunt,
2055 5786 2108 5834 et
2155 5777 2475 5848 angelorum
2524 5788 2679 5839 more
2718 5772 2962 5841 dixerit:
3003 5776 3339 5843 Quinum;
