3734 6324
427 275 525 331 195

1628 274 1684 330 S.
1724 273 1881 330 01οΝ
1892 273 2023 329 YSlI
2056 274 2524 331 AREOPAGIT/E
3608 285 3676 339 illi;

420 391 597 443 audivi
626 408 655 443 η
694 389 876 454 Patre,
913 390 1024 443 lucc
1055 391 1259 443 locutus
1290 406 1405 442 sunt
1433 393 1477 453 ι,
1513 400 1569 443 et
1597 390 1728 444 illud
1764 408 1778 444 :
1823 391 1968 446 Mani

2167 394 2467 459 θθρώποις,
2533 394 2668 464 πρὸς
2714 394 2805 447 τὸν
2864 394 3084 467 Πατέρα
3128 392 3347 466 λεχθέν·
3395 398 3562 451 τοῦτο
3602 403 3679 469 γάρ

420 480 608 550 {atavi
639 498 825 535 nomen
856 492 1004 535 tuum
1027 483 1322 535 hominibus
1346 489 1398 545 ιι,
1426 482 1493 535 ad
1522 482 1733 536 Patrem
1765 483 2001 539 dictum:

422 572 527 627 hoc
556 571 826 640 siquidem
857 582 944 627 est
968 573 1370 627 manifestatio.

783 899 891 971 47
962 889 1342 978 CAPUT
1417 895 1528 977 V.

460 1020 637 1086 Quare
685 1041 863 1077 omnes
899 1026 1136 1077 essentia’
1182 1025 1410 1077 (mlestes
1456 1025 1719 1076 communi
1760 1024 1968 1077 nomine

976 1093 1148 1163 angeli
1185 1105 1453 1148 vocentur.

2112 485 2257 538 ἐστιν
2286 487 2318 555 ἡ
2355 487 2708 559 ὲκεραντορία.

2486 885 3133 969 ΚΕΦΑΛΑΙΟΝ
3189 888 3253 969 Ε
3273 881 3317 969 ’.

2167 1022 2269 1075 Διὰ
2305 1021 2360 1074 τί
2392 1020 2580 1075 πᾶσαι
2613 1026 2673 1075 αἱ
2709 1022 2973 1089 οὐράνιοι
3010 1025 3211 1077 οὐσίαι
3244 1026 3398 1077 κατὰ
3434 1025 3640 1077 κοινοῦ

2603 1092 2843 1163 ἄγγελοι
2890 1094 3191 1163 λέγονται.

1705 1247 2043 1304 SYNOPSIS
2075 1247 2376 1307 CAPITIS.

416 1408 579 1471 Docet,
628 1417 798 1454 nomen
841 1400 1020 1471 angeli,
1056 1402 1275 1471 quamvis
1309 1401 1703 1471 proin-ieultimo
1724 1401 1890 1471 ordini
1916 1401 2180 1471 (mlestium
2203 1403 2462 1470 spirituum
2482 1401 2751 1471 conveniat,
2769 1401 3103 1471 superioribus
3135 1411 3293 1455 tamen
3315 1404 3670 1471 ordinibusnm

476 1465 735 1530 incongrue
761 1462 954 1530 (αἰνίζιὶιὶ
977 1479 993 1524 ;
1035 1462 1147 1530 eum
1165 1525 1175 1530 _
1191 1473 1235 1530 et
1258 1462 1351 1530 ipsi
1375 1462 1665 1530 inferiorum
1692 1464 1915 1530 _vi_rtutes
1940 1463 2194 1530 obtineant,
2222 1462 2265 1517 et
2288 1465 2567 1530 earumdem
2587 1465 2719 1517 obire
2740 1462 2923 1530 possint
2952 1466 3237 1529 functiones,
3258 1474 3404 1529 atque
3426 1471 3555 1518 adeo
3581 1468 3672 1518 inde

475 1525 887 1577 etiam'nontinari
911 1525 1095 1590 possint
1118 1540 1135 1577 :
1158 1525 1471 1592 inferioribus
1501 1540 1612 1577 vero
1632 1525 1701 1577 uti
1726 1525 1943 1585 virtutes,
1969 1527 2041 1576 sic
2061 1541 2146 1577 nec
2165 1527 2362 1579 nomina
2384 1527 2691 1589 superiorum
2712 1525 3003 1580 cbnveniré.‘

483 1678 611 1736 Haec
655 1676 875 1748 quidem
900 1685 1017 1737 est,
1050 1685 1318 1742 quantum
1352 1676 1617 1744 capimus,
1659 1678 1918 1744 angelicae
1948 1678 1960 1731 i

2174 1677 2323 1748 Αὕτη
2357 1677 2454 1747 μὲν
2488 1673 2580 1731 οὖν
2618 1679 2784 1741 ἐστιν,
2818 1678 2891 1742 ὡς
2918 1681 2950 1750 ἡ
2987 1678 3111 1731 καθ’
3144 1679 3289 1748 ἡμᾶς
3309 1679 3378 1741 ³⁷,
3410 1680 3562 1731 αἰτία
3589 1682 3671 1748 τῆς

413 1774 652 1844 eloquiis
708 1770 1091 1840 appellationis
1156 1785 1358 1833 causa;
1413 1769 1770 1824 scrutandum
1835 1771 1994 1824 modo

415 1878 640 1927 censeo,
676 1879 776 1917 cur
809 1860 1080 1927 theologi,
1115 1876 1305 1915 omnes
1344 1862 1551 1930 pariter
1578 1863 1847 1916 essentias
1884 1878 1995 1917 caa-

413 1960 583 2013 lestes
610 1956 838 2027 angelos
862 1956 1181 2026 appellent;
1219 1955 1308 2009 ubi
1341 1966 1525 2009 autem
1555 1956 1623 2007 ad
1655 1955 1996 2023 explanatio-

411 2067 534 2106 nem
591 2062 810 2106 ventutu
864 2051 1027 2103 fuerit
1058 2047 1586 2117 supermundialium
1631 2048 1872 2115 ipsarqu
1904 2063 1996 2101 or-

410 2144 796 2207 diuatiouum,
855 2143 1105 2197 ordinem
1166 2140 1473 2206 angelicum
1534 2140 1751 2208 preprie
1798 2150 1995 2195 vocent

404 2254 569 2301 eum,
618 2239 711 2309 qui
770 2238 988 2293 divinos
1040 2236 1409 2303 caelestesque
1458 2234 1679 2287 ordines
1728 2234 1994 2304 cxplendo

406 2332 626 2386 claudat
656 2350 671 2386 :
708 2332 797 2385 isti
833 2345 962 2383 vero
994 2329 1410 2398 archangelicas
1439 2336 1784 2395 anteponant
1817 2328 1995 2397 dispoo

407 2426 659 2487 sitioues,
690 2433 745 2478 et
776 2422 1135 2493 principatus,
1171 2436 1235 2475 ac
1275 2428 1599 2489 potestates,
1633 2421 1990 2491 virtutesque,

406 2526 464 2572 et
506 2530 866 2585 quascunque
916 2514 1067 2568 hisce
1118 2511 1379 2566 celsiores
1412 2512 1638 2582 spiritus
1684 2524 1992 2582 agnoscunt

404 2609 746 2677 eloquiorum
791 2606 1182 2675 explauatoria:
1235 2606 1557 2660 traditiones
1583 2614 1630 2663 ν.
1682 2609 1993 2661 Assertmus

416 2702 608 2770 igitur,
665 2698 964 2754 secundum
1012 2712 1226 2752 omnem
1279 2712 1493 2752 sacram
1540 2699 1988 2766 dispositionem,

408 2792 727 2860 superiores
796 2805 1015 2860 quoque
1070 2791 1340 2855 ordines,
1396 2790 1717 2845 inferiorum
1772 2806 1990 2859 quoque

404 2885 680 2954 agminum
753 2883 1251 2937 illuminationibus
1296 2883 1701 2952 virtutibusque
1748 2884 2017 2953 pollere,

407 2987 722 3045 postremos
751 2990 880 3029 vero
911 2991 1016 3029 non
1046 2976 1171 3029 item
1205 2976 1553 3045 superiorum
1584 2991 1806 3030 suorum
1854 2992 1991 3030 cou-

2102 1769 2400 1840 άγγελικῆς
2445 1771 2629 1834 αὐτοῖς
2656 1772 2700 1803 ⁸⁸
2747 1771 2950 1837 λογίοις
2994 1772 3343 1841 ἐπωνυμίας·
3392 1772 3671 1841 ἐρευνῆσαι

2096 1859 2153 1912 δὲ
2180 1859 2254 1921 ὡς
2277 1854 2429 1929 οἶμαι
2460 1859 2586 1930 χρὴ,
2620 1860 2687 1913 δι’
2712 1861 2778 1931 ἦν
2806 1862 2984 1914 αἰτίαν
3018 1864 3066 1913 οἱ
3096 1862 3332 1930 θ;ολόγοι
3374 1864 3559 1925 πάσας
3591 1865 3671 1932 μὲν

2097 1952 2213 2023 ἅμα
2256 1950 2356 2013 τὰς
2389 1952 2670 2022 οὐρανίους
2718 1952 2905 2015 οὐσίας
2934 1953 3198 2022 ἀγγέλους
3231 1954 3458 2007 καλοῦσι
3489 1972 3504 1986 ο
3549 1955 3673 2024 πρδς

2094 2046 2151 2100 δὲ
2204 2045 2304 2116 τὴν
2363 2045 2727 2116 ὲκφαντορίαν
2780 2044 3065 2116 ἐρχόμενοι
3121 2045 3230 2098 τῶν
3292 2046 3672 2117 ὐπερκοσμίων

2100 2136 2145 2167 ⁸⁸
2170 2135 2346 2189 αὐτῶν
2372 2138 2807 2210 διακοσμήσεων,
2848 2137 3000 2203 τάξιν
3043 2139 3338 2209 ἀγγελικὴν
3377 2138 3526 2200 ἰδίως
3565 2138 3671 2188 ὀνο-

2099 2229 2365 2302 μάζουσι,
2419 2231 2519 2302 τὴν
2575 2229 3045 2303 συμπληρωτικῶς
3104 2230 3563 2301 ἀποπερατοῦσαν
3613 2232 3671 2284 τὰ

2094 2323 2211 2379 Θεῖα
2240 2326 2334 2380 καὶ
2369 2324 2597 2397 οὐράνια
2628 2325 2884 2396 τάγματα
2905 2339 2917 2353 ο
2956 2322 3062 2393 πρὸ
3089 2322 3293 2392 ταύτης
3329 2323 3384 2376 δὲ
3415 2324 3669 2396 ὑπερκει-

2097 2419 2273 2489 μένως
2300 2418 2554 2472 τάττουσι
2599 2419 2725 2481 τοὺς
2758 2415 3189 2488 άρχαγγελικούς
3212 2416 3281 2447 ¹⁰⁰
3313 2415 3667 2487 διακόσμους,

2091 2509 2191 2574 τάς
2227 2526 2287 2562 τε
2340 2508 2534 2581 ἀρχάς,
2573 2508 2666 2562 καὶ
2694 2499 3087 2577 τὰς’ὲξουσίας,
3128 2505 3347 2569 καὶτὰς
3392 2507 3666 2577 δυνάμεις,

2091 2602 2222 2665 ὅσας
2247 2618 2305 2653 τε
2334 2601 2540 2654 τούτων
2572 2598 3011 2671 ὑπερϐεϐηκυίας
3039 2599 3227 2662 οὐσίας
3260 2600 3314 2652 αἱ
3347 2599 3458 2651 τῶν
3482 2599 3667 2668 λογίων

2094 2693 2269 2747 ἴσασιν
2311 2694 2705 2766 ἐκφαντορικαὶ
2754 2693 3104 2765 παραδόσεις.
3153 2693 3337 2763 Φαμὲν
3391 2692 3447 2745 δὲ
3477 2734 3493 2757 ,
3552 2695 3665 2755 ὅτι,

2075 2788 2233 2843 ,κατὰ
2280 2791 2462 2843 πᾶσαν
2509 2787 2660 2859 ἱερὰν
2695 2788 3088 2857 διακόσμησιν,
3126 2786 3181 2838 αἱ
3229 2787 3323 2855 μὲν
3363 2787 3665 2858 ὑπερϐεϐη-

2091 2888 2241 2939 κυῖαι
2268 2882 2449 2950 τάξεις
2492 2883 2672 2952 ἔχουσι
2702 2881 2796 2934 καὶ
2826 2880 2924 2943 τὰς
2971 2880 3078 2932 τῶν
3123 2878 3427 2949 ὐφειμένων
3492 2881 3663 2933 διακο-

2092 2979 2342 3049 σμὴσεων
2365 2974 2658 3045 ὲλλάμψεις
2684 2974 2777 3026 καὶ
2807 2972 3066 3043 δυνάμεις
3088 2971 3127 3034 ¹,
3160 2969 3449 3041 ἀμέθεκτοι
3482 2972 3540 3025 δὲ
3564 2972 3663 3023 τῶν

397 3080 582 3123 sortes
632 3083 777 3124 esse.
827 3067 1020 3137 Itaque
1066 3069 1417 3122 sanctissima
1464 3067 1555 3120 illa
1608 3083 1968 3134 supremorum

2167 3068 2256 3132 τὰς
2298 3067 2747 3139 ’ὑπερκειμένων
2800 3065 2936 3117 εἰσὶν
2981 3064 3037 3116 αἱ
3083 3064 3408 3117 τελευταῖαι.
3456 3064 3541 3116 Τὰ
3576 3065 3663 3134 μὲν

400 3162 624 3232 sgmina
660 3160 985 3227 spirituum,
1017 3158 1241 3228 angelos
1269 3173 1484 3226 quoque
1521 3158 1758 3225 theologi
1794 3158 1982 3226 appel-

401 3253 539 3316 lant,
569 3252 714 3321 quod
749 3260 805 3305 et
842 3252 956 3320 ipsa
996 3251 1237 3303 divinam
1269 3250 1626 3306 inanil‘cstent
1659 3250 1981 3305 illustratio-

404 3360 556 3400 nem.
619 3343 791 3397 Porro
845 3342 1150 3397 caelestium
1205 3342 1687 3410 intelligentiarum
1732 3342 1978 3397 ordinem

408 3435 811 3497 novissimum,
861 3434 948 3488 vel
1001 3434 1450 3504 principatuum,
1501 3434 1584 3487 vel
1636 3436 1977 3509 thronormu,

400 3527 485 3581 vel
518 3527 936 3594 seraphinorum
987 3526 1208 3579 nomine
1258 3524 1620 3595 compellendi
1663 3526 1801 3580 ratio
1832 3526 1978 3580 nulla

399 3619 727 3688 suppetebat
755 3634 768 3669 :
800 3631 978 3685 neque
1002 3616 1147 3669 enim
1194 3617 1770 3685 praestantissimarum
1807 3617 1978 3671 virtu-

398 3720 512 3765 tum
533 3711 746 3765 illarum
766 3709 1040 3779 particeps
1062 3709 1315 3771 exsistit,
1334 3707 1427 3761 sed
1453 3710 1598 3763 sicut
1628 3710 1740 3777 ipse
1764 3708 1977 3762 divinos

404 3812 627 3857 nostros
659 3801 1009 3856 sacerdotum
1041 3799 1317 3869 principes
1345 3799 1567 3853 adducit
1595 3800 1664 3854 ad
1706 3800 1979 3868 przestitu-

401 3902 483 3945 tas
532 3891 634 3945 sibi
686 3890 995 3945 divinitatis
1040 3890 1520 3952 collustrationes;
1557 3889 1631 3943 ita
1660 3888 1975 3952 etiamilke,

396 3996 518 4051 quze
554 3984 650 4037 hos
685 3982 915 4052 spiritus
941 3982 1260 4053 praecedunt
1296 3982 1686 4037 sacratissima:
1719 3982 1973 4046 virtutes,

396 4075 465 4127 ad
501 4076 742 4130 divinum
779 4075 986 4130 Numen
1022 4075 1304 4145 subriguut
1348 4074 1760 4129 distinctiOuem
1796 4073 1973 4136 illaut,

393 4181 521 4236 quae
549 4169 835 4238 angelicas
863 4168 1127 4238 adimplet
1152 4168 1513 4222 hierarchias.
1545 4166 1658 4221 Nisi
1686 4166 1825 4220 forte
1853 4168 1974 4235 quis

398 4271 719 4312 communes
744 4272 864 4311 esse
903 4256 1035 4310 velit
1057 4254 1333 4323 angelicas
1354 4270 1545 4309 omnes
1563 4253 1971 4324 appellationes,

391 4347 548 4417 juxta
573 4348 880 4402 caelestium
908 4348 1176 4402 virtutum
1204 4347 1450 4400 omnium
1486 4346 1539 4400 in
1584 4347 1967 4410 deiformitate,

397 4442 603 4508 Deique
637 4439 723 4493 vel
750 4438 1057 4494 remissiori
1093 4438 1179 4493 vel
1214 4438 1558 4493 eminentiori
1592 4439 1796 4492 lumine
1822 4454 1971 4493 com-

398 4532 849 4587 municationem.
903 4528 1105 4584 Verum
1141 4546 1249 4600 quo
1285 4530 1599 4584 distinctior
1634 4530 1790 4584 nobis
1837 4547 1966 4601 pro—

391 4624 552 4678 cedat
574 4622 774 4684 oratio,
812 4630 1193 4676 sacrosanctus
1243 4618 1508 4689 cujusque
1544 4620 1783 4676 caelestis
1814 4622 1965 4675 ordi-

395 4717 480 4769 nis
522 4715 916 4784 prOprietatcs,
967 4728 1087 4782 qua:
1125 4712 1283 4766 nobis
1316 4712 1367 4765 in
1405 4711 1639 4781 eloquiis
1679 4712 1965 4768 elucidatze

392 4815 542 4872 sunt,
575 4821 712 4876 pura
745 4813 927 4861 mente
958 4803 1417 4874 contemplemur.
1646 4816 1653 4819 '

2086 3156 2179 3214 οὖν
2214 3157 2493 3228 ἁγιώτατα
2536 3159 2644 3211 τῶν
2676 3156 2993 3229 ὐπερτάτων
3034 3156 3230 3208 οὐσιῶν
3270 3156 3529 3227 τάγματα
3578 3156 3665 3207 καὶ

2083 3254 2348 3325 ἀγγέλους
2376 3253 2630 3307 καλοῦσιν
2665 3255 2712 3305 οἱ
2751 3253 3012 3321 θεολόγοι,
3039 3251 3265 3322 καὶγὰρ
3300 3253 3435 3304 εἰσιν
3465 3254 3661 3319 ἐκφαν-

2082 3346 2277 3419 τορικὰ
2335 3347 2428 3399 καὶ
2470 3345 2609 3400 αὐτὰ
2666 3345 2767 3415 τῆς
2814 3345 3111 3416 θεαρχικῆς
3163 3343 3504 3414 ὲλλάμψεως.
3558 3344 3661 3411 Τὴν

2081 3436 2233 3500 τάξιν
2262 3436 2320 3488 δὲ
2346 3436 2445 3506 τὴν
2477 3435 2584 3489 τῶν
2616 3436 2884 3505 οὐρανίων
2913 3435 3047 3489 νοῶν
3077 3433 3388 3487 τελευταίαν
3421 3435 3523 3486 οὐκ
3557 3434 3661 3503 ἔχει

2081 3527 2236 3598 λόγον
2266 3526 2460 3599 ἀρχάς,
2497 3526 2516 3556 ³
2539 3530 2570 3597 ἢ
2595 3527 2840 3597 Θρόνους,
2870 3526 2902 3597 ἣ
2930 3528 3169 3597 σεραφὶμ
3191 3525 3478 3597 ὀνομάζειν
3502 3542 3517 3555 ο
3549 3524 3663 3577 οὐδὲ

2082 3623 2194 3694 γάρ
2241 3624 2387 3674 ἐστιν
2430 3622 2485 3673 ὲν
2537 3618 2795 3690 μετουσίᾳ
2841 3617 2948 3670 τῶν
2995 3617 3312 3689 ὐπερτάτων
3355 3614 3658 3685 δυνάμεων,

2082 3715 2195 3769 ἀλλ’
2229 3713 2417 3784 ῶσπερ
2462 3710 2598 3779 αὕτη
2625 3710 2753 3772 τοὺς
2796 3708 2916 3761 καθ’
2948 3709 3095 3778 ἡμᾶς
3139 3705 3356 3768 ἐνθέους
3401 3705 3661 3777 ίεράρχας

2083 3808 2273 3876 ἀνάγει
2324 3806 2460 3876 πρὸς
2502 3802 2601 3865 τὰς
2652 3800 3004 3871 ὲγνωσμὲνας
3050 3801 3185 3871 αὐτῇ
3226 3799 3326 3868 τῆς
3358 3798 3660 3869 θεαρχίαςδ

2081 3901 2273 3971 αὐγὰς,
2308 3900 2449 3952 οὕτω
2480 3898 2574 3951 καὶ
2603 3896 2711 3949 τῶν
2752 3895 2857 3966 πρὸ
2888 3894 3059 3963 αὐτῆς
3093 3893 3291 3946 οὐσιῶν
3322 3894 3379 3944 αἱ
3410 3894 3658 3963 πανίεροι

2077 3991 2332 4062 δυνάμεις
2365 3986 2706 4055 άναγωγικαὶ
2738 3984 2875 4056 πρὸς
2897 3983 2957 4035 τὸ
2988 3982 3139 4035 Θεῖόν
3168 3983 3273 4034 είσι
3299 3982 3400 4051 τῆς
3420 3984 3661 4052 ἀποπλη-

2081 4085 2280 4156 ρούσης
2312 4081 2411 4144 τὰς
2458 4077 2753 4147 ἁγγελικάς
2797 4077 3080 4148 ἱεραρχίας
3111 4076 3545 4146 διακοσμήσεως.
3597 4076 3655 4127 Εἰ

2082 4174 2154 4245 μὴ
2191 4174 2298 4244 ἄρα
2320 4190 2403 4235 τις
2436 4172 2531 4224 καὶ
2561 4168 2719 4223 τοῦτο
2766 4168 2935 4237 φαίη,
2974 4167 3034 4219 τὸ
3080 4166 3261 4228 κοινὰς
3298 4162 3440 4219 εἶναι
3479 4169 3655 4231 πάσας

2074 4265 2173 4330 τὰς
2227 4261 2524 4332 άγγελικὰς
2575 4260 2896 4331 ὀνομασίας,
2957 4258 3096 4312 κατὰ
3156 4258 3253 4329 τὴν
3316 4259 3507 4312 πασῶν
3549 4260 3653 4311 τῶν

2075 4354 2337 4425 οὐρανίων
2389 4352 2670 4421 δυνάμεων
2720 4352 2799 4412 είς
2852 4350 2913 4401 τὸ
2968 4348 3234 4411 θεοειδὲς,
3284 4350 3377 4401 καὶ
3437 4349 3538 4420 τὴν
3593 4352 3654 4401 ἐκ

2071 4441 2206 4495 Θεοῦ
2255 4438 2584 4509 φωτοδοσίαν
2643 4437 2939 4507 ὐφειμένην
2998 4437 3092 4490 καὶ
3145 4436 3493 4507 προῦχουσαν
3544 4459 3652 4494 κοι-

2071 4532 2285 4587 νωνίαν.
2352 4530 2488 4583 Ἀλλ’
2523 4530 2608 4582 ἵνα
2659 4528 2856 4599 μᾶλλον
2900 4530 3030 4599 ἡμῖν
3075 4531 3103 4582 ὀ
3147 4530 3304 4598 λόγος
3342 4531 3649 4604 διευκρινη-

2073 4626 2223 4696 οείη,
2272 4625 2578 4694 κατίδωμεν
2626 4622 2785 4693 ἱερῶς
2836 4622 2934 4686 τὰς
2979 4624 3036 4675 ὲν
3081 4628 3193 4687 τοῖς
3245 4623 3448 4693 λογίοις
3493 4628 3648 4678 Exn:—

2074 4717 2353 4788 φασμένας
2400 4717 2756 4785 ἁγιοπρεπεῖς
2804 4714 3065 4787 ἰδιότητας
3110 4717 3349 4787 ἑκάστης
3392 4718 3646 4789 οὐρανίας

2070 4807 2337 4878 διακοσμή
2346 4823 2500 4869 σεως.

1508 5062 1619 5134 48
1652 5063 2181 5123 ADNOTATIONES
2219 5065 2566 5122 CORDERII.

467 5177 703 5253 Angelici
753 5177 988 5232 nominis
1035 5187 1090 5233 et
1135 5176 1293 5253 cilicii
1348 5178 1917 5253 rationeAassignata,
1979 5182 2175 5249 «putarit
2229 5180 2347 5243 hic,
2398 5195 2732 5253 curomnes“
2766 5177 3019 5253 caelestes
3051 5179 3638 5253 sprtritusrangelurum

382 5247 618 5304 .nmuiue
661 5260 940 5313 vocentur,
971 5263 1095 5302 cum
1142 5247 1195 5301 id
1240 5250 1514 5318 proprium
1538 5249 1619 5337 sit
1648 5249 1860 5303 ordinis
1893 5247 2176 5318 postremi,
2214 5260 2401 5319 utpote
2428 5252 2515 5320 qui
2544 5266 2607 5305 ex
2647 5249 2822 5306 oﬂicio
2864 5252 2931 5303 ad
2976 5247 3224 5304 homines
3270 5247 3639 5311 destinantur.

470 5366 487 5401 ί
515 5363 670 5418 Joan.
704 5360 886 5427 xv,l5.
961 5371 986 5400 ιι
1009 5358 1167 5415 Joan.
1209 5376 1340 5427 xvtt,
1373 5363 1424 5415 6.

1532 5371 1558 5399 ν
1590 5362 1737 5418 Psal.
1767 5377 1865 5427 cu,
1908 5376 1962 5418 et
1999 5363 2188 5418 Matth.
2231 5379 2359 5421 xxv.

1704 5474 1935 5529 VARle
1976 5475 2372 5533 LECTlONES.

459 5596 501 5627 θ’
538 5594 599 5648 D.
636 5592 693 5646 S.
751 5608 856 5646 non
904 5592 1103 5646 habent
1152 5590 1436 5646 articulum
1466 5590 1533 5660 ’ή.

380 5733 654 5798 ἐξουσίας.
731 5736 753 5764 ⁵
784 5750 873 5803 γρ.
912 5732 1208 5803 ἱεραρχιας.

1660 5588 1707 5621 ³⁸
1749 5590 1861 5644 leae
1912 5590 1969 5643 ἐν
2013 5594 2141 5644 τοῖς.

459 5607 499 5627 ³⁷
539 5607 599 5648 υ.
637 5607 693 5646 δ.
751 5608 856 5646 non
907 5607 1103 5646 habent
1152 5607 1436 5646 articulum
1478 5607 1533 5660 η.
1662 5607 1707 5621 ὐ
1749 5607 1861 5653 tege
1912 5607 1969 5643 εν
2013 5607 2141 5653 τοις.
2261 5607 2303 5624 ἰ’
2341 5607 2401 5646 υ.
2461 5607 2716 5661 υπερκειι

392 5665 407 5694 ¹
442 5666 539 5719 CII.
572 5661 859 5732 ἐλλάμψεις
892 5680 950 5714 τε
1000 5662 1113 5717 καί.
1172 5664 1351 5730 itaque
1398 5661 1617 5714 Sarrae.
1664 5662 1849 5715 vertit.
1913 5663 1932 5691 ³
1974 5662 2199 5716 Βιιιιιυιις
2241 5664 2464 5730 corrigit
2509 5663 2716 5724 αὐταῖς.

2260 5595 2303 5624 ⁹⁰
2341 5592 2401 5646 D.
2461 5591 2888 5661 ὑπερκειμένων.
3028 5592 3094 5623 ’⁸ο
3129 5608 3221 5661 γρ.
3262 5589 3632 5660 Ἀγγελικούς.

2556 5663 2716 5724 παῖς.
2802 5664 2819 5693 ³
2855 5664 3040 5715 Chart.
3099 5665 3222 5715 add.
3262 5678 3383 5729 ιιοθι
3436 5666 3631 5735 ἀρχὰς.
