3722 6328
329 358 433 416 ἓοἹ
446 410 447 413 η

1530 357 1590 414 S.
1623 353 1925 413 DIONYSll
1962 352 2429 409 AREOPAGITE

3496 349 3608 411 208

1886 496 2026 571 §ll.

411 674 589 742 Atque
616 670 728 724 hrec
759 665 978 737 quidem
1016 674 1102 720 est
1128 665 1407 719 nominum
1450 664 1710 735 ipsorum,
1736 678 1879 731 quau

2140 660 2231 730 Ῐοτη
2278 659 2376 729 μὲν
2403 660 2437 729 ἡ
2481 656 2589 711 τῶν
2613 656 2894 727 ὀνομάτων
2949 658 3128 712 αὐτῶν
3175 658 3251 720 ὡς
3289 656 3416 710 καθ’
3462 658 3610 729 ἡμᾶς

340 775 454 820 tum
499 776 697 833 capere
733 773 1052 830 possumus,
1086 757 1493 825 interpretatio;
1530 771 1695 826 quam
1726 763 1909 807 autem

337 873 528 911 eorum
574 851 945 910 hierarchiam
993 863 1114 904 esse
1160 859 1447 919 putemus,
1486 848 1775 902 dicendum
1806 858 1908 900 cst.

339 950 529 1005 Omnis
578 947 722 1000 enim
768 942 1090 998 hierarchite
1128 956 1351 1009 scopum
1391 956 1457 994 ex
1487 940 1667 993 divina
1710 940 1914 994 ἁρπυι-

340 1045 549 1099 tuitatis
589 1042 895 1097 imitatione
935 1048 1255 1096 constanter
1299 1036 1637 1109 dependere,
1669 1047 1915 1087 omnem-

338 1154 444 1207 que
510 1136 844 1193 functioncm
896 1132 1335 1193 hierarchicam.
1394 1130 1445 1184 in
1508 1135 1915 1182 sacrosanctam

340 1228 651 1297 purissimae
681 1223 1052 1281 mundationis
1082 1230 1137 1276 et
1161 1220 1329 1275 divini
1378 1219 1622 1280 luminis,
1662 1214 1915 1284 perfecti-

339 1333 529 1388 vazque
552 1319 797 1373 scientiae
840 1313 1315 1387 participationem
1360 1320 1521 1380 atque
1569 1309 1916 1364 collationem

340 1410 529 1475 dividi,
558 1410 693 1464 satis
716 1406 1115 1478 superquejam
1147 1420 1175 1457 a
1204 1403 1358 1456 nobis
1390 1402 1588 1454 dictum
1619 1398 1874 1453 exiStizuo
1902 1415 1915 1449 :

341 1516 485 1556 nunc
499 1512 677 1556 autem
706 1515 803 1570 pro
823 1513 1196 1569 supremarum
1219 1497 1445 1552 istarum
1466 1493 1724 1547 mentium
1743 1488 1921 1560 digni-

343 1601 451 1646 tate
471 1592 651 1647 dicere
668 1591 1176 1660 desidero,quanam
1198 1588 1407 1641 ratione
1424 1600 1577 1639 sacer
1592 1598 1776 1639 earum
1790 1582 1923 1636 ordo

341 1698 369 1735 a
404 1681 701 1753 Scripturis
734 1680 1057 1749 ext-litetur.
1107 1678 1305 1732 Primis
1345 1676 1467 1730 istis
1499 1674 1774 1739 essentiis,
1802 1687 1923 1741 quae

343 1784 466 1845 post
492 1774 927 1831 substantilicum
953 1772 1188 1840 ipsarum
1219 1766 1665 1836 deiprincipatum
1689 1763 1924 1819 colloca-

345 1879 433 1932 tae,
464 1873 518 1921 et
547 1865 699 1934 quasi
732 1866 783 1918 in
816 1860 1080 1916 vestibulo
1105 1858 1220 1926 ejus
1247 1858 1385 1920 sita),
1412 1865 1647 1911 creatam
1670 1854 1923 1908 virtutem

322 1954 577 2021 omnem,
626 1967 733 2010 tam
785 1953 1108 2009 invisibilem
1147 1966 1307 2019 quam
1340 1947 1607 2003 visibilem
1651 1957 1926 2000 transccu-
1972 1966 1993 1969 -

2015 751 2340 822 ἐκφαντιρία
2364 750 2409 781 ²⁰
2434 766 2448 779 ο
2477 747 2695 801 λεκτέον
2726 747 2803 811 δὲ,
2830 747 2952 801 τίνα
2983 749 3081 819 τὴν
3117 747 3400 819 ἱεραρχίαν
3426 748 3611 803 αὑτῶν

2016 839 2259 911 οἰόμεθα.
2313 838 2416 890 Τὸν
2463 838 2562 908 μὲν
2606 837 2714 909 γὰρ
2748 838 2966 908 ἀπάσης
2995 838 3039 867 ²¹
3080 838 3362 909 ἱεραρχίας
3409 839 3612 891 σκοπὸν

2014 931 2115 1001 τῆς
2175 930 2510 1000 θεομιμήτου
2578 927 2869 990 θεοειδείας
2930 927 3299 999 ἐξηρτημένον
3350 928 3612 1000 ἀρρεπῶς

2017 1019 2175 1085 εἶναι,
2204 1021 2298 1073 xui.
2325 1021 2386 1072 τὺ
2405 1019 2732 1092 διαιρεῖσθαι
2779 1021 2960 1072 πᾶσαν
2997 1020 3318 1091 ἰεραρχικὴν
3346 1038 3610 1092 πραγμα-

2016 1113 2190 1177 τείαν,
2228 1113 2308 1175 εἰς
2350 1112 2585 1183 μετοχὴν
2628 1110 2777 1182 ἱερὰν
2820 1112 2916 1163 xui.
2965 1111 3250 1181 μετάδοσιν
3286 1110 3612 1183 καθάρσεως

2020 1204 2273 1276 ἀμιγοῦς,
2306 1206 2401 1257 xui.
2425 1204 2571 1256 θείου
2598 1202 2793 1271 φωτὸς,
2824 1202 2920 1255 xui.
2941 1201 3257 1273 τελεστικῆς
3275 1204 3611 1271 ἐπιστήμης,

2019 1298 2333 1368 ἀρκούντως
2369 1297 2469 1368 ἠδη
2512 1296 2647 1368 πρὸς
2681 1293 2837 1366 ἡμῶν
2876 1294 3127 1366 εἰρῆσθαι
3149 1293 3389 1365 νομίζω·
3418 1294 3513 1347 νῦν
3558 1295 3613 1347 δὲ

2021 1393 2194 1445 εἰπεῖν
2235 1389 2402 1453 ἀξίως
2444 1388 2670 1459 εὑχομαι
2714 1387 2820 1440 τῶν
2864 1388 3183 1458 ὑπερτάτων
3223 1388 3383 1450 νοῶν,
3420 1387 3541 1450 πῶς
3581 1390 3612 1458 ἡ

2021 1479 2142 1533 κατ’
2192 1480 2390 1542 αὐτοὺς
2448 1479 2698 1551 ίεραρχία
2736 1476 2827 1531 διὰ
2874 1476 2984 1529 τῶν
3030 1476 3224 1545 λογίων
3271 1477 3613 1547 ὲκφαίνεται.

2023 1573 2156 1636 Ταῖς
2180 1570 2425 1643 πρώταις
2457 1571 2686 1633 ούσίαις,
2717 1570 2772 1622 αἳ
2804 1567 2940 1639 μετά
2968 1568 3064 1638 τὴν
3096 1568 3405 1621 οὑσιοποιὸν
3436 1569 3616 1621 αὐτῶν

2025 1666 2281 1737 θεαρχίαν
2311 1666 2614 1737 ἱδρυμέναι,
2648 1664 2741 1716 xui.
2778 1659 2886 1716 οἷον
2918 1664 2976 1716 ἐν
3004 1663 3295 1735 προθύροις
3329 1663 3505 1731 αὐτῆς
3526 1680 3617 1714 τεν

2023 1758 2312 1828 ταγμέναι,
2345 1757 2525 1828 πάσης
2552 1756 2689 1807 εἰσιν
2724 1755 2957 1826 ἀοράτου
3001 1755 3093 1807 xui.
3136 1754 3339 1825 ὁρατῆς
3384 1755 3621 1823 ὑπερϐε-

2026 1845 2246 1916 ϐηκυῖαι
2284 1846 2573 1915 γεγονυίας
2606 1844 2920 1915 δυνάμεως,
2961 1844 3037 1908 ὡς
3083 1844 3289 1897 οἰκείαν
3344 1843 3391 1872 ²²
3407 1839 3621 1910 οἰητέον

2028 1933 2282 1991 εἶναικαὶ
2311 1936 2452 1989 κατά
2479 1938 2586 1989 πᾶν
2610 1934 2833 2006 ὁμοειδῆ
2875 1936 2974 2005 τὴν
3008 1935 3310 2005 ἱεραρχίαν.
3350 1931 3621 2003 Καθαρὰς

342 2051 492 2110 dunt.
525 2048 799 2117 propriam
823 2043 1113 2115 quamdam
1137 2053 1190 2095 ct
1207 2039 1533 2095 uniformem
1558 2037 1810 2091 ltierareh

2166 2026 2260 2083 οῦν
2292 2029 2461 2091 αὑτάς
2493 2028 2749 2099 ἡγητέον,
2770 2028 2868 2097 οὑχ
2897 2027 2973 2089 ὼς
2999 2027 3227 2097 ἀνιέρων
3264 2025 3500 2097 κηλίδων
3528 2026 3622 2078 xui.

343 2154 463 2192 csse
487 2136 913 2190 existimandum
951 2142 1057 2187 est.
1112 2131 1269 2184 Pura:
1318 2128 1585 2197 siquidem
1614 2127 1919 2191 censendae,

343 2248 447 2285 non
474 2230 630 2299 quasi
661 2243 689 2281 a
724 2226 947 2280 maculis
980 2223 1291 2294 (duntaxat)
1330 2221 1558 2290 impuris
1600 2218 1921 2273 colluvioni-

341 2322 552 2390 busque
580 2322 688 2375 sint
719 2320 925 2383 liberm,
964 2318 1048 2372 vel
1086 2316 1228 2385 quod
1260 2317 1311 2370 in
1343 2330 1438 2369 eas
1481 2311 1781 2367 materialia
1806 2311 1921 2364 visa

341 2430 447 2468 non
479 2414 713 2477 cadant;
746 2411 839 2465 sed
886 2410 1030 2479 quod
1071 2409 1294 2464 omnino
1341 2405 1719 2461 imminutione
1748 2402 1920 2469 omni,

341 2504 605 2575 eximique
636 2520 695 2558 re
722 2517 879 2557 sacra
929 2502 1031 2557 sibi
1075 2501 1290 2556 subdita
1323 2499 1604 2561 celsiores,
1641 2513 1749 2567 prze
1773 2512 1923 2551 sum-

343 2611 430 2650 ma
457 2597 711 2665 puritate,
745 2594 1000 2649 omnibus
1025 2593 1188 2646 etiam
1212 2631 1227 2656 ,
1258 2590 1340 2645 vel
1377 2590 1610 2644 maxime
1641 2588 1921 2644 deiformi-

344 2684 446 2738 bus
484 2682 809 2748 virtutibus,
847 2681 958 2734 sint
988 2680 1305 2749 anteposita:
1333 2680 1653 2750 ordinisque
1692 2680 1773 2734 sui
1808 2695 1923 2734 mo-

347 2784 456 2827 lunt
524 2773 802 2842 pr0prium
867 2771 1299 2840 :cquabilemque
1356 2785 1453 2840 per
1518 2786 1758 2825 amorem
1827 2771 1921 2826 Dei

342 2874 660 2920 constanter
705 2872 959 2928 teneant,
1011 2861 1377 2925 invariatum,
1432 2878 1606 2931 neque
1653 2863 1812 2917 ullam
1868 2864 1922 2918 in

343 2954 584 3010 deterius
609 2962 909 3023 agnoscant
944 2952 1512 3015 inuuiuutionem,sed
1545 2937 1921 3010 inconcussam

343 3059 555 3112 semper
602 3053 655 3097 et
704 3040 1037 3095 immobilem
1084 3040 1368 3095 deiformis
1412 3055 1525 3095 sum
1572 3042 1922 3110 proprietatis

344 3134 529 3185 sedem
578 3130 835 3184 habeant.
888 3128 1379 3197 Contemplatrices
1415 3130 1568 3194 item,
1615 3146 1720 3184 non
1764 3131 1923 3201 quasi

346 3224 733 3294 symbolorum,
763 3239 882 3293 quae
912 3222 993 3275 vel
1023 3237 1184 3276 sensu
1215 3223 1297 3277 vel
1334 3231 1517 3277 mente
1556 3223 1925 3291 percipiantur

344 3316 733 3387 spectatrices,
792 3330 965 3383 neque
1009 3315 1276 3369 varietate
1323 3313 1798 3384 contemplationis
1831 3330 1913 3369 sa-

346 3423 566 3465 crarum
605 3407 1014 3476 Scripturarum
1056 3406 1125 3460 ad
1178 3407 1342 3459 Deum
1390 3405 1635 3472 elevataa,
1676 3407 1769 3461 sed
1804 3416 1923 3460 latt-

349 3514 510 3570 quam
571 3498 718 3553 omni
778 3497 1090 3566 cognitione
1141 3496 1376 3566 simplici
1440 3497 1650 3552 altioris
1703 3499 1925 3553 luminis

347 3589 615 3658 expletae.
663 3596 719 3642 et
769 3588 1220 3658 contemplatione
1280 3588 1427 3643 illius
1476 3589 1922 3658 pulchritudinis,

344 3698 467 3752 quae
500 3691 584 3736 est
625 3679 867 3737 eﬂecuix
896 3690 950 3734 et
998 3680 1155 3752 origo
1207 3682 1660 3750 pulchritudinis,
1701 3692 1756 3737 et
1804 3698 1924 3752 quae

347 3786 518 3841 supra
552 3770 915 3825 substantiam
948 3785 1057 3837 est,
1093 3784 1151 3826 et
1185 3772 1235 3825 in
1268 3772 1443 3828 tribus
1472 3774 1754 3843 splendet,
1784 3789 1923 3843 qua-

348 3879 507 3922 tenus
565 3865 647 3920 fas
695 3874 804 3930 est,
858 3866 1070 3919 referta:
1118 3867 1567 3922 :couununionis
1616 3881 1744 3921 vero
1796 3865 1921 3921 Jesn

345 3960 601 4014 similiter
635 3961 933 4030 participes
958 3958 1146 4025 lactat,
1181 3976 1286 4014 non
1319 3961 1479 4029 quasi
1518 3960 1572 4016 in
1595 3960 1924 4030 imaginibus

345 4062 537 4109 sancte
584 4051 913 4119 informatis,
969 4068 1089 4122 qua:
1140 4052 1308 4107 veluti
1353 4052 1541 4105 forma:
1584 4053 1635 4106 in
1660 4054 1740 4107 eis
1770 4052 1925 4105 deiti-

344 4157 463 4197 cam
510 4144 926 4200 similitudinem
970 4143 1299 4215 exprimant,
1341 4146 1436 4199 sed
1487 4154 1741 4214 tanquam
1792 4159 1922 4199 vero

345 4239 412 4287 ad
439 4249 563 4289 eum
595 4236 1100 4305 appropinquantes
1129 4235 1181 4289 in
1233 4236 1348 4305 ipsa
1402 4238 1575 4305 prima
1628 4236 1923 4306 participa-

350 4328 494 4380 tione
515 4326 863 4396 cogitationis
891 4326 1154 4381 luminum
1178 4325 1293 4393 ejus
1317 4328 1633 4382 deiﬁcorum
1656 4342 1789 4392 ;nec
1811 4342 1918 4381 non

346 4418 488 4486 quod
523 4418 690 4472 Deum
722 4418 971 4473 imitandi
1007 4419 1166 4479 ratio.
1203 4417 1309 4488 55
1344 4417 1739 4472 sublimissimo
1786 4416 1923 4486 ipsis

346 4510 505 4564 modo
529 4510 599 4565 sit
642 4509 869 4575 indulta,
910 4518 964 4564 et
1011 4510 1062 4563 in
1106 4510 1386 4578 primzeva,
1428 4517 1693 4577 quantum
1735 4509 1804 4563 iis
1836 4509 1921 4563 fas

342 4611 445 4666 est,
497 4601 741 4672 potentia
792 4602 995 4657 divinis
1045 4600 1162 4670 ejus
1214 4600 1579 4669 humanisque
1627 4601 1922 4655 virtutibus

1950 3376 1992 3433 C

2026 2120 2318 2193 μολυσμῶν
2352 2120 2823 2191 ἠλευθερωμένας,
2854 2120 2962 2173 οὐδ’
2992 2120 3067 2182 ὼς
3111 2118 3401 2189 προσύλων
3427 2119 3621 2171 ἀνεπι-

2021 2214 2244 2275 δέκτους
2276 2212 2610 2282 φαντασιῶν,
2644 2211 2757 2265 ἀλλ’
2787 2213 3082 2282 ὼςπάσης
3121 2211 3369 2278 ὑφέσεως
3402 2209 3623 2281 ἀμιγῶς

2024 2304 2381 2377 ὑψηλοτέρας,
2425 2304 2519 2357 xui.
2561 2302 2761 2367 παντὸς
2799 2302 3198 2373 ὑποϐεϐηκότος
3240 2302 3425 2371 ἱεροῦ·
3481 2301 3625 2356 κατά

2021 2398 2122 2467 τὴν
2152 2397 2467 2469 ὑπερτάτην
2491 2396 2782 2467 ἀγνότητα,
2824 2396 3024 2458 πάσαις
3044 2396 3161 2458 ταῖς
3190 2392 3625 2457 θεοειδεστάταις

2022 2487 2313 2558 δυνάμεσιν
2341 2488 2803 2558 ὑπεριδρυμένας,
2830 2486 3043 2557 καὶτῆς
3080 2486 3285 2549 οἰκείας
3324 2487 3623 2557 αὐτοκινή-

2021 2596 2115 2632 του
2148 2581 2197 2611 ¹³
2231 2580 2325 2633 xui.
2349 2580 2737 2651 ταύτοκινήτου
2774 2577 2917 2632 κατὰ
2946 2578 3006 2631 τὸ
3045 2577 3310 2647 φιλοθέως
3347 2578 3625 2649 ἄτρεπτον

2022 2670 2229 2736 τάξεως
2254 2671 2515 2744 ἀρῤεπῶς
2543 2670 2938 2742 ἀντεχομένας,
2978 2671 3073 2723 xui.
3098 2671 3198 2740 τὴν
3221 2671 3315 2723 ἐπὶ
3341 2670 3411 2723 τὰ
3452 2670 3625 2741 χείρω

2024 2762 2165 2816 κατά
2190 2779 2243 2815 τι
2272 2762 2497 2833 μείωσιν
2526 2759 2633 2815 οὐδ’
2663 2762 2799 2825 ὃλως
2834 2762 3057 2825 εἰδυίας,
3095 2762 3208 2815 ἀλλ’
3240 2762 3496 2816 ἄπτωτον
3537 2762 3627 2816 ἀεὶ

2024 2854 2119 2905 καὶ
2148 2852 2547 2923 ἀμετακίνητον
2575 2852 2805 2923 ἐχούσας
2844 2853 2943 2923 τὴν
2975 2853 3076 2922 τῆς
3117 2853 3325 2916 οἰκείας
3353 2852 3627 2916 θεοειδοῦς

2027 2946 2286 3016 ἰδιότητος
2316 2946 2687 3016 ἀμιγεστάτην
2719 2946 2943 3017 ἵδρυσιν.
2978 2945 3328 3016 Θεωρητικάς
3352 2946 3408 2998 δὲ
3443 2943 3626 3014 αὖθις,

2024 3039 2121 3109 οὑχ
2147 3038 2223 3101 ὡς
2256 3036 2530 3108 αἰσθητῶν
2558 3035 2839 3108 συμϐόλων
2869 3036 3071 3107 νοερῶν
3111 3035 3157 3067 ’⁸
3193 3036 3459 3108 θεωροὺς,
3498 3040 3624 3091 οὑδὲ

2025 3128 2103 3194 ὼς
2142 3132 2209 3200 τῇ
2257 3128 2504 3201 ποικιλίᾳ
2548 3130 2647 3199 τῆς
2701 3127 3095 3200 ἰερογραφικῆς
3143 3127 3377 3199 θεωρίας
3426 3130 3521 3182 ἐπὶ
3565 3131 3627 3182 τὸ

2024 3223 2176 3275 Θεῖον
2224 3220 2585 3291 ἀναγομένας,
2639 3217 2755 3273 ἀλλ’
2793 3216 2868 3282 ὡς
2919 3219 3099 3289 πάσης
3142 3219 3310 3273 ἀΰλου
3363 3220 3629 3288 γνώσεως⁵

2027 3313 2361 3385 ὑψηλοτέρου
2423 3313 2599 3381 φωτὸς
2653 3310 3184 3383 ἀποπληρουμένας,
3241 3313 3338 3365 xui.
3386 3312 3487 3382 τῆς
3526 3312 3626 3365 τοῦ

2027 3405 2347 3459 καλλοποιοῦ
2377 3406 2471 3458 καὶ
2513 3402 2742 3477 ἀρχικοῦ
2776 3403 3003 3467 κάλλους
3038 3404 3364 3475 ὑπερουσίου
3387 3405 3481 3457 xui.
3503 3422 3629 3476 τρι-

2026 3497 2230 3567 φανοῦς
2260 3496 2527 3568 θεωρίας,
2567 3495 2643 3561 ὡς
2684 3496 2923 3569 θεμιτὸν,
2956 3495 3484 3566 ἀναπιμπλαμένας’
3518 3497 3628 3565 τῆς

2024 3597 2081 3650 δὲ
2117 3595 2290 3668 Ἰησοῦ
2321 3597 2606 3661 κοινωνίας
2628 3596 2888 3661 ὡσαύτως
2910 3594 3234 3667 ἠξιωμένας,
3262 3597 3358 3649 οὑκ
3394 3598 3451 3649 ὲν
3477 3598 3629 3649 εἰκό-

2028 3704 2111 3739 σιν
2138 3685 2513 3758 ἱεροπλάστοις
2547 3685 2907 3758 μορφωτικῶς
2938 3686 3276 3739 ἀποτυποῦσι
3298 3693 3397 3757 τὴν
3430 3685 3629 3759 θεουρ-

2024 3780 2185 3852 γικὴν
2214 3779 2492 3851 ὁμοίωσιν,
2526 3780 2641 3832 ἀλλ’
2671 3780 2745 3843 ὡς
2776 3779 2989 3850 ἀληθῶς
3023 3778 3173 3848 αὑτῷ
3210 3778 3628 3848 πλησιαζούσας

2025 3873 2084 3925 ἐν
2132 3870 2327 3945 πρώτῃ
2376 3871 2636 3942 μετουσίᾳ
2680 3870 2781 3939 τῆς
2822 3867 3078 3937 γνώσεως
3122 3868 3232 3921 τῶν
3277 3867 3625 3937 θεουργικῶν

2024 3962 2190 4016 αὑτοῦ
2235 3961 2451 4032 φώτωνο
2505 3962 2601 4014 xui.
2653 3960 2759 4030 μὴν
2814 3960 2894 4012 ὅτι
2947 3959 3006 4011 τὸ
3058 3957 3388 4031 θεομίμητον
3424 3961 3627 4021 αὑταῖς

2025 4055 2345 4125 ὑπερτάτως
2358 4053 2677 4125 δεδώρηται,
2701 4053 2794 4105 καὶ
2823 4050 3161 4113 κοινωνοῦσι,
3186 4051 3328 4104 κατὰ
3348 4051 3408 4104 τὸ
3426 4053 3627 4116 αὑταῖς

2024 4147 2271 4214 ἐφικτὸν,
2330 4148 2388 4198 ἐν
2447 4143 2784 4217 πρωτουργῷ
2828 4144 3052 4214 δυνάμει
3098 4148 3217 4209 ταῖς
3270 4145 3627 4217 θεουργικαῖς

2024 4236 2189 4289 αὑτοῦ
2238 4237 2333 4290 καὶ
2377 4234 2778 4307 φιλανθρώποις
2830 4237 3070 4307 ἀρεταῖς.
3111 4236 3517 4307 Τετελεσμένας
3564 4237 3627 4289 δὲ

2024 4326 2305 4390 ὡσαύτως,
2335 4328 2434 4397 οὐχ
2464 4327 2540 4390 ὡς
2566 4326 2837 4390 ποικιλίας
2869 4328 3018 4399 ἱερᾶς
3036 4328 3365 4401 ἀναλυτικὴν
3385 4330 3628 4399 ἐπιστή-

2026 4435 2133 4489 μην
2165 4417 2599 4488 ὲλλαμπομένας,
2621 4418 2732 4471 ἀλλ’
2754 4418 2829 4481 ὡς
2860 4418 3083 4490 πρώτης
3112 4421 3206 4473 xui.
3237 4420 3626 4492 ὑπερεχούσης

2024 4507 2271 4570 θεὼσεως
2308 4506 2821 4579 ἀποπληρουμένας,
2869 4507 3011 4561 κατά
3036 4508 3146 4579 τὴν
3193 4508 3502 4581 ὑπερτάτην
3543 4509 3626 4572 ὡς

2022 4600 2080 4654 ὲν
2130 4600 2380 4668 ἀγγέλοις
2424 4599 2531 4653 τῶν
2575 4598 2867 4670 θεουργιῶν
2913 4600 3252 4671 ἐπιστήμηνο
3300 4602 3359 4653 οὐ
3406 4599 3518 4671 γάρ
3550 4599 3625 4652 δι’

343 4696 769 4750 communicent.
816 4695 1084 4749 Similiter
1128 4694 1385 4763 perfecta:
1434 4704 1582 4760 sunt,
1625 4709 1729 4749 non
1762 4710 1813 4763 qt

2154 4708 2196 4743 »ν
2226 4690 2395 4758 ἀγίων
2424 4689 2641 4753 οὐσιῶν,
2674 4689 2810 4743 ἀλλὰ
2840 4690 2978 4763 πρὸς
3020 4690 3191 4759 αὑτῆς
3214 4690 3317 4760 τῆς
3348 4689 3624 4761 θεαρχίας

348 4786 634 4841 varietates
663 4787 797 4840 istas
842 4800 1031 4841 sacras
1077 4783 1386 4841 resolvendi
1439 4784 1665 4839 scientia
1704 4784 1816 4839 sint
1852 4784 1920 4838 il-

346 4876 624 4946 lustratze;
652 4880 745 4933 sed
769 4878 911 4947 quod
937 4878 1112 4947 prima
1142 4886 1197 4931 et
1222 4877 1565 4946 praecellente
1588 4876 1681 4932 Dei
1718 4878 1919 4932 unione

344 4969 640 5033 satientur,
680 4968 833 5036 juxta
880 4982 1188 5038 supremam
1252 4968 1397 5022 illam
1454 4967 1633 5037 (cujus
1690 4983 1920 5036 capaces

345 5069 473 5113 sunt
499 5060 699 5129 angeli)
724 5062 1035 5115 divinorum
1059 5074 1285 5131 operum
1314 5059 1660 5129 disciplinam
1693 5076 1708 5114 :
1744 5061 1919 5130 siqui-

345 5150 464 5204 dem
491 5166 597 5205 non
625 5154 694 5206 ab
726 5152 849 5206 aliis
880 5153 1208 5221 quibusdam
1231 5150 1441 5207 sanctis
1472 5150 1755 5217 spiritibus
1778 5189 1793 5215 ,
1825 5153 1922 5204 sed

345 5243 413 5294 ab
462 5241 690 5311 ipsamet
730 5243 1022 5298 Divinitate
1067 5243 1242 5301 sacris
1303 5241 1624 5306 initiantur,
1678 5241 1805 5294 dum
1852 5241 1918 5317 ad

2028 4782 2467 4856 ἰεραρχούμεναι,
2496 4781 2575 4852 τῷ
2603 4782 2690 4833 ἐπ’
2731 4783 2900 4853 αὑτὴν
2927 4782 3116 4854 ἀμέσῳ
3136 4783 3181 4812 ’⁵
3212 4781 3626 4847 ἀνατείνεσθαι,

2021 4884 2087 4952 τῇ
2118 4882 2337 4935 πάντων
2377 4879 2718 4953 ὑπερεχούσῃ
2765 4880 2989 4952 δυνάμει
3018 4882 3112 4934 xui.
3142 4881 3315 4946 τάξει,
3347 4881 3441 4933 καὶ
3471 4880 3625 4951 πρὸς

2022 4974 2083 5026 τὸ
2112 4973 2385 5041 πάναγνον
2431 4974 2525 5026 xui.
2563 4972 2706 5025 κατά
2736 4973 3084 5044 παναρῤεπὲς
3112 4972 3157 5002 ³⁸
3190 4971 3479 5043 ἱδρύονται,
3518 4973 3627 5023 καὶ

2025 5064 2161 5133 πρὸς
2192 5063 2289 5134 τὴν
2318 5063 2476 5117 άῦλον
2506 5062 2600 5115 καὶ
2630 5061 2827 5134 νοητὴν
2854 5061 3207 5133 εὐπρέπειαν,
3254 5061 3331 5124 ὡς
3366 5060 3623 5131 θεμιτὸν,

2025 5156 2104 5216 εἰς
2152 5153 2382 5225 θεωρίαν
2422 5154 2811 5225 προσάγονται,
2852 5156 2947 5207 xui
2994 5155 3121 5217 τοὺς
3167 5153 3273 5206 τῶν
3314 5152 3627 5223 θεουργιῶν

2028 5244 2482 5317 ὲπιστημονικοὺς
2529 5245 2752 5312 λόγους,
2802 5246 2879 5309 ὡς
2919 5246 3130 5317 πρῶται
3178 5246 3272 5300 καὶ
3312 5246 3435 5317 περὶ
3470 5243 3628 5297 Θεὸν

1618 5422 1863 5478 νΑΒΙᾸῖ.
1899 5421 2307 5481 LECTIONES.

417 5594 517 5674 ¹⁹γ
559 5644 573 5659 .
608 5606 955 5677 ὲκφαντορία.
1032 5609 1073 5639 ¹¹
1109 5609 1170 5662 ῐ).
1201 5608 1256 5663 S.
1289 5608 1468 5663 P.Ch.
1496 5607 1557 5660 τὸ

423 5675 486 5728 C.
601 5676 657 5728 Ρ.
690 5678 1016 5728 ἀεικινήτου.
1095 5680 1140 5709 ’⁸
1166 5680 1198 5728 ᾖ
1229 5678 1450 5728 νοεοῶν.
1487 5678 1557 5728 Ch

348 5673 395 5746 ’ἦ
423 5673 573 5746 ῼ-ςυ,
601 5676 657 5728 Ρ.
690 5673 1016 5746 ἀεικινήτου.

348 5742 396 5776 ’⁸
419 5744 514 5800 Cb.
551 5744 610 5802 Ι),
650 5746 713 5800 D.
743 5747 849 5797 πᾶν
881 5742 1142 5823 ἀρρεπὲς.

1579 5610 1677 5679 μὲν
1696 5611 1963 5682 «(suam

1970 5626 2087 5679 σης.
2164 5612 2209 5642 ¹²
2229 5611 2303 5675 ὡς
2323 5625 2427 5664 non
2454 5609 2618 5664 habet
2643 5609 2740 5664 Ch.
2767 5608 2827 5665 S.
2865 5609 2922 5663 P.
2954 5606 3044 5663 Sc.
3080 5604 3202 5679 Sar.
3233 5604 3495 5662 ἐοικυῖαν,
3544 5602 3624 5679 Μ.

1095 5680 1140 5709 ’⁸
1166 5680 1198 5751 ὴ
1229 5678 1450 5751 νοερῶν,
1487 5676 1591 5735 Ch.
1619 5682 1683 5739 Ι).
1709 5676 1787 5739 Ῥ.
1809 5681 1900 5739 Sc.
1977 5676 2111 5734 "Ii.
2145 5680 2203 5739 P.
2241 5682 2297 5741 S.
2332 5679 2575 5751 ἀμέσως,
2612 5695 2777 5751 quam
2817 5681 3101 5738 lectionem
3131 5677 3281 5732 ὅροι.
3309 5676 3620 5743 expressit,
