3734 6336
151 271 270 329 309

1160 265 1248 321 DE
1281 261 1617 320 C(ELES'FI
1652 262 2102 344 HIEBARCHIA.
2139 263 2292 322 CAP.
2332 263 2439 320 VIL

3318 267 3437 324 κιο

150 385 341 449 οὖσαι,
378 384 638 457 μυοῦνται
667 382 805 455 πρὸς
831 379 1004 453 αὐτῆς
1032 381 1386 453 τελεταρχίας
1417 380 1460 411 ³⁷
1508 379 1718 449 ὑπερτά

1901 392 2024 431 eum
2063 376 2379 431 immediate
2417 387 2514 444 per
2562 373 2817 432 virtutem
2857 373 3214 449 ordinemque
3267 380 3450 436 rebus

152 498 266 544 τως
301 477 553 550 ίεραρχού
562 493 737 548 μεναι.

1858 471 2112 526 omnibus
2157 469 2494 538 superiorem
2541 469 2914 540 subriguntur,
2967 484 3068 526 nec
3109 487 3214 525 non
3264 472 3317 526 in
3361 489 3426 527 eo

152 589 376 628 sutnma
411 572 652 642 puritate
677 584 1000 639 summaque
1029 566 1341 624 constantia
1366 565 1747 631 stabilfuntur;
1779 573 1834 620 et
1860 580 1960 635 pro
2012 563 2357 617 immateriali
2393 578 2457 616 ac
2501 562 2729 632 spiritali
2762 563 2958 618 decore
2997 578 3119 628 suo,
3160 575 3424 633 quantum

153 667 241 720 fas
287 674 394 729 est,
444 666 512 719 ad
559 663 1079 733 contemplationem
1124 672 1537 731 promoventur,
1585 673 1752 731 atque
1798 660 2117 714 scientilicis
2173 659 2484 714 divinorum
2532 672 2758 728 operum
2810 657 3130 722 rationibus,
3167 671 3426 727 tanquam

150 758 350 830 prima:
380 759 599 827 Deoque
643 757 940 828 proximae,
996 739 1325 813 erudiuntur
1379 759 1450 808 ab
1480 753 1710 824 ipsumet
1760 753 2007 809 initiandi
2051 750 2342 822 principio,
2393 749 2654 806 eminenti
2701 749 2860 805 modo
2908 759 3254 807 consecratae.

1707 917 1734 991 ς
1775 914 1888 976 lll.

221 1071 396 1124 Τοῦτο
415 1071 546 1140 γοῦν
577 1072 626 1126 οί
658 1071 896 1141 θεολόγοι
919 1071 1104 1140 σαφῶς
1130 1071 1349 1142 δηλοῦσι
1393 1069 1474 1132 τὸ,
1503 1068 1600 1132 τὰς
1641 1069 1738 1139 μὲν

144 1163 447 1234 ὐφειμένας
492 1165 600 1218 τῶν
640 1166 906 1236 οὐρανίων
934 1165 1132 1220 οὐσιῶν
1159 1165 1568 1236 διακοσμήσεις,
1601 1162 1738 1233 πρὸς

139 1255 257 1308 τῶν
320 1256 770 1327 ὑπερϐεϐηκυιῶν
820 1259 1107 1330 εὐκόσμως
1166 1257 1577 1313 ἐκδιδάσκεσθαι
1639 1255 1738 1320 τάς

141 1346 475 1419 Θεουργικάς
520 1350 865 1420 ἐπιστήμας·
904 1352 1003 1415 τὰς
1043 1352 1098 1406 δὲ
1141 1352 1330 1404 πασῶν
1379 1349 1733 1422 ὑψηλοτέρας,

141 1439 238 1492 ὐπ’
284 1439 456 1509 αὐτῆς
503 1440 782 1513 θεαρχίας,
829 1443 904 1506 ὼς
949 1443 1189 1515 θεμιτὸν,
1237 1445 1335 1507 τὰς
1382 1444 1607 1515 μυήσεις
1649 1441 1734 1493 ὲλ-

137 1529 478 1600 λάμπεσθαι.
497 1533 660 1597 Τινὲς
685 1535 782 1604 μὲν
810 1535 918 1606 γὰρ
950 1537 1128 1590 αὐτῶν
1159 1534 1439 1604 εἰσάγουσι
1468 1534 1603 1607 πρὸς
1631 1532 1737 1587 τῶν

137 1623 645 1697 προτέρωνίερῶς
693 1628 1020 1698 μυουμένας,
1068 1629 1158 1681 τὸν
1205 1624 1736 1699 Κύριονεῐναινδτῶν

134 1717 414 1786 οὐρανίων
483 1718 795 1788 δυνάμεων,
851 1724 943 1775 καὶ
1017 1718 1248 1773 Βασιλέα
1292 1718 1393 1789 τῆς
1425 1718 1606 1790 δόξης,
1644 1719 1736 1770 τὸν

134 1809 222 1870 εἰς
261 1809 526 1879 οὐρανοὺς
572 1811 1058 1881 ἀνθρωποπρεπῶς
1117 1809 1531 1882 ἀναληφθέντα·
1583 1809 1736 1872 τινὰς

133 1899 194 1950 δὲ
227 1900 367 1970 πρὸς
405 1903 566 1956 αὐτὸν
625 1902 831 1974 Ἰησοῦν
859 1903 1253 1974 διαπορούσας,
1305 1903 1398 1956 καὶ
1448 1902 1550 1972 τῆς
1595 1903 1734 1974 ὑπὲρ

137 1992 300 2062 ἡμῶν
329 1993 493 2046 αὐτοῦ
537 1993 823 2066 θεουργίας
867 1997 965 2068 τὴν
1007 1997 1315 2066 ἐπιστήμην
1356 1993 1729 2066 μαθητιώσας,

131 2085 232 2135 καὶ
294 2085 498 2150 ταύτας
543 2088 703 2142 αὐτὸν
768 2088 974 2160 Ἰησοῦν
1033 2088 1253 2159 ἀμέσως
1311 2087 1580 2159 μυοῦντα,
1638 2087 1733 2140 καὶ

130 2177 492 2246 πρωτοδότως
519 2181 712 2242 αὐταῖς
741 2181 1070 2250 ἐκφαίνοντα
1098 2180 1196 2252 τὴν
1229 2179 1396 2234 αὐτοῦ
1429 2177 1731 2248 φιλάνθρω-

130 2285 238 2320 πον
290 2271 698 2344 ἀγαθουργίαν·
760 2273 907 2343 Ἐγὼ
960 2276 1103 2343 γὰρ,
1174 2266 1730 2344 φησὶ,⁶δια.1ἐτομαι

130 2360 535 2432 δικαιοσύνην
555 2364 652 2418 καὶ
675 2368 876 2433 κρίσιν
901 2368 1219 2434 σωτηρίου.
1261 2368 1504 2436 Ἀγαμαι
1538 2365 1614 2428 δὲ,
1647 2366 1728 2417 ὅτι

126 2453 227 2505 καὶ
261 2452 370 2505 τῶν
410 2455 749 2526 ἐπουρανίων
780 2459 824 2488 ¹⁹
856 2459 1055 2511 οὐσιῶν
1096 2460 1152 2512 αἱ
1183 2460 1420 2530 πρῶται,
1451 2460 1544 2512 καὶ
1571 2459 1726 2512 τόσον

124 2545 354 2610 ἁπάσας
384 2548 800 2621 ὐπερκείμεναι,
830 2551 938 2604 τῶν
969 2551 1273 2624 θεαρχικῶν
1302 2551 1621 2622 ὲλλάμψεων
1651 2553 1727 2616 ὡς

127 2641 454 2705 μεσοπετεῖς
482 2638 724 2705 εὐλαϐῶς
751 2644 994 2712 ἐφίενται
1019 2661 1031 2673 °
1084 2645 1177 2698 καὶ
1217 2645 1325 2717 γάρ
1369 2648 1470 2699 οὐκ
1502 2646 1724 2699 αὐτόθεν

122 2728 398 2799 ἐρωτῶσι,
429 2732 532 2786 Διὰ
557 2733 613 2786 τί
635 2750 751 2788 σου
786 2735 1003 2804 ἐρυθρὰ
1029 2736 1100 2789 τὰ
1137 2737 1376 2806 Ιμάτια;
1421 2738 1556 2809 πρὸς
1598 2741 1725 2792 ἐαυ-

1923 1062 2037 1118 lloe
2069 1062 2236 1133 igitur
2266 1061 2504 1131 theologi
2545 1060 2834 1131 perspicue
2871 1059 3170 1125 declarant,
3202 1070 3255 1116 ut
3284 1059 3416 1116 infe-

1848 1156 2022 1212 riores
2070 1157 2291 1226 quidem
2338 1156 2649 1212 cmlestium
2693 1154 3057 1210 essentiarum
3100 1156 3343 1218 ordines,
3394 1169 3422 1206 a

1845 1253 2218 1320 superioribus
2258 1251 2564 1306 divinorum
2621 1265 2848 1319 operum
2896 1249 3180 1304 scientiam
3220 1261 3418 1304 conve-

1844 1345 2012 1398 nienti
2049 1344 2209 1397 modo
2257 1343 2598 1412 percipiant;
2630 1342 2666 1396 ii
2705 1357 2835 1397 vero
2863 1341 2954 1412 qui
2983 1341 3235 1397 omnibus
3265 1348 3421 1394 ante-

1841 1437 2066 1498 cellunt,
2115 1436 2183 1490 ab
2230 1435 2461 1503 ipsamct
2509 1435 2724 1489 Deitate
2771 1448 3004 1496 summa,
3054 1434 3128 1486 uti
3182 1431 3266 1486 l'as
3312 1443 3422 1496 est,

1841 1529 2016 1583 sacris
2038 1528 2336 1599 disciplinis
2360 1527 2720 1581 illustrantur.
2748 1526 3025 1594 Quosdam
3054 1526 3198 1580 enim
3229 1539 3420 1579 eorum

1841 1622 2217 1683 introducunt,
2247 1635 2276 1672 a
2328 1618 2704 1688 superioribus
2757 1627 3114 1673 sacrosancte
3159 1615 3420 1680 eruditos,

1840 1712 1987 1765 illum
2015 1727 2134 1766 esse
2164 1711 2449 1764 Dominum
2475 1710 2780 1765 cmlestium
2813 1709 3074 1763 virtutum
3112 1707 3423 1776 liegetnque

1837 1802 2046 1872 glurim,
2078 1802 2168 1870 qui
2211 1803 2451 1856 lmmana
2479 1802 2662 1871 specie
2688 1810 3004 1871 assumptus
3028 1809 3110 1855 est
3140 1800 3194 1853 in
3219 1799 3418 1852 caelum

1837 1894 2132 1948 nonnullos
2157 1893 2289 1948 item
2335 1894 2478 1949 circa
2526 1895 2818 1962 ipsummet
2858 1891 3046 1947 Jesum
3077 1892 3415 1957 haesitantes,

1834 1989 2118 2057 divinique
2147 1988 2394 2057 ejuSpro
2434 1987 2593 2042 nobis
2635 1987 2872 2056 suscepti
2917 1986 3104 2055 operis
3133 1985 3442 2040 scientiam:

1833 2083 2126 2149 discentes,
2157 2083 2439 2152 ipsumque
2461 2080 2648 2138 Jesum
2676 2094 2772 2136 eos
2807 2095 2903 2150 per
2926 2095 2986 2134 se
3020 2079 3327 2140 docentem,
3354 2093 3416 2131 ac

1833 2171 2067 2239 primum
2100 2171 2214 2240 ejus
2238 2186 2505 2226 summam
2541 2171 2594 2224 in
2623 2169 2868 2224 homines
2897 2167 3286 2238 benignitatem
3316 2179 3382 2220 ex
3403 2195 3417 2204 -

1833 2259 2154 2327 plicantem.
2203 2257 2318 2330 Ego
2361 2261 2536 2324 enim,
2582 2259 2779 2328 inquit,
2830 2257 3020 2328 loquor
3052 2257 3321 2327 justitiam
3367 2265 3416 2309 et

1823 2351 2093 2419 judicium
2154 2352 2414 2406 salutaris
2439 2363 2489 2405 ι.
2523 2350 2690 2405 Miror
2734 2359 2943 2411 autem,
2996 2347 3203 2417 primas
3247 2346 3412 2400 etiam

1830 2445 2135 2498 cmlestium
2185 2445 2587 2508 essentiarum,
2653 2452 2973 2510 tantumque
3021 2439 3235 2494 exteris
3276 2452 3413 2506 pra:-

1829 2549 2062 2604 stantes,
2098 2553 2205 2592 non
2250 2552 2410 2592 secus
2455 2552 2518 2592 ac
2566 2535 2796 2596 medias.
2840 2534 3148 2590 divinarum
3198 2544 3415 2600 quoque

1829 2631 2255 2686 illustrationutn
2298 2629 2570 2684 desiderio
2617 2628 2806 2684 timide
2851 2623 3028 2691 allici;
3062 2638 3238 2693 neque
3266 2622 3411 2676 enim

1828 2725 1931 2779 illa:
1954 2740 2050 2794 per
2072 2738 2131 2779 se
2158 2731 2434 2793 quaerunt,
2459 2720 2568 2776 Cur
2588 2723 2749 2774 rubra
2778 2728 2902 2773 sunt
2928 2719 3230 2773 vestimenta
3278 2727 3370 2770 tua
3390 2718 3415 2770 ξ)

121 2818 226 2882 τὰς
267 2819 324 2873 δὲ
378 2820 698 2895 διαποροῦσι
743 2828 1029 2899 πρότερον,
1055 2829 1458 2900 ὲνδεικνύμεναι
1493 2830 1611 2901 μὲν,
1642 2832 1718 2885 ὅτι

1901 2818 1921 2870 l
1974 2819 2126 2886 prius
2173 2831 2356 2872 secum
2404 2814 2664 2871 haesitant
2721 2814 3007 2878 attonitae,
3067 2811 3413 2868 declarantes

125 2910 460 2982 μαθητιῶσι,
484 2917 578 2968 καὶ
607 2917 707 2987 τῆς
734 2917 1060 2990 θεουργικῆς
1079 2920 1332 2989 γνώσεως
1352 2923 1613 2991 ἐφίενται,
1647 2922 1721 2995 μὴ

124 3004 492 3075 προπηδῶσαι
517 3008 571 3060 δὲ
599 3010 698 3079 τῆς
726 3012 866 3064 κατὰ
913 3012 1062 3067 θείαν
1107 3014 1331 3085 πρόοδον
1380 3014 1723 3086 ἐνδιδομένης

123 3094 469 3166 ἐλλάμψεως.
525 3102 733 3156 υύκοῦν
795 3105 827 3173 ἡ
876 3104 1066 3176 πρώτη
1122 3106 1230 3159 τῶν
1271 3107 1540 3178 οὐρανίων
1585 3108 1721 3162 νοῶν

122 3189 402 3259 ίεραρχία,
437 3193 574 3262 πρὸς
601 3195 773 3263 αὐτῆς
800 3196 1151 3269 τελεταρχίας
1192 3200 1610 3272 ἱεραρχουμένη,
1643 3202 1720 3273 τῷ

119 3281 210 3332 ἐπ’
241 3282 413 3353 αὐτὴν
450 3285 673 3356 ἀμέσως
719 3289 1114 3354 ἀνατείνεσθαι,
1162 3293 1261 3363 τῆς
1306 3295 1720 3366 παναγεστάτης

118 3372 448 3445 καθάρσεως
475 3377 570 3430 τοῦ
603 3380 836 3435 ἀπλέτου
879 3384 1054 3452 φωτὸς
1093 3384 1196 3454 τῆς
1225 3386 1547 3456 προτελείου
1570 3388 1720 3441 τελε-

122 3467 408 3537 σιουργίας
441 3469 716 3538 ἀναλόγως
766 3475 903 3545 αὐτῇ
951 3475 1325 3550 πληρουμένη,
1370 3478 1716 3550 καθαίρεται,

119 3559 216 3612 καὶ
244 3559 563 3629 φωτίζεται,
611 3565 705 3617 καὶ
735 3566 1212 3639 τελεσιουργεῖται,
1246 3569 1428 3641 πάσης
1461 3571 1558 3642 μὲν
1588 3573 1718 3642 ὐφέ-

120 3667 262 3714 σεως
292 3652 519 3729 ἀμιγὴς,
553 3655 769 3727 πρώτου
797 3659 853 3712 δὲ
882 3661 1060 3730 φωτὸς
1089 3661 1331 3734 πλήρης,
1363 3664 1458 3716 καὶ
1503 3681 1718 3736 πρωτο-

114 3741 271 3795 δὸτου
294 3742 550 3811 γνώσεως
577 3751 668 3802 καὶ
696 3752 1005 3824 ἐπιστήμης
1038 3754 1264 3825 μέτοχος
1283 3756 1713 3827 ἀποτελουμένη.

116 3834 366 3890 Συνελὼν
412 3838 468 3892 δὲ
514 3843 608 3894 καὶ
644 3842 800 3895 τοῦτο
833 3845 998 3914 φαίην
1022 3844 1087 3898 ἀν
1125 3847 1226 3899 οὐκ
1260 3847 1584 3912 ἀπεικότως,
1633 3849 1714 3900 ὅτι

116 3929 212 3980 καὶ
240 3927 511 4002 κάθαρσές
549 3935 684 3999 ἐστι,
731 3937 823 3988 καὶ
866 3937 1162 4008 φωτισμδς,
1206 3940 1299 3992 καὶ
1335 3939 1630 4005 τελείωσις,
1679 3943 1712 4012 ή

111 4018 217 4088 τῆς
263 4019 564 4094 θεαρχικῆς
613 4026 924 4099 ἐπιστήμης
974 4030 1305 4100 μετάληψις,
1341 4033 1567 4101 ἀγνοίας
1613 4033 1712 4104 μὲν

111 4104 226 4161 οἷον
274 4111 756 4185 ἀποκαθαίρουσα,
811 4123 877 4191 τῇ
943 4125 1062 4174 κατ’
1113 4122 1271 4187 ἀξίαν
1317 4124 1362 4156 ³ο
1400 4126 1708 4200 ὲνδιδομένῃ

113 4199 316 4267 γνώσει
337 4203 446 4257 τῶν
469 4206 814 4280 τελειοτέρων
849 4213 1123 4284 μυήσεων,
1147 4215 1458 4284 φωτίζουσα
1485 4219 1542 4273 δὲ
1572 4199 1709 4292 αὐτῇ

110 4296 178 4364 τῇ
211 4293 332 4367 θείᾳ
355 4295 574 4364 γνώσει,
603 4300 668 4353 δι’
719 4297 786 4374 ἧς
816 4305 909 4358 καὶ
938 4305 1189 4378 καθαίρει
1231 4308 1328 4378 τὴν
1358 4311 1420 4363 οὐ
1450 4311 1716 4384 πρότερον

111 4388 535 4442 ὲποπτεῦσασαν
567 4391 607 4422 ³³
641 4393 744 4447 ὅσα
771 4392 866 4447 νῦν
916 4397 1234 4466 ἐκφαίνεται
1262 4400 1348 4452 διὰ
1380 4401 1483 4471 τῆς
1516 4402 1715 4474 ὑψηλο-

109 4481 277 4551 τέρας
329 4481 672 4555 ὲλλάμψεως,
733 4487 828 4540 καὶ
883 4488 1167 4544 τελειοῦσα
1226 4492 1385 4546 πάλιν
1443 4495 1711 4566 αὐτῷτῷ

110 4575 270 4641 φωτὶ,
317 4577 387 4646 τῇ
424 4576 548 4629 καθ’
580 4576 693 4642 ἕξιν
741 4580 1021 4654 ἐπιστήμῃ
1059 4583 1168 4637 τῶν
1225 4585 1538 4654 φανοτάτων
1570 4589 1710 4660 μυή-

107 4679 265 4716 σεων.

1825 2910 2047 2980 quidem
2073 2925 2130 2964 se
2161 2907 2402 2962 discendi
2428 2908 2620 2961 avidas
2649 2899 2846 2960 divina:
2876 2905 3216 2974 operationis
3245 2918 3406 2974 appe-

1827 3014 1943 3058 tere
1989 3001 2382 3072 cognitionem,
2433 3014 2622 3053 verum
2668 2997 2830 3061 banc,
2884 3006 3010 3050 ante
3047 2995 3289 3050 divinam
3323 2997 3406 3050 in-

1825 3095 1990 3151 dultte
2045 3095 2150 3150 sibi
2221 3091 2608 3149 illustratiouis
2672 3091 3126 3161 processiunem,
3180 3089 3408 3144 minime

1823 3188 2148 3259 prtevenire.
2177 3186 2362 3242 Prima
2390 3188 2556 3258 igitur
2587 3187 2890 3242 cmlestium
2919 3187 3404 3256 intelligentiarum

1823 3279 2131 3334 bierarchia
2175 3279 2246 3335 ab
2288 3278 2524 3349 ipsomet
2566 3277 2816 3332 initiandi
2864 3278 3173 3348 principatu
3215 3293 3408 3332 conse-

1821 3384 1997 3436 erata,
2021 3387 2119 3441 per
2145 3387 2266 3426 eam
2298 3387 2404 3444 qua
2432 3373 2482 3427 in
2515 3372 2689 3440 ipsum
2727 3371 3040 3426 immediate
3071 3370 3399 3440 subrigitur,

1821 3465 2230 3522 sanctissimam
2283 3466 2693 3536 purgationem,
2725 3480 2822 3534 pro
2863 3475 3028 3533 captu
3072 3478 3171 3517 suo
3201 3462 3401 3517 referta

1821 3560 2043 3630 copioso
2075 3558 2276 3613 lumine
2303 3557 2719 3627 perfectissima:
2750 3555 3229 3618 sanctiﬁcationis,
3269 3569 3402 3624 pur-

1820 3666 2004 3727 gatur,
2035 3664 2092 3710 et
2123 3653 2470 3708 illuminatur
2500 3663 2668 3726 atque
2704 3651 3024 3722 perﬁcitur;
3070 3650 3249 3705 omnis
3283 3649 3402 3718 qui-

1819 3751 1944 3803 dem
1976 3747 2205 3802 vilitatis
2234 3745 2343 3818 56
2372 3759 2604 3814 expers,
2653 3746 2844 3814 prima:
2872 3757 3004 3798 vero
3033 3738 3182 3796 lucis
3215 3741 3396 3809 plena,

1818 3842 2084 3910 primaevae
2153 3839 2489 3910 cognitionis
2512 3847 2675 3906 atque
2702 3835 2951 3892 scientia:
2983 3834 3400 3905 participatione

1822 3931 2088 4002 perlecta.
2120 3928 2460 3998 Compendio
2507 3929 2741 3996 denique
2779 3942 2884 3980 non
2918 3926 3018 3980 abs
3050 3939 3108 3979 re
3137 3924 3398 3986 dixerim,

1819 4023 2017 4078 divinae
2049 4021 2295 4077 scientiae
2324 4019 2798 4089 participationem
2843 4030 2968 4070 esse
3010 4013 3396 4084 purgationem

1817 4125 1870 4170 et
1908 4113 2383 4175 illuminationem,
2431 4117 2592 4178 atque
2636 4109 3025 4178 perfectionem
3061 4125 3076 4164 :
3111 4109 3239 4161 dum
3270 4105 3396 4176 qui-

1819 4209 1940 4262 dem
1998 4205 2399 4275 ignorationem
2445 4201 2845 4271 quodammodo
2891 4200 3077 4270 expiat
3131 4213 3228 4269 per
3275 4212 3397 4269 per-

1817 4301 2086 4356 lecturum
2141 4297 2527 4368 mysteriorum
2582 4293 2911 4358 scientiam,
2972 4306 3096 4363 quae
3149 4306 3248 4360 pro
3295 4306 3394 4346 sua

1816 4393 2014 4460 cuique
2041 4391 2306 4462 dignitate
2342 4386 2696 4452 conceditur;
2737 4400 2832 4455 per
2873 4384 3111 4440 divinam
3139 4398 3270 4438 vero
3299 4396 3393 4437 co—

1818 4487 2118 4558 gnitionem
2165 4483 2480 4548 illuminat,
2533 4495 2639 4549 qua
2697 4478 2863 4534 etiam
2922 4485 3114 4548 purgat
3159 4485 3394 4530 mentem

1819 4581 1990 4644 illam,
2023 4592 2145 4648 qua:
2169 4587 2328 4630 antea
2360 4589 2467 4629 non
2496 4573 2711 4628 viderat
2731 4586 2818 4634 ea,
2850 4584 2972 4640 qua:
3000 4569 3158 4624 modo
3187 4567 3262 4621 illi
3299 4581 3396 4635 per

1816 4673 2189 4729 sublimiorem
2221 4667 2642 4723 illustrationetn
2664 4664 3039 4727 elucidautur,
3065 4674 3394 4728 rursumque

1813 4767 2031 4838 perlicit
2063 4764 2255 4819 eodem
2291 4763 2409 4832 ipso
2439 4759 2664 4822 lumine,
2699 4771 2797 4828 per
2823 4755 3078 4811 stabilem
3105 4753 3390 4810 scientiam

1807 4861 2240 4918 clarissimarqu
2273 4853 2666 4912 eruditionum.

1657 5013 1685 5086 ς
1715 5009 1821 5070 ιν.

172 5138 322 5211 Αὕτη
358 5143 460 5212 μὲν
505 5139 599 5199 οῦν
629 5146 796 5210 ἐστιν,
828 5149 904 5212 ὡς
951 5160 1079 5202 κατ’
1105 5140 1258 5223 ’ἐμὴν
1287 5153 1620 5224 ἐπιστήμην,
1664 5152 1699 5224 ἡ

103 5232 294 5304 πρώτη
336 5235 450 5289 τῶν
491 5238 758 5309 οὐρανίων
785 5241 983 5295 οὐσιῶν
1023 5242 1401 5314 διακόσμησις,
1447 5246 1481 5315 ἠ
1516 5242 1702 5315 κύκλῳ

172 5355 336 5428 δίιειι.
368 5368 530 5420 Lxm,
558 5357 610 5410 l.

1879 5149 2062 5218 Atque
2099 5143 2188 5199 hic
2226 5139 2485 5212 quidem,
2515 5142 2785 5207 quantum
2812 5130 3012 5202 'capio,
3059 5127 3270 5196 primus
3302 5135 3386 5181 est

1807 5239 2114 5297 cmlestium
2161 5233 2527 5292 cssentiarum
2581 5229 2737 5298 ordo,
2781 5226 2876 5296 qui
2918 5225 2974 5278 in
3017 5220 3251 5279 circuitu
3287 5219 3381 5276 Dei

1435 5445 1522 5505 VA
1531 5447 1676 5503 RUE
1721 5444 2129 5502 LECTIONES.

168 5605 210 5633 ’⁷
242 5605 347 5680 (Ili,
380 5602 643 5680 μυοῦνται
663 5606 1094 5680 Δκαὶίςιὴελοῦντσιι
1123 5607 1259 5680 πρὸς
1282 5609 1451 5679 αὐτῆς
1474 5609 1574 5680 τῆς
1619 5608 1992 5680 τελεταρχίας.
2014 5606 2204 5680 Cujus
2239 5606 2489 5680 lectionis
2521 5603 2806 5680 vestigium
2825 5673 2837 5680 _
2867 5611 2973 5680 est_
2995 5603 3048 5656 in
3078 5600 3246 5680 veteri
3281 5601 3370 5656 Sc.

107 5675 486 5730 translativum.

106 5756 160 5793 ου
167 5743 394 5812 paviunt.

471 5746 516 5778 ³⁰
551 5748 651 5802 Cb.
685 5747 746 5805 υ.
788 5750 846 5804 S.
877 5746 947 5803 'l’.
981 5749 1043 5819 τῇ
1084 5749 1224 5804 κατά
1257 5749 1429 5816 τάξιν.
1469 5749 1692 5807 Veteres
1723 5746 2503 5806 translatianus—consentiunt.

586 5677 631 5709 ’⁸
661 5677 754 5749 Τὸ,
784 5677 986 5749 Κύριον
1019 5671 1180 5740 εἶναιξ
1231 5671 1329 5733 Cit.
1373 5671 1443 5732 θ’.
1485 5671 1546 5734 ὃζ
1621 5683 1665 5712 ⁹⁹
1704 5671 1899 5735 (ὶΙι.’[ἰ.
1925 5671 1983 5732 S.
2005 5671 2266 5749 θαυμάζω
2285 5677 2360 5730 δέ.
2397 5678 2496 5732 Ch.
2531 5676 2616 5749 ὅτι
2647 5673 3070 5749 τῶν-οὐρανίων.
3109 5673 3168 5725 D.
3203 5671 3373 5744 ὺπερυ

2579 5747 2618 5778 ³¹
2657 5745 2717 5800 υ.
2758 5743 3219 5798 ἐπάπτεύσουσαν.
