  <div class='ocr_page' id='page_1' title='image "/cluster/home/n/w/nwhite01/storage/ocr_20150623/3/hvd.32044014713192/115.png"; bbox 0 0 3722 6300; ppageno 0'>
   <div class='ocr_carea' id='block_1_1' title="bbox 299 197 400 253">
    <p class='ocr_par' dir='ltr' id='par_1_1' title="bbox 299 197 400 253">
     <span class='ocr_line' id='line_1_1' title="bbox 299 197 400 253; baseline 0.02 -2"><span class='ocrx_word' id='word_1_1' title='bbox 299 197 400 253; x_wconf 65' lang='grc' dir='ltr'>(Ξ.ίὸ</span> 
     </span>
    </p>
   </div>
   <div class='ocr_carea' id='block_1_2' title="bbox 1393 196 2296 256">
    <p class='ocr_par' dir='ltr' id='par_1_2' title="bbox 1393 196 2296 256">
     <span class='ocr_line' id='line_1_2' title="bbox 1393 196 2296 256; baseline 0.007 -5"><span class='ocrx_word' id='word_1_2' title='bbox 1393 197 1450 251; x_wconf 92' lang='lat' dir='ltr'><strong>S.</strong></span> <span class='ocrx_word' id='word_1_3' title='bbox 1493 196 1791 253; x_wconf 75' lang='lat' dir='ltr'>DIONYSII</span> <span class='ocrx_word' id='word_1_4' title='bbox 1830 197 2296 256; x_wconf 66' lang='lat' dir='ltr'>AREOPAGITE</span> 
     </span>
    </p>
   </div>
   <div class='ocr_carea' id='block_1_3' title="bbox 3451 198 3568 254">
    <p class='ocr_par' dir='ltr' id='par_1_3' title="bbox 3451 198 3568 254">
     <span class='ocr_line' id='line_1_3' title="bbox 3451 198 3568 254; baseline -0.017 0"><span class='ocrx_word' id='word_1_5' title='bbox 3451 198 3568 254; x_wconf 74' lang='grc'>216</span> 
     </span>
    </p>
   </div>
   <div class='ocr_carea' id='block_1_4' title="bbox 303 310 1773 387">
    <p class='ocr_par' dir='ltr' id='par_1_4' title="bbox 303 310 1773 382">
     <span class='ocr_line' id='line_1_4' title="bbox 303 310 1773 382; baseline -0.001 -15"><span class='ocrx_word' id='word_1_6' title='bbox 303 310 897 367; x_wconf 80' lang='lat' dir='ltr'><strong>sibilitercfformantur</strong></span> <span class='ocrx_word' id='word_1_7' title='bbox 926 321 1140 382; x_wconf 76' lang='lat' dir='ltr'>propter</span> <span class='ocrx_word' id='word_1_8' title='bbox 1158 321 1395 368; x_wconf 90' lang='lat' dir='ltr'><strong>nostram</strong></span> <span class='ocrx_word' id='word_1_9' title='bbox 1422 311 1773 367; x_wconf 71' lang='lat' dir='ltr'><strong>imbecillitati</strong></span> 
     </span>
    </p>
   </div>
   <div class='ocr_carea' id='block_1_5' title="bbox 2101 310 3571 387">
    <p class='ocr_par' dir='ltr' id='par_1_5' title="bbox 2101 314 3571 387">
     <span class='ocr_line' id='line_1_5' title="bbox 2101 314 3571 387; baseline -0.001 -19"><span class='ocrx_word' id='word_1_10' title='bbox 2101 317 2219 368; x_wconf 68' lang='lat' dir='ltr'><strong>mal.</strong></span> <span class='ocrx_word' id='word_1_11' title='bbox 2235 315 2508 385; x_wconf 79' lang='grc' dir='ltr'>αἰσθητῶς</span> <span class='ocrx_word' id='word_1_12' title='bbox 2523 315 2788 382; x_wconf 81' lang='grc' dir='ltr'>λέγονται,</span> <span class='ocrx_word' id='word_1_13' title='bbox 2808 314 2928 370; x_wconf 80' lang='grc' dir='ltr'>καθ’</span> <span class='ocrx_word' id='word_1_14' title='bbox 2943 315 3067 368; x_wconf 83' lang='grc' dir='ltr'>ὅσον</span> <span class='ocrx_word' id='word_1_15' title='bbox 3087 315 3119 386; x_wconf 82' lang='grc' dir='ltr'>ἡ</span> <span class='ocrx_word' id='word_1_16' title='bbox 3137 314 3273 387; x_wconf 78' lang='grc' dir='ltr'>ἀκοὴ</span> <span class='ocrx_word' id='word_1_17' title='bbox 3288 318 3480 387; x_wconf 85' lang='grc' dir='ltr'>χωρεῖ.</span> <span class='ocrx_word' id='word_1_18' title='bbox 3500 315 3571 368; x_wconf 86' lang='grc' dir='ltr'>ΕΞ</span> 
     </span>
    </p>
   </div>
   <div class='ocr_carea' id='block_1_6' title="bbox 302 403 1869 472">
    <p class='ocr_par' dir='ltr' id='par_1_6' title="bbox 302 403 1869 472">
     <span class='ocr_line' id='line_1_6' title="bbox 302 403 1869 472; baseline 0.001 -15"><span class='ocrx_word' id='word_1_19' title='bbox 302 421 490 459; x_wconf 80' lang='lat' dir='ltr'><strong>verum</strong></span> <span class='ocrx_word' id='word_1_20' title='bbox 529 404 690 458; x_wconf 89' lang='lat' dir='ltr'><strong>etiam</strong></span> <span class='ocrx_word' id='word_1_21' title='bbox 721 403 1050 458; x_wconf 88' lang='lat' dir='ltr'><strong>scnsibiliter</strong></span> <span class='ocrx_word' id='word_1_22' title='bbox 1079 405 1448 468; x_wconf 85' lang='lat' dir='ltr'><strong>nmuinautur,</strong></span> <span class='ocrx_word' id='word_1_23' title='bbox 1481 413 1738 472; x_wconf 88' lang='lat' dir='ltr'><strong>quantum</strong></span> <span class='ocrx_word' id='word_1_24' title='bbox 1768 419 1869 458; x_wconf 87' lang='lat' dir='ltr'><strong>au-</strong></span> 
     </span>
    </p>
   </div>
   <div class='ocr_carea' id='block_1_7' title="bbox 304 486 1874 569">
    <p class='ocr_par' dir='ltr' id='par_1_7' title="bbox 304 486 1874 569">
     <span class='ocr_line' id='line_1_7' title="bbox 304 486 1874 569; baseline -0.001 -17"><span class='ocrx_word' id='word_1_25' title='bbox 304 511 452 553; x_wconf 83' lang='lat' dir='ltr'><strong>ultus</strong></span> <span class='ocrx_word' id='word_1_26' title='bbox 478 499 644 568; x_wconf 90' lang='lat' dir='ltr'><strong>capit.</strong></span> <span class='ocrx_word' id='word_1_27' title='bbox 677 486 742 552; x_wconf 83' lang='lat' dir='ltr'>Si</span> <span class='ocrx_word' id='word_1_28' title='bbox 769 499 892 569; x_wconf 98' lang='lat' dir='ltr'><strong>quis</strong></span> <span class='ocrx_word' id='word_1_29' title='bbox 935 507 1118 552; x_wconf 90' lang='lat' dir='ltr'><strong>autem</strong></span> <span class='ocrx_word' id='word_1_30' title='bbox 1155 497 1319 558; x_wconf 86' lang='lat' dir='ltr'><strong>dicat.</strong></span> <span class='ocrx_word' id='word_1_31' title='bbox 1353 497 1630 551; x_wconf 91' lang='lat' dir='ltr'><strong>nominum</strong></span> <span class='ocrx_word' id='word_1_32' title='bbox 1661 511 1874 566; x_wconf 86' lang='lat' dir='ltr'><strong>quoque</strong></span> 
     </span>
    </p>
   </div>
   <div class='ocr_carea' id='block_1_8' title="bbox 306 589 1871 659">
    <p class='ocr_par' dir='ltr' id='par_1_8' title="bbox 306 589 1871 659">
     <span class='ocr_line' id='line_1_8' title="bbox 306 589 1871 659; baseline -0.001 -15"><span class='ocrx_word' id='word_1_33' title='bbox 306 592 810 659; x_wconf 88' lang='lat' dir='ltr'><strong>interpretationem</strong></span> <span class='ocrx_word' id='word_1_34' title='bbox 837 592 902 646; x_wconf 91' lang='lat' dir='ltr'>ad</span> <span class='ocrx_word' id='word_1_35' title='bbox 932 599 1150 658; x_wconf 90' lang='lat' dir='ltr'><strong>captum</strong></span> <span class='ocrx_word' id='word_1_36' title='bbox 1182 591 1398 644; x_wconf 87' lang='lat' dir='ltr'><strong>auditus</strong></span> <span class='ocrx_word' id='word_1_37' title='bbox 1423 591 1591 644; x_wconf 92' lang='lat' dir='ltr'><strong>nostri</strong></span> <span class='ocrx_word' id='word_1_38' title='bbox 1621 589 1871 658; x_wconf 78' lang='lat' dir='ltr'>proferri,</span> 
     </span>
    </p>
   </div>
   <div class='ocr_carea' id='block_1_9' title="bbox 305 681 1874 752">
    <p class='ocr_par' dir='ltr' id='par_1_9' title="bbox 305 681 1874 752">
     <span class='ocr_line' id='line_1_9' title="bbox 305 681 1874 752; baseline -0.001 -16"><span class='ocrx_word' id='word_1_39' title='bbox 305 695 465 751; x_wconf 90' lang='lat' dir='ltr'><strong>atque</strong></span> <span class='ocrx_word' id='word_1_40' title='bbox 481 682 704 752; x_wconf 91' lang='lat' dir='ltr'><strong>insuper</strong></span> <span class='ocrx_word' id='word_1_41' title='bbox 718 683 846 751; x_wconf 93' lang='lat' dir='ltr'><strong>quid</strong></span> <span class='ocrx_word' id='word_1_42' title='bbox 863 682 1226 737; x_wconf 79' lang='lat' dir='ltr'><strong>intellectualc</strong></span> <span class='ocrx_word' id='word_1_43' title='bbox 1247 698 1368 736; x_wconf 87' lang='lat' dir='ltr'><strong>esse</strong></span> <span class='ocrx_word' id='word_1_44' title='bbox 1385 698 1448 736; x_wconf 83' lang='lat' dir='ltr'>ac</span> <span class='ocrx_word' id='word_1_45' title='bbox 1469 681 1577 752; x_wconf 83' lang='lat'>59</span> <span class='ocrx_word' id='word_1_46' title='bbox 1593 681 1874 734; x_wconf 86' lang='lat' dir='ltr'>sublimius</span> 
     </span>
    </p>
   </div>
   <div class='ocr_carea' id='block_1_10' title="bbox 305 772 1874 844">
    <p class='ocr_par' dir='ltr' id='par_1_10' title="bbox 305 772 1874 844">
     <span class='ocr_line' id='line_1_10' title="bbox 305 772 1874 844; baseline -0.001 -15"><span class='ocrx_word' id='word_1_47' title='bbox 305 775 594 844; x_wconf 81' lang='lat' dir='ltr'><strong>(siquidem</strong></span> <span class='ocrx_word' id='word_1_48' title='bbox 624 785 676 828; x_wconf 92' lang='lat' dir='ltr'><strong>et</strong></span> <span class='ocrx_word' id='word_1_49' title='bbox 710 791 901 830; x_wconf 85' lang='lat' dir='ltr'><strong>nomen</strong></span> <span class='ocrx_word' id='word_1_50' title='bbox 934 774 1299 842; x_wconf 77' lang='lat' dir='ltr'><strong>intelligimus,</strong></span> <span class='ocrx_word' id='word_1_51' title='bbox 1336 775 1482 828; x_wconf 91' lang='lat' dir='ltr'><strong>verbi</strong></span> <span class='ocrx_word' id='word_1_52' title='bbox 1530 774 1702 844; x_wconf 78' lang='lat' dir='ltr'><strong>gratia</strong></span> <span class='ocrx_word' id='word_1_53' title='bbox 1729 772 1874 827; x_wconf 82' lang='lat' dir='ltr'><strong>cale—</strong></span> 
     </span>
    </p>
   </div>
   <div class='ocr_carea' id='block_1_11' title="bbox 308 861 1875 936">
    <p class='ocr_par' dir='ltr' id='par_1_11' title="bbox 308 861 1875 936">
     <span class='ocr_line' id='line_1_11' title="bbox 308 861 1875 936; baseline -0.003 -18"><span class='ocrx_word' id='word_1_54' title='bbox 308 865 583 925; x_wconf 84' lang='lat' dir='ltr'><strong>facientes,</strong></span> <span class='ocrx_word' id='word_1_55' title='bbox 612 866 907 936; x_wconf 89' lang='lat' dir='ltr'><strong>quinetiam</strong></span> <span class='ocrx_word' id='word_1_56' title='bbox 934 865 1049 932; x_wconf 84' lang='lat' dir='ltr'><strong>ejus</strong></span> <span class='ocrx_word' id='word_1_57' title='bbox 1074 865 1517 933; x_wconf 74' lang='lat' dir='ltr'><strong>explicationem,</strong></span> <span class='ocrx_word' id='word_1_58' title='bbox 1547 863 1677 932; x_wconf 91' lang='lat' dir='ltr'><strong>quid</strong></span> <span class='ocrx_word' id='word_1_59' title='bbox 1702 861 1875 926; x_wconf 70' lang='lat' dir='ltr'><strong>signi-</strong></span> 
     </span>
    </p>
   </div>
   <div class='ocr_carea' id='block_1_12' title="bbox 308 955 1878 1028">
    <p class='ocr_par' dir='ltr' id='par_1_12' title="bbox 308 955 1878 1028">
     <span class='ocr_line' id='line_1_12' title="bbox 308 955 1878 1028; baseline -0.003 -14"><span class='ocrx_word' id='word_1_60' title='bbox 308 961 431 1014; x_wconf 81' lang='lat' dir='ltr'><strong>ficet</strong></span> <span class='ocrx_word' id='word_1_61' title='bbox 453 962 858 1025; x_wconf 76' lang='lat' dir='ltr'><strong>calefacientes,</strong></span> <span class='ocrx_word' id='word_1_62' title='bbox 885 969 1030 1014; x_wconf 89' lang='lat' dir='ltr'><strong>recte</strong></span> <span class='ocrx_word' id='word_1_63' title='bbox 1064 959 1289 1028; x_wconf 90' lang='lat' dir='ltr'><strong>scimus)</strong></span> <span class='ocrx_word' id='word_1_64' title='bbox 1317 977 1331 1012; x_wconf 88' lang='lat'>:</span> <span class='ocrx_word' id='word_1_65' title='bbox 1365 968 1416 1011; x_wconf 91' lang='lat' dir='ltr'>et</span> <span class='ocrx_word' id='word_1_66' title='bbox 1444 958 1635 1026; x_wconf 89' lang='lat' dir='ltr'><strong>si.quis</strong></span> <span class='ocrx_word' id='word_1_67' title='bbox 1678 955 1878 1012; x_wconf 78' lang='lat' dir='ltr'><strong>dixerit</strong></span> 
     </span>
    </p>
   </div>
   <div class='ocr_carea' id='block_1_13' title="bbox 222 1049 1876 1122">
    <p class='ocr_par' dir='ltr' id='par_1_13' title="bbox 222 1049 1876 1122">
     <span class='ocr_line' id='line_1_13' title="bbox 222 1049 1876 1122; baseline -0.005 -15"><span class='ocrx_word' id='word_1_68' title='bbox 222 1087 225 1090; x_wconf 98' lang='lat'><strong><em>-</em></strong></span> <span class='ocrx_word' id='word_1_69' title='bbox 307 1069 501 1107; x_wconf 89' lang='lat' dir='ltr'><strong>nomen</strong></span> <span class='ocrx_word' id='word_1_70' title='bbox 537 1054 710 1121; x_wconf 88' lang='lat' dir='ltr'><strong>ipsum</strong></span> <span class='ocrx_word' id='word_1_71' title='bbox 765 1054 937 1122; x_wconf 80' lang='lat' dir='ltr'><strong>magis</strong></span> <span class='ocrx_word' id='word_1_72' title='bbox 979 1052 1309 1108; x_wconf 86' lang='lat' dir='ltr'><strong>sensibiliter</strong></span> <span class='ocrx_word' id='word_1_73' title='bbox 1346 1049 1548 1113; x_wconf 78' lang='lat' dir='ltr'><strong>eﬂerri,</strong></span> <span class='ocrx_word' id='word_1_74' title='bbox 1583 1063 1744 1117; x_wconf 91' lang='lat' dir='ltr'><strong>quam</strong></span> <span class='ocrx_word' id='word_1_75' title='bbox 1778 1061 1876 1100; x_wconf 83' lang='lat' dir='ltr'><strong>no-</strong></span> 
     </span>
    </p>
   </div>
   <div class='ocr_carea' id='block_1_14' title="bbox 306 1139 1878 1215">
    <p class='ocr_par' dir='ltr' id='par_1_14' title="bbox 306 1139 1878 1215">
     <span class='ocr_line' id='line_1_14' title="bbox 306 1139 1878 1215; baseline -0.006 -15"><span class='ocrx_word' id='word_1_76' title='bbox 306 1145 469 1200; x_wconf 85' lang='lat' dir='ltr'><strong>minis</strong></span> <span class='ocrx_word' id='word_1_77' title='bbox 500 1145 1032 1215; x_wconf 80' lang='lat' dir='ltr'><strong>interpretatiomun;</strong></span> <span class='ocrx_word' id='word_1_78' title='bbox 1074 1144 1306 1214; x_wconf 91' lang='lat' dir='ltr'><strong>primum</strong></span> <span class='ocrx_word' id='word_1_79' title='bbox 1349 1143 1566 1211; x_wconf 80' lang='lat' dir='ltr'><strong>quidem</strong></span> <span class='ocrx_word' id='word_1_80' title='bbox 1617 1141 1752 1194; x_wconf 88' lang='lat' dir='ltr'><strong>sciat</strong></span> <span class='ocrx_word' id='word_1_81' title='bbox 1797 1139 1878 1191; x_wconf 86' lang='lat' dir='ltr'><strong>fa-</strong></span> 
     </span>
    </p>
   </div>
   <div class='ocr_carea' id='block_1_15' title="bbox 305 1228 1876 1306">
    <p class='ocr_par' dir='ltr' id='par_1_15' title="bbox 305 1228 1876 1306">
     <span class='ocr_line' id='line_1_15' title="bbox 305 1228 1876 1306; baseline -0.006 -15"><span class='ocrx_word' id='word_1_82' title='bbox 305 1237 465 1292; x_wconf 85' lang='lat' dir='ltr'><strong>cilius</strong></span> <span class='ocrx_word' id='word_1_83' title='bbox 493 1254 688 1292; x_wconf 84' lang='lat' dir='ltr'><strong>nomen</strong></span> <span class='ocrx_word' id='word_1_84' title='bbox 715 1239 830 1306; x_wconf 82' lang='lat' dir='ltr'><strong>capi</strong></span> <span class='ocrx_word' id='word_1_85' title='bbox 864 1253 1026 1306; x_wconf 79' lang='lat' dir='ltr'><strong>quam</strong></span> <span class='ocrx_word' id='word_1_86' title='bbox 1054 1236 1172 1304; x_wconf 84' lang='lat' dir='ltr'><strong>ejus</strong></span> <span class='ocrx_word' id='word_1_87' title='bbox 1221 1236 1481 1298; x_wconf 83' lang='lat' dir='ltr'><strong>rationes,</strong></span> <span class='ocrx_word' id='word_1_88' title='bbox 1505 1230 1684 1301; x_wconf 82' lang='lat' dir='ltr'><strong>quoad</strong></span> <span class='ocrx_word' id='word_1_89' title='bbox 1716 1228 1876 1284; x_wconf 91' lang='lat' dir='ltr'><strong>intel-</strong></span> 
     </span>
    </p>
   </div>
   <div class='ocr_carea' id='block_1_16' title="bbox 307 1322 1878 1400">
    <p class='ocr_par' dir='ltr' id='par_1_16' title="bbox 307 1322 1878 1400">
     <span class='ocr_line' id='line_1_16' title="bbox 307 1322 1878 1400; baseline -0.006 -19"><span class='ocrx_word' id='word_1_90' title='bbox 307 1329 585 1400; x_wconf 78' lang='lat' dir='ltr'><strong>ligentiam</strong></span> <span class='ocrx_word' id='word_1_91' title='bbox 615 1370 630 1393; x_wconf 95' lang='lat'>,</span> <span class='ocrx_word' id='word_1_92' title='bbox 672 1329 821 1383; x_wconf 73' lang='lat' dir='ltr'><strong>verbi</strong></span> <span class='ocrx_word' id='word_1_93' title='bbox 864 1328 1038 1399; x_wconf 78' lang='lat' dir='ltr'><strong>gratia</strong></span> <span class='ocrx_word' id='word_1_94' title='bbox 1067 1369 1084 1392; x_wconf 97' lang='lat'>,</span> <span class='ocrx_word' id='word_1_95' title='bbox 1133 1328 1346 1382; x_wconf 75' lang='lat' dir='ltr'><strong>facilius</strong></span> <span class='ocrx_word' id='word_1_96' title='bbox 1386 1334 1473 1380; x_wconf 89' lang='lat' dir='ltr'>est</span> <span class='ocrx_word' id='word_1_97' title='bbox 1523 1322 1878 1392; x_wconf 87' lang='lat' dir='ltr'><strong>pronuntiare</strong></span> 
     </span>
    </p>
   </div>
   <div class='ocr_carea' id='block_1_17' title="bbox 309 1414 1875 1488">
    <p class='ocr_par' dir='ltr' id='par_1_17' title="bbox 309 1414 1875 1488">
     <span class='ocr_line' id='line_1_17' title="bbox 309 1414 1875 1488; baseline -0.006 -12"><span class='ocrx_word' id='word_1_98' title='bbox 309 1437 505 1476; x_wconf 83' lang='lat' dir='ltr'><strong>nomen</strong></span> <span class='ocrx_word' id='word_1_99' title='bbox 556 1421 967 1486; x_wconf 82' lang='lat' dir='ltr'><strong>calefacientes,</strong></span> <span class='ocrx_word' id='word_1_100' title='bbox 1015 1435 1176 1488; x_wconf 91' lang='lat' dir='ltr'><strong>quam</strong></span> <span class='ocrx_word' id='word_1_101' title='bbox 1217 1419 1412 1473; x_wconf 89' lang='lat' dir='ltr'><strong>horum</strong></span> <span class='ocrx_word' id='word_1_102' title='bbox 1459 1414 1875 1484; x_wconf 80' lang='lat' dir='ltr'><strong>explicationem</strong></span> 
     </span>
    </p>
   </div>
   <div class='ocr_carea' id='block_1_18' title="bbox 307 1507 1875 1583">
    <p class='ocr_par' dir='ltr' id='par_1_18' title="bbox 307 1507 1875 1583">
     <span class='ocr_line' id='line_1_18' title="bbox 307 1507 1875 1583; baseline -0.007 -13"><span class='ocrx_word' id='word_1_103' title='bbox 307 1516 533 1579; x_wconf 82' lang='lat' dir='ltr'><strong>afferre;</strong></span> <span class='ocrx_word' id='word_1_104' title='bbox 582 1525 748 1583; x_wconf 88' lang='lat' dir='ltr'><strong>atque</strong></span> <span class='ocrx_word' id='word_1_105' title='bbox 803 1511 1080 1567; x_wconf 86' lang='lat' dir='ltr'><strong>hominem</strong></span> <span class='ocrx_word' id='word_1_106' title='bbox 1134 1510 1418 1564; x_wconf 86' lang='lat' dir='ltr'><strong>nominare</strong></span> <span class='ocrx_word' id='word_1_107' title='bbox 1469 1507 1688 1562; x_wconf 74' lang='lat' dir='ltr'><strong>facilius</strong></span> <span class='ocrx_word' id='word_1_108' title='bbox 1745 1515 1875 1570; x_wconf 88' lang='lat' dir='ltr'><strong>est,</strong></span> 
     </span>
    </p>
   </div>
   <div class='ocr_carea' id='block_1_19' title="bbox 307 1599 1875 1675">
    <p class='ocr_par' dir='ltr' id='par_1_19' title="bbox 307 1599 1875 1675">
     <span class='ocr_line' id='line_1_19' title="bbox 307 1599 1875 1675; baseline -0.004 -19"><span class='ocrx_word' id='word_1_109' title='bbox 307 1623 468 1675; x_wconf 92' lang='lat' dir='ltr'><strong>quam</strong></span> <span class='ocrx_word' id='word_1_110' title='bbox 497 1605 616 1672; x_wconf 62' lang='lat' dir='ltr'><strong>(sitis</strong></span> <span class='ocrx_word' id='word_1_111' title='bbox 645 1604 1018 1657; x_wconf 89' lang='lat' dir='ltr'><strong>definitionem</strong></span> <span class='ocrx_word' id='word_1_112' title='bbox 1070 1603 1282 1656; x_wconf 80' lang='lat' dir='ltr'><strong>tradere</strong></span> <span class='ocrx_word' id='word_1_113' title='bbox 1311 1618 1324 1652; x_wconf 92' lang='lat'><strong>:</strong></span> <span class='ocrx_word' id='word_1_114' title='bbox 1362 1599 1492 1653; x_wconf 93' lang='lat' dir='ltr'><strong>illud</strong></span> <span class='ocrx_word' id='word_1_115' title='bbox 1536 1599 1682 1652; x_wconf 89' lang='lat' dir='ltr'><strong>enim</strong></span> <span class='ocrx_word' id='word_1_116' title='bbox 1714 1613 1875 1652; x_wconf 90' lang='lat' dir='ltr'><strong>sensu</strong></span> 
     </span>
    </p>
   </div>
   <div class='ocr_carea' id='block_1_20' title="bbox 1973 405 3575 478">
    <p class='ocr_par' dir='ltr' id='par_1_20' title="bbox 1973 405 3575 478">
     <span class='ocr_line' id='line_1_20' title="bbox 1973 405 3575 478; baseline 0.001 -21"><span class='ocrx_word' id='word_1_117' title='bbox 1973 405 2030 458; x_wconf 78' lang='grc' dir='ltr'>δέ</span> <span class='ocrx_word' id='word_1_118' title='bbox 2041 407 2301 475; x_wconf 83' lang='grc' dir='ltr'>τιςλέγει,</span> <span class='ocrx_word' id='word_1_119' title='bbox 2316 408 2396 460; x_wconf 84' lang='grc' dir='ltr'>ὅτι</span> <span class='ocrx_word' id='word_1_120' title='bbox 2412 407 2504 459; x_wconf 70' lang='grc' dir='ltr'>καὶ</span> <span class='ocrx_word' id='word_1_121' title='bbox 2517 410 2547 478; x_wconf 75' lang='grc' dir='ltr'>ἡ</span> <span class='ocrx_word' id='word_1_122' title='bbox 2560 407 2666 459; x_wconf 91' lang='grc' dir='ltr'>τῶν</span> <span class='ocrx_word' id='word_1_123' title='bbox 2678 407 2954 478; x_wconf 81' lang='grc' dir='ltr'>ὀνομάτων</span> <span class='ocrx_word' id='word_1_124' title='bbox 2965 407 3226 478; x_wconf 77' lang='grc' dir='ltr'>ἑρμηνεία</span> <span class='ocrx_word' id='word_1_125' title='bbox 3237 405 3575 478; x_wconf 81' lang='grc' dir='ltr'>χωρητικῶς</span> 
     </span>
    </p>
   </div>
   <div class='ocr_carea' id='block_1_21' title="bbox 1973 495 3574 569">
    <p class='ocr_par' dir='ltr' id='par_1_21' title="bbox 1973 495 3574 569">
     <span class='ocr_line' id='line_1_21' title="bbox 1973 495 3574 569; baseline -0.001 -20"><span class='ocrx_word' id='word_1_126' title='bbox 1973 499 2038 567; x_wconf 77' lang='grc' dir='ltr'>τῇ</span> <span class='ocrx_word' id='word_1_127' title='bbox 2062 497 2197 569; x_wconf 81' lang='grc' dir='ltr'>ἀκοῇ</span> <span class='ocrx_word' id='word_1_128' title='bbox 2234 497 2389 567; x_wconf 69' lang='grc' dir='ltr'>ἡμῶν</span> <span class='ocrx_word' id='word_1_129' title='bbox 2408 497 2640 565; x_wconf 73' lang='grc' dir='ltr'>λέγεται,</span> <span class='ocrx_word' id='word_1_130' title='bbox 2687 499 2779 550; x_wconf 74' lang='grc' dir='ltr'>καὶ</span> <span class='ocrx_word' id='word_1_131' title='bbox 2818 497 3002 550; x_wconf 81' lang='grc' dir='ltr'>λοιπὸν</span> <span class='ocrx_word' id='word_1_132' title='bbox 3033 497 3086 550; x_wconf 87' lang='grc' dir='ltr'>τί</span> <span class='ocrx_word' id='word_1_133' title='bbox 3113 499 3227 550; x_wconf 85' lang='grc' dir='ltr'>ἐστι</span> <span class='ocrx_word' id='word_1_134' title='bbox 3271 498 3333 550; x_wconf 75' lang='grc' dir='ltr'>τὸ</span> <span class='ocrx_word' id='word_1_135' title='bbox 3372 495 3574 566; x_wconf 77' lang='grc' dir='ltr'>νοητὸν</span> 
     </span>
    </p>
   </div>
   <div class='ocr_carea' id='block_1_22' title="bbox 1975 587 3575 660">
    <p class='ocr_par' dir='ltr' id='par_1_22' title="bbox 1975 587 3575 660">
     <span class='ocr_line' id='line_1_22' title="bbox 1975 587 3575 660; baseline 0 -19"><span class='ocrx_word' id='word_1_136' title='bbox 1975 589 2069 642; x_wconf 68' lang='grc' dir='ltr'>καὶ</span> <span class='ocrx_word' id='word_1_137' title='bbox 2121 588 2446 660; x_wconf 86' lang='grc' dir='ltr'>ὑψηλότερον</span> <span class='ocrx_word' id='word_1_138' title='bbox 2477 589 2590 658; x_wconf 72' lang='grc' dir='ltr'>(καὶ</span> <span class='ocrx_word' id='word_1_139' title='bbox 2622 587 2731 660; x_wconf 77' lang='grc' dir='ltr'>γὰρ</span> <span class='ocrx_word' id='word_1_140' title='bbox 2775 588 3118 659; x_wconf 81' lang='grc' dir='ltr'>γινώσκομεν</span> <span class='ocrx_word' id='word_1_141' title='bbox 3149 589 3209 642; x_wconf 77' lang='grc' dir='ltr'>τὸ</span> <span class='ocrx_word' id='word_1_142' title='bbox 3257 589 3453 660; x_wconf 70' lang='grc' dir='ltr'>ὄνομα,</span> <span class='ocrx_word' id='word_1_143' title='bbox 3483 590 3575 642; x_wconf 79' lang='grc' dir='ltr'>ὅτι</span> 
     </span>
    </p>
   </div>
   <div class='ocr_carea' id='block_1_23' title="bbox 1977 679 3576 753">
    <p class='ocr_par' dir='ltr' id='par_1_23' title="bbox 1977 679 3576 753">
     <span class='ocr_line' id='line_1_23' title="bbox 1977 679 3576 753; baseline 0.001 -22"><span class='ocrx_word' id='word_1_144' title='bbox 1977 679 2357 750; x_wconf 85' lang='grc' dir='ltr'>θερμαίνοντες</span> <span class='ocrx_word' id='word_1_145' title='bbox 2382 679 2565 748; x_wconf 73' lang='grc' dir='ltr'>τυχὸν,</span> <span class='ocrx_word' id='word_1_146' title='bbox 2592 679 2726 732; x_wconf 71' lang='grc' dir='ltr'>ἀλλὰ</span> <span class='ocrx_word' id='word_1_147' title='bbox 2759 681 2858 749; x_wconf 53' lang='grc' dir='ltr'>καὶ</span> <span class='ocrx_word' id='word_1_148' title='bbox 2877 680 2973 751; x_wconf 77' lang='grc' dir='ltr'>τὴν</span> <span class='ocrx_word' id='word_1_149' title='bbox 2999 681 3261 753; x_wconf 78' lang='grc' dir='ltr'>ἐξήγησιν</span> <span class='ocrx_word' id='word_1_150' title='bbox 3289 680 3576 750; x_wconf 84' lang='grc' dir='ltr'>γινώσκο-</span> 
     </span>
    </p>
   </div>
   <div class='ocr_carea' id='block_1_24' title="bbox 1979 769 3578 842">
    <p class='ocr_par' dir='ltr' id='par_1_24' title="bbox 1979 769 3578 842">
     <span class='ocr_line' id='line_1_24' title="bbox 1979 769 3578 842; baseline 0.001 -20"><span class='ocrx_word' id='word_1_151' title='bbox 1979 787 2098 840; x_wconf 85' lang='grc' dir='ltr'>μεν,</span> <span class='ocrx_word' id='word_1_152' title='bbox 2136 770 2188 822; x_wconf 90' lang='grc' dir='ltr'>τί</span> <span class='ocrx_word' id='word_1_153' title='bbox 2211 769 2359 841; x_wconf 84' lang='grc' dir='ltr'>δηλοῖ</span> <span class='ocrx_word' id='word_1_154' title='bbox 2388 771 2449 822; x_wconf 84' lang='grc' dir='ltr'>τὸ</span> <span class='ocrx_word' id='word_1_155' title='bbox 2495 770 2894 842; x_wconf 88' lang='grc' dir='ltr'>θερμαίνοντες)</span> <span class='ocrx_word' id='word_1_156' title='bbox 2917 788 2932 802; x_wconf 87' lang='grc'><strong>·</strong></span> <span class='ocrx_word' id='word_1_157' title='bbox 2961 772 3055 824; x_wconf 78' lang='grc' dir='ltr'>καὶ</span> <span class='ocrx_word' id='word_1_158' title='bbox 3087 773 3140 825; x_wconf 90' lang='grc' dir='ltr'>τί</span> <span class='ocrx_word' id='word_1_159' title='bbox 3188 773 3255 826; x_wconf 86' lang='grc' dir='ltr'>ἂν</span> <span class='ocrx_word' id='word_1_160' title='bbox 3288 772 3434 825; x_wconf 82' lang='grc' dir='ltr'>είποι</span> <span class='ocrx_word' id='word_1_161' title='bbox 3482 789 3578 835; x_wconf 86' lang='grc' dir='ltr'>τις</span> 
     </span>
    </p>
   </div>
   <div class='ocr_carea' id='block_1_25' title="bbox 1975 864 3578 942">
    <p class='ocr_par' dir='ltr' id='par_1_25' title="bbox 1975 864 3578 942">
     <span class='ocr_line' id='line_1_25' title="bbox 1975 864 3578 942; baseline 0.002 -27"><span class='ocrx_word' id='word_1_162' title='bbox 1975 864 2035 916; x_wconf 75' lang='grc' dir='ltr'>τὸ</span> <span class='ocrx_word' id='word_1_163' title='bbox 2065 865 2234 935; x_wconf 71' lang='grc' dir='ltr'>ὄνομα</span> <span class='ocrx_word' id='word_1_164' title='bbox 2286 864 2558 935; x_wconf 73' lang='grc' dir='ltr'>αἰσθητῶς</span> <span class='ocrx_word' id='word_1_165' title='bbox 2600 865 2878 942; x_wconf 57' lang='grc' dir='ltr'>λέγεσθαι,</span> <span class='ocrx_word' id='word_1_166' title='bbox 2909 866 3070 920; x_wconf 80' lang='grc' dir='ltr'>πλέον</span> <span class='ocrx_word' id='word_1_167' title='bbox 3115 867 3216 936; x_wconf 78' lang='grc' dir='ltr'>τῆς</span> <span class='ocrx_word' id='word_1_168' title='bbox 3248 867 3578 938; x_wconf 73' lang='grc' dir='ltr'>ἐξηγήσεως</span> 
     </span>
    </p>
   </div>
   <div class='ocr_carea' id='block_1_26' title="bbox 1975 957 3580 1034">
    <p class='ocr_par' dir='ltr' id='par_1_26' title="bbox 1975 957 3580 1034">
     <span class='ocr_line' id='line_1_26' title="bbox 1975 957 3580 1034; baseline 0.003 -24"><span class='ocrx_word' id='word_1_169' title='bbox 1975 957 2069 1010; x_wconf 74' lang='grc' dir='ltr'>τοῦ</span> <span class='ocrx_word' id='word_1_170' title='bbox 2101 959 2394 1028; x_wconf 80' lang='grc' dir='ltr'>όνόματος’</span> <span class='ocrx_word' id='word_1_171' title='bbox 2431 959 2762 1026; x_wconf 81' lang='grc' dir='ltr'>γινωσκέτω,</span> <span class='ocrx_word' id='word_1_172' title='bbox 2799 961 3012 1030; x_wconf 89' lang='grc' dir='ltr'>πρῶτον</span> <span class='ocrx_word' id='word_1_173' title='bbox 3053 961 3172 1030; x_wconf 82' lang='grc' dir='ltr'>μὲν,</span> <span class='ocrx_word' id='word_1_174' title='bbox 3202 963 3283 1016; x_wconf 78' lang='grc' dir='ltr'>ὅτι</span> <span class='ocrx_word' id='word_1_175' title='bbox 3309 963 3580 1034; x_wconf 80' lang='grc' dir='ltr'>εὐληπτό-</span> 
     </span>
    </p>
   </div>
   <div class='ocr_carea' id='block_1_27' title="bbox 1975 1037 3577 1126">
    <p class='ocr_par' dir='ltr' id='par_1_27' title="bbox 1975 1048 3577 1126">
     <span class='ocr_line' id='line_1_27' title="bbox 1975 1048 3577 1126; baseline 0.004 -24"><span class='ocrx_word' id='word_1_176' title='bbox 1975 1048 2131 1120; x_wconf 86' lang='grc' dir='ltr'>τερόν</span> <span class='ocrx_word' id='word_1_177' title='bbox 2157 1050 2268 1102; x_wconf 82' lang='grc' dir='ltr'>ἐστι</span> <span class='ocrx_word' id='word_1_178' title='bbox 2295 1049 2355 1102; x_wconf 79' lang='grc' dir='ltr'>τὸ</span> <span class='ocrx_word' id='word_1_179' title='bbox 2379 1049 2570 1119; x_wconf 75' lang='grc' dir='ltr'>ὄνομα,</span> <span class='ocrx_word' id='word_1_180' title='bbox 2597 1053 2724 1123; x_wconf 83' lang='grc' dir='ltr'>παρ’</span> <span class='ocrx_word' id='word_1_181' title='bbox 2745 1052 2773 1104; x_wconf 84' lang='grc' dir='ltr'><strong>ὃ</strong></span> <span class='ocrx_word' id='word_1_182' title='bbox 2799 1054 2847 1105; x_wconf 89' lang='grc' dir='ltr'>οί</span> <span class='ocrx_word' id='word_1_183' title='bbox 2873 1053 3018 1122; x_wconf 84' lang='grc' dir='ltr'>λόγοι</span> <span class='ocrx_word' id='word_1_184' title='bbox 3043 1055 3164 1108; x_wconf 86' lang='grc' dir='ltr'>ὅσον</span> <span class='ocrx_word' id='word_1_185' title='bbox 3185 1056 3265 1118; x_wconf 85' lang='grc' dir='ltr'>εἰς</span> <span class='ocrx_word' id='word_1_186' title='bbox 3287 1056 3577 1126; x_wconf 84' lang='grc' dir='ltr'>κατανόη-</span> 
     </span>
    </p>
   </div>
   <div class='ocr_carea' id='block_1_28' title="bbox 1979 1141 3580 1218">
    <p class='ocr_par' dir='ltr' id='par_1_28' title="bbox 1979 1141 3580 1218">
     <span class='ocr_line' id='line_1_28' title="bbox 1979 1141 3580 1218; baseline 0.004 -25"><span class='ocrx_word' id='word_1_187' title='bbox 1979 1158 2062 1194; x_wconf 92' lang='grc' dir='ltr'>σιν</span> <span class='ocrx_word' id='word_1_188' title='bbox 2085 1157 2099 1172; x_wconf 85' lang='grc'><strong>·</strong></span> <span class='ocrx_word' id='word_1_189' title='bbox 2131 1142 2296 1213; x_wconf 66' lang='grc' dir='ltr'>ἤγουν</span> <span class='ocrx_word' id='word_1_190' title='bbox 2320 1141 2380 1194; x_wconf 79' lang='grc' dir='ltr'>τὸ</span> <span class='ocrx_word' id='word_1_191' title='bbox 2412 1143 2584 1194; x_wconf 83' lang='grc' dir='ltr'>εἰπεῖν</span> <span class='ocrx_word' id='word_1_192' title='bbox 2631 1142 3037 1215; x_wconf 88' lang='grc' dir='ltr'>θερμαίνοντας,</span> <span class='ocrx_word' id='word_1_193' title='bbox 3073 1145 3106 1217; x_wconf 80' lang='grc' dir='ltr'>ἢ</span> <span class='ocrx_word' id='word_1_194' title='bbox 3153 1145 3214 1200; x_wconf 84' lang='grc' dir='ltr'>τδ</span> <span class='ocrx_word' id='word_1_195' title='bbox 3249 1148 3426 1200; x_wconf 77' lang='grc' dir='ltr'>εἰπεῖν</span> <span class='ocrx_word' id='word_1_196' title='bbox 3468 1149 3580 1218; x_wconf 70' lang='grc' dir='ltr'>τὴν</span> 
     </span>
    </p>
   </div>
   <div class='ocr_carea' id='block_1_29' title="bbox 1975 1231 3580 1309">
    <p class='ocr_par' dir='ltr' id='par_1_29' title="bbox 1975 1231 3580 1309">
     <span class='ocr_line' id='line_1_29' title="bbox 1975 1231 3580 1309; baseline 0.002 -23"><span class='ocrx_word' id='word_1_197' title='bbox 1975 1231 2179 1286; x_wconf 75' lang='grc' dir='ltr'>τούτων</span> <span class='ocrx_word' id='word_1_198' title='bbox 2203 1232 2462 1304; x_wconf 75' lang='grc' dir='ltr'>ἐξήγησιν</span> <span class='ocrx_word' id='word_1_199' title='bbox 2483 1235 2578 1286; x_wconf 58' lang='grc' dir='ltr'>καὶ⁵</span> <span class='ocrx_word' id='word_1_200' title='bbox 2606 1233 2666 1286; x_wconf 75' lang='grc' dir='ltr'>τὸ</span> <span class='ocrx_word' id='word_1_201' title='bbox 2697 1236 2870 1287; x_wconf 88' lang='grc' dir='ltr'>εἰπεῖν</span> <span class='ocrx_word' id='word_1_202' title='bbox 2902 1234 3208 1307; x_wconf 76' lang='grc' dir='ltr'>ἄνθρωπον,</span> <span class='ocrx_word' id='word_1_203' title='bbox 3246 1237 3278 1309; x_wconf 79' lang='grc' dir='ltr'>ἢ</span> <span class='ocrx_word' id='word_1_204' title='bbox 3307 1237 3370 1290; x_wconf 76' lang='grc' dir='ltr'>τὸ</span> <span class='ocrx_word' id='word_1_205' title='bbox 3392 1238 3580 1290; x_wconf 83' lang='grc' dir='ltr'>εἰπεῖν</span> 
     </span>
    </p>
   </div>
   <div class='ocr_carea' id='block_1_30' title="bbox 1975 1323 3577 1399">
    <p class='ocr_par' dir='ltr' id='par_1_30' title="bbox 1975 1323 3577 1399">
     <span class='ocr_line' id='line_1_30' title="bbox 1975 1323 3577 1399; baseline 0.002 -21"><span class='ocrx_word' id='word_1_206' title='bbox 1975 1323 2068 1378; x_wconf 80' lang='grc' dir='ltr'>τὸν</span> <span class='ocrx_word' id='word_1_207' title='bbox 2100 1323 2324 1395; x_wconf 78' lang='grc' dir='ltr'>ὁρισμὸν</span> <span class='ocrx_word' id='word_1_208' title='bbox 2357 1324 2524 1377; x_wconf 76' lang='grc' dir='ltr'>αὑτοῦ</span> <span class='ocrx_word' id='word_1_209' title='bbox 2550 1342 2563 1357; x_wconf 74' lang='grc' dir='ltr'><strong>ο</strong></span> <span class='ocrx_word' id='word_1_210' title='bbox 2590 1325 2650 1378; x_wconf 86' lang='grc' dir='ltr'>τὺ</span> <span class='ocrx_word' id='word_1_211' title='bbox 2676 1325 2774 1395; x_wconf 87' lang='grc' dir='ltr'>μέν</span> <span class='ocrx_word' id='word_1_212' title='bbox 2798 1325 2906 1395; x_wconf 77' lang='grc' dir='ltr'>γὰρ</span> <span class='ocrx_word' id='word_1_213' title='bbox 2930 1327 3098 1394; x_wconf 78' lang='grc' dir='ltr'>ἐγγὺς</span> <span class='ocrx_word' id='word_1_214' title='bbox 3117 1329 3214 1399; x_wconf 79' lang='grc' dir='ltr'>τῆς</span> <span class='ocrx_word' id='word_1_215' title='bbox 3236 1327 3577 1399; x_wconf 77' lang='grc' dir='ltr'>αἰσθήσεως,</span> 
     </span>
    </p>
   </div>
   <div class='ocr_carea' id='block_1_31' title="bbox 1976 1413 3578 1489">
    <p class='ocr_par' dir='ltr' id='par_1_31' title="bbox 1976 1413 3578 1489">
     <span class='ocr_line' id='line_1_31' title="bbox 1976 1413 3578 1489; baseline 0.004 -22"><span class='ocrx_word' id='word_1_216' title='bbox 1976 1415 2037 1468; x_wconf 82' lang='grc' dir='ltr'>τὺ</span> <span class='ocrx_word' id='word_1_217' title='bbox 2068 1413 2124 1468; x_wconf 87' lang='grc' dir='ltr'>δέ</span> <span class='ocrx_word' id='word_1_218' title='bbox 2154 1415 2311 1484; x_wconf 86' lang='grc' dir='ltr'>λόγου</span> <span class='ocrx_word' id='word_1_219' title='bbox 2343 1417 2436 1470; x_wconf 69' lang='grc' dir='ltr'>καὶ</span> <span class='ocrx_word' id='word_1_220' title='bbox 2477 1417 2770 1488; x_wconf 76' lang='grc' dir='ltr'>ἑρμηνείας</span> <span class='ocrx_word' id='word_1_221' title='bbox 2817 1418 3008 1473; x_wconf 87' lang='grc' dir='ltr'>δεῖται.</span> <span class='ocrx_word' id='word_1_222' title='bbox 3044 1420 3108 1472; x_wconf 88' lang='grc' dir='ltr'>Τί</span> <span class='ocrx_word' id='word_1_223' title='bbox 3137 1419 3270 1489; x_wconf 76' lang='grc' dir='ltr'>γοῦν</span> <span class='ocrx_word' id='word_1_224' title='bbox 3312 1420 3488 1487; x_wconf 78' lang='grc' dir='ltr'>ξένον,</span> <span class='ocrx_word' id='word_1_225' title='bbox 3523 1423 3578 1474; x_wconf 81' lang='grc' dir='ltr'>εί</span> 
     </span>
    </p>
   </div>
   <div class='ocr_carea' id='block_1_32' title="bbox 1979 1505 3574 1584">
    <p class='ocr_par' dir='ltr' id='par_1_32' title="bbox 1979 1505 3574 1584">
     <span class='ocr_line' id='line_1_32' title="bbox 1979 1505 3574 1584; baseline 0.005 -26"><span class='ocrx_word' id='word_1_226' title='bbox 1979 1505 2070 1558; x_wconf 73' lang='grc' dir='ltr'>καὶ</span> <span class='ocrx_word' id='word_1_227' title='bbox 2094 1506 2326 1560; x_wconf 84' lang='grc' dir='ltr'>ἐνταῦθα</span> <span class='ocrx_word' id='word_1_228' title='bbox 2361 1509 2455 1561; x_wconf 68' lang='grc' dir='ltr'>καὶ</span> <span class='ocrx_word' id='word_1_229' title='bbox 2486 1507 2581 1561; x_wconf 75' lang='grc' dir='ltr'>τοῦ</span> <span class='ocrx_word' id='word_1_230' title='bbox 2613 1509 2872 1578; x_wconf 80' lang='grc' dir='ltr'>ὀνόματος</span> <span class='ocrx_word' id='word_1_231' title='bbox 2892 1511 3001 1564; x_wconf 84' lang='grc' dir='ltr'>τῶν</span> <span class='ocrx_word' id='word_1_232' title='bbox 3022 1512 3289 1583; x_wconf 78' lang='grc' dir='ltr'>οὐρανίων</span> <span class='ocrx_word' id='word_1_233' title='bbox 3312 1514 3574 1584; x_wconf 73' lang='grc' dir='ltr'>αἰσθήσει</span> 
     </span>
    </p>
   </div>
   <div class='ocr_carea' id='block_1_33' title="bbox 1976 1597 3576 1672">
    <p class='ocr_par' dir='ltr' id='par_1_33' title="bbox 1976 1597 3576 1672">
     <span class='ocr_line' id='line_1_33' title="bbox 1976 1597 3576 1672; baseline 0.005 -24"><span class='ocrx_word' id='word_1_234' title='bbox 1976 1598 2042 1667; x_wconf 83' lang='grc' dir='ltr'>τῇ</span> <span class='ocrx_word' id='word_1_235' title='bbox 2073 1597 2210 1667; x_wconf 85' lang='grc' dir='ltr'>ἀκοῇ</span> <span class='ocrx_word' id='word_1_236' title='bbox 2245 1599 2660 1663; x_wconf 82' lang='grc' dir='ltr'>ὑποπίπτοντος,</span> <span class='ocrx_word' id='word_1_237' title='bbox 2695 1598 2830 1652; x_wconf 74' lang='grc' dir='ltr'>ἀλλὰ</span> <span class='ocrx_word' id='word_1_238' title='bbox 2873 1601 2967 1653; x_wconf 72' lang='grc' dir='ltr'>καὶ</span> <span class='ocrx_word' id='word_1_239' title='bbox 3005 1603 3104 1672; x_wconf 78' lang='grc' dir='ltr'>τῆς</span> <span class='ocrx_word' id='word_1_240' title='bbox 3147 1601 3440 1672; x_wconf 81' lang='grc' dir='ltr'>δηλώσεως</span> <span class='ocrx_word' id='word_1_241' title='bbox 3472 1604 3576 1656; x_wconf 84' lang='grc' dir='ltr'>τοῦ</span> 
     </span>
    </p>
   </div>
   <div class='ocr_carea' id='block_1_34' title="bbox 307 1677 1777 1766">
    <p class='ocr_par' dir='ltr' id='par_1_34' title="bbox 307 1687 1777 1759">
     <span class='ocr_line' id='line_1_34' title="bbox 307 1687 1777 1759; baseline -0.007 -9"><span class='ocrx_word' id='word_1_242' title='bbox 307 1696 550 1759; x_wconf 88' lang='lat' dir='ltr'><strong>obvium,</strong></span> <span class='ocrx_word' id='word_1_243' title='bbox 596 1695 662 1748; x_wconf 92' lang='lat' dir='ltr'>ad</span> <span class='ocrx_word' id='word_1_244' title='bbox 713 1695 814 1748; x_wconf 92' lang='lat' dir='ltr'>hoc</span> <span class='ocrx_word' id='word_1_245' title='bbox 877 1708 1006 1747; x_wconf 80' lang='lat' dir='ltr'><strong>vero</strong></span> <span class='ocrx_word' id='word_1_246' title='bbox 1055 1691 1266 1745; x_wconf 86' lang='lat' dir='ltr'><strong>ratione</strong></span> <span class='ocrx_word' id='word_1_247' title='bbox 1315 1705 1380 1744; x_wconf 90' lang='lat' dir='ltr'>ac</span> <span class='ocrx_word' id='word_1_248' title='bbox 1426 1687 1777 1756; x_wconf 64' lang='lat' dir='ltr'><strong>interpretati</strong></span> 
     </span>
    </p>
   </div>
   <div class='ocr_carea' id='block_1_35' title="bbox 2108 1677 3578 1766">
    <p class='ocr_par' dir='ltr' id='par_1_35' title="bbox 2108 1689 3578 1766">
     <span class='ocr_line' id='line_1_35' title="bbox 2108 1689 3578 1766; baseline 0.007 -28"><span class='ocrx_word' id='word_1_249' title='bbox 2108 1704 2238 1750; x_wconf 70' lang='grc' dir='ltr'>,ατος</span> <span class='ocrx_word' id='word_1_250' title='bbox 2268 1689 2678 1760; x_wconf 82' lang='grc' dir='ltr'>ὑποπιπτοὺσης</span> <span class='ocrx_word' id='word_1_251' title='bbox 2709 1693 2774 1762; x_wconf 81' lang='grc' dir='ltr'>τῇ</span> <span class='ocrx_word' id='word_1_252' title='bbox 2812 1693 2969 1764; x_wconf 80' lang='grc' dir='ltr'>ἀκοῇ,</span> <span class='ocrx_word' id='word_1_253' title='bbox 3004 1694 3154 1763; x_wconf 82' lang='grc' dir='ltr'>ὅμως</span> <span class='ocrx_word' id='word_1_254' title='bbox 3202 1695 3457 1766; x_wconf 80' lang='grc' dir='ltr'>λέγομεν,</span> <span class='ocrx_word' id='word_1_255' title='bbox 3487 1697 3578 1748; x_wconf 78' lang='grc' dir='ltr'>ὅτι</span> 
     </span>
    </p>
   </div>
   <div class='ocr_carea' id='block_1_36' title="bbox 308 1782 1876 1856">
    <p class='ocr_par' dir='ltr' id='par_1_36' title="bbox 308 1782 1876 1856">
     <span class='ocr_line' id='line_1_36' title="bbox 308 1782 1876 1856; baseline -0.004 -15"><span class='ocrx_word' id='word_1_256' title='bbox 308 1805 443 1856; x_wconf 84' lang='lat' dir='ltr'><strong>opus</strong></span> <span class='ocrx_word' id='word_1_257' title='bbox 473 1797 575 1841; x_wconf 87' lang='lat' dir='ltr'><strong>est.</strong></span> <span class='ocrx_word' id='word_1_258' title='bbox 603 1787 741 1854; x_wconf 85' lang='lat' dir='ltr'><strong>Quid</strong></span> <span class='ocrx_word' id='word_1_259' title='bbox 777 1786 939 1856; x_wconf 80' lang='lat' dir='ltr'><strong>igitur</strong></span> <span class='ocrx_word' id='word_1_260' title='bbox 970 1801 1191 1848; x_wconf 86' lang='lat' dir='ltr'><strong>novum,</strong></span> <span class='ocrx_word' id='word_1_261' title='bbox 1217 1784 1263 1837; x_wconf 84' lang='lat' dir='ltr'><strong>si</strong></span> <span class='ocrx_word' id='word_1_262' title='bbox 1298 1783 1464 1838; x_wconf 90' lang='lat' dir='ltr'><strong>etiam</strong></span> <span class='ocrx_word' id='word_1_263' title='bbox 1499 1782 1608 1845; x_wconf 91' lang='lat' dir='ltr'><strong>hic,</strong></span> <span class='ocrx_word' id='word_1_264' title='bbox 1641 1791 1750 1833; x_wconf 91' lang='lat' dir='ltr'><strong>tam</strong></span> <span class='ocrx_word' id='word_1_265' title='bbox 1781 1795 1876 1834; x_wconf 87' lang='lat' dir='ltr'>no-</span> 
     </span>
    </p>
   </div>
   <div class='ocr_carea' id='block_1_37' title="bbox 310 1870 1878 1942">
    <p class='ocr_par' dir='ltr' id='par_1_37' title="bbox 310 1870 1878 1942">
     <span class='ocr_line' id='line_1_37' title="bbox 310 1870 1878 1942; baseline -0.004 -11"><span class='ocrx_word' id='word_1_266' title='bbox 310 1880 452 1932; x_wconf 87' lang='lat' dir='ltr'><strong>mine</strong></span> <span class='ocrx_word' id='word_1_267' title='bbox 488 1893 666 1930; x_wconf 88' lang='lat' dir='ltr'><strong>rerum</strong></span> <span class='ocrx_word' id='word_1_268' title='bbox 695 1875 998 1932; x_wconf 68' lang='lat' dir='ltr'><strong>cwlestium</strong></span> <span class='ocrx_word' id='word_1_269' title='bbox 1031 1889 1194 1942; x_wconf 87' lang='lat' dir='ltr'><strong>quam</strong></span> <span class='ocrx_word' id='word_1_270' title='bbox 1233 1873 1470 1928; x_wconf 88' lang='lat' dir='ltr'><strong>nominis</strong></span> <span class='ocrx_word' id='word_1_271' title='bbox 1513 1870 1878 1941; x_wconf 77' lang='lat' dir='ltr'><strong>explicatione</strong></span> 
     </span>
    </p>
   </div>
   <div class='ocr_carea' id='block_1_38' title="bbox 307 1963 1877 2031">
    <p class='ocr_par' dir='ltr' id='par_1_38' title="bbox 307 1963 1877 2031">
     <span class='ocr_line' id='line_1_38' title="bbox 307 1963 1877 2031; baseline -0.004 -8"><span class='ocrx_word' id='word_1_272' title='bbox 307 1970 409 2023; x_wconf 89' lang='lat' dir='ltr'>sub</span> <span class='ocrx_word' id='word_1_273' title='bbox 440 1983 661 2022; x_wconf 87' lang='lat' dir='ltr'><strong>sensum</strong></span> <span class='ocrx_word' id='word_1_274' title='bbox 695 1968 910 2020; x_wconf 90' lang='lat' dir='ltr'><strong>auditus</strong></span> <span class='ocrx_word' id='word_1_275' title='bbox 943 1966 1192 2031; x_wconf 86' lang='lat' dir='ltr'><strong>cadente,</strong></span> <span class='ocrx_word' id='word_1_276' title='bbox 1236 1963 1592 2020; x_wconf 87' lang='lat' dir='ltr'><strong>nihilominus</strong></span> <span class='ocrx_word' id='word_1_277' title='bbox 1649 1963 1877 2016; x_wconf 78' lang='lat' dir='ltr'><strong>dicimus</strong></span> 
     </span>
    </p>
   </div>
   <div class='ocr_carea' id='block_1_39' title="bbox 309 2043 1880 2130">
    <p class='ocr_par' dir='ltr' id='par_1_39' title="bbox 309 2043 1880 2130">
     <span class='ocr_line' id='line_1_39' title="bbox 309 2043 1880 2130; baseline -0.005 -16"><span class='ocrx_word' id='word_1_278' title='bbox 309 2077 408 2114; x_wconf 91' lang='lat' dir='ltr'><strong>nos</strong></span> <span class='ocrx_word' id='word_1_279' title='bbox 440 2063 610 2130; x_wconf 82' lang='lat' dir='ltr'><strong>magis</strong></span> <span class='ocrx_word' id='word_1_280' title='bbox 640 2059 974 2112; x_wconf 81' lang='lat' dir='ltr'><strong>seusibiliter</strong></span> <span class='ocrx_word' id='word_1_281' title='bbox 1003 2043 1374 2112; x_wconf 78' lang='lat' dir='ltr'><strong>demonstrare</strong></span> <span class='ocrx_word' id='word_1_282' title='bbox 1402 2056 1609 2124; x_wconf 90' lang='lat' dir='ltr'><strong>aliquid</strong></span> <span class='ocrx_word' id='word_1_283' title='bbox 1647 2069 1745 2122; x_wconf 87' lang='lat' dir='ltr'>per</span> <span class='ocrx_word' id='word_1_284' title='bbox 1780 2070 1880 2107; x_wconf 82' lang='lat' dir='ltr'>no-</span> 
     </span>
    </p>
   </div>
   <div class='ocr_carea' id='block_1_40' title="bbox 307 2145 1879 2221">
    <p class='ocr_par' dir='ltr' id='par_1_40' title="bbox 307 2145 1879 2221">
     <span class='ocr_line' id='line_1_40' title="bbox 307 2145 1879 2221; baseline -0.004 -15"><span class='ocrx_word' id='word_1_285' title='bbox 307 2167 428 2206; x_wconf 77' lang='lat' dir='ltr'><strong>men</strong></span> <span class='ocrx_word' id='word_1_286' title='bbox 455 2167 616 2221; x_wconf 91' lang='lat' dir='ltr'><strong>quam</strong></span> <span class='ocrx_word' id='word_1_287' title='bbox 648 2166 745 2220; x_wconf 88' lang='lat' dir='ltr'>per</span> <span class='ocrx_word' id='word_1_288' title='bbox 791 2149 1028 2204; x_wconf 88' lang='lat' dir='ltr'><strong>nominis</strong></span> <span class='ocrx_word' id='word_1_289' title='bbox 1072 2147 1540 2218; x_wconf 82' lang='lat' dir='ltr'><strong>explicationem?</strong></span> <span class='ocrx_word' id='word_1_290' title='bbox 1567 2149 1746 2216; x_wconf 81' lang='lat' dir='ltr'><strong>Atque</strong></span> <span class='ocrx_word' id='word_1_291' title='bbox 1775 2145 1879 2200; x_wconf 90' lang='lat' dir='ltr'>hoc</span> 
     </span>
    </p>
   </div>
   <div class='ocr_carea' id='block_1_41' title="bbox 306 2240 1874 2313">
    <p class='ocr_par' dir='ltr' id='par_1_41' title="bbox 306 2240 1874 2313">
     <span class='ocr_line' id='line_1_41' title="bbox 306 2240 1874 2313; baseline -0.003 -18"><span class='ocrx_word' id='word_1_292' title='bbox 306 2245 523 2313; x_wconf 88' lang='lat' dir='ltr'><strong>quidem</strong></span> <span class='ocrx_word' id='word_1_293' title='bbox 551 2245 804 2313; x_wconf 88' lang='lat' dir='ltr'><strong>primum.</strong></span> <span class='ocrx_word' id='word_1_294' title='bbox 854 2241 1162 2296; x_wconf 89' lang='lat' dir='ltr'><strong>Secundum</strong></span> <span class='ocrx_word' id='word_1_295' title='bbox 1199 2256 1351 2304; x_wconf 86' lang='lat' dir='ltr'><strong>vero,</strong></span> <span class='ocrx_word' id='word_1_296' title='bbox 1385 2241 1528 2310; x_wconf 90' lang='lat' dir='ltr'><strong>quod</strong></span> <span class='ocrx_word' id='word_1_297' title='bbox 1559 2240 1737 2293; x_wconf 90' lang='lat' dir='ltr'><strong>denuo</strong></span> <span class='ocrx_word' id='word_1_298' title='bbox 1771 2252 1874 2290; x_wconf 91' lang='lat' dir='ltr'><strong>non</strong></span> 
     </span>
    </p>
   </div>
   <div class='ocr_carea' id='block_1_42' title="bbox 308 2331 1878 2404">
    <p class='ocr_par' dir='ltr' id='par_1_42' title="bbox 308 2331 1878 2404">
     <span class='ocr_line' id='line_1_42' title="bbox 308 2331 1878 2404; baseline -0.006 -15"><span class='ocrx_word' id='word_1_299' title='bbox 308 2347 521 2390; x_wconf 90' lang='lat' dir='ltr'><strong>tantum</strong></span> <span class='ocrx_word' id='word_1_300' title='bbox 555 2334 994 2404; x_wconf 82' lang='lat' dir='ltr'><strong>interpretationi</strong></span> <span class='ocrx_word' id='word_1_301' title='bbox 1030 2334 1408 2398; x_wconf 89' lang='lat' dir='ltr'><strong>immoramur,</strong></span> <span class='ocrx_word' id='word_1_302' title='bbox 1439 2333 1592 2402; x_wconf 89' lang='lat' dir='ltr'><strong>quasi</strong></span> <span class='ocrx_word' id='word_1_303' title='bbox 1623 2331 1754 2386; x_wconf 81' lang='lat' dir='ltr'><strong>nihil</strong></span> <span class='ocrx_word' id='word_1_304' title='bbox 1785 2345 1878 2383; x_wconf 84' lang='lat' dir='ltr'><strong>su-</strong></span> 
     </span>
    </p>
   </div>
   <div class='ocr_carea' id='block_1_43' title="bbox 307 2425 1876 2498">
    <p class='ocr_par' dir='ltr' id='par_1_43' title="bbox 307 2425 1876 2498">
     <span class='ocr_line' id='line_1_43' title="bbox 307 2425 1876 2498; baseline -0.004 -16"><span class='ocrx_word' id='word_1_305' title='bbox 307 2428 546 2490; x_wconf 84' lang='lat' dir='ltr'><strong>blimius,</strong></span> <span class='ocrx_word' id='word_1_306' title='bbox 575 2431 716 2495; x_wconf 92' lang='lat' dir='ltr'><strong>quod</strong></span> <span class='ocrx_word' id='word_1_307' title='bbox 755 2429 1076 2498; x_wconf 77' lang='lat' dir='ltr'><strong>cogitemus,</strong></span> <span class='ocrx_word' id='word_1_308' title='bbox 1111 2426 1444 2489; x_wconf 84' lang='lat' dir='ltr'><strong>habeamus;</strong></span> <span class='ocrx_word' id='word_1_309' title='bbox 1480 2440 1668 2479; x_wconf 86' lang='lat' dir='ltr'><strong>verum</strong></span> <span class='ocrx_word' id='word_1_310' title='bbox 1711 2425 1876 2478; x_wconf 90' lang='lat' dir='ltr'><strong>etiam</strong></span> 
     </span>
    </p>
   </div>
   <div class='ocr_carea' id='block_1_44' title="bbox 307 2517 1879 2588">
    <p class='ocr_par' dir='ltr' id='par_1_44' title="bbox 307 2517 1879 2588">
     <span class='ocr_line' id='line_1_44' title="bbox 307 2517 1879 2588; baseline -0.001 -17"><span class='ocrx_word' id='word_1_311' title='bbox 307 2518 482 2588; x_wconf 84' lang='lat' dir='ltr'><strong>ipsam</strong></span> <span class='ocrx_word' id='word_1_312' title='bbox 514 2531 776 2588; x_wconf 65' lang='lat' dir='ltr'><strong>prauerea</strong></span> <span class='ocrx_word' id='word_1_313' title='bbox 829 2521 1333 2588; x_wconf 85' lang='lat' dir='ltr'><strong>interpretationem</strong></span> <span class='ocrx_word' id='word_1_314' title='bbox 1389 2528 1570 2572; x_wconf 90' lang='lat' dir='ltr'><strong>mente</strong></span> <span class='ocrx_word' id='word_1_315' title='bbox 1620 2517 1879 2574; x_wconf 86' lang='lat' dir='ltr'><strong>recondi-</strong></span> 
     </span>
    </p>
   </div>
   <div class='ocr_carea' id='block_1_45' title="bbox 308 2607 1878 2677">
    <p class='ocr_par' dir='ltr' id='par_1_45' title="bbox 308 2607 1878 2677">
     <span class='ocr_line' id='line_1_45' title="bbox 308 2607 1878 2677; baseline -0.003 -13"><span class='ocrx_word' id='word_1_316' title='bbox 308 2627 451 2677; x_wconf 90' lang='lat' dir='ltr'><strong>mus,</strong></span> <span class='ocrx_word' id='word_1_317' title='bbox 485 2621 539 2665; x_wconf 92' lang='lat' dir='ltr'>et</span> <span class='ocrx_word' id='word_1_318' title='bbox 564 2612 690 2665; x_wconf 88' lang='lat' dir='ltr'>dum</span> <span class='ocrx_word' id='word_1_319' title='bbox 721 2611 972 2666; x_wconf 90' lang='lat' dir='ltr'><strong>audimus</strong></span> <span class='ocrx_word' id='word_1_320' title='bbox 1005 2612 1274 2666; x_wconf 89' lang='lat' dir='ltr'><strong>nominari</strong></span> <span class='ocrx_word' id='word_1_321' title='bbox 1318 2609 1728 2672; x_wconf 87' lang='lat' dir='ltr'><strong>calefacientes,</strong></span> <span class='ocrx_word' id='word_1_322' title='bbox 1762 2607 1878 2662; x_wconf 85' lang='lat' dir='ltr'><strong>elli-</strong></span> 
     </span>
    </p>
   </div>
   <div class='ocr_carea' id='block_1_46' title="bbox 309 2703 1879 2773">
    <p class='ocr_par' dir='ltr' id='par_1_46' title="bbox 309 2703 1879 2773">
     <span class='ocr_line' id='line_1_46' title="bbox 309 2703 1879 2773; baseline -0.002 -15"><span class='ocrx_word' id='word_1_323' title='bbox 309 2705 486 2760; x_wconf 85' lang='lat' dir='ltr'><strong>ciendi</strong></span> <span class='ocrx_word' id='word_1_324' title='bbox 515 2716 568 2759; x_wconf 92' lang='lat' dir='ltr'>et</span> <span class='ocrx_word' id='word_1_325' title='bbox 596 2705 936 2760; x_wconf 89' lang='lat' dir='ltr'><strong>illuminandi</strong></span> <span class='ocrx_word' id='word_1_326' title='bbox 967 2703 1306 2769; x_wconf 75' lang='lat' dir='ltr'><strong>facultatem,</strong></span> <span class='ocrx_word' id='word_1_327' title='bbox 1339 2718 1503 2773; x_wconf 86' lang='lat' dir='ltr'><strong>quam</strong></span> <span class='ocrx_word' id='word_1_328' title='bbox 1541 2710 1719 2756; x_wconf 87' lang='lat' dir='ltr'><strong>mente</strong></span> <span class='ocrx_word' id='word_1_329' title='bbox 1747 2717 1879 2754; x_wconf 88' lang='lat' dir='ltr'><strong>cou-</strong></span> 
     </span>
    </p>
   </div>
   <div class='ocr_carea' id='block_1_47' title="bbox 307 2793 1874 2868">
    <p class='ocr_par' dir='ltr' id='par_1_47' title="bbox 307 2793 1874 2868">
     <span class='ocr_line' id='line_1_47' title="bbox 307 2793 1874 2868; baseline -0.004 -16"><span class='ocrx_word' id='word_1_330' title='bbox 307 2798 574 2866; x_wconf 83' lang='lat' dir='ltr'><strong>cipimus.</strong></span> <span class='ocrx_word' id='word_1_331' title='bbox 622 2798 1068 2868; x_wconf 79' lang='lat' dir='ltr'><strong>iuterpretmnur,</strong></span> <span class='ocrx_word' id='word_1_332' title='bbox 1127 2797 1406 2866; x_wconf 77' lang='lat' dir='ltr'><strong>ipsamque</strong></span> <span class='ocrx_word' id='word_1_333' title='bbox 1460 2795 1566 2847; x_wconf 90' lang='lat' dir='ltr'><strong>vim</strong></span> <span class='ocrx_word' id='word_1_334' title='bbox 1611 2793 1874 2848; x_wconf 85' lang='lat' dir='ltr'><strong>efliciendi</strong></span> 
     </span>
    </p>
   </div>
   <div class='ocr_carea' id='block_1_48' title="bbox 313 2887 1878 2958">
    <p class='ocr_par' dir='ltr' id='par_1_48' title="bbox 313 2887 1878 2958">
     <span class='ocr_line' id='line_1_48' title="bbox 313 2887 1878 2958; baseline -0.006 -15"><span class='ocrx_word' id='word_1_335' title='bbox 313 2898 476 2958; x_wconf 79' lang='lat' dir='ltr'><strong>atque</strong></span> <span class='ocrx_word' id='word_1_336' title='bbox 510 2889 841 2942; x_wconf 86' lang='lat' dir='ltr'><strong>illuminandi</strong></span> <span class='ocrx_word' id='word_1_337' title='bbox 891 2889 1070 2943; x_wconf 89' lang='lat' dir='ltr'><strong>denuo</strong></span> <span class='ocrx_word' id='word_1_338' title='bbox 1113 2888 1178 2940; x_wconf 89' lang='lat' dir='ltr'>ad</span> <span class='ocrx_word' id='word_1_339' title='bbox 1222 2887 1587 2941; x_wconf 84' lang='lat' dir='ltr'><strong>sublimiorem</strong></span> <span class='ocrx_word' id='word_1_340' title='bbox 1632 2893 1878 2938; x_wconf 74' lang='grc' dir='ltr'>ςυιιῑυυι-</span> 
     </span>
    </p>
   </div>
   <div class='ocr_carea' id='block_1_49' title="bbox 310 2979 1948 3072">
    <p class='ocr_par' dir='ltr' id='par_1_49' title="bbox 310 2979 1948 3072">
     <span class='ocr_line' id='line_1_49' title="bbox 310 2979 1948 3072; baseline -0.004 -38"><span class='ocrx_word' id='word_1_341' title='bbox 310 2983 605 3050; x_wconf 89' lang='lat' dir='ltr'><strong>plationem</strong></span> <span class='ocrx_word' id='word_1_342' title='bbox 635 2982 972 3036; x_wconf 87' lang='lat' dir='ltr'><strong>adducimus.</strong></span> <span class='ocrx_word' id='word_1_343' title='bbox 1012 2983 1356 3049; x_wconf 81' lang='lat' dir='ltr'><strong>Quapmpter</strong></span> <span class='ocrx_word' id='word_1_344' title='bbox 1390 2988 1535 3034; x_wconf 87' lang='lat' dir='ltr'><strong>recte</strong></span> <span class='ocrx_word' id='word_1_345' title='bbox 1563 2979 1877 3032; x_wconf 90' lang='lat' dir='ltr'><strong>dicebamus</strong></span> <span class='ocrx_word' id='word_1_346' title='bbox 1905 3013 1948 3072; x_wconf 64' lang='grc' dir='ltr'><em>ε</em></span> 
     </span>
    </p>
   </div>
   <div class='ocr_carea' id='block_1_50' title="bbox 307 3070 1878 3145">
    <p class='ocr_par' dir='ltr' id='par_1_50' title="bbox 307 3070 1878 3145">
     <span class='ocr_line' id='line_1_50' title="bbox 307 3070 1878 3145; baseline -0.003 -21"><span class='ocrx_word' id='word_1_347' title='bbox 307 3075 449 3145; x_wconf 86' lang='lat' dir='ltr'><strong>quod</strong></span> <span class='ocrx_word' id='word_1_348' title='bbox 501 3090 605 3128; x_wconf 89' lang='lat' dir='ltr'>non</span> <span class='ocrx_word' id='word_1_349' title='bbox 656 3075 829 3128; x_wconf 80' lang='lat' dir='ltr'><strong>solum</strong></span> <span class='ocrx_word' id='word_1_350' title='bbox 877 3074 1213 3127; x_wconf 87' lang='lat' dir='ltr'><strong>sensibiliter</strong></span> <span class='ocrx_word' id='word_1_351' title='bbox 1263 3070 1641 3134; x_wconf 83' lang='lat' dir='ltr'><strong>efformeutur,</strong></span> <span class='ocrx_word' id='word_1_352' title='bbox 1689 3084 1878 3122; x_wconf 88' lang='lat' dir='ltr'><strong>vermn</strong></span> 
     </span>
    </p>
   </div>
   <div class='ocr_carea' id='block_1_51' title="bbox 306 3158 1880 3229">
    <p class='ocr_par' dir='ltr' id='par_1_51' title="bbox 306 3158 1880 3229">
     <span class='ocr_line' id='line_1_51' title="bbox 306 3158 1880 3229; baseline -0.006 -8"><span class='ocrx_word' id='word_1_353' title='bbox 306 3166 470 3220; x_wconf 90' lang='lat' dir='ltr'><strong>etiam</strong></span> <span class='ocrx_word' id='word_1_354' title='bbox 526 3165 858 3219; x_wconf 86' lang='lat' dir='ltr'><strong>sensibiliter</strong></span> <span class='ocrx_word' id='word_1_355' title='bbox 899 3163 1212 3218; x_wconf 83' lang='lat' dir='ltr'><strong>efferantur.</strong></span> <span class='ocrx_word' id='word_1_356' title='bbox 1246 3163 1326 3216; x_wconf 81' lang='lat' dir='ltr'><strong>Ac</strong></span> <span class='ocrx_word' id='word_1_357' title='bbox 1365 3172 1615 3218; x_wconf 88' lang='lat' dir='ltr'><strong>sanctum</strong></span> <span class='ocrx_word' id='word_1_358' title='bbox 1659 3158 1880 3229; x_wconf 88' lang='lat' dir='ltr'><strong>quidem</strong></span> 
     </span>
    </p>
   </div>
   <div class='ocr_carea' id='block_1_52' title="bbox 309 3253 1881 3326">
    <p class='ocr_par' dir='ltr' id='par_1_52' title="bbox 309 3253 1881 3326">
     <span class='ocr_line' id='line_1_52' title="bbox 309 3253 1881 3326; baseline -0.006 -12"><span class='ocrx_word' id='word_1_359' title='bbox 309 3273 504 3314; x_wconf 89' lang='lat' dir='ltr'><strong>nomen</strong></span> <span class='ocrx_word' id='word_1_360' title='bbox 553 3258 848 3326; x_wconf 79' lang='lat' dir='ltr'><strong>serapbim.</strong></span> <span class='ocrx_word' id='word_1_361' title='bbox 897 3267 954 3310; x_wconf 90' lang='lat' dir='ltr'>ut</span> <span class='ocrx_word' id='word_1_362' title='bbox 997 3255 1178 3324; x_wconf 70' lang='lat' dir='ltr'><strong>lingua</strong></span> <span class='ocrx_word' id='word_1_363' title='bbox 1225 3255 1330 3309; x_wconf 85' lang='lat' dir='ltr'><strong>fert</strong></span> <span class='ocrx_word' id='word_1_364' title='bbox 1374 3253 1745 3314; x_wconf 70' lang='lat' dir='ltr'><strong>llebrzeorum,</strong></span> <span class='ocrx_word' id='word_1_365' title='bbox 1796 3253 1881 3304; x_wconf 82' lang='lat' dir='ltr'>vel</span> 
     </span>
    </p>
   </div>
   <div class='ocr_carea' id='block_1_53' title="bbox 310 3340 1882 3416">
    <p class='ocr_par' dir='ltr' id='par_1_53' title="bbox 310 3340 1882 3416">
     <span class='ocr_line' id='line_1_53' title="bbox 310 3340 1882 3416; baseline -0.006 -13"><span class='ocrx_word' id='word_1_366' title='bbox 310 3351 623 3404; x_wconf 85' lang='lat' dir='ltr'><strong>iucensores</strong></span> <span class='ocrx_word' id='word_1_367' title='bbox 650 3346 940 3416; x_wconf 76' lang='lat' dir='ltr'><strong>significat,</strong></span> <span class='ocrx_word' id='word_1_368' title='bbox 967 3345 1051 3399; x_wconf 80' lang='lat' dir='ltr'>vel</span> <span class='ocrx_word' id='word_1_369' title='bbox 1079 3344 1492 3404; x_wconf 86' lang='lat' dir='ltr'><strong>ealefacientes,</strong></span> <span class='ocrx_word' id='word_1_370' title='bbox 1523 3357 1644 3412; x_wconf 71' lang='lat' dir='ltr'><strong>qum</strong></span> <span class='ocrx_word' id='word_1_371' title='bbox 1693 3340 1882 3408; x_wconf 90' lang='lat' dir='ltr'><strong>utique</strong></span> 
     </span>
    </p>
   </div>
   <div class='ocr_carea' id='block_1_54' title="bbox 308 3432 1879 3501">
    <p class='ocr_par' dir='ltr' id='par_1_54' title="bbox 308 3432 1879 3501">
     <span class='ocr_line' id='line_1_54' title="bbox 308 3432 1879 3501; baseline -0.006 -9"><span class='ocrx_word' id='word_1_372' title='bbox 308 3440 528 3493; x_wconf 82' lang='lat' dir='ltr'><strong>nmnina</strong></span> <span class='ocrx_word' id='word_1_373' title='bbox 576 3448 631 3492; x_wconf 93' lang='lat' dir='ltr'>et</span> <span class='ocrx_word' id='word_1_374' title='bbox 673 3441 860 3491; x_wconf 85' lang='lat' dir='ltr'><strong>eadem</strong></span> <span class='ocrx_word' id='word_1_375' title='bbox 886 3444 1024 3492; x_wconf 78' lang='lat' dir='ltr'><strong>sunt</strong></span> <span class='ocrx_word' id='word_1_376' title='bbox 1049 3443 1102 3490; x_wconf 89' lang='lat' dir='ltr'>et</span> <span class='ocrx_word' id='word_1_377' title='bbox 1137 3436 1348 3489; x_wconf 91' lang='lat' dir='ltr'><strong>diversa</strong></span> <span class='ocrx_word' id='word_1_378' title='bbox 1377 3453 1391 3490; x_wconf 89' lang='lat'>:</span> <span class='ocrx_word' id='word_1_379' title='bbox 1424 3436 1610 3488; x_wconf 87' lang='lat' dir='ltr'><strong>eadem</strong></span> <span class='ocrx_word' id='word_1_380' title='bbox 1637 3432 1879 3501; x_wconf 87' lang='lat' dir='ltr'><strong>quidem,</strong></span> 
     </span>
    </p>
   </div>
   <div class='ocr_carea' id='block_1_55' title="bbox 308 3524 1882 3600">
    <p class='ocr_par' dir='ltr' id='par_1_55' title="bbox 308 3524 1882 3600">
     <span class='ocr_line' id='line_1_55' title="bbox 308 3524 1882 3600; baseline -0.004 -17"><span class='ocrx_word' id='word_1_381' title='bbox 308 3532 565 3600; x_wconf 90' lang='lat' dir='ltr'><strong>quoniam</strong></span> <span class='ocrx_word' id='word_1_382' title='bbox 621 3540 850 3598; x_wconf 89' lang='lat' dir='ltr'><strong>utraque</strong></span> <span class='ocrx_word' id='word_1_383' title='bbox 897 3529 963 3583; x_wconf 93' lang='lat' dir='ltr'>ab</span> <span class='ocrx_word' id='word_1_384' title='bbox 1023 3531 1146 3598; x_wconf 76' lang='lat' dir='ltr'><strong>igne</strong></span> <span class='ocrx_word' id='word_1_385' title='bbox 1186 3528 1464 3596; x_wconf 86' lang='lat' dir='ltr'><strong>desumpta</strong></span> <span class='ocrx_word' id='word_1_386' title='bbox 1491 3567 1506 3592; x_wconf 91' lang='lat'>,</span> <span class='ocrx_word' id='word_1_387' title='bbox 1550 3525 1759 3580; x_wconf 79' lang='lat' dir='ltr'><strong>scilicet</strong></span> <span class='ocrx_word' id='word_1_388' title='bbox 1798 3524 1882 3578; x_wconf 86' lang='lat' dir='ltr'><strong>iu-</strong></span> 
     </span>
    </p>
   </div>
   <div class='ocr_carea' id='block_1_56' title="bbox 309 3613 1883 3685">
    <p class='ocr_par' dir='ltr' id='par_1_56' title="bbox 309 3613 1883 3685">
     <span class='ocr_line' id='line_1_56' title="bbox 309 3613 1883 3685; baseline -0.002 -14"><span class='ocrx_word' id='word_1_389' title='bbox 309 3617 564 3682; x_wconf 77' lang='lat' dir='ltr'><strong>cendere,</strong></span> <span class='ocrx_word' id='word_1_390' title='bbox 597 3625 650 3673; x_wconf 87' lang='lat' dir='ltr'>et</span> <span class='ocrx_word' id='word_1_391' title='bbox 699 3617 854 3685; x_wconf 88' lang='lat' dir='ltr'><strong>quasi</strong></span> <span class='ocrx_word' id='word_1_392' title='bbox 898 3627 1065 3671; x_wconf 90' lang='lat' dir='ltr'><strong>totum</strong></span> <span class='ocrx_word' id='word_1_393' title='bbox 1091 3617 1414 3671; x_wconf 90' lang='lat' dir='ltr'><strong>comburere</strong></span> <span class='ocrx_word' id='word_1_394' title='bbox 1462 3616 1587 3682; x_wconf 92' lang='lat' dir='ltr'><strong>(hoc</strong></span> <span class='ocrx_word' id='word_1_395' title='bbox 1621 3615 1765 3670; x_wconf 87' lang='lat' dir='ltr'><strong>enim</strong></span> <span class='ocrx_word' id='word_1_396' title='bbox 1796 3613 1883 3668; x_wconf 81' lang='lat' dir='ltr'><strong>de-</strong></span> 
     </span>
    </p>
   </div>
   <div class='ocr_carea' id='block_1_57' title="bbox 309 3704 1880 3779">
    <p class='ocr_par' dir='ltr' id='par_1_57' title="bbox 309 3704 1880 3779">
     <span class='ocr_line' id='line_1_57' title="bbox 309 3704 1880 3779; baseline -0.002 -18"><span class='ocrx_word' id='word_1_397' title='bbox 309 3708 484 3762; x_wconf 88' lang='lat' dir='ltr'><strong>clarat</strong></span> <span class='ocrx_word' id='word_1_398' title='bbox 527 3707 752 3762; x_wconf 77' lang='lat' dir='ltr'><strong>verbum</strong></span> <span class='ocrx_word' id='word_1_399' title='bbox 788 3707 1036 3779; x_wconf 82' lang='grc' dir='ltr'>ἐμπερῶ,</span> <span class='ocrx_word' id='word_1_400' title='bbox 1079 3708 1130 3761; x_wconf 87' lang='lat' dir='ltr'>id</span> <span class='ocrx_word' id='word_1_401' title='bbox 1178 3717 1264 3762; x_wconf 89' lang='lat' dir='ltr'>est</span> <span class='ocrx_word' id='word_1_402' title='bbox 1309 3717 1518 3776; x_wconf 79' lang='lat' dir='ltr'><strong>penetro</strong></span> <span class='ocrx_word' id='word_1_403' title='bbox 1544 3745 1560 3769; x_wconf 90' lang='lat'>,</span> <span class='ocrx_word' id='word_1_404' title='bbox 1619 3704 1880 3769; x_wconf 78' lang='lat' dir='ltr'><strong>incendo,</strong></span> 
     </span>
    </p>
   </div>
   <div class='ocr_carea' id='block_1_58' title="bbox 310 3799 1880 3870">
    <p class='ocr_par' dir='ltr' id='par_1_58' title="bbox 310 3799 1880 3870">
     <span class='ocr_line' id='line_1_58' title="bbox 310 3799 1880 3870; baseline 0 -19"><span class='ocrx_word' id='word_1_405' title='bbox 310 3800 465 3869; x_wconf 85' lang='lat' dir='ltr'><strong>quasi</strong></span> <span class='ocrx_word' id='word_1_406' title='bbox 491 3809 660 3855; x_wconf 93' lang='lat' dir='ltr'><strong>totum</strong></span> <span class='ocrx_word' id='word_1_407' title='bbox 686 3801 1008 3870; x_wconf 78' lang='lat' dir='ltr'><strong>pervadens)</strong></span> <span class='ocrx_word' id='word_1_408' title='bbox 1053 3810 1106 3854; x_wconf 78' lang='lat' dir='ltr'>et</span> <span class='ocrx_word' id='word_1_409' title='bbox 1135 3800 1456 3854; x_wconf 82' lang='lat' dir='ltr'><strong>calefacere.</strong></span> <span class='ocrx_word' id='word_1_410' title='bbox 1482 3799 1716 3853; x_wconf 81' lang='lat' dir='ltr'><strong>Rursum</strong></span> <span class='ocrx_word' id='word_1_411' title='bbox 1749 3814 1880 3853; x_wconf 88' lang='lat' dir='ltr'><strong>vero</strong></span> 
     </span>
    </p>
   </div>
   <div class='ocr_carea' id='block_1_59' title="bbox 309 3891 1879 3962">
    <p class='ocr_par' dir='ltr' id='par_1_59' title="bbox 309 3891 1879 3962">
     <span class='ocr_line' id='line_1_59' title="bbox 309 3891 1879 3962; baseline 0.001 -16"><span class='ocrx_word' id='word_1_412' title='bbox 309 3894 525 3946; x_wconf 85' lang='lat' dir='ltr'><strong>diversa</strong></span> <span class='ocrx_word' id='word_1_413' title='bbox 566 3902 717 3958; x_wconf 83' lang='lat' dir='ltr'><strong>sunt,</strong></span> <span class='ocrx_word' id='word_1_414' title='bbox 739 3894 990 3962; x_wconf 89' lang='lat' dir='ltr'><strong>quoniam</strong></span> <span class='ocrx_word' id='word_1_415' title='bbox 1023 3894 1166 3947; x_wconf 86' lang='lat' dir='ltr'><strong>aliud</strong></span> <span class='ocrx_word' id='word_1_416' title='bbox 1199 3902 1303 3956; x_wconf 89' lang='lat' dir='ltr'><strong>est,</strong></span> <span class='ocrx_word' id='word_1_417' title='bbox 1342 3903 1509 3947; x_wconf 91' lang='lat' dir='ltr'><strong>totum</strong></span> <span class='ocrx_word' id='word_1_418' title='bbox 1539 3891 1879 3958; x_wconf 84' lang='lat' dir='ltr'><strong>comburere,</strong></span> 
     </span>
    </p>
   </div>
   <div class='ocr_carea' id='block_1_60' title="bbox 307 3984 1878 4041">
    <p class='ocr_par' dir='ltr' id='par_1_60' title="bbox 307 3984 1878 4041">
     <span class='ocr_line' id='line_1_60' title="bbox 307 3984 1878 4041; baseline -0.003 -1"><span class='ocrx_word' id='word_1_419' title='bbox 307 3993 363 4040; x_wconf 88' lang='lat' dir='ltr'>et</span> <span class='ocrx_word' id='word_1_420' title='bbox 395 3985 540 4040; x_wconf 90' lang='lat' dir='ltr'><strong>aliud</strong></span> <span class='ocrx_word' id='word_1_421' title='bbox 581 3996 790 4039; x_wconf 90' lang='lat' dir='ltr'><strong>tantum</strong></span> <span class='ocrx_word' id='word_1_422' title='bbox 814 3987 1135 4041; x_wconf 79' lang='lat' dir='ltr'><strong>calefacere.</strong></span> <span class='ocrx_word' id='word_1_423' title='bbox 1164 3984 1369 4039; x_wconf 87' lang='lat' dir='ltr'><strong>Nomen</strong></span> <span class='ocrx_word' id='word_1_424' title='bbox 1392 3994 1572 4037; x_wconf 87' lang='lat' dir='ltr'><strong>autem</strong></span> <span class='ocrx_word' id='word_1_425' title='bbox 1595 3984 1878 4038; x_wconf 89' lang='lat' dir='ltr'><strong>cherubim</strong></span> 
     </span>
    </p>
   </div>
   <div class='ocr_carea' id='block_1_61' title="bbox 307 4075 1879 4148">
    <p class='ocr_par' dir='ltr' id='par_1_61' title="bbox 307 4075 1879 4148">
     <span class='ocr_line' id='line_1_61' title="bbox 307 4075 1879 4148; baseline -0.001 -18"><span class='ocrx_word' id='word_1_426' title='bbox 307 4076 584 4145; x_wconf 75' lang='lat' dir='ltr'><strong>significat</strong></span> <span class='ocrx_word' id='word_1_427' title='bbox 631 4079 1024 4132; x_wconf 78' lang='lat' dir='ltr'><strong>multitudinem</strong></span> <span class='ocrx_word' id='word_1_428' title='bbox 1090 4077 1430 4148; x_wconf 80' lang='lat' dir='ltr'><strong>cognitionis_</strong></span> <span class='ocrx_word' id='word_1_429' title='bbox 1499 4075 1581 4130; x_wconf 75' lang='lat' dir='ltr'><strong>Vel</strong></span> <span class='ocrx_word' id='word_1_430' title='bbox 1622 4077 1879 4146; x_wconf 73' lang='lat' dir='ltr'><strong>fusionem</strong></span> 
     </span>
    </p>
   </div>
   <div class='ocr_carea' id='block_1_62' title="bbox 307 4168 1879 4239">
    <p class='ocr_par' dir='ltr' id='par_1_62' title="bbox 307 4168 1879 4239">
     <span class='ocr_line' id='line_1_62' title="bbox 307 4168 1879 4239; baseline -0.001 -18"><span class='ocrx_word' id='word_1_431' title='bbox 307 4170 614 4237; x_wconf 75' lang='lat' dir='ltr'><strong>sapientim;</strong></span> <span class='ocrx_word' id='word_1_432' title='bbox 642 4169 781 4238; x_wconf 89' lang='lat' dir='ltr'><strong>quod</strong></span> <span class='ocrx_word' id='word_1_433' title='bbox 817 4171 1070 4225; x_wconf 91' lang='lat' dir='ltr'><strong>nimirum</strong></span> <span class='ocrx_word' id='word_1_434' title='bbox 1101 4171 1269 4224; x_wconf 87' lang='lat' dir='ltr'><strong>multa</strong></span> <span class='ocrx_word' id='word_1_435' title='bbox 1317 4178 1673 4239; x_wconf 78' lang='lat' dir='ltr'><strong>cognoscant,</strong></span> <span class='ocrx_word' id='word_1_436' title='bbox 1717 4168 1879 4238; x_wconf 84' lang='lat' dir='ltr'><strong>idque</strong></span> 
     </span>
    </p>
   </div>
   <div class='ocr_carea' id='block_1_63' title="bbox 311 4257 1880 4330">
    <p class='ocr_par' dir='ltr' id='par_1_63' title="bbox 311 4257 1880 4330">
     <span class='ocr_line' id='line_1_63' title="bbox 311 4257 1880 4330; baseline -0.002 -16"><span class='ocrx_word' id='word_1_437' title='bbox 311 4258 624 4327; x_wconf 84' lang='lat' dir='ltr'><strong>sapienter;</strong></span> <span class='ocrx_word' id='word_1_438' title='bbox 649 4269 704 4313; x_wconf 92' lang='lat' dir='ltr'>et</span> <span class='ocrx_word' id='word_1_439' title='bbox 736 4271 1068 4322; x_wconf 81' lang='lat' dir='ltr'><strong>constanter,</strong></span> <span class='ocrx_word' id='word_1_440' title='bbox 1095 4269 1149 4314; x_wconf 81' lang='lat' dir='ltr'>et</span> <span class='ocrx_word' id='word_1_441' title='bbox 1182 4275 1290 4314; x_wconf 92' lang='lat' dir='ltr'>non</span> <span class='ocrx_word' id='word_1_442' title='bbox 1319 4260 1492 4314; x_wconf 85' lang='lat' dir='ltr'><strong>solum</strong></span> <span class='ocrx_word' id='word_1_443' title='bbox 1523 4257 1880 4330; x_wconf 66' lang='lat' dir='ltr'><strong>superficiali-</strong></span> 
     </span>
    </p>
   </div>
   <div class='ocr_carea' id='block_1_64' title="bbox 1979 1772 3577 1857">
    <p class='ocr_par' dir='ltr' id='par_1_64' title="bbox 1979 1772 3577 1857">
     <span class='ocr_line' id='line_1_64' title="bbox 1979 1772 3577 1857; baseline 0.01 -33"><span class='ocrx_word' id='word_1_444' title='bbox 1979 1772 2452 1847; x_wconf 82' lang='grc' dir='ltr'>αἱσθητικωτέρως</span> <span class='ocrx_word' id='word_1_445' title='bbox 2499 1775 2764 1848; x_wconf 74' lang='grc' dir='ltr'>δηλοῦμεν</span> <span class='ocrx_word' id='word_1_446' title='bbox 2821 1779 2900 1850; x_wconf 76' lang='grc' dir='ltr'>τῷ</span> <span class='ocrx_word' id='word_1_447' title='bbox 2945 1781 3204 1852; x_wconf 76' lang='grc' dir='ltr'>ὀνόματι,</span> <span class='ocrx_word' id='word_1_448' title='bbox 3242 1787 3374 1857; x_wconf 87' lang='grc' dir='ltr'>παρ’</span> <span class='ocrx_word' id='word_1_449' title='bbox 3423 1785 3453 1838; x_wconf 87' lang='grc' dir='ltr'><strong>ὃ</strong></span> <span class='ocrx_word' id='word_1_450' title='bbox 3500 1789 3577 1857; x_wconf 80' lang='grc' dir='ltr'>τῇ</span> 
     </span>
    </p>
   </div>
   <div class='ocr_carea' id='block_1_65' title="bbox 1977 1865 3580 1946">
    <p class='ocr_par' dir='ltr' id='par_1_65' title="bbox 1977 1865 3580 1946">
     <span class='ocr_line' id='line_1_65' title="bbox 1977 1865 3580 1946; baseline 0.01 -29"><span class='ocrx_word' id='word_1_451' title='bbox 1977 1865 2071 1918; x_wconf 75' lang='grc' dir='ltr'>τοῦ</span> <span class='ocrx_word' id='word_1_452' title='bbox 2105 1867 2364 1937; x_wconf 81' lang='grc' dir='ltr'>ὀνόματος</span> <span class='ocrx_word' id='word_1_453' title='bbox 2397 1869 2689 1941; x_wconf 77' lang='grc' dir='ltr'>ἐξηγήσει;</span> <span class='ocrx_word' id='word_1_454' title='bbox 2721 1872 2830 1925; x_wconf 73' lang='grc' dir='ltr'>Καὶ</span> <span class='ocrx_word' id='word_1_455' title='bbox 2857 1873 3070 1945; x_wconf 89' lang='grc' dir='ltr'>πρῶτον</span> <span class='ocrx_word' id='word_1_456' title='bbox 3098 1877 3197 1946; x_wconf 87' lang='grc' dir='ltr'>μὲν</span> <span class='ocrx_word' id='word_1_457' title='bbox 3222 1877 3383 1932; x_wconf 81' lang='grc' dir='ltr'>τοῦτο</span> <span class='ocrx_word' id='word_1_458' title='bbox 3405 1896 3420 1910; x_wconf 75' lang='grc' dir='ltr'>ο</span> <span class='ocrx_word' id='word_1_459' title='bbox 3457 1879 3580 1933; x_wconf 82' lang='grc' dir='ltr'>δεύ-</span> 
     </span>
    </p>
   </div>
   <div class='ocr_carea' id='block_1_66' title="bbox 1977 1958 3579 2040">
    <p class='ocr_par' dir='ltr' id='par_1_66' title="bbox 1977 1958 3579 2040">
     <span class='ocr_line' id='line_1_66' title="bbox 1977 1958 3579 2040; baseline 0.011 -32"><span class='ocrx_word' id='word_1_460' title='bbox 1977 1973 2133 2027; x_wconf 87' lang='grc' dir='ltr'>τερον</span> <span class='ocrx_word' id='word_1_461' title='bbox 2165 1958 2245 2022; x_wconf 80' lang='grc' dir='ltr'>δὲ,</span> <span class='ocrx_word' id='word_1_462' title='bbox 2277 1960 2358 2014; x_wconf 80' lang='grc' dir='ltr'>ὅτι</span> <span class='ocrx_word' id='word_1_463' title='bbox 2390 1961 2509 2014; x_wconf 82' lang='grc' dir='ltr'>οὑδέ</span> <span class='ocrx_word' id='word_1_464' title='bbox 2544 1962 2705 2016; x_wconf 79' lang='grc' dir='ltr'>πάλιν</span> <span class='ocrx_word' id='word_1_465' title='bbox 2739 1963 2895 2017; x_wconf 82' lang='grc' dir='ltr'>τόσον</span> <span class='ocrx_word' id='word_1_466' title='bbox 2935 1969 3000 2036; x_wconf 79' lang='grc' dir='ltr'>τῇ</span> <span class='ocrx_word' id='word_1_467' title='bbox 3043 1967 3299 2039; x_wconf 75' lang='grc' dir='ltr'>ἐξηγήσει</span> <span class='ocrx_word' id='word_1_468' title='bbox 3333 1970 3579 2040; x_wconf 84' lang='grc' dir='ltr'>ἐμμένο-</span> 
     </span>
    </p>
   </div>
   <div class='ocr_carea' id='block_1_67' title="bbox 1982 2049 3574 2126">
    <p class='ocr_par' dir='ltr' id='par_1_67' title="bbox 1982 2049 3574 2126">
     <span class='ocr_line' id='line_1_67' title="bbox 1982 2049 3574 2126; baseline 0.009 -26"><span class='ocrx_word' id='word_1_469' title='bbox 1982 2066 2101 2120; x_wconf 90' lang='grc' dir='ltr'>μεν,</span> <span class='ocrx_word' id='word_1_470' title='bbox 2131 2049 2206 2113; x_wconf 89' lang='grc' dir='ltr'>ώς</span> <span class='ocrx_word' id='word_1_471' title='bbox 2233 2051 2306 2122; x_wconf 81' lang='grc' dir='ltr'>μὴ</span> <span class='ocrx_word' id='word_1_472' title='bbox 2342 2051 2484 2120; x_wconf 76' lang='grc' dir='ltr'>ἔχειν</span> <span class='ocrx_word' id='word_1_473' title='bbox 2525 2055 2663 2106; x_wconf 87' lang='grc' dir='ltr'>νοεῖν</span> <span class='ocrx_word' id='word_1_474' title='bbox 2713 2070 2766 2106; x_wconf 88' lang='grc' dir='ltr'>τι</span> <span class='ocrx_word' id='word_1_475' title='bbox 2800 2053 3149 2126; x_wconf 84' lang='grc' dir='ltr'>ὑψηλότερον,</span> <span class='ocrx_word' id='word_1_476' title='bbox 3184 2057 3320 2112; x_wconf 80' lang='grc' dir='ltr'>ἀλλά</span> <span class='ocrx_word' id='word_1_477' title='bbox 3355 2061 3449 2113; x_wconf 56' lang='grc' dir='ltr'>καὶ¹</span> <span class='ocrx_word' id='word_1_478' title='bbox 3487 2062 3574 2115; x_wconf 80' lang='grc' dir='ltr'>ἔτι</span> 
     </span>
    </p>
   </div>
   <div class='ocr_carea' id='block_1_68' title="bbox 1977 2141 3575 2222">
    <p class='ocr_par' dir='ltr' id='par_1_68' title="bbox 1977 2141 3575 2222">
     <span class='ocr_line' id='line_1_68' title="bbox 1977 2141 3575 2222; baseline 0.006 -25"><span class='ocrx_word' id='word_1_479' title='bbox 1977 2142 2056 2213; x_wconf 84' lang='grc' dir='ltr'>τῷ</span> <span class='ocrx_word' id='word_1_480' title='bbox 2089 2141 2169 2196; x_wconf 75' lang='grc' dir='ltr'>νοῒ</span> <span class='ocrx_word' id='word_1_481' title='bbox 2204 2144 2642 2214; x_wconf 79' lang='grc' dir='ltr'>παραπέμπομεν</span> <span class='ocrx_word' id='word_1_482' title='bbox 2670 2145 2767 2216; x_wconf 77' lang='grc' dir='ltr'>τὴν</span> <span class='ocrx_word' id='word_1_483' title='bbox 2797 2145 3074 2217; x_wconf 77' lang='grc' dir='ltr'>ἐξήγησιν,</span> <span class='ocrx_word' id='word_1_484' title='bbox 3118 2151 3210 2202; x_wconf 76' lang='grc' dir='ltr'>καὶ</span> <span class='ocrx_word' id='word_1_485' title='bbox 3243 2150 3575 2222; x_wconf 62' lang='grc' dir='ltr'>θερμαίνονυς</span> 
     </span>
    </p>
   </div>
   <div class='ocr_carea' id='block_1_69' title="bbox 1978 2236 3573 2311">
    <p class='ocr_par' dir='ltr' id='par_1_69' title="bbox 1978 2236 3573 2311">
     <span class='ocr_line' id='line_1_69' title="bbox 1978 2236 3573 2311; baseline 0.007 -23"><span class='ocrx_word' id='word_1_486' title='bbox 1978 2253 2078 2300; x_wconf 87' lang='grc' dir='ltr'>τας</span> <span class='ocrx_word' id='word_1_487' title='bbox 2105 2236 2410 2300; x_wconf 75' lang='grc' dir='ltr'>ἀκούοντες,</span> <span class='ocrx_word' id='word_1_488' title='bbox 2441 2236 2502 2289; x_wconf 84' lang='grc' dir='ltr'>τὸ</span> <span class='ocrx_word' id='word_1_489' title='bbox 2525 2238 2814 2306; x_wconf 71' lang='grc' dir='ltr'>δραστικόν</span> <span class='ocrx_word' id='word_1_490' title='bbox 2839 2259 2896 2294; x_wconf 87' lang='grc' dir='ltr'>τε</span> <span class='ocrx_word' id='word_1_491' title='bbox 2923 2243 3016 2294; x_wconf 78' lang='grc' dir='ltr'>καὶ</span> <span class='ocrx_word' id='word_1_492' title='bbox 3040 2243 3298 2311; x_wconf 70' lang='grc' dir='ltr'>φωτεινόν</span> <span class='ocrx_word' id='word_1_493' title='bbox 3319 2245 3541 2299; x_wconf 82' lang='grc' dir='ltr'>ἐννοοὺν</span> <span class='ocrx_word' id='word_1_494' title='bbox 3557 2277 3573 2288; x_wconf 78' lang='grc' dir='ltr'><strong><em>ο</em></strong></span> 
     </span>
    </p>
   </div>
   <div class='ocr_carea' id='block_1_70' title="bbox 1979 2328 3572 2402">
    <p class='ocr_par' dir='ltr' id='par_1_70' title="bbox 1979 2328 3572 2402">
     <span class='ocr_line' id='line_1_70' title="bbox 1979 2328 3572 2402; baseline 0.007 -22"><span class='ocrx_word' id='word_1_495' title='bbox 1979 2344 2073 2392; x_wconf 84' lang='grc' dir='ltr'>τες</span> <span class='ocrx_word' id='word_1_496' title='bbox 2103 2328 2463 2400; x_wconf 75' lang='grc' dir='ltr'>ἐξηγούμεθα,</span> <span class='ocrx_word' id='word_1_497' title='bbox 2498 2329 2630 2382; x_wconf 79' lang='grc' dir='ltr'>αὑτὸ</span> <span class='ocrx_word' id='word_1_498' title='bbox 2661 2329 2716 2383; x_wconf 84' lang='grc' dir='ltr'>δέ</span> <span class='ocrx_word' id='word_1_499' title='bbox 2751 2330 2910 2383; x_wconf 78' lang='grc' dir='ltr'>πάλιν</span> <span class='ocrx_word' id='word_1_500' title='bbox 2950 2331 3011 2384; x_wconf 82' lang='grc' dir='ltr'>τὸ</span> <span class='ocrx_word' id='word_1_501' title='bbox 3049 2331 3337 2402; x_wconf 76' lang='grc' dir='ltr'>δραστικὸν</span> <span class='ocrx_word' id='word_1_502' title='bbox 3383 2353 3444 2388; x_wconf 88' lang='grc' dir='ltr'>τε</span> <span class='ocrx_word' id='word_1_503' title='bbox 3475 2339 3572 2392; x_wconf 75' lang='grc' dir='ltr'>καὶ</span> 
     </span>
    </p>
   </div>
   <div class='ocr_carea' id='block_1_71' title="bbox 1981 2420 3572 2497">
    <p class='ocr_par' dir='ltr' id='par_1_71' title="bbox 1981 2420 3572 2497">
     <span class='ocr_line' id='line_1_71' title="bbox 1981 2420 3572 2497; baseline 0.006 -25"><span class='ocrx_word' id='word_1_504' title='bbox 1981 2420 2240 2491; x_wconf 77' lang='grc' dir='ltr'>φωτεινδν</span> <span class='ocrx_word' id='word_1_505' title='bbox 2293 2422 2372 2484; x_wconf 87' lang='grc' dir='ltr'>είς</span> <span class='ocrx_word' id='word_1_506' title='bbox 2418 2420 2754 2494; x_wconf 77' lang='grc' dir='ltr'>ὑψηλοτέραν</span> <span class='ocrx_word' id='word_1_507' title='bbox 2804 2423 3074 2494; x_wconf 82' lang='grc' dir='ltr'>ἀνάγομεν</span> <span class='ocrx_word' id='word_1_508' title='bbox 3120 2424 3371 2497; x_wconf 80' lang='grc' dir='ltr'>θεωρίαν.</span> <span class='ocrx_word' id='word_1_509' title='bbox 3407 2428 3572 2482; x_wconf 88' lang='grc' dir='ltr'>Ὅθεν</span> 
     </span>
    </p>
   </div>
   <div class='ocr_carea' id='block_1_72' title="bbox 1981 2508 3570 2586">
    <p class='ocr_par' dir='ltr' id='par_1_72' title="bbox 1981 2508 3570 2586">
     <span class='ocr_line' id='line_1_72' title="bbox 1981 2508 3570 2586; baseline 0.006 -25"><span class='ocrx_word' id='word_1_510' title='bbox 1981 2508 2161 2573; x_wconf 86' lang='grc' dir='ltr'>καλῶς</span> <span class='ocrx_word' id='word_1_511' title='bbox 2191 2508 2468 2580; x_wconf 80' lang='grc' dir='ltr'>ἐλέγομεν,</span> <span class='ocrx_word' id='word_1_512' title='bbox 2498 2511 2578 2563; x_wconf 80' lang='grc' dir='ltr'>ὅτι</span> <span class='ocrx_word' id='word_1_513' title='bbox 2609 2512 2680 2583; x_wconf 81' lang='grc' dir='ltr'>μὴ</span> <span class='ocrx_word' id='word_1_514' title='bbox 2719 2512 2879 2582; x_wconf 88' lang='grc' dir='ltr'>μόνον</span> <span class='ocrx_word' id='word_1_515' title='bbox 2905 2512 3174 2582; x_wconf 80' lang='grc' dir='ltr'>αἰσθητῶς</span> <span class='ocrx_word' id='word_1_516' title='bbox 3206 2516 3570 2586; x_wconf 78' lang='grc' dir='ltr'>μορφοῦνται,</span> 
     </span>
    </p>
   </div>
   <div class='ocr_carea' id='block_1_73' title="bbox 1981 2599 3569 2678">
    <p class='ocr_par' dir='ltr' id='par_1_73' title="bbox 1981 2599 3569 2678">
     <span class='ocr_line' id='line_1_73' title="bbox 1981 2599 3569 2678; baseline 0.006 -26"><span class='ocrx_word' id='word_1_517' title='bbox 1981 2599 2116 2653; x_wconf 85' lang='grc' dir='ltr'>ἀλλά</span> <span class='ocrx_word' id='word_1_518' title='bbox 2143 2600 2235 2652; x_wconf 68' lang='grc' dir='ltr'>καὶ</span> <span class='ocrx_word' id='word_1_519' title='bbox 2263 2601 2533 2670; x_wconf 85' lang='grc' dir='ltr'>αίσθητῶς</span> <span class='ocrx_word' id='word_1_520' title='bbox 2564 2601 2831 2670; x_wconf 80' lang='grc' dir='ltr'>λέγονται.</span> <span class='ocrx_word' id='word_1_521' title='bbox 2861 2604 2969 2657; x_wconf 69' lang='grc' dir='ltr'>Καὶ</span> <span class='ocrx_word' id='word_1_522' title='bbox 2998 2606 3030 2675; x_wconf 80' lang='grc' dir='ltr'>η</span> <span class='ocrx_word' id='word_1_523' title='bbox 3069 2607 3166 2674; x_wconf 89' lang='grc' dir='ltr'>μέν</span> <span class='ocrx_word' id='word_1_524' title='bbox 3204 2607 3334 2674; x_wconf 85' lang='grc' dir='ltr'>ἁγία</span> <span class='ocrx_word' id='word_1_525' title='bbox 3366 2608 3569 2678; x_wconf 68' lang='grc' dir='ltr'>ὀνομα-</span> 
     </span>
    </p>
   </div>
   <div class='ocr_carea' id='block_1_74' title="bbox 1983 2691 3576 2771">
    <p class='ocr_par' dir='ltr' id='par_1_74' title="bbox 1983 2691 3576 2771">
     <span class='ocr_line' id='line_1_74' title="bbox 1983 2691 3576 2771; baseline 0.007 -27"><span class='ocrx_word' id='word_1_526' title='bbox 1983 2692 2070 2745; x_wconf 89' lang='grc' dir='ltr'>σία</span> <span class='ocrx_word' id='word_1_527' title='bbox 2097 2691 2204 2744; x_wconf 87' lang='grc' dir='ltr'>τῶν</span> <span class='ocrx_word' id='word_1_528' title='bbox 2247 2693 2506 2764; x_wconf 65' lang='grc' dir='ltr'>σεραφὶμ,</span> <span class='ocrx_word' id='word_1_529' title='bbox 2551 2694 2626 2758; x_wconf 87' lang='grc' dir='ltr'>ώς</span> <span class='ocrx_word' id='word_1_530' title='bbox 2675 2696 2706 2766; x_wconf 79' lang='grc' dir='ltr'><strong>ἡ</strong></span> <span class='ocrx_word' id='word_1_531' title='bbox 2740 2695 2952 2763; x_wconf 88' lang='grc' dir='ltr'>γλῶττα</span> <span class='ocrx_word' id='word_1_532' title='bbox 2998 2697 3108 2750; x_wconf 89' lang='grc' dir='ltr'>τῶν</span> <span class='ocrx_word' id='word_1_533' title='bbox 3143 2698 3413 2771; x_wconf 79' lang='grc' dir='ltr'>Ἐϐραίων</span> <span class='ocrx_word' id='word_1_534' title='bbox 3447 2701 3576 2771; x_wconf 73' lang='grc' dir='ltr'>βού-</span> 
     </span>
    </p>
   </div>
   <div class='ocr_carea' id='block_1_75' title="bbox 1979 2782 3576 2862">
    <p class='ocr_par' dir='ltr' id='par_1_75' title="bbox 1979 2782 3576 2862">
     <span class='ocr_line' id='line_1_75' title="bbox 1979 2782 3576 2862; baseline 0.008 -27"><span class='ocrx_word' id='word_1_535' title='bbox 1979 2782 2150 2848; x_wconf 82' lang='grc' dir='ltr'>λεται,</span> <span class='ocrx_word' id='word_1_536' title='bbox 2177 2785 2209 2856; x_wconf 82' lang='grc' dir='ltr'>ἦ</span> <span class='ocrx_word' id='word_1_537' title='bbox 2259 2784 2322 2837; x_wconf 79' lang='grc' dir='ltr'>τὸ</span> <span class='ocrx_word' id='word_1_538' title='bbox 2366 2786 2686 2858; x_wconf 74' lang='grc' dir='ltr'>ἐμπρηστὰς</span> <span class='ocrx_word' id='word_1_539' title='bbox 2721 2787 2888 2858; x_wconf 87' lang='grc' dir='ltr'>δηλοῖ,</span> <span class='ocrx_word' id='word_1_540' title='bbox 2920 2789 2952 2859; x_wconf 78' lang='grc' dir='ltr'>ἦ</span> <span class='ocrx_word' id='word_1_541' title='bbox 2998 2787 3058 2841; x_wconf 73' lang='grc' dir='ltr'>τὸ</span> <span class='ocrx_word' id='word_1_542' title='bbox 3091 2789 3507 2862; x_wconf 85' lang='grc' dir='ltr'>θερμαίνοντας,</span> <span class='ocrx_word' id='word_1_543' title='bbox 3537 2795 3576 2848; x_wconf 75' lang='grc' dir='ltr'>ἂ</span> 
     </span>
    </p>
   </div>
   <div class='ocr_carea' id='block_1_76' title="bbox 1978 2883 3574 2964">
    <p class='ocr_par' dir='ltr' id='par_1_76' title="bbox 1978 2883 3574 2964">
     <span class='ocr_line' id='line_1_76' title="bbox 1978 2883 3574 2964; baseline 0.008 -28"><span class='ocrx_word' id='word_1_544' title='bbox 1978 2883 2042 2955; x_wconf 75' lang='grc' dir='ltr'>δη</span> <span class='ocrx_word' id='word_1_545' title='bbox 2090 2883 2262 2938; x_wconf 74' lang='grc' dir='ltr'>ταῦτα</span> <span class='ocrx_word' id='word_1_546' title='bbox 2302 2885 2370 2938; x_wconf 81' lang='grc' dir='ltr'>τά</span> <span class='ocrx_word' id='word_1_547' title='bbox 2419 2885 2675 2956; x_wconf 77' lang='grc' dir='ltr'>ὀνόματα,</span> <span class='ocrx_word' id='word_1_548' title='bbox 2713 2887 2806 2938; x_wconf 76' lang='grc' dir='ltr'>καὶ</span> <span class='ocrx_word' id='word_1_549' title='bbox 2856 2888 3027 2942; x_wconf 83' lang='grc' dir='ltr'>ταὺτόι</span> <span class='ocrx_word' id='word_1_550' title='bbox 3067 2890 3194 2953; x_wconf 87' lang='grc' dir='ltr'>είσι,</span> <span class='ocrx_word' id='word_1_551' title='bbox 3237 2893 3332 2944; x_wconf 72' lang='grc' dir='ltr'>καὶ</span> <span class='ocrx_word' id='word_1_552' title='bbox 3380 2893 3574 2964; x_wconf 74' lang='grc' dir='ltr'>ἔτερα.</span> 
     </span>
    </p>
   </div>
   <div class='ocr_carea' id='block_1_77' title="bbox 1981 2977 3572 3056">
    <p class='ocr_par' dir='ltr' id='par_1_77' title="bbox 1981 2977 3572 3056">
     <span class='ocr_line' id='line_1_77' title="bbox 1981 2977 3572 3056; baseline 0.006 -26"><span class='ocrx_word' id='word_1_553' title='bbox 1981 2977 2164 3030; x_wconf 84' lang='grc' dir='ltr'>Ταὺτά</span> <span class='ocrx_word' id='word_1_554' title='bbox 2195 2979 2311 3049; x_wconf 82' lang='grc' dir='ltr'>μὲν,</span> <span class='ocrx_word' id='word_1_555' title='bbox 2346 2979 2428 3031; x_wconf 76' lang='grc' dir='ltr'>ὅτι</span> <span class='ocrx_word' id='word_1_556' title='bbox 2459 2979 2743 3051; x_wconf 65' lang='grc' dir='ltr'>ἀμφότερα</span> <span class='ocrx_word' id='word_1_557' title='bbox 2788 2982 2852 3033; x_wconf 78' lang='grc' dir='ltr'>ἐκ</span> <span class='ocrx_word' id='word_1_558' title='bbox 2899 2983 3068 3053; x_wconf 86' lang='grc' dir='ltr'>πυρός</span> <span class='ocrx_word' id='word_1_559' title='bbox 3105 2985 3230 3047; x_wconf 87' lang='grc' dir='ltr'>είσι,</span> <span class='ocrx_word' id='word_1_560' title='bbox 3265 2985 3325 3038; x_wconf 91' lang='grc' dir='ltr'>τό</span> <span class='ocrx_word' id='word_1_561' title='bbox 3357 3003 3418 3038; x_wconf 87' lang='grc' dir='ltr'>τε</span> <span class='ocrx_word' id='word_1_562' title='bbox 3466 2988 3572 3056; x_wconf 84' lang='grc' dir='ltr'>ἐμ-</span> 
     </span>
    </p>
   </div>
   <div class='ocr_carea' id='block_1_78' title="bbox 1983 3067 3574 3146">
    <p class='ocr_par' dir='ltr' id='par_1_78' title="bbox 1983 3067 3574 3146">
     <span class='ocr_line' id='line_1_78' title="bbox 1983 3067 3574 3146; baseline 0.006 -27"><span class='ocrx_word' id='word_1_563' title='bbox 1983 3067 2232 3140; x_wconf 80' lang='grc' dir='ltr'>πρήθειν,</span> <span class='ocrx_word' id='word_1_564' title='bbox 2262 3070 2424 3122; x_wconf 78' lang='grc' dir='ltr'>οἱονεὶ</span> <span class='ocrx_word' id='word_1_565' title='bbox 2446 3068 2772 3122; x_wconf 62' lang='grc' dir='ltr'>ὁλοκαυτῶν</span> <span class='ocrx_word' id='word_1_566' title='bbox 2797 3069 2975 3141; x_wconf 81' lang='grc' dir='ltr'>(τοῦτο</span> <span class='ocrx_word' id='word_1_567' title='bbox 3007 3072 3115 3143; x_wconf 80' lang='grc' dir='ltr'>γὰρ</span> <span class='ocrx_word' id='word_1_568' title='bbox 3141 3073 3311 3146; x_wconf 85' lang='grc' dir='ltr'>δηλοῖ,</span> <span class='ocrx_word' id='word_1_569' title='bbox 3330 3075 3442 3128; x_wconf 82' lang='grc' dir='ltr'>ἀπὸ</span> <span class='ocrx_word' id='word_1_570' title='bbox 3473 3075 3574 3128; x_wconf 75' lang='grc' dir='ltr'>τοῦ</span> 
     </span>
    </p>
   </div>
   <div class='ocr_carea' id='block_1_79' title="bbox 1982 3160 3576 3238">
    <p class='ocr_par' dir='ltr' id='par_1_79' title="bbox 1982 3160 3576 3238">
     <span class='ocr_line' id='line_1_79' title="bbox 1982 3160 3576 3238; baseline 0.004 -25"><span class='ocrx_word' id='word_1_571' title='bbox 1982 3161 2230 3234; x_wconf 73' lang='grc' dir='ltr'>ἐμπερῶ,</span> <span class='ocrx_word' id='word_1_572' title='bbox 2258 3162 2418 3214; x_wconf 75' lang='grc' dir='ltr'>οἱονεὶ</span> <span class='ocrx_word' id='word_1_573' title='bbox 2436 3160 2496 3212; x_wconf 84' lang='grc' dir='ltr'>τὺ</span> <span class='ocrx_word' id='word_1_574' title='bbox 2513 3161 2685 3214; x_wconf 80' lang='grc' dir='ltr'>διόλου</span> <span class='ocrx_word' id='word_1_575' title='bbox 2719 3161 3107 3235; x_wconf 86' lang='grc' dir='ltr'>διερχόμενον),</span> <span class='ocrx_word' id='word_1_576' title='bbox 3154 3167 3248 3219; x_wconf 74' lang='grc' dir='ltr'>καὶ</span> <span class='ocrx_word' id='word_1_577' title='bbox 3263 3166 3322 3219; x_wconf 79' lang='grc' dir='ltr'>τὸ</span> <span class='ocrx_word' id='word_1_578' title='bbox 3339 3167 3576 3238; x_wconf 49' lang='grc' dir='ltr'>θερμαί-</span> 
     </span>
    </p>
   </div>
   <div class='ocr_carea' id='block_1_80' title="bbox 1982 3253 3572 3328">
    <p class='ocr_par' dir='ltr' id='par_1_80' title="bbox 1982 3253 3572 3328">
     <span class='ocr_line' id='line_1_80' title="bbox 1982 3253 3572 3328; baseline 0.004 -21"><span class='ocrx_word' id='word_1_579' title='bbox 1982 3269 2114 3307; x_wconf 88' lang='grc' dir='ltr'>νειν.</span> <span class='ocrx_word' id='word_1_580' title='bbox 2146 3253 2347 3324; x_wconf 87' lang='grc' dir='ltr'>Ἕτερα</span> <span class='ocrx_word' id='word_1_581' title='bbox 2373 3255 2428 3307; x_wconf 87' lang='grc' dir='ltr'>δέ</span> <span class='ocrx_word' id='word_1_582' title='bbox 2461 3254 2618 3308; x_wconf 70' lang='grc' dir='ltr'>πάλιν</span> <span class='ocrx_word' id='word_1_583' title='bbox 2643 3255 2798 3319; x_wconf 66' lang='grc' dir='ltr'>εἰσιν,</span> <span class='ocrx_word' id='word_1_584' title='bbox 2834 3256 2913 3309; x_wconf 87' lang='grc' dir='ltr'>ὃτι</span> <span class='ocrx_word' id='word_1_585' title='bbox 2942 3256 3067 3310; x_wconf 74' lang='grc' dir='ltr'>ἄλλο</span> <span class='ocrx_word' id='word_1_586' title='bbox 3086 3257 3237 3328; x_wconf 91' lang='grc' dir='ltr'>δηλοῖ</span> <span class='ocrx_word' id='word_1_587' title='bbox 3262 3258 3322 3310; x_wconf 67' lang='grc' dir='ltr'>τὸ</span> <span class='ocrx_word' id='word_1_588' title='bbox 3352 3259 3419 3311; x_wconf 85' lang='grc' dir='ltr'>δι’</span> <span class='ocrx_word' id='word_1_589' title='bbox 3445 3259 3572 3313; x_wconf 81' lang='grc' dir='ltr'>ὅλου</span> 
     </span>
    </p>
   </div>
   <div class='ocr_carea' id='block_1_81' title="bbox 1983 3343 3573 3421">
    <p class='ocr_par' dir='ltr' id='par_1_81' title="bbox 1983 3343 3573 3421">
     <span class='ocr_line' id='line_1_81' title="bbox 1983 3343 3573 3421; baseline 0.004 -25"><span class='ocrx_word' id='word_1_590' title='bbox 1983 3343 2178 3407; x_wconf 82' lang='grc' dir='ltr'>καίειν,</span> <span class='ocrx_word' id='word_1_591' title='bbox 2209 3344 2305 3396; x_wconf 70' lang='grc' dir='ltr'>καὶ</span> <span class='ocrx_word' id='word_1_592' title='bbox 2331 3344 2457 3398; x_wconf 76' lang='grc' dir='ltr'>ἄλλο</span> <span class='ocrx_word' id='word_1_593' title='bbox 2478 3345 2540 3399; x_wconf 75' lang='grc' dir='ltr'>τὸ</span> <span class='ocrx_word' id='word_1_594' title='bbox 2574 3347 2734 3417; x_wconf 84' lang='grc' dir='ltr'>μόνον</span> <span class='ocrx_word' id='word_1_595' title='bbox 2763 3346 3093 3419; x_wconf 79' lang='grc' dir='ltr'>θερμαίνειν.</span> <span class='ocrx_word' id='word_1_596' title='bbox 3126 3350 3189 3402; x_wconf 86' lang='lat' dir='ltr'>&#39;H</span> <span class='ocrx_word' id='word_1_597' title='bbox 3220 3349 3276 3402; x_wconf 82' lang='grc' dir='ltr'>δὲ</span> <span class='ocrx_word' id='word_1_598' title='bbox 3299 3350 3573 3421; x_wconf 78' lang='grc' dir='ltr'>ὀνομασία</span> 
     </span>
    </p>
   </div>
   <div class='ocr_carea' id='block_1_82' title="bbox 1980 3432 3580 3508">
    <p class='ocr_par' dir='ltr' id='par_1_82' title="bbox 1980 3432 3580 3508">
     <span class='ocr_line' id='line_1_82' title="bbox 1980 3432 3580 3508; baseline 0 -22"><span class='ocrx_word' id='word_1_599' title='bbox 1980 3435 2090 3486; x_wconf 87' lang='grc' dir='ltr'>τῶν</span> <span class='ocrx_word' id='word_1_600' title='bbox 2121 3432 2771 3506; x_wconf 75' lang='grc' dir='ltr'>χερουϐἱμπλῆθοςδηλοῖ</span> <span class='ocrx_word' id='word_1_601' title='bbox 2789 3433 3118 3508; x_wconf 80' lang='grc' dir='ltr'>γνώσεως.ᾔ</span> <span class='ocrx_word' id='word_1_602' title='bbox 3135 3435 3319 3505; x_wconf 78' lang='grc' dir='ltr'>χύσιν</span> <span class='ocrx_word' id='word_1_603' title='bbox 3330 3437 3580 3505; x_wconf 54' lang='grc' dir='ltr'>σοφίας.</span> 
     </span>
    </p>
   </div>
   <div class='ocr_carea' id='block_1_83' title="bbox 1981 3524 3576 3598">
    <p class='ocr_par' dir='ltr' id='par_1_83' title="bbox 1981 3524 3576 3598">
     <span class='ocr_line' id='line_1_83' title="bbox 1981 3524 3576 3598; baseline 0.004 -22"><span class='ocrx_word' id='word_1_604' title='bbox 1981 3524 2136 3576; x_wconf 80' lang='grc' dir='ltr'>τοῦτο</span> <span class='ocrx_word' id='word_1_605' title='bbox 2150 3524 2206 3577; x_wconf 81' lang='grc' dir='ltr'>δέ</span> <span class='ocrx_word' id='word_1_606' title='bbox 2223 3526 2388 3589; x_wconf 86' lang='grc' dir='ltr'>ἐστιν,</span> <span class='ocrx_word' id='word_1_607' title='bbox 2407 3526 2487 3577; x_wconf 81' lang='grc' dir='ltr'>ὅτι</span> <span class='ocrx_word' id='word_1_608' title='bbox 2503 3526 2596 3578; x_wconf 67' lang='grc' dir='ltr'>καὶ</span> <span class='ocrx_word' id='word_1_609' title='bbox 2614 3525 2786 3579; x_wconf 79' lang='grc' dir='ltr'>πολλὰ</span> <span class='ocrx_word' id='word_1_610' title='bbox 2799 3526 3145 3594; x_wconf 84' lang='grc' dir='ltr'>γινώσκουσι,</span> <span class='ocrx_word' id='word_1_611' title='bbox 3166 3529 3260 3580; x_wconf 74' lang='grc' dir='ltr'>καὶ</span> <span class='ocrx_word' id='word_1_612' title='bbox 3279 3529 3462 3598; x_wconf 60' lang='grc' dir='ltr'>σοςῶς</span> <span class='ocrx_word' id='word_1_613' title='bbox 3478 3529 3576 3582; x_wconf 58' lang='grc' dir='ltr'>καὶ⁵</span> 
     </span>
    </p>
   </div>
   <div class='ocr_carea' id='block_1_84' title="bbox 1982 3616 3576 3689">
    <p class='ocr_par' dir='ltr' id='par_1_84' title="bbox 1982 3616 3576 3689">
     <span class='ocr_line' id='line_1_84' title="bbox 1982 3616 3576 3689; baseline 0.002 -20"><span class='ocrx_word' id='word_1_614' title='bbox 1982 3616 2263 3689; x_wconf 84' lang='grc' dir='ltr'>ἀραρότως</span> <span class='ocrx_word' id='word_1_615' title='bbox 2287 3616 2462 3671; x_wconf 77' lang='grc' dir='ltr'>ταῦτα</span> <span class='ocrx_word' id='word_1_616' title='bbox 2480 3617 2855 3686; x_wconf 77' lang='grc' dir='ltr'>γινώσκουσιν,</span> <span class='ocrx_word' id='word_1_617' title='bbox 2874 3619 2972 3672; x_wconf 78' lang='grc' dir='ltr'>οὑκ</span> <span class='ocrx_word' id='word_1_618' title='bbox 2988 3619 3320 3682; x_wconf 68' lang='grc' dir='ltr'>ἐπιπολαίως</span> <span class='ocrx_word' id='word_1_619' title='bbox 3345 3636 3358 3649; x_wconf 75' lang='grc' dir='ltr'><strong><em>ο</em></strong></span> <span class='ocrx_word' id='word_1_620' title='bbox 3390 3619 3576 3684; x_wconf 72' lang='grc' dir='ltr'>καὶώς</span> 
     </span>
    </p>
   </div>
   <div class='ocr_carea' id='block_1_85' title="bbox 1981 3705 3575 3781">
    <p class='ocr_par' dir='ltr' id='par_1_85' title="bbox 1981 3705 3575 3781">
     <span class='ocr_line' id='line_1_85' title="bbox 1981 3705 3575 3781; baseline 0 -19"><span class='ocrx_word' id='word_1_621' title='bbox 1981 3710 2046 3762; x_wconf 77' lang='grc' dir='ltr'>ἄν</span> <span class='ocrx_word' id='word_1_622' title='bbox 2066 3726 2150 3772; x_wconf 90' lang='grc' dir='ltr'>τις</span> <span class='ocrx_word' id='word_1_623' title='bbox 2169 3709 2311 3762; x_wconf 83' lang='grc' dir='ltr'>εἴποι</span> <span class='ocrx_word' id='word_1_624' title='bbox 2335 3708 2718 3762; x_wconf 77' lang='grc' dir='ltr'>διαπιστοῦντα</span> <span class='ocrx_word' id='word_1_625' title='bbox 2745 3708 2884 3762; x_wconf 81' lang='grc' dir='ltr'>αὑτά</span> <span class='ocrx_word' id='word_1_626' title='bbox 2914 3711 3146 3772; x_wconf 79' lang='grc' dir='ltr'>ἑαυτοῖς.</span> <span class='ocrx_word' id='word_1_627' title='bbox 3164 3709 3410 3772; x_wconf 82' lang='grc' dir='ltr'>Εἰκότως</span> <span class='ocrx_word' id='word_1_628' title='bbox 3425 3705 3520 3762; x_wconf 82' lang='grc' dir='ltr'>οὖν</span> <span class='ocrx_word' id='word_1_629' title='bbox 3537 3711 3575 3781; x_wconf 80' lang='grc' dir='ltr'><strong>ἡ</strong></span> 
     </span>
    </p>
   </div>
   <div class='ocr_carea' id='block_1_86' title="bbox 1983 3792 3576 3874">
    <p class='ocr_par' dir='ltr' id='par_1_86' title="bbox 1983 3792 3576 3874">
     <span class='ocr_line' id='line_1_86' title="bbox 1983 3792 3576 3874; baseline 0 -20"><span class='ocrx_word' id='word_1_630' title='bbox 1983 3800 2172 3874; x_wconf 86' lang='grc' dir='ltr'>πρώτη</span> <span class='ocrx_word' id='word_1_631' title='bbox 2201 3801 2308 3854; x_wconf 92' lang='grc' dir='ltr'>τῶν</span> <span class='ocrx_word' id='word_1_632' title='bbox 2335 3792 2744 3872; x_wconf 77' lang='grc' dir='ltr'>διακοσμήσεων</span> <span class='ocrx_word' id='word_1_633' title='bbox 2776 3802 2838 3852; x_wconf 82' lang='grc' dir='ltr'>ἐκ</span> <span class='ocrx_word' id='word_1_634' title='bbox 2864 3799 2972 3852; x_wconf 86' lang='grc' dir='ltr'>τῶν</span> <span class='ocrx_word' id='word_1_635' title='bbox 3017 3801 3335 3871; x_wconf 79' lang='grc' dir='ltr'>ὑπερτάτων</span> <span class='ocrx_word' id='word_1_636' title='bbox 3371 3801 3576 3854; x_wconf 88' lang='grc' dir='ltr'>οὑσιῶν</span> 
     </span>
    </p>
   </div>
   <div class='ocr_carea' id='block_1_87' title="bbox 1984 3893 3572 3966">
    <p class='ocr_par' dir='ltr' id='par_1_87' title="bbox 1984 3893 3572 3966">
     <span class='ocr_line' id='line_1_87' title="bbox 1984 3893 3572 3966; baseline -0.001 -18"><span class='ocrx_word' id='word_1_637' title='bbox 1984 3894 2144 3966; x_wconf 86' lang='grc' dir='ltr'>ίερῶς</span> <span class='ocrx_word' id='word_1_638' title='bbox 2195 3896 2515 3964; x_wconf 82' lang='grc' dir='ltr'>ἐνεργεῖται,</span> <span class='ocrx_word' id='word_1_639' title='bbox 2557 3893 2734 3963; x_wconf 81' lang='grc' dir='ltr'>(τοῦτο</span> <span class='ocrx_word' id='word_1_640' title='bbox 2767 3894 2875 3966; x_wconf 76' lang='grc' dir='ltr'>γάρ</span> <span class='ocrx_word' id='word_1_641' title='bbox 2907 3893 3020 3946; x_wconf 91' lang='grc' dir='ltr'>ἐστι</span> <span class='ocrx_word' id='word_1_642' title='bbox 3051 3893 3112 3945; x_wconf 75' lang='grc' dir='ltr'>τὸ</span> <span class='ocrx_word' id='word_1_643' title='bbox 3144 3894 3508 3965; x_wconf 87' lang='grc' dir='ltr'>ἱερουργεῖται</span> 
     </span>
    </p>
   </div>
   <div class='ocr_carea' id='block_1_88' title="bbox 1980 3990 3577 4065">
    <p class='ocr_par' dir='ltr' id='par_1_88' title="bbox 1980 3990 3577 4065">
     <span class='ocr_line' id='line_1_88' title="bbox 1980 3990 3577 4065; baseline -0.001 -19"><span class='ocrx_word' id='word_1_644' title='bbox 1980 3994 2134 4061; x_wconf 76' lang='grc' dir='ltr'>τάξιν</span> <span class='ocrx_word' id='word_1_645' title='bbox 2175 3993 2286 4065; x_wconf 84' lang='grc' dir='ltr'>γὰρ</span> <span class='ocrx_word' id='word_1_646' title='bbox 2317 3992 2500 4062; x_wconf 79' lang='grc' dir='ltr'>ἔχουσι</span> <span class='ocrx_word' id='word_1_647' title='bbox 2541 3991 2651 4044; x_wconf 92' lang='grc' dir='ltr'>τῶν</span> <span class='ocrx_word' id='word_1_648' title='bbox 2692 3992 2878 4044; x_wconf 85' lang='grc' dir='ltr'>πασῶν</span> <span class='ocrx_word' id='word_1_649' title='bbox 2914 3990 3272 4061; x_wconf 67' lang='grc' dir='ltr'>ὑψηλοτέραν,</span> <span class='ocrx_word' id='word_1_650' title='bbox 3307 3991 3407 4043; x_wconf 74' lang='grc' dir='ltr'>τοῦ</span> <span class='ocrx_word' id='word_1_651' title='bbox 3443 3993 3577 4063; x_wconf 79' lang='grc' dir='ltr'>περὶ</span> 
     </span>
    </p>
   </div>
   <div class='ocr_carea' id='block_1_89' title="bbox 1981 4083 3576 4158">
    <p class='ocr_par' dir='ltr' id='par_1_89' title="bbox 1981 4083 3576 4158">
     <span class='ocr_line' id='line_1_89' title="bbox 1981 4083 3576 4158; baseline -0.002 -18"><span class='ocrx_word' id='word_1_652' title='bbox 1981 4087 2112 4140; x_wconf 77' lang='grc' dir='ltr'>Θεὸν</span> <span class='ocrx_word' id='word_1_653' title='bbox 2143 4086 2363 4158; x_wconf 83' lang='grc' dir='ltr'>ἀμέσως</span> <span class='ocrx_word' id='word_1_654' title='bbox 2393 4083 2636 4155; x_wconf 78' lang='grc' dir='ltr'>ἱδρῦσθαι</span> <span class='ocrx_word' id='word_1_655' title='bbox 2665 4084 2744 4153; x_wconf 84' lang='grc' dir='ltr'>(οὑ</span> <span class='ocrx_word' id='word_1_656' title='bbox 2777 4085 2884 4153; x_wconf 80' lang='grc' dir='ltr'>γάρ</span> <span class='ocrx_word' id='word_1_657' title='bbox 2912 4085 3024 4135; x_wconf 85' lang='grc' dir='ltr'>ἐστι</span> <span class='ocrx_word' id='word_1_658' title='bbox 3057 4083 3164 4154; x_wconf 77' lang='grc' dir='ltr'>πρὸ</span> <span class='ocrx_word' id='word_1_659' title='bbox 3207 4083 3382 4153; x_wconf 79' lang='grc' dir='ltr'>αὑτῆς</span> <span class='ocrx_word' id='word_1_660' title='bbox 3410 4085 3576 4156; x_wconf 83' lang='grc' dir='ltr'>ἐτέρα</span> 
     </span>
    </p>
   </div>
   <div class='ocr_carea' id='block_1_90' title="bbox 1979 4171 3577 4248">
    <p class='ocr_par' dir='ltr' id='par_1_90' title="bbox 1979 4171 3577 4248">
     <span class='ocr_line' id='line_1_90' title="bbox 1979 4171 3577 4248; baseline -0.003 -15"><span class='ocrx_word' id='word_1_661' title='bbox 1979 4178 2273 4248; x_wconf 73' lang='grc' dir='ltr'>τάξις,)κα“ι</span> <span class='ocrx_word' id='word_1_662' title='bbox 2289 4177 2700 4246; x_wconf 81' lang='grc' dir='ltr'>ἀμετακινήτως</span> <span class='ocrx_word' id='word_1_663' title='bbox 2717 4171 2873 4239; x_wconf 71' lang='grc' dir='ltr'>εἶναι,</span> <span class='ocrx_word' id='word_1_664' title='bbox 2896 4175 3145 4229; x_wconf 74' lang='grc' dir='ltr'>κάκεῖθεν</span> <span class='ocrx_word' id='word_1_665' title='bbox 3169 4177 3248 4237; x_wconf 86' lang='grc' dir='ltr'>είς</span> <span class='ocrx_word' id='word_1_666' title='bbox 3276 4176 3450 4248; x_wconf 75' lang='grc' dir='ltr'>αὑτὴν</span> <span class='ocrx_word' id='word_1_667' title='bbox 3480 4178 3577 4248; x_wconf 85' lang='grc' dir='ltr'>ἁρ-</span> 
     </span>
    </p>
   </div>
   <div class='ocr_carea' id='block_1_91' title="bbox 1981 4266 3577 4344">
    <p class='ocr_par' dir='ltr' id='par_1_91' title="bbox 1981 4266 3577 4344">
     <span class='ocr_line' id='line_1_91' title="bbox 1981 4266 3577 4344; baseline -0.003 -20"><span class='ocrx_word' id='word_1_668' title='bbox 1981 4271 2293 4344; x_wconf 65' lang='grc' dir='ltr'>χιικωτέρως</span> <span class='ocrx_word' id='word_1_669' title='bbox 2324 4271 2399 4334; x_wconf 86' lang='grc' dir='ltr'>ὡς</span> <span class='ocrx_word' id='word_1_670' title='bbox 2430 4269 2712 4338; x_wconf 80' lang='grc' dir='ltr'>ἐγγυτάτω</span> <span class='ocrx_word' id='word_1_671' title='bbox 2748 4266 3203 4338; x_wconf 73' lang='grc' dir='ltr'>μεταϐιϐάζεσθαι</span> <span class='ocrx_word' id='word_1_672' title='bbox 3228 4267 3330 4337; x_wconf 83' lang='grc' dir='ltr'>τὴν</span> <span class='ocrx_word' id='word_1_673' title='bbox 3361 4267 3577 4320; x_wconf 86' lang='grc' dir='ltr'>τελείω-</span> 
     </span>
    </p>
   </div>
   <div class='ocr_carea' id='block_1_92' title="bbox 312 4351 1782 4434">
    <p class='ocr_par' dir='ltr' id='par_1_92' title="bbox 312 4351 1782 4420">
     <span class='ocr_line' id='line_1_92' title="bbox 312 4351 1782 4420; baseline 0.001 -18"><span class='ocrx_word' id='word_1_674' title='bbox 312 4361 414 4415; x_wconf 81' lang='lat' dir='ltr'><strong>ter,</strong></span> <span class='ocrx_word' id='word_1_675' title='bbox 449 4365 516 4404; x_wconf 88' lang='lat' dir='ltr'>ac</span> <span class='ocrx_word' id='word_1_676' title='bbox 539 4351 582 4405; x_wconf 86' lang='lat' dir='ltr'><strong>si</strong></span> <span class='ocrx_word' id='word_1_677' title='bbox 616 4351 737 4419; x_wconf 86' lang='lat' dir='ltr'><strong>quis</strong></span> <span class='ocrx_word' id='word_1_678' title='bbox 769 4351 912 4405; x_wconf 89' lang='lat' dir='ltr'><strong>dicat</strong></span> <span class='ocrx_word' id='word_1_679' title='bbox 943 4367 1061 4420; x_wconf 64' lang='lat' dir='ltr'><strong>quae</strong></span> <span class='ocrx_word' id='word_1_680' title='bbox 1089 4353 1410 4405; x_wconf 89' lang='lat' dir='ltr'><strong>confirmata</strong></span> <span class='ocrx_word' id='word_1_681' title='bbox 1443 4353 1643 4406; x_wconf 88' lang='lat' dir='ltr'><strong>suntin</strong></span> <span class='ocrx_word' id='word_1_682' title='bbox 1677 4367 1782 4407; x_wconf 87' lang='lat' dir='ltr'><strong>sem</strong></span> 
     </span>
    </p>
   </div>
   <div class='ocr_carea' id='block_1_93' title="bbox 2135 4351 3605 4434">
    <p class='ocr_par' dir='ltr' id='par_1_93' title="bbox 2135 4357 3605 4434">
     <span class='ocr_line' id='line_1_93' title="bbox 2135 4357 3605 4434; baseline -0.002 -19"><span class='ocrx_word' id='word_1_683' title='bbox 2135 4361 2520 4434; x_wconf 79' lang='grc' dir='ltr'>Πρωτουργοὺς</span> <span class='ocrx_word' id='word_1_684' title='bbox 2561 4359 2617 4412; x_wconf 86' lang='grc' dir='ltr'>δὲ</span> <span class='ocrx_word' id='word_1_685' title='bbox 2662 4359 2806 4428; x_wconf 81' lang='grc' dir='ltr'>λέγει</span> <span class='ocrx_word' id='word_1_686' title='bbox 2845 4357 3184 4426; x_wconf 65' lang='grc' dir='ltr'>θεοφανείας,</span> <span class='ocrx_word' id='word_1_687' title='bbox 3228 4359 3311 4411; x_wconf 81' lang='grc' dir='ltr'>ὅτι</span> <span class='ocrx_word' id='word_1_688' title='bbox 3357 4361 3440 4423; x_wconf 86' lang='grc' dir='ltr'>είς</span> <span class='ocrx_word' id='word_1_689' title='bbox 3471 4360 3605 4412; x_wconf 70' lang='grc' dir='ltr'>αὑ-‹</span> 
     </span>
    </p>
   </div>
   <div class='ocr_carea' id='block_1_94' title="bbox 311 4442 1880 4513">
    <p class='ocr_par' dir='ltr' id='par_1_94' title="bbox 311 4442 1880 4513">
     <span class='ocr_line' id='line_1_94' title="bbox 311 4442 1880 4513; baseline -0.001 -17"><span class='ocrx_word' id='word_1_690' title='bbox 311 4443 463 4510; x_wconf 87' lang='lat' dir='ltr'><strong>ipsis.</strong></span> <span class='ocrx_word' id='word_1_691' title='bbox 511 4442 705 4499; x_wconf 83' lang='lat' dir='ltr'><strong>Merito</strong></span> <span class='ocrx_word' id='word_1_692' title='bbox 747 4443 912 4512; x_wconf 85' lang='lat' dir='ltr'><strong>igitur</strong></span> <span class='ocrx_word' id='word_1_693' title='bbox 947 4444 1120 4513; x_wconf 88' lang='lat' dir='ltr'><strong>prima</strong></span> <span class='ocrx_word' id='word_1_694' title='bbox 1173 4444 1452 4498; x_wconf 87' lang='lat' dir='ltr'><strong>distinctio</strong></span> <span class='ocrx_word' id='word_1_695' title='bbox 1489 4445 1556 4496; x_wconf 89' lang='lat' dir='ltr'>ab</span> <span class='ocrx_word' id='word_1_696' title='bbox 1602 4442 1880 4496; x_wconf 83' lang='lat' dir='ltr'><strong>excellen-</strong></span> 
     </span>
    </p>
   </div>
   <div class='ocr_carea' id='block_1_95' title="bbox 312 4535 1886 4599">
    <p class='ocr_par' dir='ltr' id='par_1_95' title="bbox 312 4535 1886 4599">
     <span class='ocr_line' id='line_1_95' title="bbox 312 4535 1886 4599; baseline -0.001 -12"><span class='ocrx_word' id='word_1_697' title='bbox 312 4535 538 4589; x_wconf 89' lang='lat' dir='ltr'><strong>tissimis</strong></span> <span class='ocrx_word' id='word_1_698' title='bbox 567 4535 818 4589; x_wconf 82' lang='lat' dir='ltr'><strong>essentiis</strong></span> <span class='ocrx_word' id='word_1_699' title='bbox 851 4547 1038 4590; x_wconf 89' lang='lat' dir='ltr'><strong>sancte</strong></span> <span class='ocrx_word' id='word_1_700' title='bbox 1068 4535 1298 4592; x_wconf 74' lang='lat' dir='ltr'><strong>efﬁcitur</strong></span> <span class='ocrx_word' id='word_1_701' title='bbox 1317 4538 1440 4599; x_wconf 83' lang='lat' dir='ltr'><strong>(hoc</strong></span> <span class='ocrx_word' id='word_1_702' title='bbox 1465 4537 1612 4589; x_wconf 91' lang='lat' dir='ltr'><strong>enim</strong></span> <span class='ocrx_word' id='word_1_703' title='bbox 1641 4535 1886 4588; x_wconf 87' lang='lat' dir='ltr'><strong>insinuat</strong></span> 
     </span>
    </p>
   </div>
   <div class='ocr_carea' id='block_1_96' title="bbox 312 4624 1886 4698">
    <p class='ocr_par' dir='ltr' id='par_1_96' title="bbox 312 4624 1886 4698">
     <span class='ocr_line' id='line_1_96' title="bbox 312 4624 1886 4698; baseline 0.001 -22"><span class='ocrx_word' id='word_1_704' title='bbox 312 4624 441 4679; x_wconf 90' lang='lat' dir='ltr'><strong>illud</strong></span> <span class='ocrx_word' id='word_1_705' title='bbox 476 4626 892 4697; x_wconf 81' lang='lat' dir='ltr'><strong>sanctificatur),</strong></span> <span class='ocrx_word' id='word_1_706' title='bbox 920 4629 1178 4698; x_wconf 88' lang='lat' dir='ltr'><strong>quoniam</strong></span> <span class='ocrx_word' id='word_1_707' title='bbox 1215 4630 1464 4682; x_wconf 89' lang='lat' dir='ltr'><strong>ordinem</strong></span> <span class='ocrx_word' id='word_1_708' title='bbox 1518 4629 1719 4682; x_wconf 89' lang='lat' dir='ltr'><strong>habent</strong></span> <span class='ocrx_word' id='word_1_709' title='bbox 1765 4640 1886 4680; x_wconf 89' lang='lat' dir='ltr'><strong>om-</strong></span> 
     </span>
    </p>
   </div>
   <div class='ocr_carea' id='block_1_97' title="bbox 312 4718 1888 4792">
    <p class='ocr_par' dir='ltr' id='par_1_97' title="bbox 312 4718 1888 4792">
     <span class='ocr_line' id='line_1_97' title="bbox 312 4718 1888 4792; baseline -0.001 -19"><span class='ocrx_word' id='word_1_710' title='bbox 312 4721 470 4774; x_wconf 91' lang='lat' dir='ltr'><strong>nibus</strong></span> <span class='ocrx_word' id='word_1_711' title='bbox 512 4720 868 4788; x_wconf 90' lang='lat' dir='ltr'><strong>superiorem,</strong></span> <span class='ocrx_word' id='word_1_712' title='bbox 903 4731 961 4774; x_wconf 91' lang='lat' dir='ltr'>nt</span> <span class='ocrx_word' id='word_1_713' title='bbox 999 4723 1090 4792; x_wconf 85' lang='lat' dir='ltr'>qui</span> <span class='ocrx_word' id='word_1_714' title='bbox 1134 4721 1290 4788; x_wconf 83' lang='lat' dir='ltr'><strong>juxta</strong></span> <span class='ocrx_word' id='word_1_715' title='bbox 1348 4721 1514 4774; x_wconf 88' lang='lat' dir='ltr'><strong>Deum</strong></span> <span class='ocrx_word' id='word_1_716' title='bbox 1569 4718 1888 4772; x_wconf 84' lang='lat' dir='ltr'><strong>immediate</strong></span> 
     </span>
    </p>
   </div>
   <div class='ocr_carea' id='block_1_98' title="bbox 310 4812 1883 4884">
    <p class='ocr_par' dir='ltr' id='par_1_98' title="bbox 310 4812 1883 4884">
     <span class='ocr_line' id='line_1_98' title="bbox 310 4812 1883 4884; baseline -0.002 -19"><span class='ocrx_word' id='word_1_717' title='bbox 310 4813 608 4868; x_wconf 87' lang='lat' dir='ltr'><strong>collocatur</strong></span> <span class='ocrx_word' id='word_1_718' title='bbox 637 4812 783 4884; x_wconf 89' lang='lat' dir='ltr'><strong>(nam</strong></span> <span class='ocrx_word' id='word_1_719' title='bbox 823 4823 950 4870; x_wconf 92' lang='lat' dir='ltr'><strong>ante</strong></span> <span class='ocrx_word' id='word_1_720' title='bbox 996 4815 1140 4868; x_wconf 89' lang='lat' dir='ltr'><strong>hunc</strong></span> <span class='ocrx_word' id='word_1_721' title='bbox 1184 4814 1367 4870; x_wconf 90' lang='lat' dir='ltr'><strong>nullus</strong></span> <span class='ocrx_word' id='word_1_722' title='bbox 1419 4813 1558 4866; x_wconf 89' lang='lat' dir='ltr'><strong>alius</strong></span> <span class='ocrx_word' id='word_1_723' title='bbox 1597 4812 1731 4864; x_wconf 90' lang='lat' dir='ltr'><strong>ordo</strong></span> <span class='ocrx_word' id='word_1_724' title='bbox 1773 4818 1883 4883; x_wconf 84' lang='lat' dir='ltr'><strong>est)</strong></span> 
     </span>
    </p>
   </div>
   <div class='ocr_carea' id='block_1_99' title="bbox 309 4903 1885 4971">
    <p class='ocr_par' dir='ltr' id='par_1_99' title="bbox 309 4903 1885 4971">
     <span class='ocr_line' id='line_1_99' title="bbox 309 4903 1885 4971; baseline -0.003 -13"><span class='ocrx_word' id='word_1_725' title='bbox 309 4915 366 4959; x_wconf 92' lang='lat' dir='ltr'>et</span> <span class='ocrx_word' id='word_1_726' title='bbox 393 4904 747 4958; x_wconf 86' lang='lat' dir='ltr'><strong>immobilitcr</strong></span> <span class='ocrx_word' id='word_1_727' title='bbox 797 4915 998 4971; x_wconf 91' lang='lat' dir='ltr'><strong>manet,</strong></span> <span class='ocrx_word' id='word_1_728' title='bbox 1033 4907 1175 4961; x_wconf 89' lang='lat' dir='ltr'><strong>unde</strong></span> <span class='ocrx_word' id='word_1_729' title='bbox 1221 4906 1386 4960; x_wconf 88' lang='lat' dir='ltr'><strong>etiam</strong></span> <span class='ocrx_word' id='word_1_730' title='bbox 1439 4903 1492 4957; x_wconf 90' lang='lat' dir='ltr'><strong>in</strong></span> <span class='ocrx_word' id='word_1_731' title='bbox 1545 4903 1716 4970; x_wconf 86' lang='lat' dir='ltr'><strong>ipsum</strong></span> <span class='ocrx_word' id='word_1_732' title='bbox 1767 4911 1885 4955; x_wconf 89' lang='lat' dir='ltr'><strong>tan-</strong></span> 
     </span>
    </p>
   </div>
   <div class='ocr_carea' id='block_1_100' title="bbox 311 4991 1890 5064">
    <p class='ocr_par' dir='ltr' id='par_1_100' title="bbox 311 4991 1890 5064">
     <span class='ocr_line' id='line_1_100' title="bbox 311 4991 1890 5064; baseline -0.001 -17"><span class='ocrx_word' id='word_1_733' title='bbox 311 5010 471 5064; x_wconf 84' lang='lat' dir='ltr'><strong>quam</strong></span> <span class='ocrx_word' id='word_1_734' title='bbox 501 4994 920 5060; x_wconf 84' lang='lat' dir='ltr'><strong>viciuissimunt,</strong></span> <span class='ocrx_word' id='word_1_735' title='bbox 953 4997 1202 5064; x_wconf 81' lang='lat' dir='ltr'><strong>primitus</strong></span> <span class='ocrx_word' id='word_1_736' title='bbox 1234 4993 1468 5048; x_wconf 90' lang='lat' dir='ltr'><strong>initiatio</strong></span> <span class='ocrx_word' id='word_1_737' title='bbox 1503 5007 1596 5046; x_wconf 90' lang='lat' dir='ltr'>seu</span> <span class='ocrx_word' id='word_1_738' title='bbox 1624 4991 1890 5060; x_wconf 73' lang='lat' dir='ltr'><strong>perfertfo</strong></span> 
     </span>
    </p>
   </div>
   <div class='ocr_carea' id='block_1_101' title="bbox 313 5085 1886 5156">
    <p class='ocr_par' dir='ltr' id='par_1_101' title="bbox 313 5085 1886 5156">
     <span class='ocr_line' id='line_1_101' title="bbox 313 5085 1886 5156; baseline 0.001 -18"><span class='ocrx_word' id='word_1_739' title='bbox 313 5086 612 5140; x_wconf 87' lang='lat' dir='ltr'><strong>derivatur.</strong></span> <span class='ocrx_word' id='word_1_740' title='bbox 660 5085 1024 5156; x_wconf 77' lang='lat' dir='ltr'><strong>Primigenias</strong></span> <span class='ocrx_word' id='word_1_741' title='bbox 1056 5098 1237 5142; x_wconf 88' lang='lat' dir='ltr'><strong>autem</strong></span> <span class='ocrx_word' id='word_1_742' title='bbox 1268 5086 1636 5156; x_wconf 82' lang='lat' dir='ltr'><strong>apparitiones</strong></span> <span class='ocrx_word' id='word_1_743' title='bbox 1668 5085 1761 5138; x_wconf 91' lang='lat' dir='ltr'>Dei</span> <span class='ocrx_word' id='word_1_744' title='bbox 1793 5100 1886 5140; x_wconf 82' lang='lat' dir='ltr'><strong>vo-</strong></span> 
     </span>
    </p>
   </div>
   <div class='ocr_carea' id='block_1_102' title="bbox 311 5177 1883 5254">
    <p class='ocr_par' dir='ltr' id='par_1_102' title="bbox 311 5177 1883 5254">
     <span class='ocr_line' id='line_1_102' title="bbox 311 5177 1883 5254; baseline 0 -24"><span class='ocrx_word' id='word_1_745' title='bbox 311 5186 423 5240; x_wconf 89' lang='lat' dir='ltr'><strong>cat,</strong></span> <span class='ocrx_word' id='word_1_746' title='bbox 451 5177 596 5246; x_wconf 88' lang='lat' dir='ltr'><strong>quod</strong></span> <span class='ocrx_word' id='word_1_747' title='bbox 635 5177 687 5231; x_wconf 94' lang='lat' dir='ltr'><strong>in</strong></span> <span class='ocrx_word' id='word_1_748' title='bbox 722 5180 802 5234; x_wconf 91' lang='lat' dir='ltr'><strong>eis</strong></span> <span class='ocrx_word' id='word_1_749' title='bbox 843 5179 1078 5247; x_wconf 87' lang='lat' dir='ltr'><strong>primum</strong></span> <span class='ocrx_word' id='word_1_750' title='bbox 1113 5179 1223 5254; x_wconf 76' lang='lat'>60</span> <span class='ocrx_word' id='word_1_751' title='bbox 1265 5179 1545 5248; x_wconf 89' lang='lat' dir='ltr'><strong>operando</strong></span> <span class='ocrx_word' id='word_1_752' title='bbox 1583 5177 1690 5232; x_wconf 76' lang='lat' dir='ltr'>vim</span> <span class='ocrx_word' id='word_1_753' title='bbox 1729 5193 1883 5233; x_wconf 89' lang='lat' dir='ltr'><strong>suam</strong></span> 
     </span>
    </p>
   </div>
   <div class='ocr_carea' id='block_1_103' title="bbox 314 5270 1884 5341">
    <p class='ocr_par' dir='ltr' id='par_1_103' title="bbox 314 5270 1884 5341">
     <span class='ocr_line' id='line_1_103' title="bbox 314 5270 1884 5341; baseline 0.004 -24"><span class='ocrx_word' id='word_1_754' title='bbox 314 5278 581 5324; x_wconf 66' lang='lat' dir='ltr'><strong>exerant:</strong></span> <span class='ocrx_word' id='word_1_755' title='bbox 614 5273 1080 5341; x_wconf 84' lang='lat' dir='ltr'><strong>comprehendunt</strong></span> <span class='ocrx_word' id='word_1_756' title='bbox 1130 5273 1275 5326; x_wconf 90' lang='lat' dir='ltr'><strong>enim</strong></span> <span class='ocrx_word' id='word_1_757' title='bbox 1325 5270 1568 5324; x_wconf 89' lang='lat' dir='ltr'><strong>divinam</strong></span> <span class='ocrx_word' id='word_1_758' title='bbox 1642 5271 1884 5325; x_wconf 78' lang='lat' dir='ltr'><strong>illustra-</strong></span> 
     </span>
    </p>
   </div>
   <div class='ocr_carea' id='block_1_104' title="bbox 315 5357 1884 5434">
    <p class='ocr_par' dir='ltr' id='par_1_104' title="bbox 315 5357 1884 5434">
     <span class='ocr_line' id='line_1_104' title="bbox 315 5357 1884 5434; baseline 0.004 -25"><span class='ocrx_word' id='word_1_759' title='bbox 315 5357 538 5424; x_wconf 83' lang='lat' dir='ltr'><strong>tionem,</strong></span> <span class='ocrx_word' id='word_1_760' title='bbox 570 5372 626 5414; x_wconf 91' lang='lat' dir='ltr'><strong>et</strong></span> <span class='ocrx_word' id='word_1_761' title='bbox 669 5365 904 5419; x_wconf 90' lang='lat' dir='ltr'><strong>evadunt</strong></span> <span class='ocrx_word' id='word_1_762' title='bbox 951 5365 1254 5434; x_wconf 83' lang='lat' dir='ltr'><strong>sapientes;</strong></span> <span class='ocrx_word' id='word_1_763' title='bbox 1308 5364 1541 5433; x_wconf 81' lang='lat' dir='ltr'><strong>indeque</strong></span> <span class='ocrx_word' id='word_1_764' title='bbox 1583 5363 1713 5432; x_wconf 87' lang='lat' dir='ltr'><strong>ipsis</strong></span> <span class='ocrx_word' id='word_1_765' title='bbox 1761 5365 1884 5418; x_wconf 86' lang='lat' dir='ltr'><strong>illu-</strong></span> 
     </span>
    </p>
   </div>
   <div class='ocr_carea' id='block_1_105' title="bbox 313 5448 1884 5522">
    <p class='ocr_par' dir='ltr' id='par_1_105' title="bbox 313 5448 1884 5522">
     <span class='ocr_line' id='line_1_105' title="bbox 313 5448 1884 5522; baseline 0.008 -22"><span class='ocrx_word' id='word_1_766' title='bbox 313 5448 509 5501; x_wconf 91' lang='lat' dir='ltr'><strong>stratio</strong></span> <span class='ocrx_word' id='word_1_767' title='bbox 541 5458 626 5503; x_wconf 89' lang='lat' dir='ltr'>est</span> <span class='ocrx_word' id='word_1_768' title='bbox 647 5463 812 5521; x_wconf 90' lang='lat' dir='ltr'><strong>atque</strong></span> <span class='ocrx_word' id='word_1_769' title='bbox 841 5455 1099 5522; x_wconf 75' lang='lat' dir='ltr'><strong>cognitio.</strong></span> <span class='ocrx_word' id='word_1_770' title='bbox 1139 5454 1277 5508; x_wconf 90' lang='lat' dir='ltr'><strong>Hinc</strong></span> <span class='ocrx_word' id='word_1_771' title='bbox 1313 5455 1478 5508; x_wconf 89' lang='lat' dir='ltr'><strong>etiam</strong></span> <span class='ocrx_word' id='word_1_772' title='bbox 1518 5471 1614 5509; x_wconf 88' lang='lat' dir='ltr'>sex</span> <span class='ocrx_word' id='word_1_773' title='bbox 1647 5456 1760 5509; x_wconf 87' lang='lat' dir='ltr'><strong>alas</strong></span> <span class='ocrx_word' id='word_1_774' title='bbox 1785 5456 1884 5512; x_wconf 79' lang='lat' dir='ltr'><strong>ha-</strong></span> 
     </span>
    </p>
   </div>
   <div class='ocr_carea' id='block_1_106' title="bbox 315 5538 1880 5612">
    <p class='ocr_par' dir='ltr' id='par_1_106' title="bbox 315 5538 1880 5612">
     <span class='ocr_line' id='line_1_106' title="bbox 315 5538 1880 5612; baseline 0.008 -25"><span class='ocrx_word' id='word_1_775' title='bbox 315 5538 443 5590; x_wconf 83' lang='lat' dir='ltr'><strong>bere</strong></span> <span class='ocrx_word' id='word_1_776' title='bbox 480 5541 856 5610; x_wconf 86' lang='lat' dir='ltr'><strong>perhibentur,</strong></span> <span class='ocrx_word' id='word_1_777' title='bbox 889 5543 1034 5612; x_wconf 89' lang='lat' dir='ltr'><strong>quod</strong></span> <span class='ocrx_word' id='word_1_778' title='bbox 1069 5545 1221 5599; x_wconf 89' lang='lat' dir='ltr'><strong>valde</strong></span> <span class='ocrx_word' id='word_1_779' title='bbox 1265 5545 1490 5601; x_wconf 80' lang='lat' dir='ltr'><strong>elevata:</strong></span> <span class='ocrx_word' id='word_1_780' title='bbox 1530 5547 1639 5602; x_wconf 90' lang='lat' dir='ltr'><strong>sint</strong></span> <span class='ocrx_word' id='word_1_781' title='bbox 1672 5564 1685 5600; x_wconf 89' lang='lat'><strong>:</strong></span> <span class='ocrx_word' id='word_1_782' title='bbox 1717 5563 1880 5602; x_wconf 90' lang='lat' dir='ltr'><strong>seua-</strong></span> 
     </span>
    </p>
   </div>
   <div class='ocr_carea' id='block_1_107' title="bbox 315 5633 1879 5712">
    <p class='ocr_par' dir='ltr' id='par_1_107' title="bbox 315 5633 1879 5712">
     <span class='ocr_line' id='line_1_107' title="bbox 315 5633 1879 5712; baseline 0.008 -27"><span class='ocrx_word' id='word_1_783' title='bbox 315 5633 426 5685; x_wconf 89' lang='lat' dir='ltr'><strong>rius</strong></span> <span class='ocrx_word' id='word_1_784' title='bbox 458 5634 598 5687; x_wconf 88' lang='lat' dir='ltr'><strong>enim</strong></span> <span class='ocrx_word' id='word_1_785' title='bbox 629 5651 887 5694; x_wconf 87' lang='lat' dir='ltr'><strong>numerus</strong></span> <span class='ocrx_word' id='word_1_786' title='bbox 914 5640 1185 5710; x_wconf 88' lang='lat' dir='ltr'><strong>perfectus</strong></span> <span class='ocrx_word' id='word_1_787' title='bbox 1215 5652 1322 5709; x_wconf 83' lang='lat' dir='ltr'><strong>est,</strong></span> <span class='ocrx_word' id='word_1_788' title='bbox 1353 5644 1494 5712; x_wconf 90' lang='lat' dir='ltr'><strong>quod</strong></span> <span class='ocrx_word' id='word_1_789' title='bbox 1526 5654 1736 5700; x_wconf 87' lang='lat' dir='ltr'><strong>constet</strong></span> <span class='ocrx_word' id='word_1_790' title='bbox 1763 5643 1879 5698; x_wconf 81' lang='lat' dir='ltr'><strong>suis</strong></span> 
     </span>
    </p>
   </div>
   <div class='ocr_carea' id='block_1_108' title="bbox 1982 4448 3574 4524">
    <p class='ocr_par' dir='ltr' id='par_1_108' title="bbox 1982 4448 3574 4524">
     <span class='ocr_line' id='line_1_108' title="bbox 1982 4448 3574 4524; baseline 0 -19"><span class='ocrx_word' id='word_1_791' title='bbox 1982 4456 2108 4517; x_wconf 72' lang='grc' dir='ltr'>τοὺς</span> <span class='ocrx_word' id='word_1_792' title='bbox 2150 4452 2397 4524; x_wconf 87' lang='grc' dir='ltr'>πρώτους</span> <span class='ocrx_word' id='word_1_793' title='bbox 2451 4450 2772 4521; x_wconf 78' lang='grc' dir='ltr'>ἐργάζονται</span> <span class='ocrx_word' id='word_1_794' title='bbox 2815 4448 3203 4520; x_wconf 77' lang='grc' dir='ltr'>ἐνεργούμεναι</span> <span class='ocrx_word' id='word_1_795' title='bbox 3257 4452 3314 4502; x_wconf 75' lang='grc' dir='ltr'>αἱ</span> <span class='ocrx_word' id='word_1_796' title='bbox 3371 4450 3574 4522; x_wconf 75' lang='grc' dir='ltr'>θεοφὰ-</span> 
     </span>
    </p>
   </div>
   <div class='ocr_carea' id='block_1_109' title="bbox 1984 4540 3576 4616">
    <p class='ocr_par' dir='ltr' id='par_1_109' title="bbox 1984 4540 3576 4616">
     <span class='ocr_line' id='line_1_109' title="bbox 1984 4540 3576 4616; baseline -0.003 -17"><span class='ocrx_word' id='word_1_797' title='bbox 1984 4563 2154 4600; x_wconf 73' lang='grc' dir='ltr'>νειαιο</span> <span class='ocrx_word' id='word_1_798' title='bbox 2190 4546 2600 4616; x_wconf 74' lang='grc' dir='ltr'>ἐπιδράττονται</span> <span class='ocrx_word' id='word_1_799' title='bbox 2631 4542 2740 4613; x_wconf 81' lang='grc' dir='ltr'>γὰρ</span> <span class='ocrx_word' id='word_1_800' title='bbox 2777 4541 2878 4610; x_wconf 82' lang='grc' dir='ltr'>τῆς</span> <span class='ocrx_word' id='word_1_801' title='bbox 2916 4540 3064 4603; x_wconf 88' lang='grc' dir='ltr'>θείας</span> <span class='ocrx_word' id='word_1_802' title='bbox 3097 4540 3441 4611; x_wconf 80' lang='grc' dir='ltr'>ἐλλάμψεως,</span> <span class='ocrx_word' id='word_1_803' title='bbox 3478 4547 3576 4598; x_wconf 75' lang='grc' dir='ltr'>καὶ</span> 
     </span>
    </p>
   </div>
   <div class='ocr_carea' id='block_1_110' title="bbox 1987 4631 3578 4706">
    <p class='ocr_par' dir='ltr' id='par_1_110' title="bbox 1987 4631 3578 4706">
     <span class='ocr_line' id='line_1_110' title="bbox 1987 4631 3578 4706; baseline -0.003 -16"><span class='ocrx_word' id='word_1_804' title='bbox 1987 4639 2293 4706; x_wconf 62' lang='grc' dir='ltr'>σοφίζονται</span> <span class='ocrx_word' id='word_1_805' title='bbox 2312 4654 2325 4667; x_wconf 90' lang='grc'>·</span> <span class='ocrx_word' id='word_1_806' title='bbox 2353 4636 2562 4689; x_wconf 79' lang='grc' dir='ltr'>ἐκεῖθέν</span> <span class='ocrx_word' id='word_1_807' title='bbox 2589 4637 2736 4687; x_wconf 88' lang='grc' dir='ltr'>ἐστιν</span> <span class='ocrx_word' id='word_1_808' title='bbox 2759 4633 2938 4696; x_wconf 86' lang='grc' dir='ltr'>αὑτοῖς</span> <span class='ocrx_word' id='word_1_809' title='bbox 2969 4633 3061 4685; x_wconf 73' lang='grc' dir='ltr'>καὶ</span> <span class='ocrx_word' id='word_1_810' title='bbox 3082 4631 3578 4704; x_wconf 77' lang='grc' dir='ltr'>τὸ-ὲλλόιμπεσθαι,</span> 
     </span>
    </p>
   </div>
   <div class='ocr_carea' id='block_1_111' title="bbox 1987 4723 3575 4797">
    <p class='ocr_par' dir='ltr' id='par_1_111' title="bbox 1987 4723 3575 4797">
     <span class='ocr_line' id='line_1_111' title="bbox 1987 4723 3575 4797; baseline -0.005 -13"><span class='ocrx_word' id='word_1_811' title='bbox 1987 4732 2080 4786; x_wconf 72' lang='grc' dir='ltr'>καὶ</span> <span class='ocrx_word' id='word_1_812' title='bbox 2123 4729 2184 4782; x_wconf 76' lang='grc' dir='ltr'>τὸ</span> <span class='ocrx_word' id='word_1_813' title='bbox 2231 4727 2536 4797; x_wconf 86' lang='grc' dir='ltr'>γινώσκειν.</span> <span class='ocrx_word' id='word_1_814' title='bbox 2580 4725 2738 4778; x_wconf 86' lang='grc' dir='ltr'>Ὅθεν</span> <span class='ocrx_word' id='word_1_815' title='bbox 2781 4725 3007 4776; x_wconf 80' lang='grc' dir='ltr'>κάκεῖνα</span> <span class='ocrx_word' id='word_1_816' title='bbox 3072 4723 3169 4793; x_wconf 77' lang='grc' dir='ltr'>μὲν</span> <span class='ocrx_word' id='word_1_817' title='bbox 3217 4725 3575 4797; x_wconf 79' lang='grc' dir='ltr'>ἐξαπτέρυγα</span> 
     </span>
    </p>
   </div>
   <div class='ocr_carea' id='block_1_112' title="bbox 1986 4814 3578 4891">
    <p class='ocr_par' dir='ltr' id='par_1_112' title="bbox 1986 4814 3578 4891">
     <span class='ocr_line' id='line_1_112' title="bbox 1986 4814 3578 4891; baseline -0.001 -16"><span class='ocrx_word' id='word_1_818' title='bbox 1986 4821 2252 4890; x_wconf 76' lang='grc' dir='ltr'>λέγονται,</span> <span class='ocrx_word' id='word_1_819' title='bbox 2299 4819 2375 4882; x_wconf 87' lang='grc' dir='ltr'>ώς</span> <span class='ocrx_word' id='word_1_820' title='bbox 2422 4816 2564 4872; x_wconf 79' lang='grc' dir='ltr'>κατᾶ</span> <span class='ocrx_word' id='word_1_821' title='bbox 2607 4817 2741 4870; x_wconf 85' lang='grc' dir='ltr'>πολὺ</span> <span class='ocrx_word' id='word_1_822' title='bbox 2783 4814 3174 4886; x_wconf 85' lang='grc' dir='ltr'>ὑπερηρμένα·</span> <span class='ocrx_word' id='word_1_823' title='bbox 3225 4819 3286 4882; x_wconf 81' lang='grc' dir='ltr'>ἓξ</span> <span class='ocrx_word' id='word_1_824' title='bbox 3331 4819 3445 4891; x_wconf 78' lang='grc' dir='ltr'>γὰρ</span> <span class='ocrx_word' id='word_1_825' title='bbox 3481 4821 3578 4873; x_wconf 81' lang='grc' dir='ltr'>τέ-</span> 
     </span>
    </p>
   </div>
   <div class='ocr_carea' id='block_1_113' title="bbox 1989 4907 3576 4982">
    <p class='ocr_par' dir='ltr' id='par_1_113' title="bbox 1989 4907 3576 4982">
     <span class='ocr_line' id='line_1_113' title="bbox 1989 4907 3576 4982; baseline 0 -18"><span class='ocrx_word' id='word_1_826' title='bbox 1989 4912 2130 4976; x_wconf 80' lang='grc' dir='ltr'>λειος</span> <span class='ocrx_word' id='word_1_827' title='bbox 2171 4910 2399 4982; x_wconf 86' lang='grc' dir='ltr'>ἀριθμός</span> <span class='ocrx_word' id='word_1_828' title='bbox 2446 4911 2614 4969; x_wconf 84' lang='grc' dir='ltr'>ἐστιν,</span> <span class='ocrx_word' id='word_1_829' title='bbox 2668 4908 2752 4960; x_wconf 82' lang='grc' dir='ltr'>ὅτι</span> <span class='ocrx_word' id='word_1_830' title='bbox 2802 4907 3081 4976; x_wconf 79' lang='grc' dir='ltr'>σύγκειται</span> <span class='ocrx_word' id='word_1_831' title='bbox 3122 4909 3186 4962; x_wconf 85' lang='grc' dir='ltr'>ἐκ</span> <span class='ocrx_word' id='word_1_832' title='bbox 3235 4909 3346 4962; x_wconf 90' lang='grc' dir='ltr'>τῶν</span> <span class='ocrx_word' id='word_1_833' title='bbox 3390 4911 3576 4982; x_wconf 89' lang='grc' dir='ltr'>μερῶν</span> 
     </span>
    </p>
   </div>
   <div class='ocr_carea' id='block_1_114' title="bbox 1987 4997 3574 5073">
    <p class='ocr_par' dir='ltr' id='par_1_114' title="bbox 1987 4997 3574 5073">
     <span class='ocr_line' id='line_1_114' title="bbox 1987 4997 3574 5073; baseline -0.002 -16"><span class='ocrx_word' id='word_1_834' title='bbox 1987 5003 2172 5067; x_wconf 76' lang='grc' dir='ltr'>αὑτοῦ,</span> <span class='ocrx_word' id='word_1_835' title='bbox 2210 5003 2350 5072; x_wconf 81' lang='grc' dir='ltr'>ἆπερ</span> <span class='ocrx_word' id='word_1_836' title='bbox 2394 5000 2499 5053; x_wconf 57' lang='grc' dir='ltr'>εἰει)⁴</span> <span class='ocrx_word' id='word_1_837' title='bbox 2537 4997 2599 5050; x_wconf 85' lang='grc' dir='ltr'>τὸ</span> <span class='ocrx_word' id='word_1_838' title='bbox 2620 4999 2811 5070; x_wconf 73' lang='grc' dir='ltr'>ἥμισυ,</span> <span class='ocrx_word' id='word_1_839' title='bbox 2847 5000 3011 5068; x_wconf 74' lang='grc' dir='ltr'>ἤγουν</span> <span class='ocrx_word' id='word_1_840' title='bbox 3054 4999 3124 5052; x_wconf 72' lang='grc' dir='ltr'>τὰ</span> <span class='ocrx_word' id='word_1_841' title='bbox 3145 4999 3270 5068; x_wconf 85' lang='grc' dir='ltr'>τρία</span> <span class='ocrx_word' id='word_1_842' title='bbox 3294 5017 3309 5030; x_wconf 91' lang='grc'>·</span> <span class='ocrx_word' id='word_1_843' title='bbox 3354 5000 3418 5054; x_wconf 77' lang='grc' dir='ltr'>τὸ</span> <span class='ocrx_word' id='word_1_844' title='bbox 3451 5001 3574 5073; x_wconf 90' lang='grc' dir='ltr'>τρί-</span> 
     </span>
    </p>
   </div>
   <div class='ocr_carea' id='block_1_115' title="bbox 1985 5089 3576 5164">
    <p class='ocr_par' dir='ltr' id='par_1_115' title="bbox 1985 5089 3576 5164">
     <span class='ocr_line' id='line_1_115' title="bbox 1985 5089 3576 5164; baseline -0.001 -17"><span class='ocrx_word' id='word_1_845' title='bbox 1985 5112 2097 5157; x_wconf 91' lang='grc' dir='ltr'>τον,</span> <span class='ocrx_word' id='word_1_846' title='bbox 2129 5095 2294 5164; x_wconf 73' lang='grc' dir='ltr'>ἡγουν</span> <span class='ocrx_word' id='word_1_847' title='bbox 2331 5091 2401 5145; x_wconf 83' lang='grc' dir='ltr'>τὰ</span> <span class='ocrx_word' id='word_1_848' title='bbox 2427 5091 2550 5144; x_wconf 74' lang='grc' dir='ltr'>δὺοο</span> <span class='ocrx_word' id='word_1_849' title='bbox 2584 5091 2678 5143; x_wconf 71' lang='grc' dir='ltr'>καὶ</span> <span class='ocrx_word' id='word_1_850' title='bbox 2710 5089 2772 5141; x_wconf 85' lang='grc' dir='ltr'>τὸ</span> <span class='ocrx_word' id='word_1_851' title='bbox 2797 5090 2974 5154; x_wconf 70' lang='grc' dir='ltr'>ἕκτον,</span> <span class='ocrx_word' id='word_1_852' title='bbox 3011 5091 3177 5162; x_wconf 65' lang='grc' dir='ltr'>ἤγουν</span> <span class='ocrx_word' id='word_1_853' title='bbox 3209 5090 3270 5142; x_wconf 85' lang='grc' dir='ltr'>τὸ</span> <span class='ocrx_word' id='word_1_854' title='bbox 3313 5092 3374 5145; x_wconf 81' lang='grc' dir='ltr'>ἐν</span> <span class='ocrx_word' id='word_1_855' title='bbox 3397 5108 3410 5122; x_wconf 73' lang='grc'><strong><em>⁸</em></strong></span> <span class='ocrx_word' id='word_1_856' title='bbox 3445 5093 3576 5164; x_wconf 88' lang='grc' dir='ltr'>τρία</span> 
     </span>
    </p>
   </div>
   <div class='ocr_carea' id='block_1_116' title="bbox 1985 5184 3574 5256">
    <p class='ocr_par' dir='ltr' id='par_1_116' title="bbox 1985 5184 3574 5256">
     <span class='ocr_line' id='line_1_116' title="bbox 1985 5184 3574 5256; baseline -0.002 -13"><span class='ocrx_word' id='word_1_857' title='bbox 1985 5191 2042 5243; x_wconf 82' lang='grc' dir='ltr'>δὲ</span> <span class='ocrx_word' id='word_1_858' title='bbox 2076 5192 2169 5243; x_wconf 73' lang='grc' dir='ltr'>καὶ</span> <span class='ocrx_word' id='word_1_859' title='bbox 2199 5189 2292 5242; x_wconf 74' lang='grc' dir='ltr'>δύο</span> <span class='ocrx_word' id='word_1_860' title='bbox 2316 5189 2408 5241; x_wconf 75' lang='grc' dir='ltr'>καὶ</span> <span class='ocrx_word' id='word_1_861' title='bbox 2439 5187 2496 5239; x_wconf 85' lang='grc' dir='ltr'>ἒν</span> <span class='ocrx_word' id='word_1_862' title='bbox 2529 5185 2692 5238; x_wconf 76' lang='grc' dir='ltr'>πάλιν</span> <span class='ocrx_word' id='word_1_863' title='bbox 2719 5184 2798 5248; x_wconf 75' lang='grc' dir='ltr'>ἐξ.</span> <span class='ocrx_word' id='word_1_864' title='bbox 2831 5185 2913 5238; x_wconf 81' lang='grc' dir='ltr'>Τὰ</span> <span class='ocrx_word' id='word_1_865' title='bbox 2939 5186 2995 5238; x_wconf 84' lang='grc' dir='ltr'>δὲ</span> <span class='ocrx_word' id='word_1_866' title='bbox 3042 5185 3308 5256; x_wconf 74' lang='grc' dir='ltr'>χερουόὶμ</span> <span class='ocrx_word' id='word_1_867' title='bbox 3333 5186 3574 5256; x_wconf 77' lang='grc' dir='ltr'>πολυόμ-</span> 
     </span>
    </p>
   </div>
   <div class='ocr_carea' id='block_1_117' title="bbox 1990 5275 3573 5352">
    <p class='ocr_par' dir='ltr' id='par_1_117' title="bbox 1990 5275 3573 5352">
     <span class='ocr_line' id='line_1_117' title="bbox 1990 5275 3573 5352; baseline -0.002 -17"><span class='ocrx_word' id='word_1_868' title='bbox 1990 5299 2155 5352; x_wconf 83' lang='grc' dir='ltr'>ματα,</span> <span class='ocrx_word' id='word_1_869' title='bbox 2185 5282 2261 5344; x_wconf 88' lang='grc' dir='ltr'>ώς</span> <span class='ocrx_word' id='word_1_870' title='bbox 2291 5280 2491 5352; x_wconf 82' lang='grc' dir='ltr'>πλῆθος</span> <span class='ocrx_word' id='word_1_871' title='bbox 2520 5276 2773 5345; x_wconf 82' lang='grc' dir='ltr'>γνώσεως</span> <span class='ocrx_word' id='word_1_872' title='bbox 2807 5275 3017 5345; x_wconf 77' lang='grc' dir='ltr'>ἔχοντα.</span> <span class='ocrx_word' id='word_1_873' title='bbox 3053 5278 3135 5330; x_wconf 88' lang='grc' dir='ltr'>Τά</span> <span class='ocrx_word' id='word_1_874' title='bbox 3168 5278 3302 5346; x_wconf 79' lang='grc' dir='ltr'>γοῦν</span> <span class='ocrx_word' id='word_1_875' title='bbox 3346 5279 3573 5334; x_wconf 82' lang='grc' dir='ltr'>τοιαῦτα</span> 
     </span>
    </p>
   </div>
   <div class='ocr_carea' id='block_1_118' title="bbox 1985 5365 3575 5444">
    <p class='ocr_par' dir='ltr' id='par_1_118' title="bbox 1985 5365 3575 5444">
     <span class='ocr_line' id='line_1_118' title="bbox 1985 5365 3575 5444; baseline -0.001 -18"><span class='ocrx_word' id='word_1_876' title='bbox 1985 5374 2222 5444; x_wconf 86' lang='grc' dir='ltr'>ὀνόματα</span> <span class='ocrx_word' id='word_1_877' title='bbox 2253 5371 2626 5442; x_wconf 75' lang='grc' dir='ltr'>ὀνομάζονται,</span> <span class='ocrx_word' id='word_1_878' title='bbox 2657 5365 2800 5420; x_wconf 81' lang='grc' dir='ltr'>κατά</span> <span class='ocrx_word' id='word_1_879' title='bbox 2831 5368 3188 5439; x_wconf 81' lang='grc' dir='ltr'>ἐκφαντορίαν</span> <span class='ocrx_word' id='word_1_880' title='bbox 3213 5371 3309 5424; x_wconf 77' lang='grc' dir='ltr'>καὶ</span> <span class='ocrx_word' id='word_1_881' title='bbox 3337 5371 3575 5443; x_wconf 75' lang='grc' dir='ltr'>δήλωσιν</span> 
     </span>
    </p>
   </div>
   <div class='ocr_carea' id='block_1_119' title="bbox 1985 5457 3571 5530">
    <p class='ocr_par' dir='ltr' id='par_1_119' title="bbox 1985 5457 3571 5530">
     <span class='ocr_line' id='line_1_119' title="bbox 1985 5457 3571 5530; baseline -0.003 -11"><span class='ocrx_word' id='word_1_882' title='bbox 1985 5463 2093 5519; x_wconf 83' lang='grc' dir='ltr'>τῶν</span> <span class='ocrx_word' id='word_1_883' title='bbox 2125 5464 2291 5528; x_wconf 70' lang='grc' dir='ltr'>ἕξεων</span> <span class='ocrx_word' id='word_1_884' title='bbox 2327 5461 2527 5521; x_wconf 85' lang='grc' dir='ltr'>αὑτῶν,</span> <span class='ocrx_word' id='word_1_885' title='bbox 2560 5459 2588 5509; x_wconf 84' lang='grc' dir='ltr'>ὅ</span> <span class='ocrx_word' id='word_1_886' title='bbox 2633 5459 2747 5510; x_wconf 87' lang='grc' dir='ltr'>ἐστι</span> <span class='ocrx_word' id='word_1_887' title='bbox 2778 5457 2886 5510; x_wconf 91' lang='grc' dir='ltr'>τῶν</span> <span class='ocrx_word' id='word_1_888' title='bbox 2945 5457 3192 5530; x_wconf 88' lang='grc' dir='ltr'>ἐμμόνων</span> <span class='ocrx_word' id='word_1_889' title='bbox 3249 5460 3571 5516; x_wconf 87' lang='grc' dir='ltr'>διαθέσεων.</span> 
     </span>
    </p>
   </div>
   <div class='ocr_carea' id='block_1_120' title="bbox 1986 5547 3571 5623">
    <p class='ocr_par' dir='ltr' id='par_1_120' title="bbox 1986 5547 3571 5623">
     <span class='ocr_line' id='line_1_120' title="bbox 1986 5547 3571 5623; baseline 0.004 -22"><span class='ocrx_word' id='word_1_890' title='bbox 1986 5555 2051 5608; x_wconf 79' lang='grc' dir='ltr'>ΛΞ</span> <span class='ocrx_word' id='word_1_891' title='bbox 2081 5552 2188 5623; x_wconf 75' lang='grc' dir='ltr'>γὰρ</span> <span class='ocrx_word' id='word_1_892' title='bbox 2222 5553 2360 5606; x_wconf 85' lang='grc' dir='ltr'>θεῖαι</span> <span class='ocrx_word' id='word_1_893' title='bbox 2391 5549 2646 5617; x_wconf 81' lang='grc' dir='ltr'>δυνάμεις</span> <span class='ocrx_word' id='word_1_894' title='bbox 2669 5547 2788 5600; x_wconf 86' lang='grc' dir='ltr'>καθ’</span> <span class='ocrx_word' id='word_1_895' title='bbox 2827 5547 2941 5613; x_wconf 72' lang='grc' dir='ltr'>ἕξιν</span> <span class='ocrx_word' id='word_1_896' title='bbox 2986 5550 3166 5618; x_wconf 68' lang='grc' dir='ltr'>ἔχουσι</span> <span class='ocrx_word' id='word_1_897' title='bbox 3209 5550 3270 5601; x_wconf 77' lang='grc' dir='ltr'>τὸ</span> <span class='ocrx_word' id='word_1_898' title='bbox 3317 5551 3571 5616; x_wconf 77' lang='grc' dir='ltr'>θεοειδές,</span> 
     </span>
    </p>
   </div>
   <div class='ocr_carea' id='block_1_121' title="bbox 1986 5639 3573 5714">
    <p class='ocr_par' dir='ltr' id='par_1_121' title="bbox 1986 5639 3573 5714">
     <span class='ocr_line' id='line_1_121' title="bbox 1986 5639 3573 5714; baseline 0.009 -18"><span class='ocrx_word' id='word_1_899' title='bbox 1986 5645 2096 5712; x_wconf 74' lang='grc' dir='ltr'>ἕξις</span> <span class='ocrx_word' id='word_1_900' title='bbox 2125 5644 2180 5696; x_wconf 78' lang='grc' dir='ltr'>δέ.</span> <span class='ocrx_word' id='word_1_901' title='bbox 2213 5645 2327 5697; x_wconf 82' lang='grc' dir='ltr'>ἐστι</span> <span class='ocrx_word' id='word_1_902' title='bbox 2375 5641 2593 5708; x_wconf 76' lang='grc' dir='ltr'>ποιότης</span> <span class='ocrx_word' id='word_1_903' title='bbox 2621 5639 2888 5710; x_wconf 77' lang='grc' dir='ltr'>ἔμμονος·</span> <span class='ocrx_word' id='word_1_904' title='bbox 2932 5643 2967 5714; x_wconf 78' lang='grc' dir='ltr'>ἡ</span> <span class='ocrx_word' id='word_1_905' title='bbox 2999 5640 3056 5694; x_wconf 74' lang='grc' dir='ltr'>δὲ</span> <span class='ocrx_word' id='word_1_906' title='bbox 3085 5639 3310 5714; x_wconf 74' lang='grc' dir='ltr'>τοιαύτη</span> <span class='ocrx_word' id='word_1_907' title='bbox 3344 5642 3457 5708; x_wconf 71' lang='grc' dir='ltr'>ἕξις</span> <span class='ocrx_word' id='word_1_908' title='bbox 3482 5644 3573 5696; x_wconf 71' lang='grc' dir='ltr'>οὐ·</span> 
     </span>
    </p>
   </div>
  </div>
