3734 6300
66 250 175 303 2l7

561 247 649 302 DE
683 247 1009 304 CCELESTI
1042 247 1491 312 lilERARCl-HA,
1527 247 1682 303 CAP.
1720 247 1832 301 V'll.
1873 278 1939 287 -
1975 245 2323 302 PARAPHR.
2359 244 2833 301 PACHYMERIE.

3220 247 3329 303 9J8

69 364 309 435 σιωμένη
341 365 458 418 ἐστὶ
488 366 628 419 κατὰ
661 364 810 418 Θείαν
839 367 1019 435 χάριν,
1054 368 1115 417 οὐ
1145 365 1250 436 μὴν
1280 365 1355 449 dic
1385 364 1543 435 συμεε

1857 365 2035 428 tibus,
2086 379 2205 432 qua:
2246 372 2411 427 sunt,
2457 364 2763 431 dimidium,
2814 378 3007 434 nempe
3053 366 3189 428 tria;
3219 375 3327 421 ter-

68 457 162 519 κδς
185 455 249 508 ὲὺ
275 456 639 527 ὑποκειμένῳ,
675 456 764 510 διὰ
787 456 849 509 τὸ
888 456 1049 509 ἄῦλον
1080 456 1257 509 αὐτῶν
1292 458 1384 510 καὶ
1429 455 1651 526 ἀσώμα-

62 540 193 599 τον·“
216 547 424 600 ἐκεῖθεν
463 547 571 617 γὰρ
607 546 937 617 ἀπελήλαται
956 549 1049 601 καὶ
1081 549 1230 601 πᾶσα
1258 546 1505 610 σύνθεσις
1539 546 1652 600 ὑλι-

64 640 160 708 κὴ,
192 638 286 690 καὶ
308 638 370 689 τὸ
388 639 485 708 τῆς
504 637 636 707 ὕλης
654 637 819 691 πάλιν
836 637 1080 708 ἄμορφον
1109 636 1317 690 ὲκείθεν
1343 636 1647 706 ἐξώρισται.

65 727 203 780 Οὔτε
227 727 357 796 γοῦν
397 728 678 798 δυνάμεθα·
716 727 931 797 λέγειν,
980 728 1064 781 ὅτι
1120 727 1350 799 πρώτως
1396 723 1549 780 οὖσαι
1594 728 1651 779 ὲν

64 816 229 887 ἑτέρα
278 818 384 869 τιν).
426 817 776 880 καταστάσει,
840 815 1064 887 ὕστερον
1109 814 1509 888 προσελάϐοντο
1552 813 1652 874 τὰς

63 909 321 970 τοιαύτας
364 907 583 978 ἀρετὰς,
635 908 813 978 (τοῦτο
857 906 966 978 γὰρ
1013 906 1122 958 τῶν
1167 905 1435 959 συνθέτων
1457 905 1493 974 ο)
1528 903 1651 957 οὔτε

65 998 384 1069 ἁμόρφωτοι
416 991 541 1050 ὗλαι
563 995 739 1062 οὖσαι,
768 998 990 1070 ὕστερον
1017 998 1427 1069 εἰδοποιήθησαν
1446 999 1505 1049 ὲν
1531 1000 1653 1059 ταῖς

63 1090 343 1153 τοιαύταις
376 1091 622 1159 ἀρεταῖςο
665 1089 777 1143 ἀλλ’
799 1092 858 1156 ἐξ
888 1090 1140 1163 ὑπαρχῆς
1172 1089 1316 1143 οὕτω
1362 1090 1479 1161 θείᾳ
1503 1088 1650 1141 ἐκτί-

67 1183 276 1252 σθησαν
304 1183 507 1253 χάριτι.
542 1181 711 1236 Τοῦτο
726 1184 783 1236 δὲ
821 1184 978 1255 δῆλον
1002 1184 1065 1237 ἔκ
1086 1200 1144 1236 τε
1162 1183 1331 1236 αὑτοῦ
1355 1183 1449 1236 τοῦ
1495 1184 1649 1251 ἁγίου

64 1275 367 1334 Διονυσίου,
402 1276 652 1344 λέγοντος
680 1278 818 1347 πρὸς
851 1278 931 1349 τῷ
956 1278 1097 1331 τέλει
1133 1278 1226 1331 τοῦ
1267 1278 1527 1349 τετάρτου
1558 1296 1651 1331 κε-

63 1365 300 1435 φαλαίου
340 1368 439 1438 τῆς
469 1371 1012 1439 Ἔκκλησιαστικῆς
1039 1369 1359 1440 ίεραρχίας,
1377 1368 1653 1433 οὑσιώὸεις

63 1454 202 1509 εἶναι
244 1457 347 1521 τὰς
378 1458 630 1522 τοιαύτας
660 1459 835 1525 ἕξειςσ
870 1461 963 1514 καὶ
1007 1462 1072 1514 ἐκ
1103 1461 1217 1523 τοῦ,
1251 1461 1343 1514 τὸν
1394 1462 1650 1526 πεσόντα,

64 1548 409 1602 ἀποϐαλόντα
435 1549 534 1613 τὰς
570 1551 773 1622 ἀρετὰς
806 1552 1140 1622 μεταχθῆναι
1188 1554 1268 1616 είς
1309 1552 1543 1617 ἀλλοίαν,
1579 1553 1654 1617 ὡς

62 1641 125 1693 ἄν
161 1657 253 1702 τις
285 1640 451 1703 εἴποι,
485 1642 818 1696 κατάστασιν
854 1642 1088 1711 φύσεώς,
1141 1646 1420 1714 σκοτεινήν
1466 1661 1525 1696 τε
1559 1643 1653 1696 καὶ

1754 457 1907 522 ιίιιιη,
1946 472 2136 525 nempe
2176 457 2317 522 duo;
2352 466 2405 510 et
2450 466 2698 522 sextum,
2738 472 2932 526 nempe
2985 474 3193 511 unum:
3228 459 3330 513 tria

1750 559 1952 611 autem,
1985 557 2039 603 et
2069 552 2197 612 duo,
2230 556 2286 602 et
2330 562 2496 601 unum
2540 564 2753 602 rursum
2797 564 2891 604 sex
2942 558 3089 606 sunt.
3120 550 3332 606 Cheru-

1751 640 1861 693 bim
1894 648 2074 693 autem
2120 630 2324 693 multos
2374 640 2581 702 oculos,
2631 650 2887 709 tanquam
2927 641 3326 695 multitudinem

1751 731 2097 801 cognitionis,
2137 732 2357 785 habent.
2393 729 2739 799 Ejuscemodi
2779 732 2963 801 itaque
3017 732 3335 787 umninibus

1752 821 2114 888 appellantur,
2155 820 2453 875 secundum
2487 821 2978 877 manifestatiouem
3034 840 3098 879 ac
3143 824 3332 879 decia-

1754 912 2015 965 rationem
2058 914 2338 966 babituum
2392 928 2641 976 suorum,
2672 913 2723 965 id
2755 922 2839 967 cst
2886 914 3176 969 affectuum
3231 916 3334 969 im-

1752 1005 2110 1058 manentium.
2144 1002 2279 1057 Nam
2314 1003 2543 1057 virtutes
2576 1003 2774 1057 divina:
2821 1006 3119 1059 secundum
3173 1007 3327 1062 habi-

1753 1103 1865 1147 tum
1895 1094 2097 1149 habent
2125 1095 2573 1157 deiformitatem.
2601 1096 2821 1149 habitus
2865 1106 3042 1150 autent
3091 1108 3172 1151 est
3200 1113 3334 1167 qua.

1753 1186 1877 1239 litas
1894 1188 2197 1241 immancns
2215 1205 2227 1240 :
2248 1188 2578 1257 cjuscemodi
2603 1199 2785 1243 autem
2807 1189 3022 1243 habitus
3039 1192 3329 1245 essentiam

1750 1290 1907 1330 suam
1937 1276 2104 1329 habet
2133 1277 2429 1330 secuudum
2462 1278 2694 1347 gratiam
2724 1278 2984 1341 divinam,
3016 1295 3118 1332 non
3146 1287 3331 1332 autem

1750 1376 1834 1421 est
1865 1376 1924 1420 ut
1950 1367 2202 1421 accidens
2243 1367 2296 1421 in
2336 1368 2601 1437 subjecto,
2635 1378 2857 1438 propter
2904 1384 3092 1423 eorum
3143 1370 3336 1423 imma-

1755 1458 2101 1514 terialitatem
2161 1468 2216 1513 et
2265 1460 2769 1529 incorporeitatem,
2809 1459 2936 1514 inde
2963 1461 3109 1513 enim
3155 1460 3335 1514 omnis

1755 1560 1866 1605 tam
1910 1552 2232 1620 compositio
2264 1552 2580 1616 materialis,
2615 1568 2777 1621 quam
2810 1552 3124 1607 informitas
3155 1562 3334 1605 mateo

1758 1641 1874 1704 riae,
1928 1641 2163 1695 exsulat.
2217 1642 2585 1707 Quamobrem
2633 1643 2817 1696 dicere
2867 1656 2971 1695 non
3021 1656 3337 1712 poswmus,

65 1730 355 1802 φθονερὰν,
411 1734 506 1787 καὶ
554 1734 749 1798 κακίας
792 1709 1007 1805 πλῆρη,
1070 1735 1164 1787 καὶ
1214 1709 1463 1788 ἐναντίαν
1511 1752 1539 1789 κ

1861 1727 1898 1782 ιιι
1926 1730 2159 1797 primum
2193 1731 2245 1783 in
2266 1730 2448 1799 aliquo
2478 1730 2588 1785 alio
2620 1740 2763 1784 statu
2795 1709 3114 1793 existentes,
3148 1743 3335 1800 postea

64 1820 244 1873 πάντα
277 1826 343 1894 τῇ
379 1822 498 1893 θείᾳ
530 1825 625 1876 καὶ
656 1824 920 1896 ἀγγελικῇ
974 1825 1255 1897 πολιτείᾳο
1291 1825 1516 1896 τοιαύτη
1546 1826 1655 1897 γὰρ

64 1912 95 1981 ἡ
129 1912 243 1964 τῶν
281 1913 526 1981 ἀγγέλων
558 1914 670 1980 ἕξις
700 1915 997 1987 οὐσιώδης,
1032 1917 1119 1969 οἵα
1153 1916 1248 1969 καὶ
1290 1919 1322 1988 ή
1355 1916 1449 1970 τοῦ
1484 1918 1657 1989 πυρὸς

64 2004 181 2057 καθ’
217 2003 334 2069 ἕξιν
357 2006 569 2069 καῦσις.
604 2007 676 2059 Τὸ
720 2006 850 2074 γοῦν
892 2006 1000 2059 τῶν
1060 2008 1297 2078 σεραιρὶμ
1329 2007 1500 2079 ὄνομα
1532 2006 1658 2080 ἐξη-

62 2092 331 2165 γούμεθα,
360 2096 441 2148 ὅτι
485 2096 546 2149 τὸ
595 2096 707 2166 πῦρ
741 2096 1046 2166 ἀεικίνητόν
1095 2098 1244 2163 ἐστι,
1281 2097 1480 2168 θερμόν
1513 2099 1653 2161 ἐστι,

63 2187 150 2252 ὀξύ
204 2189 347 2251 ἐστι,
396 2188 558 2257 (κατὰ
599 2189 763 2241 αὑτοῦ
805 2188 913 2260 γὰρ
942 2188 1036 2241 τοῦ
1088 2188 1237 2243 λίθου
1284 2191 1412 2251 τοὺς
1457 2190 1656 2253 τόπους

63 2277 357 2350 εἰσδύνεισ)
392 2278 731 2346 ἀναγωγικόν
778 2280 893 2332 ἐστι
935 2278 1044 2331 τῶν
1091 2278 1527 2349 ὑποϐεϐηκότων,
1564 2280 1657 2331 καὶ

62 2368 219 2437 δῆλον
274 2370 339 2421 ὲκ
388 2368 497 2422 τῶν
563 2370 996 2441 ἀναθυμιάσεων,
1054 2370 1171 2434 πῶς
1231 2373 1296 2441 τῇ
1352 2369 1530 2444 θέρμῃ
1560 2369 1654 2423 τοῦ

67 2461 211 2529 ἡλίου
255 2462 549 2528 ἀνάγονται
570 2478 583 2492 δ
618 2462 947 2533 δραστήριόν
979 2463 1097 2515 εστι
1129 2462 1265 2532 πρὸς
1296 2462 1395 2532 τὴν
1426 2460 1535 2514 τῶν
1567 2462 1659 2529 ἐγ-

62 2551 326 2617 γιζόντων
358 2552 637 2622 ὁμοίωσιν,
675 2551 899 2622 πυρώδη
933 2551 1041 2623 γὰρ
1073 2554 1218 2603 ποιεῖ
1248 2549 1317 2603 τὰ
1348 2548 1654 2619 ἐγγίζοντα,

64 2652 373 2715 ὀλοκαυτοῖ,
429 2651 718 2723 καθαίρει*
772 2651 1213 2721 ἀπερικάλυπτόν
1267 2651 1435 2713 ἐστιν,
1496 2648 1660 2701 ἄσϐε-

67 2762 186 2798 στον
218 2745 338 2815 ἔχει
371 2744 431 2797 τὸ
465 2744 751 2812 φωτοειδὲς
802 2744 894 2797 καὶ
930 2744 1294 2812 φωτιστικὺν,
1329 2745 1423 2796 καὶ
1469 2743 1659 2816 πόρρω

66 2841 122 2893 τὸ
157 2841 355 2901 σκότος
387 2836 618 2890 ἐλαύνει.
657 2834 871 2898 Ταύτας
904 2835 1087 2904 ἔχουσι
1118 2834 1218 2897 τὰς
1249 2834 1390 2900 ἕξεις
1424 2835 1660 2906 ὑπερκο-

69 2934 242 3001 σμίως
272 2931 343 2983 τὰ
370 2928 616 3000 σεραφίμ
639 2945 653 2959 ⁶
690 2927 1045 2996 ἁκατὰληκτά
1074 2928 1180 2979 εἱσι
1215 2927 1309 2980 καὶ
1356 2926 1656 2996 ὑπερζέον-

66 3042 150 3087 τα,
203 3025 305 3077 καὶ
334 3022 589 3075 ἀνένδοτα
640 3020 777 3091 πρὸς
819 3019 917 3086 τὴν
962 3020 1088 3090 περὶ
1122 3019 1252 3072 θεὸν
1291 3019 1654 3090 ἁεικινησίαν,

68 3118 157 3169 καὶ
188 3115 295 3180 τὰς
326 3114 729 3184 ὑποϐεϐηκυίας
782 3111 965 3177 τάξεις
1014 3111 1296 3179 ἀνάγουσι,
1339 3111 1434 3163 καὶ
1480 3129 1661 3183 πρακ-

68 3208 231 3270 τικῶς
299 3204 752 3275 ἀναζωπυροῦσι,
814 3204 906 3256 καὶ
966 3201 1291 3273 ἀφομοιοῦσι
1350 3202 1489 3274 πρὸς
1560 3203 1662 3274 τὴν

69 3300 258 3369 ὁμοίαν
296 3296 442 3361 ζέσιν
480 3298 572 3350 καὶ
603 3295 696 3349 τὸν
730 3294 893 3348 πόθον
926 3295 1016 3347 τὸν
1051 3293 1254 3359 ἔνθεον,
1302 3295 1395 3347 καὶ
1428 3294 1492 3348 δι’
1540 3292 1662 3347 ὅλου

74 3391 426 3463 πρηστηρίως
460 3387 765 3459 καθαρτικὰ
798 3389 924 3450 είσι,
960 3386 1054 3439 καὶ
1097 3385 1157 3438 τὸ
1203 3385 1492 3455 φωτοειδὲς
1525 3385 1662 3456 ὅπερ

71 3482 285 3551 ἔχουσιν
317 3482 383 3534 ὲκ
414 3479 570 3543 Θεοῦ,
612 3480 705 3531 καὶ
736 3477 797 3530 τὸ
830 3476 1156 3546 φωτιστικὸν
1191 3476 1312 3529 καθ’
1354 3475 1383 3528 ὃ
1428 3474 1498 3527 τὰ
1528 3474 1662 3529 ἄλλα

73 3575 421 3642 φωτίζουσιν,
466 3568 906 3640 ἁπερικάλυπτον
956 3568 1050 3621 καὶ
1099 3566 1361 3621 ἄσϐεστον
1415 3566 1665 3636 ἔχουσιν·

72 3666 181 3719 ἐστι
231 3664 346 3734 γὰρ
387 3663 462 3727 ὡς
516 3661 617 3731 ὕλη
662 3663 690 3713 ὁ
724 3658 864 3722 θεῖος
898 3659 1060 3721 πόθος
1111 3660 1315 3722 αὐτοῖς,
1348 3658 1443 3710 καὶ
1486 3657 1667 3726 πάσης

78 3756 423 3818 σκοτοποιίας
462 3754 719 3808 ὲπὲκεινά
749 3754 910 3816 εἰσιν,
938 3751 1014 3815 ὡς
1058 3753 1125 3821 τῇ
1162 3749 1285 3821 θείςι
1318 3748 1664 3820 λαμπρότητι

76 3848 448 3918 ἀναπτόμενοι.

1760 1819 1991 1873 virtutes
2020 1819 2351 1888 ejuseemndi
2385 1822 2699 1890 acceperint
2723 1826 2852 1891 (huc
2884 1823 3028 1876 enim
3069 1824 3340 1890 composi-

1760 1923 1937 1965 torum
1978 1912 2117 1979 est);
2151 1925 2324 1980 neque
2358 1914 2501 1980 quod
2544 1913 2806 1966 informes
2853 1922 3037 1969 essent
3072 1914 3335 1974 materiae,

1718 2065 1725 2072 ,
1759 2014 1945 2073 postea
1978 2003 2286 2059 istiusmodi
2321 2004 2616 2058 virtutibus
2641 2005 2924 2058 adornata:
2949 2005 3095 2067 sint;
3124 2004 3218 2058 sed
3265 2006 3335 2057 ab

1760 2088 1918 2144 initio
1949 2090 2088 2144 tales
2116 2091 2299 2145 divina
2345 2091 2523 2161 gratia
2557 2104 2759 2146 creata:
2805 2100 2954 2145 sunt.
2986 2091 3144 2157 Quod
3190 2093 3339 2146 clare

1758 2190 1910 2250 patet
1938 2196 2063 2235 cum
2102 2198 2165 2235 ex
2205 2183 2323 2251 ipso
2355 2182 2414 2235 S.
2463 2182 2744 2253 Dionysio,
2784 2183 2996 2236 dicente
3021 2184 3122 2237 sub
3170 2182 3331 2236 linem

1759 2273 1940 2342 quarti
1973 2273 2171 2342 capitis
2218 2273 2551 2327 Hierarclria:
2595 2275 2994 2338 ecclesiasticw,
3026 2272 3336 2327 istiusmodi

1760 2363 1979 2418 habitus
2009 2375 2131 2417 esse
2159 2364 2581 2431 substantiales;
2620 2375 2732 2418 tum
2767 2365 2939 2418 etiam
2967 2379 3030 2417 ex
3082 2379 3147 2419 eo
3193 2365 3340 2432 quod

1761 2456 1807 2509 is
1836 2454 1926 2523 qui
1955 2455 2173 2519 cecidit,
2203 2454 2502 2508 virtutibus
2546 2455 2800 2524 abjectis,
2833 2454 2897 2508 ad
2931 2455 3122 2518 alium,
3173 2463 3233 2508 ut
3262 2454 3338 2507 ita

1758 2544 1881 2612 quis
1909 2544 2136 2608 dixerit,
2181 2552 2389 2598 natura:
2414 2554 2617 2599 statum
2653 2545 2727 2597 sit
2777 2545 3097 2609 translatus,
3142 2544 3343 2599 obscu-

1762 2650 1879 2688 rum
1913 2635 2147 2699 scilicet,
2178 2645 2233 2689 et
2266 2636 2486 2689 invidiae
2518 2634 2857 2704 ntalitiarque
2908 2639 3151 2703 plenum,
3179 2643 3344 2703 atque

1760 2726 1959 2781 divina:
1984 2728 2303 2797 etangelicze
2319 2727 2700 2784 vitazinstituto
2736 2726 3073 2780 contrarium
3104 2740 3119 2777 :
3154 2726 3337 2779 istius-

1762 2813 1907 2867 modi
1957 2814 2102 2867 enim
2140 2813 2461 2882 angelorum
2525 2814 2747 2869 habitus
2803 2814 3185 2869 sobstautialis
3235 2822 3342 2875 est.

1760 2916 1869 2956 non
1901 2916 2062 2956 secus
2091 2910 2260 2969 atque
2294 2900 2434 2971 ignis
2479 2901 2779 2956 secundum
2832 2904 3079 2957 habitum
3130 2903 3345 2957 adustio

1761 3005 1866 3052 est.
1900 2994 2108 3049 Nomen
2154 2997 2338 3064 itaque
2369 2997 2642 3063 scrapbim
2688 2996 3055 3065 explicamus,
3089 2996 3234 3066 quod
3270 2996 3346 3051 sit

1764 3090 1903 3161 ignis
1949 3102 2165 3157 semper
2212 3087 2467 3151 mobilis,
2519 3086 2750 3148 calidus,
2800 3086 3017 3139 subtilis
3066 3085 3343 3155 (quoniam

1764 3172 1931 3237 etiam
1976 3181 2147 3251 ipsius
2192 3179 2386 3249 lapidis
2415 3194 2577 3248 puros
2621 3186 2915 3248 penetrat),
2944 3178 3035 3247 qui
3082 3176 3343 3230 inferiora

1764 3289 1982 3328 sursum
2014 3272 2217 3338 elevat,
2247 3272 2321 3325 uti
2366 3271 2715 3339 perspicuum
2767 3271 2825 3323 tit
2871 3284 2937 3323 ex
2987 3266 3347 3322 ex’balationi-

1766 3366 1890 3433 bus,
1922 3365 2199 3434 quomodo
2246 3362 2433 3418 calore
2474 3362 2608 3416 solis
2637 3361 2959 3415 attollantur
2990 3377 3004 3413 :
3044 3360 3134 3429 qui
3162 3360 3244 3414 sui
3273 3357 3348 3413 si-

1767 3459 2128 3513 tnilitudinem
2172 3454 2738 3527 appropinquantibus
2787 3454 3090 3524 ingenerat,
3124 3452 3348 3521 propin-

1774 3566 1881 3621 qua
1913 3550 2056 3605 enim
2085 3551 2267 3605 omnia
2296 3548 2465 3617 ignita
2506 3547 2709 3611 reddit,
2732 3546 2959 3616 penitus
2995 3545 3196 3608 adurit,
3220 3558 3349 3612 pur-

1774 3651 1864 3713 gat
1892 3658 1906 3696 :
1934 3642 2025 3711 qui
2072 3641 2328 3696 abscondi
2381 3639 2596 3708 nequit,
2633 3637 3076 3691 lucifnrmitatem
3131 3644 3188 3689 et
3221 3634 3347 3689 illu-

1772 3736 2015 3790 ntiuandi
2049 3735 2156 3788 vim
2194 3734 2577 3788 inexstiuctatu
2614 3731 2846 3794 obtinet,
2880 3739 2937 3784 et
2979 3727 3163 3799 procul
3198 3738 3349 3782 tene-

1768 3830 1899 3883 bras
1961 3826 2230 3896 propellit.
2279 3824 2442 3877 llisee
2511 3823 2790 3876 habilibus
2834 3817 3350 3890 supermundialiter

1764 3919 1979 3988 prccditi
2030 3925 2157 3969 sunt
2209 3913 2484 3981 serapbitn
2526 3925 2541 3964 :
2594 3908 2852 3964 indefessi
2908 3918 3038 3964 sunt
3080 3918 3140 3962 et
3181 3923 3348 3976 supra

76 4048 231 4099 quam
271 4031 571 4095 ferventes,
625 4039 685 4086 et
731 4029 798 4083 ad
823 4027 1019 4099 [Deum
1075 4022 1387 4080 incessabili
1451 4033 1669 4090 semper
1738 4022 1886 4069 tnotu
1940 4012 2155 4065 cientur
2208 4008 2612 4074 inferioresque
2660 4003 2884 4057 ordines
2924 4003 3232 4099 adducunt,
3281 4016 3348 4057 ac

79 4096 250 4191 reipsa
302 4124 599 4186 suscitant,
644 4132 700 4176 et
750 4096 841 4175 ad:
884 4119 1228 4173 consimilem
1274 4116 1381 4186 61
1436 4115 1704 4168 fervorem
1762 4108 2116 4171 divinumque
2146 4100 2475 4156 desiderium
2531 4098 2775 4152 excitant
2818 4107 2874 4151 et
2921 4096 3246 4159 informant,
3291 4104 3348 4147 et

78 4190 299 4274 omnino
331 4219 499 4290 ignite
544 4226 798 4287 purgant,
855 4226 1018 4285 atque
1068 4213 1297 4269 formam
1348 4211 1486 4266 lucis
1515 4224 1677 4279 quam
1721 4220 1790 4258 ex
1843 4203 1953 4257 Deo
1990 4199 2225 4263 habent,
2262 4207 2315 4251 et
2346 4194 2685 4249 illuminandi
2726 4194 2830 4248 vim
2864 4208 2969 4261 qua
3003 4199 3196 4247 caetera
3225 4190 3352 4290 illu-

80 4314 317 4377 minant,
358 4288 757 4369 vinabsconsam
794 4322 849 4367 et
902 4312 1284 4365 inexstinetam
1338 4307 1613 4378 possident
1663 4325 1674 4359 :
1716 4300 1957 4355 divinum
2010 4294 2156 4348 enim
2207 4293 2533 4347 desiderium
2595 4292 2702 4345 illis
2752 4298 2839 4345 est
2896 4290 3019 4344 vice
3073 4288 3342 4354 materiai;

79 4417 130 4460 et
164 4409 314 4460 υιοιιί
364 4409 817 4461 obtenebratione
861 4408 1171 4474 superiores
1218 4415 1364 4467 sunt,
1405 4411 1464 4456 ut
1504 4401 1595 4470 qui
1629 4398 1812 4453 divino
1857 4391 2145 4463 splendore
2198 4399 2325 4444 sunt
2369 4388 2639 4443 succensi.

142 4499 225 4551 Τὰ
256 4499 316 4552 δὲ
360 4498 625 4570 χερουϐίμ
662 4500 798 4552 εἰσιν
836 4498 1211 4570 ὀνομαζόμενα
1245 4493 1388 4549 κατὰ
1432 4494 1521 4546 τὸν
1571 4492 1616 4544 λι

1881 4485 2128 4541 berubim
2167 4491 2352 4537 autem
2404 4480 2667 4535 nominati
2723 4489 2871 4543 sunt,
2918 4480 3215 4534 secundum
3262 4494 3354 4533 ra-

80 4607 170 4657 γον
199 4593 303 4663 τῆς
334 4595 464 4664 παρ’
493 4595 623 4663 ἡμῖν
656 4592 935 4661 γνώσεωςο
973 4593 1006 4662 ἡ
1033 4588 1274 4661 ἡμετέρα
1297 4586 1405 4657 γὰρ
1434 4583 1654 4653 γνῶσις,

82 4683 170 4735 καὶ
224 4685 504 4755 γνωστικὴ
558 4686 650 4754 ἀφ’
698 4683 899 4753 ἑαυτῆς
945 4684 1081 4746 ἐστι,
1129 4682 1223 4733 καὶ
1283 4676 1502 4747 δεκτικὴ
1560 4676 1659 4744 τῆς

80 4776 273 4840 ἔξωθεν
336 4777 646 4847 μαθήσεως.
707 4777 917 4846 Ὥσπερ
977 4774 1087 4845 γὰρ
1139 4774 1172 4843 ἡ
1234 4769 1477 4839 ἀγνωσία
1509 4766 1658 4837 διττή

83 4867 243 4930 ἐστιν,
280 4869 316 4937 ἡ
353 4868 450 4937 μὲν
502 4867 643 4920 κατὰ
688 4868 981 4935 ἀπόφασιν,
1009 4867 1099 4919 ὅτε
1154 4864 1273 4917 τόδε
1305 4880 1356 4914 τι
1388 4861 1449 4913 οὐ
1496 4856 1662 4927 γινώ-

85 4974 300 5028 σκομεν,
332 4960 673 5030 γινώσκομεν
715 4960 773 5013 δὲ
818 4961 899 5013 ὅτι
943 4960 1004 5011 οὐ
1050 4956 1410 5027 γινώσκομεν,
1463 4953 1529 5023 ἣν
1572 4950 1668 5003 καὶ

89 5050 253 5121 ἁπλῆν
286 5052 511 5119 ἄγνοιαν
547 5050 827 5119 λέγουσιν’
865 5054 898 5121 ή
932 5050 988 5102 δὲ
1022 5047 1160 5102 κατὰ
1190 5046 1448 5107 διάθεσιν,
1483 5044 1571 5096 ὅτε
1604 5042 1665 5094 οὐ

91 5142 441 5206 γινώσκοντες
471 5141 832 5213 ἀπατώμεθα,
866 5142 958 5195 καὶ
993 5139 1219 5210 οἰόμεθα
1240 5135 1548 5205 γινώσκειν,
1573 5134 1668 5186 καὶ

90 5236 196 5288 was
229 5235 363 5289 αὐτὸ
413 5234 573 5288 τοῦτο
605 5233 845 5305 οἴδαμεν,
881 5234 961 5285 ὅτι
989 5233 1053 5285 οὐ
1106 5228 1467 5299 γινώσκομεν,
1499 5228 1565 5298 ἣν
1600 5226 1665 5298 δὴ

89 5328 172 5379 καὶ
202 5327 403 5396 διπλῆν
439 5324 697 5379 καλοῦσιν
746 5326 987 5391 ἄγνοιαν,
1020 5320 1100 5391 τῷ
1132 5337 1191 5372 τε
1237 5320 1311 5389 μὴ
1354 5316 1664 5385 γινώσκειν,

89 5420 173 5470 καὶ
200 5418 282 5489 τῷ
315 5419 389 5488 μὴ
423 5415 709 5485 γινώσκειν
751 5415 834 5467 ὅτι
882 5415 943 5466 οὐ
988 5410 1281 5481 γινώσκει·
1330 5409 1471 5461 οὕτω
1514 5408 1664 5478 καὶὴ

89 5508 281 5573 γνῶσις
312 5509 489 5577 διττὴ,
519 5509 552 5577 ἠ
593 5506 690 5576 μὲν
730 5508 812 5558 ὅτι
848 5503 1126 5574 γινώσκει,
1168 5500 1288 5555 καθ’
1322 5500 1351 5553 ὂ
1383 5500 1476 5552 καὶ
1521 5515 1664 5567 γνω-

93 5601 241 5668 στεκὴ
278 5600 531 5668 λέγεται·
566 5600 599 5669 ἠ
640 5597 695 5650 δὲ
744 5598 824 5649 ὅτι
861 5595 1115 5667 μανθάνει
1156 5594 1246 5645 καὶ
1277 5592 1487 5661 δέχεται
1526 5591 1664 5659 γνῶ-

96 5706 191 5757 σιν,
222 5694 317 5746 καὶ
350 5690 608 5762 γινώσκει
640 5691 721 5743 ὅτι
755 5688 1051 5760 ὠφέληται,
1097 5685 1217 5740 καθ’
1248 5686 1276 5740 ὃ
1308 5684 1524 5753 λέγεται
1566 5686 1657 5738 και

1767 4579 1967 4633 tionem
1997 4586 2200 4630 nostrai
2228 4574 2563 4643 cognitionis
2593 4591 2607 4627 :
2644 4573 2909 4642 siquidem
2943 4572 3135 4627 notitia
3162 4580 3349 4625 nostra

1765 4670 1929 4722 etiam
1964 4667 2272 4735 intelligens
2327 4674 2411 4718 est
2454 4682 2483 4717 a
2537 4679 2618 4727 se,
2669 4673 2724 4716 et
2774 4672 3067 4716 extenuant
3115 4658 3351 4727 suscipit

1766 4760 2129 4828 disciplinam.
2161 4758 2316 4811 Sicut
2345 4757 2491 4810 enim
2539 4756 2814 4823 ignoratio
2862 4753 3058 4821 duplex
3103 4758 3207 4817 est,
3239 4765 3346 4802 una

1767 4852 2031 4905 nimirutn
2060 4849 2331 4920 negativa,
2355 4858 2411 4903 ut
2440 4851 2657 4919 quando
2688 4848 2893 4916 aliquid
2921 4862 3026 4899 non
3058 4842 3345 4913 cognosci-

1772 4958 1916 5006 mus,
1961 4942 2165 4995 scimus
2197 4950 2376 4994 autem
2423 4955 2521 4993 nos
2570 4940 2620 4992 id
2669 4955 2771 4993 non
2816 4952 2995 5002 nosse,
3025 4951 3186 5004 quam
3218 4934 3352 4988 sim-

1771 5034 1964 5105 plicem
1990 5041 2186 5086 vocant
2210 5030 2606 5100 ignorantiam;
2633 5030 2739 5085 alia
2764 5044 2892 5084 vero
2920 5036 3004 5082 est
3036 5022 3347 5090 babitualis,

1770 5128 1986 5195 quando
2019 5126 2334 5195 ignorantes
2378 5123 2793 5193 decipimur,ct
2840 5126 3092 5188 putamus
3132 5129 3231 5169 nos
3261 5114 3351 5166 in-

1778 5220 2019 5288 telligere
2053 5232 2229 5287 neque
2255 5218 2488 5286 idipsum
2524 5214 2872 5284 agnoscimus
2899 5210 3042 5279 quod
3076 5223 3179 5261 non
3208 5207 3347 5260 sciao

1777 5326 2109 5379 mus;quam
2138 5309 2345 5364 idcirco
2368 5306 2637 5376 duplicem
2664 5300 3026 5374 ignorantiam
3047 5298 3347 5367 appellant,

1774 5418 1897 5458 cum
1930 5401 2076 5471 quod
2112 5401 2349 5469 ignoret,
2398 5407 2513 5453 tum
2561 5397 2704 5465 quod
2752 5395 2986 5463 idipsum
3035 5390 3249 5446 nesciat.
3290 5403 3350 5441 se

1776 5493 2077 5562 ignorare:
2110 5492 2194 5546 sic
2224 5490 2392 5545 etiam
2438 5488 2678 5558 cognitio
2721 5485 2943 5555 duplex,
2983 5497 3088 5537 una
3129 5482 3349 5551 quidem

1769 5587 1897 5657 quia
1932 5583 2237 5655 cognoscit,
2271 5580 2574 5637 secundum
2604 5577 2748 5649 quod
2795 5590 3134 5647 cognoscens
3164 5572 3349 5641 appel-

1768 5681 1941 5748 latur;
1974 5679 2076 5735 alia
2109 5694 2238 5735 vero
2266 5674 2602 5754 quiaﬂdiscit
2645 5680 2811 5743 atque
2845 5670 3041 5741 accipit
3075 5668 3344 5731 notitiam,
