3734 6298
403 223 512 278 ειυ

1585 218 1647 275 S.
1690 218 1991 279 DiONYSll
2032 214 2497 271 AliEOl‘AGl'l/E

3593 218 3688 267 29.19

404 358 462 398 et
493 344 743 414 agnoscit
771 343 903 413 quid
933 344 1127 412 prosit,
1158 344 1458 398 secundum
1486 344 1630 412 quod
1661 343 1827 397 etiam
1861 357 1991 409 gna-

2162 340 2438 410 ωριστική.
2478 339 2665 390 Ἔστιν
2714 338 2746 407 ἡ
2794 337 3038 409 ἡμετέρα
3085 336 3285 405 γνῶσις
3337 336 3437 387 καὶ
3488 334 3680 404 Θεωρπι

406 453 465 490 ra
498 436 717 490 dicitur.
752 436 848 489 Est
878 435 1103 505 insuper
1130 436 1371 504 cognitio
1403 447 1587 490 nostra
1627 434 1984 503 speculativa,

406 541 464 582 nt
493 543 614 597 qum
646 541 814 595 super
835 541 936 580 ora
970 541 1032 580 se
1060 535 1375 581 scrutatur:
1407 535 1493 579 est
1535 524 1701 578 etiam
1744 539 1989 578 commu-

406 618 670 684 nicativa,
718 627 779 671 ut
834 619 1057 686 quando
1111 617 1366 680 illarum,
1422 617 1621 687 quibus
1668 617 1825 685 plena
1872 625 1986 681 est,

404 709 766 763 scientiarum
800 709 1145 777 disciplinam
1199 709 1250 761 in
1294 709 1456 771 alios,
1492 709 1584 779 qui
1617 723 1678 762 ea
1720 709 1987 776 indigent,

405 800 765 855 transfundit.
815 801 939 856 Haec
992 803 1160 855 etiam
1209 802 1393 855 omnia
1428 802 1984 857 habent‘cherubim:

402 893 711 963 intelligunt
754 909 819 947 ac
864 893 1313 962 contemplantur
1351 894 1590 948 divinam
1640 895 1985 961 claritatem,

401 981 716 1051 cognitione
746 991 1034 1036 moventur
1073 982 1140 1037 ad
1179 982 1231 1036 id
1264 984 1406 1051 quod
1438 998 1567 1039 vere
1607 995 1691 1040 est
1725 987 1985 1051 amabile,

402 1088 504 1127 nec
531 1088 634 1126 non
672 1074 1096 1128 illustrationem
1123 1076 1401 1143 accipiunt
1430 1092 1459 1129 a
1498 1076 1607 1130 Deo
1633 1092 1730 1146 per
1754 1079 1987 1135 virtutes

401 1165 536 1234 ipsis
567 1167 897 1231 anteriores,
937 1178 993 1221 et
1038 1168 1279 1222 divinam
1324 1179 1639 1222 scrutantur
1684 1170 1989 1239 pulchritu-

402 1258 606 1320 dinem,
650 1260 704 1311 in
734 1259 937 1313 virtute
978 1260 1236 1313 nimirum
1284 1260 1643 1329 primigenia,
1687 1264 1985 1317 secundum

400 1368 565 1419 quam
600 1366 710 1420 pra:
743 1353 961 1407 caeteris
987 1353 1166 1422 primo
1199 1352 1320 1407 loco
1371 1369 1476 1406 una
1510 1368 1634 1407 cum
1672 1354 1888 1410 thronis
1920 1371 1985 1409 ac

399 1444 677 1512 seraphin]
708 1445 970 1498 hauriunt
994 1447 1413 1514 apparitionem.
1459 1447 1523 1502 Hi
1558 1449 1708 1501 enim
1743 1457 1852 1502 tres
1892 1464 1984 1501 or—

398 1534 561 1589 dines
592 1549 693 1587 una
720 1537 973 1605 quasdam
1013 1546 1141 1591 sunt
1170 1536 1499 1603 hierarchia,
1529 1549 1583 1594 et
1606 1539 1983 1608 primigeniatn

402 1627 459 1679 in
498 1626 755 1679 erunibus
805 1628 1062 1681 virtutem
1108 1630 1453 1684 sortiuntur:
1485 1631 1632 1683 omni
1690 1631 1835 1683 enim
1875 1639 1983 1682 tam

2090 432 2239 504 τικὴ,
2271 435 2437 486 οἱονεὶ
2481 433 2805 505 ἐρευνητικὴ
2852 431 2960 484 τῶν
2992 430 3132 501 ὑπὲρ
3163 431 3356 499 αὑτήν.
3398 430 3568 481 Ἐστι
3610 432 3679 479 κ)

2091 524 2403 594 κοινωνικὴ,
2434 524 2493 589 ἐξ
2525 516 2599 575 ὧν
2626 524 2684 576 ἐν
2725 522 2803 593 τῷ
2838 521 3287 591 ἀναπίμπλασθαι
3326 520 3441 573 τῶν
3486 522 3678 588 vomu.

2089 635 2197 671 των
2224 617 2337 687 χέει
2362 614 2497 687 πρὸς
2525 617 2652 678 τοὺς
2681 614 2924 677 ὑποδεεῖς
2942 613 3041 684 τὴν
3068 614 3323 684 μάθησιν.
3344 611 3547 666 Ταῦτα
3570 614 3665 664 πάν

2088 728 2157 763 τα
2188 708 2369 778 ἔχουσι
2401 708 2494 760 καὶ
2533 705 2603 759 τὰ
2644 704 2918 777 χερουϐίμ
2940 722 2953 735 ·
2989 704 3270 773 γνωστικά
3301 706 3414 757 εἱσι
3452 704 3557 755 καὶ
3588 704 3677 754 θεον

2092 801 2264 854 πτικά
2292 800 2395 870 τῆς
2427 799 2577 863 θείας
2606 798 3009 869 λαμπρότητος,
3044 799 3257 869 κίνησιν
3304 797 3510 867 ἔχοντα.
3558 798 3674 866 Tub—

2092 910 2229 956 σεως
2262 893 2398 963 πρὸς
2424 891 2485 944 τὸ
2525 890 2694 955 ὖντως
2726 892 3009 963 ἐράσμιον,
3045 890 3140 943 καὶ
3182 888 3414 942 δεκτικά
3454 891 3685 957 τρωτοδο-

2092 978 2211 1042 σίας
2245 980 2309 1032 ὲκ
2340 977 2435 1031 τοῦ
2467 978 2602 1031 θεοῦ
2639 978 2728 1031 διὰ
2758 979 2867 1032 τῶν
2901 979 3007 1050 πρὸ
3038 978 3216 1031 αὐτῶν
3247 978 3570 1049 δυνάμεων,
3604 982 3684 1032 xx".

2087 1070 2412 1138 ἐξεταστικὰ
2436 1071 2535 1141 τῆς
2569 1070 2719 1131 θείας
2752 1072 3104 1142 εὐπρεπείας,
3126 1070 3239 1125 ἀλλ’
3262 1073 3319 1124 ὲν
3339 1056 3699 1143 πρωτουργῷ’

2087 1164 2334 1235 δυνάμει,
2391 1163 2512 1217 καθ’
2547 1163 2612 1234 ἦν
2650 1164 2890 1233 δηλονότι
2939 1162 3171 1233 πρώτως
3201 1163 3312 1216 τῶν
3359 1163 3551 1216 ἄλλων
3596 1165 3681 1227 τὰς

2087 1253 2387 1326 ἐμφανείας
2417 1254 2647 1324 ἔχουσιν,
2679 1253 2754 1316 ὼς
2785 1253 2878 1307 καὶ
2910 1254 2959 1310 οἱ
3000 1251 3199 1323 θρόνοι,
3236 1252 3328 1305 καὶ
3361 1251 3448 1304 ἔτι
3495 1251 3568 1303 τά
3600 1269 3681 1303 σε-

2092 1343 2285 1414 ραιρίμ.
2322 1341 2509 1396 Ταῦτα
2537 1340 2646 1411 γάρ
2675 1340 2743 1393 τὰ
2772 1341 2897 1410 τρία
2928 1342 3209 1412 τάγματα,
3250 1341 3346 1413 μία
3381 1358 3472 1404 τις
3517 1343 3683 1412 ἱεραρ-

2089 1435 2179 1505 χία
2236 1434 2378 1495 ἐστὶ,
2426 1435 2520 1495 καί
2568 1431 2919 1503 ⁸τιξρωτουργὸν
2977 1430 3069 1485 ἐπὶ
3119 1432 3251 1484 πᾶσι
3303 1432 3408 1501 τὴν
3460 1430 3685 1501 δύναμιν

2089 1530 2303 1599 ἔχουσι’
2341 1528 2521 1595 πάσης
2570 1524 2678 1594 γὰρ
2724 1526 2954 1595 ἀοράτου
3015 1526 3108 1578 καὶ
3156 1523 3360 1595 ὁρατῆς
3404 1523 3684 1593 δυνάμεως

2095 1620 2312 1693 μείζους
2337 1621 2475 1673 εἰσὶν
2508 1621 2563 1672 αἱ
2593 1619 2806 1691 πρῶται
2840 1622 2988 1690 τρεῖς
3023 1619 3180 1672 αὗται
3200 1616 3409 1682 τάξεις.
3443 1619 3683 1674 Ἐστιτά

404 1715 666 1769 invisibili
694 1717 1092 1784 quamvisibili
1137 1718 1339 1772 virtute
1372 1718 1607 1785 majores
1655 1728 1785 1773 sunt
1827 1719 1985 1788 primi

2162 1712 2356 1782 ρουίῖιμ
2388 1711 2482 1767 καὶ
2521 1710 2810 1765 κοινωνικὰ
2858 1711 2915 1762 ἐν
2956 1710 3034 1780 τῷ
3064 1710 3547 1779 ἀναπιμπλάμενα
3589 1712 3678 1777 τῆς

403 1818 519 1863 tres
547 1809 638 1862 isti
664 1809 907 1864 ordines.
942 1810 1083 1864 Sunt
1115 1812 1396 1867 cherubim
1425 1815 1589 1867 etiam
1619 1815 1989 1867 communica-

404 1901 527 1968 tivi,
561 1917 705 1967 eam,
741 1918 847 1970 qua
883 1904 1075 1973 repleti
1108 1916 1258 1971 sunt,
1291 1908 1689 1977 sapientillcam
1723 1909 1989 1963 distribu~

406 1996 613 2049 tionem
654 1996 1013 2053 inferioribus
1042 1998 1379 2055 .instillando
1427 2001 1743 2071 profusione
1776 2002 1991 2071 sapien-

400 2088 492 2143 tia:
521 2102 652 2141 suae.

472 2180 741 2249 Agedum,
783 2182 949 2236 etiam
995 2190 1314 2237 sanctorum
1360 2191 1415 2237 et
1467 2182 1983 2237 sublimissimorum

402 2284 567 2339 atque
595 2272 934 2326 excelsorum
965 2273 1289 2327 thronorum
1323 2288 1521 2328 nomen
1546 2274 1980 2329 consideremus.

402 2361 655 2417 Thronus
677 2362 927 2418 sublimis
955 2379 983 2416 a
1015 2364 1247 2418 terrenis
1270 2364 1463 2430 elatus,
1498 2365 1729 2418 thronus
1762 2380 1979 2419 sursum

402 2451 608 2518 ferens,
652 2461 707 2506 et
762 2467 1007 2508 SCSSOI‘CS
1053 2470 1182 2509 SUOS
1223 2464 1541 2510 constanter
1590 2471 1657 2510 ac
1706 2465 1988 2525 compacto

401 2560 617 2598 sursum
647 2544 778 2598 ferri
810 2544 1015 2600 faciens
1042 2565 1056 2601 :
1090 2555 1319 2601 thronus
1345 2557 1427 2601 est
1458 2564 1631 2618 capax
1659 2547 1803 2601 illius
1822 2562 1985 2617 quem

403 2638 530 2702 fert,
562 2646 618 2692 et
648 2640 1052 2708 receptaculum
1092 2641 1326 2695 sessoris
1354 2642 1459 2697 sui.
1504 2641 1649 2696 Idem
1693 2642 1746 2695 in
1780 2642 1988 2696 sanctis

402 2730 528 2783 istis
573 2730 784 2785 thronis
833 2734 1185 2787 considerare
1228 2734 1336 2805 62
1385 2733 1547 2788 liceat
1597 2752 1610 2787 :
1668 2733 1987 2788 eximuntur

402 2827 546 2876 enim
585 2826 653 2880 ab
701 2826 849 2878 omni
906 2825 1056 2879 humi
1108 2827 1436 2895 reptatione,
1484 2838 1539 2879 et
1586 2826 1652 2879 ad
1707 2825 1983 2880 anteriora

401 2932 618 2971 sursum
653 2916 976 2983 efferuntur,
1014 2918 1087 2971 ita
1123 2928 1181 2971 ttt
1213 2918 1359 2971 nulla
1407 2917 1532 2973 illos
1565 2926 1746 2973 teneat
1774 2919 1983 2988 abjccta

399 3006 691 3078 propensio
741 3011 821 3066 vel
867 3011 1196 3077 instinctus,
1245 3022 1300 3067 et
1357 3014 1423 3065 ad
1486 3012 1746 3067 inferiora
1798 3023 1981 3067 nutus.

406 3102 887 3156 Verumcninivero
922 3114 1051 3156 nota
1104 3105 1249 3173 quod
1293 3114 1480 3156 noster
1507 3106 1738 3158 thronus
1763 3120 1982 3158 sursum

403 3192 534 3245 ferri
590 3192 756 3246 faciat
808 3207 1077 3247 sessorem
1128 3209 1326 3257 suum;
1373 3195 1753 3249 sanctissimos
1803 3203 1983 3248 autem

404 3284 631 3337 thronos
658 3284 724 3336 ab
765 3297 831 3337 eo
874 3282 1018 3353 quod
1064 3299 1282 3338 sursum
1325 3284 1577 3338 ferantur
1616 3285 1982 3348 denominari,

403 3384 457 3427 et
492 3375 866 3429 indeticieuter
898 3377 951 3430 in
984 3378 1202 3432 sublimi
1253 3378 1521 3443 habitare,
1550 3388 1604 3434 et
1627 3379 1783 3447 juxta
1816 3380 1983 3432 Altis-

398 3470 605 3523 ‘simuni
659 3472 985 3527 inconcusse
1019 3473 1303 3541 collocari,
1348 3483 1401 3527 et
1453 3474 1695 3528 divinum
1731 3474 1983 3543 illapsum

404 3560 685 3629 excipere.
727 3563 926 3616 Verum
970 3566 1180 3632 absque
1211 3564 1460 3633 passione
1486 3565 1601 3619 hanc
1636 3564 1893 3634 intellige,
1932 3574 1989 3617 et

404 3654 844 3710 itumaterialitcr
895 3657 972 3725 (id
1006 3666 1091 3710 est
1138 3659 1284 3711 enim
1334 3655 1885 3725 supermundi'aliter),
1920 3673 1986 3711 ne

403 3747 527 3815 quis
562 3748 707 3801 illam
743 3750 811 3803 ad
846 3751 1124 3804 anteriora
1160 3751 1305 3805 viam
1339 3765 1458 3807 esse
1492 3750 1832 3818 corporalem
1870 3751 1986 3806 exi-

404 3842 614 3903 stimet,
652 3856 719 3895 ne
754 3843 806 3895 in
843 3842 911 3897 iis
966 3843 1109 3898 Deus
1156 3843 1535 3898 circumscribi
1592 3843 1859 3897 videatur.
1921 3844 1987 3898 Et

404 3934 597 3988 deifcri
635 3944 781 3999 sunt,
832 3951 937 3989 non
976 3934 1306 4000 substantia,
1341 3936 1433 3990 sed
1469 3936 1665 4006 gratia,
1715 3943 1773 3989 et
1826 3933 1988 3989 mini-

403 4037 643 4081 strorum
701 4044 853 4084 more
910 4028 1148 4099 prorupti
1204 4029 1271 4083 ad
1326 4030 1542 4085 divinas
1586 4029 1984 4098 susceptiones.

404 4118 538 4171 illud
575 4135 705 4174 vero
760 4119 1027 4173 deiferum
1078 4120 1187 4174 dixi
1238 4135 1343 4175 n0n
1383 4122 1728 4184 substantia,
1765 4121 1891 4191 quia
1933 4129 1988 4175 et

405 4210 599 4265 heatus
635 4210 866 4265 Basilius
898 4227 1122 4266 carnem
1177 4214 1313 4266 dixit
1366 4228 1486 4267 esse
1539 4213 1837 4276 deiferaiu;
1889 4211 1987 4267 sed

403 4317 535 4355 caro
572 4303 783 4356 Domini
824 4303 1123 4358 secundum
1161 4304 1551 4367 substantiam,
1584 4315 1638 4358 et
1686 4305 1983 4359 secundum

2093 1801 2384 1872 σοφοποιοῦ
2412 1802 2747 1873 μεταδόσεως
2780 1801 3026 1871 ἀφθόνως
3059 1801 3403 1873 μεταδιδόναι
3424 1806 3547 1865 τοῖς
3575 1804 3685 1855 δευτ-

2090 1897 2267 1968 τέροις
2295 1895 2435 1953 κατά
2456 1896 2553 1965 τὴν
2584 1893 2739 1964 χύσιν
2769 1893 2869 1963 τῆς
2903 1893 3092 1963 σοφίας
3125 1893 3323 1949 αὐτῶν.

2161 2175 2295 2244 Φέρε
2320 2177 2413 2229 καὶ
2436 2176 2534 2248 τὴν
2557 2176 2664 2231 τῶν
2694 2178 2866 2246 ἁγίων
2891 2182 2983 2232 καὶ
3016 2178 3366 2248 ὑῂὶρτάτων
3392 2180 3497 2231 καὶ
3520 2181 3685 2249 ἐπηρ-

2095 2268 2269 2337 μένων
2303 2268 2506 2340 θρόνων
2556 2269 2871 2341 ἐπωνυμίαν
2891 2271 3213 2341 κατίδωμεν.
3251 2272 3306 2322 ὐ
3334 2271 3533 2342 θρόνος
3562 2274 3685 2341 ὑψη-

2089 2361 2179 2424 λὸς
2221 2362 2328 2416 τῶν
2360 2362 2560 2432 γηΐνων
2593 2364 2899 2434 ἐπηρμένος
2918 2402 2933 2427 ,
2964 2366 2992 2416 6
3031 2363 3217 2436 θρόνος
3247 2366 3430 2434 ἀνωφε
3442 2368 3566 2435 ρὴς,
3600 2370 3684 2418 καὶ

2091 2452 2261 2504 ποιῶν
2289 2455 2414 2515 τοὺς
2453 2455 2512 2504 ἐν
2561 2454 2708 2525 αὐτῴ
2745 2454 2858 2507 ἄνω
2901 2456 3163 2526 φέρεσθαι
3214 2446 3546 2527 ίδρυμὲνως,
3586 2476 3681 2510 παι

2090 2545 2253 2613 γίως’
2290 2546 2317 2600 6
2341 2545 2528 2616 θρόνος
2546 2545 2792 2609 δεκτικός
2822 2564 2966 2610 τινος
2993 2548 3051 2599 ὃν
3086 2548 3259 2619 φέρει,
3300 2549 3391 2601 καὶ
3431 2550 3532 2603 τοῦ
3561 2552 3681 2603 καθ-

2089 2638 2291 2709 ημένου
2336 2638 2570 2709 ὑποδοχή
2611 2640 2779 2692 ἐστιν.
2834 2638 3019 2702 Οὕτως
3060 2639 3208 2693 ἔστιν
3257 2641 3383 2693 ἰδεῖν
3440 2646 3543 2697 καὶ
3596 2647 3681 2697 ἐπὶ

2088 2730 2196 2783 τῶν
2227 2730 2397 2798 ἁγίων
2428 2732 2656 2784 τουτωνὶ
2706 2731 2941 2802 θρόνων·
2994 2732 3296 2803 ἑξαίρονται
3345 2734 3462 2805 γὰρ
3504 2738 3681 2807 πάσης

2088 2821 2371 2893 χθαμαλῆς
2412 2821 2675 2890 ὑφέσεως,
2717 2823 2813 2876 καὶ
2854 2823 2991 2895 πρὸς
3023 2824 3083 2876 τὸ
3113 2826 3337 2889 ἄναντες
3380 2828 3681 2899 ἀναφέροι).

2086 2934 2197 2978 ται,
2229 2916 2304 2979 ὼς
2336 2916 2500 2986 μηδὲν
2531 2916 2729 2980 αὐτοὺς
2757 2916 2899 2987 ἔχειν
2930 2918 3251 2990 περιπεζίας
3283 2921 3537 2989 ὑφέσεως
3572 2926 3679 2995 ἦτοι

2091 3008 2367 3070 ἐνδόσεως,
2397 3008 2489 3060 καὶ
2516 3008 2617 3078 τῆς
2648 3009 2785 3077 πρὸς
2814 3008 2882 3062 τὰ
2921 3009 3076 3065 κάτω
3100 3010 3353 3074 νεύσεως.
3396 3013 3555 3085 Πλὴν
3596 3034 3681 3084 ση-

2092 3098 2342 3167 μείωσαι,
2375 3099 2455 3151 ὃτι
2484 3100 2578 3151 καὶ
2609 3101 2637 3152 6
2671 3098 2903 3176 ἐνταῦθα
2946 3101 3135 3172 θρόνος
3173 3101 3285 3155 ἀνω
3334 3108 3497 3157 ποιεῖν
3521 3107 3679 3176 φέρε.-

2088 3187 2210 3240 σθαι
2241 3190 2367 3252 τοὺς
2405 3192 2463 3241 ὲν
2491 3190 2673 3260 αὐτῷ·
2721 3174 2768 3244 ὀί
2803 3191 2860 3244 δὲ
2901 3191 3194 3261 ἁγιώτατοι
3222 3194 3398 3265 θρόνοι
3439 3236 3454 3259 ,
3508 3200 3570 3251 ὲν
3612 3198 3681 3267 τῷ

2084 3276 2197 3334 ἄνω
2246 3280 2536 3353 φέρεσθαι,
2585 3281 2758 3346 οὕτως
2810 3282 3272 3354 ἐπονομάζονται,
3333 3288 3431 3340 καὶ
3479 3290 3680 3360 ἀνῳκι-

2088 3373 2274 3443 σμένοι
2316 3374 2452 3425 εἰσὶν
2484 3373 2736 3437 άκλινῶς,
2767 3375 2860 3427 καὶ
2902 3378 3030 3446 περὶ
3060 3377 3149 3428 τὸν
3183 3378 3447 3446 ’Ὕψιστον
3475 3380 3679 3433 ἀκατα-

2088 3461 2315 3525 σείστως
2355 3462 2648 3533 ἱδρυμένοι,
2684 3466 2776 3516 καὶ
2802 3464 3040 3521 δεκτικοὶ
3070 3467 3171 3536 τῆς
3203 3466 3351 3530 θείας
3390 3470 3676 3543 ἐπιφοιτήο

2088 3570 2244 3618 σεως.
2284 3555 2428 3626 Πλὴν
2470 3555 2698 3611 ἀπαθῶς
2730 3556 2840 3609 νόει
2880 3556 3071 3621 ταῦτα,
3108 3560 3200 3611 καὶ
3246 3560 3462 3623 άΰλως,
3507 3564 3681 3631 (τοῦτο

2088 3648 2195 3718 γάρ
2239 3649 2355 3700 ἐστι
2386 3648 2447 3701 τὸ
2495 3646 2965 3719 ὑπερκοσμίως·)
3012 3651 3098 3703 ἵνα
3146 3652 3220 3723 μὴ
3267 3655 3469 3726 νομίσῃ
3507 3674 3599 3720 τις
3626 3659 3679 3710 τὸ

2085 3739 2318 3803 ἄναντες
2345 3739 2463 3794 ὁδὸν
2484 3740 2623 3793 εἶναι
2650 3742 2988 3813 σωματικὴν,
3018 3744 3104 3797 ἵνα
3152 3745 3224 3814 μὴ
3272 3748 3679 3817 περιορίζεσθαι

2086 3832 2210 3904 δόξῃ
2236 3832 2368 3895 Θεὸς
2398 3833 2456 3885 ἐν
2502 3834 2703 3895 αὐτοῖς.
2748 3836 2856 3887 Καὶ
2885 3834 3133 3907 θεοφόροι
3162 3838 3301 3890 εἰσιν
3332 3839 3394 3890 οὐ
3438 3840 3566 3892 κατ’
3602 3842 3679 3892 οὑ-

2089 3924 2230 3990 σίαν,
2276 3924 2412 3977 ἀλλά
2459 3924 2601 3977 κατά
2659 3926 2853 3997 χάριν,
2898 3929 2992 3980 καὶ
3043 3927 3457 3999 θεραπευτικῶς
3499 3930 3677 3984 ὕπτιοι

2088 4018 2225 4088 πρὸς
2251 4016 2349 4080 τὰς
2376 4016 2526 4079 θείας
2554 4017 2839 4087 ὑποδοχάς.
2872 4020 2946 4072 Οὐ
2976 4019 3096 4071 κατ’
3127 4020 3309 4073 οὐσίαν
3335 4021 3392 4073 δὲ
3425 4017 3589 4075 εἶπον
3629 4023 3679 4075 τὸ

2087 4109 2364 4181 θεοφόρον,
2391 4110 2471 4162 ὅτι
2494 4113 2520 4162 6
2543 4110 2807 4180 μακάριος
2826 4112 3106 4175 Βασίλειος
3133 4112 3237 4183 τὴν
3273 4112 3535 4183 θεοφόρον
3567 4110 3675 4167 εἷπε

2088 4203 2299 4274 σάρκα·
2336 4202 2450 4254 ἀλλ’
2480 4202 2632 4273 ἡμὲν
2669 4202 2804 4275 σὰρξ
2826 4203 2921 4256 τοῦ
2955 4204 3161 4275 Κυρίου
3192 4204 3312 4256 κατ’
3355 4206 3547 4258 οὐσίαν
3596 4208 3674 4260 καὶ

2088 4292 2208 4345 καθ’
2227 4293 2520 4346 ὑπόστασιν
2553 4294 2729 4364 ἦνωτο
2773 4295 2921 4366 αὐτῷ
2938 4296 3018 4367 τῲ
3038 4296 3159 4367 Θεῷ
3174 4297 3330 4367 Λόγῳ
3348 4297 3424 4359 ὡς
3442 4299 3676 4370 φέρουσα

407 4389 724 4457 hypostasin
755 4391 904 4443 unita
931 4392 1029 4461 ipsi
1062 4401 1182 4446 erat
1206 4392 1384 4446 Verbo
1416 4391 1545 4460 Deo,
1568 4402 1824 4462 tanquam
1860 4409 1983 4464 quae

2162 4402 2177 4436 θ
2210 4384 2341 4436 Θεὸν
2371 4386 2540 4453 Λόγον
2575 4386 2694 4439 καθ’
2728 4388 2921 4441 ἕνωσιν
2942 4389 3327 4451 ἀδιάσπαστον,
3351 4390 3521 4443 αὑτοῦ
3550 4391 3676 4463 σάρξ

406 4480 615 4534 ferebat
654 4481 820 4534 Deum
858 4481 1093 4536 Verbum
1130 4483 1426 4537 secundum
1472 4485 1729 4537 unionem
1766 4485 1983 4553 insepa—

403 4573 657 4635 rabilem,
700 4575 917 4643 proprie
964 4589 1028 4628 ac
1062 4590 1193 4629 vere
1240 4574 1412 4643 ipsius
1443 4589 1603 4637 caro,
1636 4583 1691 4629 et
1740 4576 1882 4629 dicta
1931 4585 1989 4631 et

403 4666 678 4731 existens;
714 4667 893 4721 throni
932 4682 1062 4721 vero
1111 4683 1217 4722 non
1254 4668 1555 4722 secundum
1600 4668 1984 4732 substantiam,

403 4760 498 4814 sed
549 4759 849 4814 secundum
887 4760 1158 4827 gratiam,
1202 4769 1260 4810 ut
1310 4757 1516 4811 dictum
1568 4768 1671 4822 est,
1725 4759 1987 4814 habentes

408 4851 575 4904 Deum
614 4851 664 4902 in
701 4850 1010 4920 semetipsis
1047 4848 1305 4905 ineffabili
1343 4850 1579 4914 ratione,
1610 4849 1803 4904 deiferi
1843 4866 1984 4904 nuu-

406 4952 697 5011 cupantur.

484 5033 604 5103 §ll.
638 5031 762 5085 Haec
807 5029 1050 5099 quidem,
1085 5038 1351 5099 quantum
1398 5027 1549 5083 effari
1589 5042 1897 5098 possumus,
1938 5036 1999 5084 et

412 5138 512 5189 pro
545 5124 801 5177 facultate
832 5134 1039 5184 nostra,
1085 5123 1366 5176 nominum
1407 5123 1650 5191 ipsorum
1698 5132 1781 5176 est
1807 5122 1995 5190 expla-

409 5215 559 5270 natio
614 5216 1065 5285 declaratiuque:
1125 5225 1251 5282 post
1322 5217 1439 5270 haec
1497 5229 1627 5269 vero
1675 5215 1987 5278 dicendum,

404 5322 571 5378 quam
623 5306 986 5360 hierarchiam
1022 5313 1078 5359 et
1111 5306 1509 5376 mystagogiam
1562 5320 1751 5360 eorum
1798 5306 1989 5359 existi-

409 5412 642 5450 memus.
681 5397 811 5450 Illud
850 5413 1107 5466 namque,
1137 5396 1317 5450 omnis
1354 5396 1614 5450 nimirum
1665 5395 1990 5450 hierarcbize

409 5504 657 5557 smpnm,
694 5490 807 5544 sive
841 5500 1080 5545 nostram
1106 5491 1231 5559 quis
1282 5490 1482 5543 dixerit
1528 5490 1644 5543 sive
1686 5488 1988 5550 cmlestem,

410 5598 475 5634 ex
518 5580 684 5634 Deum
720 5582 967 5637 imitante
998 5581 1371 5638 deiformitate
1400 5580 1864 5634 indeclinabiliter
1898 5577 1991 5631 de-

413 5676 673 5746 pendere,
740 5685 901 5747 atque
936 5694 1150 5734 onmem
1204 5675 1602 5734 sacerdotalem
1654 5672 1988 5732 iunctionem

2093 4479 2187 4530 καὶ
2219 4478 2487 4550 λεγομένη
2522 4482 2617 4533 καὶ⁸
2648 4483 2969 4553 ὑπάρχουσα
3006 4483 3215 4553 κυρίως
3242 4484 3338 4535 καὶ
3372 4484 3519 4536 κατά
3552 4485 3674 4553 ἀλή-

2090 4568 2273 4623 θειαν·
2302 4572 2351 4623 οἱ
2385 4572 2443 4625 δὲ
2477 4572 2655 4643 θρόνοι
2693 4574 2755 4628 οὐ
2790 4574 2908 4627 κατ’
2930 4574 3137 4639 οὐσίαν,
3163 4573 3301 4627 ἀλλά
3333 4576 3480 4628 κατά
3505 4580 3673 4647 χάριν.

2089 4661 2165 4724 ὡς
2193 4661 2430 4733 εἴρηται,
2466 4663 2682 4733 ἔχοντες
2710 4666 2766 4717 ὲν
2813 4665 3026 4727 ἑαυτοῖς
3046 4664 3137 4718 τὸν
3172 4664 3306 4719 Θεὸν
3339 4666 3572 4738 ἀρρήτῳ
3602 4666 3673 4718 λά

2089 4768 2191 4822 γῳ,
2225 4752 2473 4825 θεοφόροι
2506 4754 2773 4824 λέγονται.

2164 5033 2191 5105 §
2213 5036 2275 5087 ll.
2298 5034 2446 5105 Αὕτη
2480 5033 2577 5104 μὲν
2602 5033 2634 5102 ἡ
2657 5033 2765 5085 σῶν
2782 5032 3062 5103 ὀνομάτων
3100 5031 3436 5105 ὲκφαντορία
3471 5032 3565 5084 καὶ
3586 5034 3668 5100 δην

2090 5124 2274 5188 λωσις,
2293 5127 2368 5186 ὡς
2388 5125 2509 5179 καθ’
2526 5127 2669 5195 ἡμᾶς
2689 5127 2880 5187 εἰπεῖν,
2906 5125 2998 5177 καὶ
3012 5123 3108 5192 τὴν
3125 5123 3400 5192 ἡμετέραν
3420 5122 3665 5195 δύναμινξ

2090 5204 2307 5257 λεκτέον
2326 5202 2383 5255 δὲ
2421 5194 2769 5273 μετάταῦτα,
2803 5198 2923 5249 τίνα
2952 5197 3050 5266 τὴν
3078 5196 3358 5267 ίεραρχίαν
3387 5194 3567 5247 αὐτῶν
3591 5194 3669 5246 καὶ

2091 5298 2190 5369 τὴν
2233 5294 2614 5368 μυσταγωγίαν
2641 5290 2881 5362 οἰόμεθα,
2917 5291 2990 5343 Τὸ
3023 5290 3120 5360 μὲν
3159 5288 3267 5360 γάρ
3294 5285 3434 5343 εἶναι
3466 5290 3557 5341 τὸν
3585 5288 3671 5354 τῆς

2094 5392 2313 5459 ἁπάσης
2348 5388 2628 5459 ἱεραρχίας
2662 5384 2882 5445 σκοπὸν,
2916 5383 3017 5437 κᾶν
3060 5383 3157 5452 τὴν
3195 5380 3315 5434 καθ’
3351 5383 3499 5451 ἡμᾶς
3542 5380 3669 5430 εἴποι

2094 5499 2199 5546 τις,
2227 5481 2331 5535 κᾶν
2350 5480 2450 5550 τὴν
2475 5476 2754 5548 οὐρανίαν,
2790 5472 3160 5543 ἐξηρτημένον
3187 5472 3280 5523 xai
3310 5468 3556 5540 ἐκκρεμῆ
3584 5466 3667 5532 τῆς

2098 5574 2427 5644 θεομιμήτου
2478 5567 2765 5628 θεοειδείας
2817 5564 3071 5627 ἀκλινῶς,
3120 5564 3214 5614 καὶ
3256 5562 3315 5613 τὸ
3360 5556 3667 5629 ὃιαιρεῐσὲιτ

2102 5670 2279 5727 πᾶσαν
2314 5660 2693 5738 πραγματείαν
2729 5658 3009 5731 ἱερατικὴν
3040 5658 3119 5718 εἰς
3155 5653 3248 5708 δύο
3273 5652 3463 5716 ταῦτα,
3502 5652 3578 5715 εἷς
3626 5662 3663 5700 εί
