3734 6332
60 276 191 334 221

627 276 717 332 DE
749 274 1078 334 C(ELESTI
1113 272 1561 339 HIERARCHIA,
1596 274 1749 329 CAP.
1790 274 1901 330 Vll.
1935 304 2004 315 --
2035 272 2382 329 PARAPIIR.
2420 271 2892 330 PACHYMERE.

3270 273 3379 330 2‘39.

62 393 329 467 μετοχὴν
363 394 457 447 καὶ
498 392 752 458 διάδοσιν,
786 393 1023 464 (πρῶτον
1070 392 1177 461 γὰρ
1227 392 1536 462 μετέχομεν,

1903 406 1995 445 nec
2030 392 2160 453 duo,
2202 391 2410 445 scilicet
2444 392 2919 460 participationem
2972 401 3027 446 et
3054 393 3377 450 transiuit»-

57 487 211 543 εἶτα
242 489 595 561 μεταδίδομεν
637 489 728 541 καὶ
764 490 925 558 ἡμεῖς
955 489 1047 541 καὶ
1090 487 1138 540 οἱ
1184 486 1421 555 ἄγγελοι.
1453 487 1605 548 Τίνος
1630 486 1686 538 δὲ

65 579 418 651 μετέχομεν,
457 580 551 632 καὶ
590 578 733 641 τίνος
785 578 1175 649 μεταδίδομεν;
1213 579 1428 640 πάντως
1476 576 1685 647 καθάρ-

64 687 233 734 σεως
272 668 509 740 ἀμιγοῦς
537 669 630 724 καὶ
672 670 859 731 ἁΰλου,
896 672 989 723 καί
1037 669 1180 723 θείου
1225 668 1422 739 φωτὸς,
1458 670 1552 722 καὶ
1599 684 1688 721 τε-

62 764 351 833 λεπικῆς
405 763 499 815 καὶ
573 763 840 833 μυστικῆς
900 762 1245 833 ἐπιστήμης·
1303 760 1516 830 πρῶτον
1578 759 1686 832 γὰρ

63 858 494 930 καθαιρόμεθα,
552 852 669 911 εἶτα
730 855 1109 927 φωτιζόμεθα,
1167 854 1461 926 μετέπειτα
1501 854 1557 907 δὲ
1598 871 1687 907 τε-

62 950 383 1020 λειοόμεθα
420 952 537 1020 μετ’
568 952 897 1022 ἐπιστήμης,
935 950 1029 1002 καὶ
1058 948 1470 1020 θεοποιούμεθα,
1498 948 1686 1020 ὥσπερ

59 1040 123 1091 δὲ
178 1040 280 1093 καὶ
330 1039 543 1109 πρῶτον
593 1042 947 1113 καθαίρομεν,
997 1034 1116 1092 εἶτα
1158 1039 1484 1110 φωτίζομεν,
1524 1039 1684 1110 μετέ-

62 1148 251 1183 πειτα
323 1130 380 1182 δὲ
453 1130 714 1199 τελοῦμεν
794 1128 1300 1200 ὲπιστημονικῶς),
1374 1128 1686 1201 ἀρκούντως

58 1222 178 1290 ἤδη
246 1220 568 1291 διελάδομεν
596 1239 607 1253 ·
668 1220 764 1274 νῦν
807 1221 863 1273 δὲ
908 1219 1137 1291 εὔχομαι
1188 1222 1355 1288 ἀξίως
1393 1223 1501 1275 τῶν
1551 1239 1685 1293 προ-

62 1312 358 1381 κειμένων
389 1313 582 1373 εἰπεῖν,
615 1313 732 1375 πῶς
776 1314 810 1383 ἡ
848 1312 965 1364 κατ’
1008 1312 1202 1375 αὐτοὺς
1239 1312 1485 1385 ἰεραρχία
1534 1312 1686 1385 παρὰ

59 1405 170 1473 τῆς
201 1404 363 1475 ἱερᾶς
380 1405 473 1458 καὶ
504 1404 653 1467 θείας
678 1404 901 1476 Γραφῆς
928 1404 1182 1474 δηλοῦται
1216 1405 1367 1475 ἡμῖν.
1390 1407 1523 1469 Ταῖς
1543 1405 1686 1477 πρώ-

58 1512 199 1557 ταις
221 1495 438 1557 οὐσίαις
461 1535 476 1557 ,
512 1496 714 1557 αἵτινες
747 1493 884 1564 μετὰ
923 1494 1021 1564 τὴν
1070 1493 1218 1546 θείαν
1255 1494 1556 1547 οὑσιοποιὸν
1590 1494 1685 1546 καὶ

60 1586 486 1658 δημιουργικὴν
520 1587 709 1640 οὐσίαν
735 1588 998 1657 ἵδρυνται,
1030 1587 1125 1639 καὶ¹
1163 1582 1272 1640 οἷον
1303 1589 1359 1640 ὲν
1390 1587 1684 1658 προθύροις

59 1678 289 1749 ταύτης
328 1679 434 1730 εἰσὶ
486 1678 856 1748 τεταγμέναι,
906 1682 999 1733 καὶ
1053 1679 1462 1751 ὑπερϐεϐήκασι
1496 1679 1683 1748 πάσης

1791 499 1933 548 nem,
1950 483 2113 536 dividi
2150 483 2442 552 (siquidem
2462 484 2694 552 primum
2727 485 3218 555 participantus,ac
3232 488 3377 542 dein-

1788 576 1855 629 de
1891 574 2340 643 transfundimus,
2372 584 2479 629 tant
2509 592 2608 629 nos
2636 592 2798 644 quam
2833 578 3029 645 angeli.
3065 578 3215 643 Quid
3245 593 3375 633 vero

1788 666 2195 735 participamus,
2214 676 2305 719 aut
2319 666 2449 735 quid
2468 667 2892 723 transfundimns
2907 667 3167 722 totnuino
3183 686 3371 738 parant

1787 765 1841 809 et
1868 756 2279 809 intmaterlalem
2324 756 2713 825 expiationem,
2738 757 2853 810 sive
2876 758 3121 811 divinum
3160 760 3370 824 lumen,

1787 849 1903 900 sive
1931 848 2279 914 perfectivam
2323 850 2718 916 mysticamque
2760 848 3047 903 scientiam
3081 868 3095 903 :
3134 850 3366 917 primum

1786 934 1930 987 enim
1948 935 2253 1002 expiantur,
2270 935 2464 990 deinde
2477 938 2867 998 illmninanmr.
2884 953 2946 992 ac
2962 940 3182 994 tandem
3196 942 3371 995 scien-

1790 1028 1863 1079 tia
1889 1028 2199 1096 perlicimur
2218 1031 2752 1098 atquedeil‘tonmur;
2781 1031 2971 1085 eodem
3007 1034 3192 1103 utique
3208 1035 3369 1087 modo

1787 1121 2020 1189 primum
2041 1123 2345 1191 capiamus,
2381 1124 2577 1177 deinde
2612 1124 3002 1188 illuminatnus,
3037 1128 3366 1198 tandemque

1786 1212 2099 1272 scietttilice.
2130 1214 2439 1281 perlicimus
2464 1216 2506 1282 ),
2527 1214 2858 1269 sullicienter
2900 1227 2984 1270 est
3022 1219 3365 1273 demonstra-

1789 1313 1898 1358 tum
1948 1322 1962 1358 :
2024 1322 2166 1361 nunc
2218 1316 2399 1361 autem
2453 1316 2584 1376 opto
2616 1309 2779 1376 digne
2828 1310 2895 1363 de
2943 1312 3106 1365 rebus
3167 1328 3366 1381 propo-

1787 1398 1908 1454 sitis
1958 1396 2271 1458 disserere.
2320 1402 2591 1468 quomodo
2648 1402 2901 1455 nimirum
2954 1404 3167 1457 illorum
3219 1406 3362 1459 bier-

1786 1487 1976 1542 arcbia
2026 1504 2095 1542 ex
2147 1492 2322 1543 sacris
2370 1490 2681 1560 divinisque
2736 1493 2938 1548 litteris
2991 1494 3145 1549 nobis
3177 1496 3360 1549 decla-

1786 1588 1959 1634 retur.
2014 1580 2214 1636 Primis
2262 1585 2537 1649 essentiis,
2577 1600 2697 1653 quas
2747 1597 2872 1653 post
2920 1588 3155 1643 divinam
3214 1591 3360 1645 illattt

1785 1673 2217 1728 substantillcam
2254 1683 2417 1743 atque
2469 1687 2744 1731 creantent
2790 1690 3036 1734 naturam
3091 1682 3361 1736 collocau-

63 1770 312 1839 κτιστῆς
360 1769 561 1839 ὁρατῆς
618 1771 712 1823 καὶ
769 1770 1003 1841 ἀοράτου
1061 1771 1308 1839 φύσεως,
1371 1769 1537 1839 ἤγουν

1910 1775 1965 1818 et
1984 1767 2138 1832 quasi
2164 1767 2216 1819 in
2237 1768 2518 1822 vestibulis
2537 1768 2654 1837 ejus
2668 1770 2927 1837 deposita}
2945 1782 3092 1837 sunt,
3116 1790 3359 1828 onmem-

64 1858 281 1933 πρώτῃ
336 1860 691 1930 διακοσμήσει
740 1861 850 1914 τῶν
897 1860 1057 1914 θείων
1106 1860 1417 1931 δυνάμεων,
1462 1860 1669 1913 οίκείαν

64 1952 426 2023 ὑποληπτέον
475 1949 613 2006 εἶναι
662 1955 756 2007 καὶ
789 1953 931 2007 κατὰ
960 1956 1068 2007 πᾶν
1101 1954 1315 2025 ὁμοφυῆ
1350 1955 1448 2024 τὴν
1485 1955 1669 2025 ίεραρ-

64 2044 219 2113 χίαν.
263 2045 518 2115 Καθεξῆς
550 2046 606 2100 δὲ
636 2047 817 2118 τίθησι
842 2048 909 2101 τὰ
941 2049 1040 2119 τῆς
1064 2050 1344 2121 ἱεραρχίας
1382 2049 1669 2120 ἰδιώματα,

67 2138 193 2199 πῶς
228 2136 476 2208 καθαραὶ
513 2134 709 2204 αὗται,
754 2138 872 2202 πῶς
911 2138 1279 2211 θεωρητικαὶ,
1316 2140 1434 2205 πῶς
1465 2140 1673 2193 τετελε-

68 2227 301 2297 σμέναι,
355 2228 709 2300 ἐξῃρημένως
742 2229 959 2292 πάντως
992 2230 1085 2283 καὶ
1116 2230 1178 2282 οὐ
1211 2232 1330 2284 κατ’
1364 2231 1669 2303 ἄνθρωπον,

67 2320 159 2372 ἵνα
190 2319 379 2373 οἰκεία
409 2322 530 2383 ταῖς
558 2320 819 2391 οὐσίαιςὴ
855 2321 1102 2392 ἰεραρχία
1213 2322 1465 2395 Καθαραί
1494 2324 1672 2378 τοίνυν

66 2412 212 2464 εἰσιν
264 2411 330 2463 οὐ
384 2410 528 2465 κατὰ
583 2410 902 2487 ἄνθρωπον,⁹
942 2413 1034 2465 ἐπὶ
1067 2414 1175 2486 γὰρ
1226 2414 1332 2467 τῶν
1366 2414 1672 2487 ἀνθρώπων

70 2500 318 2571 καθαροὶ
346 2500 595 2567 λέγονται
645 2500 761 2571 ἥοὶ
812 2502 921 2555 ἀπὸ
966 2502 1197 2571 κηλίδων
1232 2504 1327 2557 καί⁵
1382 2505 1673 2575 μολυσμῶν

70 2591 451 2663 καθαρθέντες
472 2632 487 2655 ,
523 2591 555 2663 ἢ
590 2593 684 2645 καὶ
717 2594 765 2645 οἰ
804 2593 1084 2663 μείναντες
1117 2595 1180 2646 ἐκ
1208 2595 1473 2662 γενέσεως
1501 2612 1671 2668 προσ-

72 2682 216 2736 ύλων
255 2684 570 2753 φαντασιῶν
617 2684 979 2739 ἀνεπίδεκτοι.
1011 2686 1086 2738 Οὐ
1118 2686 1301 2739 τοίνυν
1355 2686 1411 2738 αἱ
1460 2686 1673 2757 πρῶται

70 2775 341 2845 δυνάμεις
374 2776 612 2845 καθαραὶ
642 2777 1072 2848 τοιουτοτρόπως
1106 2778 1357 2846 λέγονται
1384 2818 1399 2841 ,
1435 2778 1551 2831 ἀλλ’
1598 2778 1674 2842 ὼς

73 2864 411 2935 ὑψηλότεραι
437 2867 531 2918 καὶ
555 2866 813 2919 ἐπέκεινα
834 2868 1015 2937 πάσης
1053 2867 1376 2939 μολυντικῆς
1405 2866 1671 2937 ὑφέσεως,

73 2960 167 3009 καὶ
230 2958 437 3021 παντὸς
484 2958 886 3033 ὑποϐεϐηκότος
951 2958 1192 3031 καθαροῦ
1250 2976 1310 3012 τε
1368 2958 1463 3013 καὶ
1524 2957 1673 3032 ιεροῦ

74 3050 381 3120 ἀγιώτεραι
403 3092 417 3113 ,
464 3052 605 3104 κατὰ
637 3052 736 3123 τὴν
767 3052 1080 3123 ὑπερτάτην
1107 3053 1199 3105 καὶ
1230 3052 1329 3105 οὐκ
1358 3054 1421 3105 ὲκ
1450 3052 1676 3129 συγκρί-

1773 1872 1880 1927 que
1902 1858 2011 1928 63
2056 1870 2317 1927 superant
2345 1872 2589 1915 creatam
2619 1862 2887 1919 visibilem
2941 1875 2996 1919 et
3028 1866 3354 1921 invisibiletn

1772 1959 2027 2005 naturam
2048 1989 2065 2018 ,
2097 1952 2313 2020 prima},
2342 1953 2560 2022 inquam
2582 1995 2600 2020 ,
2633 1957 2938 2011 divinarum
2960 1960 3214 2013 virtutum
3239 1962 3354 2018 dis-

1779 2048 2055 2103 tributiont
2082 2086 2101 2114 ,
2162 2046 2439 2113 propriam
2468 2056 2522 2099 et
2556 2047 2608 2100 itt
2652 2049 2912 2103 omnibus
2950 2050 3211 2117 zequalem
3243 2053 3358 2107 bie-

1778 2130 2050 2184 rarchiam
2083 2146 2205 2186 esse
2250 2135 2545 2202 putandum
2594 2146 2699 2190 est.
2751 2138 2957 2193 Deinde
3010 2143 3161 2208 ponit
3196 2142 3356 2211 hujus

1774 2221 2101 2276 hicrarrhia:
2134 2225 2523 2293 proprietates,
2547 2231 2827 2295 quomodo
2858 2246 3006 2298 pura:
3037 2233 3147 2287 sint
3168 2273 3184 2298 ,
3214 2250 3353 2304 quo-

1777 2314 1936 2367 modo
1980 2315 2450 2384 contemplattvtc,
2499 2319 2774 2387 quomodo
2819 2320 3105 2388 perfectae,
3136 2339 3231 2393 per
3258 2340 3356 2379 ex-

1776 2404 2079 2460 cellentiam
2121 2406 2415 2471 videlicet,
2448 2418 2504 2462 et
2556 2426 2660 2462 non
2711 2413 3007 2467 secundum
3055 2413 3351 2480 hominem,

1777 2506 1835 2551 ut
1867 2499 2083 2567 propria
2133 2500 2348 2554 naturis
2382 2501 2448 2556 iis
2504 2502 2811 2557 ltierarcltia
2861 2506 2953 2558 sit.
2989 2504 3143 2560 Pura:
3173 2507 3355 2576 itaque

1776 2604 1932 2655 sunt,
1967 2609 2073 2646 non
2106 2594 2406 2648 secundum
2434 2594 2709 2649 hominem
2734 2613 2748 2650 :
2777 2598 2919 2666 apud
2944 2599 3188 2654 homines
3207 2602 3351 2656 enim

1777 2685 1896 2754 puri
1948 2684 2227 2749 dicuntur,
2262 2685 2346 2739 vel
2378 2688 2473 2753 qtti
2510 2702 2540 2740 a
2575 2688 2807 2742 maculis
2833 2698 2888 2745 et
2923 2690 3355 2759 inquinamentis

1776 2774 1977 2842 expiati
2026 2783 2197 2838 sunt,
2250 2776 2333 2829 vel
2379 2777 2469 2845 qui
2503 2778 2582 2832 sic
2615 2789 2835 2833 manent
2867 2796 2895 2832 a
2932 2783 3241 2847 uativitatc,
3296 2794 3353 2837 ιιι

1778 2864 2096 2918 ntaterialcs
2129 2864 2307 2919 nullas
2336 2868 2659 2934 pltantasias
2683 2869 2995 2924 admittant.
3027 2870 3224 2927 Prinne
3250 2874 3354 2928 ita-

1777 2964 1885 3019 qtte
1914 2950 2143 3005 virtutes
2178 2966 2283 3005 non
2337 2953 2441 3009 hoc
2475 2957 2637 3010 modo
2671 2972 2818 3024 pura:
2855 2957 3222 3027 nominantur,
3255 2964 3352 3017 sed

1779 3052 1837 3094 ut
1880 3040 2225 3096 sublimiores
2253 3051 2309 3096 et
2341 3044 2673 3099 excelsiores
2733 3049 2879 3101 omni
2916 3049 3221 3117 dejectione
3265 3054 3349 3107 in-

76 3159 214 3206 σεως
264 3142 634 3215 καθαρότητα.
671 3144 782 3198 Καὶ
815 3144 1004 3215 ῶσπερ
1034 3145 1095 3197 τὸ
1141 3144 1255 3215 φῶς
1303 3146 1361 3198 ἐν
1414 3162 1550 3215 φωτι

1877 3142 2056 3197 nante,
2087 3142 2252 3202 atque
2296 3136 2442 3188 omni
2476 3136 2933 3192 transcendentali
2964 3154 3232 3210 sacraque
3257 3158 3351 3211 pu~

74 3237 199 3298 ut;
258 3235 555 3304 δυνάμεσιν
587 3234 796 3307 ἵδρυται
816 3275 830 3300 ,
866 3235 961 3289 καὶ
993 3235 1126 3306 ἄλλη
1159 3253 1243 3299 τις
1274 3237 1374 3289 οὐκ
1412 3236 1558 3289 ἔστιν
1590 3237 1669 3289 oio

75 3326 332 3397 actatépa.
381 3324 613 3396 δύναμις
666 3325 760 3378 τοῦ
794 3327 1008 3395 φωτὸς,
1058 3327 1107 3379 εἰ
1145 3326 1219 3398 μὴ
1265 3325 1473 3396 φαίνοι·
1526 3325 1668 3379 οὕτω

76 3420 166 3473 καὶ
200 3414 367 3474 αὗται
402 3421 459 3472 ὲν
489 3420 752 3491 δυνάμεσι
786 3419 1223 3483 θεοειδεστάταις
1255 3420 1663 3492 ὑπερίδρυνται,

78 3509 168 3567 καὶ
216 3508 537 3579 ἀντέχονται
574 3511 671 3580 μὲν
712 3510 851 3563 κατὰ
890 3509 952 3563 τὸ
983 3509 1251 3581 ἄτρεπτον
1284 3510 1483 3573 αὐτῶν,
1532 3510 1667 3580 ὅπερ

77 3601 230 3670 ἔσχον
253 3600 351 3653 τοῦ
379 3600 514 3653 Θεοῦ
537 3600 742 3672 χάριτι.
767 3600 939 3653 Τοῦτο
972 3601 1029 3653 δὲ
1050 3600 1263 3671 νόησον,
1290 3600 1388 3670 οὐχ
1422 3601 1502 3653 ὅτι
1526 3600 1667 3653 κατὰ

77 3688 236 3755 φύσιν
272 3689 533 3759 ἄτρεπτοί
567 3692 693 3753 εἰσι,
720 3690 901 3760 (μόνον
934 3690 1043 3761 γὰρ
1073 3690 1135 3742 τὸ
1163 3690 1304 3743 κατά
1331 3689 1490 3759 φύσιν
1516 3688 1669 3759 ἄτρε-

79 3795 207 3830 πτον
240 3777 341 3830 τοῦ
374 3778 509 3831 Θεοῦ
542 3778 734 3848 ὲστιν,)
758 3779 871 3831 ἀλλ’
893 3780 974 3832 ὅτι
1007 3778 1101 3833 διὰ
1126 3779 1229 3851 τῆς
1250 3781 1343 3833 ἐπὶ
1375 3780 1435 3832 τὸ
1464 3780 1665 3847 ἀγαθὸν

79 3870 211 3936 ἄγαν
246 3869 492 3937 ἐφέσεως
524 3870 617 3923 ἐπὶ
643 3870 703 3923 τὸ
736 3871 891 3923 Θεῖον
929 3871 1182 3943 ρέψασαι,
1218 3872 1438 3943 ἔμειναν
1470 3870 1663 3933 οὕτως,

78 3958 183 4024 ἕξιν
212 3959 411 4031 ὥσπερ
442 3961 660 4030 ἔχουσαι
683 3960 743 4013 τὸ
771 3963 1196 4034 ἀμετακίνητον·
1230 3962 1386 4016 τοῦτο
1414 3963 1521 4035 γάρ
1550 3964 1664 4015 ἐστι

80 4050 134 4104 τὸ
164 4052 433 4120 φιλοθέως
458 4054 726 4125 ἄτρεπτον
748 4055 975 4109 τούτων.
1013 4056 1107 4110 Ἐκ
1138 4056 1268 4124 γοῦν
1295 4056 1388 4109 τοῦ
1422 4056 1482 4109 τὸ
1512 4056 1664 4109 Θεῖον

81 4143 245 4207 φιλεῖν
282 4145 509 4209 ὑλικῶς,
543 4148 642 4217 τῆς
673 4148 881 4211 οἰκείας
926 4150 1235 4219 ἀεικινήτου
1268 4150 1363 4202 καὶ
1408 4149 1663 4202 ταῦτοκι-

82 4238 235 4305 νήτου
270 4238 478 4304 τάξεως
510 4240 859 4313 ἀντέχονται,
894 4241 995 4311 τῆς
1026 4241 1191 4294 οἱονεὶ
1240 4240 1662 4313 ἀπαραλλάκτου

82 4327 169 4379 καὶ
201 4328 546 4399 ἀμεταϐόλου
573 4331 665 4383 καὶ
707 4330 969 4395 ὡσαύτως
1015 4330 1276 4402 ἐχούσης·
1314 4333 1559 4403 κινήσεις
1604 4331 1661 4385 δέ

83 4420 209 4472 εἰσιν
239 4421 331 4473 ἐπ’
367 4421 547 4474 αὐτῶν
580 4423 637 4475 αἱ
671 4423 940 4477 ἄπαυστοι
974 4425 1101 4495 περὶ
1129 4426 1229 4489 τὰς
1260 4427 1473 4497 νοήσεις
1512 4426 1661 4497 ὲνέρ-

83 4526 248 4578 γειαι,
302 4513 423 4576 νόες
453 4513 562 4584 γάρ
617 4516 756 4571 εἰσιν
787 4516 1057 4585 ἁσίγητοι.
1100 4516 1173 4568 Τὸ
1203 4516 1259 4568 δὲ
1293 4517 1661 4587 ἀντεχομένας

84 4604 345 4675 γράφεται
392 4606 485 4658 καὶ
531 4606 896 4677 ἀνεχομένας·
946 4606 1229 4680 ἀνέχονται
1287 4608 1377 4672 δὲ,
1424 4610 1507 4662 ὅτι
1560 4610 1660 4662 οὐκ

85 4696 255 4766 ἔχουσι
289 4698 448 4768 κόρον
478 4696 635 4761 τινὰ,
668 4698 787 4751 οὐδὲ
823 4698 1020 4771 βάρος,
1056 4700 1166 4752 οὐδ’
1200 4700 1407 4769 ἴλιγγον
1430 4739 1445 4764 ,
1479 4700 1568 4754 διὰ
1600 4702 1661 4753 τὸ

84 4788 161 4842 ἀεὶ
184 4788 451 4845 κινεῖσθαι
486 4790 614 4859 περὶ
647 4790 864 4855 ταύτὸν,
900 4792 1038 4863 ὅπερ
1070 4793 1155 4862 ἐφ’
1189 4794 1319 4864 ἡμῖν
1351 4792 1655 4863 συμϐαίνει,

85 4880 190 4931 καθ’
222 4882 251 4933 ὃ
282 4880 518 4949 εἴρηται,
538 4881 851 4948 Μεταὸολὴ
880 4882 1123 4938 πάντων
1150 4884 1283 4952 ἡδύ·
1308 4884 1421 4938 ἀλλ’
1455 4886 1658 4939 ἐκεῖναι

86 4968 351 5038 ἀνέχονται
390 4971 488 5040 μὲν
522 4972 781 5043 ἀρῤεπῶς
809 4973 909 5042 τῆς
935 4973 1142 5037 οἰκείας
1174 4974 1398 5041 τάξεως,
1435 4975 1527 5028 καὶ
1559 4976 1659 5053 τὴν

87 5057 166 5110 ἐπὶ
190 5060 257 5114 τὰ
291 5061 463 5131 χείρω
496 5062 718 5132 μείωσιν
755 5064 1034 5127 παντελῶς
1066 5068 1430 5138 ἠγνοήκασιν·
1468 5067 1655 5120 ἄπτω-

86 5162 162 5201 τον
191 5152 297 5222 γὰρ
347 5154 443 5205 καὶ
491 5154 889 5224 ἀμετακίνητον
931 5155 1115 5225 έχουσι
1160 5158 1258 5227 τὴν
1305 5156 1407 5226 τῆς
1450 5155 1657 5209 οἰκείας

87 5237 335 5308 θεοειδοῦς
376 5244 634 5315 ἰδιότητος
668 5246 877 5317 ἵδρυσιν
900 5287 913 5309 ,
966 5250 1061 5301 καὶ
1112 5248 1485 5318 ἀμιγεστάτην
1520 5246 1655 5318 πρὸς

86 5332 143 5384 τὰ
171 5337 335 5408 χείρω
389 5337 483 5390 καὶ
513 5339 612 5408 τὴν
646 5338 891 5392 ἐναντίαν
932 5340 1043 5407 ἕξιν
1089 5357 1147 5392 τε
1201 5342 1293 5394 καὶ
1352 5340 1647 5412 ἐνέργειαν.

89 5422 204 5479 Εἴτε
236 5429 356 5493 πῶς
392 5429 664 5501 καθαραὶ,
700 5430 794 5483 νῦν
844 5431 900 5484 δὲ
933 5432 1079 5500 λέγει
1132 5433 1249 5496 πῶς
1282 5432 1649 5504 θεωρητικαὶ,

86 5513 154 5567 ὅτι
184 5520 275 5573 καὶ
307 5518 469 5575 τοῦτο
500 5521 562 5577 οὐ
611 5520 754 5573 κατὰ
784 5521 1099 5593 ἄνθρωπον·
1144 5524 1236 5576 ἐπὶ
1268 5524 1376 5595 γὰρ
1408 5526 1522 5595 rei};
1556 5525 1649 5578 ἁν-

89 5602 306 5675 θρὼποις
342 5610 539 5682 θεωροὶ
571 5611 819 5680 λέγονται
845 5615 893 5664 ei
926 5614 1034 5666 τῶν
1072 5615 1382 5685 μυστηρίων
1416 5615 1649 5670 ἐπόπται

88 5696 160 5752 διὰ
187 5703 289 5756 τῶν
333 5703 679 5774 συμϐολικῶς
719 5704 1061 5776 λεγομένων,
1098 5708 1129 5779 ἢ
1164 5708 1437 5778 αἰσθητῶς
1468 5709 1649 5763 τελου-

94 5793 246 5857 μένων
279 5796 409 5870 περὶ
441 5794 599 5851 Θεοῦ.
640 5798 836 5870 Ἔσκον
868 5799 925 5853 δὲ
970 5799 1062 5854 καί
1105 5801 1153 5863 εἰ
1190 5800 1331 5871 ἅγιοι
1365 5801 1513 5866 τινὰῖ
1545 5804 1644 5875 ἐμ·

1696 4482 1739 4537 D

1773 3222 1935 3277 ritate
1972 3223 2299 3288 sanctiores,
2356 3225 2656 3277 secundum
2690 3226 3136 3281 sublimissimant
3174 3239 3227 3284 et
3262 3230 3348 3283 in-

1771 3315 2191 3381 comparabilem
2224 3318 2536 3385 puritatem.
2569 3316 2667 3381 Et,
2697 3318 2853 3371 sicuti
2907 3319 2995 3373 lux
3055 3321 3105 3374 itt
3141 3322 3346 3377 illutui~

1772 3405 2029 3459 nantibus
2053 3407 2350 3461 virtutibus
2378 3408 2700 3472 collocatur,
2725 3419 2777 3463 et
2803 3426 2910 3463 non
2935 3420 3017 3464 est
3042 3413 3147 3466 alia
3180 3414 3350 3482 magis

1770 3499 1988 3566 propria
2020 3499 2198 3555 virtus
2235 3501 2391 3567 lucis,
2426 3504 2470 3555 si
2504 3517 2610 3555 non
2642 3514 2905 3574 apparet;
2940 3504 3020 3560 sic
3049 3505 3217 3571 etiam
3266 3507 3350 3560 Ita:

1772 3589 1916 3643 inter
1940 3592 2180 3647 maxime
2214 3594 2512 3651 deifurmes
2544 3597 2777 3652 virtutes
2817 3599 3346 3666 supercollocantur,

1768 3692 1832 3731 ac
1865 3692 2211 3747 perseverant
2262 3688 2561 3741 secundum
2614 3688 3117 3744 imtnutabilitaletn
3166 3706 3345 3754 suam,

1768 3786 1930 3839 quant
1980 3771 2073 3825 Dei
2124 3778 2299 3844 gratia
2336 3778 2720 3835 obtinuerunt.
2764 3781 2917 3848 Quod
2964 3782 3046 3839 sic
3081 3784 3343 3853 intelligo,

1768 3877 1875 3916 non
1905 3864 2057 3932 quasi
2083 3881 2111 3918 a
2145 3877 2335 3923 natura
2364 3872 2472 3926 sint
2507 3873 2874 3931 inunutabilcs
2902 3876 3049 3947 (nam
3088 3876 3347 3930 immuta-

1768 3952 1956 4008 bilitas
1987 3955 2087 4010 soli
2126 3956 2234 4014 Deo
2264 3976 2292 4013 a
2333 3972 2528 4015 natura
2556 3965 2858 4035 competit),
2893 3966 2989 4019 sed
3019 3968 3188 4035 quod.
3236 3983 3347 4038 prae

1768 4042 1968 4106 ingenti
1996 4049 2060 4101 ad
2089 4051 2283 4104 bonum
2316 4055 2705 4120 propensione,
2743 4055 2806 4106 ad
2843 4070 3042 4109 numen
3096 4056 3341 4110 divinum

1765 4146 2079 4200 conversm,
2116 4138 2217 4192 hoc
2248 4140 2407 4193 modo
2460 4143 2884 4211 permanserint,
2924 4146 3346 4202 intmutabilita-

1767 4235 1873 4277 tem
1908 4231 2060 4294 quasi
2093 4231 2338 4284 habitum
2393 4232 2740 4287 obtinentes:
2770 4234 2883 4289 haec
2930 4236 3076 4291 enim
3128 4236 3343 4291 illarum

1766 4331 1849 4375 est
1885 4321 1938 4374 in
1980 4321 2090 4376 Deo
2144 4322 2377 4377 amando
2427 4324 2862 4384 inunutabilitas.
2920 4327 2997 4384 Ex
3047 4346 3113 4386 eo
3162 4333 3344 4402 itaque

1766 4415 1908 4484 quod
1948 4413 2113 4468 Deum
2152 4415 2389 4472 totaliter
2418 4429 2603 4472 antent
2629 4459 2645 4485 ,
2699 4436 2858 4475 suum
2912 4437 3127 4495 semper
3154 4427 3341 4481 eodem

1769 4505 1930 4559 modo
1959 4520 2019 4559 se
2048 4517 2355 4562 moventem
2389 4510 2635 4564 ordinent
2673 4520 2879 4577 tettent,
2916 4528 3075 4582 quem
3108 4519 3341 4586 quodam

1764 4597 1928 4651 modo
1957 4597 2377 4665 immutabilem,
2401 4611 2456 4655 et
2483 4614 2850 4669 constantem,
2876 4618 2932 4661 et
2961 4610 3149 4663 eodem
3181 4610 3341 4662 modo

1763 4687 2003 4741 habent:
2029 4690 2303 4745 motiones
2335 4703 2519 4746 autem
2555 4694 2665 4749 illis
2688 4707 2830 4756 sunt.
2862 4700 3229 4757 indesinentes
3260 4698 3341 4751 in.-

1764 4778 2131 4834 tellectionum
2186 4784 2567 4851 operationes;
2606 4797 2817 4841 mentes
2860 4790 3002 4843 enim
3056 4805 3185 4848 sunt
3222 4814 3340 4865 qua:

1761 4890 2038 4945 nunquam
2088 4879 2269 4935 silent.
2333 4878 2447 4934 Vox
2495 4892 2677 4936 autem
2720 4885 3118 4958 ἀντεχομένας,
3164 4892 3215 4946 id
3258 4902 3340 4947 est

1758 4982 2140 5033 perseverantes
2168 5012 2183 5037 ,
2258 4974 2524 5027 scribitur
2553 4976 2716 5029 etiam
2763 4978 3097 5050 ἀνεχομένας
3122 5020 3138 5044 ,
3174 4982 3224 5035 id
3255 4995 3339 5038 est

1759 5062 2119 5125 sustinentes;
2187 5066 2462 5119 sustinent
2508 5078 2689 5122 autent
2724 5072 2849 5138 quia
2904 5087 3077 5140 neque
3110 5074 3337 5128 satieta-

1760 5161 1888 5214 tem,
1920 5167 2099 5221 ueque
2125 5154 2477 5222 gravedinem
2508 5199 2524 5223 ,
2556 5175 2732 5229 neque
2763 5163 3083 5231 vertiginem
3136 5164 3337 5219 habent

1757 5256 1819 5295 ex
1847 5258 1913 5296 eo
1939 5245 2082 5311 quod
2114 5260 2328 5314 semper
2356 5249 2503 5302 circa
2534 5251 2673 5304 idem
2710 5264 3048 5319 moveantur,
3078 5258 3151 5310 uti
3180 5259 3337 5313 nobis

1756 5335 1991 5399 accidit,
2016 5336 2176 5403 juxta
2224 5340 2408 5393 tritunt
2435 5340 2576 5409 illud
2612 5358 2625 5394 :
2661 5342 2912 5398 Omnium
2952 5349 3177 5402 varialio
3207 5352 3334 5404 dul-

1753 5430 1827 5482 cis
1873 5439 1982 5493 est;
2035 5445 2224 5484 verum
2287 5433 2418 5501 ipsa:
2467 5445 2791 5492 constanter
2832 5439 3050 5507 quidem
3083 5443 3331 5498 ordinem

1752 5535 1911 5574 suum
1967 5530 2175 5588 tenent,
2208 5535 2263 5577 et
2296 5528 2348 5579 itt
2381 5527 2621 5583 deterius
2651 5530 3083 5587 imminutionem
3110 5538 3333 5591 omnino

1752 5629 1860 5667 non
1888 5626 2228 5683 agnoscunt;
2262 5620 2356 5672 sed
2388 5620 2768 5675 inconcussam
2806 5638 3021 5693 semper
3047 5636 3099 5681 et
3133 5630 3330 5683 immo-

1753 5704 1917 5759 bilem
1965 5708 2252 5764 deiformis
2300 5726 2411 5766 sua:
2460 5712 2821 5781 proprietatis
2868 5717 3052 5770 sedem
3100 5720 3328 5785 habent,

1761 5798 1925 5855 rebus
1959 5800 2123 5859 nullis
2161 5801 2443 5862 vilioribus
2480 5805 2769 5864 admistam
2797 5847 2813 5876 ,
2840 5823 3016 5876 neque
3045 5826 3169 5868 cum
3198 5827 3330 5869 con-
