3722 6304
431 251 542 307 2ίῦ

1597 228 1658 288 8.
1697 227 1858 290 NON
1867 227 1999 285 YSII
2041 222 2509 281 AREOPAGITIE

3605 215 3706 270 Sal

433 306 604 392 trario
658 331 847 388 habitu
897 338 951 384 et
1003 325 1346 396 operatione.
1380 325 1526 383 Dixit
1557 325 1833 393 quomodo
1863 339 1895 392 p

2235 316 2344 380 είας
2388 315 2564 378 Θεοῦ,
2613 313 2706 367 xui
2753 312 2822 366 δι’
2874 309 3146 381 αἰσθητῶν
3192 306 3512 380 συμβόλων,
3563 307 3646 371 ὡς
3692 310 3705 362 ὲ

430 427 574 494 sint;
629 439 774 480 nullo
823 421 1099 491 quomodo
1135 417 1582 484 contemplativa:
1627 416 1742 470 sint
1792 412 2009 484 pandit;

429 521 685 590 quoniam
716 516 880 570 etiam
933 513 1038 567 hoc
1072 527 1178 564 non
1230 509 1532 565 secundum
1564 508 1840 563 hominem
1881 523 1895 561 :
1938 507 2012 562 si-

428 610 648 680 quidem
701 604 1019 661 hominibus
1073 602 1514 671 contemplantes
1565 601 1853 665 dicuntur,
1915 600 2008 670 qui

429 697 685 768 mysteria
711 704 1038 750 conluentur
1069 691 1364 763 ρει-θήρα
1389 707 1510 761 quae
1535 691 1835 761 symbolice
1865 690 2008 745 dicta

426 791 512 844 vel
556 786 1184 856 sensibiliter‘perlecta
1217 795 1346 839 sunt
1391 787 1540 840 circa
1577 783 1770 838 Deum.
1820 783 2008 838 Sancti

423 892 603 936 autem
653 881 917 950 quasdam
970 878 1340 948 apparitiones
1380 877 1476 932 Dei
1511 879 1850 944 habuerunt,
1882 893 2005 934 cum

425 989 524 1042 per
543 973 765 1028 sensilia
796 970 1071 1041 symbolo,
1102 972 1248 1025 sicut
1274 971 1556 1025 Abraham
1585 978 1641 1024 et
1663 967 1864 1033 Jacob;
1892 980 2005 1024 tum

422 1067 518 1120 per
570 1053 948 1125 intellectilia,
1003 1061 1147 1116 sicut
1196 1061 1415 1130 quidam
1473 1074 1505 1116 e
1557 1055 1859 1129 prophetis,
1914 1052 2009 1123 qui

416 1146 561 1202 dixit
593 1166 607 1202 :
643 1147 714 1202 Et
747 1167 862 1205 acre
885 1153 1042 1221 plena
1085 1154 1256 1224 gloria
1299 1156 1490 1208 domus
1535 1151 1747 1206 Domini
1778 1160 1825 1212 ο,
1861 1162 2014 1216 qua:-

423 1257 548 1294 nam
581 1243 727 1296 enim
759 1252 902 1296 esset
928 1241 1104 1312 gloria
1141 1242 1268 1306 ista,
1293 1253 1474 1300 mente
1502 1244 1859 1314 percipimus.
1881 1243 1999 1302 Non

418 1331 498 1386 sic
532 1333 719 1401 uti-que
745 1333 1000 1389 cmlesles
1031 1334 1259 1390 virtutes
1290 1335 1733 1404 contemplantnr
1755 1375 1771 1400 ,
1820 1352 1999 1407 neque

417 1426 682 1482 varietate
741 1409 1271 1496 scripturisticarum
1334 1429 1865 1498 contemplationum
1927 1433 1997 1487 ad

415 1526 659 1581 divinum
707 1544 908 1583 nomen
973 1530 1353 1597 adducuntur;
1405 1533 1504 1588 sed
1555 1536 1997 1605 contemplativa:

417 1617 700 1680 dicuntur,
735 1627 996 1688 tanquam
1038 1620 1346 1690 adimpletae
1387 1621 1594 1676 lumine
1640 1624 1992 1680 sublimiori:

419 1725 590 1779 neque
631 1720 840 1766 tantum
888 1711 1162 1775 sensibili,
1196 1726 1388 1766 verum
1438 1714 1584 1767 omni
1644 1715 1992 1772 immateriali

412 1804 728 1872 cegnitione
751 1805 949 1873 plenze,
980 1801 1096 1870 ejus
1123 1805 1267 1871 quod
1297 1819 1427 1858 vere
1452 1819 1518 1858 ac
1538 1808 1760 1875 proprie
1791 1807 1992 1863 bonum

411 1907 497 1950 est
516 1933 534 1962 ,
587 1897 771 1950 divina
795 1937 811 1961 ,
842 1900 1064 1966 inquam
1091 1937 1106 1962 ,
1141 1898 1599 1966 contemplatione
1627 1900 1994 1959 sanctissimae

412 1996 738 2053 Trinitatis:
775 1997 949 2067 ipsius
985 2014 1206 2068 quoque
1252 1998 1383 2056 Jesu
1435 2003 1824 2059 c'ommunione
1859 2021 1994 2075 gau-

409 2088 540 2142 dent
565 2129 579 2152 ,
605 2090 1052 2160 participatione,
1087 2093 1310 2163 inquam
1334 2136 1349 2161 ,
1375 2093 1563 2164 gloria:
1590 2110 1656 2150 ac
1686 2097 1992 2165 splendoris

407 2177 610 2233 Christi
655 2182 941 2248 corporis;
987 2184 1252 2252 siquidem
1305 2201 1409 2237 una
1463 2201 1585 2239 cum
1633 2202 1799 2242 carne
1841 2188 1988 2246 Patri

407 2270 613 2324 assidet
639 2314 654 2338 ,
684 2281 744 2324 ut
772 2272 943 2327 Filius
967 2284 1021 2327 et
1052 2273 1287 2328 Verbum
1321 2274 1458 2342 ejus.
1487 2276 1620 2330 Cum
1654 2287 1836 2332 autem
1869 2280 1992 2333 nni-

404 2359 606 2413 versim
641 2361 947 2415 hierarchia
980 2362 1202 2417 deﬁnita
1245 2364 1317 2418 sit
1344 2380 1503 2420 sacer
1533 2368 1689 2429 ordo,
1723 2377 1778 2422 et
1809 2369 1988 2424 scien-

365 2519 377 2523 π
409 2451 504 2516 tia,
555 2462 611 2506 et
653 2453 920 2520 operatio,
976 2455 1271 2522 accedens,
1331 2467 1597 2526 quantum
1649 2459 1732 2514 fas
1774 2473 1877 2524 est,
1920 2463 1988 2518 ad

405 2549 858 2618 tleil'ornntatem,
895 2570 997 2609 nec
1030 2571 1161 2620 non,
1214 2556 1396 2612 insitis
1427 2559 1530 2614 sibi
1563 2562 1826 2620 divinitus
1867 2564 1987 2619 illn-

403 2644 800 2703 strationibus.
837 2648 1188 2715 proportione
1230 2653 1465 2719 quadam
1503 2654 1571 2708 ad
1615 2655 1708 2709 Dci
1750 2656 1984 2712 adducta

406 2733 767 2790 imitationem
793 2739 1079 2793 considera
1109 2740 1196 2796 hic
1227 2741 1372 2796 illam
1405 2743 1726 2799 bierarchim
1747 2757 1984 2818 partem,

399 2841 524 2895 quae
569 2840 654 2882 est
697 2829 928 2884 scientia
979 2833 1550 2903 siveeontemplalio,
1589 2841 1869 2907 quomodo
1916 2843 1984 2897 ad

401 2917 823 2975 deiformitatem
868 2933 1251 2991 componatur,
1305 2936 1362 2980 et
1405 2943 1642 2995 quonam
1709 2933 1871 2988 modo
1915 2934 1981 2988 ad

402 3009 720 3086 lmitamlnm
751 3012 922 3070 Deum
951 3017 1253 3071 adducatur
1281 3034 1295 3069 :
1333 3020 1520 3089 utique
1558 3037 1665 3075 non
1696 3022 1750 3075 in
1782 3023 1979 3095 imagi-

401 3103 562 3158 nibus
589 3119 747 3159 sacro
798 3108 960 3162 modo
991 3109 1171 3176 lictis,
1204 3111 1594 3180 prophetarum
1624 3130 1806 3183 more,
1841 3115 1980 3171 divi-

403 3209 524 3246 nam
596 3197 1033 3266 exprimentibns
1118 3203 1576 3270 similitudinem,
1647 3222 1710 3261 ac
1784 3205 1984 3262 tleilor-

399 3287 646 3341 mitatem
696 3290 1106 3346 conformantur
1152 3293 1388 3363 (Grmce
1447 3297 1826 3366 ἀποτυποῦσι,
1883 3295 1982 3371 pro

396 3375 842 3442 ἀποτυπούσαις,
897 3383 1256 3438 masculinum
1298 3401 1398 3454 pro
1453 3387 1717 3444 feminino
1765 3396 1978 3460 posuit,

397 3470 703 3524 Atticorum
734 3487 906 3536 more,
938 3474 1079 3528 sicut
1113 3475 1306 3540 κλυτὸς
1351 3478 1750 3552 Ἱπποδάμεια),
1775 3487 1867 3538 sed
1893 3485 1979 3538 di-

400 3574 601 3616 cuntur
635 3565 1095 3634 contemplantes,
1153 3579 1412 3641 tanquam
1459 3573 1562 3643 ipsi
1605 3590 1734 3630 vere
1781 3593 1979 3648 appro-

400 3648 746 3721 pinquantes,
794 3656 912 3710 sine
942 3659 1116 3714 sacris
1154 3660 1648 3733 ell'nrmationibus,
1697 3669 1801 3723 hoc
1831 3673 1977 3725 enim

397 3751 482 3794 est
529 3740 582 3794 in
634 3742 896 3812 primaria
946 3750 1367 3820 participatione
1411 3755 1767 3825 cognitionis,
1818 3763 1976 3830 quasi

398 3830 718 3888 immediate
743 3845 798 3889 et
825 3836 964 3893 citra
1003 3844 1246 3911 symbola
1280 3845 1702 3904 similitudinem
1733 3851 1979 3923 eﬂigian-

398 3932 495 3986 tia.
520 3933 660 4000 Quid
687 3935 832 3990 enim
866 3937 972 3992 illis
995 3939 1243 3996 conferat
1265 3944 1580 4013 sapphirus,
1602 3957 1656 4002 et
1685 3947 1973 4017 electrum,

395 4032 453 4076 et
480 4024 749 4094 quidlibet
778 4030 996 4096 generis
1045 4029 1314 4098 ejusdem,
1361 4033 1428 4086 ad
1473 4036 1668 4091 divinae
1713 4053 1976 4092 corusca-

397 4115 563 4169 tionis
591 4118 1146 4187 contemplationem,
1177 4137 1298 4178 cum
1340 4124 1460 4194 ejus
1510 4126 1824 4186 immediate
1853 4148 1980 4201 par-

402 4207 627 4276 ticipent
655 4210 1062 4280 cognitionem?
1090 4213 1372 4280 Quomodo
1397 4225 1578 4273 autem
1606 4224 1852 4290 cognitio
1897 4233 1977 4279 at-

397 4313 505 4367 que
576 4304 968 4370 contemplatio
1045 4307 1113 4360 ad
1185 4307 1613 4368 deiformitatetn
1705 4316 1978 4371 assimilut

2130 408 2378 480 ’Λϐραάμ
2427 408 2520 460 xui
2574 407 2602 458 6
2648 403 2874 458 Ἰακώϐ·
2930 402 3024 455 xui
3069 400 3156 453 διὰ
3188 399 3426 470 νοερῶν,
3475 398 3555 463 ὡς
3590 401 3621 451 6
3655 402 3706 452 ἐν

2114 503 2221 554 τῶν
2244 499 2538 572 προφητῶν
2559 495 2750 555 εἰπὼν,
2772 493 2885 548 Καὶ
2903 492 3030 546 ἰδοὺ
3051 489 3481 562 πλήρηςβόξης
3495 495 3528 546 ὁ
3549 490 3706 554 οἶκος

2113 594 2369 660 Κυρίου’
2405 590 2490 654 τίς
2523 589 2632 660 γὰρ
2663 584 2731 659 ἦν
2761 588 2793 657 ἡ
2828 585 2957 651 δόξα
3000 583 3183 653 ἐκείνη
3205 624 3218 647 ,
3255 583 3688 652 κατανοήσομεν.

2113 685 2223 753 Οὐχ
2254 682 2397 737 οὕτω
2430 681 2611 734 τοίνυν
2655 679 2751 734 xui
2801 679 2858 732 αἱ
2893 675 3141 748 οὐράνιαι
3173 675 3434 744 δυνάμεις
3483 671 3706 741 θεωροὶ,

2109 775 2230 828 οὐδὲ
2262 777 2328 845 τῇ
2363 772 2604 843 ποικιλίᾳ
2657 770 2765 823 τῶν
2803 765 3202 840 ίερογραφικῶν
3237 762 3483 835 θεωριῶν
3515 761 3619 814 ἐπὶ
3653 759 3706 813 τὸ

2109 862 2253 915 θεῖον
2278 862 2604 931 ἀνάγονται·
2638 857 2774 912 ἀλλά
2799 856 3130 928 θεωρητικαὶ
3162 854 3435 924 λέγονται,
3456 852 3535 914 ὡς
3570 851 3706 903 ἀπο-

2109 953 2484 1024 πληρούμεναι
2511 951 2689 1021 φωτὸς
2714 948 3048 1021 ὑψηλοτέρου
3068 964 3080 976 ·
3098 947 3191 999 xui
3220 946 3293 1018 μὴ
3323 944 3483 1016 μόνον
3510 942 3706 1012 αἰσθή-

2108 1062 2264 1110 σεως,
2290 1043 2424 1097 ἀλλά
2457 1044 2550 1098 καὶ
2581 1043 2762 1112 πάσης
2794 1040 2960 1094 ἀΰλου
2994 1038 3268 1110 γνώσεως,
3288 1036 3384 1090 xui
3419 1033 3706 1106 ἐμπιπλά-

2108 1154 2265 1207 μεναι
2296 1137 2396 1208 τῆς
2443 1135 2536 1189 τοῦ
2571 1134 2738 1197 ὅντως
2772 1134 2866 1186 xui
2899 1132 3104 1203 κυρίως
3139 1126 3304 1182 καλοῦ
3325 1169 3338 1190 ,
3391 1126 3494 1196 τῆς
3551 1124 3704 1187 θείας

2103 1227 2247 1298 λέγω
2276 1228 2369 1284 xui
2410 1225 2698 1298 τριαδικῆς
2741 1223 3007 1294 θεωρίαςο
3044 1221 3143 1292 τῆς
3171 1220 3226 1273 δὲ
3270 1217 3449 1290 Ἰησοῦ
3503 1233 3705 1268 κοινω-

2102 1312 2221 1382 νίας
2271 1319 2571 1391 ἠξιωμέναι
2599 1359 2612 1382 ,
2649 1318 2747 1388 τῆς
2783 1315 3017 1386 μετοχῆς
3069 1313 3212 1382 λέγω
3245 1314 3338 1366 xui
3371 1311 3474 1381 τῆς
3505 1309 3700 1379 δόξης,

2102 1412 2197 1469 xui
2243 1412 2341 1483 τῆς
2385 1410 2772 1483 λαμπρότητος
2825 1409 2919 1461 τοῦ
2972 1407 3223 1478 σώματος
3269 1403 3365 1457 τοῦ
3416 1402 3696 1475 Χριστοῦ·

2102 1503 2240 1574 μετὰ
2274 1503 2473 1576 σαρκὸς
2515 1503 2624 1574 γὰρ
2671 1501 2749 1572 τῷ
2790 1501 2963 1571 Πατρὶ
3027 1496 3333 1568 συνεδρεύει
3375 1497 3404 1548 6
3435 1495 3569 1558 Υἱὸς
3603 1495 3701 1550 xui

2097 1595 2268 1664 Λόγος
2299 1594 2484 1650 αὑτοῦ.
2524 1593 2674 1647 Ἐπεὶ
2701 1593 2761 1645 δὲ
2794 1591 3022 1646 καθόλου
3046 1591 3078 1661 ἠ
3105 1587 3358 1660 ίεραρχία
3391 1586 3548 1653 τάξις
3575 1588 3699 1658 ἱερά

2025 1720 2068 1775 Β
2096 1686 2324 1759 ὡρίσθη,
2359 1686 2453 1740 xui
2484 1686 2783 1756 ἐπιστήμη,
2819 1685 2914 1738 xui
2954 1682 3255 1775 ἐνέργεια,Δ
3275 1679 3695 1775 ἀφομοιουμένη

2097 1781 2172 1843 ὡς
2201 1779 2442 1848 ἐφικτὸν,
2479 1777 2616 1848 πρὸς
2646 1776 2708 1830 τὸ
2739 1775 2991 1838 θεοειδές,
3018 1775 3111 1827 xui
3143 1772 3423 1840 ἀναλόγως
3453 1775 3581 1833 ταῖς
3611 1771 3697 1830 ἐν-

2092 1869 2395 1939 διδομέναις
2427 1867 2753 1936 stupeam
2784 1867 2877 1918 ἐπὶ
2907 1866 2967 1918 τὸ
2991 1864 3321 1935 θεομίμητον
3348 1863 3693 1933 ἀναγομένη,

2092 1957 2328 2012 ἐνταῦθα
2364 1957 2562 2028 σκέψαι
2611 1955 2673 2009 :6
2723 1955 2889 2027 μέρος
2920 1954 3021 2025 τῆς
3060 1955 3378 2025 ἱεραρχίας,
3411 1954 3510 2025 τὴν
3562 1955 3692 2006 ὲπι·

2094 2052 2327 2122 στήμην,
2363 2051 2529 2122 ἤγουν
2562 2047 2813 2119 θεωρίαν,
2850 2048 2966 2112 πῶς
3000 2047 3137 2118 πρὸς
3167 2047 3230 2099 :6
3263 2046 3497 2109 θεοειδὲς
3529 2046 3692 2113 ἀφωο

2093 2143 2341 2213 μοίωται,
2379 2143 2472 2195 xui
2506 2143 2623 2204 πῶς
2645 2140 2904 2208 ἀνάγεται
2941 2140 3076 2211 πρὸς
3108 2139 3167 2192 τὸ
3191 2139 3526 2209 θεομίμητον
3547 2161 3562 2170 σ
3589 2141 3692 2192 οὐκ

2089 2235 2147 2288 ὲν
2192 2235 2364 2289 είκόσι
2417 2232 2548 2303 γοῦν
2604 2232 2765 2305 ίερῶς
2800 2232 3158 2296 πλασθείσαις
3206 2231 3357 2302 παρά
3399 2231 3508 2284 τῶν
3547 2249 3688 2302 προ-

2089 2327 2274 2397 φητῶν
2320 2324 2659 2380 ἀποτυποῦσι
2708 2324 2806 2398 τὴν
2839 2323 2989 2376 θείαν
3045 2323 3344 2394 ὁμοίωσιν,
3419 2321 3562 2393 πρὸς
3627 2323 3691 2414 :6

2092 2412 2323 2479 θεοειδὲς
2353 2416 2740 2487 ἀφωμοίωνται
2760 2454 2775 2470 .
2817 2413 2900 2487 (:6
2928 2407 3310 2465 ἀποτυποῦσι
3341 2406 3400 2458 δὲ
3434 2406 3557 2458 ἀντὶ
3591 2406 3689 2458 τοῦ

2090 2509 2210 2571 ταῖς
2237 2508 2712 2575 ἁποτυπούσαις,
2734 2507 2794 2560 τὸ
2815 2503 3100 2577 ἀρσενικὸν
3126 2503 3247 2555 ἀντὶ⁸
3271 2499 3510 2572 θηλυκοῦ
3541 2501 3692 2552 ἀττι-

2089 2598 2222 2666 κῶς,
2245 2599 2320 2663 ὡς
2349 2599 2428 2654 τό’
2458 2601 2694 2666 Κλυτός
2732 2594 3147 2666 Ἱπποδάμειαῆ
3168 2593 3302 2647 ἀλλὰ
3328 2593 3447 2655 πῶς
3473 2591 3690 2662 θεωρη-

2084 2690 2255 2753 τικαὶ,
2289 2688 2366 2752 ὡς
2391 2687 2607 2758 άληθῶς
2639 2687 2787 2759 αὑτῷ
2812 2682 3240 2755 πλησιάζουσαι,
3289 2682 3385 2736 xui
3413 2682 3538 2754 δίχα
3571 2684 3685 2735 τῶν

2089 2777 2510 2852 ίεροπλαστιῶνο
2547 2776 2705 2829 τοῦτο
2738 2776 2846 2848 γάρ
2880 2777 2994 2828 ἐστι
3039 2773 3100 2826 :6
3151 2774 3208 2825 ὲν
3255 2771 3451 2844 πρώτῃ
3489 2789 3684 2842 μετου-

2089 2872 2181 2944 σίᾳ
2212 2872 2312 2943 τῆς
2343 2871 2624 2942 γνώσεως,
2658 2871 2820 2924 οἱονεὶ
2853 2869 3074 2940 ἀμέσως
3107 2866 3200 2920 xui
3232 2866 3357 2936 δίχα
3394 2865 3684 2935 συμϐόλων

2085 2963 2504 3018 ὑποτυπούντων
2535 2964 2635 3035 τὴν
2680 2962 2961 3034 ὁμοίωσιν.
3005 2961 3069 3012 Τί
3107 2958 3214 3027 γὰρ
3248 2959 3695 3027 ὲκείναιςόσαμ-

2090 3069 2273 3128 φειρος
2313 3095 2328 3120 ,
2392 3057 2486 3110 xui
2518 3057 2546 3109 6
2583 3056 2872 3126 ἤλεκτρος,
2910 3053 3002 3106 xui
3037 3053 3142 3104 πᾶν
3177 3050 3306 3102 εἴτι
3336 3048 3681 3119 τοιουτότρο-

2084 3169 2184 3204 πον
2219 3148 2354 3221 πρὸς
2384 3148 2616 3220 θεωρίαν
2650 3148 2751 3218 τῆς
2784 3146 2935 3209 θείας
2972 3143 3360 3216 μαρμαρυγῆς,
3396 3143 3457 3195 ὲν
3486 3143 3682 3213 ἀμέσῳ

2081 3240 2273 3309 οὔσαις¹
2301 3240 2560 3313 μετουσίᾳ
2595 3239 2700 3309 τῆς
2731 3236 3019 3307 γνώσεως;
3051 3235 3174 3298 Πῶς
3207 3235 3264 3288 δὲ
3289 3236 3322 3304 ἡ
3348 3234 3556 3302 γνῶσις
3585 3236 3682 3287 xui

2081 3338 2115 3408 ἡ
2151 3335 2352 3408 θεωρία
2384 3335 2636 3404 ἀφομοιοῖ
2668 3332 2805 3404 πρὸς
2835 3331 2896 3383 :6
2928 3329 3158 3392 θεοειδές
3187 3328 3278 3380 τὸν
3311 3326 3680 3396 γινώσκοντα;

2081 3429 2162 3482 ὅτι
2195 3430 2222 3480 6
2245 3426 2465 3499 θεωρῶν
2500 3425 2791 3495 Θαυμάζει,
2830 3425 2858 3476 6
2891 3419 3184 3490 θαυμάζων
3218 3417 3394 3481 ποθεῖ,
3429 3421 3458 3471 6
3493 3418 3681 3470 ποθῶν

2082 3519 2423 3590 καθαίρεται,
2459 3518 2486 3570 ὁ
2519 3515 2917 3586 καθαιρόμενος
2952 3511 3250 3582 (ἀναλόγως
3277 3509 3333 3561 δὲ
3367 3513 3491 3572 ταῖς
3517 3509 3681 3579 οὖρα-

2080 3610 2223 3673 νίαις
2275 3608 2487 3671 οὐσίαις
2535 3610 2644 3660 νοεῖ
2689 3606 2788 3676 τὴν
2823 3603 3130 3675 κάθαρσιν,
3181 3600 3368 3664 καθὼς
3417 3601 3680 3672 ἀνωτέρω

2080 3697 2317 3769 ἐλέχθη,)
2345 3695 2582 3767 θεοειδὴς
2606 3694 2836 3764 γίνεται,
2873 3695 2966 3746 xui
3000 3693 3137 3764 πρὸς
3167 3691 3227 3744 τὸ
3261 3689 3496 3753 θεοειδές
3525 3691 3678 3758 ἀφω-

2085 3789 2333 3861 μοίωται.
2361 3789 2486 3851 Πῶς
2520 3787 2577 3840 δὲ
2617 3787 2711 3840 xui
2746 3785 2883 3858 πρὸς
2914 3784 2974 3837 :6
3017 3783 3350 3854 θεομίμητον
3387 3782 3674 3850 ἀνάγεται,

2081 3884 2232 3955 φησί.
2275 3881 2583 3955 Δεδώρηται
2627 3882 2684 3936 δὲ
2717 3883 2811 3935 xui
2863 3879 2995 3932 αὐτὸ
3038 3879 3296 3939 ταύταις,
3350 3875 3447 3927 xui
3481 3891 3676 3926 κοινω-

2079 3975 2260 4027 νοῦσιν
2292 3974 2353 4027 οὐ
2401 3972 2468 4026 δι’
2503 3974 2646 4035 ὅλου,
2694 3971 2808 4025 ἀλλ’
2843 3972 2966 4024 ὅσον
3011 3967 3230 4037 ἐφικτόν
3275 3967 3394 4017 ἐστι
3437 3967 3560 4026 ταῖς
3590 3981 3677 4031 φι-

2079 4063 2417 4136 λανθρώποις
2449 4063 2613 4118 αὑτοῦ
2650 4064 2891 4134 ἀρεταῖς,
2938 4063 3057 4123 ταῖς
3091 4057 3497 4118 καλυπτούσ-αις
3529 4055 3676 4108 κατὰ

2077 4154 2168 4207 τὸν
2201 4155 2484 4226 προφήτην
2516 4155 2642 4217 τοὺς
2673 4152 2935 4224 οὐρανοὺς
2976 4155 3096 4213 ταῖς
3143 4150 3513 4220 θεωρητικαῖς
3539 4189 3554 4212 ,
3594 4150 3674 4211 εἰς

2079 4246 2145 4310 ἃς
2165 4245 2253 4299 διὰ
2275 4245 2375 4315 τῆς
2398 4245 2632 4318 θεωρίας
2667 4239 2982 4314 ἀνάγονται,
3009 4245 3080 4295 ἐν’
3098 4240 3444 4313 πρωτουργῴ
3470 4239 3674 4311 δηλαδὴ

2080 4335 2308 4407 δυνάμει
2329 4353 2342 4366 ⁸
2365 4335 2465 4408 τὴν
2497 4336 2605 4408 γὰρ
2640 4335 2903 4406 ἕλλαμψιν
2925 4333 3090 4404 ἕτερα
3116 4331 3184 4384 δι’
3214 4329 3381 4398 ἄλλης
3403 4330 3674 4399 λαμϐάνει

397 4397 858 4462 cognoscentem?
900 4399 1026 4467 quia
1077 4403 1456 4473 contemplans
1498 4409 1828 4476 admiratur,

2200 4427 2268 4480 τοῦ
2303 4417 2462 4490 Θεοῦ,
2490 4428 2590 4497 τὴν
2623 4426 2680 4478 δὲ
2715 4426 2851 4497 πρὸς
2885 4423 3046 4478 αὑτὸν
3075 4421 3252 4486 τάσιν,
3285 4423 3381 4474 xui
3411 4421 3670 4490 θεωρίαν,

401 4485 609 4538 mirans
643 4486 962 4554 desiderat,
1007 4490 1327 4548 desiderans
1368 4496 1625 4565 expiatur
1657 4539 1673 4564 ,
1723 4503 1973 4570 expiatus

398 4584 527 4628 vero
554 4591 652 4644 pro
677 4578 988 4634 conditione
1033 4583 1340 4638 cmlestium
1371 4591 1734 4644 cssentiarum
1767 4607 1974 4662 cogno-

395 4666 499 4720 scit
532 4669 919 4738 expiationem,
966 4682 1041 4736 et,
1089 4676 1233 4730 sicut
1265 4694 1427 4747 supra
1457 4681 1660 4736 dictum
1696 4694 1803 4744 est.
1859 4685 1976 4738 dci-

396 4757 585 4813 formis
614 4761 866 4828 cﬂicitur,
911 4774 968 4819 et
1019 4767 1087 4820 ad
1129 4769 1561 4827 deiformitatem
1607 4775 1970 4831 assimilatnr.

394 4851 680 4916 Quomodo
714 4869 844 4908 vero
867 4859 1034 4911 etiam
1066 4861 1133 4913 ad
1165 4859 1260 4916 Dei
1295 4863 1657 4920 imitationem
1693 4867 1973 4920 adducan-

395 4951 506 5005 tur.
543 4947 730 5001 tradit.
758 4947 871 5003 Hoc
901 4951 1074 5018 ipsmn
1100 4969 1231 5009 vero
1274 4957 1437 5008 etiam
1465 4958 1531 5011 iis
1557 4959 1817 5012 donatum
1865 4969 1972 5023 est,

395 5037 684 5110 ipsumque
719 5047 1070 5116 participant,
1103 5066 1210 5104 non
1243 5051 1294 5104 in
1330 5060 1528 5117 totum,
1561 5055 1656 5108 sed
1707 5066 1971 5122 quantum

396 5131 479 5188 fas
509 5144 594 5188 est
624 5139 816 5192 amicis
843 5139 959 5208 ejus
992 5141 1284 5197 virtutibus
1309 5183 1324 5207 ,
1355 5144 1462 5214 65
1492 5161 1613 5214 qua:
1655 5147 1813 5217 juxta
1841 5165 1973 5221 pro-

394 5230 615 5298 phetam
680 5231 878 5285 cmlnm
951 5234 1244 5302 obtegunt,
1300 5240 1834 5308 contemplantibus,
1907 5242 1974 5297 ad

397 5338 537 5391 quas
562 5339 658 5391 per
685 5326 1178 5394 contemplationes
1209 5328 1560 5383 adducuntur
1580 5371 1595 5390 ,
1625 5332 1678 5384 in
1708 5333 1971 5401 primaeva

398 5413 610 5467 scilicet
635 5415 873 5483 virtute;
925 5434 1048 5470 nam
1083 5417 1506 5473 illustrationem
1555 5422 1675 5476 alia:
1707 5439 1805 5494 per
1835 5425 1973 5483 alias

399 5505 675 5573 accipiunt
715 5523 746 5562 a
790 5507 941 5568 Deo.
983 5510 1077 5565 sed
1123 5511 1192 5567 ad
1248 5511 1423 5582 ipsum
1463 5511 1861 5578 intentionem.
1917 5528 1971 5575 ct

500 5695 526 5727 ε
559 5685 751 5747 Ezct'h.
785 5703 935 5756 xtm,
966 5691 1018 5744 5.

2075 4520 2169 4573 xui
2202 4518 2419 4587 ἔφεσιν,
2468 4517 2656 4588 ὥσπερ
2689 4517 2737 4568 εί
2793 4512 2933 4586 ἦσαν
2968 4515 3176 4568 ἅπασαι
3213 4513 3461 4584 πρῶται,
3496 4511 3674 4575 οὕτως

2076 4611 2430 4684 ἐργάζονται,
2467 4610 2500 4681 ἦ
2536 4612 2591 4662 ὲν
2638 4607 3010 4681 πρωτουργῷ,
3062 4606 3225 4658 οἱονεὶ
3259 4605 3668 4677 πρωτοτάκτῳ·

2077 4704 2290 4777 πρῶται
2338 4703 2447 4774 γὰρ
2491 4697 2651 4756 αὗται
2691 4700 3019 4772 ἐτάχθησαν.
3073 4697 3308 4769 Ὁμοίως
3357 4698 3520 4751 πάλιν
3577 4700 3672 4751 xui

2075 4796 2173 4865 τὴν
2213 4794 2494 4866 μετάδοσιν
2525 4794 2625 4864 τῆς
2657 4791 2976 4862 ἐλλάμψεως
3013 4787 3150 4859 πρὸς
3196 4788 3297 4851 τὰς
3331 4788 3424 4840 ὑπ’
3460 4788 3633 4850 αὑτὰς
3658 4829 3672 4850 ,

2077 4886 2172 4938 xui
2206 4886 2340 4957 πρὸς
2371 4885 2497 4947 τοὺς
2529 4882 2867 4955 ἀνθρώπους,
2901 4881 2961 4933 οὐ
2993 4879 3130 4950 μετά
3163 4879 3361 4948 φθόνου
3398 4879 3491 4932 καί
3523 4897 3666 4942 τινο,

2078 4977 2355 5029 ποιοῦνται
2377 4975 2781 5045 γλισχρότητος,
2807 4973 2920 5026 ἀλλ’
2953 4972 3199 5041 ἀφθόνως
3232 4973 3325 5025 xui
3363 4971 3664 5043 πληρεστάι

2077 5085 2206 5131 τως,
2242 5067 2432 5138 ὥσπερ
2456 5067 2520 5120 ἂν
2551 5062 2690 5136 ἦσαν
2725 5067 2896 5117 πᾶσαι
2932 5063 3002 5117 τά
3033 5063 3136 5132 τῆς
3167 5061 3492 5132 ἐλλάμψεως
3521 5064 3674 5132 πρῶ-

2077 5177 2168 5212 ται
2212 5160 2524 5231 δεχόμεναι·
2558 5157 2717 5210 τοῦτο
2745 5155 2853 5226 γὰρ
2885 5155 2978 5208 xui
3013 5153 3206 5226 πρῴην
3245 5156 3277 5224 ἡ
3329 5153 3674 5226 θεομιμησία

2079 5248 2313 5317 ἐλέγετο,
2344 5247 2404 5300 :6
2438 5247 2574 5318 πρὸς
2605 5246 2731 5308 τοὺς
2759 5245 3047 5316 δεομένους
3081 5246 3174 5296 xui
3219 5243 3405 5310 ἀξίους
3441 5244 3674 5313 μεταδοο

2078 5341 2227 5394 τικόν
2247 5357 2260 5370 ·
2292 5341 2386 5393 xui
2411 5339 2505 5391 νῦν
2531 5337 2690 5389 τοῦτο
2721 5335 2962 5404 λέγεται,
2987 5337 3070 5389 ὅτι
3104 5334 3248 5388 κατὰ
3271 5334 3434 5386 τοῦτο
3475 5351 3671 5386 κοινω-

2077 5431 2226 5484 νοῦσι
2267 5432 2388 5493 ταῖς
2436 5426 2837 5498 φιλανθρώποις
2871 5429 3094 5498 ἀρεταῖς
3135 5426 3230 5479 τοῦ
3265 5426 3426 5479 Θεοῦ.
3457 5427 3670 5494 Ὥσπερ

2079 5520 2266 5594 γὰβδ
2291 5518 2588 5592 θεοπρεπὲς
2614 5517 2810 5582 κάλλος
2833 5517 3180 5591 μεταδοτικόν
3213 5519 3330 5572 ἐστι
3367 5517 3486 5571 κατ’
3511 5513 3670 5576 ἀξίαν
