3734 6310
11 356 136 411 225

18 356 136 411 225
508 353 597 408 DE
630 350 955 409 C(ELESTI
991 347 1440 413 lllERARClllA,
1471 347 1492 403 (

1292 347 1440 413 .IIIA,
1471 347 1625 403 CAP.
1668 346 1778 403 νει.
1806 379 1873 389 --
1899 346 2249 405 ΡΛΒᾹΡΙΙΒ.
2290 346 2766 403 ΡΑΕΙΙῩΜΕΒΑΞ.

3200 346 3306 402 926

2 474 109 529 τοῦ
150 473 359 528 οἰκείου
394 470 590 541 φωτὸς,
620 469 763 523 οὑτω
795 468 892 522 καὶ
924 462 1081 521 αὗται
1116 467 1252 536 πρὸς
1283 468 1407 529 τοὺς
1441 466 1475 518 ἀ

1837 465 2247 534 Iemplationem
2276 504 2292 528 ,
2328 474 2385 518 et
2425 464 2683 519 allectum
2736 464 3125 534 itadirignnt,
3160 480 3224 518 ac
3263 466 3308 520 si

14 567 378 638 μεταδιδόασι
396 565 498 634 τῆς
523 562 841 633 ὲλλάμψεως
881 560 1127 628 ἀφθόνως
1150 558 1324 631 ταύτῃ
1355 558 1450 611 καὶ
1486 557 1621 626 πλη-

18 658 337 730 ρεστάτως.
367 656 507 726 Ἰἰδη
544 656 676 725 φησὶ
720 653 816 706 καὶ
851 651 967 714 πῶς
1001 651 1250 719 λέγονται
1301 650 1623 719 τετελεσμέ-

7 769 103 803 ναι
152 752 211 803 αἱ
252 749 392 802 θεῖαι
426 746 700 817 δυνάμεις.
742 745 894 798 Ἐπεὶ
924 744 1103 797 τοίνυν
1137 745 1299 814 ἡμεῖς
1321 740 1622 813 τελούμεθα

6 844 104 896 διά
141 843 253 912 τῆς
283 840 613 910 ἀναλυτικῆς
640 838 968 907 ἐπιστήμης,
993 837 1092 907 τῆς
1125 835 1498 906 ὲξαπλωτικῆς
1523 835 1619 905 δη-

8 937 204 988 λονότι
245 934 340 987 καὶ
378 930 709 1002 ὲξηγητικῆς
740 930 834 983 καὶ
881 929 1267 999 ἀναγωγικῆς,
1322 928 1422 999 τῆς
1470 929 1623 998 ἱερᾶς

11 1026 307 1089 ποικιλίας
351 1026 449 1096 τῆς
498 1023 608 1075 τῶν
666 1020 1010 1092 συμϐολικῶν
1052 1021 1297 1090 δηλονότι
1331 1020 1620 1091 θεαμάτων

15 1121 325 1190 μυήσεως,
362 1117 418 1169 αἱ
460 1115 597 1168 θεῖαι
644 1113 904 1184 δυνάμεις
953 1113 1050 1182 οὑχ
1095 1113 1269 1176 οὕτως
1318 1112 1619 1175 τελοῦνται,

13 1214 140 1266 ἀλλ’
172 1212 255 1275 ὡς
290 1208 777 1280 ἀποπληρούμεναι
809 1208 912 1278 τῆς
943 1206 1168 1280 πρώτης
1195 1207 1290 1261 καὶ⁷
1317 1208 1379 1259 οὑ
1411 1208 1511 1278 τῆς
1533 1206 1623 1262 διὰ

16 1303 217 1373 μέσων
277 1298 558 1370 συμϐόλων
610 1297 986 1368 ὑπερεχούσης
1037 1296 1287 1361 θεώσεως
1333 1299 1477 1352 κατά
1521 1299 1621 1370 τὴν

14 1394 349 1464 ὑπερτάτην
380 1391 489 1444 τῶν
535 1390 713 1461 ἔργων
762 1389 856 1443 τοῦ
903 1389 1038 1442 Θεοῦ
1074 1391 1419 1461 ἐπιστήμην,
1468 1390 1527 1444 ὃν
1558 1391 1621 1462 δὴ

13 1486 110 1537 καὶ
166 1486 328 1537 πᾶσα
365 1483 615 1555 ἱεραρχία
663 1481 1015 1553 καθηγεμόνα
1047 1482 1149 1551 τῆς
1182 1483 1494 1554 ἐπιστήμης
1527 1485 1623 1537 καὶ

13 1577 117 1646 τῆς
153 1573 447 1645 ἐνεργείας
479 1574 614 1643 ἔχει.
662 1575 819 1627 Ποῖαι
851 1573 907 1626 δεῖ
946 1576 1083 1626 εἰσιν
1123 1576 1178 1627 αί
1218 1574 1354 1627 θεῖαι
1400 1576 1626 1647 ἐπιστῆ-

19 1685 118 1736 μαι
141 1707 157 1731 ,
218 1666 318 1719 καὶ
351 1666 405 1719 αί
440 1665 721 1737 θεουργίαι
748 1681 762 1730 ;
793 1664 859 1717 τὸ
890 1664 1173 1736 καθαίρειν
1197 1706 1211 1729 ,
1247 1665 1307 1718 τὸ
1341 1664 1621 1735 φωτίζειν,

14 1758 75 1808 τὸ
110 1756 322 1819 τελεῖν,
355 1755 430 1818 ὡς
462 1756 520 1807 ὲν
553 1754 808 1823 ἀγγέλοις
833 1754 890 1807 δὲ
915 1751 1069 1808 εἶπεν
1094 1795 1108 1819 ,
1147 1755 1336 1826 ἐπειδὴ
1361 1757 1415 1808 αί
1442 1756 1626 1809 τοιαῦ-

12 1867 104 1901 ται
131 1848 423 1919 θεουργίαι
447 1849 539 1901 καὶ
565 1848 621 1899 ὲν
642 1846 948 1918 ἀνθρώποις
968 1846 1228 1915 γίνονται,
1252 1847 1388 1900 ἀλλά
1408 1848 1474 1900 δι’
1502 1848 1621 1902 ἑτέ-
1656 1812 1699 1867 Β

21 1959 121 2012 ρας
153 1942 477 2011 ἐπιστήμης
506 1940 536 1991 ό
572 1938 851 2009 φωτισμὺς
878 1938 1076 1991 δίδοται
1109 1939 1317 2002 τούτοις
1346 1939 1439 1993 καὶ
1464 1941 1496 2009 ἡ
1533 1956 1623 1992 τε-

16 2032 267 2094 λείωσις.
288 2026 455 2084 Αὑται
471 2029 526 2082 δὲ
542 2030 595 2083 αί
623 2027 1051 2099 ὑπερϐεϐηκυῖαι
1069 2029 1327 2099 δυνάμεις
1354 2031 1416 2083 οὑ
1433 2030 1501 2083 δι’
1527 2029 1622 2083 ἄλ-

18 2124 125 2177 λων
169 2124 352 2192 ἁγίων
387 2122 605 2183 οὐσιῶν,
649 2120 785 2175 ἀλλά
822 2121 950 2187 παρ’
996 2121 1171 2191 αὑτῆς
1221 2122 1321 2193 τῆς
1369 2122 1626 2195 θεαρχίας

24 2213 522 2287 μυσταγωγοῦνται
562 2214 619 2265 ὲν
648 2212 728 2281 τῷ
766 2210 854 2265 ἐπ’
884 2211 1051 2282 αὑτὴν
1094 2211 1315 2283 ἀμέσως
1353 2213 1627 2266 ἀνατείνε-

23 2309 147 2361 σθαι
172 2310 236 2360 ὲν
260 2309 329 2376 τῇ
348 2306 572 2376 δυνάμει
597 2303 803 2357 τούτων
834 2303 928 2357 καὶ
952 2302 1123 2370 τάξεν
1156 2303 1277 2358 οὑδὲ
1304 2304 1414 2376 γὰρ
1440 2306 1505 2357 ὲκ
1526 2305 1626 2358 τά-

22 2402 161 2466 ξεως
201 2397 369 2469 μόνον
398 2396 580 2466 ἔχουσι
619 2394 681 2448 τὸ
708 2396 844 2466 πρὸς
885 2393 1018 2447 Θεὸν
1056 2395 1449 2460 ἀνατείνεσθαι,
1491 2394 1630 2450 ἀλλά

23 2494 114 2545 καὶ
144 2493 213 2545 ὲκ
238 2490 541 2560 δυνάμεως.
568 2487 739 2542 Τοῦτο
763 2488 820 2542 δέ
840 2489 989 2541 ἐστιν
1017 2489 1155 2560 ὅπερ
1170 2487 1316 2557 λέγει
1338 2488 1431 2541 καὶ
1454 2491 1482 2542 ὁ
1501 2490 1631 2543 Θεο-

22 2583 180 2651 λόγος
206 2581 533 2653 Γρηγόριος⁸
567 2580 681 2634 Οὑκ
714 2576 829 2633 οἶδα
869 2579 983 2633 εἴτε
1012 2582 1077 2633 ὲκ
1110 2581 1212 2651 τῆς
1243 2579 1629 2652 λαμπρότητος

26 2673 246 2741 ἔχουσιν
262 2673 368 2743 τὴν
380 2671 554 2736 τάξιν,
573 2672 684 2724 εἴτε
708 2671 773 2724 ὲκ
783 2670 883 2742 τῆς
904 2670 1111 2737 τάξεως
1133 2670 1233 2742 τὴν
1242 2670 1623 2743 λαμπρότητα’

27 2764 117 2815 καὶ
132 2762 251 2833 γάρ
272 2762 502 2832 δύναμιν
523 2760 739 2831 ἔχουσιν
759 2758 1156 2830 ὑπερέχουσαν,
1180 2760 1276 2813 καὶ
1294 2759 1450 2824 τάξιν
1466 2761 1630 2831 ὑπερ-

27 2855 333 2925 ϐεϐηκυῖαν
372 2853 465 2905 καὶ
491 2853 799 2923 ἀνωτάτην.
834 2852 944 2905 Καὶ
972 2851 1061 2904 διά
1089 2850 1269 2913 τοῦτο,
1293 2852 1369 2914 ὡς
1402 2851 1499 2922 μὲν
1535 2852 1627 2905 δύ-

28 2962 189 3015 ναμιν
209 2944 461 3015 ἔχουσαι,
478 2942 615 3012 πρὸς
628 2941 687 2995 τὸ
703 2942 977 3010 πάναγνον
994 2942 1087 2994 καὶ
1103 2941 1346 3013 ἀρρεπὲς
1361 2941 1631 3013 ἑδραιοῦν-

28 3054 132 3097 ται,
165 3036 269 3088 καὶ
298 3035 360 3086 οὑ
387 3033 731 3086 διασείονται·
773 3030 932 3085 τοῦτο
962 3032 1072 3104 γάρ
1097 3033 1216 3084 ἐστι
1257 3030 1322 3084 τὸ
1358 3031 1623 3105 ἀρρεπὲς

1724 569 1913 609 onmes
1954 564 2143 609 essent
2194 556 2406 623 primm,
2450 556 2537 609 vel
2584 555 2638 608 in
2695 555 2960 623 primmvo
3009 571 3077 609 ae
3134 556 3315 625 primo

1724 647 1881 713 quasi
1922 647 2213 711 ordinato;
2282 646 2475 715 prima:
2508 647 2657 700 enim
2693 646 2825 714 ipsm
2859 647 3127 702 ordinata:
3160 656 3307 701 sunt.

1726 739 1993 795 Similiter
2026 740 2257 802 iterum.
2287 739 2455 793 etiam
2505 754 2702 793 munus
2737 738 3159 793 transfundendi
3192 738 3314 793 illii-

1726 832 2046 887 strationem
2090 832 2143 886 in
2202 830 2528 895 inferiores,
2579 842 2636 885 et
2683 832 2738 886 in
2792 832 3039 887 homines
3086 832 3311 887 minime

1726 937 1850 976 cum
1905 922 2109 976 invidia
2140 921 2225 975 vel
2256 922 2440 990 aliqua
2478 923 2776 977 tenacitate
2809 922 3037 987 faciunt,
3066 925 3161 977 sed
3192 924 3313 977 sine

1726 1012 1897 1068 livore
1924 1025 1979 1068 et
2010 1013 2466 1077 Iuculentissime,
2499 1028 2561 1066 ac
2595 1015 2641 1067 si
2675 1028 2870 1067 omnes
2896 1023 3086 1068 essent
3122 1016 3312 1083 prim:e

1726 1119 1847 1173 qua:
1896 1104 2322 1158 illustrationem
2352 1104 2645 1173 excipiunt
2674 1120 2689 1156 :
2720 1104 3029 1158 istiusmodi
3080 1121 3313 1173 namque

1730 1196 1781 1247 in
1829 1208 2034 1262 egenos
2074 1204 2128 1246 et
2178 1194 2371 1263 dignos
2415 1193 2769 1257 distributio,
2822 1193 3006 1246 divina
3038 1196 3310 1262 quondam

1729 1285 2014 1340 dicebatur
2045 1285 2319 1348 imitatio;
2351 1287 2428 1338 uti
2465 1285 2766 1338 etiamnum
2796 1283 3020 1347 dicitur,
3050 1285 3194 1354 quod
3224 1301 3313 1339 se-

1733 1378 1971 1432 cundum
2001 1377 2106 1431 hoc
2135 1379 2332 1431 amicis
2385 1376 2477 1431 Dei
2531 1376 2829 1429 virtutibus
2878 1377 3309 1430 connnuniceut.

1730 1466 2202 1535 Quemadmodum
2234 1469 2382 1523 enim
2411 1484 2474 1523 ea
2509 1483 2631 1536 qua:
2658 1466 2829 1521 Deum
2875 1469 3033 1521 decet
3073 1468 3315 1537 pulchri-

1735 1561 1869 1614 tudo
1933 1560 2312 1615 comniunirat
2376 1562 2673 1614 sccundmn
2735 1560 3058 1629 dignitatem
3131 1558 3312 1613 lumen

1731 1666 1932 1716 suum;
1961 1652 2034 1705 ita
2067 1652 2233 1706 etiam
2272 1652 2354 1705 hx
2402 1651 2521 1706 sine
2553 1652 2753 1707 invidia
2788 1654 3221 1723 pleuissimeque
3259 1652 3313 1705 in

1731 1758 1825 1799 eos
1864 1744 1954 1813 qui
2004 1753 2288 1797 merentur
2327 1744 2664 1797 distribuunt
2713 1744 3161 1798 illustrationem.
3213 1742 3317 1796 De-

1731 1851 1879 1889 mum
1903 1834 2058 1898 dicit,
2088 1835 2366 1903 quomodo
2399 1834 2600 1888 divina:
2640 1835 2873 1893 virtutes
2911 1835 3171 1905 perfecta:
3213 1850 3317 1887 no-

1720 1928 2032 1987 .minentur.
2046 1928 2179 1983 Cum
2202 1926 2387 1995 itaque
2420 1940 2520 1979 nos
2540 1926 2899 1994 perﬁciantur
2928 1942 3025 1997 per
3054 1926 3313 1995 peritiam

1730 2021 2060 2085 resolvendi,
2085 2020 2412 2090 explanandi
2444 2021 2655 2076 scilicet
2680 2028 2737 2073 et
2766 2019 3103 2088 explicandi.
3134 2029 3189 2073 et
3211 2018 3305 2072 ad-

1730 2113 1963 2167 ducendi
2009 2129 2229 2169 sacram
2280 2116 2601 2169 varietatem
2628 2152 2644 2176 ,
2692 2114 3120 2184 symbolicorutn
3154 2114 3314 2166 vide-

1730 2205 1858 2261 licet
1886 2207 2325 2275 spectaculorum
2349 2246 2365 2271 ,
2397 2208 2787 2271 institutionis,
2836 2207 3036 2260 divinze
3086 2206 3318 2262 virtutes

1732 2313 2076 2368 nequaquam
2104 2300 2207 2354 hoc
2232 2300 2392 2353 modo
2417 2301 2731 2362 initiantur,
2754 2301 2846 2353 sed
2871 2300 3025 2367 quasi
3053 2316 3081 2353 a
3115 2304 3314 2368 prima,

1730 2400 1786 2445 et
1810 2406 2157 2462 nequaquam
2187 2393 2385 2446 mediis
2407 2393 2603 2461 signis,
2635 2391 3084 2461 supereminente
3116 2392 3319 2445 deitate

1731 2483 2051 2551 replentur,
2123 2485 2429 2538 secundmn
2480 2485 2627 2538 illam
2705 2498 2974 2536 summam
3031 2482 3318 2536 scientiam

1731 2590 1954 2643 operum
1992 2574 2083 2629 Dei
2115 2615 2130 2639 ,
2170 2591 2333 2643 quem
2374 2585 2431 2630 et
2459 2576 2639 2633 omnis
2673 2575 2990 2630 hierarehia
3023 2584 3321 2644 praecepto-

1732 2682 1851 2721 rem
1878 2668 2121 2722 scientizn
2149 2676 2313 2738 atque
2341 2668 2681 2736 operationis
2712 2668 2897 2721 habet.
2920 2667 3123 2733 Quales
3151 2682 3320 2734 porro

1732 2765 1862 2810 sunt
1891 2758 2088 2811 divina:
2132 2757 2379 2811 scientiae
2410 2767 2463 2812 et
2488 2757 2875 2825 operationes?
2906 2757 3155 2825 expiare,
3193 2755 3319 2808 illu-

1731 2849 1970 2913 minare,
2005 2848 2272 2917 perﬁcere
2292 2887 2309 2915 ,
2340 2849 2801 2917 quemadmodum
2832 2849 2886 2902 in
2914 2848 3124 2917 angelis
3154 2846 3321 2910 dixit,

1732 2941 1992 3010 quoniam
2024 2942 2191 2996 etiam
2230 2943 2284 2995 in
2324 2941 2639 2995 hominibus
2669 2941 2771 2994 ista
2828 2941 2997 3005 iiunt;
3040 2954 3225 2992 verum
3266 2939 3318 2991 in

1734 3032 1821 3087 bis
1856 3046 1953 3101 per
1986 3032 2151 3086 aliam
2183 3032 2530 3101 disciplinam
2578 3032 2817 3087 traditur
2875 3030 3208 3085 illominatio
3237 3041 3319 3082 at-

30 3127 100 3189 ὡς
119 3128 177 3180 δὲ
207 3126 371 3191 τάξιν
399 3124 739 3195 ὑψηλοτάτην
764 3123 902 3194 πρὸς
930 3122 1028 3193 τὴν
1062 3122 1257 3194 νοητὴν
1290 3123 1504 3195 εὑπρέπ

1874 3124 2161 3195 perfectio.
2217 3125 2311 3180 HJ:
2365 3142 2495 3183 vero
2523 3126 2756 3181 virtutes
2791 3139 3062 3195 supremae
3110 3139 3218 3178 non
3253 3124 3320 3176 ab

32 3222 117 3273 καὶ
144 3218 389 3289 θεωρίαν
418 3218 804 3287 προσάγονται.
843 3215 1041 3279 Καθὼς
1065 3215 1122 3268 δέ
1154 3217 1270 3269 ἐστι
1313 3215 1531 3286 θεμιτόν
1564 3234 1625 3271 τε

35 3315 123 3365 καὶ
166 3313 437 3376 δυνατὸν,
480 3312 573 3365 καὶ
610 3312 739 3374 τοὺς
781 3310 1245 3381 ὲπιστημονικοὺς
1289 3310 1482 3379 λόγους
1518 3310 1627 3365 τῶν

34 3404 358 3477 θεουργιῶν,
382 3404 458 3467 ὡς
475 3402 690 3475 πρῶται
714 3403 807 3456 καὶ
823 3420 888 3455 πε
898 3402 949 3473 pl.
964 3402 1096 3455 Θεὸν
1109 3398 1282 3464 θῦσαι,
1306 3405 1438 3475 παρ’
1456 3404 1630 3474 αὐτῆς

34 3499 126 3567 τῆς
162 3496 548 3567 τελεταρχίας,
566 3494 806 3566 δηλονότι
827 3493 921 3547 τοῦ
942 3492 1099 3557 Θεοῦ,
1122 3494 1627 3564 μυσταγωγοῦνται.

1731 3220 1855 3274 aliis
1881 3221 2207 3288 quibusdam
2256 3220 2468 3275 sanctis
2511 3220 2817 3290 spiritibus,
2864 3219 2959 3272 sed
2986 3217 3056 3271 ab
3090 3217 3322 3284 ipsamet

1732 3312 2017 3367 divinitate
2042 3311 2217 3367 sacris
2240 3310 2549 3375 initiantur,
2575 3311 2699 3365 dum
2725 3310 2776 3364 in
2807 3310 3095 3379 ipsammet
3122 3310 3318 3363 imme-

1735 3404 1883 3459 diate
1914 3404 1971 3458 in
2020 3404 2226 3459 virtute
2269 3404 2573 3473 ordineque
2615 3419 2714 3458 suo
2759 3405 3166 3466 extenduntur;
3210 3416 3319 3454 non

1735 3497 1886 3555 enim
1934 3512 2000 3552 ex
2051 3497 2246 3553 ordine
2284 3498 2460 3553 solum
2513 3496 2715 3552 habent
2741 3497 2883 3565 quod
2916 3497 2983 3549 ad
3018 3496 3187 3548 D'eum
3220 3507 3325 3546 er:

40 3592 356 3652 tendantur,
399 3604 585 3642 verum
619 3592 785 3643 etiam
834 3602 901 3640 ex
935 3588 1153 3641 virtute.
1197 3585 1312 3641 Hoc
1362 3589 1507 3642 enim
1537 3591 1791 3659 estquod
1830 3591 1995 3645 etiam
2028 3589 2326 3660 Gregorius
2347 3591 2660 3661 Theologos
2711 3593 2826 3645 ait:
2876 3588 3072 3643 Nescio
3138 3596 3321 3640 utrum

37 3696 95 3735 ex
125 3680 426 3750 splendore
451 3680 684 3733 habeant
707 3679 977 3745 ordinem,
1035 3694 1102 3732 an
1156 3693 1221 3733 ex
1275 3679 1469 3734 ordine
1511 3680 1898 3751 splendorem;
1947 3683 2152 3738 etenim
2198 3684 2454 3738 virtutem
2509 3683 2712 3739 habent
2774 3676 3318 3752 supereminentem,

38 3789 84 3829 et
113 3777 375 3830 ordinem
415 3774 910 3830 eminentissimum
951 3782 1006 3826 et
1038 3772 1514 3827 sublimissimum.
1554 3775 1623 3830 Et
1674 3777 1912 3844 idcirco,
1974 3787 2245 3847 quatenus
2291 3779 2511 3847 quidem
2571 3780 2826 3833 virtutem
2874 3777 3112 3839 habent,
3158 3776 3211 3828 in
3255 3790 3323 3831 eo

39 3872 176 3938 quod
224 3872 456 3925 omnino
510 3884 705 3939 purum
761 3876 816 3923 et
847 3870 1228 3922 inconcussum
1281 3877 1365 3924 est
1400 3869 1772 3938 stabiliuntur,
1832 3883 1889 3928 et
1948 3862 2056 3927 non
2108 3881 2575 3941 eonquassantur;
2632 3874 2735 3927 hoc
2773 3871 2920 3923 enim
2954 3878 3047 3923 est
3075 3865 3323 3937 ἀρρεπὲς

41 3980 128 4016 seu
182 3971 476 4027 constans,
542 3973 812 4031 quatenus
872 3976 1002 4015 vero
1044 3963 1292 4016 ordinem
1353 3963 1556 4017 habent
1593 3965 2084 4030 sublimissimum,
2134 3967 2202 4019 ad
2243 3963 2617 4017 intellectilem
2663 3963 2917 4017 decorem
2957 3975 3023 4014 ac
3072 3968 3322 4013 contem-

41 4057 334 4122 platinnem
376 4056 739 4110 adducuntur.
788 4055 1063 4123 Quantum
1114 4056 1227 4127 63
1287 4066 1470 4111 autem
1505 4056 1587 4113 fas
1621 4069 1675 4113 et
1716 4060 1976 4130 possibile
2013 4070 2098 4115 est
2128 4056 2471 4113 scientiﬁcas
2508 4057 2672 4109 etiam
2732 4054 3044 4110 divinorum
3093 4067 3321 4123 operum

44 4151 311 4213 rationes,
339 4159 600 4218 tanquam
651 4149 842 4219 prima:
865 4158 922 4203 et
950 4164 1071 4219 qum
1120 4148 1278 4217 juxta
1337 4149 1511 4205 Deum
1544 4162 1694 4217 sunt,
1734 4154 1803 4209 ab
1854 4155 2091 4225 ipsemet
2141 4151 2394 4208 initiandi
2439 4140 2747 4220 principio,
2799 4148 2852 4204 id
2883 4158 2969 4203 est
3000 4147 3322 4222 Deo,_eru-

45 4244 291 4298 diuntur.

113 4400 140 4470 §
192 4400 292 4452 IlI.
339 4398 510 4451 Τοῦτο
564 4396 783 4470 δηλοῦσι
836 4400 930 4452 καὶ
984 4400 1034 4453 οἱ
1093 4400 1367 4471 προφῆται
1425 4401 1587 4471 σαφῶε

1875 4395 1960 4452 ιιι.
2003 4394 2118 4450 Hoc
2144 4394 2309 4449 etiam
2356 4394 2638 4465 prophetae
2678 4395 2967 4466 perspicue
3017 4398 3320 4461 declarant.

45 4488 227 4553 Τοῦτο,
258 4490 447 4552 ποῖον;
478 4490 557 4541 ὅτι
582 4490 638 4541 αί
681 4489 781 4559 μὲν
808 4489 1021 4558 πρῶται
1060 4489 1242 4555 τάξεις
1272 4493 1335 4544 ἐκ
1373 4491 1466 4545 τοῦ
1494 4492 1627 4546 Θεοῦ

46 4581 257 4651 ἀμέσως
286 4580 674 4651 ὲλλάμπονται,
706 4581 838 4633 αἰδὲ
860 4581 1144 4651 ὑφειμέναι
1160 4582 1248 4636 διὰ
1272 4583 1380 4637 τῶν
1403 4585 1631 4657 ὑπερϐε-

49 4670 306 4741 ϐηκυιῶν.
353 4670 682 4735 Ἀποδείξεις
724 4670 902 4722 τοίνυν
946 4670 1055 4725 τῶν
1094 4673 1397 4743 εἰρημένων
1446 4673 1627 4744 τίθησι

48 4761 340 4829 γῳφὶκὰς,
372 4761 457 4813 ὅτι
481 4760 626 4823 τινὲς
655 4759 752 4829 μὲν
778 4758 887 4812 τῶν
910 4758 1173 4829 θεολόγων
1204 4760 1499 4832 προφητῶν
1528 4762 1627 4826 τὰς

50 4852 451 4922 ὑποϐεϐηκυίας
473 4854 751 4921 εἰσάγουσι
784 4869 918 4922 μυου
928 4853 1092 4922 μένας
1123 4853 1273 4925 παρὰ
1291 4853 1400 4906 τῶν
1427 4854 1626 4925 προτέ-

53 4954 169 5005 ρων,
202 4938 299 4991 τὸν
321 4937 809 5010 ἀνθρωποπρεπῶς
846 4939 927 5002 εἰς
961 4941 1222 5011 οὐρανοὺς
1262 4942 1630 5014 ἀναλαμϐανό-

55 5046 220 5096 item,
252 5031 528 5099 λεγουσῶν
556 5032 613 5084 ἐν
650 5030 729 5102 τῷ
760 5031 1063 5103 ἐρωτᾶσθαι
1082 5047 1097 5063 ο
1132 5033 1225 5098 Τίς
1249 5034 1419 5087 ἐστιν
1451 5034 1628 5102 οὗτος

104 5122 406 5188 ,ϐασιλεὺς
450 5122 562 5191 τῆς
588 5121 805 5191 δόξης;
843 5122 1024 5188 καθὼς
1058 5126 1115 5177 ὲν
1146 5123 1225 5195 τῷ
1264 5125 1493 5196 εἰκοστῷ
1519 5128 1630 5197 τρί-

54 5208 120 5278 τῷ
154 5210 357 5283 ψαλμῷ
396 5214 424 5264 ὁ
465 5213 629 5266 Δαυὶδ
656 5212 822 5280 λέγει,
878 5216 1096 5283 Κύριος
1134 5215 1253 5267 τῶν
1283 5214 1627 5286 δυνάμεων,

56 5304 221 5369 αὑτός
260 5304 435 5357 ἐστιν
462 5307 495 5357 0'
523 5304 823 5371 βασιλεὺς
853 5304 962 5373 τῆς
990 5306 1194 5374 δόξης-⁸
1230 5306 1376 5360 ἄλλοι
1417 5308 1627 5381 δραμα-

57 5394 363 5463 τουργοῦσιν
391 5395 560 5459 αὑτὰς
578 5397 713 5468 πρὸς
737 5398 898 5451 αὑτὸν
913 5397 1275 5471 διαπορούσας
1297 5399 1387 5452 τὸν
1400 5400 1627 5474 Κύριον,

59 5483 138 5533 καὶ
163 5484 493 5556 γλιχομένας
525 5484 715 5554 μαθεῖν
742 5487 803 5539 τὸ
832 5486 931 5557 τῆς
961 5488 1099 5558 ὑπὲρ
1128 5486 1284 5559 ἡμῶν
1319 5490 1628 5562 οἰκονομίας

62 5578 363 5647 μυστήριον,
388 5577 450 5628 τὸ
475 5576 631 5647 ἔργον
647 5576 707 5630 τὸ
725 5577 1000 5649 προσῆκον
1015 5577 1155 5652 Θεῷ·
1173 5576 1331 5631 τοῦτο
1352 5578 1461 5655 γάρ
1476 5582 1623 5639 ἐστιν

125 5769 146 5811 ί
172 5772 314 5829 Psal.
367 5788 528 5842 χχιιι,
579 5774 667 5832 10.

1740 4491 1907 4558 Quale
1936 4489 2074 4544 hoc?
2120 4488 2263 4558 quod
2304 4488 2560 4542 nimirum
2612 4488 2773 4556 primi
2827 4491 3048 4545 ordines
3092 4509 3159 4547 ex
3210 4494 3322 4551 Deo

1740 4582 2053 4637 immediate
2091 4579 2502 4643 collustrentur,
2538 4579 2828 4635 inferiores
2862 4598 2993 4637 vero
3025 4600 3123 4653 per
3161 4601 3322 4655 snpe-

1738 4677 1935 4729 riores.
1989 4672 2437 4741 Scripturislieas
2490 4673 2675 4740 itaque
2712 4673 2989 4728 dictorum
3031 4677 3189 4731 all'ert
3221 4680 3320 4733 de-

1739 4767 2204 4830 monstrationes;
2254 4767 2400 4834 quod
2453 4765 2620 4834 aliqui
2672 4765 2893 4835 quidem
2945 4769 3317 4839 theologorum

1738 4858 2126 4926 prophetarum
2182 4854 2476 4910 inferiores
2541 4856 2895 4909 introducant
2954 4872 2982 4910 a
3039 4860 3319 4927 prioribus

1736 4949 1980 5012 edoctas,
2014 4962 2138 5002 eum
2167 4950 2258 5019 qui
2295 4950 2535 5004 humana
2567 4950 2755 5019 specie
2780 4952 2847 5005 ad
2880 4951 3049 5005 coalos
3078 4966 3321 5008 assume-

1737 5040 1922 5105 batur,
1955 5039 2269 5094 dicentibus
2314 5056 2437 5094 cum
2468 5040 2876 5111 interrogarent
2905 5057 2918 5093 :
2958 5041 3089 5106 Qui:
3114 5054 3188 5095 est
3219 5045 3318 5098 iste

1738 5146 1830 5185 rex
1908 5132 2092 5200 gloria:
2123 5129 2142 5167 ῖ
2169 5130 2192 5183 ?
2224 5131 2365 5184 sicut
2399 5131 2451 5184 in
2488 5131 2748 5186 vicesimo
2783 5132 2942 5186 tertio
2974 5132 3179 5201 psalmo
3212 5134 3316 5187 Da.

1737 5222 1823 5275 vid
1854 5223 1970 5291 ait;
2001 5222 2257 5277 Dominus
2283 5224 2530 5277 virtutum
2566 5226 2673 5293 ipse
2715 5233 2791 5278 est
2839 5241 2934 5277 rex
2968 5226 3183 5295 gloria';
3221 5230 3313 5285 alii

1736 5329 2000 5383 personas
2027 5329 2215 5370 earum
2262 5316 2528 5371 inducunt
2589 5319 2734 5372 circa
2801 5319 2975 5387 ipsum
3022 5318 3310 5374 Dominum

1734 5406 2066 5469 dubitantes,
2094 5423 2156 5461 ac
2177 5408 2390 5465 discere
2421 5410 2707 5478 cupientes
2737 5411 3055 5479 mysterium
3092 5411 3315 5479 dispen-

1730 5497 1960 5553 sationis
1991 5509 2216 5565 nostrze,
2248 5501 2391 5570 quod
2422 5516 2556 5570 opus
2584 5500 2694 5555 Deo
2722 5504 3017 5571 competit;
3048 5504 3310 5573 quoniam

1731 5598 1920 5645 nosua
1975 5590 2337 5663 dispensatio,
2391 5592 2489 5648 Dei
2541 5594 2792 5663 operatio
2843 5605 3120 5651 estzvere
3165 5596 3309 5651 enim
