3722 6292
398 335 504 394 29.7

1585 326 1643 386 S.
1682 323 1984 385 DIONYSII
2020 327 2490 384 ΛΠΕΟΡΑΟΙΤᾹΞ

3563 331 3665 389 228

403 455 495 507 1ιεί
529 466 694 522 opera
715 459 875 507 erant
905 461 1248 519 quaecunque
1274 446 1341 502 ad
1361 456 1615 501 nostram
1647 450 1872 516 spectati

2203 443 2436 516 εουργία,
2483 446 2517 515 η
2560 444 2700 516 ὑπὲρ
2742 443 2904 516 ἡμῶν
2946 445 3247 516 οἰκονομία·
3287 446 3426 500 Θεοῦ
3467 447 3576 521 γὰρ
3608 450 3673 516 ὡς

399 546 882 616 dispensationem.
918 543 1057 599 Hinc
1100 541 1268 597 isaias
1329 541 1447 594 ait:
1485 540 1621 606 Quis
1650 551 1725 594 est
1757 542 1854 594 iste
1890 540 1982 610 qui

399 639 539 690 venit
579 653 644 691 ex
669 634 837 689 Edam
865 639 890 676 Β
918 637 943 690 ?
978 645 1065 691 et:
1098 634 1279 701 Quare
1318 634 1479 688 rubra
1518 643 1638 686 sunt
1679 634 1984 686 vestimenta

399 741 490 783 tua
516 729 546 768 ι
572 728 596 782 2
627 729 756 783 illud
788 729 856 782 ad
886 729 1231 797 semetipsas,
1261 727 1364 781 hoc
1393 727 1458 779 ad
1482 725 1759 779 Christum
1793 724 1985 778 Salva-

401 832 575 876 torem
605 822 843 888 dixisse;
873 821 1073 888 quibus
1110 819 1366 874 Salvator
1412 819 1530 886 ipse
1567 831 1664 886 per
1707 832 1766 871 se
1808 817 1980 884 prima

402 913 714 984 largitione,
744 924 800 968 et
840 927 945 967 non
981 926 1079 981 per
1110 911 1302 975 alium,
1333 909 1646 964 manifestat
1688 923 1840 962 suam
1886 909 1986 961 Int-

403 1022 622 1062 Iuanam
677 1006 1119 1062 beneﬁcentiam.
1150 1003 1262 1074 Ego
1309 1003 1483 1065 enim,
1516 1002 1725 1071 inquit,
1774 1001 1866 1071 qui
1907 1000 2005 1053 lob-

400 1114 535 1168 quor
575 1098 846 1167 justitiam
871 1139 888 1164 ,
929 1109 978 1152 et
1005 1096 1276 1165 judicium
1316 1094 1572 1148 salutaris
1603 1095 1648 1146 ί.
1687 1091 1982 1158 Hactenus,

408 1201 634 1245 sanctus
663 1206 787 1245 cum
815 1192 907 1246 hic
938 1189 1248 1244 iutroducat
1270 1185 1517 1240 Virtutes
1548 1186 1980 1254 interrogantes,

404 1296 512 1333 non
565 1281 780 1351 aliquos
815 1281 952 1335 alios
980 1279 1205 1334 ordines
1236 1277 1550 1340 inferiores,
1597 1277 1690 1330 sed
1723 1276 1986 1346 ipsosmet

404 1387 691 1443 supremos
720 1387 786 1426 ac
815 1373 1022 1442 primos
1073 1371 1165 1442 qui
1215 1370 1382 1424 etiam
1423 1367 1740 1422 immediate
1771 1367 1985 1422 divinas

407 1464 730 1532 disciplinas
752 1464 1054 1534 excipiunt.
1081 1462 1273 1524 Miror,
1305 1461 1504 1531 inquit,
1523 1460 1796 1529 quomodo
1819 1458 1984 1512 etiam

406 1559 538 1624 ipsa:
609 1557 800 1627 primze
846 1556 1152 1611 caelestium
1205 1553 1610 1616 essentiarum,
1661 1560 1986 1619 tantumque

404 1648 619 1702 caeteris
653 1657 996 1718 praestantes,
1031 1647 1338 1700 divinarum
1374 1644 1804 1698 illustratiomun
1835 1641 1985 1695 desi-

405 1737 560 1792 derio
591 1739 660 1792 ita
691 1749 1007 1794 reverenter
1037 1737 1362 1800 adiciantur,
1396 1746 1453 1789 ut
1477 1736 1694 1789 discant
1723 1732 1888 1786 etiam
1914 1731 1984 1785 ab

2086 537 2306 608 ἀληθῶς
2335 537 2474 608 ἔργα
2514 533 2583 608 ἦν
2609 536 2680 589 τὰ
2713 536 2858 589 κατά
2889 535 2989 608 τὴν
3029 537 3344 609 οἰκονομίαν
3387 539 3585 594 πάντα.
3624 542 3675 595 ’(1

2099 627 2329 690 Ἡσαΐας
2359 625 2542 680 τοίνυν
2573 627 2728 696 φησί·
2763 626 2860 690 ΤΙς
2893 625 3070 692 οὗτος
3119 629 3152 680 ό
3203 631 3676 699 παραγενόμενος

2084 719 2155 784 ἐξ
2188 719 2412 789 Ἐδώμ;
2459 720 2574 784 καὶ,
2611 722 2744 774 Ἵνα
2787 721 2848 774 τί
2896 737 3012 774 σου
3055 720 3274 789 ἐρυθρὰ
3323 722 3396 776 τὰ
3447 721 3673 790 ίμάτια;

2086 811 2265 864 ἐκεῖνο
2293 811 2431 883 πρὸς
2453 810 2674 876 ἑαυτὰς,
2697 811 2857 864 τοῦτο
2887 811 3025 883 πρὸς
3037 812 3129 866 τὸν
3158 811 3391 884 Σωτῆρα
3420 814 3672 886 Χριστόν.

2087 903 2233 974 Πρὸς
2259 903 2328 967 ἀς
2362 906 2390 957 ὁ
2421 903 2610 976 Σωτὴρ
2640 904 2995 976 πρωτοδότως
3018 906 3115 958 καὶ⁵
3140 906 3306 969 αὐτὸς
3328 908 3422 976 ἀφ’
3462 907 3671 972 ἑαυτοῦ,

2085 996 2181 1049 καὶ
2209 996 2271 1049 οὐ
2314 996 2382 1050 δι’
2429 997 2624 1059 ἄλλου,
2669 997 2919 1066 ἐκφαίνει
2949 996 3048 1068 τὴν
3089 997 3254 1051 αὑτοῦ
3300 999 3675 1072 φιλάνθρωπον

2089 1088 2479 1160 ἀγαθουργίαν.
2525 1088 2671 1157 Ἐγὼ
2686 1088 2818 1158 γὰρ,
2838 1089 2992 1160 φησι,
3012 1087 3360 1158 διαλέγομαι
3376 1090 3673 1146 δικαιοσύ-

2087 1196 2224 1246 νην,
2261 1178 2357 1231 καὶ
2389 1179 2590 1246 κρίσιν
2622 1178 2945 1245 σωτηρίου.
2975 1177 3126 1239 Τέως
3147 1178 3224 1242 δὲ,
3250 1179 3373 1230 ἐπεὶ
3402 1177 3674 1249 ἐκλαμϐά-

2085 1289 2165 1325 νει
2194 1271 2293 1335 τὰς
2317 1269 2605 1342 ὲρωτώσας
2641 1270 2901 1340 δυνάμεις
2929 1271 2958 1322 ὁ
2994 1271 3170 1338 ἆγιος,
3203 1271 3303 1323 οὑκ
3333 1271 3500 1334 ἄλλας
3531 1272 3674 1336 τινὰς

2087 1364 2491 1434 ὑποϐεϐηκυίας
2526 1362 2730 1426 τάξεις,
2761 1362 2877 1416 ἀλλ’
2915 1362 3085 1425 αὐτὰς
3120 1361 3220 1426 τὰς
3249 1363 3563 1434 ὑπερτάτας
3589 1366 3675 1419 καὶ

2088 1455 2330 1529 πρώτας,
2363 1456 2419 1508 αἳ
2453 1454 2518 1525 δὴ
2553 1451 2660 1507 καὶ,
2682 1452 2906 1523 ἀμέσως
2946 1451 3018 1505 τὰ
3056 1452 3159 1522 τῆς
3192 1451 3341 1516 θείας
3383 1453 3676 1524 μαθητείας

2085 1547 2350 1617 δέχονταιο
2393 1543 2690 1616 Θαυμάζω,
2724 1543 2893 1612 λέγει,
2921 1542 3042 1606 πῶς
3079 1543 3258 1596 κοιὶαί
3297 1543 3406 1596 τῶν
3453 1544 3678 1614 ἐπουρα-

2085 1647 2213 1700 νίων
2257 1647 2456 1699 οὐσιῶν
2498 1645 2734 1718 πρῶται,
2773 1645 2870 1698 καὶ
2916 1644 3050 1698 πολὺ
3081 1645 3238 1697 τόσον
3281 1645 3677 1716 ὑπερκείμεναι

2084 1737 2185 1803 τὰς
2226 1738 2393 1802 ἄλλας
2431 1739 2630 1800 πάσας,
2673 1735 2919 1799 εὐλαϐῶς
2958 1734 3053 1789 καὶ
3092 1729 3253 1789 αὗται
3294 1735 3538 1803 ἐφίενται
3575 1734 3675 1787 τῶν

405 1829 637 1884 invicem
671 1846 734 1884 ac
765 1832 808 1884 si
845 1831 1008 1884 medii
1045 1829 1259 1884 ordinis
1295 1835 1516 1891 essent,
1560 1841 1682 1894 quae
1726 1839 1755 1878 a
1811 1839 1873 1879 su

2203 1829 2400 1900 ρχικῶν
2442 1827 2783 1898 ἑλλάμψεων,
2821 1826 2963 1879 ὥστε
3011 1826 3200 1896 μαθεῖν
3239 1826 3368 1897 παρ’
3416 1825 3673 1896 ἀλλήλων,

407 1923 672 1977 miuribus
702 1922 1124 1976 illustrationem
1172 1919 1427 1990 accipere
1454 1919 1740 1972 deberent.
1773 1915 1985 1968 Etenim

406 2017 618 2080 mediae,
647 2025 708 2069 ut
742 2017 1088 2079 dicebamus,
1136 2014 1655 2083 contemplationem
1683 2010 1903 2080 quidem
1933 2019 1990 2064 et

409 2107 540 2176 ipsa:
566 2107 969 2161 indelicientem
994 2108 1063 2160 ad
1092 2106 1260 2160 Deum
1289 2105 1516 2168 habent,
1537 2102 1988 2173 propensionem-

406 2213 556 2267 que:
590 2199 733 2268 quod
786 2208 968 2253 autem
1017 2197 1456 2266 contemplantes
1490 2196 1776 2258 dubitant,
1827 2193 1930 2247 hoc.
1958 2206 1988 2244 a

406 2291 827 2345 sublimioribus
852 2289 1172 2354 addiscunt,
1201 2289 1371 2342 veluti
1403 2289 1446 2342 si
1473 2289 1598 2357 quis
1627 2295 1742 2341 toto
1771 2286 1987 2356 quidem

408 2385 594 2439 cordis
623 2383 819 2438 aﬂ'ectu
851 2384 1066 2438 feratur
1097 2384 1152 2438 in
1189 2383 1413 2455 Regem,
1445 2385 1512 2438 de
1539 2399 1603 2437 eo
1627 2394 1808 2437 autem
1841 2382 1987 2452 quod

407 2477 603 2530 videns
649 2476 936 2532 dubitabat
967 2475 1298 2530 solutionem
1351 2475 1590 2543 accipiat
1635 2489 1664 2527 a
1712 2473 1988 2544 praefecto.

409 2567 556 2622 Idem
585 2567 812 2621 omnino
840 2568 1008 2620 etiam
1040 2566 1128 2621 hic
1154 2574 1400 2636 apparet,
1445 2580 1511 2620 ac
1552 2566 1597 2620 si
1631 2563 1873 2620 Virtutes
1901 2581 1992 2619 es-

407 2669 530 2715 sent
578 2659 741 2715 medii
772 2660 986 2715 ordinis
1012 2701 1028 2727 ,
1063 2669 1118 2715 et
1149 2662 1398 2715 viderent
1442 2660 1661 2730 quidem
1693 2659 1992 2713 ascenden-

409 2764 550 2819 tem,
609 2753 926 2808 dubitantes
983 2763 1169 2807 autem
1228 2753 1557 2808 solutionem
1623 2759 1876 2820 peterent
1925 2749 1992 2805 ab

408 2837 551 2908 aliis‘,
580 2845 878 2899 secundum
905 2845 1154 2901 ordinem
1194 2860 1356 2916 quem
1387 2845 1592 2898 divina!
1625 2845 1865 2899 Virtutes
1895 2843 1994 2898 ha-

408 2938 570 3003 bent;
611 2952 790 3008 neque
815 2940 962 2994 enim
994 2938 1168 3004 illico,
1203 2939 1404 3007 inquit,
1436 2937 1724 2992 Dominum
1759 2937 1994 2990 interro-

409 3035 578 3094 gant:
607 3028 788 3093 Quare
832 3029 992 3082 rubra
1035 3041 1159 3082 sunt
1205 3030 1514 3082 vestimenta
1564 3027 1698 3080 tua?
1727 3026 1821 3081 sed
1846 3024 1994 3094 prius

417 3136 603 3174 secum
635 3122 889 3175 haesitant
926 3122 1198 3184 attonitae,
1220 3121 1463 3174 dicentes
1486 3139 1500 3174 :
1531 3121 1662 3186 Quis
1683 3129 1757 3174 est
1783 3121 1881 3172 iste
1905 3118 1994 3181 qui

406 3212 518 3282 67
532 3213 838 3269 ascenditde
851 3211 1052 3266 Edam?
1065 3212 1358 3266 Adtnlrans
1375 3213 1590 3266 tandem
1611 3213 1842 3266 Sanctus
1857 3211 1992 3280 ipse,

414 3303 636 3356 dubium
657 3303 839 3366 solvit,
873 3303 1044 3366 aiens,
1063 3301 1330 3355 declarari
1373 3305 1591 3372 quidem
1616 3303 1732 3356 illas
1751 3303 1992 3357 discendi

413 3398 622 3462 avidas,
658 3406 714 3451 ct
767 3397 1081 3451 desiderare
1120 3397 1263 3466 scire
1311 3396 1552 3449 divinam
1588 3395 1992 3462 operationem,

414 3489 662 3552 modum,
684 3489 928 3555 inquam,
948 3488 1272 3542 ineffabilem
1293 3486 1732 3556 dispensationis,
1754 3497 1994 3542 altari-en

413 3580 657 3634 divinam
715 3581 938 3634 indultae
984 3581 1087 3633 sibi
1146 3579 1537 3634 illustrationis
1583 3579 1993 3649 processionem

415 3674 640 3726 minime
670 3674 1001 3742 praevenire,
1041 3674 1189 3744 quod
1219 3672 1505 3738 nimirum,
1541 3673 1671 3728 licet
1702 3673 1844 3728 forte
1880 3673 1996 3743 pri-

414 3782 536 3821 mus
567 3766 657 3820 ille
693 3765 964 3822 Virtutum
997 3767 1176 3822 ternio
1211 3768 1513 3831 hmsitaret,
1551 3782 1659 3821 non
1709 3778 1889 3822 tamen
1928 3769 1994 3822 il-

413 3858 520 3916 iieo
575 3860 852 3915 dubitaret
887 3861 1034 3916 circa
1085 3860 1403 3925 Dominum,
1454 3861 1711 3927 quoniam
1751 3859 1993 3916 ftIturum

412 3959 560 4015 erat,
587 3961 647 4003 ut
679 3950 1064 4005 illustrationis
1087 3966 1375 4022 processus
1403 3939 1704 4006 secundum
1736 3953 1990 4008 ordinem

413 4039 724 4110 obtingeret
779 4044 1054 4110 supremis
1100 4040 1216 4117 illis,
1262 4041 1440 4094 tribus
1487 4041 1801 4095 ordinibus.
1849 4041 1996 4105 Quid

415 4134 581 4201 igitur
630 4134 852 4198 mirum,
889 4135 932 4187 si
983 4133 1270 4188 cherubim
1322 4135 1665 4189 accesserint
1713 4137 1782 4189 ad
1833 4149 1996 4189 sera-

417 4225 589 4292 phim,
621 4225 705 4277 vel
755 4226 807 4279 hi
855 4226 922 4278 ad
957 4226 1222 4289 thronos;
1269 4241 1392 4278 cum
1443 4224 1686 4279 futurum
1718 4237 1888 4293 esset,
1938 4235 1996 4280 ut

417 4316 504 4369 his
535 4317 708 4384 prima
743 4317 1037 4369 illustratio
1076 4317 1411 4384 obtingeret,
1446 4327 1611 4387 atque
1647 4318 1722 4372 ita
1759 4333 1857 4389 per
1902 4333 1996 4393 eos

419 4407 764 4461 cherubinis.
836 4405 1035 4477 thuid
1067 4409 1234 4478 igitur
1262 4411 1651 4478 prmvenircnt,
1681 4415 1736 4463 et
1772 4419 1878 4463 non
1909 4425 1992 4463 se-

417 4499 653 4554 cundum
687 4500 923 4553 divinam
967 4503 1377 4570 processionem
1431 4502 1852 4558 illustrationem
1897 4519 1994 4558 exe
2027 4481 2070 4536 D

422 4587 780 4659 spectarent?
831 4591 1082 4650 Absolvit
1146 4590 1345 4648 deinde
1402 4609 1556 4649 suam
1612 4596 1994 4664 quaestionem.

425 4677 557 4734 Erat
584 4690 766 4734 autent
793 4680 931 4743 ha-c,
957 4697 1118 4749 quam
1143 4691 1461 4750 putaremus
1484 4698 1605 4738 esse
1632 4685 1994 4740 hierarchiam

416 4774 717 4843 primarum
772 4775 1162 4831 essentiarum.
1218 4776 1397 4831 l’runa
1459 4777 1630 4845 igitur
1681 4778 1992 4834 caelestium

416 4865 912 4936 intelligentiarum
940 4867 1254 4922 hierarchia
1280 4883 1385 4921 non
1416 4871 1484 4924 ab
1510 4867 1618 4924 alia
1648 4869 1875 4937 virtute,
1901 4872 1996 4926 sed

417 4960 485 5014 ab
518 4959 757 5029 ipsemet
797 4959 1048 5014 initiandi
1084 4961 1393 5031 principatu
1429 4965 1659 5034 mystica
1700 4964 1995 5033 divinaque

417 5051 786 5108 illustratione
835 5062 1158 5107 consecrata
1218 5056 1672 5124 gubernataque,
1723 5052 1826 5110 hoc
1880 5057 1997 5124 ipso

417 5160 525 5215 quo
558 5146 626 5199 ad
655 5147 957 5216 primarum
986 5147 1213 5199 istarum
1249 5147 1514 5200 mentium
1546 5147 1851 5201 caelestium
1879 5144 1994 5201 hie-

418 5238 693 5292 rarehiam
717 5235 1040 5306 subrigitur,
1057 5234 1404 5293 sanctissima
1429 5239 1646 5307 quidem
1671 5235 1995 5309 purgatione

368 5345 372 5352 ·
419 5332 622 5386 referta
673 5331 948 5400 expiatur,
995 5343 1050 5386 et
1094 5331 1362 5385 immenso
1412 5325 1742 5398 inlinitoque
1793 5329 2001 5387 lumine

421 5420 600 5478 deuito
627 5423 857 5492 repleta,
894 5422 1224 5486 illustratur,
1256 5419 1773 5491 perfectissimaque
1804 5438 1999 5478 conse-

422 5521 670 5573 cratione
703 5518 899 5571 iterum
932 5516 1110 5584 plena,
1142 5513 1440 5568 secundum
1474 5509 1686 5566 ordinis
1724 5511 2000 5569 conditio-

423 5624 548 5665 nem
578 5609 880 5682 perficitur.
917 5607 1065 5664 Hanc
1108 5607 1254 5662 enim
1286 5602 1652 5660 hierarchiam
1687 5620 1854 5676 supra
1904 5622 1998 5661 vo-

500 5766 529 5808 ε
572 5763 696 5820 lsai.
742 5779 895 5832 LXIII,
939 5764 987 5820 ι.
1063 5763 1090 5805 ιι
1124 5761 1282 5828 lbid.,
1329 5759 1384 5814 2.
1468 5761 1484 5802 ί
1544 5759 1704 5826 Ibid,
1743 5759 1797 5815 Ι.

2091 1921 2280 1992 ὥσπερ
2307 1921 2371 1975 ἂν
2401 1917 2541 1992 ἦσαν
2576 1921 2920 1991 μεσοταγεῐς,
2947 1919 3112 1990 αἴπερ
3143 1916 3367 1989 ἔμελλον
3396 1918 3553 1990 παρά
3572 1918 3674 1970 τῶν

2092 2013 2439 2086 ὑψηλοτέρων
2463 2013 2759 2084 λαμϐάνειν
2788 2012 2888 2084 τὴν
2907 2011 3187 2082 ἑλλαμψιν.
3220 2012 3331 2064 Καὶ
3360 2011 3470 2083 γὰρ
3493 2013 3553 2064 αἱ
3585 2012 3675 2081 μὲ-

2093 2123 2203 2171 σαι,
2235 2107 2311 2169 ὼς
2337 2105 2582 2176 εἴπομεν,
2611 2105 2709 2176 τὴν
2756 2103 2854 2175 μὲν
2897 2098 3131 2174 θεωρίαν
3166 2104 3261 2156 καὶ
3287 2104 3448 2156 αὐταὶ
3487 2102 3675 2171 ἀκλινῆ

2092 2201 2230 2275 πρὸς
2253 2199 2343 2252 τὸν
2367 2195 2500 2251 Θεὸν
2521 2197 2723 2268 ἔχουσι,
2755 2199 2849 2250 καὶ
2877 2198 2976 2268 τὴν
3006 2197 3212 2266 ἔφεσιν,
3243 2197 3270 2249 ὂ
3294 2197 3350 2250 δὲ
3382 2196 3678 2268 θεωροῦσαι

2093 2289 2381 2362 ἀποροῦσι,
2419 2288 2576 2341 τοῦτο
2604 2288 2754 2358 ποιρά
2781 2288 2888 2341 τῶν
2915 2288 3261 2360 ὑψηλοτέρων
3295 2287 3674 2359 μανθάνουσιν,

2093 2382 2282 2452 ὥσπερ
2311 2381 2376 2435 ἄν
2414 2398 2499 2443 τις
2537 2379 2720 2450 όλικὴν
2751 2376 2847 2450 μὲν
2873 2379 2985 2450 ἔχοι
3013 2381 3113 2451 τῆς
3148 2379 3376 2451 καρδίας
3403 2381 3503 2451 τὴν
3531 2380 3679 2433 τάσιν

2094 2472 2231 2544 πρὸς
2268 2471 2358 2524 τὸν
2395 2469 2639 2541 βασιλέα,
2673 2469 2757 2538 ἐφ’
2791 2462 2835 2536 ᾧ
2877 2469 2935 2521 δὲ
2975 2469 3206 2539 ἀποροίη
3246 2467 3543 2539 θεώμενος,
3586 2468 3678 2538 τὴν

2093 2561 2246 2614 λύσιν
2279 2559 2542 2630 λαμϐάνει
2587 2557 2738 2630 παρά
2778 2557 2872 2612 τοῦ
2909 2558 3288 2629 ὑπερέχοντος.
3340 2558 3513 2611 Τοῦτο
3556 2557 3678 2626 γοῦν

2094 2649 2370 2704 κάνταῦθα
2399 2647 2668 2719 φαίνεται,
2699 2648 2889 2720 ῶσπερ
2923 2648 2988 2700 ἂν
3040 2643 3178 2718 ἦσαν
3205 2649 3262 2700 αἱ
3297 2647 3561 2717 δυνάμεις
3591 2664 3680 2717 με·

2098 2741 2366 2808 σοταγεῖς,
2418 2741 2518 2792 καὶ
2555 2738 2780 2792 ἔϐλεπον
2825 2739 2922 2808 μὲν
2956 2737 3096 2808 πρὸς
3137 2737 3232 2790 τὸν
3281 2737 3677 2810 ἀνερχόμενον,

2097 2827 2400 2904 ἀποροῦσαι
2444 2831 2502 2883 δὲ
2539 2828 2836 2901 ἐπεζήτουν
2855 2828 2954 2900 τὴν
2983 2828 3135 2881 λύσιν
3158 2827 3312 2900 παρά
3340 2829 3448 2882 τῶν
3483 2829 3678 2893 ἄλλων,

2097 2923 2280 2986 καθὼς
2322 2924 2378 2975 αἱ
2428 2921 2568 2974 θεῖαι
2617 2921 2877 2990 δυνάμεις
2919 2919 3098 2988 ἔχουσι
3139 2919 3366 2984 τάξεως.
3413 2919 3527 2971 Καὶ
3557 2919 3680 2989 γὰρ,

2097 3014 2295 3085 φησιν,
2345 3014 2447 3065 οὐκ
2494 3011 2717 3064 αὐτόθεν
2762 3009 3007 3082 ἐρωτῶσι
3056 3010 3145 3063 τὸν
3198 3009 3424 3080 Κύριον·
3482 3011 3590 3064 Διὰ
3633 3011 3684 3062 τί

2098 3124 2214 3160 σου
2257 3104 2475 3173 ἐρυθρὰ
2537 3103 2609 3157 τὰ
2663 3102 2895 3172 Ιμὰτια;
2953 3102 3092 3174 πρὸς
3141 3103 3339 3167 ἑαυτὰς
3390 3104 3448 3157 δὲ
3502 3104 3682 3158 διαπο-

2107 3197 2264 3269 ροῦσι
2320 3194 2618 3268 πρότερον⁸
2661 3195 2755 3260 Τίς
2787 3193 2965 3260 οὗτος
3016 3197 3048 3248 d
3095 3197 3586 3264 παραγενόμενος
3621 3194 3685 3260 ἐξ

2112 3287 2334 3358 Ἐὸώμ;
2361 3288 2628 3357 λέγουσαι.
2657 3285 2956 3356 Θαυμάσας
2975 3285 3307 3350 τοίνυν,λύει
3333 3287 3432 3357 τὴν
3457 3281 3684 3356 ἀτῖξρίαν

2096 3383 2125 3435 ό
2158 3380 2530 3449 ἆγιος,λέγων,
2553 3379 2632 3431 ὅτι
2663 3378 2997 3431 ἐνδείκνυται
3027 3377 3125 3448 μὲν
3152 3379 3233 3430 ὅτι
3258 3379 3360 3448 τῆς
3395 3379 3686 3449 μαθητείας

2096 3473 2410 3545 γλίχονται,
2457 3471 2552 3524 καὶ
2591 3469 2831 3540 ἐφίενται
2867 3467 3071 3536 γνῶναι
3106 3468 3204 3538 τὴν
3253 3468 3572 3542 θεουργίαν,
3599 3470 3684 3522 τὸν

2095 3567 2296 3638 τρόπον
2325 3564 2468 3632 λέγω
2494 3561 2594 3632 τῆς
2619 3560 2933 3632 οἰκονομίας
2963 3560 3056 3613 τὸν
3083 3561 3346 3634 ἄρρητον,
3383 3562 3446 3614 οὐ
3480 3577 3688 3632 προπη-

2095 3658 2228 3711 δῶσι
2261 3657 2317 3709 se
2348 3655 2448 3725 τῆς
2475 3652 2619 3706 κατά
2656 3652 2807 3705 θείαν
2840 3653 3068 3722 πρόοδον
3103 3652 3452 3723 ἐνδιδομένης
3491 3652 3685 3722 ἐλλάμ-

2096 3749 2263 3820 ψεως,
2286 3749 2370 3801 ὅτι
2405 3746 2567 3816 τυχὸν
2609 3746 2657 3797 εί
2685 3745 2780 3796 καὶ
2817 3745 2849 3814 ἡ
2891 3742 3084 3815 πρώτη
3118 3745 3212 3797 καὶ
3245 3746 3533 3815 ὑπερτάτη
3586 3742 3687 3796 τῶν

2097 3841 2273 3895 ἀλλων
2315 3837 2474 3909 τριὰς
2505 3837 2553 3889 οἱ
2593 3835 2929 3907 ἀποροῦντες
2977 3831 3137 3905 ἦσαν,
3175 3837 3276 3890 οὐκ
3319 3837 3526 3900 εὐθέως
3557 3836 3688 3906 ἡπό-

2099 3947 2273 4003 ρησαν
2304 3928 2442 3999 πρὸς
2470 3927 2562 3980 τὸν
2589 3925 2812 3997 Κύριον,
2842 3926 2922 3978 ὅτι
2950 3925 3142 3995 ἔμελλε
3167 3928 3264 3978 καὶ
3294 3929 3328 3997 ἡ
3359 3928 3462 3997 τῆς
3491 3927 3688 3999 ἐλλάμ-

2095 4023 2243 4092 ψεως
2270 4020 2495 4092 πρόοδος
2557 4017 2698 4071 κατά
2729 4016 2884 4083 τάξιν
2919 4017 3177 4085 γενέσθαι
3208 4021 3326 4082 τοῖς
3365 4021 3688 4090 ὐπερτάτοις

2096 4118 2244 4190 τρισὶ
2264 4117 2529 4187 άγμασι.
2555 4113 2620 4167 Τί
2643 4109 2736 4167 οὖν
2758 4113 2926 4180 ξένον,
2946 4114 2994 4164 εί
3023 4111 3094 4165 τὰ
3113 4112 3382 4185 χερουΰὶμ
3403 4116 3688 4187 διηπόρουν

2099 4207 2238 4279 πρὸς
2275 4205 2345 4258 τά
2379 4199 2647 4276 σεραφὶμ,
2681 4203 2915 4275 ἢταῦτα
2946 4203 3084 4275 πρὸς
3115 4203 3243 4266 τούς
3288 4203 3553 4276 θρόνους;
3596 4206 3688 4275 τῆς

2099 4307 2419 4378 ὲλλάμψεως
2459 4304 2763 4377 μελλούσης
2787 4303 3035 4374 γίνεσθαι
3077 4302 3303 4375 πρώτης
3334 4307 3418 4367 είς
3446 4305 3686 4368 τούτους,

2100 4400 2198 4456 εἷθ’
2249 4393 2392 4454 οὕτω
2441 4401 2534 4454 καὶ
2579 4399 2647 4453 δι’
2683 4391 2862 4451 αὐτῶν
2915 4399 2997 4460 εἰς
3037 4395 3106 4449 τά
3151 4398 3445 4469 χερουϐίμ.
3484 4401 3601 4454 Ἵνα
3641 4400 3688 4452 τί

2099 4495 2228 4565 γοῦν
2261 4493 2692 4564 προπηδήσειαν,
2727 4489 2821 4543 καὶ
2855 4489 2928 4561 μὴ
2966 4488 3064 4558 τὴν
3104 4487 3244 4541 κατά
3279 4489 3432 4543 θείαν
3467 4492 3687 4564 πρόοδον

2101 4585 2366 4657 ἐλλαμψιν
2402 4583 2788 4655 ἀναμείνειαν;
2823 4577 3192 4653 Συμπεραίνει
3225 4582 3481 4637 ἐντεῦθεν
3510 4585 3572 4636 τὸ
3603 4584 3691 4654 ζή-

2098 4690 2249 4752 τημα
2287 4671 2472 4730 αὐτοῦ.
2519 4671 2627 4728 Ἦν
2657 4670 2796 4727 δὲτὸ
2825 4671 3043 4744 ζήτημα
3083 4673 3270 4734 αὐτοῦ,
3303 4672 3428 4726 τίνα
3469 4675 3690 4747 οἰόμεθα

2099 4772 2200 4843 τὴν
2241 4770 2350 4823 τῶν
2384 4767 2615 4839 πρώτων
2663 4765 2861 4819 οὐσιῶν
2912 4761 3215 4836 ἱεραρχίαν.
3261 4761 3476 4819 Οὐκοῦν
3515 4768 3690 4820 τοίνυν

2103 4865 2137 4936 ἠ
2169 4859 2360 4935 πρώτη
2393 4859 2502 4913 τῶν
2525 4858 2791 4932 οὐρανίων
2825 4857 2959 4911 νοῶν
2985 4853 3236 4928 ίεραρχία
3265 4857 3328 4909 οὐ
3364 4861 3496 4931 παρ’
3530 4859 3691 4929 ἄλλης

2102 4955 2403 5026 δυνάμεως,
2433 4953 2561 5024 παρ’
2592 4950 2764 5021 αὐτῆς
2803 4949 2860 5002 δὲ
2890 4947 2991 5018 τῆς
3021 4945 3399 5018 τελεταρχὶας,
3449 4949 3554 5019 τῆς
3599 4969 3691 5020 μυ.

2105 5042 2296 5119 πικῆς
2318 5045 2413 5114 καὶ
2436 5045 2586 5107 θείας
2611 5030 2930 5112 suspectu;
2952 5041 3354 5114 ἱεραρχουμένη
3379 5042 3472 5094 καὶ
3490 5043 3687 5094 οίκονο-

2107 5159 2207 5212 μου
2217 5141 2373 5212 μένη,
2393 5141 2449 5191 ὲν
2464 5137 2543 5208 τῷ
2561 5131 2648 5189 ὲπ⁴
2670 5133 2839 5204 αὐτὴν
2855 5132 2917 5204 δὴ
2932 5133 3028 5204 τὴν
3043 5133 3150 5187 τῶν
3171 5129 3409 5205 πρώτων
3428 5135 3684 5206 οὐρανίων

2105 5243 2238 5296 νόων
2276 5239 2558 5312 ίεραρχίαν
2597 5235 2992 5300 ἀνατείνεσθαι,
3022 5235 3122 5305 τῆς
3159 5235 3435 5303 παναγίας
3463 5236 3566 5307 μὲν
3597 5253 3683 5287 κα-

2107 5335 2350 5405 θάρσεως
2373 5329 2722 5403 πληρουμένη
2753 5326 3096 5398 καθαίρεται,
3119 5324 3213 5378 τοῦ
3243 5326 3481 5380 ἀπλέτου
3513 5328 3572 5380 δὲ
3603 5328 3682 5381 καί

2105 5425 2331 5498 ἀπείρου
2367 5425 2543 5496 φωτὸς
2587 5423 2750 5478 πάλιν
2792 5420 3182 5493 πληρουμένη,
3229 5421 3552 5490 φωτίζεται,
3594 5419 3691 5488 τῆς

2106 5517 2416 5588 προτελείου
2462 5516 2866 5586 τελεσιουργίας
2915 5513 3073 5568 πάλιν
3127 5513 3520 5586 πληρουμένη,
3573 5511 3689 5565 κατ’

2106 5607 2396 5680 ἀναλογίαν
2436 5607 2536 5680 τῆς
2563 5605 2772 5674 τάξεως
2816 5606 3296 5676 τελεσιουργεῖται.
3332 5605 3552 5674 Ταύτην
3586 5602 3691 5673 γὰρ
