3734 6334
68 368 177 425 εει)

575 365 665 421 DE
699 364 1023 423 C(ELESTI
1062 365 1508 435 HIERARCIIIA,
1539 367 1694 423 CAP.
1730 365 1840 423 νη.
1878 399 1946 409 ——
1985 340 2334 423 PARA‘PHR.
2365 367 2838 429 PACHYMERIE.

3231 376 3340 433 230

63 484 166 554 τὴν
198 482 485 557 ἱεραρχίαν
514 481 881 555 προεθέμεθα,
906 480 1197 553 κάθαρσιν,
1230 483 1529 553 φωτισμὸν,

1868 499 2022 537 amns
2040 484 2433 552 expiationem,
2458 486 2941 555 illuminationem,
2966 500 3022 547 et
3043 495 3339 561 perlectio-

64 576 373 629 τελείωσιν.
409 574 564 627 Ἐστι
594 574 708 644 δὲὴ
743 574 968 645 τοιαύτη
1003 576 1252 647 ίεραρχία
1283 577 1392 629 τῶν
1424 575 1655 648 πρώτων

62 666 342 738 οὐρανίων
368 666 525 729 νοῶν,
556 667 651 719 καὶ
680 666 862 738 πάσης
889 666 1133 735 ὑφέσεως
1160 668 1253 720 καὶ
1280 667 1657 738 ὑποϐιϐασμοῦ

66 760 283 832 ἀμιγὴς
314 761 386 831 (οἱ
409 760 517 832 γὰρ
548 760 726 831 θρόνοι
751 760 1091 833 ὲξαίρονται)
1117 763 1211 815 καὶ
1240 761 1457 833 πρώτου
1482 762 1658 831 φωτὸς

66 854 314 925 πλήρης.
368 852 713 925 Ἐμπρησταὶ
752 853 862 926 γὰρ
883 854 952 907 τά
995 856 1238 925 σεραφὶμ
1263 854 1531 923 λέγονται,
1565 856 1659 908 καὶ

64 946 416 1017 πρωτοδότου
440 947 750 1019 ἐπιστήμης
770 949 864 1001 καὶ
891 948 1145 1016 γνώσεως
1169 948 1414 1019 μέτοχος,
1437 949 1661 1002 τοιαῦτα

65 1040 183 1110 γὰρ
214 1038 287 1091 τά
329 1038 614 1110 χερου6ίμ.
639 1039 787 1110 Πλὴν
813 1040 914 1093 οὑκ
944 1040 1088 1104 ἰδίως
1122 1041 1200 1093 ἐνὶ
1223 1042 1435 1111 ἑκάστῳ
1463 1041 1657 1105 ταῦτα,

65 1130 213 1183 ἀλλά
262 1132 442 1185 πάντα
486 1133 622 1185 πᾶσι
671 1132 815 1186 κατὰ
855 1134 949 1204 τὴν
984 1132 1093 1185 ἀπὸ
1136 1131 1271 1185 Θεοῦ
1316 1133 1453 1205 πρὸς
1490 1134 1661 1198 αὑτὰς

64 1226 255 1296 χάριν.
276 1225 374 1278 Διὰ
390 1224 549 1278 τοῦτο
564 1226 657 1279 καὶ
682 1224 914 1297 πρώτως
934 1227 1036 1298 τὴν
1062 1226 1171 1278 τῶν
1187 1227 1391 1298 θρόνων
1423 1227 1660 1297 ἰδιότητα

65 1313 217 1380 εἶπε,
254 1317 512 1390 δευτέραν
557 1319 614 1371 δὲ
660 1319 760 1390 τὴν
797 1319 908 1372 τῶν
948 1320 1211 1391 σεραφὶμ,
1250 1321 1346 1373 καὶ
1383 1316 1483 1373 εἶθ’
1518 1321 1661 1374 οὕτω

64 1409 169 1477 τὴν
202 1408 314 1461 τῶν
357 1409 535 1480 μέσων
565 1409 742 1462 αὑτῶν
786 1409 1072 1481 χερουϐὶμ,
1112 1410 1301 1478 ὥσπερ
1329 1411 1658 1482 εἰλημμένου

62 1498 165 1549 τοῦ
194 1498 364 1568 μέσου
385 1498 472 1551 διά
485 1497 595 1551 τῶν
611 1498 815 1571 ἄκρων,
843 1501 936 1553 καὶ
967 1501 1096 1570 μιᾶς
1117 1502 1414 1572 γενομένης
1431 1502 1655 1568 τάξεως.

63 1590 169 1641 Διὰ
184 1589 354 1642 τοῦτο
379 1589 596 1658 λέγεται
620 1592 713 1644 καὶ
736 1592 796 1644 τὸ
817 1590 949 1661 ὕψος
976 1592 1186 1644 τούτων
1211 1592 1392 1661 πάσης
1416 1592 1661 1660 ὑφέσεως

64 1682 296 1750 ἀμιγὲς,
327 1683 421 1734 καί
449 1683 509 1735 τὸ
540 1682 656 1752 φῶς
686 1685 921 1754 πρῶτον,
958 1686 1051 1737 καὶ
1078 1686 1110 1753 ἡ
1155 1684 1356 1752 γνῶσις
1384 1682 1659 1754 πρωτόδο-

64 1792 178 1836 τος,
210 1776 296 1827 ὅτι
343 1776 438 1827 καὶ
469 1775 540 1828 τὰ
580 1776 705 1846 τρία
753 1776 1010 1847 τάγματα
1038 1778 1119 1840 εἰς
1162 1776 1288 1847 μίαν
1337 1778 1658 1844 συνάγονται

1765 592 1889 629 netn
1941 590 2036 630 seu
2093 580 2591 634 consecrationem.
2647 581 2745 637 Est
2791 593 2980 638 autem
3030 585 3339 641 istiusmodi

1763 666 2062 735 primarum
2112 670 2376 722 mentium
2424 670 2729 726 cmlestium
2776 674 3114 740 ltierarcltia,
3160 679 3342 731 omnis

1763 773 1891 812 cum
1945 758 2171 813 vilitatis
2225 770 2337 814 tum
2379 762 2740 831 subiectionis
2790 782 2989 836 expers
3038 769 3335 838 (siquidem

1767 848 1946 902 throni
1974 848 2242 920 eminent)
2274 860 2331 903 et
2354 853 2545 921 prima:
2585 854 2724 909 lucis
2752 856 2935 924 plena,
2972 860 3225 927 quoniam
3257 862 3340 913 in-

1763 956 2023 998 censorcs
2069 944 2419 1013 appellantur
2470 947 2786 1017 seraphim;
2841 963 2939 1003 nec
2987 963 3094 1002 non
3150 952 3341 1018 prima:

1761 1035 2008 1090 scientia;
2054 1038 2494 1107 cognitionisque
2540 1041 2836 1109 particeps,
2894 1050 2951 1095 ιιι
3001 1058 3065 1097 ex
3118 1045 3340 1097 nomine

1763 1134 1913 1194 patet
1966 1127 2277 1184 clterubini.
2334 1130 2536 1185 Verum
2575 1132 2859 1187 enimvero
2917 1135 3062 1189 baud
3120 1134 3342 1203 proprie

1763 1219 1881 1274 haec
1903 1220 2130 1275 cuilibet
2151 1224 2511 1284 conveniunt.
2543 1225 2639 1278 scd
2670 1226 2852 1278 omnia
2887 1226 3113 1295 singulis
3145 1242 3340 1279 secun-

1763 1313 1889 1365 dum
1922 1313 2057 1382 ipsis
2089 1330 2117 1366 a
2151 1316 2257 1369 Deo
2292 1315 2477 1369 datam
2502 1317 2761 1387 gratiam.
2796 1317 2863 1370 Et
2904 1328 3190 1387 propterea
3226 1320 3340 1382 pri-

1765 1420 1912 1459 mttm
1965 1405 2288 1461 lbrouornnt
2335 1409 2725 1477 proprietatem
2776 1410 3055 1475 exposuit,
3097 1419 3340 1463 sceuuuo

1763 1494 1883 1551 lucu
1912 1499 2355 1566 seraphinorum,
2400 1509 2454 1555 et
2485 1509 2669 1570 postea
2718 1501 2898 1556 medio
2928 1502 3046 1555 loco
3083 1502 3341 1556 cherubi-

1764 1604 1979 1657 nornm,
2021 1591 2094 1644 ita
2143 1600 2201 1645 ut
2250 1593 2466 1646 medius
2508 1594 2910 1662 quodammodo
2959 1596 3027 1647 al)
3073 1597 3341 1649 extremis

1761 1680 2150 1748 concludatur,
2182 1697 2430 1752 unusque
2456 1686 2593 1738 ordo
2626 1686 2740 1739 liat.
2772 1685 3040 1752 Quocirca
3069 1687 3232 1741 etiam
3259 1688 3342 1741 di-

1764 1774 1905 1827 citur
1927 1774 2235 1829 sublimitas
2258 1790 2452 1829 eorum
2479 1778 2659 1831 omnis
2685 1778 3009 1847 dejectionis
3035 1793 3255 1848 expers,
3285 1790 3342 1833 et

65 1869 245 1934 τάξιν,
281 1872 377 1922 καὶ
415 1869 510 1940 μία
544 1887 629 1933 τις
666 1871 1009 1924 ἀποτελεῖται
1037 1870 1216 1943 τριὰς,
1256 1870 1434 1923 κοινὸν
1463 1872 1539 1921 κα¹

1863 1881 1942 1919 ten
1977 1866 2233 1935 primum,
2260 1876 2316 1920 et
2347 1868 2578 1923 scientia
2614 1870 2869 1938 primitus
2895 1872 3053 1933 data;
3080 1872 3337 1941 quoniam

67 1962 170 2012 ὑπε
179 1976 253 2033 ρη
261 1978 330 2031 ρη
338 1962 517 2031 μένον,
537 1963 632 2014 καὶ
649 1963 830 2032 πάσης
845 1962 1089 2031 ὑφέσεως
1110 1960 1459 2032 ὑψηλότερον,
1480 1958 1657 2013 κοινὸν

66 2056 163 2106 καὶ
211 2055 281 2106 τὸ
326 2054 542 2125 πρῶτον
590 2055 739 2124 φῶς,
791 2054 976 2127 κοινὴν
1024 2056 1118 2109 καὶ
1166 2054 1269 2127 τὴν
1320 2055 1658 2127 πρωτόδοτον

77 2142 275 2210 γνῶσιν
320 2141 537 2212 ἔχουσα.
582 2142 682 2195 Διά
721 2143 877 2197 τοῦτο
926 2144 1104 2198 τοίνυν
1149 2144 1322 2207 οὑτως
1366 2143 1477 2214 ἔχει
1519 2147 1657 2197 νοεῖν

67 2236 158 2286 ἐπὶ
191 2237 262 2304 τῇ
298 2232 490 2308 πρώτῃ
521 2235 898 2308 διακοσμήσει,
931 2236 1013 2290 ὅτι
1038 2236 1107 2290 τὰ
1139 2236 1266 2308 τρία
1295 2236 1550 2308 τάγματα
1580 2238 1659 2301 εἰς

70 2329 201 2398 μίαν
224 2327 386 2392 τάξιν
426 2330 768 2398 συνάγονται,
794 2329 889 2384 καὶ
922 2329 992 2383 τά
1024 2329 1168 2393 ἰδίως
1206 2329 1659 2401 ἀπονενεμημένα

67 2420 286 2482 τούτοις
314 2418 464 2492 παρὰ
485 2420 587 2490 τῆς
613 2421 833 2492 χάριτος
855 2420 1048 2484 κοινῶς
1071 2422 1165 2475 καὶ
1186 2421 1418 2492 πρώτως
1451 2421 1655 2491 ἔχουσι.

69 2512 179 2564 Καὶ
208 2511 355 2582 αὕτη
378 2514 411 2583 ἡ
433 2510 587 2577 τάξις
615 2512 806 2584 πρώτη
829 2512 1065 2582 λέγεται,
1094 2512 1278 2577 καθὼς
1308 2512 1401 2566 καὶ
1427 2514 1537 2565 ἀπὸ
1562 2513 1661 2583 τῆς

69 2603 394 2674 ἐπιγραφῆς
433 2603 528 2656 τοῦ
574 2604 845 2675 παρόντος
892 2604 1120 2675 ἑϐδόμου
1171 2601 1468 2674 κεφαλαίου
1513 2603 1660 2658 ἔστιν

72 2699 238 2751 ἰδείνο
287 2696 514 2770 πρώτην
552 2698 663 2771 γάρ
693 2699 975 2771 ίεραρχίαν
1012 2697 1112 2769 τὴν
1153 2698 1263 2751 τῶν
1305 2698 1472 2770 τριῶν
1520 2696 1659 2768 όμοῦ

69 2790 277 2861 τίθησι.
316 2789 427 2842 Καὶ
448 2789 500 2841 τί
530 2790 694 2859 λέγω,
728 2790 912 2862 φησὶν,
948 2790 1031 2843 ὅτι
1066 2788 1418 2860 πληρουμένη
1449 2788 1659 2859 καθάρ-

72 2897 231 2944 σεως,
285 2880 644 2953 καθαίρεται-
703 2883 798 2935 καὶ
848 2879 1128 2952 φωτισμοῦ
1181 2880 1506 2949 φωτίζεταν
1567 2880 1661 2932 καὶ

69 2973 511 3045 τελεσιουργίας;
530 2975 991 3047 τελεσιουργεῖται
1010 2992 1024 3039 ;
1048 2974 1205 3028 τοῦτο
1228 2974 1338 3047 γὰρ
1358 2976 1453 3028 καὶ
1483 2992 1663 3046 παρα-

70 3064 382 3135 τεταμένην
422 3062 535 3134 εχει
573 3063 671 3134 τὴν
717 3062 938 3136 πρᾶξιν,
974 3066 1065 3118 καὶ
1107 3059 1219 3118 οἷον
1267 3061 1489 3129 ἀτελοῦς
1516 3082 1661 3129 τινος

1762 1965 1874 2012 tres
1903 1957 1989 2011 Isti
2022 1957 2246 2013 ordines
2274 1960 2326 2012 in
2359 1975 2525 2013 unum
2576 1971 2795 2024 coeunt,
2845 1971 2899 2014 et
2938 1977 3077 2014 Illttls
3113 1963 3336 2030 quidam

1759 2051 2043 2119 perficitur
2077 2051 2388 2117 ternarius,
2424 2051 2514 2121 qui
2549 2052 2603 2106 in
2640 2053 2916 2106 communi
2951 2054 3191 2121 possidet
3222 2055 3337 2106 cle-

1759 2142 2057 2205 vatiouem,
2100 2158 2262 2211 supra
2307 2154 2524 2197 omnem
2576 2141 2998 2196 submissionem
3033 2142 3338 2197 sublimita-

1762 2243 1895 2299 tem,
1929 2235 2249 2303 primarium
2303 2234 2509 2298 lumen,
2549 2242 2606 2287 et
2648 2233 2901 2303 primitus
2937 2234 3117 2287 datam
3150 2229 3340 2297 cogni-

1764 2326 1992 2381 tionem.
2029 2326 2139 2380 Iloc
2166 2327 2279 2396 68
2307 2325 2473 2396 igitur
2502 2326 2663 2380 modo
2687 2328 2752 2381 de
2776 2326 2949 2396 prima
2981 2326 3339 2395 dispositione

1761 2418 2106 2473 sentiendum
2156 2430 2263 2485 est,
2306 2418 2433 2487 quia
2488 2427 2602 2473 tres
2657 2419 2745 2475 isti
2789 2420 3014 2473 ordines
3064 2419 3119 2472 in
3171 2435 3337 2471 unum

1762 2512 2163 2575 cnadnnantur,
2205 2523 2260 2566 et
2291 2527 2413 2580 quae
2456 2511 2677 2582 proprie
2718 2527 2814 2581 per
2863 2513 3096 2580 gratiam
3131 2513 3338 2566 indulta

1762 2613 1913 2668 sunt,
1965 2604 2020 2658 in
2071 2604 2352 2658 communi
2405 2604 2782 2673 primarioque
2815 2604 3115 2673 possident.
3160 2604 3341 2670 Atque

1764 2696 1853 2750 bic
1882 2698 2017 2750 ordo
2049 2698 2261 2764 primus
2293 2705 2669 2766 nuncupatur,
2708 2696 2785 2749 uti
2820 2711 2886 2749 ex
2930 2694 3092 2762 lmjns
3120 2696 3336 2764 septimi

1764 2787 1964 2855 capitis
2020 2787 2383 2857 inscriptione
2439 2787 2629 2840 videre
2675 2786 2805 2841 licet
2850 2803 2865 2838 :
2920 2786 3150 2855 primam
3192 2787 3340 2840 enim

1763 2880 2139 2935 ltierarcltiam
2174 2883 2336 2935 trium
2369 2882 2565 2936 borum
2600 2881 2764 2935 simul
2800 2881 2970 2950 ponit.
3002 2879 3229 2948 Ecquid,
3256 2879 3343 2932 in»

1763 2973 1900 3043 quit,
1931 2973 2077 3036 dico,
2107 2976 2252 3042 quod
2277 2972 2587 3041 expiatione
2616 2972 2771 3041 plena
2799 2973 3083 3040 expietur,
3106 2979 3171 3038 et
3213 2971 3339 3023 illn-

1764 3065 2032 3119 stratione
2060 3065 2215 3134 plena
2249 3066 2610 3123 illuminctnr.
2637 3064 3161 3132 conserrationeqne
3183 3063 3340 3132 plena

72 3161 348 3228 κινήσεως
374 3156 579 3210 ἔννοιαν
617 3157 853 3211 δίδωσιν.
906 3157 1067 3211 Ἀλλά
1102 3156 1337 3211 συνελὼν
1365 3156 1531 3226 λέγω,

1865 3156 2117 3211 flciatur?
2142 3155 2253 3211 Hoc
2275 3158 2418 3211 enim
2448 3168 2727 3211 cxtensam
2756 3156 2923 3211 habet
2944 3157 3337 3225 operationem,

72 3250 211 3320 τάχα
244 3251 350 3303 οὑκ
388 3249 714 3313 ἀπεικότως,
751 3250 883 3303 αὐτὸ
912 3251 975 3303 τὸ
1023 3250 1384 3322 προσεγγίσαι
1427 3249 1523 3303 καὶ
1564 3268 1661 3321 με-

72 3341 334 3394 ταλαϐεῖν
372 3339 474 3410 τῆς
507 3340 803 3412 θεαρχικῆς
846 3342 1174 3413 ἐπιστήμης.
1236 3341 1577 3412 Ἐπιστήμην
1605 3340 1663 3393 δὲ

75 3434 231 3486 καλεῖ
272 3431 345 3484 τὰ
373 3431 500 3504 τρία
538 3433 733 3495 ταῦτα,
779 3431 877 3503 τὴν
915 3431 1205 3502 κάθαρσιν,
1238 3429 1331 3485 τὸν
1359 3430 1660 3502 φωτισμὸν,

76 3529 169 3595 τὴν
208 3524 533 3577 τελείωσινο
579 3524 663 3576 ὅτι
697 3523 819 3578 καθ’
863 3523 996 3591 ἕξιν,
1045 3523 1243 3595 μᾶλλον
1286 3524 1342 3578 δὲ
1382 3524 1478 3577 καὶ
1523 3523 1664 3594 ὑπὲρ

75 3618 186 3682 ἒξιν
216 3616 483 3688 ἀρρήτως
507 3614 682 3670 ταῦτα
716 3615 967 3687 πρόσεισι
996 3614 1075 3686 τῷ
1106 3614 1245 3686 Θεῷ.
1279 3615 1420 3668 Αὐτὸ
1447 3614 1577 3685 γοῦν
1604 3614 1664 3668 τὸ

80 3707 412 3776 μεταλαϐεῖν
441 3706 543 3776 τῆς
572 3706 724 3770 θείας
754 3708 1062 3778 ἐπιστήμης
1094 3707 1362 3778 κάθαρσίς
1395 3708 1531 3771 ἐστι,
1570 3707 1664 3760 καὶ¹

78 3800 382 3871 ςωτισμὸς,
414 3801 504 3852 καὶ
536 3799 833 3863 τελείωσις,
858 3800 1077 3868 ἀγνοίας
1101 3799 1197 3870 μὲν
1220 3799 1665 3872 ἀποκαθαίρουσα

78 3896 130 3944 ὲν
160 3897 229 3964 τῇ
278 3890 482 3959 γνώσει
526 3892 639 3944 τῶν
683 3891 1031 3962 τελειοτέρων
1083 3895 1335 3965 μυήσεων
1384 3891 1527 3946 κατὰ
1567 3892 1665 3963 τὴν

78 3984 224 4046 τάξιν
240 3982 349 4051 τῆς
383 3982 642 4044 στάσεως·
668 3980 855 4051 (ἄλλας
882 3980 990 4050 γάρ
1020 3980 1130 4051 ἔχει
1158 3979 1496 4050 τελειοτέρας
1529 3979 1667 4050 μυή-

81 4088 192 4139 σεις
238 4074 318 4127 τὰ
348 4075 611 4146 σεραφὶμ,
642 4076 737 4128 καὶ
782 4074 946 4137 ἄλλας
982 4075 1031 4126 οἱ
1063 4072 1316 4142 ἄγγελοιο
1357 4071 1519 4142 τυχὸν
1557 4070 1666 4141 γὰρ

82 4167 141 4230 ἃς
174 4167 367 4238 ἔχουσι
399 4166 740 4239 τελειοτέρας
773 4167 866 4219 καὶ
905 4165 1242 4235 ὑψηλοτέρας
1281 4162 1577 4234 ὲλλάμψεις
1616 4164 1665 4215 οἱ

82 4256 327 4325 ἄγγελοι,
353 4255 557 4319 ταύτας
596 4256 669 4309 τὰ
708 4257 948 4326 σεραφὶμ
986 4253 1219 4317 ἑκτικῶς
1257 4253 1477 4324 κατέχει
1515 4252 1670 4324 παρὰ

81 4348 177 4416 τῆς
206 4346 364 4410 θείας
389 4348 609 4418 χάριτος
705 4348 1015 4417 φωτίζουσα
1045 4346 1102 4400 δὲ
1143 4348 1200 4399 ὲν
1234 4346 1370 4417 αὐτῇ
1400 4345 1573 4419 ταύτῃ
1599 4348 1667 4417 τῇ

82 4440 304 4507 γνώσει,
336 4439 404 4493 δι’
432 4434 501 4511 ἧς
539 4441 634 4493 καὶ
677 4438 927 4512 καθαίρει
968 4441 1067 4513 τὴν
1101 4439 1162 4493 οὑ
1196 4439 1463 4512 πρότερον
1494 4456 1667 4492 κατα-

1765 3256 1819 3301 et
1850 3248 2002 3317 quasi
2049 3247 2353 3317 imperfecti
2395 3247 2681 3315 cujusdam
2717 3258 2898 3302 motus
2928 3263 3150 3301 sensum
3184 3248 3339 3316 inge-

1766 3338 1861 3392 rit.
1895 3337 2093 3393 Vcrum
2126 3341 2444 3394 summatim
2472 3340 2618 3405 dico,
2650 3350 2707 3393 et
2737 3338 2885 3393 forte
2910 3354 3016 3393 nou
3043 3340 3339 3399 immerito,

1766 3429 1818 3483 id
1848 3430 2022 3499 ipsum
2069 3446 2190 3485 esse
2221 3432 2664 3501 appropinquare
2712 3439 2769 3486 et
2807 3432 3223 3485 communicare
3255 3430 3341 3481 tli-

1764 3522 1904 3576 vina:
1950 3522 2210 3576 scientiae.
2264 3522 2563 3576 Scientiam
2604 3532 2787 3576 autem
2836 3532 2998 3576 vocat
3050 3521 3168 3575 ltmc
3211 3522 3341 3583 tria,

1764 3614 1975 3669 scilicet
2036 3615 2446 3683 expiationem,
2503 3614 2989 3679 illuminalionem,
3044 3615 3343 3684 perfectio-

1765 3722 1921 3771 nem;
1946 3707 2203 3776 quoniam
2233 3708 2532 3762 secundum
2560 3707 2830 3771 habitum,
2860 3708 2941 3761 vel
2970 3709 3150 3777 potius
3176 3724 3342 3776 supra

1767 3799 2034 3863 habitum,
2066 3798 2418 3854 iuefl‘abiliter
2450 3800 2552 3853 ista
2578 3808 2708 3852 sunt
2743 3800 2796 3852 in
2828 3800 2961 3856 Deo.
2986 3800 3218 3867 lpsamet
3243 3798 3345 3853 ita.

1765 3909 1872 3963 que
1917 3892 2274 3963 participatio
2309 3892 2505 3946 divina:
2536 3891 2807 3954 scientize,
2857 3887 3097 3958 expiatio
3126 3900 3252 3954 ,est,
3286 3898 3344 3943 et

1768 3984 2092 4040 illuminatio
2143 3995 2309 4051 atque
2356 3982 2647 4053 perfectio,
2702 3981 3070 4051 ignorantiam
3121 3983 3340 4051 quidem

1766 4076 1999 4146 expians
2036 4075 2229 4129 notitia
2270 4074 2663 4144 perfectiorum
2696 4074 3111 4127 institutionum
3150 4088 3347 4128 secun-

1766 4169 1893 4221 dum
1927 4167 2175 4220 ordinem
2214 4174 2392 4219 status
2444 4164 2593 4235 (nam
2625 4165 2763 4218 alias
2795 4164 3156 4235 perfectiores
3189 4165 3346 4219 insti-

1770 4262 2004 4314 tutiones
2029 4259 2233 4312 habent
2259 4257 2565 4326 serapltitn,
2589 4266 2646 4311 et
2664 4257 2814 4312 alias
2836 4259 3017 4329 angeli
3043 4275 3058 4324 ;
3095 4258 3346 4315 fortassis

1768 4354 1914 4407 enim
1942 4350 2300 4421 perfectiores
2322 4364 2387 4405 ac
2408 4349 2759 4405 sublimiores
2786 4350 3186 4406 illustrationes
3210 4367 3347 4420 quas

1768 4444 1944 4516 angeli
1970 4443 2193 4509 habent,
2221 4449 2442 4497 easdem
2472 4443 2746 4513 serapltim
2773 4444 2954 4498 divina
2982 4443 3163 4513 gratia
3192 4445 3348 4498 babi-

84 4533 359 4603 νοήσασαν
403 4531 654 4603 δύναμιν,
694 4533 911 4597 ἐκεῖνα,
962 4531 1106 4603 ἅπερ
1139 4529 1237 4585 νῦν
1272 4529 1529 4600 γινώσκει

1870 4537 1992 4591 liter
2023 4536 2349 4602 continent),
2386 4535 2702 4590 illuminans
2735 4544 2866 4590 vero
2889 4550 2954 4590 ea
2987 4536 3105 4605 ipsa
3132 4536 3344 4598 notitia,

82 4624 181 4693 τῆς
216 4624 565 4695 ὑψηλοτέρας
592 4623 912 4694 ὲλλάμψεως
930 4639 942 4653 ·
968 4622 1064 4675 καὶ
1088 4621 1372 4676 τελειοῦσα
1409 4622 1568 4676 πάλιν
1607 4624 1666 4676 ὲν

85 4718 228 4789 αὑτῷ
252 4716 337 4787 τῷ
368 4718 507 4786 φωτὶ
539 4718 597 4769 ὲν
637 4719 707 4787 τῇ
753 4715 873 4770 καθ’
907 4716 1020 4781 ἓξιν
1055 4716 1254 4785 γνώσει
1286 4714 1397 4769 τῶν
1447 4715 1667 4785 ὑψηλῶν

87 4808 173 4859 καὶ
224 4806 633 4877 λαμπροτάτων
683 4807 944 4878 νοήσεων.
984 4807 1055 4859 Σὺ
1098 4806 1154 4858 δὲ
1205 4807 1327 4877 ὅρα,
1369 4806 1449 4858 ὅτι
1491 4806 1549 4859 ὲν
1598 4808 1666 4876 τῇ

90 4900 277 4966 γνώσει
317 4902 411 4953 καὶ
433 4900 751 4971 καθαίρεται
788 4900 884 4952 και¹
926 4899 1219 4968 φωτίζεται
1248 4900 1281 4969 ὴ
1311 4898 1539 4969 οὐρανία
1575 4897 1668 4951 δύ-

86 5009 277 5061 ναμις·
309 4992 370 5044 ὲν
398 4991 455 5043 δὲ
478 4991 557 5061 τῷ
581 4990 866 5062 φωτισμῷ,
904 4991 1033 5044 ὅταν
1072 4990 1194 5043 καθ’
1242 4988 1353 5055 ἕξιν
1399 4987 1665 5059 φωτισθῇ,

89 5083 173 5133 καὶ
201 5080 585 5152 ἀμετάϐλητος
623 5084 717 5135 καὶ
749 5081 1144 5153 ἀμετακίνητος
1172 5082 1229 5132 ὲν
1258 5079 1451 5151 ἐκείνῳ
1485 5079 1665 5152 μείνῃ,

87 5175 199 5227 τότε
223 5175 291 5246 δὴ
318 5172 640 5228 τελειοῦται.
675 5174 776 5227 Διὰ
802 5174 855 5227 τί
884 5174 939 5227 δὲ
971 5174 1065 5226 καὶ
1092 5175 1149 5225 ὲν
1173 5176 1240 5243 τῇ
1269 5171 1390 5225 καθ’
1421 5172 1533 5236 ἕξιν
1567 5190 1667 5225 κα-

89 5264 268 5337 θάρσει
295 5268 356 5319 οὑ
383 5266 704 5329 τελειοῦται,
722 5269 771 5319 εί
801 5268 875 5337 μὴ
899 5268 956 5318 ὲν
979 5264 1056 5336 τῷ
1079 5264 1201 5319 καθ’
1227 5263 1339 5327 ἕξιν
1367 5264 1664 5335 φωτισμῷ;

88 5366 211 5421 etim
251 5370 288 5439 ἡ
323 5369 424 5438 μὲν
467 5367 733 5438 κάθαρσις
760 5367 860 5430 τὰς
894 5366 1119 5435 ἀγνοίας
1159 5362 1543 5435 ἀποκαθαίρει,
1576 5364 1669 5416 καὶ

88 5462 145 5513 οὑ
172 5465 281 5527 πᾶς
307 5462 607 5533 καθαρθεὶς
632 5462 733 5533 ήδη
768 5462 863 5515 καὶ
889 5462 969 5524 είς
991 5460 1053 5513 τὸ
1080 5460 1248 5530 ἄκρον
1283 5457 1531 5527 πέφθακε
1554 5476 1564 5487 ·
1589 5457 1669 5529 τῷ

90 5552 141 5605 δὲ
190 5555 529 5627 καθαρθέντι
579 5557 608 5608 ό
638 5555 919 5625 φωτισμὸς
964 5552 1422 5624 ὲπεισερχόμενος
1450 5549 1666 5615 τελειοῖ,

88 5642 217 5714 ὅπερ
257 5647 375 5699 ἐστὶ
417 5645 750 5717 τελειότερος
801 5645 1081 5715 φωτισμός
1132 5660 1193 5697 τε
1244 5642 1339 5696 καὶ
1382 5640 1664 5713 ἕλλαμψις.

92 5741 129 5795 Τ
132 5747 339 5800 οιοῦτον
361 5746 471 5820 γάρ
494 5749 611 5800 ἐστι
634 5748 727 5800 καὶ
757 5748 839 5800 τό⁸
872 5748 974 5800 Ἐν
995 5745 1074 5811 τῷ
1095 5747 1244 5815 φωτί
1267 5760 1383 5799 σου
1404 5743 1669 5815 ὀψόμεθα

94 5836 227 5903 φῶς,
261 5838 510 5909 δηλονότι
537 5840 593 5895 ὲν
620 5839 699 5911 τῷ
725 5836 989 5910 φωτισμῷ
1018 5837 1119 5908 τὴν
1147 5835 1450 5892 τελείωσιν.

1769 4646 1873 4699 qua
1903 4630 2111 4698 expiat,
2146 4628 2401 4685 virtutem
2434 4628 2607 4694 illam,
2645 4645 2768 4699 quae
2808 4630 2959 4698 prius
3005 4646 3112 4685 non
3148 4644 3349 4700 cogno-

1769 4723 1960 4778 scebat
1998 4738 2060 4777 ea
2089 4739 2211 4795 quae
2254 4740 2396 4779 nunc
2427 4724 2710 4793 cognoscit
2739 4739 2835 4793 per
2863 4723 3235 4779 sublimiorem
3282 4724 3347 4776 il-

1771 4815 2186 4883 lustrationem;
2240 4825 2402 4884 atque
2449 4815 2738 4885 perficiens
2770 4831 2989 4870 rursum
3030 4817 3221 4870 eodem
3265 4814 3347 4868 lu-

1772 4908 1919 4961 mine
1949 4907 2002 4960 in
2029 4909 2259 4962 scientia
2294 4906 2557 4961 ltabituali
2591 4906 2967 4961 sublimiorum
3000 4916 3053 4959 et
3086 4905 3347 4959 illustris-

1770 5002 2031 5056 simarum
2105 5001 2615 5068 intelligentiarutn.
2701 5000 2781 5054 Tu
2863 5015 2997 5054 vero
3056 4998 3344 5053 considera

1771 5093 2048 5163 quomodo
2093 5092 2336 5147 cmlcstis
2368 5093 2542 5146 virtus
2576 5092 2889 5162 cognitione
2934 5098 2989 5143 et
3014 5089 3262 5158 expietur
3290 5097 3347 5142 et

1773 5183 2130 5247 illuminelur,
2160 5184 2212 5237 in
2241 5182 2645 5237 illuminatione
2678 5193 2887 5245 autem,
2912 5182 3131 5251 quando
3156 5192 3348 5235 secun-

1771 5275 1898 5330 dum
1939 5277 2183 5330 habitqu
2225 5274 2531 5329 illuminata
2568 5275 2756 5340 fuerit,
2803 5271 3350 5343 imtnntabilisqnect

1772 5368 2117 5424 invariabilis
2147 5370 2199 5424 in
2228 5384 2292 5424 ea
2324 5367 2714 5437 permanserit,
2747 5365 3085 5434 perficiatur.
3147 5364 3347 5432 thuitl

1771 5472 1952 5516 autem
1990 5461 2260 5516 habituali
2291 5460 2606 5530 expiatione
2640 5472 2863 5528 quoque
2894 5471 3000 5511 non
3037 5455 3346 5526 perficitur,

1772 5556 1867 5610 sed
1912 5564 2119 5609 tantum
2167 5555 2221 5607 in
2272 5554 2534 5608 ltabituali
2593 5550 3041 5606 illuminatione?
3091 5549 3347 5619 quoniam

1771 5648 2013 5717 expiatio
2058 5648 2279 5717 quidem
2320 5656 2515 5716 purgat
2548 5644 2889 5717 ignorantias
2930 5654 2985 5699 ct
3013 5658 3122 5697 non
3168 5643 3350 5697 omnis

1770 5740 2022 5809 expiatus
2049 5738 2235 5792 statim
2261 5738 2325 5792 ad
2344 5753 2616 5792 summum
2643 5736 2917 5805 pervenit,
2943 5737 3040 5790 sed
3063 5733 3346 5804 expiatum

1773 5831 2099 5887 illuminatio
2130 5831 2527 5904 superveniens
2559 5830 2794 5901 perlicit,
2829 5846 2893 5888 ea
2928 5829 3182 5885 nimirum
3228 5840 3349 5897 quae
