3734 6306
413 319 513 375 931

1594 318 1651 376 S.
1694 319 1993 376 DIONYSII
2028 318 2492 377 AREOPAGITIE

3599 326 3697 379 232

420 436 717 505 perfectior
742 444 823 490 est
852 434 1180 489 iltuminatio
1210 445 1265 489 et
1300 434 1616 491 illustratio.
1666 435 1971 491 Istiusmodi
2010 438 2155 492 enim
2180 447 2263 494 est
2291 448 2345 493 ct
2392 440 2523 493 illud
2553 458 2565 494 :
2604 437 2671 492 In
2708 438 2907 493 lumine
2939 446 3031 492 tuo
3083 435 3377 492 videbimus
3432 437 3617 488 tamen
3644 435 3689 496 Ιι,

422 547 617 600 nempe
648 533 699 584 in
735 529 1145 585 illtnninatione
1178 531 1593 600 perfectionem.

492 628 519 698 §
551 629 635 682 IV.
673 628 795 681 Ilaec
829 630 1034 696 itaque,
1075 628 1379 681 secundum
1410 642 1584 680 meam
1617 629 1836 696 quidem
1871 640 1966 696 spe

2230 621 2318 678 IV.
2359 622 2506 695 Λῦτη
2555 624 2651 694 μὲν
2683 619 2776 677 οῦν
2800 625 2967 686 ἐστιν,
3012 624 3089 687 ὡς
3117 623 3237 677 κατ’
3274 624 3416 695 ὲμὴν
3459 625 3689 696 θεωρίαν

417 718 741 771 culationem
791 730 855 769 ac
887 716 1137 768 notitiam
1175 714 1474 781 loquendo,
1512 724 1594 767 est
1636 730 1699 765 ea
1742 730 1904 782 quam
1945 721 2001 767 et

417 808 701 861 scientiam
731 808 971 878 appellat
1003 823 1031 859 a
1064 808 1365 876 propositis
1393 806 1536 859 circa
1584 806 1840 860 caelestes
1883 806 1996 859 vir-

419 908 560 953 tutes
610 901 957 963 rationibus;
1000 900 1260 964 quoniam
1316 899 1583 952 habituali
1638 898 1867 953 scientia
1910 911 1999 951 res

418 991 871 1057 prmclarissimas
904 992 1163 1044 edocetur
1206 991 1292 1044 illa
1339 992 1512 1060 prima
1545 990 1851 1043 cmlestinm
1905 1006 1997 1043 es-

415 1081 716 1134 sentiarnm
747 1082 1086 1147 distributio,
1126 1096 1249 1150 qua:
1280 1082 1330 1133 in
1370 1080 1481 1151 69
1528 1081 1760 1133 circuitu
1794 1081 1886 1133 Dei
1934 1094 1997 1134 ac

416 1172 564 1224 circa
601 1172 768 1223 Deum
806 1172 1118 1224 immediate
1158 1173 1431 1225 consistit.
1470 1173 1653 1242 Atque
1694 1170 1992 1223 notandum

417 1266 560 1330 quod
610 1264 883 1332 theologia
930 1263 1132 1316 divinis
1191 1263 1484 1315 virtutilms
1524 1264 1723 1315 tribuat
1769 1277 1873 1316 non
1915 1277 1997 1314 re-

413 1363 583 1417 ctam,
626 1354 719 1406 sed
748 1355 801 1406 in
841 1354 1073 1407 cireuitu
1123 1358 1415 1408 stationem
1441 1395 1455 1415 .
1498 1353 1652 1422 juxta
1700 1354 1830 1406 illud
1872 1371 1887 1409 :
1929 1351 1995 1406 In

413 1444 639 1496 circuitu
664 1443 779 1510 ejus
819 1444 1213 1497 tabernaculum
1260 1446 1426 1509 ipsine
1465 1442 1507 1501 ι.
1561 1444 1762 1498 Μοιιιηι
1809 1454 1992 1496 autem

413 1536 579 1588 etiam
606 1534 971 1588 orhieularem
1003 1536 1218 1596 tribuit.
1251 1544 1306 1589 et
1333 1540 1655 1599 rectum,’et
1688 1536 1991 1604 obliquum,

416 1634 473 1676 ut
505 1625 557 1678 in
592 1627 769 1693 capite
798 1636 998 1695 quarto
1033 1626 1157 1679 libri
1192 1625 1264 1679 De
1311 1627 1505 1687 divinis
1542 1627 1846 1680 nominibus
1883 1636 1994 1679 tra-

414 1720 493 1771 dit
526 1734 540 1770 :
571 1718 941 1773 orbicularem
974 1718 1215 1787 quidem,
1240 1718 1460 1788 quando
1490 1719 1759 1788 principio
1791 1735 1988 1773 caren-

416 1812 562 1864 tibus
587 1812 800 1879 pulchri
832 1811 1067 1879 bonique
1099 1810 1482 1878 splendoribus
1511 1812 1795 1878 uninntur,
1831 1822 1889 1867 et
1923 1822 1989 1865 ad

414 1904 581 1956 Deum
611 1911 842 1970 vergunt
873 1919 885 1954 :
927 1911 1134 1955 rectum
1172 1912 1381 1966 autem,
1412 1903 1632 1970 quando
1666 1903 1733 1957 ad
1763 1902 1989 1957 inferio-

414 2010 533 2047 rum
576 1994 974 2062 providentiam
1027 1995 1352 2061 procednut,
1396 2003 1520 2048 tunc
1556 1995 1701 2047 enim
1740 2004 1887 2050 recte

1837 2004 1887 2050 te
1919 1996 1987 2050 ad
2021 1983 2063 2042 Β
2093 1987 2229 2058 πρὸς
2276 1989 2461 2043 ἐκεῖνα
2524 1990 2900 2060 περαίνονταν
2936 1988 3202 2059 ἑλικοειδῆ
3255 1990 3311 2043 δὲ

413 2101 475 2138 ea
514 2086 778 2148 tendunt;
809 2085 1090 2153 obliquum
1122 2100 1273 2147 vero,
1308 2090 1433 2139 dum
1471 2085 1825 2140 inferioribus
1858 2102 1991 2142 con-

408 2178 672 2242 sulenles,
714 2177 999 2231 iudivulsa:
1030 2192 1143 2231 sua:
1176 2178 1479 2231 immanent
1510 2179 1801 2241 identitati,
1842 2179 1987 2234 circa

407 2286 631 2323 causam
666 2270 969 2323 identitatis
1004 2271 1290 2337 pulchrum
1321 2281 1374 2325 et
1411 2271 1612 2325 bonum
1648 2272 1989 2326 incessanter

409 2363 902 2431 circumgyrantes.
943 2361 1035 2414 Ille
1063 2361 1206 2415 enim
1237 2364 1548 2430 angelorum
1584 2364 1870 2427 circuitus.
1902 2374 1989 2420 est

410 2461 671 2519 perpetua
712 2450 805 2501 Dei
844 2450 1113 2517 cognitio,
1159 2468 1279 2519 quae
1313 2464 1579 2520 perpetuo
1615 2467 1764 2507 motu
1801 2457 1987 2510 circu-

410 2540 593 2592 lariter
633 2540 686 2592 in
723 2539 911 2592 eodem
951 2540 1189 2593 stabilita
1224 2551 1326 2607 est,
1362 2542 1514 2608 juxta
1553 2543 1681 2596 illud
1713 2543 1985 2601 IsaitezEt

407 2632 670 2699 sempltim
714 2632 922 2684 stabant
971 2632 1026 2685 in
1059 2634 1283 2685 circuitu
1315 2634 1467 2703 ejus;
1496 2643 1549 2687 et
1598 2637 1982 2705 prosequendo

406 2723 520 2778 ait:
574 2721 642 2775 Et
683 2723 887 2777 duabus
938 2725 1039 2777 alis
1083 2725 1325 2778 volabant
1360 2733 1419 2780 ⁸³.
1464 2726 1745 2793 Quomodo
1800 2731 1984 2800 itaque

406 2823 551 2869 stant
582 2815 745 2869 simul
771 2826 825 2869 et.
860 2817 1183 2870 moventur?
1216 2817 1568 2873 manifestum
1597 2821 1806 2890 utique,
1835 2823 1981 2893 quod

408 2907 457 2960 in
494 2908 683 2960 eodem
732 2909 953 2976 quidem
1007 2909 1332 2973 consistant,
1391 2926 1714 2968 moveantur
1750 2930 1881 2969 vero
1915 2915 1983 2969 ad

406 2998 552 3052 illam
593 2999 1037 3056 illustrationem.
1078 3002 1549 3065 Quemadmodum
1581 3007 1726 3059 enim
1762 3007 1983 3060 univer-

404 3104 523 3142 sum
550 3090 673 3154 hoc,
699 3102 758 3143 ut
782 3092 862 3145 sic
890 3092 1089 3153 dicam,
1107 3107 1172 3146 eo
1202 3094 1320 3161 ipso
1345 3096 1470 3147 dum
1497 3097 1842 3151 circulariter
1867 3115 1980 3152 mo-

400 3190 580 3243 vetur,
616 3180 822 3248 pariter
857 3192 1125 3249 perpetuo
1159 3185 1359 3238 mobile
1394 3194 1500 3251 est,
1550 3197 1604 3240 ot
1646 3189 1975 3254 immobile;

404 3268 681 3323 immobile
718 3271 963 3338 quidem,
998 3273 1299 3324 secundum
1350 3284 1544 3341 totum,
1578 3295 1683 3331 non
1719 3281 1863 3333 enim
1913 3280 1979 3334 de

404 3362 520 3415 loco
555 3364 619 3415 ad
660 3364 835 3417 locum
883 3369 1109 3435 migrat;
1164 3378 1428 3437 perpetuo
1460 3386 1588 3426 vero
1626 3372 1845 3435 mobile.
1878 3388 1969 3426 se-

400 3458 637 3509 cundum
686 3468 872 3527 partes
908 3500 921 3513 .
986 3463 1062 3513 ita
1106 3462 1391 3516 caelestem
1428 3479 1647 3533 quoque
1678 3466 1975 3521 circuitum

401 3547 690 3617 intelligit;
739 3565 863 3602 nam
897 3561 951 3604 et
986 3552 1102 3619 ipse
1129 3568 1346 3621 quoque
1383 3566 1648 3623 perpetuo
1683 3567 1830 3611 motu
1866 3568 1977 3612 sta-

402 3638 611 3706 bilitur,
643 3655 705 3693 ac
734 3642 776 3695 si
806 3644 945 3696 tixus
973 3656 1227 3699 maneret
1254 3647 1402 3700 circa
1432 3648 1574 3701 idem
1605 3665 1823 3719 semper
1845 3666 1975 3707 con-

399 3747 612 3799 versus,
637 3750 813 3803 eoque
860 3752 1113 3802 vergens,
1152 3740 1292 3805 quod
1329 3755 1607 3806 nunquam
1653 3742 1711 3793 lit
1742 3742 1793 3795 in
1824 3753 1971 3797 motu

400 3833 568 3877 recto.
606 3826 740 3878 (lum
786 3826 971 3893 itaque
1023 3827 1089 3880 ad
1127 3830 1368 3883 divimnn
1417 3829 1627 3885 Numen
1661 3834 1765 3885 hoc
1814 3836 1973 3888 modo

397 3929 615 3985 semper
658 3929 885 3985 vergat,
948 3921 1145 3975 multas
1202 3923 1423 3989 quidem
1477 3934 1532 3977 et
1580 3925 1769 3979 beatas
1824 3928 1972 3981 videt

394 4009 914 4076 contemplationes,
973 4012 1136 4080 idque
1196 4028 1329 4081 pure
1364 4016 1665 4069 secundum
1724 4016 1968 4073 habitum

395 4114 580 4161 suum.
631 4116 736 4155 non
770 4106 1067 4157 secundum
1106 4106 1414 4159 divinorum
1451 4108 1723 4161 radiorum
1757 4109 1973 4165 evibra-

396 4193 620 4257 tionem,
667 4208 727 4247 ut
765 4195 819 4248 in
870 4212 929 4249 se
963 4207 1114 4261 sunt,
1157 4199 1596 4266 quandoquidem
1651 4201 1703 4253 hi
1754 4216 1970 4269 quoque

391 4284 735 4350 obvelentnr,
757 4288 1061 4341 secundum
1089 4288 1404 4355 Seriptnras
1426 4292 1840 4359 prophetarum.
1860 4293 1966 4347 Sed

392 4376 537 4428 sicut
578 4378 623 4430 is
666 4378 760 4445 qui
813 4394 975 4433 sanos
1007 4380 1171 4433 habet
1204 4380 1415 4441 oculos.
1448 4382 1615 4435 solem
1664 4399 1797 4451 pure
1822 4385 1968 4439 videt

390 4467 613 4522 omnino
644 4470 943 4523 secundum
986 4486 1144 4524 smnn
1194 4473 1477 4534 habitum,
1516 4474 1665 4528 nullo
1697 4487 1963 4543 quanttnn

389 4566 475 4609 est
504 4573 565 4611 ex
605 4568 759 4624 parte
800 4560 1083 4613 oculorqu
1129 4559 1245 4626 ejus
1300 4562 1689 4629 impedimento
1723 4566 1964 4618 interve-

2101 715 2195 767 καὶ
2223 714 2423 782 γνῶσιν
2454 715 2647 777 εἰπεῖν,
2673 714 2740 784 ἢν
2768 715 2861 766 καὶ
2888 714 3199 785 ἐπιστήμην
3235 714 3409 782 λέγει,
3443 714 3562 767 ἀπὸ
3589 715 3690 767 τῶν

2100 804 2475 875 προκειμένων
2511 804 2702 871 λόγων,
2744 805 2873 874 περὶ
2911 803 3018 857 τῶν
3063 806 3330 875 οὐρανίων
3360 805 3688 875 δυνάμεων·

2099 897 2180 949 ὅτι
2224 899 2291 966 τῇ
2342 895 2463 948 καθ’
2509 895 2620 961 ἕξιν
2653 896 2932 968 ἐπιστήμῃ
2979 896 3207 967 μυοῦται
3237 895 3309 949 τὰ
3345 897 3687 967 φανόταταή

2099 985 2291 1057 πρώτη
2324 985 2434 1038 τῶν
2461 986 2727 1057 οὐρανίων
2768 986 2965 1039 οὐσιῶν
3002 987 3386 1058 διακόσμησις,
3435 990 3469 1059 ἡ
3506 988 3686 1057 κύκλα)

2098 1077 2232 1130 Θεοῦ
2255 1078 2349 1130 καὶ
2374 1078 2504 1149 περὶ
2522 1078 2652 1130 Θεὸν
2670 1077 2892 1147 ἀμέσως
2910 1081 3193 1150 ἑστηκυῖα.
3214 1082 3325 1132 Καὶ
3347 1084 3687 1150 σημειωτέοι

2098 1170 2179 1223 ὃτι
2220 1171 2280 1223 οὐ
2306 1171 2521 1223 δίδωσιν
2546 1173 2579 1241 ἡ
2610 1170 2857 1241 θεολογία
2897 1175 3020 1235 ταῖς
3061 1171 3234 1235 θείαις
3278 1173 3557 1243 δυνάμεσι
3598 1175 3689 1242 τὴν

2097 1261 2183 1312 ἐπ’
2210 1260 2443 1324 εὐθείας,
2469 1260 2604 1314 ἀλλὰ
2626 1263 2726 1332 τὴν
2747 1261 2931 1332 κύκλῳ
2954 1261 3162 1327 στάσιν,
3189 1262 3331 1314 κατὰ
3350 1263 3438 1314 τό·
3470 1265 3689 1325 Keue.)

2095 1353 2280 1405 αὐτοῦ
2315 1355 2352 1420 ἡ
2377 1353 2578 1421 σκηνὴ
2602 1354 2808 1407 αὑτοῦ.
2847 1353 2955 1424 Τὴν
2978 1354 3034 1406 δὲ
3059 1355 3272 1425 κίνησιν
3294 1354 3392 1407 κα)⁵
3417 1355 3689 1423 κυκλικὴν

2094 1441 2295 1504 δίδωσι,
2333 1441 2427 1494 καὶ
2474 1442 2593 1494 κατ’
2645 1443 2882 1505 εὐθεῖαν,
2920 1443 3015 1496 καὶ
3063 1442 3352 1511 ἑλικοειδῆ,
3398 1443 3479 1505 ὡς
3529 1445 3689 1505 αὐτὰ

2095 1552 2259 1605 φησιν
2292 1536 2350 1587 ὲν
2375 1534 2452 1605 τῷ
2473 1535 2717 1605 τετάρτῳ
2744 1535 3022 1607 κεεξαλαίῳ
3041 1535 3136 1588 τοῦ
3164 1535 3304 1602 Περὶ
3334 1536 3525 1588 θείων
3554 1537 3684 1589 ὀνί-

2087 1621 2294 1691 μάτων
2346 1623 2588 1693 βιϐλίου·
2642 1624 2905 1695 κυκλικὴν
2954 1626 3073 1695 μὲν,
3128 1626 3217 1678 ὅτε
3253 1628 3379 1688 ταῖς
3422 1626 3691 1697 ἀνάρχοξ

2092 1713 2335 1766 ὲνοῦνται
2371 1712 2466 1766 τοῦ
2504 1712 2671 1771 καλοῦ
2717 1715 2810 1766 καὶ
2848 1713 3055 1781 ἀγαθοῦ
3090 1714 3417 1784 ὲλλάμψεσι,
3466 1719 3572 1768 καὶ
3618 1721 3692 1778 εἰς

2089 1804 2219 1858 Θεὸν
2249 1806 2506 1877 ρέπουσι’
2536 1806 2637 1874 τὴν
2678 1805 2764 1857 ἐπ’
2814 1805 3029 1869 εὐθείας
3068 1807 3144 1871 δὲ,
3186 1806 3391 1858 ὁπόταν
3418 1809 3691 1878 προΐωσιν

2091 1898 2170 1959 είς
2194 1896 2291 1968 τὴν
2329 1896 2438 1950 τῶν
2486 1897 2793 1967 ὐφειμένων
2832 1886 3108 1968 πρόνοιαν,
3147 1897 3265 1949 τότε
3307 1897 3442 1969 γὰρ,
3476 1900 3690 1961 εὐθέως

3401 1992 3544 2044 ὅταν
3596 1994 3689 2045 καὶ

2096 2079 2445 2147 προνοοῦντες
2459 2080 2566 2134 τῶν
2577 2081 3007 2152 καταδεεστέρων
3023 2083 3430 2153 ἁνεκιξοιτήτως
3446 2086 3691 2153 μένωσιν

2093 2173 2152 2226 ὲν
2190 2173 2501 2242 ταύτότητι,
2534 2174 2663 2245 περὶ
2690 2173 2753 2225 τὸ
2787 2168 2889 2243 τῆς
2922 2174 3249 2245 ταύτότητος
3291 2175 3472 2228 αἴτιον
3520 2177 3691 2229 καλὸν

2090 2263 2186 2317 καὶ
2217 2263 2416 2328 ἀγαθὸν
2442 2263 2836 2334 ἀκαταλήκτως
2864 2264 3329 2336 περιχορεύοντες.
3364 2265 3551 2319 Τοῦτο
3580 2270 3691 2338 γάρ

2090 2357 2205 2409 ἐστι
2246 2355 2340 2409 καὶ
2380 2356 2442 2409 τὸ
2482 2356 2590 2409 τῶν
2637 2356 2883 2425 ἀγγέλων
2928 2357 3324 2428 περιχόρευμα,
3368 2360 3405 2429 ἡ
3460 2360 3689 2424 αἰώνιος

2088 2449 2218 2521 περὶ
2244 2448 2381 2501 Θεοῦ
2409 2448 2631 2517 γνῶσις,
2670 2450 2702 2520 ἡ
2747 2448 2889 2502 κατὰ
2930 2448 3127 2502 κύκλον
3163 2451 3497 2521 ἁεικινήτως
3544 2454 3689 2523 ἱδρυ-

2093 2541 2227 2612 μένη
2274 2542 2355 2604 είς
2392 2541 2454 2594 τὸ
2488 2542 2641 2605 αὐτὸ,
2684 2540 2779 2595 καὶ
2815 2541 2971 2594 τοῦτο
3013 2543 3078 2594 ἐκ
3116 2542 3210 2597 τοῦ
3260 2543 3518 2597 Ἡεαῒουο
3575 2547 3683 2598 Καὶ

2086 2632 2347 2702 Σεραφὶμ
2379 2632 2766 2699 εἱστήκεισαν
2794 2635 2995 2697 κύκλῳ
3019 2630 3203 2688 αὑτοῦ
3226 2628 3241 2665 ’ν
3264 2637 3358 2688 καὶ
3384 2618 3713 2709 παρακατ

2086 2721 2203 2775 ιὼνι
2282 2721 2413 2786 Ταῖς
2471 2720 2654 2775 δυσὶν
2712 2720 3032 2785 ἐπέταντο,
3093 2723 3244 2793 φησί.
3304 2723 3437 2786 Πῶς
3497 2726 3683 2778 τοίνυν

2085 2813 2328 2867 ἴστανται
2357 2812 2473 2883 ἅμα
2515 2812 2609 2865 καὶ
2643 2811 2917 2865 κινοῦνται
2938 2829 2952 2877 ;
2977 2813 3136 2882 δῆλον
3197 2808 3288 2865 οῦν
3312 2815 3397 2866 ὅτι
3426 2807 3684 2871 ἴσταντᾶι

2089 2903 2187 2972 μὲν
2216 2905 2344 2974 περὶ
2371 2903 2432 2955 τὸ
2473 2902 2626 2966 αὐτὸ,
2659 2902 2930 2955 κινοῦνται
2957 2902 3014 2955 δὲ
3043 2907 3178 2974 προς
3204 2904 3427 2973 ἐκείνην
3457 2904 3563 2976 τὴν
3595 2906 3686 2957 ἑλ-

2084 2993 2308 3064 λαμψιν.
2365 2994 2451 3057 Ὧς
2490 2994 2599 3065 γὰρ
2638 2992 2699 3046 τὸ
2730 2996 2837 3046 πᾶν
2867 2994 3044 3057 τοῦτο,
3090 2994 3221 3065 φέρε
3269 2995 3475 3061 εἰπεῖν,
3519 2998 3581 3048 ἐν
3608 2996 3683 3067 τῷ

2084 3085 2268 3154 κύκλῳ
2297 3084 2583 3147 κινεῖσθαι,
2612 3087 2706 3137 καὶ
2730 3086 3034 3156 ἀεικίνητόν
3068 3088 3205 3148 ἐστι,
3242 3088 3336 3139 καὶ
3372 3089 3649 3159 ἀκίνητον
3682 3129 3705 3153 ,

2083 3177 2339 3247 ἀκίνητον
2365 3177 2462 3246 μὲν
2488 3176 2631 3229 κατὰ
2654 3176 2714 3229 τὸ
2735 3177 2875 3240 ὅλον,
2899 3177 2959 3228 οὐ
2982 3177 3091 3248 γὰρ
3118 3180 3181 3230 ὲκ
3201 3178 3368 3230 τόπου
3402 3182 3491 3243 εἰς
3512 3181 3683 3234 τόπον

2087 3262 2420 3339 μεταϐαίνει,
2457 3265 2761 3334 ἀεικίνητον
2796 3264 2851 3317 δὲ
2881 3266 3023 3318 κατὰ
3060 3266 3127 3319 τὰ
3159 3267 3296 3338 μέρη
3318 3284 3331 3297 ο
3363 3268 3521 3339 οῦτω
3566 3289 3684 3335 πως

2092 3354 2196 3406 νόει
2245 3356 2339 3407 καὶ
2384 3354 2481 3425 τὴν
2523 3356 2785 3427 οὐρανίαν
2828 3358 3239 3429 περιχόρευσιν·
3291 3362 3387 3413 καὶ
3435 3362 3557 3435 γὰρ
3585 3367 3683 3417 καὶ

2082 3443 2221 3515 αὕτη
2261 3447 2854 3518 ἁεικινήτωςᾶδρυται,
2900 3448 3063 3501 οίονεὶ
3094 3450 3268 3517 παγία
3318 3451 3502 3521 μένει,
3550 3455 3677 3527 περὶ

2076 3538 2139 3589 τὸ
2174 3537 2305 3590 αὐτὸ
2350 3538 2437 3590 ἀεὶ
2467 3539 2826 3609 στρεφομένη,
2853 3540 3075 3593 κάκεῖσε
3111 3542 3359 3606 νεύουσα,
3390 3544 3542 3615 ὅπερ
3577 3548 3679 3598 οὐκ

2079 3628 2146 3682 ἂν
2198 3628 2411 3686 γένοιτο
2461 3628 2678 3683 πώποτε
2716 3632 2809 3684 ἐπὶ
2848 3632 2946 3701 τῆς
2991 3633 3077 3686 ἐπ’
3119 3633 3333 3697 εὐθείας
3369 3638 3675 3707 κινήσεως.

2077 3728 2268 3783 Τοίνυν
2310 3730 2405 3782 καὶ
2448 3731 2571 3784 ἐπεὶ
2606 3731 3034 3804 τοιουτοτρόπως
3079 3732 3215 3803 πρὸς
3260 3733 3320 3786 τὸ
3365 3734 3536 3789 Θεῖον
3588 3742 3674 3793 ἀεὶ

2076 3820 2244 3885 νεύει,
2296 3820 2499 3885 πολλὰς
2544 3822 2640 3892 μὲν
2674 3824 2770 3875 καὶ
2815 3825 3091 3895 μακαρίας
3125 3827 3227 3896 ὁρᾷ
3266 3825 3531 3895 θεωρίας,
3572 3849 3675 3885 κα-

2076 3912 2257 3983 θαρῶς
2280 3913 2421 3967 κατὰ
2443 3915 2542 3984 τὴν
2569 3914 2764 3985 ἑαυτῆς
2795 3915 2926 3979 ἕξιν,
2954 3916 3013 3967 οὐ
3038 3915 3180 3969 κατὰ
3202 3916 3299 3987 τὴν
3324 3916 3481 3970 θείαν
3508 3922 3678 3975 ἀκτι-

2072 4006 2337 4070 νοϐολίαν,
2364 4005 2546 4069 καθὼς
2574 4006 2707 4075 ἔχει,
2736 4007 2858 4059 ἐπεὶ
2879 4008 2973 4059 καὶ
2994 4007 3496 4078 περικαλύπτονται
3525 4016 3677 4067 κατὰ

2071 4096 2169 4158 τὰς
2194 4094 2301 4146 τῶν
2328 4092 2621 4165 προφητῶν
2645 4092 2940 4162 θεολογίας.
2986 4092 3121 4144 Ἀλλ’
3151 4092 3227 4156 ὡς
3259 4092 3450 4163 βλέπει
3480 4098 3510 4147 ὁ
3540 4102 3675 4154 τοὺς

2070 4194 2381 4265 ὀφθαλμοὺς
2401 4194 2658 4261 ὐγιαίνων
2685 4193 2775 4245 τὸν
2803 4194 2951 4263 ἣλιον
2972 4193 3246 4259 καθαρῶς,
3270 4193 3494 4257 πάντως
3520 4197 3674 4250 κατὰ

2068 4287 2166 4358 τὴν
2198 4285 2391 4339 ἑαυτοῦ
2421 4286 2555 4350 ἕξιν,
2586 4286 2796 4349 οὐδενὸς
2837 4285 3086 4357 ἐμποδὼν
3113 4285 3403 4356 γενομένου
3437 4288 3577 4341 ὅσον
3609 4293 3669 4343 ἐκ

2068 4377 2175 4430 τῶν
2216 4376 2509 4447 ὀφθαλμῶν
2540 4376 2728 4440 αὐτοῦ,
2759 4377 2870 4430 ἀλλ’
2902 4378 2955 4429 εἴ
2983 4395 3035 4429 τι
3075 4376 3140 4430 ἂν
3168 4378 3251 4448 εἴη
3281 4377 3341 4429 τὸ
3369 4379 3669 4447 ἐμπόδιον,

2067 4468 2169 4537 τῆς
2190 4467 2285 4521 τοῦ
2312 4468 2465 4539 ἡλίου
2494 4468 2868 4531 ἀκτινοϐολίας
2896 4469 3066 4529 ἐστὶν,
3097 4468 3173 4531 ὼς
3207 4468 3281 4539 μὴ
3312 4469 3477 4537 φύσιν
3500 4474 3672 4543 ἐχού-

2069 4576 2169 4630 σης
2196 4559 2584 4631 πληρεστὰτως
2613 4560 2962 4624 ἐπιπολάζειν
2989 4564 3103 4623 τοῖς
3130 4561 3428 4632 ὀφθαλμοῖς
3448 4580 3464 4593 ο
3496 4568 3674 4620 τοῦτο

390 4651 611 4715 niente;
663 4651 756 4704 sed
801 4650 845 4705 si
900 4653 1043 4719 quod
1096 4655 1443 4709 obstacnlum
1500 4657 1593 4719 sit,
1660 4659 1710 4711 id
1759 4674 1857 4713 acc

2224 4653 2318 4707 xui.
2364 4654 2456 4705 ἐπὶ
2498 4654 2607 4706 τῶν
2654 4654 2811 4706 θείων
2848 4653 3148 4723 δυνάμεων.
3190 4655 3299 4707 Καὶ
3342 4654 3491 4708 οῦτω
3567 4662 3668 4729 μὲν

386 4740 665 4793 cmissioni
712 4741 990 4794 radiorum
1040 4741 1195 4807 solis,
1246 4754 1304 4795 ut
1346 4759 1468 4812 quae
1522 4758 1757 4815 nequeat
1807 4750 1963 4817 plene

384 4830 559 4884 oculis
595 4845 654 4894 se
688 4832 985 4887 immittere
1026 4856 1036 4889 :
1078 4834 1220 4887 idem
1255 4836 1434 4903 cogita
1467 4838 1631 4891 etiam
1660 4840 1713 4892 in
1748 4841 1965 4894 virtuti-

385 4920 485 4974 bus
509 4921 731 4976 divinis.
753 4924 930 4992 Atque
954 4926 1025 4979 ita
1055 4928 1273 4994 quidem
1300 4942 1438 4996 pure
1468 4932 1960 4999 contemplationes

386 5010 669 5078 intuetur,
709 5014 1018 5069 illustratur
1051 5028 1231 5072 autem
1280 5018 1624 5088 simplicibus
1666 5032 1722 5075 et
1759 5023 1957 5076 imme-

384 5102 548 5158 diatis
578 5107 1070 5171 coruscatiouilms,
1106 5120 1159 5164 et
1192 5126 1547 5181 nequaquam
1585 5113 1959 5169 mediautibus

383 5196 647 5265 symbolis
668 5213 790 5266 qua:
818 5200 971 5267 prius
1009 5203 1679 5272 vocavitcompositiones.
1709 5203 1954 5259 Satiatur

380 5299 544 5355 porro
588 5290 768 5343 divino
802 5291 959 5355 cibo,
1012 5292 1179 5346 multo
1225 5294 1407 5362 simul,
1453 5304 1508 5349 et
1557 5310 1711 5347 uno:
1763 5295 1951 5361 multo,

381 5375 491 5445 70
518 5380 815 5432 secundum
847 5378 1227 5445 dimisionem;
1274 5399 1408 5447 uno,
1442 5383 1570 5451 quia
1608 5382 1831 5438 minime
1859 5399 1953 5436 va-

381 5466 459 5519 ria
494 5475 580 5521 est
610 5476 666 5523 et
694 5469 893 5523 uuilica
922 5473 1205 5527 eomestio.
1247 5472 1521 5527 Comestio
1552 5480 1731 5525 autem
1764 5474 1946 5526 cibus-

379 5571 485 5625 que
518 5558 858 5627 angelorum,
898 5572 983 5618 est
1013 5562 1301 5620 illustratio
1329 5574 1385 5620 et
1420 5564 1695 5631 eruditio;
1732 5565 1775 5619 si
1800 5564 1947 5618 enim

450 5730 473 5770 ιι
514 5730 657 5789 Psal.
708 5736 990 5802 xxxv,10.
1073 5736 1090 5778 ι
1130 5738 1275 5795 Psal.
1324 5754 1458 5800 xvu.
1502 5738 1586 5796 I2.
1636 5818 1639 5819 ν
1692 5740 1857 5798 "lsa.
1886 5740 2044 5806 vt.2.

2066 4744 2322 4816 καθαρῶς
2354 4744 2454 4808 τὰς
2483 4744 2715 4816 θεωρίας
2741 4747 2863 4815 ὁρᾷ,
2894 4744 3226 4815 ὲλλάμπεται
3256 4746 3312 4798 δὲ
3339 4740 3440 4811 τὰς
3472 4751 3671 4813 ἁπλᾶς

2065 4837 2157 4890 καὶ
2183 4837 2422 4907 ἀμέσους
2454 4836 2839 4909 μαρμαρυγὰς,
2880 4838 2943 4891 οὐ
2976 4837 3074 4901 τὰς
3111 4838 3197 4891 διὰ
3229 4839 3410 4909 μέσων
3448 4848 3669 4912 σνμεά-

2063 4924 2189 4990 λων,
2220 4928 2286 4991 ἃς
2312 4928 2375 4999 δὴ
2398 4930 2491 4982 καί
2522 4928 2796 4991 συνθέσεις
2826 4928 3019 5000 πρῴην
3050 4930 3324 4982 ἐκάλεσεν.
3370 4932 3667 5007 Ἀποπλη-

2064 5018 2251 5089 ροῦται
2278 5019 2333 5073 δὲ
2368 5021 2467 5089 τῆς
2514 5019 2664 5082 θείας
2689 5020 2915 5091 τροφῆς,
2948 5020 3147 5090 πολλῆς
3177 5021 3312 5091 ἅμα.
3346 5024 3443 5075 καὶ
3476 5030 3623 5094 μιᾶς
3650 5048 3662 5058 ‘

2060 5110 2261 5181 πολλῆς
2316 5112 2457 5164 κατὰ
2500 5111 2599 5181 τὴν
2661 5112 2838 5181 χύσιν,
2888 5114 3017 5182 μιᾶς
3068 5114 3150 5165 ὅτι
3194 5114 3511 5178 ἁποίκιλτος
3562 5122 3665 5171 καὶ

2056 5202 2297 5265 ἑνοποιὸς
2344 5205 2376 5272 ὴ
2439 5203 2699 5266 ἑστίασις.
2759 5204 3032 5268 Ἑστίασις
3063 5205 3120 5258 δὲ
3168 5206 3262 5257 καὶ
3304 5208 3483 5278 τροφὴ
3540 5213 3660 5264 τῶν

2054 5292 2301 5359 ἀγγέλων
2335 5294 2607 5365 πάντωςή
2638 5295 2901 5365 ἐλλαμψις
2934 5297 3027 5350 καὶ
3059 5299 3091 5367 ή
3135 5296 3371 5367 μάθησις
3394 5315 3407 5327 ⁸
3447 5303 3501 5353 εί
3538 5306 3657 5371 γὰρ

2052 5385 2145 5436 καὶ
2168 5385 2202 5453 ἡ
2237 5385 2471 5455 μάθησις
2494 5386 2665 5457 τροφὴ
2692 5387 2784 5439 τοῦ
2809 5389 3099 5459 τρέςοντος
3130 5388 3343 5457 λέγεται
3371 5393 3523 5445 κατὰ
3556 5395 3654 5447 τὸν

2050 5473 2309 5543 Θεολόγον
2333 5478 2426 5529 καὶ
2459 5477 2632 5547 μέγαν
2658 5478 2976 5550 Γρηγόριον,
3015 5480 3191 5550 πολλῷ
3215 5497 3277 5549 γε
3306 5481 3518 5551 μᾶλλον
3553 5489 3653 5538 καὶ

2048 5566 2081 5635 ἡ
2122 5565 2358 5638 μάθησις
2382 5568 2554 5640 τροφὴ
2581 5568 2645 5623 ἂν
2679 5569 2770 5624 τοῦ
2796 5572 3128 5643 τρεφομένου
3160 5572 3389 5643 λέγοιτο.
3429 5574 3566 5640 Πῶς
3593 5576 3651 5629 δὲ
