3722 6288
59 296 125 350 253
491 285 596 349 DE
632 292 957 353 COELESTI
991 298 1434 370 HTERARCHIA,
1470 305 1617 362 CAP.
1664 307 1775 365 VII.
1806 339 1876 348 —
1903 310 2255 370 PARAPHR.
2294 317 2762 380 PACHYMERE.
3179 337 3286 395 254

59 425 76 480 ἡ
97 415 296 475 ἑστίασις
327 413 678 480 ἁποίκιλτος
711 420 804 472 καὶ
848 420 1125 487 ἐνοποιός;
1175 424 1258 476 ὅτι
1289 425 1461 496 ἁπλῆ,
1509 445 1529 479 ν

82 511 88 518 .
146 504 188 520 ..
223 503 295 522 ης
500 508 515 522 .
571 508 657 522 ,η
1033 512 1044 522 .
1213 513 1239 522 -
1354 517 1363 522 -

1810 445 1879 482 m-
1913 433 2152 487 eruditio
2199 436 2351 491 cibus
2385 442 2680 500 nutrientis
2742 432 3094 519 appellatur:
3117 451 3280 522 juxta

59 511 119 559 ιῷκ
217 503 387 558 ἄλλων
418 508 528 560 καὶ
563 508 748 562 ἄλλων
787 512 1136 583 συγκειμένη,
1179 513 1274 568 νῦν
1310 517 1407 586 μὲν
1439 535 1529 588 τυ)

1814 522 2018 594 )logttm
2064 541 2428 598 magnumque
2459 503 2830 604 Gregorium,
2890 545 3060 597 multo
3107 548 3284 614 magis

58 598 276 666 -ειστίμων,
312 596 414 650 νῦν
447 598 514 653 δὲ
539 600 606 653 οὐ
642 602 916 664 τοιούτων,
951 603 1063 657 ἀλλ’
1086 605 1180 676 ὅλη
1207 607 1478 679 νόστιμος,
1509 627 1528 662 ν

1819 628 1869 666 m
1898 614 2136 670 eruditio
2180 596 2714 681 CillllSVCPUdlli-diCi
2765 631 2957 698 possit.
2997 634 3285 700 Quomodo

59 692 198 762 ἀγαθὴ,
229 691 318 744 καὶ
352 690 649 758 θεοποιὸς,
677 695 771 749 καὶ
801 696 1069 764 ἀγνοοῦσα
1095 698 1325 753 καθόλου
1349 700 1440 754 τὸν
1466 701 1529 755 ἰλι

1811 718 1884 758 em
1917 705 2034 762 haec
2062 711 2332 765 eomestio
2366 714 2593 772 minime
2621 721 2770 776 varia
2791 731 2848 778 et
2872 725 3074 782 uniﬁca
3100 727 3124 782 ἳ
3155 732 3281 798 quia

56 805 132 852 ῖῡνν
167 784 332 848 καθὼῖ
367 788 474 840 καὶ
512 787 715 858 πρώην
749 789 1024 862 ἐλέγομεν.
1063 793 1138 846 Οὐ
1184 797 1368 864 χεῖρον
1415 795 1470 849 δὲ
1505 814 1526 848 ν

1811 797 1930 862 plex
1971 808 2078 861 est,
2110 811 2165 856 et
2197 819 2302 858 non
2353 821 2418 860 ex
2452 808 2575 863 aliis
2606 821 2770 881 atque
2803 815 2924 872 aliis
2951 822 3281 890 composita,

55 881 117 947 τὴν
141 878 217 930 τοῦ
260 876 355 931 νοῦ
389 880 679 952 κυκλικὴν
711 874 922 954 κίνησιν
955 883 1314 955 καταμαθεῖν.
1351 885 1525 957 Λέγομ

1807 887 1860 941 lo
1893 889 2110 957 quidem
2158 891 2300 948 forte
2332 896 2605 965 dulcibus,
2638 874 2800 959 m-odo
2831 922 2962 963 vero
2995 874 3101 968 non
3149 874 3277 970 tali:

53 970 196 1034 tot'vav,
225 970 300 1022 ὅτι
337 972 457 1024 πᾶν
492 970 561 1025 τὸ
594 971 714 1035 νοῦ,
749 973 780 1044 ἢ
815 973 937 1037 νοῦς
967 974 1025 1027 ὃν
1057 978 1187 1039 νοεῖ,
1215 974 1247 1046 ἢ
1284 977 1407 1030 νοῦν
1440 977 1523 1048 ἔχε

1809 1016 1822 1040 ,
1855 978 1948 1032 sed
1983 986 2094 1033 tota
2127 981 2300 1039 dulcis
2327 997 2432 1051 est,
2459 997 2513 1042 et
2541 992 2707 1057 bona,
2739 1003 2794 1050 et
2831 997 3048 1066 deiﬁca,
3080 1013 3135 1059 et
3160 1020 3279 1060 om-

53 1062 162 1125 ιμὲν
188 1061 299 1124 νοῦς
332 1061 416 1115 ὢν
460 1063 709 1134 πρώτως
741 1068 877 1118 νοεῖ·
912 1066 972 1119 τὸ
1003 1066 1058 1120 δὲ
1090 1066 1214 1120 νοῦν
1259 1067 1386 1139 ἔχον
1418 1069 1523 1122 δευπ

1809 1084 1828 1122 3
1862 1071 2110 1128 nesciens
2151 1077 2497 1146 vertiginem,
2534 1081 2676 1139 sicut
2706 1087 2871 1142 etiam
2905 1101 3032 1148 ante
3055 1094 3279 1154 diceba-

52 1156 249 1223 ρωςνοεί.
277 1153 442 1207 Kueh
475 1154 621 1224 γοῦν
655 1155 780 1219 νοῦς
811 1155 884 1210 ὢν
909 1158 1038 1223 νοεῖ,
1073 1158 1339 1213 κινεῖσθαι
1372 1158 1522 1229 λέγοι

1805 1175 1837 1213 ς.
1874 1158 2057 1230 Neque
2089 1178 2219 1219 vero
2245 1167 2476 1225 minoris
2511 1177 2767 1232 momenti
2803 1188 2908 1241 est.
2947 1183 3275 1245 circularem

52 1247 114 1296 ὶϊ
143 1243 257 1297 καθὸ
285 1243 344 1296 δὲ
375 1245 774 1316 ἀνακάμπτων
805 1247 897 1299 καὶ
931 1247 1060 1318 περὶ
1093 1247 1254 1301 αὑτὸν
1283 1249 1522 1321 γινόμενι

1795 1259 1904 1303 tum
1935 1265 2290 1322 cognoscere.
2353 1257 2594 1319 Dicimus
2631 1265 2816 1337 itaque
2843 1275 3020 1340 quoad
3052 1277 3265 1336 intelle-

49 1335 184 1387 ἑαυτὸν
198 1338 317 1397 νοεῖ,
336 1336 438 1388 καὶ
462 1335 562 1388 τὸν
585 1335 698 1406 πρὸ
722 1336 884 1389 αὐτοῦ
912 1336 970 1401 ἐξ
985 1331 1046 1394 οὗ
1078 1338 1328 1410 συνέστη,
1357 1341 1516 1394 κυκλι

1807 1355 1862 1404 n,
1891 1343 2470 1419 quidlibetintelligere
2503 1354 2588 1409 vel
2616 1368 2676 1412 ut
2709 1331 3018 1420 intellectus
3049 1378 3152 1436 est,
3188 1373 3275 1428 vel

48 1432 273 1482 ἐπινοεῖται
319 1430 354 1498 ἡ
390 1428 646 1499 κίνησις.
706 1429 792 1492 Ὠς
823 1426 916 1482 οῦν
948 1431 1011 1483 ὲκ
1057 1430 1194 1484 Θεοῦ
1238 1431 1518 1505 βουληθὲντ

1807 1443 2051 1502 luantum
2099 1438 2265 1494 habet
2309 1440 2672 1502 intellectum.
2722 1450 2825 1518 Qui
2860 1455 3078 1524 quidem
3114 1426 3277 1518 intel-

48 1521 327 1590 πρῇηθεὶς,
377 1523 523 1592 περὶ
556 1522 662 1591 τὴν
705 1521 799 1574 τοῦ
833 1520 966 1574 Θεοῦ
999 1521 1184 1592 ἔφεσιν
1217 1526 1311 1578 καὶ
1345 1527 1518 1594 ἀγάπτ

1808 1542 1871 1582 us
1903 1540 2012 1595 est,
2042 1532 2306 1598 primario
2335 1536 2618 1612 intelligit;
2651 1545 2742 1614 qui
2771 1520 2905 1602 vero
2935 1548 3274 1614 intellectum

45 1618 91 1676 sit;
115 1617 219 1686 περὶ
248 1617 508 1686 κέντρον,
548 1615 706 1670 ἔσται
731 1631 743 1646 ·
780 1614 840 1669 οὐ
873 1617 979 1689 γὰρ
1012 1617 1228 1672 ἑνοῦται
1260 1620 1329 1673 τὰ
1363 1620 1514 1674 δεύτε

1805 1627 1894 1685 et,
1948 1624 2276 1680 secttndario
2332 1627 2614 1703 intelligit.
2653 1634 2711 1690 In
2768 1647 3036 1706 quantum
3089 1645 3275 1716 itaque

45 1714 116 1772 τιῐς
244 1709 451 1772 αὐτῶν,
485 1708 634 1762 ἀλλὰ
655 1708 843 1780 χορείᾳ
863 1710 973 1763 τινὶ
994 1708 1055 1762 τὸ
1085 1710 1370 1782 γινόμενον
1404 1713 1515 1769 ἓοικ

1806 1709 1949 1781 lligit
1983 1724 2044 1768 ut
2080 1716 2396 1775 intellectus
2423 1733 2528 1790 est,
2565 1725 2669 1781 dici
2703 1705 2891 1798 posset
2928 1739 3140 1793 moveri
3165 1705 3272 1806 ;'in

44 1779 253 1863 κυκλικῶς
274 1800 383 1872 γὰρ
417 1800 541 1852 τῶν
579 1800 958 1871 γεννωμένων,
986 1803 1094 1856 τῶν
1116 1805 1429 1871 γεννώντων
1461 1810 1514 1861 ὲτ

1874 1779 1892 1781 _
2514 1779 2527 1790 ,
2635 1779 2669 1781 η
2703 1779 2891 1798 ιη---
2928 1779 3140 1793 -.........
3165 1781 3183 1806 ,

1802 1807 1950 1854 ntum
1981 1817 2112 1860 vero
2139 1817 2268 1861 actu
2305 1810 2506 1867 reﬂexo
2543 1829 2603 1870 se
2655 1821 2986 1894 recolligens
3015 1832 3272 1900 semetip-

43 1893 298 1960 ξρὰττετθαι
329 1892 655 1964 ἐφιεμένων
680 1910 692 1922 ’
724 1889 883 1963 μόνον
915 1895 971 1948 δὲ
997 1896 1459 1968 περιαθρούντων,
1486 1919 1513 1956 κ

1801 1919 1802 1941 ι
1839 1891 2118 1964 intelligit,
2151 1906 2208 1951 et
2239 1899 2292 1954 id
2327 1917 2356 1955 a
2396 1918 2505 1972 quo
2552 1889 2941 1980 proficiscitur,
2973 1889 3271 1977 circularis

42 1985 102 2036 τεῦ
127 1985 309 2038 ἐκεῖθεν
352 1985 602 2048 κάλλους
633 1985 1156 2058 ἀποπληρουμένων.
1194 1988 1266 2042 Τὸ
1295 1985 1390 2044 οὖν
1421 1994 1480 2046 ὲν
1511 2021 1512 2024 η

1803 1998 1866 2038 us
1892 1984 2246 2058 intelligitur.
2283 1991 2471 2064 Itaque
2497 2013 2622 2054 cum
2653 2017 2717 2058 ex
2749 2004 2860 2060 Deo
2893 2009 3113 2068 volente
3141 2031 3269 2084 pro-

44 2079 170 2144 -εήπει
188 2077 317 2148 πρὸς
342 2075 408 2129 τὸ
444 2075 562 2149 πρὸ
591 2076 787 2131 ἑαυτοῦ
817 2076 1286 2149 ἐπεστραμμένον,
1315 2081 1514 2137 κυκλικε

1799 2090 1857 2130 us
1886 2077 1979 2142 sit,
2005 2080 2150 2135 circa
2180 2083 2274 2138 Dei
2300 2086 2630 2145 desiderium
2656 2101 2712 2148 et
2742 2096 3114 2168 dilectionem,
3148 2116 3269 2161 tau-

43 2170 245 2235 κνήσεως
289 2167 511 2224 ἔννοιαν
554 2169 791 2237 εἰσάγει.
860 2169 1010 2222 Ἐπεὶ
1053 2165 1146 2225 οῦν
1192 2173 1469 2243 πανταχοῦ

1795 2181 1842 2220 m
1871 2168 2020 2224 circa
2046 2179 2320 2240 centrum,
2356 2180 2667 2235 versabitur
2694 2201 2708 2236 :
2745 2201 2851 2240 non
2883 2191 3031 2246 enim
3065 2196 3265 2250 uniun-

42 2261 163 2320 θεῖεν,
188 2262 252 2314 τὰ
283 2259 574 2333 πανταχοῦ
603 2260 755 2331 αὑτῷ
781 2261 1297 2329 συνακολουθοῦντα,
1323 2265 1418 2319 καὶ
1443 2266 1512 2319 αὑ

1802 2263 2048 2315 secunda
2084 2265 2380 2333 prioribus,
2401 2270 2497 2324 sed
2524 2275 2668 2341 quod
2697 2275 2899 2334 factum
2925 2293 3028 2351 est,
3047 2287 3262 2342 cuidam

165 2353 243 2406 ἀεὶ
272 2353 561 2417 ἐθέλοντα,
600 2352 692 2405 ἐπὶ
721 2352 898 2423 τούτῳ
930 2353 1256 2422 ἀγάλλονται
1294 2355 1389 2409 καὶ
1423 2374 1512 2428 περ

1792 2367 1892 2407 reae
1917 2366 2294 2424 comparatur,
2323 2359 2450 2414 dum
2478 2363 2737 2420 nimirum
2767 2385 2830 2424 ea
2854 2387 2974 2441 quae
2995 2379 3262 2445 producta

42 2446 313 2516 χιρεύουσιν,
349 2446 552 2517 ὥσπερ
600 2448 666 2516 τῇ
712 2447 896 2517 νοήσει
940 2446 1298 2519 κυκλούμενα.
1346 2449 1512 2518 Λέγετ

1794 2450 1824 2504 L,
1862 2445 2222 2511 productores
2269 2465 2400 2504 suos
2446 2455 2736 2523 complecti
2770 2463 3035 2532 cupiunt;
3087 2468 3264 2526 solum

40 2538 129 2602 τῳ),
154 2540 264 2603 νοῦς
290 2541 348 2592 έν
374 2538 564 2610 ἑαυτῷ
592 2533 758 2602 εἶναι,
789 2539 884 2592 καὶ
913 2539 1048 2610 πρὸς
1071 2539 1262 2596 ἑαυτὸν
1288 2542 1538 2596 σπεύδειν
1563 2561 1571 2570 -
1676 2541 1858 2587 autem
1894 2535 1948 2588 in
1983 2537 2220 2630 circuitu
2266 2556 2692 2614 congregantur,
2744 2561 2927 2623 atque
2959 2557 3088 2614 inde
3138 2563 3262 2630 pul-e

41 2623 161 2696 ᾧξιὲν
189 2626 272 2683 οὖν
305 2632 362 2682 ὲν
397 2629 588 2700 ἑαυτῴ
634 2629 774 2693 ἐστι,
814 2629 1000 2682 στάσιν
1045 2630 1191 2701 ἔχει’
1243 2631 1385 2686 κατὰ
1415 2633 1471 2687 δὲ

1790 2625 1990 2682 {tudine
2039 2629 2342 2699 replentur.
2398 2638 2554 2704 Quod
2590 2642 2774 2712 itaque
2807 2623 3163 2720 intelligendo
3191 2655 3260 2709 ad

41 2723 135 2790 πρὸς
159 2725 335 2776 ἑαυτὸν
370 2723 654 2788 σπεύδειν,
693 2720 944 2788 κινεῖται,
983 2725 1057 2796 μὴ
1093 2724 1418 2796 βουλόμενος
1455 2727 1511 2781 δι

1801 2730 1830 2770 a
1862 2732 1971 2786 quo
2008 2726 2298 2790 processit,
2329 2734 2693 2801 convertitur,
2741 2737 3034 2798 circularis
3078 2755 3261 2802 motus

39 2815 194 2880 γτῐτῡαι
255 2818 332 2878 εἰς
385 2815 493 2880 τὰς
558 2813 867 2887 προσύλους
912 2817 1005 2870 καὶ
1058 2817 1345 2891 ἀλλοτρίας
1409 2821 1508 2875 αὐτ

1793 2807 2092 2880 lligentiam
2137 2817 2464 2874 introducit.
2509 2823 2644 2879 Cum
2688 2828 2853 2897 igitur
2881 2832 3125 2890 divinum
3153 2837 3261 2892 Nn-

39 2908 222 2970 νιήσειςο
268 2907 408 2962 κατὰ
462 2908 564 2978 μὲν
605 2902 702 2962 οῦν
731 2907 794 2962 τὸ
835 2908 1244 2979 ταὺτοκίνητον,
1299 2914 1509 2966 κινείτα

1783 2917 1797 2953 l
1830 2903 1904 2956 sit
1929 2905 2154 2976 ubique,
2187 2923 2248 2963 ea
2278 2925 2399 2979 quae
2431 2915 2632 2984 ubique
2660 2919 2838 2988 ipsutn
2862 2925 3253 2996 insequuntur,

38 2999 139 3050 τετᾶ
156 2999 207 3051 δὲ
227 3000 320 3071 τὴν
343 2999 540 3052 οὐσίαν
565 2999 755 3054 στάσιν
776 3000 890 3054 ἀλλ’
922 3001 982 3054 οὐ
1007 3000 1218 3072 κίνησιν
1245 3002 1378 3074 ἔχει.
1417 3002 1508 3058 Ἔα

1787 3009 1962 3065 Imque
1996 3012 2213 3070 semper
2244 3003 2557 3072 intelligere
2586 3009 2916 3080 desiderant,
2954 3018 3004 3072 in
3033 3019 3133 3076 hoc
3161 3039 3257 3077 ex-

42 3088 167 3140 τιενυν
192 3091 280 3144 καὶ
306 3093 398 3144 ἐπὶ
443 3090 560 3143 τῶν
599 3091 759 3144 θείων
803 3093 898 3146 καὶ
927 3093 1194 3166 οὐρανίων
1240 3093 1376 3148 νόων
1424 3097 1512 3169 ὀρι

1784 3092 1931 3152 tant,
1987 3096 2044 3141 et
2099 3091 2335 3146 choreas
2379 3093 2606 3162 ducunt,
2662 3109 2849 3169 utpote
2900 3103 3254 3178 intelligendo

41 3183 101 3231 ιιι
117 3183 322 3251 κίνησις,
350 3185 383 3253 ἡ
416 3181 561 3254 πρὸς
589 3182 653 3236 τὸ
675 3182 828 3236 Θείον
853 3183 1054 3254 ἔφεσις,
1085 3187 1180 3239 καὶ
1220 3189 1254 3257 ἡ
1284 3187 1409 3258 περὶ
1436 3190 1511 3242 air

1783 3179 2165 3246 :umgyrantia.
2217 3181 2432 3238 Dicitur
2470 3186 2656 3258 itaque
2690 3207 2844 3248 mens
2872 3194 2924 3248 itt
2959 3171 3253 3270 semetipsa

41 3272 87 3333 ὡς
123 3275 234 3344 περὶ
283 3276 510 3346 κέντρον
572 3273 806 3346 κυκλικὴ
859 3276 1045 3347 χορεία
1076 3317 1091 3342 ,
1135 3279 1212 3342 ὡς
1265 3280 1297 3350 ἡ
1341 3279 1435 3332 τοῦ
1473 3299 1506 3334 κ

1782 3282 1813 3333 ι,
1845 3276 1902 3325 et
1936 3271 2004 3324 ad
2034 3287 2094 3328 se
2129 3274 2302 3343 ipsam
2347 3293 2651 3350 properare
2680 3301 2694 3337 :
2725 3296 2891 3356 atque
2936 3306 3002 3346 eo
3030 3293 3252 3360 quidem

41 3363 126 3416 rica
155 3368 270 3438 περὶ
297 3368 355 3421 τὺ
382 3369 619 3438 σημεῖον
653 3368 773 3439 ἦτοι
807 3368 1050 3441 κέντρον,
1086 3372 1179 3441 ἀφ’
1211 3367 1272 3427 οῦ
1306 3373 1511 3428 συνέστη

1781 3360 1902 3416 diu
1955 3378 2013 3418 se
2056 3367 2172 3434 ipsa
2219 3381 2322 3437 est,
2375 3381 2584 3430 statum
2628 3377 2828 3446 habet;
2883 3382 2934 3436 in
2987 3398 3251 3454 quantum

41 3455 114 3508 Καὶ
138 3459 235 3529 γὰρ
265 3459 351 3512 καὶ
400 3458 551 3514 κατὰ
601 3461 836 3532 φυσικὴν
872 3462 1118 3534 ἀνάγκην
1176 3465 1405 3520 ἕκαστον
1458 3468 1511 3520 τί

1783 3466 1804 3504 3
1851 3453 1919 3506 ad
1965 3459 2318 3527 semetipsam
2369 3475 2673 3534 properat,
2724 3453 3015 3541 movetur,
3058 3475 3253 3534 uolens

39 3546 161 3600 ξντων
195 3552 285 3621 τὴν
325 3552 458 3624 περὶ⁹
489 3552 588 3606 τὸν
635 3552 768 3606 Θεὸν
809 3555 1024 3626 χορεύει
1053 3557 1294 3628 χορείαν,
1348 3545 1509 3630 ὲφιέμ

1783 3545 1873 3599 ndi
1909 3546 1964 3601 in
2002 3557 2252 3608 terrenas
2295 3564 2352 3609 et
2385 3556 2594 3615 alienas
2639 3575 2672 3616 τι
2708 3576 2770 3619 se
2804 3565 3247 3637 intelligentias;

39 3655 97 3688 νιν
141 3641 223 3694 τοῦ
264 3643 434 3697 αἰτίου
475 3644 624 3698 κατὰ
650 3645 713 3698 τὸ
757 3640 914 3700 εἶναι.
959 3646 1147 3711 Οὕτως
1179 3644 1272 3703 οῦν
1313 3652 1444 3722 περὶ
1474 3668 1509 3702 τ‹

1779 3653 1854 3706 hue
1891 3641 2188 3696 secundum
2224 3644 2274 3698 id
2305 3647 2526 3714 quidem
2557 3651 2704 3719 quod
2735 3666 2795 3708 se
2827 3636 3030 3722 movet,
3059 3675 3249 3714 move—

39 3728 203 3783 :irnwv
234 3733 448 3802 βασιλέα
481 3735 668 3788 πάντα
700 3736 836 3799 ἐστὶ,
870 3738 962 3791 καὶ
993 3739 1200 3794 ἐκείνου
1233 3741 1395 3796 ἕνεκα
1427 3742 1509 3796 πά

1776 3770 1780 3787 μ
1809 3733 2111 3786 secundum
2147 3737 2511 3795 substantiam
2543 3753 2724 3798 autem
2749 3755 2978 3816 statum,
3011 3752 3104 3806 sed
3139 3769 3246 3809 non

37 3838 96 3886 τι,
122 3827 204 3878 καὶ
245 3827 412 3880 ἐκεῖνο
461 3827 728 3880 ἁπάντων
775 3827 953 3882 καλῶν
999 3829 1172 3884 αἴτιον
1225 3835 1376 3887 Ἐπεὶ
1421 3834 1507 3889 νει]

1776 3838 1872 3876 ,υιη
1903 3824 2088 3882 habet.
2135 3828 2234 3883 Est
2281 3831 2447 3900 igitur
2481 3833 2646 3888 etiam
2680 3837 2736 3892 in
2767 3839 2971 3896 divinis
3012 3846 3246 3900 caelesti-

37 3915 132 3982 ερὲς
153 3917 289 3981 Θεὸν,
317 3919 523 3989 πολλῆς
555 3918 844 3983 κοινωνίας
864 3925 958 3980 καὶ
970 3923 1288 3996 συνεργείας
1312 3922 1507 3994 ἠξίωτο

1774 3930 1877 3984 que
1903 3920 2180 3973 mentibus
2211 3921 2450 3990 impetus
2498 3927 2722 3994 quidam
2756 3945 2820 3986 ac
2852 3944 3056 4001 motus,
3110 3938 3244 3994 illud

37 4006 75 4056 ἐν
98 4012 150 4080 τῇ
178 4011 298 4082 πρὸς
320 4011 506 4075 αὑτὸν,
532 4011 612 4074 ὠς
638 4011 876 4081 ἐφικτὸν,
910 4012 1243 4084 ἀφομοιώσει
1262 4030 1276 4044 ·
1307 4015 1429 4068 ἐπεὶ
1455 4016 1507 4084 γὲ

1771 4007 2006 4062 divinum
2044 4009 2254 4068 Numen
2286 4015 2645 4088 desiderium,
2681 4031 2848 4093 atque
2891 4025 2979 4079 illa
3032 4028 3241 4084 circum

35 4098 74 4146 ἐν
98 4099 195 4170 Θεῴ
227 4102 329 4166 ἕξις
365 4104 487 4156 ἐστὶ
523 4103 620 4154 καὶ
657 4101 926 4174 ἐνέργεια,
955 4102 1194 4175 δηλονότι
1229 4104 1290 4158 τὸ
1321 4105 1505 4178 καθαρι

1771 4113 1864 4163 nn,
1903 4107 2162 4170 tanquam
2189 4103 2554 4164 circumcirca
2580 4122 2858 4179 centrum,
2885 4117 3108 4184 eborea,
3135 4137 3241 4177 non

37 4193 151 4262 κιὶή
183 4183 452 4265 κάθαρσις,
493 4193 560 4246 τὸ
592 4195 709 4264 φῶς
742 4198 836 4251 καὶ
877 4198 905 4249 ὁ
940 4199 1237 4270 φωτισμὸς,
1269 4199 1330 4254 τὸ
1359 4201 1507 4254 τέλειε

1767 4205 1822 4244 us
1869 4205 1934 4246 ac
1982 4193 2173 4249 circuli
2213 4197 2420 4254 circum
2459 4213 2725 4271 punctum
2763 4220 2859 4260 seu
2909 4222 3162 4267 centrum
3206 4230 3237 4269 a

36 4284 102 4333 zz".
122 4283 170 4336 τὸ
191 4285 502 4341 τελειοποιὸν
539 4286 768 4358 (τούτων
795 4288 904 4361 γὰρ
935 4290 996 4343 τδ
1029 4290 1126 4362 μέν
1160 4292 1308 4345 ἐστιν
1334 4292 1467 4358 ἕξιςν
1498 4312 1506 4327 ’

1768 4304 1772 4329 ι
1839 4282 2106 4342 deductus
2176 4297 2281 4344 est.
2344 4290 2637 4350 Enimvero
2709 4299 2875 4352 etiam
2935 4307 3238 4365 secundum

34 4371 72 4422 tl-
91 4375 343 4447 ἐνέργεια),
368 4379 603 4449 ἠξίωται
638 4380 732 4432 καὶ
763 4379 900 4451 αῦτη
927 4381 1212 4446 κοινωνίας
1239 4382 1346 4436 τῶν
1379 4384 1504 4438 καλὰ

1837 4378 2219 4435 necessitatem
2272 4387 2576 4440 naturalem
2635 4403 2721 4443 res
2778 4391 3040 4461 quaalibet
3085 4399 3236 4456 circa

33 4456 177 4527 agam,
211 4469 274 4533 ὠς
310 4467 445 4525 εἶναι
488 4471 587 4525 καὶ
631 4470 854 4544 ταύτην,
895 4473 1036 4527 κατὰ
1075 4473 1256 4546 χάριν,
1287 4475 1503 4548 καθαρὰ

1768 4485 1832 4523 Im
1866 4471 2125 4528 cboreant
2155 4475 2330 4543 ducit,
2363 4479 2488 4534 dum
2523 4496 2743 4537 causam
2769 4497 2922 4538 suam
2952 4475 3125 4543 ambit
3148 4504 3238 4545 se-

36 4559 102 4607 zz‘:
137 4561 252 4627 φῶς,
281 4566 369 4618 καὶ
415 4564 662 4618 τελείαν·
695 4563 920 4634 ἠξίωται
967 4568 1061 4620 καὶ
1101 4569 1437 4639 συνεργείας,
1473 4571 1506 4624 (ἱ

1769 4565 1890 4618 dum
1917 4579 2059 4622 esse.
2095 4567 2210 4624 lloc
2246 4573 2432 4641 utique
2463 4575 2622 4630 modo
2650 4578 2857 4631 circum
2889 4578 3088 4648 Regem
3113 4598 3203 4638 om
3230 4622 3239 4630 -

35 4647 258 4721 κεραίρειν
297 4657 387 4710 καὶ
438 4654 669 4726 ταύτην,
705 4656 797 4709 καὶ
844 4657 1117 4726 φωτίζειν,
1147 4659 1241 4712 κα)⁴
1274 4659 1505 4713 τελειοῦν

1763 4672 1803 4709 ιη
1841 4668 1971 4710 sunt
1999 4660 2210 4727 omnia,
2248 4673 2304 4718 ct
2343 4676 2560 4734 propter
2594 4670 2766 4737 ipsum
2799 4682 2926 4725 sunt
2954 4677 3233 4742 universa,

187 4742 234 4795 δὲ
259 4747 536 4812 γινώσκει,
566 4745 680 4799 ἀλλ’
710 4748 1136 4820 ὑπερκειμένως,
1164 4751 1258 4803 καλ⁵
1303 4751 1366 4803 οὐ
1411 4769 1505 4804 κατ

1765 4767 1878 4822 :qne
1917 4764 2109 4808 auctor
2147 4765 2230 4810 est
2262 4759 2505 4814 omnium
2543 4762 2833 4821 bonorum.
2871 4767 3102 4834 Quando
3132 4773 3235 4826 ali-

35 4825 275 4896 Mpumv,
305 4838 396 4890 καὶ
427 4838 488 4889 ἐν
521 4837 783 4908 μετουσίᾳ
808 4839 906 4910 τῆς
932 4838 1081 4903 θείας
1107 4841 1422 4912 ἐπιστήμης
1458 4860 1505 4897 κι

1763 4860 1776 4898 ς
1813 4844 1881 4898 ad
1914 4845 2082 4900 Deum
2115 4847 2311 4917 vergit,
2351 4850 2516 4904 multa
2549 4853 2666 4923 ejus
2698 4859 3076 4916 communione
3105 4878 3233 4918 coo-

33 4919 247 4987 τνίῦσεως,
275 4927 389 4981 καθ’
420 4930 551 4982 ὅσον
591 4930 728 4992 ἐστὶ,
755 4931 980 4998 γίνεται.
1016 4931 1127 4996 Διὸ,
1153 4931 1228 4997 ὡς
1265 4933 1436 4986 πολλὰ
1468 4951 1502 5003 γ

1760 4937 2048 5007 ιιιξοηθιιυθ
2088 4938 2285 5009 dignus
2319 4942 2572 5010 eﬁicitut‘,
2619 4963 2718 5017 per
2757 4965 2876 5005 eam
2930 4968 3051 5020 qua;
3103 4966 3230 5013 cttm

34 5014 282 5087 τυςκούαης
324 5021 518 5090 αὐτῆς,
550 5019 646 5072 καὶ
698 5019 896 5091 ὕμνους
939 5024 972 5093 ἡ
1017 5022 1265 5097 Θεολογία
1309 5028 1420 5089 τοῖς
1459 5028 1504 5079 ἐι

1755 5045 1770 5084 )
1801 5029 1918 5085 fieri
1952 5042 2130 5102 potest
2163 5035 2618 5094 assimilationem
2652 5054 2668 5094 :
2700 5057 2822 5096 cum
2847 5043 2990 5098 enim
3026 5044 3078 5098 in
3111 5046 3225 5104 Deo

33 5096 112 5165 τῆς
147 5109 464 5176 παραδέδωκε
488 5128 503 5140 ο
540 5113 590 5163 εἰ
621 5109 694 5182 μὴ
728 5112 834 5185 γὰρ
867 5096 1190 5186 ἠπίσταντο,
1219 5117 1319 5170 οὐκ
1349 5117 1414 5171 ἂν
1443 5118 1503 5190 ῦμ

1756 5122 1882 5177 ιὶιιιε
1904 5096 1989 5177 est
2015 5135 2068 5180 et
2095 5128 2364 5196 operatio,
2395 5130 2606 5186 scilicet
2636 5133 2846 5201 puritas
2878 5146 2934 5189 et
2962 5137 3226 5209 expiatio,

33 5203 127 5242 νων
149 5213 158 5224 ·
179 5200 257 5252 καὶ
286 5205 329 5255 εἰ
358 5204 434 5274 μὴ
474 5203 843 5274 ὲνελάμποντο
877 5207 1017 5261 κατὰ
1047 5208 1108 5261 τὸ
1137 5210 1421 5281 ὑπερέχον,
1450 5214 1503 5265 οι]

1759 5229 1838 5269 ten
1885 5225 1940 5270 et
1970 5216 2294 5274 illuminatio
2319 5260 2334 5280 ,
2366 5200 2717 5289 perfectioiet
2747 5226 2801 5282 id
2832 5227 2975 5295 quod
3011 5233 3229 5299 perlicit

34 5280 83 5333 5"
106 5287 271 5365 ivwvh
296 5297 499 5351 τούτων
532 5294 623 5370 ἦν,
645 5300 914 5370 αἰσθητῶς
936 5304 1132 5366 είπίῖνν
1156 5304 1232 5367 ὡς
1253 5305 1403 5376 φωνὴ
1428 5307 1504 5360 ὐδί

1756 5322 1902 5363 orum
1937 5309 2164 5365 alterum
2209 5314 2427 5377 quidem
2459 5317 2680 5374 habitus
2714 5328 2819 5383 est,
2851 5321 3088 5378 alterum
3124 5341 3226 5379 au-

33 5386 113 5426 των
133 5383 321 5442 πολλῶν.
341 5390 642 5444 Ἀναϐοῶσι
667 5392 798 5462 γὰρ,
823 5393 964 5446 κατὰ
985 5395 1076 5448 τὸν
1111 5395 1503 5468 θεοληπτικώτο

1755 5419 1759 5452 |
1808 5403 2054 5470 Operatio
2073 5404 2115 5470 _),
2141 5419 2294 5460 mens
2347 5422 2564 5480 quoque
2613 5410 2876 5466 bonorum
2941 5415 3225 5472 habitnum

32 5477 99 5516 τον
129 5471 341 5549 Ἱεζεκιὴλ
359 5521 372 5543 ,
408 5483 802 5552 Εὐλογημένη
845 5485 882 5554 ἠ
921 5485 1071 5550 δόξα
1101 5488 1323 5556 Κυρίου
1351 5488 1418 5542 ἐκ
1445 5506 1502 5544 το

1753 5494 2034 5550 tmunione
2057 5497 2215 5566 digna
2243 5471 2511 5569 redditur,
2546 5513 2604 5558 ut
2633 5514 2689 5559 et
2722 5505 2833 5575 ipsa
2857 5522 2954 5575 per
2987 5513 3223 5580 gratiam

31 5561 170 5616 τίπου
198 5574 364 5627 αὐτοῦ
384 5593 398 5606 -
425 5574 524 5628 καὶ
564 5576 712 5630 ἄλλοι
746 5578 844 5650 τὴν
869 5579 1241 5652 πολυύμνητον
1269 5580 1501 5649 θεολογία

1756 5600 1808 5652 a,
1839 5590 1956 5651 lux,
1989 5596 2045 5642 et
2074 5561 2314 5656 perfecta
2345 5593 2448 5660 sit;
2495 5596 2626 5665 quin
2656 5606 2714 5652 et
2745 5598 2797 5651 in
2828 5612 3039 5665 partem
3075 5607 3224 5661 venit

31 5648 322 5724 ἀνηράξουσι
340 5667 644 5735 τὺ,”Αγιος,
659 5648 842 5737 firme,
864 5671 1031 5740 ἅγιος
1047 5648 1262 5740 Κύριος
1275 5675 1501 5727 Σαϐαὼι

1754 5648 2074 5746 perationis.
2114 5679 2242 5734 dum
2273 5693 2326 5737 et
2357 5684 2470 5753 ipsa
2504 5648 2721 5758 purgat,
2755 5699 2813 5743 et
2839 5689 3134 5762 illuminat,
3165 5706 3222 5754 et

32 5746 206 5816 πλήρης
227 5754 381 5811 πᾶσα
400 5760 438 5827 ἡ
455 5757 536 5828 γῆ
563 5759 675 5827 τῆς
693 5761 876 5832 δόξης
897 5763 1323 5829 αὐτοῦ.Ταύτας
1346 5764 1404 5818 δὲ
1439 5765 1502 5819 τὰ

1747 5767 1894 5834 ﬁcit;
1929 5769 2094 5825 multa
2144 5786 2362 5843 quoque
2407 5781 2714 5848 cognoscit,
2750 5785 2844 5840 sed
2883 5788 3213 5854 eminenter,

149 5842 382 5912 Ρηιιοι.
414 5850 536 5912 Gn.
577 5851 687 5913 Ill.

1859 5872 1862 5874 ·
2479 5842 2898 5943 “ἐ
