3734 6304
422 318 533 381 355
1563 321 1618 376 S.
1653 321 1957 379 DlONYSll
1996 314 2457 378 AREOPAGlT/E
3594 328 3705 383 9,35

422 445 479 489 ct
510 449 615 487 non
642 432 937 488 secundum
967 430 1268 497 hominem,
1309 441 1385 497 et,
1418 435 1596 502 quoad
1631 434 1745 489 fieri
1788 444 1896 504 ροιι

2230 435 2307 499 κάς
2337 435 2661 506 ὐμνολογίας
2692 436 2798 488 τῶν
2840 438 3248 510 ὑπερουρανίων
3277 439 3571 511 δυνάμεων
3600 442 3704 513 ήδη

423 528 621 583 divina:
667 525 911 581 scientiae
958 527 1399 597 cognitionisque
1448 528 1722 598 particeps
1750 528 1897 582 ellicil

2235 528 2293 580 ὲν
2316 527 2394 597 τῷ
2420 526 2548 597 περὶ
2569 525 2728 580 θείων
2759 528 2942 598 ὓμνων
2968 530 3323 601 συντάγματι,
3348 532 3427 595 ὡς
3445 533 3703 595 δυνατὸν,

421 620 786 687 Quamobrem
837 619 979 688 quod
1030 620 1196 672 multa
1231 630 1547 688 cognoscat,
1587 621 1820 690 hymnos
1861 636 1893 689 q

2232 621 2534 690 ευνήσαμεν
2583 620 2677 672 καὶ
2720 619 3129 693 ὲξηγησάμεθα,
3172 624 3266 677 καὶ
3308 623 3535 697 εἴρηται
3577 630 3706 699 περὶ

420 726 530 781 que
558 710 831 780 theologia
864 711 1154 781 terrigenis
1190 709 1415 764 tradidit
1448 728 1461 763 :
1501 711 1605 765 nisi
1639 712 1784 765 enim
1819 728 1894 766 ert

2234 728 2305 763 ων
2337 712 2544 775 ἐκεῖσε,
2569 710 2644 773 ὡς
2676 711 2818 764 κατὰ
2856 711 2953 783 τὴν
2993 715 3266 786 ἡμετέραν
3291 716 3554 788 δύναμιν,
3583 720 3708 772 ἱκα-

419 804 651 864 dissent.
683 818 1025 871 nequaquam
1067 802 1253 857 laudes
1295 804 1646 865 cecinissent.
1685 815 1737 860 et
1780 806 1881 861 nisi

2230 819 2233 831 ι
2266 803 2358 870 ἀφ’
2381 795 2456 854 ὧν
2493 802 2665 870 λόγων
2708 803 2886 873 ἀρκεῖ,
2923 803 3066 856 κατὰ
3103 805 3164 857 τὸ
3206 806 3404 877 παρὸν,
3438 808 3704 863 τοσαῦται

418 894 654 945 cundtnn
681 892 1022 961 superiorem
1056 902 1265 960 partem
1308 892 1568 948 illustrati
1618 894 1872 961 fuissent,

2232 899 2293 954 iv.
2319 896 2401 948 ὅτι
2429 898 2462 967 ή
2493 895 2687 967 πρώτη
2712 896 3070 967 διακόσμησις
3092 898 3463 970 ὲλλαμφθείσα
3491 900 3706 975 ταύτην

416 1000 689 1054 quaquam
716 998 829 1038 vox
873 1001 1059 1040 eorum
1104 988 1438 1041 sensibiliter
1478 988 1773 1056 loquendo,
1808 989 1890 1041 l'ni:

2226 989 2313 1061 τὴν
2354 989 2461 1043 τῶν
2514 991 2696 1062 ὓμνων
2750 991 3050 1060 θεολογίαν,
3093 994 3214 1047 καθ’
3241 995 3364 1047 ὅσον
3412 996 3700 1068 ἐνεχώρει,

415 1079 572 1145 quasi
607 1093 708 1133 vox
742 1092 1009 1146 aquarum
1045 1079 1357 1142 multarum,
1388 1080 1626 1134 clamant
1660 1080 1802 1133 enim
1841 1080 1889 1146 ju

2229 1081 2257 1134 ὰ
2280 1084 2377 1154 τῆς
2408 1083 2502 1136 τοῦ
2532 1084 2665 1137 Θεοῦ
2691 1085 3045 1155 ἀγαθότητος,
3076 1086 3281 1157 ταύτης
3318 1086 3381 1157 δὴ
3426 1087 3537 1157 τῆς
3585 1088 3703 1143 θεο-

414 1169 819 1223 ιΙίνίιιίεείειιυηι
856 1168 1225 1234 Ezechielem,
1255 1169 1551 1223 Benedicta
1581 1170 1751 1240 gloria
1778 1170 1888 1224 Don

2228 1192 2304 1238 ις,
2341 1176 2415 1238 ὡς
2456 1177 2776 1248 ἀγαθοειδὴς
2822 1177 3071 1248 ἱεραρχία
3111 1178 3205 1231 καί
3242 1175 3417 1245 τάξις.
3459 1181 3702 1249 Λέγεται

411 1264 478 1316 de
508 1262 621 1315 loco
653 1278 749 1315 suo
774 1272 802 1299 ιι
837 1279 849 1315 :
896 1271 1059 1329 atque
1092 1262 1182 1316 alii
1210 1263 1624 1316 celeberrimum
1664 1265 1791 1317 illud
1834 1282 1885 1321 ve

2232 1269 2505 1339 ίεραρχία,
2541 1270 2613 1341 μὴ
2644 1270 2802 1340 μόνον
2826 1272 2858 1341 ἠ
2883 1272 3086 1325 τούτων
3108 1270 3239 1335 ἕξις,
3264 1273 3356 1324 καὶ
3380 1273 3700 1345 ἐπιστήμη.

410 1356 742 1422 rationeque
799 1354 1176 1421 plenissimum
1236 1355 1433 1409 divina:
1490 1357 1664 1412 laudis
1718 1359 1884 1412 cantit

2230 1362 2481 1431 ινέργεια,
2507 1361 2642 1414 ἀλλὰ
2663 1363 2756 1415 καὶ
2777 1364 2927 1433 αὐτὴ,
2939 1363 3000 1435 δὴ
3024 1365 3056 1433 ἡ
3084 1364 3446 1435 διακόσμησις
3463 1380 3478 1394 ⁸
3504 1365 3704 1436 ὥσπερ

409 1446 754 1515 proclamant
781 1460 794 1497 :
824 1443 1075 1510 Sanctus,
1100 1457 1335 1507 sanctus,
1359 1459 1574 1502 sanctus
1608 1450 1862 1504 Dominus

2230 1452 2432 1523 νωσύνη
2483 1454 2576 1505 καὶ
2624 1453 2761 1524 αὐτὴ
2796 1455 2828 1525 ἡ
2856 1453 3002 1519 ἀξία,
3037 1454 3132 1507 xu‘t
3159 1455 3209 1506 οί
3239 1453 3575 1524 μετέχοντες
3608 1461 3704 1509 αὐ-

413 1539 600 1603 baotlt,
626 1537 781 1605 plena
810 1548 883 1591 est
909 1540 1078 1591 omnis
1112 1546 1254 1591 terra
1281 1540 1452 1607 gloria
1487 1550 1579 1594 tua
1598 1549 1644 1596 ο.
1674 1542 1781 1597 llas
1813 1559 1878 1597 au

2247 1547 2321 1611 ὥς
2366 1564 2563 1618 φαμεν,
2601 1548 2759 1601 Πᾶσα
2790 1550 2822 1618 ἡ
2860 1546 3123 1619 ἱερωσύνη
3149 1547 3211 1601 τὸ
3242 1548 3335 1601 καὶ
3371 1548 3436 1601 τὸ
3459 1549 3704 1621 εὐηργε-

408 1629 835 1684 sublimissimas
908 1630 1219 1685 cmlestium
1278 1633 1546 1686 virtutum
1615 1635 1882 1704 hymnolo;

2238 1680 2252 1702 ,
2288 1640 2380 1693 καὶ
2406 1639 2466 1691 τὸ
2495 1640 2588 1691 καὶ
2614 1639 2674 1691 τὸ
2698 1638 2955 1691 πέπονθε.
2985 1639 3173 1692 Τοίνυν
3206 1640 3239 1710 ἡ
3266 1640 3504 1711 τοιαύτη
3546 1643 3704 1709 τάξις

404 1722 733 1791 jampridem
764 1722 814 1775 in
851 1730 1081 1776 tractatu
1115 1722 1192 1775 De
1214 1723 1407 1777 divinis
1438 1724 1644 1794 hymnis
1666 1732 1683 1748 ⁶
1710 1742 1871 1781 cxam

2230 1732 2571 1802 ῑιακόσμησις
2590 1731 2665 1793 ὡς
2691 1731 3031 1803 ἀγαθοειδὴς,
3054 1732 3258 1801 ταύτης
3281 1732 3383 1803 τῆς
3408 1733 3704 1803 θεολογίας

408 1817 589 1870 vimus
617 1824 672 1870 et
700 1815 1089 1885 explicuimus,
1120 1817 1437 1887 ibidemque
1470 1821 1534 1872 de
1559 1819 1626 1873 iis
1646 1821 1779 1874 satis
1802 1834 1882 1890 sul

2245 1824 2359 1895 μετ’
2402 1824 2571 1894 αὐτὴν
2601 1822 2918 1893 μεταδίδωσι
2941 1839 2955 1851 ·
2989 1822 3149 1876 τοῦτο
3179 1823 3286 1895 γάρ
3311 1825 3431 1877 ἐστι
3457 1827 3526 1879 τὸ
3558 1827 3701 1895 ἀγα-

404 1923 515 1978 que
564 1923 665 1976 pro
702 1907 920 1961 modulo
968 1916 1156 1961 nostro
1188 1908 1389 1961 dietum
1420 1919 1503 1963 est
1534 1924 1549 1962 :
1582 1925 1613 1964 e
1644 1910 1842 1979 quibus
1873 1931 1878 1963 ε

2229 1919 2315 1981 ἰὲς,
2340 1916 2400 1969 τὸ
2425 1917 2714 1978 κοινωνοὺς
2738 1914 3005 1967 ποιεῖσθαι
3038 1916 3132 1968 καὶ
3155 1916 3408 1987 εταίρους
3433 1917 3536 1970 τοῦ
3566 1919 3703 1973 ἰδίου

404 1999 660 2054 monibus
713 1998 947 2052 sumciat
1003 1999 1056 2053 in
1121 2000 1543 2068 praasentiarum
1604 2002 1707 2057 hoc
1757 2002 1871 2056 dixi

2230 2009 2280 2063 ὖ.
2319 2008 2667 2063 Μεταδέδωκε
2712 2007 2842 2075 γοῦν
2887 2009 3063 2060 έκεῖνο
3099 2007 3479 2079 ὑφηγουμένη,
3506 2010 3592 2072 ὡς
3639 2011 3704 2064 ἂν

402 2098 550 2163 quod
586 2098 760 2166 prima
802 2098 1116 2153 distributio
1143 2097 1387 2151 divinum
1417 2099 1517 2152 hoc
1545 2097 1769 2153 laudum
1803 2114 1867 2153 ea

2229 2132 2251 2167 ι,
2290 2103 2409 2156 κατ’
2433 2101 2698 2171 ἐπιτομὴν
2737 2101 2829 2153 καὶ
2875 2100 3181 2170 συντόμως·
3217 2100 3302 2153 ὅτι
3329 2100 3566 2165 πάντως
3616 2102 3703 2155 85-

402 2206 549 2255 ctnn,
570 2191 751 2259 quoad
781 2190 861 2244 fas
889 2200 1029 2255 erat,
1049 2206 1149 2259 per
1182 2190 1600 2243 illustrationem
1626 2205 1654 2241 a
1675 2191 1855 2244 divina

2227 2212 2247 2247 ν
2296 2194 2391 2246 καὶ
2438 2194 2648 2246 δίκαιόν
2694 2193 2830 2255 ἐστι,
2857 2190 3009 2262 παρὰ
3044 2191 3230 2253 πασῶν
3266 2191 3378 2243 τῶν
3425 2191 3701 2263 θεοδόχων

402 2283 579 2335 nitate
606 2284 902 2350 acceperit,
924 2284 991 2337 ab
1016 2298 1102 2348 ea,
1126 2282 1370 2350 inquam,
1396 2282 1663 2349 theologia
1689 2298 1780 2336 seu
1808 2284 1876 2336 (iii

2228 2303 2388 2356 μεων,
2419 2286 2515 2337 καὶ
2554 2282 2937 2353 γινώσκεσθαι,
2974 2285 3069 2337 καὶ
3094 2284 3401 2354 ὑμνεῖσθαι,
3434 2286 3587 2358 πλὴν
3625 2288 3702 2350 ('9;

402 2373 671 2435 banitatc,
706 2388 826 2441 quae
869 2373 1031 2425 etiam
1069 2372 1390 2427 boniformis
1423 2372 1734 2425 hierarchia
1766 2380 1820 2424 et
1850 2388 1876 2424 ο

2223 2376 2327 2437 τὸν,
2357 2375 2527 2445 αὐτὴν
2561 2374 2625 2443 δὴ
2664 2374 2764 2444 τὴν
2805 2373 3105 2445 σεθασμίαν
3150 2375 3243 2428 καὶ
3287 2374 3697 2447 ὑπερεύφημον

401 2464 652 2518 exsistit.
680 2466 889 2518 Dicitur
916 2464 1061 2517 enim
1097 2464 1411 2517 hierarchia
1448 2480 1552 2517 non
1589 2473 1794 2517 tantum
1843 2464 1875 2533 ἰι

2224 2468 2567 2537 πανεύφημσν
2607 2466 2863 2537 Θεότητα,
2896 2463 2971 2529 ὡς
3015 2466 3080 2520 ἂν
3122 2468 3179 2518 ὲν
3225 2468 3323 2537 μιᾷ
3356 2468 3585 2539 κινήσει
3610 2467 3698 2521 διὰ

402 2569 517 2615 met
561 2575 751 2614 eorum
814 2559 1052 2624 habitus,
1088 2568 1141 2614 et
1192 2559 1445 2624 scientia,
1486 2569 1539 2613 et
1592 2561 1862 2629 operatio,

2223 2576 2303 2613 ’ων
2336 2560 2653 2631 δοξάζηται·
2682 2554 2827 2613 οὗτοι
2862 2560 2969 2630 γάρ
3003 2560 3159 2624 εἰσιν,
3188 2560 3265 2622 ὡς
3293 2560 3417 2630 Θεῷ
3446 2562 3697 2632 πρέπον-

402 2650 570 2707 etiam
604 2651 837 2720 ipsamet
865 2650 1180 2706 distributio
1214 2665 1229 2703 :
1266 2650 1408 2704 sicut
1432 2650 1801 2705 sacerdotium
1834 2650 1876 2718 ip

2220 2656 2255 2707 ii
2276 2653 2405 2706 θεῖοι
2427 2654 2579 2706 τόποι
2597 2653 2697 2723 τῆς
2717 2651 2880 2705 αὐτοῦ
2906 2651 3528 2716 καταπαύσεωςμαθὼς
3549 2656 3610 2706 ἐν
3628 2655 3694 2725 τῇ

396 2753 514 2801 met
552 2744 815 2814 dignitas,
848 2753 904 2798 et
941 2745 1033 2813 qui
1064 2758 1185 2797 eam
1216 2746 1580 2815 participant;
1624 2745 1695 2799 ita
1724 2744 1870 2799 dicin

2239 2748 2427 2819 Γραφῇ
2445 2747 2680 2816 λέγεται·
2705 2745 2887 2801 Ποῖον
2916 2745 3083 2798 οἷκον
3105 2744 3550 2813 οίκοὸομήσετέ
3561 2764 3690 2816 μοι,

397 2838 773 2894 sacerdotium
810 2838 911 2891 hoc
943 2847 993 2892 et
1026 2836 1153 2892 illud
1179 2837 1504 2891 beneficium
1534 2838 1764 2906 accepit,
1790 2847 1844 2891 et

2217 2859 2243 2893 ιι
2300 2842 2536 2907 Κύριος’
2603 2837 2641 2906 ἢ
2677 2838 2769 2903 τίς
2836 2837 3018 2900 τόπος
3070 2835 3180 2903 τῆς
3242 2836 3691 2902 καταπαύσεώς

394 2942 453 2986 et
485 2931 613 2985 illud
648 2946 865 3001 passum
896 2940 1001 2986 est.
1028 2930 1216 2999 Itaque
1245 2931 1381 2982 ordo
1428 2928 1734 2983 istiusmodi
1766 2943 1830 2983 ac
1859 2946 1868 2979 ι

2215 2944 2230 2992 ;
2256 2926 2430 2980 Αὐτοῦ
2455 2926 2549 2979 τοῦ
2575 2926 2790 2997 ἔχοντος
2815 2924 3054 2995 δηλονότι
3074 2925 3172 2988 τὰς
3193 2926 3356 2993 ἁγίας
3375 2928 3483 2979 καὶ
3509 2943 3689 2997 μακα-

398 3024 650 3088 tributio,
731 3032 994 3091 tanquam
1044 3019 1392 3082 bouiformis,
1448 3021 1774 3090 theologiam
1832 3022 1864 3074 h

2237 3022 2425 3084 οὐσίας
2458 3020 2674 3082 τόπους,
2702 3019 2864 3072 οἱονεὶ
2886 3019 3165 3081 δεκτικοὺς
3188 3017 3287 3087 τῆς
3315 3017 3497 3071 αὐτοῦ
3537 3018 3682 3090 λαμ-

396 3118 754 3173 inl'erioribus
790 3115 1115 3170 transmittit
1146 3131 1159 3165 :
1185 3113 1455 3182 siquidem
1487 3114 1603 3167 [nec
1628 3122 1711 3167 est
1742 3114 1867 3168 boni

2212 3129 2389 3183 τητοςο
2430 3112 2506 3174 ὼς
2548 3111 2658 3182 γὰρ
2698 3113 2727 3164 ό
2772 3110 2935 3174 τόπος
2959 3109 3203 3173 δεκτικός
3238 3110 3355 3161 ἐστι
3399 3110 3686 3180 σώματος,

395 3208 579 3274 ntitas,
610 3209 717 3279 72
747 3212 806 3261 ut
839 3208 963 3275 quis
995 3206 1134 3261 alios
1166 3206 1291 3259 boni
1325 3206 1406 3258 sui
1438 3205 1735 3275 participes
1762 3206 1869 3260 eliit

2213 3223 2229 3255 ι
2265 3206 2357 3258 καὶ
2381 3200 2539 3258 αὗται
2572 3204 2672 3274 τῆς
2703 3203 2852 3265 θείας
2883 3201 3283 3273 λαμπρότητος.
3312 3200 3447 3264 Πῶς
3472 3201 3556 3266 δὲ,
3589 3202 3687 3270 τῆς

396 3302 803 3369 Transcripsit,
835 3300 1085 3369 inquam,
1132 3298 1262 3351 illud
1295 3297 1645 3366 explicando,
1679 3307 1736 3351 ut
1779 3298 1859 3354 sic

2212 3299 2308 3368 Ρῆς
2353 3297 2665 3368 ἁπανταχοῦ
2710 3295 2971 3368 λεγούσης
3013 3296 3397 3367 ἀπεριόριστον
3429 3296 3496 3348 τὸ
3532 3296 3686 3349 Θεῑον

398 3410 551 3458 cam,
582 3410 679 3463 per
731 3393 1011 3461 epitomen
1073 3400 1129 3445 et
1182 3392 1531 3456 summatim;
1567 3392 1708 3460 quod
1761 3407 1872 3447 omt

2213 3396 2284 3448 τόο
2319 3396 2370 3447 Ὀ
2391 3393 2890 3462 σὺρανὸςξθρόνος
2919 3392 3127 3455 αὑτοῦ,
3160 3392 3200 3459 ἠ
3230 3390 3297 3443 δὲ
3325 3390 3407 3459 γῆ
3446 3393 3687 3446 ὑποπόο

398 3502 617 3556 :equum
657 3497 711 3539 et
752 3485 961 3553 justum
997 3484 1089 3547 sit,
1121 3487 1190 3539 ab
1238 3485 1492 3540 omnibus
1544 3486 1636 3540 Dei
1687 3488 1872 3555 capaci

2210 3503 2248 3559 ιο
2277 3487 2371 3539 καὶ
2397 3486 2848 3575 πάλινπΕσξησε
2868 3484 2974 3550 τὰς
2998 3482 3194 3549 νάπας
3219 3482 3392 3552 ζυγῷ,
3432 3485 3541 3537 καὶ
3572 3484 3684 3551 τὴν

396 3578 700 3633 virtutibus
753 3592 873 3631 cum
928 3577 1080 3641 sciri,
1128 3586 1239 3631 tum
1289 3578 1592 3641 decantari,
1624 3579 1806 3649 quoad
1863 3584 1870 3632 l

2226 3576 2419 3645 δρακί·
2452 3577 2546 3630 xui.
2584 3572 2758 3638 αὖθις,
2785 3574 2920 3628 Ἐὰν
2947 3573 3211 3642 πορευθῶ
3238 3575 3324 3639 εὶς
3356 3576 3476 3626 τὸν
3505 3579 3684 3645 οὐρο-

396 3678 598 3740 potest,
628 3669 802 3738 ipsam
850 3667 1243 3731 venerandam,
1277 3678 1331 3722 et
1364 3683 1526 3737 supra
1557 3684 1720 3738 quam
1750 3671 1870 3724 laud

2206 3668 2424 3738 ,πάρει’
2448 3669 2558 3722 ἐὰν
2581 3666 2813 3721 καταϐῶ
2842 3668 2928 3732 εἰς
2960 3667 3065 3720 τόν
3095 3666 3268 3734 ᾅδην,
3302 3666 3440 3720 ἐκεῖ
3469 3669 3509 3736 ὴ
3551 3670 3680 3736 χείρ

395 3762 547 3823 dam,
581 3760 837 3827 omnique
864 3757 1025 3812 laude
1054 3758 1277 3828 dignam
1314 3759 1608 3824 Dcitatetn,
1636 3770 1695 3815 ut
1726 3777 1834 3816 uno
1864 3779 1869 3816 |

2209 3771 2239 3826 ί,
2262 3767 2413 3815 ποῖον
2437 3761 2600 3814 τόπον
2635 3763 2663 3814 ό
2692 3759 2945 3830 Ἰεζεκιὴλ
2968 3760 3227 3830 ἐπενόησε
3254 3758 3333 3829 τῷ
3360 3760 3527 3831 Θεῷς
3554 3762 3683 3815 Θεο-

399 3864 457 3906 tn
500 3868 596 3922 per
624 3852 809 3906 omnia
840 3850 1181 3921 gloriﬁcetur
1212 3868 1225 3903 :
1263 3853 1534 3920 siquidem
1567 3854 1621 3908 hi
1652 3864 1780 3908 sunt
1808 3855 1873 3908 di‘

2207 3852 2308 3914 τῶς
2333 3854 2533 3903 νοεῖται
2562 3847 2720 3902 τοῦτο
2742 3866 2755 3879 °
2786 3848 2934 3916 λέγει
2960 3848 3068 3919 γὰρ
3091 3850 3185 3902 καὶ
3209 3848 3268 3901 ὲν
3303 3848 3681 3918 Εὐαγγελίοις

397 3945 503 3998 loci
537 3946 645 3999 Deo
683 3944 1097 4007 convenientes,
1138 3943 1191 3996 in
1220 3944 1416 4012 quibus
1452 3945 1766 4013 requiescit,
1793 3959 1871 4014 qu

2210 3942 2369 4015 ριος,(
2387 3940 2526 4011 Ἐγὼ
2540 3942 2633 3995 καὶ
2652 3944 2680 3995 ό
2700 3940 2910 4013 Πατὴρ)
2934 3939 3323 4009 ἐλευσόμεθα,
3348 3941 3453 3993 καί
3471 3942 3682 4009 μονὴν

398 4038 690 4093 admodum
721 4037 774 4092 in
818 4053 973 4093 sacra
1022 4036 1307 4107 Scriptura
1337 4037 1579 4092 dicitur:
1615 4038 1839 4104 Qualem

2202 4036 2387 4102 ἀὐτῷ
2405 4036 2793 4103 ποιησόμεθα,
2819 4033 2958 4087 ὥστε
2975 4033 3069 4086 καὶ
3091 4034 3147 4085 αἱ
3169 4034 3353 4104 νοηταὶ
3379 4033 3676 4105 δυνάμεις,

395 4147 539 4183 mum
567 4131 904 4198 wdiﬁcabitis
930 4131 1104 4184 mihi?
1164 4131 1291 4183 dicit
1326 4130 1617 4196 Dominus;
1646 4132 1721 4186 vel
1752 4134 1867 4204 quis

2200 4130 2306 4182 τῶν
2340 4130 2510 4197 ἁγίων
2541 4128 2597 4180 αἱ
2635 4127 2822 4197 ψυχαὶ,
2850 4128 3013 4189 τόπος
3056 4126 3277 4189 εἰκότως
3307 4126 3576 4197 κληθεῖεν
3609 4131 3670 4181 ἂν

394 4241 488 4276 cus
518 4223 858 4292 requietionis
889 4239 1018 4277 mea:
1040 4223 1111 4274 P7
1145 4221 1222 4275 Ita
1257 4221 1511 4277 nimirum
1558 4234 1616 4277 ut
1658 4225 1769 4293 ipse
1800 4240 1867 4293 ρο

2201 4222 2503 4284 ἀνάπαυσις
2524 4218 2617 4273 τοῦ
2644 4218 2799 4273 Θεοῦ.
2819 4219 2948 4271 Ἀπὸ
2977 4218 3159 4272 κοινοῦ
3192 4220 3224 4289 ὴ
3252 4218 3537 4284 σύνταξις.
3559 4222 3672 4274 Κά-

397 4320 523 4371 deat
553 4325 779 4370 sanctas
803 4316 935 4370 istas
963 4316 1259 4382 beatasque
1286 4325 1513 4369 naturas
1537 4326 1793 4385 tanquam
1824 4317 1871 4371 lo

2199 4332 2220 4368 ο
2267 4315 2429 4368 πάλιν
2476 4313 2827 4384 ὑφηγουμένη
2882 4313 2914 4383 ὴ
2964 4312 3153 4383 πρώτη
3204 4312 3583 4383 διακόσμησις
3610 4316 3673 4383 τῇ

395 4423 629 4480 capaces
664 4407 979 4477 splendoris
1010 4408 1097 4463 sui
1131 4424 1145 4461 :
1173 4408 1313 4460 sicut
1344 4407 1487 4460 enim
1519 4408 1666 4461 locus
1696 4424 1867 4477 capax

2196 4416 2197 4421 ‘
2238 4406 2408 4477 αὐτὴν
2438 4404 2788 4473 ἀγαθοειδῶς,
2816 4404 2876 4456 τὸ
2913 4404 2993 4458 ὅτι
3036 4404 3202 4474 μονάς
3240 4405 3356 4456 ἐστι
3389 4406 3494 4458 καὶ
3542 4406 3670 4469 ὲνᾶς

394 4501 664 4571 corporis,
712 4500 792 4555 sic
832 4510 886 4553 et
935 4499 1064 4568 ipsae
1106 4498 1277 4553 divini
1324 4499 1652 4567 Splendor-is.
1689 4500 1861 4565 Quom

2224 4501 2506 4564 ›πόστατος
2546 4500 2578 4571 ἡ
2624 4499 2868 4571 μακαρία
2915 4500 3009 4552 καὶ
3049 4497 3291 4567 παναγία
3346 4498 3531 4568 Τριὰς
3580 4499 3676 4553 καὶ

395 4605 604 4659 autem,
638 4593 857 4647 dicente
888 4592 1173 4658 Scriptura
1200 4592 1401 4660 ubique
1445 4590 1611 4644 Deum
1643 4605 1763 4647 esse
1812 4593 1863 4647 in

2199 4593 2271 4657 ὶς,
2298 4592 2491 4645 διιείσα
2524 4592 2617 4645 καὶ
2645 4591 3025 4661 διαπέμπουσα
3048 4591 3147 4660 τὴν
3171 4590 3339 4660 αὐτῆς
3364 4589 3673 4659 ἀγαθωτά-

396 4686 791 4755 cumseriptum
821 4690 837 4755 (
865 4695 924 4738 ut
954 4700 1077 4739 cum
1111 4685 1207 4747 ait,
1247 4686 1447 4739 etelum
1478 4700 1598 4739 esse
1626 4686 1806 4740 sedem
1834 4687 1870 4755 ej

2222 4685 2475 4756 πρόνοιαν
2518 4685 2611 4736 ἀπ’
2636 4683 2813 4736 αὐτῶν
2843 4683 2951 4735 τῶν
2987 4681 3216 4753 πρώτων
3254 4682 3537 4753 οὐρανίων
3578 4686 3672 4739 οὐδ

395 4790 598 4833 terram
626 4788 810 4833 autem
840 4777 1219 4843 scabellunm;
1255 4787 1309 4831 et
1347 4777 1545 4830 iterum
1584 4797 1595 4831 :
1634 4776 1834 4832 Statuit
1865 4810 1869 4831 4

2200 4794 2207 4823 ν
2238 4778 2329 4830 ἐπὶ
2356 4776 2531 4830 πάντα
2554 4775 2623 4829 τὰ
2649 4774 2797 4837 ὄντα,
2832 4775 2991 4846 μέχρι
3009 4775 3104 4828 τοῦ
3132 4772 3489 4839 λεπτοτάτου,
3522 4774 3674 4829 κατὰ

395 4872 471 4924 les
510 4879 732 4934 statera,
762 4879 807 4923 et
851 4880 1043 4923 terram
1075 4885 1248 4941 pugno
1268 4879 1312 4937 r;
1363 4879 1418 4923 et
1457 4884 1668 4933 rursus,
1696 4870 1758 4924 Si
1789 4888 1869 4925 asc

2218 4867 2270 4920 Γὸ
2305 4866 2748 4935 ἀκατέργαστόν
2773 4882 2892 4935 μου
2921 4866 3084 4919 εἶδον
3110 4868 3163 4919 οἱ
3195 4866 3498 4934 ὀφθαλμοί
3527 4882 3669 4921 σοιν

396 4962 519 5015 dero
548 4964 602 5015 in
630 4962 837 5027 caelum,
882 4968 1043 5025 ades;
1074 4965 1118 5016 si
1159 4962 1473 5016 descendere
1504 4964 1559 5015 in
1590 4963 1870 5031 infernum,

2216 4960 2380 5029 πάσης
2419 4960 2607 5022 οὐσίας
2642 4958 2784 5029 ἀρχὴ
2811 4958 3159 5029 ὑπεράρχιος,
3182 4957 3275 5009 καὶ
3301 4956 3448 5028 ὑπὲρ
3479 4962 3677 5013 πᾶσαν

396 5055 482 5109 (ac
512 5070 699 5108 manus
727 5065 819 5107 tua
856 5056 1158 5123 '),qualem
1188 5054 1369 5109 locum
1400 5051 1648 5109 Ezechiel
1676 5054 1784 5108 Dco
1812 5069 1870 5109 ex

2214 5068 2250 5121 ιν
2276 5047 2407 5104 οὖσα
2432 5052 2597 5114 αἰτία,
2621 5052 2715 5105 καὶ
2736 5050 2950 5104 πάντων
2974 5050 3082 5103 τῶν
3108 5049 3276 5103 ὄντων
3300 5049 3681 5123 περιδεδραγα

396 5145 625 5217 εῑιιινὶιῖ
679 5146 788 5200 Dco
837 5146 998 5215 digne
1052 5148 1153 5200 hoc
1203 5147 1531 5215 intelligitur
1574 5163 1587 5199 :
1641 5146 1773 5201 dicit
1825 5163 1870 5201 et

2200 5161 2211 5213 ῃ
2240 5143 2592 5215 ὑπερουσὶως,
2621 5144 2677 5196 ὲν
2702 5143 2913 5212 ἁσχέτῳ
2945 5141 3434 5212 συνοχῇ.Ἀσχετον
3463 5140 3527 5196 δὲ
3558 5160 3674 5196 συν-

396 5238 559 5293 etiam
595 5238 646 5291 in
677 5236 985 5309 Evangeliis
1019 5237 1277 5293 Domina:
1306 5260 1320 5293 ς
1354 5238 1490 5308 (Ego
1512 5247 1565 5292 et
1591 5236 1770 5307 Pater)
1795 5254 1870 5292 rei

2238 5235 2381 5303 λέγει
2407 5234 2505 5304 τὴν
2534 5232 2876 5304 ὲξῃρημένην
2910 5233 3083 5303 πάντη
3123 5232 3218 5285 καὶ
3243 5233 3501 5302 ἀσυναφῆ
3531 5236 3684 5306 πρὸς·

386 5347 535 5393 «tua,
584 5338 631 5383 et
682 5332 1007 5384 mansionem
1061 5330 1201 5397 apud
1255 5346 1372 5383 eum
1416 5329 1671 5399 faciemus
1702 5332 1716 5365 ι
1752 5348 1764 5383 :
1794 5331 1860 5384 ita

2196 5331 2483 5401 υνεχόμενα
2508 5329 2901 5401 περικρατησιν
2919 5345 2933 5360 ο
2960 5331 3006 5381 εί
3033 5327 3140 5398 γὰρ
3162 5326 3256 5379 καὶ
3272 5325 3493 5379 πάντων
3511 5345 3670 5399 περι·

396 5424 563 5478 etiam
590 5420 832 5477 Virtutes
866 5422 1183 5493 spirituales
1209 5431 1373 5492 atque
1404 5424 1600 5479 anima:
1630 5432 1870 5479 sanctort

2204 5423 2427 5493 κγμένον
2469 5422 2584 5475 ἐστὶ
2621 5420 2681 5475 τὸ
2720 5420 2893 5489 Θεῖον,
2929 5421 3021 5474 καὶ
3065 5420 3241 5473 πάντα
3284 5420 3678 5489 περικρατοῦνι

468 5578 717 5634 IIEzech.
756 5593 839 5638 ιιι.
873 5580 960 5634 12.
1040 5588 1064 5615 ο
1112 5578 1214 5636 lsa.
1256 5594 1329 5646 v1,
1362 5579 1416 5635 3.
1495 5590 1524 5631 ιι
1551 5580 1671 5634 Act.
1724 5595 1821 5647 vn,
1854 5580 1877 5635 l

403 5650 422 5686 ί
452 5647 611 5704 Joan.
637 5663 752 5714 xw,
802 5649 893 5703 25.

2204 5624 2216 5640 .
2249 5597 2394 5647 tm,
2446 5581 2497 5635 l.
2576 5590 2597 5618 τ
2626 5580 2729 5636 lsa.
2765 5596 2854 5645 XL,
2891 5579 2980 5635 η.
3059 5587 3081 5616 ι
3109 5576 3251 5635 Psal.
3285 5591 3579 5645 cxxxvm,
3607 5578 3661 5634 8.

468 5770 486 5791 '
519 5762 888 5821 Desideratur.

3684 5322 3685 5345 l

3670 5428 3683 5459 ni

3678 5662 3679 5689 ἶ

3670 5708 3677 5757 ἶ

3676 5774 3677 5803 l

3674 5818 3675 5835 l

3672 6006 3673 6033 l

3670 6070 3671 6077 η
