3734 6306
1 329 114 383 237

873 313 961 370 DE
997 311 1324 373 C(ELESTI
1360 306 1819 372 HIERARCHIA,
1854 296 2011 361 CAP.
2045 301 2184 359 VIII.

3168 300 3278 360 238

1 443 156 500 κατὰ
194 440 295 511 τὴν
336 438 473 492 ίδίαν
501 432 858 505 ἀγαθωτάτην
888 430 1164 502 πρόνοιαν,
1194 426 1331 481 ἀλλὰ
1373 428 1467 479 καὶ

1803 419 1897 472 rito
1946 418 2098 472 locus
2137 430 2201 469 ac
2244 412 2508 482 requietio
2556 413 2649 468 Dei
2695 412 2995 481 nuncupari
3044 417 3277 483 possint.

1 536 291 611 ῃρημένον
303 534 419 586 ἐστὶ
445 530 662 584 πάντων
685 524 1175 599 ὑπερουσίωςκατὰ
1198 524 1296 594 τὴν
1321 522 1480 591 φύσιν
1505 522 1597 574 au-

1 628 129 691 τοῦ,
153 628 237 680 ὅτι
274 623 427 677 οὐδὲν
450 621 557 675 τῶν
591 619 761 672 ὄντων
794 617 961 678 ἐστὶν,
998 614 1135 669 ἀλλὰ
1170 614 1385 667 πάντων
1423 611 1602 666 αὐτῶν

2 717 364 789 ἁσυγκρίτως
393 713 669 767 ἐπέκεινα.
700 707 882 771 Μονὰς
899 708 954 761 δέ
983 708 1098 759 ἐστι
1122 706 1216 758 καὶ
1250 704 1375 767 ἐνὰς
1412 705 1445 774 η
1474 703 1602 771 ἁγία

5 813 109 864 καὶ
129 809 377 881 μακαρία
397 806 596 878 Τριάς·
636 802 803 876 μονὰς
839 802 957 872 μὲν,
989 799 1066 863 ὡς
1104 798 1251 867 ἁπλῆ
1270 795 1605 851 καὶάσύνθε-

3 921 127 966 τος,
146 901 275 965 ἐνὰς
306 901 383 963 δὲ,
400 898 585 969 ἐπειδὴ
612 897 707 951 καὶ
731 894 867 967 πρὸς
887 894 1084 963 ἑαυτὴν
1103 893 1305 963 ἥνωται
1335 890 1601 960 φυσικῶς,

9 995 113 1047 καὶ
139 994 256 1046 ἐνοῖ
278 991 485 1053 πάντας
502 989 628 1052 τοὺς
655 988 792 1057 αὐτῇ
814 984 1228 1055 πλησιάζοντας,
1251 982 1393 1036 κατὰ
1420 981 1481 1035 τὸ
1520 984 1600 1035 εί-

1711 510 1790 565 Ex
1830 523 1981 563 more
2003 506 2277 563 communi
2309 506 2589 576 desumpta
2622 506 2737 560 haec
2774 514 2859 559 est
2890 506 3113 561 locutio.
3138 506 3282 574 Quin

1708 612 1767 658 et
1797 601 1925 656 illud
1947 614 2162 670 quoque
2191 599 2366 668 prima
2405 597 2719 653 distributio
2746 601 2998 669 sequenti
3034 616 3093 656 se
3126 600 3285 655 boni-

1705 696 1958 750 formiter
1980 694 2319 761 manifestat,
2349 696 2494 764 quod
2542 694 2799 749 nimirum
2845 710 3037 749 monas
3077 697 3289 751 unitas-

1706 802 1812 859 que
1859 802 1980 857 quae
2021 786 2201 842 tribus
2229 787 2369 841 inest
2394 788 2673 855 Personis,
2699 788 2771 841 sit
2797 789 2956 842 beata
2987 788 3283 843 sanctissi-

1707 893 1904 948 maque
1933 876 2198 943 Trinitas,
2231 888 2288 933 et
2314 880 2517 943 unitas,
2545 894 2665 949 qua:
2688 879 2947 948 Optimam
2977 894 3131 933 suam
3161 895 3290 949 pro-

1709 970 2027 1034 videntiam,
2054 971 2123 1024 ab
2153 971 2287 1041 ipsis
2318 970 2510 1041 primis
2541 972 2750 1025 naturis
2774 970 3092 1027 cmlestibus
3117 971 3169 1025 in
3202 986 3291 1027 res

1710 1074 1902 1114 omnes
1932 1076 2109 1130 usque
2143 1062 2211 1115 ad
2243 1062 2525 1116 minimam
2564 1059 2816 1115 diﬂ‘untlit
2839 1076 2903 1115 ac
2933 1062 3290 1127 transmittit,

1710 1153 1865 1223 juxta
1893 1152 2027 1207 illud
2056 1170 2071 1207 :
2100 1153 2473 1223 Imperfectum
2510 1170 2681 1207 meum
2713 1155 2951 1208 viderunt
2977 1155 3116 1208 oculi
3139 1154 3286 1220 tui“,

1715 1253 1973 1313 tanquam
2008 1247 2187 1301 omnis
2225 1246 2540 1301 substantiae
2566 1245 2892 1317 principium
2922 1246 3293 1315 superprinci-

13 1338 189 1411 piale.
247 1342 304 1387 et
358 1348 525 1403 super
571 1347 736 1388 omne
772 1329 1104 1402 principium
1142 1329 1416 1385 cxsistens
1479 1346 1664 1397 causa,
1714 1344 1879 1405 atque
1932 1352 2021 1392 res
2050 1352 2245 1393 omnes
2301 1338 2840 1405 superessentialitcr
2878 1338 3165 1392 continens
3204 1337 3261 1392 in
3311 1353 3315 1361 '

18 1428 509 1500 comprehensibili
550 1429 857 1498 complexu.
916 1424 1529 1494 lncomprebensibiletn
1595 1438 1780 1486 autem
1846 1433 2192 1502 complexum
2270 1442 2475 1498 vocat,
2530 1434 2861 1488 eminentem
2910 1435 3131 1488 omnino
3162 1449 3299 1489 con-

23 1526 346 1592 tinentiam,
417 1535 474 1580 et
547 1539 669 1593 quae
728 1539 759 1577 a
822 1523 989 1578 rebus
1048 1524 1326 1578 contentis
1386 1523 1583 1595 attingi
1642 1537 1883 1597 nequeat
1944 1542 1960 1581 :
2028 1528 2303 1598 siquidem
2370 1527 2612 1582 divinum
2664 1528 2874 1583 Numen
2940 1544 3063 1583 cum
3111 1528 3295 1583 omnia

20 1620 378 1686 circumdet,
426 1631 481 1675 et
534 1621 740 1689 optima
800 1634 900 1673 sua
954 1618 1300 1689 providentia
1358 1621 1662 1687 contineat,
1710 1624 1934 1693 insuper
1993 1625 2061 1680 ab
2113 1624 2391 1688 omnibus,
2450 1624 2751 1679 secundum
2812 1634 3062 1677 naturam
3116 1637 3297 1677 suam.

21 1715 566 1783 superessentialiter
614 1722 927 1783 exemptum
984 1720 1099 1777 est;
1160 1712 1288 1783 quia
1348 1714 1484 1769 nihil
1543 1727 1631 1770 est
1677 1732 1866 1773 eorum
1932 1734 2051 1786 qua:
2104 1726 2259 1782 sunt,
2313 1718 2408 1773 sed
2462 1718 2717 1771 omnibus
2771 1718 2889 1772 istis
2941 1717 3298 1785 incompara-

22 1810 219 1865 biliter
275 1810 581 1865 sublimius.
637 1808 807 1864 Porro
849 1818 1037 1865 sancta
1089 1808 1363 1879 beataque
1414 1809 1655 1866 Trinitas
1684 1829 1873 1869 tnonas
1907 1815 2071 1869 etiam
2116 1825 2200 1870 est
2244 1825 2300 1869 et
2348 1815 2557 1869 unitas:
2590 1830 2780 1869 monas
2816 1814 3061 1884 quidem,
3109 1822 3296 1883 utpote

21 1902 271 1971 simplex
317 1901 422 1973 73
465 1913 519 1958 et
571 1903 965 1973 incomposita;
1025 1903 1209 1959 unitas
1258 1906 1748 1974 autem,quoniam
1773 1908 1938 1962 etiam
1988 1910 2054 1962 ad
2110 1908 2346 1976 seipsam
2416 1907 2744 1963 naturaliter
2789 1909 3017 1971 unitur,
3068 1908 3294 1975 unitque

22 2012 227 2053 omnes
273 1997 378 2052 sibi
432 1996 881 2068 propinquantes,
922 1998 1078 2067 juxta
1132 1996 1277 2068 quod
1329 1998 1537 2053 dictum
1586 2010 1672 2054 est
1734 2000 1786 2054 in
1838 2000 2149 2069 Evangeliis

24 2105 221 2142 ενιπευς
241 2098 291 2144 νο

12 1084 262 1157 ρημένον
296 1085 351 1136 ἐν
377 1086 488 1145 τοῖς
510 1080 894 1149 Εὑαγγελίοις·
926 1079 1058 1133 Ἵνα
1089 1078 1241 1131 ὦσιν
1284 1077 1373 1143 ἐν,
1409 1078 1603 1144 καθὼς

11 1177 121 1232 καὶ
154 1176 327 1246 ἡμεῖς
354 1176 425 1229 ἓν
453 1176 660 1245 ἐσμεν.

2204 2015 2220 2055 :
2284 1997 2352 2053 Ut
2407 2002 2515 2054 sint
2543 2017 2724 2064 unum,
2767 2000 2901 2053 sicut
2930 2006 2979 2051 et
3010 2014 3104 2051 nos
3133 2012 3298 2051 unum

393 2380 1035 2474 ΚΕΦΑΛΑΙΟΝ
1093 2381 1194 2472 H'
1211 2453 1229 2472 .
1658 2383 1700 2439 Β

1658 2383 1700 2439 ⁸
2167 2393 2549 2485 CAPUT
2619 2390 2900 2478 VIII.

26 2524 180 2591 Περὶ
228 2523 350 2578 τῶν
398 2524 781 2593 κυριοτήτων,
830 2524 930 2578 καὶ
980 2524 1098 2579 τῶν
1145 2523 1475 2594 δυνάμεων,

1834 2528 2300 2589 dominationibus,
2327 2526 2607 2578 uirtutibus
2662 2534 2709 2577 et
2756 2522 3128 2593 potestatibus,
3159 2530 3208 2577 et
3240 2520 3308 2576 (is

106 2594 231 2648 τῶν
266 2594 579 2659 ἐξουσιῶν,
614 2595 712 2650 καὶ
754 2595 890 2665 περὶ
935 2595 1046 2665 τῆς
1086 2594 1282 2666 μέσης
1313 2595 1510 2649 αὐτῶν
1540 2597 1580 2648 ιε

1404 2595 1510 2648 τῶν
1540 2597 1620 2648 ιε·
2154 2598 2323 2651 media
2347 2612 2529 2650 earum
2558 2594 2878 2648 hierarcliia.

102 2666 380 2734 ραρχίας.

1348 2779 1687 2837 SYNOPSIS
1726 2776 2018 2838 CAPITIS.

107 2888 402 2959 ngxpticat
420 2891 538 2959 quid
569 2888 841 2959 signiﬁcem
859 2888 1243 2959 dominationes.
1282 2892 1483 2959 uirtutes
1520 2906 1580 2959 ac
1604 2899 1888 2959 potestates;
1933 2898 1978 2959 et
2002 2889 2424 2959 quan-amuratione
2452 2887 2615 2959 media
2656 2887 2771 2959 ista.
2793 2885 3070 2959 hierarchia
3094 2886 3315 2945 iuitictur

35 2970 128 3007 seat
156 2949 443 3004 iuuaretur:
467 2954 528 3004 ll.
562 2949 796 3019 Eienipto
834 2953 1068 3015 declarat,
1090 2955 1330 3018 quomodo
1354 2949 1614 3007 illustratio
1642 2968 1674 3006 a
1705 2949 2035 3018 superibril'ua
2058 2950 2309 3018 spiritibus
2343 2951 2408 3001 ad
2447 2949 2701 3008 inferiores
2738 2949 3001 3001 derivetur.

1652 3085 1762 3161 gl.

110 3203 377 3259 Μετιτέον
399 3202 456 3256 δὲ
477 3199 571 3256 νῦν
604 3203 734 3274 ἡμῖν
764 3200 858 3255 ἐπὶ
888 3202 987 3275 τὴν
1021 3202 1192 3275 μέσην
1224 3204 1331 3259 τῶν
1362 3206 1584 3276 οὐρανία

1846 3203 1969 3260 lodo
2016 3204 2174 3259 nobis
2218 3203 2611 3258 transeundum
2653 3210 2737 3257 est
2776 3203 2843 3257 ad
2889 3203 3122 3258 mediam
3152 3206 3320 3263 caele-

40 3298 183 3352 νοῶν
215 3294 592 3367 διακόσμησιν,
625 3294 721 3358 τὰς
762 3293 1087 3365 κυριότητας
1134 3294 1349 3358 ὲκείνας
1394 3297 1514 3367 ὑπεε

1846 3312 1905 3350 ιω
1938 3297 2234 3368 spirituum
2267 3294 2707 3361 distinctionem,
2756 3296 3154 3351 dominationes
3186 3298 3320 3354 istas

44 3394 231 3465 σμίοις
283 3390 595 3459 ὀφθαλμοῖς,
628 3386 703 3451 ὡς
753 3387 991 3457 ἐφικτὸν,
1026 3390 1405 3455 ἐποπτεύουσι,
1441 3390 1518 3444 καὶ

1848 3388 2197 3443 ermundanis
2253 3387 2448 3453 oculis,
2496 3397 2659 3457 prout
2702 3403 3018 3457 possumus,
3073 3398 3322 3445 contem-

43 3489 221 3548 ὅντως
270 3481 471 3536 δυνατὰ
516 3481 764 3553 θεάματα
795 3482 902 3535 τῶν
936 3482 1092 3535 θείων
1126 3482 1385 3548 ἐξουσιῶν
1419 3484 1512 3537 καὶ

1849 3480 1966 3546 ndo,
1996 3496 2103 3535 una
2137 3496 2259 3534 cum
2290 3481 2607 3549 potentibus
2656 3495 2848 3535 revera
2881 3482 3212 3551 spectaculis
3238 3482 3323 3537 di-

45 3581 309 3649 νὰμεων·
344 3574 440 3629 καὶ
487 3572 596 3645 γὰρ
646 3573 850 3646 ἑκάστη
898 3573 1005 3626 τῶν
1054 3574 1194 3646 ὑπὲρ
1244 3575 1390 3646 ἡμᾶς
1436 3574 1635 3629 οὐσιῶν

47 3666 363 3739 ἐπωνυμία,
410 3665 508 3730 τὰς
558 3666 924 3737 θεομιμήτους
972 3666 1149 3721 αὐτῶν
1197 3667 1503 3737 ἐκφαίνει³⁸
1546 3668 1641 3721 τοῦ

49 3757 323 3821 θεοειδοῦς
360 3758 644 3829 ἰδιότητας.
682 3756 801 3810 Τῶν
838 3757 935 3827 μὲν
967 3752 1058 3810 οὖν
1091 3758 1259 3827 ἁγίων
1306 3758 1644 3830 κυριοτήτων

49 3856 147 3925 τὴν
187 3851 585 3923 ἐκφαντορικὴν
618 3851 913 3922 ὀνομασίαν
948 3844 1101 3921 οἶμαι
1133 3849 1324 3923 δηλοῦν
1346 3850 1644 3905 ἀδούλωτον

52 3963 173 3999 τινα
209 3944 307 3999 καὶ
336 3944 517 4015 πάσης
551 3941 848 4007 ὑποπεζίας
865 3943 909 3975 ³⁸
931 3943 1173 4011 ὑφέσεως
1196 3942 1486 4015 ἐλευθέραν
1512 3943 1646 3997 ἀνα-

54 4038 281 4109 γωγὴν,
324 4036 447 4089 οὐδὲ
482 4036 583 4106 μιᾷ
612 4034 720 4087 τῶν
751 4034 1087 4106 τυραννικῶν
1116 4034 1646 4105 ἀνομοιοτήτων,οὑ-·

55 4133 165 4186 δενὶ
202 4131 391 4203 τρόπῳ
424 4130 651 4183 καθόλου
685 4129 1142 4201 κατακλινομένην
1168 4128 1336 4201 αὐτὴν
1370 4126 1649 4199 ἐλευθερο-

58 4223 290 4296 πρεπῶς
322 4222 399 4286 ὡς
430 4222 743 4295 ἀμείλικτον
776 4223 1087 4294 κυριότητα,
1124 4221 1306 4292 πάσης
1353 4220 1651 4293 βιωτικῆς

60 4314 405 4377 δουλοποιίας
420 4314 465 4345 ³⁸
528 4314 949 4386 ὑπερκειμένην,
985 4313 1263 4368 ἀνένδοτον
1314 4313 1503 4384 ὑφέσει
1546 4313 1652 4367 πά-

65 4426 154 4481 οη,
191 4410 291 4461 καὶ
337 4407 681 4479 ἐξῃρημένην
724 4407 942 4478 ἁπάσης
973 4407 1371 4479 ἀνομοιότητος,
1404 4408 1506 4479 τῆς
1566 4407 1653 4460 δν·-

67 4520 172 4566 τως
208 4498 533 4573 κυριότητος
565 4498 658 4551 καὶ
690 4498 1013 4570 κυριαρχίας
1068 4497 1459 4570 ἀκαταλήκτως
1503 4500 1651 4567 ἐφιε-

75 4596 263 4667 μένην,
300 4592 397 4645 καὶ
442 4589 579 4663 πρὸς
625 4588 723 4661 τὴν
768 4589 938 4660 αὐτῆς
999 4591 1194 4661 κυρίαν
1228 4591 1543 4662 ἐμφέρειαν,
1577 4590 1653 4654 ὼς

72 4686 315 4755 ῲικτὺν,
351 4684 551 4754 ἑαυτήν
594 4700 654 4734 τε
695 4682 786 4735 καὶ
816 4682 886 4735 τὰ
920 4684 1035 4754 μετ’
1068 4683 1235 4754 αὐτὴν
1252 4686 1295 4716 ³⁷
1328 4683 1655 4751 ἀγαθοειδῶς

70 4779 502 4833 διαπλάττουσαν
535 4774 668 4847 πρὸς
689 4774 840 4827 οὐδὲν
856 4775 899 4807 ³⁸
910 4776 1018 4828 τῶν
1039 4775 1163 4845 είκῆ
1185 4776 1502 4837 δοκούντων,
1521 4774 1655 4828 ἀλλὰ

71 4874 204 4944 πρὸς
248 4872 314 4925 τὸ
360 4868 566 4941 κυρίως
612 4868 671 4921 ὃν
717 4866 911 4931 ὀλικῶς
935 4868 1411 4941 ἐπιτετραμμένην
1430 4868 1497 4931 ³⁸,
1562 4868 1657 4920 καὶ

1745 3573 1998 3627 vittarum
2064 3580 2399 3641 potestatum
2454 3581 2617 3639 atque
2667 3573 2935 3627 virtutum
2994 3590 3008 3628 :
3067 3574 3326 3643 quaelibet

1745 3663 1888 3718 enim
1910 3672 2227 3716 naturarum
2259 3660 2552 3731 appellatio
2583 3676 2970 3731 supernarum,
3006 3662 3325 3720 Divinitatis

1746 3753 2073 3809 imitatrices
2129 3752 2447 3808 earumdem
2494 3751 2789 3806 deiformes
2821 3752 3047 3807 denotat
3075 3753 3325 3822 praprie-

1750 3854 1911 3901 tates.
1945 3845 2152 3899 Nomen
2180 3846 2369 3913 itaque
2411 3844 2557 3913 quod
2610 3852 2838 3898 sanctas
2868 3844 3117 3914 designat
3149 3844 3329 3899 domi-

1748 3938 2018 4004 nationes,
2056 3936 2315 3991 existimo
2350 3934 2632 3989 declarare
2662 3934 2968 3989 absolutum
2998 3934 3233 4005 aiiquem
3271 3945 3329 3992 et

1749 4030 1817 4083 ab
1843 4028 1990 4084 omni
2021 4038 2237 4082 terrena
2256 4026 2491 4080 utilitate
2522 4025 2757 4080 liberum
2785 4029 2853 4081 ad
2884 4040 3119 4097 superna
3150 4037 3331 4083 trans-
3413 4069 3422 4077 .

1751 4118 1909 4182 itum,
1960 4116 2215 4186 nullaque
2273 4116 2492 4185 penitus
2542 4116 2829 4188 tyrannica
2886 4117 3332 4177 dissimilitudine

1752 4210 1860 4264 ullo
1894 4209 2056 4264 modo
2098 4207 2436 4273 inclinatam,
2470 4210 2564 4262 sed
2604 4208 2904 4264 liberaliter
2944 4224 3193 4265 severam
3234 4213 3334 4267 do-

1755 4302 2132 4365 minationem,
2176 4314 2297 4369 quae
2345 4300 2493 4353 omni
2538 4300 2753 4370 alijecta
2794 4302 3063 4355 servitute
3109 4301 3331 4371 celsior,

1752 4394 1898 4449 omni
1933 4392 2237 4462 dejectione
2271 4392 2545 4462 superior,
2575 4402 2630 4445 et
2678 4394 2746 4447 ab
2791 4392 2939 4446 omni
2987 4393 3333 4448 dissimilitu-

1755 4486 1883 4540 dine
1916 4494 2146 4552 remota,
2176 4484 2401 4553 verique
2432 4484 2771 4551 dominatus,
2819 4499 3032 4541 necnon
3078 4486 3334 4555 principii

1756 4578 2142 4635 dominationis
2187 4578 2387 4647 iugite‘r
2433 4578 2617 4640 avida,
2650 4591 2776 4631 cum
2808 4579 2926 4646 ipsa
2956 4591 3039 4644 se,
3073 4587 3187 4631 tum
3226 4577 3336 4632 sibi

1757 4671 1973 4729 subdita
1998 4671 2065 4724 ad
2093 4672 2383 4740 genuinam
2410 4669 2530 4739 ejus
2556 4668 2999 4735 similitudinem,
3028 4670 3206 4739 quoad
3233 4685 3334 4735 po—

1761 4776 1887 4830 test,
1923 4764 2177 4820 beneﬁce
2209 4762 2603 4828 transformat;
2636 4771 2690 4817 et
2722 4762 2785 4816 ad
2825 4763 2961 4817 nihil
2991 4777 3178 4817 eorum
3214 4777 3337 4831 quae

1761 4861 1999 4916 inaniter
2028 4869 2312 4929 apparent,
2344 4858 2437 4913 sed
2472 4858 2537 4912 ad
2560 4858 2611 4911 id
2640 4857 2782 4926 quod
2826 4872 2958 4912 vere
2985 4864 3070 4911 est
3095 4856 3338 4911 totaliter

75 4962 445 5035 κυριαρχικῆς
493 4960 581 5014 ἀεὶ
624 4958 910 5022 θεοειδείας
926 4957 971 4989 ⁸ο
1006 4959 1063 5011 ἐν
1100 4957 1389 5027 μετουσίᾳ,
1424 4956 1549 5010 κατέ

1874 4968 2054 5019 versa,
2081 4951 2380 5007 Dominicre
2412 4964 2627 5019 semper
2649 4948 3035 5004 deiformitatis
3062 4947 3338 5017 particeps

76 5056 297 5110 δυνατὸν
318 5055 482 5125 αὐτῇ,
504 5051 809 5123 γινομένην·
835 5050 934 5122 τὴν
951 5049 1008 5103 δὲ
1028 5050 1135 5102 τῶν
1157 5049 1325 5118 ἁγίων
1349 5049 1651 5120 δυνάμεων,

77 5144 396 5217 ἀρρενωπόν
428 5161 549 5196 τινα
594 5144 689 5196 καὶ
738 5140 1130 5195 ἁκατὰσειστον
1163 5138 1403 5209 ἀνδρίαν,
1436 5140 1516 5197 είς
1550 5137 1655 5189 πά-

80 5253 171 5301 σις
201 5239 303 5301 τὰς
338 5236 458 5290 κατ’
493 5235 669 5289 αὐτῶν
687 5235 728 5266 ⁸⁸
765 5232 1015 5295 θεοειδεῖς
1048 5231 1345 5303 ἐνεργείας,
1382 5231 1517 5301 πρὸς
1553 5248 1659 5301 μη-

148 5404 172 5430 “
202 5394 353 5449 Psal.
405 5408 669 5461 cum",
722 5395 806 5451 16.
882 5391 1087 5449 'Joan.
1135 5406 1269 5455 xvu,
1308 5389 1403 5445 22.

1761 5047 2001 5101 exsistit.
2022 5044 2350 5099 Sanctarum
2380 5050 2560 5095 autem
2594 5040 2884 5111 appellatio
2913 5041 3193 5102 virtutum,
3224 5038 3341 5094 l'or-

1768 5148 1874 5191 tem
1904 5137 2199 5206 quamdam
2247 5143 2301 5188 et
2326 5115 2709 5187 inconcussam
2739 5131 2960 5186 denotat
2988 5128 3337 5193 virilitatem,

1772 5232 1825 5284 in
1856 5244 2051 5284 omnes
2079 5228 2375 5282 deil'ormes
2415 5238 2603 5278 earum
2649 5224 2891 5277 actiones
2922 5220 3341 5282 redundantem,

1390 5553 1620 5609 VARUE
1654 5550 1950 5608 LECTlON
1957 5548 2061 5607 ES.

771 5721 928 5774 αίνει.

150 5726 193 5757 ⁸⁸
231 5727 333 5780 Ch.
388 5724 449 5778 D.
478 5722 535 5777 S.
569 5724 626 5779 P.
656 5725 766 5793 ὲμφ

94 5800 175 5848 καὶ
208 5797 347 5869 πρὸς
378 5795 556 5850 οὐδέν.

1025 5718 1069 5749 ³⁸
1107 5718 1205 5771 Cll.
1239 5712 1530 5787 περιπεζία
1542 5733 1579 5778 ;.

1658 5713 1700 5744 ³⁸
1728 5713 1828 5767 CII.
1860 5710 2309 5781 Baulonpsnsiag.

647 5775 787 5849 “.13.
817 5792 876 5848 P.
907 5792 965 5845 S.
997 5775 1471 5858 énzotpattp'équ.
1543 5775 1593 5816 ’⁸ο
1624 5785 1705 5863 ιι).
1746 5785 1803 5840 S.
1859 5782 1945 5860 l‘._
1963 5775 2355 5851 ἀγοίθοειδείας.
2438 5777 2481 5809 ⁸³
2527 5776 2628 5833 Clt.
2804 5775 2865 5831 ι’.
2906 5777 3026 5830 κατ’
3076 5775 3270 5848 αὑτήν.
3330 5806 3349 5835 _~

2388 5706 2430 5737 ³⁷
2475 5705 2576 5761 CII.
2623 5704 2684 5758 D.
2720 5702 2834 5776 μεθ’
2869 5704 3089 5776 ἑαυτήν.
3125 5775 3128 5776 ν
3169 5706 3212 5736 ³³
3238 5707 3341 5765 illi.
