3722 6312
455 282 577 341 ’959

1602 283 1660 342 S.
1696 283 1996 341 DIONYSII
2034 285 2499 347 AREOPAGITIE
3602 296 3670 355 ﬁt

467 417 537 455 ne
564 396 856 469 quidquam
903 396 1214 462 admittant,
1244 411 1353 466 quo
1390 397 1519 467 ipsis
1556 400 1733 455 iusitze
1774 401 1937 454 divini

2199 404 2336 473 ,μίαν
2382 405 2645 476 ὑποδοχὴν
2700 406 2807 460 τῶν
2840 408 3186 480 ἐνδιδομένων
3232 410 3367 482 αὐτῇ
3419 411 3669 485 θεαρχικῶ

468 491 866 544 illustrationes
896 487 1197 543 imminutae
1228 487 1519 556 deficiant;
1567 506 1685 559 quze
1725 492 1935 561 magnis
1962 496 2043 547 vi-

467 584 621 637 ribus
667 582 731 635 ad
778 580 871 635 Dei
921 580 1117 635 nititur
1152 581 1536 649 imitationem,
1563 600 1738 653 neque
1766 586 1932 639 motui
1964 586 2044 639 di-

467 677 598 729 vino
631 674 844 743 ignavia
878 689 977 729 sua
1004 674 1182 739 deest,
1227 673 1319 728 sed
1349 684 1665 729 constanter
1695 678 1760 730 ad
1794 692 2045 747 superes-

467 766 747 819 sentialem
806 778 872 819 ac
931 764 1299 835 potentiﬁcam
1334 768 1594 821 virtutem
1643 769 1882 833 intuens,
1942 785 2044 824 nec

458 873 572 911 non
601 858 889 924 ipsiusmet
917 856 1161 919 virtutis,
1194 867 1455 925 quantmn
1489 856 1571 910 fas
1605 868 1710 924 est,
1742 857 1933 912 effecta
1967 859 2043 913 si-

465 948 792 1009 mulacrum,
840 947 907 1000 ad
940 947 1185 1001 eamdem
1222 948 1440 1015 quidem
1475 963 1573 1002 ceu
1606 948 1863 1004 virtutem
1897 950 2044 1018 prin—

465 1040 723 1109 cipalem,
770 1039 948 1092 valide
994 1042 1354 1102 convertitur,
1382 1040 1446 1093 ad
1484 1038 1594 1111 74
1632 1055 1695 1094 ea
1748 1056 1877 1095 vero
1923 1056 2044 1110 quae

462 1132 772 1201 posteriora
805 1140 952 1195 sunt,
986 1132 1243 1184 virtutem
1279 1131 1345 1185 iis
1374 1131 1792 1200 suppeditando,
1834 1132 2039 1187 deifor-
2068 1148 2071 1149 '

465 1224 914 1279 miterdituanat.
956 1223 1127 1277 Porro
1177 1232 1491 1277 sanctarum
1555 1238 1750 1279 nomen
1802 1234 2042 1294 potesta-

466 1328 604 1380 tum,
630 1314 964 1385 comqualcm
994 1315 1197 1370 divinis
1227 1316 1695 1371 dominationibus
1725 1317 2043 1372 virtutibus-

464 1424 570 1477 que
619 1407 1061 1462 distributionem
1106 1409 1311 1478 signat,
1352 1418 1407 1463 et
1462 1408 1810 1464 inconfusum
1843 1410 2043 1464 divinis

465 1499 630 1555 rebus
671 1500 1013 1565 excipiendis
1062 1500 1340 1566 ordinem,
1383 1515 1482 1555 nec
1515 1517 1620 1554 non
1657 1500 2044 1556 intellectualis

466 1606 531 1644 ac
585 1589 1054 1659 supermundialis
1101 1590 1390 1660 potestatis
1435 1590 1870 1660 dispositionem,
1923 1604 2044 1658 qua:

465 1692 809 1747 nequaquam
848 1678 1127 1748 tyrannice
1158 1680 1210 1732 in
1241 1678 1397 1749 pejus
1426 1680 1679 1749 potentiae
1705 1696 1816 1735 suae
1838 1679 2045 1735 viribus

463 1770 745 1834 abutatur,
774 1772 869 1824 sed
896 1779 950 1825 et
980 1772 1214 1840 ipsumet
1242 1773 1426 1827 animo
1465 1772 1669 1826 invicto
1700 1782 1824 1841 apte
1855 1774 1920 1826 ad
1952 1772 2038 1826 di-
2072 1766 2112 1820 Β

463 1862 589 1915 vina
641 1862 933 1931 dirigatur,
980 1874 1144 1932 atque
1189 1877 1249 1918 se
1296 1864 1583 1932 sequentia
1645 1863 2039 1934 benignissime

461 1963 803 2021 promoveat,
843 1960 897 2009 et.
943 1955 1009 2008 ad
1059 1955 1387 2024 potentiiicze
1425 1955 1715 2022 potestatis
1763 1956 2040 2025 principa—

466 2055 601 2110 tum,
635 2054 898 2113 quantum
931 2044 1014 2101 fas
1042 2054 1146 2113 est,
1186 2046 1427 2114 accedat,
1459 2049 1841 2117 eumdemque,
1876 2056 2040 2116 prout

461 2138 646 2190 valent
694 2136 893 2205 angeli,
939 2138 1383 2207 prteclarissimis
1429 2137 1771 2208 potestativze
1821 2139 2040 2194 virtutis

462 2249 574 2287 suae
606 2233 983 2287 functiouibus
1029 2232 1287 2286 illustrct.
1323 2231 1691 2287 Deiformibus
1723 2232 1871 2287 hisce
1899 2232 2037 2288 freta

464 2326 924 2393 pr0prietatibus,
973 2325 1148 2378 media
1188 2325 1276 2377 illa
1313 2326 1618 2379 cmlestium
1654 2325 2036 2396 intelligentia-

464 2431 585 2468 rum
613 2416 900 2485 dispositio
937 2426 1218 2488 purgatur,
1259 2429 1313 2472 ct
1346 2418 1684 2472 illuminalur
1710 2429 1872 2487 atque
1912 2434 2037 2486 per-

463 2504 663 2570 ﬁcitur,
698 2522 763 2561 eo
794 2506 954 2561 modo
984 2524 1095 2578 quo
1124 2511 1328 2564 dictum
1357 2518 1462 2571 est,
1490 2509 1691 2562 divinis
1724 2508 2038 2561 illustratio-

462 2598 643 2661 nibus,
671 2612 767 2665 per
810 2598 1047 2667 primum
1080 2600 1328 2653 ordinem
1366 2598 1767 2653 liierarclticum
1795 2598 2035 2651 secundo

461 2690 561 2745 sibi
621 2691 740 2745 loco
784 2691 989 2755 inditis,
1016 2706 1222 2761 perque
1272 2693 1446 2760 ipsum
1496 2691 1753 2756 medium,
1798 2691 2031 2745 secunda

462 2780 904 2835 manifestatione
934 2782 1173 2836 dill'usis.

2144 495 2458 565 ἐλλάμψεων
2492 498 2737 568 ἀδρανῶς
2770 500 3178 565 ἐξασθενοῦσαν,
3213 502 3507 567 δυνατῶς⁸²
3538 507 3619 561 ἐπὶ
3644 529 3669 562 τ

2145 586 2473 657 θεομίμητον
2536 590 2900 661 ἀναγομένην,
2934 594 3035 646 οὐκ
3078 593 3476 650 ἀπολείπουσαν
3520 599 3666 671 ἐαυτῆ

2143 677 2399 749 ἀνανδρίᾳ
2433 679 2531 751 τὴν
2564 680 2774 751 θεοειδῆ
2809 682 3042 753 κίνησιν,
3070 684 3182 739 ἀλλ’
3216 686 3476 758 ἀρῤεπῶς
3506 689 3670 763 ἀφορῶ

2146 785 2244 821 σαν
2292 769 2373 832 εἰς
2420 770 2520 841 τὴν
2572 772 2896 844 ύπερούσιον
2946 773 3040 826 καὶ
3084 774 3441 845 δυναμοποιὸν
3472 778 3670 849 δύναμιν

2144 859 2238 912 καὶ
2268 859 2473 932 ταύτης
2503 864 2686 917 εἰκόνα
2717 866 3035 937 δυναμοειδῆ
3069 866 3210 920 κατὰ
3241 868 3300 921 τὸ
3332 870 3547 936 ἐφικτὸν
3575 890 3670 939 γινσ

2147 951 2334 1021 μένην,
2357 954 2451 1006 καὶ
2486 954 2622 1024 πρὸς
2656 953 2754 1025 μὲν
2787 956 2956 1028 αὐτὴν
2987 958 3062 1020 ὼς
3092 958 3453 1030 ἁρχιδύναμον
3484 960 3670 1015 δυνατῶ

2144 1044 2623 1117 ἐπεστραμμένην,
2683 1048 2820 1118 πρὸς
2850 1048 2908 1100 δέ
2939 1047 3007 1101 τὰ
3037 1048 3263 1121 δεύτερα
3294 1050 3670 1121 δυναμοδότως⁴

2146 1137 2237 1187 καὶ
2270 1134 2515 1200 θεοειδῶς
2545 1140 2808 1208 προϊοῦσα
2826 1140 2892 1171 ⁸⁸⁸
2918 1140 3016 1210 τὴν
3030 1141 3086 1193 δὲ
3109 1142 3217 1195 τῶν
3250 1142 3418 1211 ἁγίων
3443 1142 3670 1209 ἐξουσιῶν

2143 1228 2241 1299 τὴν
2285 1229 2529 1299 ὁμοταγῆ
2579 1232 2687 1284 τῶν
2735 1231 2892 1285 θείων
2930 1235 3264 1305 κυριοτήτων
3293 1237 3387 1289 καὶ⁸
3419 1236 3670 1308 δυνάμεων

2142 1321 2241 1391 τὴν
2284 1319 2553 1393 εὔκοσμον
2596 1324 2691 1376 καὶ
2736 1324 3088 1396 ἀσύμφυρτον
3120 1327 3249 1396 περὶ
3279 1326 3378 1390 τὰς
3412 1328 3557 1391 Θείας
3586 1331 3670 1382 ὑπο

2142 1410 2303 1482 δοχὰς
2334 1413 2604 1480 εὐταξίαν,
2642 1416 2734 1466 καὶ
2773 1414 2833 1467 τὸ
2865 1415 3191 1486 τεταγμένον
3222 1418 3321 1487 τῆς
3353 1418 3668 1488 ὑπερκοσμίο

2145 1504 2237 1555 καὶ
2270 1504 2459 1574 νοερᾶς
2491 1503 2880 1574 ἐξουσιότητος,
2913 1505 2974 1558 οὐ
3022 1506 3357 1577 τυραννικῶς
3390 1508 3484 1559 ἐπὶ
3513 1508 3576 1560 τὰ
3603 1510 3670 1578 xei

2146 1612 2225 1665 ρω
2270 1597 2391 1658 ταῖς
2441 1595 2872 1661 ὲξουσιαστικαῖς
2921 1597 3210 1668 δυνάμεσιν
3243 1600 3670 1671 ἁποκεχρημένης

2144 1688 2256 1741 ἀλλ’
2291 1690 2609 1762 ἀκρατήτως
2646 1694 2737 1745 ἐπὶ
2767 1691 2837 1745 τὰ
2869 1693 2986 1747 Θεῖα
3024 1697 3139 1764 μετ’
3171 1694 3424 1761 εὐταξίας
3456 1696 3670 1766 ἀναγομέ

2142 1798 2238 1853 νης
2278 1799 2357 1842 τε,
2394 1783 2487 1835 καὶ
2516 1784 2588 1836 τὰ
2622 1786 2738 1854 μετ’
2772 1786 2939 1858 αὐτὴν
2956 1785 2999 1817 ⁸³
3032 1784 3362 1853 ἁγαθοειδῶς
3394 1786 3670 1856 ἀναγούσης

2142 1871 2237 1923 καὶ
2270 1871 2406 1942 πρὸς
2436 1872 2535 1943 τὴν
2581 1872 2945 1937 ἐξουσιοποιδν
2989 1870 3363 1946 ἐξουσιαρχίαν
3396 1875 3471 1937 ὡς
3503 1874 3670 1944 θεμιτὸ

2142 1966 2598 2036 ἀφομοιουμένης,
2648 1968 2742 2021 καὶ
2787 1967 3011 2037 ταύτην,
3058 1967 3134 2030 ὡς
3180 1966 3420 2030 δυνατὸν,
3471 1967 3669 2035 ἁγγέλοι

2142 2058 2584 2130 ἀναλαμπούσης,
2620 2061 2676 2113 ἐν
2707 2063 2827 2124 ταῖς
2866 2060 2985 2114 κατ’
3017 2060 3187 2130 αὐτὴν
3219 2059 3505 2129 εὐκόσμοις
3534 2058 3670 2124 τάξει]

2139 2149 2240 2220 τῆς
2293 2149 2706 2222 ἐξουσιαστικῆς
2751 2152 3051 2222 δυνάμεως.
3099 2149 3312 2214 Ταύτας
3370 2150 3563 2220 ἔχουσα
3613 2148 3669 2201 τὰ

2142 2242 2391 2305 θεοειδεῖς
2428 2242 2692 2312 ἰδιότητας
2726 2244 2757 2313 ή
2796 2242 2935 2312 μέση
2976 2241 3084 2294 τῶν
3127 2240 3391 2312 οὐρανίων
3439 2240 3568 2293 νοῶν
3598 2240 3670 2291 δια

2140 2332 2425 2402 κόσμησις,
2464 2332 2778 2403 καθαίρεται
2831 2332 2927 2403 μὲν
2976 2334 3070 2385 καὶ
3119 2330 3409 2401 φωτίζεται
3442 2334 3535 2384 καὶ
3564 2332 3666 2384 τεὶε

2141 2426 2472 2493 σιουργεῖται
2519 2423 2640 2477 καθ’
2673 2424 2732 2477 ὃν
2775 2424 2991 2495 εἴρηται
3030 2424 3247 2495 τρόπον,
3284 2423 3387 2475 ύπὸ
3418 2424 3525 2475 τῶν
3558 2423 3670 2499 θεαρ

2138 2515 2307 2584 χικῶν
2354 2516 2688 2586 ἐλλάμψεων,
2740 2516 3087 2587 ἐνδεδομένων
3136 2517 3272 2587 αὐτῇ
3319 2516 3579 2587 δευτέρως
3621 2517 3669 2567 ευ

2136 2607 2237 2677 τῆς
2282 2607 2502 2679 πρώτης
2552 2608 2868 2679 ἱεραρχικῆς
2914 2608 3341 2678 διακοσμήσεως,
3377 2609 3473 2660 καὶ
3502 2607 3584 2660 διὰ
3615 2607 3669 2675 μέ

2143 2716 2241 2771 σης
2273 2702 2486 2771 ἐκείνης
2517 2700 2917 2772 δευτεροφανῶς
2947 2699 3515 2770 διαπορθμευομένων.

2014 2941 2040 3013 5
2094 2937 2171 2999 ll.

536 3121 743 3174 Dictam
808 3122 989 3191 itaque
1048 3119 1319 3187 notitiam,
1391 3135 1513 3190 qua:
1562 3122 1630 3175 ab
1681 3136 1788 3177 uno
1841 3120 2103 3191 angeloc

460 3218 513 3270 in
553 3215 780 3269 alterum
811 3215 1111 3282 derivatur,
1147 3217 1405 3268 indicium
1437 3214 1701 3269 faciamus
1749 3216 2034 3285 perfectio-

458 3306 546 3360 uis
576 3306 696 3372 ejus
724 3321 846 3374 quas
873 3308 1090 3360 eminus
1140 3317 1457 3376 procurata,
1485 3318 1784 3377 progressu
1818 3323 1879 3361 ac
1910 3322 2035 3375 pro-

458 3399 672 3452 fusione
716 3398 1056 3452 subobscure
1106 3400 1174 3451 ad
1226 3399 1512 3451 inferiores
1544 3399 1809 3466 pervenit.
1837 3398 2034 3465 Queru-

457 3490 748 3543 admodum
785 3490 929 3542 enim
973 3503 1256 3542 sacrorum
1301 3498 1610 3543 nostrorum
1651 3490 2030 3558 mysteriorum

456 3584 637 3652 periti,
678 3581 874 3651 seipsis
926 3592 1253 3650 apparentes
1298 3582 1610 3636 divinorum
1642 3581 1906 3636 luminum
1938 3598 2033 3635 ex-

455 3673 722 3744 pletiones
749 3682 1009 3741 prastare
1040 3684 1266 3729 censent
1296 3674 1364 3728 iis
1387 3714 1401 3740 ,
1426 3690 1655 3744 quarum
1699 3674 1864 3743 aliqui
1901 3675 2033 3730 alio-

455 3781 575 3820 rum
626 3766 915 3838 interiectu
950 3769 1246 3837 participes
1284 3771 1561 3823 exsistunt
1593 3786 1606 3822 :
1638 3769 1889 3823 similiter
1917 3769 2031 3823 exi-

454 3860 638 3927 stimo,
677 3863 1047 3930 angelicorum
1098 3864 1494 3932 ordiuum,qui
1543 3864 1700 3932 primi
1755 3864 1806 3917 in
1861 3864 2029 3918 Deum

454 3953 846 4017 extenduntur,
881 3954 1255 4009 immediatam
1300 3956 1721 4010 illustratiouem
1751 3956 2029 4026 perspica-

453 4049 654 4100 ciorem
691 4062 813 4101 esse
845 4049 1260 4117 participatione
1290 4050 1505 4104 illorum
1534 4049 1628 4118 qui
1669 4065 1764 4118 per
1794 4050 2029 4103 medium

454 4137 831 4203 perﬁciuntur.
864 4138 1014 4192 llanc
1041 4140 1110 4193 ob
1141 4155 1364 4193 causam
1412 4156 1625 4209 quoque
1653 4140 1841 4210 prima;
1872 4139 2032 4193 intel-

454 4229 692 4297 ligentite
722 4229 773 4281 iu
805 4231 1127 4284 sacerdotali
1158 4243 1343 4285 nostra
1378 4233 1692 4294 traditione,
1723 4232 2028 4299 perlectivte

452 4334 517 4372 ac
546 4319 795 4383 lucilicw,
827 4321 1251 4391 expiatoriteque
1288 4322 1513 4377 virtutes
1556 4323 1907 4377 nominantur
1936 4337 2030 4376 ea-

452 4425 570 4463 rqu
590 4426 709 4481 quae
728 4410 997 4467 interioris
1020 4414 1231 4468 ordinis
1250 4416 1547 4479 exsistunt;
1574 4414 1771 4483 quippe
1786 4428 1905 4482 quae
1933 4426 2029 4481 per

2223 3121 2435 3191 Ἀμέλει
2509 3122 2609 3194 τὴν
2681 3121 2750 3176 δι’
2816 3120 2977 3176 ἄλλου
3042 3119 3338 3189 λεγομένην
3394 3122 3579 3190 φοιτᾷν
3622 3120 3670 3170 ει.

2137 3215 2293 3269 ἄλλον
2336 3214 2564 3283 ἄγγελον
2601 3210 2804 3286 ἀκοὴν,
2852 3213 3115 3284 σύμϐολον
3162 3212 3571 3283 υιτοιιςσιέψεθαδϐ
3610 3214 3669 3281 ti,

2136 3307 2418 3378 πόρρωθεν
2451 3305 2891 3375 ἐπιτελουμένης,
2941 3306 3034 3358 καὶ
3074 3303 3161 3356 διὰ
3192 3305 3290 3374 τὴν
3324 3304 3544 3375 πρόοδον
3572 3305 3670 3373 ἀμυ

2134 3399 2440 3470 δρουμένης
2473 3401 2552 3462 εἰς
2582 3400 2905 3470 δευτέρωσιν
2936 3397 3283 3461 τελειώσεως,
3304 3399 3388 3461 Ὠς
3410 3398 3521 3466 γὰρ
3544 3400 3587 3450 οἱ
3611 3399 3670 3450 εει

2136 3493 2218 3545 vol
2252 3493 2378 3561 περὶ
2410 3490 2509 3555 τὰς
2544 3491 2693 3563 ἱερὰς
2725 3492 2880 3563 ἡμῶν
2911 3491 3131 3554 τελετάς
3162 3507 3312 3559 φασι,
3346 3490 3448 3553 τὰς
3486 3491 3669 3557 aetatm

2134 3587 2246 3647 νεῖς
2284 3583 2394 3637 τῶν
2437 3583 2594 3638 θείων
2639 3583 3075 3654 ὰποπληρώσεις,
3110 3582 3218 3636 τῶν
3250 3583 3317 3635 δι’
3350 3583 3551 3655 ἐτέρων
3595 3582 3670 3634 θεο

2135 3678 2344 3731 πτικῶν
2398 3675 2666 3748 μεθέξεων
2708 3672 2846 3731 εἶναι
2889 3673 3227 3742 τελειοτέρας
3245 3674 3321 3705 ‘7'
3357 3674 3532 3739 οὕτως
3559 3671 3669 3743 οἶμαι

2133 3772 2226 3823 καὶ
2269 3770 2378 3823 τῶν
2426 3766 2732 3836 ἀγγελικῶν
2777 3766 2982 3831 τάξεων
3028 3766 3127 3838 τὴν
3173 3766 3374 3837 ἆμεσον
3429 3766 3670 3837 μετουσίαν

2133 3863 2240 3915 τῶν
2274 3859 2506 3931 πρώτως
2538 3860 2630 3911 ἐπὶ
2662 3858 2793 3911 Θεὸν
2838 3858 3281 3927 ἁνατεινομένων,
3317 3857 3670 3929 ἐναργεστέραν

2133 3952 2270 4008 εἶναι
2318 3953 2425 4005 τῶν
2476 3950 2564 4004 διὰ
2613 3950 2904 4021 μεσότητος
2959 3949 3426 4019 ἀποτελουμένων.
3479 3949 3564 4002 Διὸ
3614 3966 3670 4000 κα

2132 4047 2270 4116 πρὸς
2316 4045 2416 4115 τῆς
2463 4042 2618 4114 ἡμῶν
2667 4041 2996 4113 ἱερατικῆςδθ
3029 4042 3376 4111 παραδόσεως
3406 4041 3669 4094 τελεστικα

2131 4143 2225 4195 καὶ⁵
2258 4139 2558 4210 φωτουργοὶ
2612 4137 2707 4190 καὶ
2748 4135 3072 4206 καθαρτικαί
3115 4134 3389 4205 δυνάμεις,
3427 4136 3476 4188 οί
3510 4133 3670 4205 πρῶτο

2131 4234 2248 4295 νόες
2279 4228 2633 4301 ὀνομάζονται
2665 4227 2771 4281 τῶν
2805 4226 3129 4297 ὑφειμένων,
3163 4226 3237 4289 ὡς
3269 4228 3335 4279 δι’
3370 4226 3593 4280 αύτῶνδ9
3613 4226 3669 4274 ἐπ

2130 4322 2225 4392 τὴν
2262 4322 2477 4375 πάντων
2512 4320 2835 4390 ύπερούσιον
2866 4316 3039 4389 ἀρχὴν
3072 4319 3445 4388 ἀναγομένων,
3482 4319 3571 4373 καὶ
3598 4316 3670 4369 τῶν

2128 4412 2527 4483 τελεταρχικῶν
2575 4411 2914 4482 καθάρσεων,
2967 4410 3059 4462 καὶ
3125 4410 3438 4480 φωτισμῶν,
3488 4410 3577 4463 καὶ
3618 4424 3669 4459 τες

450 4500 571 4557 illas
601 4506 667 4557 ad
697 4506 1160 4575 superesseutiale
1188 4509 1431 4562 omnium
1467 4507 1790 4577 principium
1822 4505 1920 4559 sub

2199 4500 2392 4553 :tbaawv
2438 4502 2494 4553 ἐν
2547 4501 2805 4572 μετουσίᾳ
2836 4499 2978 4553 κατὰ
3008 4499 3069 4551 τὸ
3102 4501 3283 4562 αὐτοῖς
3318 4500 3537 4572 Θεμιτὸν
3566 4514 3669 4568 γινο

449 4595 675 4662 bantur,
707 4608 872 4668 atque
920 4600 1279 4668 mysticarum
1312 4598 1712 4666 expiationum,
1738 4607 1794 4650 ct
1827 4597 2028 4653 illumi-

447 4689 752 4749 nationum,
782 4687 1311 4759 perfectiouumque,
1345 4689 1521 4757 quoad
1556 4689 1621 4739 iis
1652 4687 1732 4739 fas
1763 4698 1864 4752 est,
1903 4701 2029 4754 par-

451 4781 642 4849 ticipes
668 4780 987 4835 reddantur.
1022 4780 1131 4835 Hoc
1164 4783 1309 4835 enim
1353 4779 1651 4833 universim
1679 4780 1860 4831 divina
1882 4779 2030 4832 ordi-

445 4873 669 4927 natione
719 4872 985 4928 diviuitus
1041 4882 1330 4938 statutum,
1362 4882 1420 4926 ut
1453 4888 1573 4938 qua:
1601 4873 1837 4925 secunda
1875 4879 2027 4935 sunt,

445 4976 543 5030 per
567 4966 741 5033 prima
772 4966 986 5018 divinas
1013 4965 1345 5033 participem
1389 4963 1840 5016 illuminatioues.
1873 4958 2027 5024 Quod

446 5058 636 5124 utique
667 5055 949 5110 tnultoties
993 5072 1022 5108 a
1068 5055 1338 5125 theologis
1368 5068 1691 5123 expressum
1738 5053 1977 5119 reperias
2009 5068 2024 5105 :

446 5160 595 5209 naut,
625 5161 747 5199 cum
807 5144 988 5199 divina
1046 5155 1383 5213 paterneque
1428 5141 1717 5197 clementia
1769 5142 2022 5210 populum

444 5235 823 5303 lsracliticum,
846 5239 1228 5295 conversionis
1253 5239 1369 5307 ejus
1389 5251 1451 5291 ac
1469 5236 1662 5292 salutis
1677 5250 1830 5304 ergo,
1849 5236 2023 5289 corri-

2134 4594 2330 4665 μένων.
2366 4592 2537 4644 Τοῦτο
2580 4592 2688 4664 γάρ
2736 4595 2851 4644 ἐστι
2896 4591 3127 4645 καθόλου
3156 4595 3222 4663 τῇ
3258 4591 3381 4664 θείᾳ
3425 4588 3670 4661 ταξιαρχὲ

2132 4684 2453 4756 θεοπρεπῶς
2484 4685 2991 4755 νενομοθετημένον,
3026 4685 3087 4737 τὸ
3117 4683 3207 4736 διὰ
3238 4684 3348 4737 τῶν
3383 4684 3605 4758 πρώτων
3634 4697 3670 4731 τι

2129 4777 2355 4848 δεύτερα
2387 4775 2495 4828 τῶν
2530 4776 2834 4847 θεαρχικῶν
2884 4777 3129 4847 μετέχειν
3164 4776 3503 4847 ἐλλάμψεων.
3540 4773 3666 4843 Εὑρή

2132 4886 2245 4931 σεις
2290 4868 2346 4921 δὲ
2390 4867 2550 4921 τοῦτο
2595 4870 2688 4921 καὶ
2734 4868 2999 4938 πολλαχοῦ
3031 4875 3143 4932 τοῖς
3174 4870 3446 4939 θεολόγοις
3476 4872 3669 4933 ἐκπεφα

2130 4961 2347 5030 σμένον.
2375 4960 2565 5013 Ἡνίκα
2609 4961 2716 5032 γὰρ
2764 4963 2798 5031 ή
2846 4961 2963 5013 θεία
2998 4963 3090 5015 καὶ
3121 4963 3363 5033 πατρικὴ
3410 4958 3669 5031 φιλανθρωε

2130 5054 2249 5118 πία,
2283 5054 2373 5108 τὸν
2421 5054 2634 5125 Ἰσραὴλ
2666 5054 3097 5124 ἐπιστρεπτικῶς
3131 5055 3271 5125 ὑπὲρ
3302 5055 3403 5125 τῆς
3440 5054 3583 5124 ἱερᾶς
3610 5048 3669 5101 αὐ

2126 5145 2220 5197 τοῦ
2258 5146 2530 5217 σωτηρίας
2564 5145 2922 5209 παιδεύσασα,
2943 5147 3037 5199 καὶ
3068 5150 3331 5217 τιμωροῖς
3364 5147 3460 5199 καὶ
3491 5140 3670 5197 ἀτιθάσθ

2132 5253 2246 5299 σοις
2278 5236 2484 5289 ἔθνεσιν
2516 5237 2595 5297 είς
2626 5235 2995 5307 ἐπανόρθωσιν
3030 5236 3377 5301 ἐκδεδωκυω,
3398 5240 3468 5310 τῇ
3488 5232 3670 5301 παντοίξ

1746 5439 1982 5495 νΑῐιιίΕ
2020 5439 2431 5495 LECTIONES.

517 5575 560 5608 δ’
595 5578 692 5652 (Ili.
722 5576 859 5652 ἀλλὰ
900 5577 1198 5652 δυνατῷςεω
1232 5574 1290 5652 δῖ
1332 5594 1426 5652 γρἶ
1469 5576 1865 5652 δυναμοποιῷς.
1941 5578 1985 5652 'f
2016 5581 2142 5652 Clt._
2173 5581 2487 5652 προϊοῦσαν.
2532 5579 2623 5634 Sc.
2655 5590 2708 5633 el
2758 5580 2883 5635 Sar.
2936 5580 3334 5652 assentiuntur.
3412 5554 3571 5652 “ID,
3604 5574 3670 5627 ul

440 5648 507 5700 τὰ
534 5645 673 5717 μετὰ
703 5646 925 5715 ταύτην.
1001 5647 1127 5701 “S.
1170 5647 1225 5701 Ρ.
1262 5648 1322 5701 D.
1370 5645 1845 5717 (Διιποιησόμεθα,
1904 5650 2066 5702 veluti
2116 5645 2230 5708 Sc.'
2265 5657 2427 5707 etiam
2486 5654 2897 5717 interpretatur.

1851 5720 1897 5751 *9
1921 5719 1993 5776 Μ.
2032 5736 2136 5775 non
2165 5722 2351 5778 habet.

443 5719 488 5748 "
520 5737 572 5770 ην
615 5718 800 5771 Elian.
836 5717 948 5769 alia
968 5717 1130 5773 lcetio
1158 5727 1397 5785 notatur,
1433 5718 1775 5790 ιεραρχικῆςσ

3004 5651 3046 5683 ⁵⁷
3080 5651 3180 5706 Cb.
3234 5652 3299 5710 υ.
3344 5650 3670 5721 τελεωτίεαςσ
