3734 6340
52 346 171 403 ΞΗ

682 349 771 403 DE
806 322 1130 408 C(ELESTI
1168 348 1631 407 lilEBABCiilA.
1666 346 1819 404 car.
1855 346 1990 403 vnt.
2026 375 2094 389 -
2127 346 2450 402 CORDERII
2500 346 2734 405 Nom.

3231 345 3345 399 ἳιὲ

38 464 176 517 τῶν
209 462 625 533 προνοουμένων
682 464 776 516 ἐπὶ
825 465 888 517 τὸ
935 466 1182 535 κρεῖττον
1226 465 1512 533 μεταγωγῇ

1862 470 1993 524 sset,
2020 460 2419 531 ultricibttsque
2448 476 2512 515 ac
2539 460 2849 517 crudelibus
2877 463 3192 521 nationibus
3214 482 3335 521 cor-

42 556 167 625 τῆς
232 554 615 623 αἰχμαλωσίας
647 556 798 624 ἠφίει
863 557 955 609 καλ⁸
1017 556 1153 627 πρὸς
1224 555 1324 623 τὴν
1390 553 1660 625 προτέραν

38 650 69 698 ἐ
84 645 336 706 πιεικῶς
359 646 701 715 ἐπανήγαγεν
713 647 758 677 ⁵⁸
781 648 1093 701 εὐπάθειαν.
1125 648 1255 716 Ὁρᾷ
1273 644 1379 696 τῶν
1400 644 1659 711 θεολόγων

41 731 169 798 εἷς,
229 740 259 790 ὁ
314 737 584 807 Ζαχαρίας
622 739 689 804 ⁸³,
746 738 843 793 ἕνα
894 738 1004 791 τῶν
1050 736 1315 808 πρώτων,
1364 738 1439 800 ὡς
1484 733 1656 807 οἶμαι,

39 830 157 883 καὶ
198 832 331 903 περὶ
363 831 495 885 Θεὸν
528 832 773 900 ἀγγέλων
817 831 1016 903 (κοινὸν
1061 830 1202 903 γὰρ,
1243 831 1319 894 ὡς
1356 831 1510 903 ἔφην,
1543 831 1659 883 ἐστὶ

40 927 201 977 πᾶσι
232 926 296 978 τὸ
324 926 425 995 τῆς
454 926 749 996 ἀγγελικῆς
772 925 1106 997 ἐπωνυμίας)
1141 927 1276 998 πρὸς
1305 925 1468 978 αὑτοῦ
1522 924 1657 981 Θεοῦ

43 1017 312 1086 μαθόντα
354 1020 483 1081 τοὺς
527 1019 652 1089 περὶ
678 1018 869 1072 τούτου
912 1023 1372 1094 παρακλητικοὺς,
1398 1024 1474 1087 ὡς
1507 1022 1657 1095 εἴρη-

35 1126 176 1171 ται,
202 1109 400 1178 λόγους
418 1127 429 1139 ο
459 1110 642 1181 ἕτερον
666 1110 723 1163 δὲ
748 1111 857 1165 τῶν
889 1113 1198 1185 ὑφειμένων
1229 1116 1494 1185 ἀγγέλων,
1522 1118 1655 1188 πρὸς

40 1202 375 1272 ὑπάντησιν
398 1202 443 1232 ⁸¹
468 1200 563 1254 τοῦ
603 1201 821 1273 πρώτου
864 1204 1356 1276 προπορευόμενον,
1398 1207 1474 1270 ὼς
1516 1208 1653 1278 πρὸς

37 1294 387 1362 ὲλλάμψεως
417 1294 682 1366 ὑποδοχὴν
714 1296 806 1348 καὶ
832 1295 1152 1368 μετάληψιν,
1178 1294 1294 1353 εἶτα
1325 1298 1463 1370 πρὸς
1486 1299 1652 1352 αὑτοῦ

36 1388 159 1456 τὴν
200 1386 353 1439 θείαν
391 1385 585 1457 βουλὴν
624 1388 701 1450 ὡς
734 1388 869 1457 πρὸς
910 1390 1162 1461 ίεράρχου
1197 1390 1518 1461 μυούμενον,
1558 1393 1651 1445 καὶ

35 1482 111 1533 τὸ
150 1480 363 1550 μυῆσαι
393 1482 482 1533 τὸν
514 1481 758 1549 θεολόγον
790 1484 1238 1555 ἐπι-τρεπόμενον,
1266 1487 1348 1539 ὃτι
1374 1486 1651 1557 κατακὰρ-

38 1590 180 1636 πως
228 1575 689 1646 κατοικηθήσεται
744 1577 1096 1649 Ἰερουσαλὴμ
1130 1580 1237 1632 ἀπὸ
1286 1581 1526 1653 πλήθους
1556 1582 1649 1633 ἀν-

40 1664 321 1737 θρώπων.
366 1669 593 1739 Ἕτερος
640 1668 695 1722 δὲ
738 1669 847 1723 τῶν
903 1671 1167 1741 θεολόγων
1224 1673 1503 1745 Ἱεζεκιὴλ,
1554 1675 1648 1728 καὶ

40 1758 197 1829 πρὸς
249 1760 424 1828 αὐτῆς
474 1778 603 1831 φησι
647 1760 804 1813 τοῦτο
848 1764 1120 1835 πανιέρως
1187 1765 1643 1838 νομοθετηθῆναι,

36 1850 154 1917 τῆς
171 1850 220 1881 ⁸³
252 1855 371 1913 τοῖς
407 1853 684 1924 Χερουϐὶμ
709 1854 1100 1922 ὲπιϐεϐηκυίας
1127 1857 1482 1929 ὑπερενδόξου
1515 1859 1643 1912 Θεό-

38 1958 247 2012 τητος’
274 1943 368 1995 τὸν
392 1943 499 2016 γὰρ
516 1945 748 2018 Ἰσραὴλ,
773 1945 849 2009 ὡς
871 1948 1102 2019 εἴρηται,
1133 1951 1371 2021 πατρικὴ
1397 1952 1443 1984 ⁸⁸
1458 1952 1641 2021 φιλαν-

38 2031 278 2102 θρωπία
309 2032 400 2086 διὰ
430 2034 671 2097 παιδείας
703 2036 794 2089 ἐπὶ
818 2037 878 2089 τὸ
916 2042 1161 2108 κρεῖττον
1189 2040 1523 2110 μετάγουσα,
1557 2041 1636 2095 διο

40 2122 323 2195 καιοσύνῃ
381 2123 672 2196 θεοπρεπεί
715 2126 823 2178 τῶν
883 2128 1197 2182 ὑπευθύνων
1246 2131 1638 2202 ἀποκρίνεσθαι

37 2213 177 2275 τοὺς
219 2214 548 2278 ἀνευθύνους
596 2216 896 2271 ἐδικαίωσε.
952 2220 1124 2273 Τοῦτο
1163 2224 1375 2292 μυεῖται
1423 2222 1639 2293 πρῶτος

41 2303 193 2371 μετὰ
228 2302 302 2355 τὰ
334 2306 631 2377 Χερουϐὶμ,
661 2308 688 2360 ὁ
710 2308 807 2379 τὴν
830 2309 999 2379 ὀσφῦν
1036 2312 1321 2383 σαπφείρῳ
1343 2312 1637 2383 διεζωσμέ-

36 2410 156 2457 νος,
201 2394 262 2458 ὃς
292 2396 383 2451 τὸν
418 2397 627 2469 ποδήρη
659 2399 799 2453 κατὰ
825 2400 1091 2471 σύμϐολον
1134 2403 1445 2475 ἱεραρχικδν
1487 2405 1635 2458 ἐνδε-

37 2484 219 2541 δύκει.
268 2488 408 2552 Τοὺς
447 2489 504 2542 δὲ
546 2489 766 2554 λοιποὺς
806 2494 1089 2562 ἀγγέλους,
1104 2500 1156 2552 οἳ
1182 2500 1307 2561 τοὺς
1327 2478 1633 2561 ⁸⁵πελέκεις

37 2573 215 2646 εἶχον,
289 2580 321 2650 ἡ
386 2579 503 2634 θεία
528 2583 816 2654 ταξιαρχία
848 2586 1056 2639 κελεύει
1084 2588 1217 2658 πρὸς
1239 2586 1333 2639 τοῦ
1365 2588 1630 2659 προτέρου

43 2668 311 2741 μυεῖσθαι
359 2673 457 2744 τὴν
502 2676 631 2745 περὶ
671 2675 858 2728 τούτου
882 2661 1215 2748 θεοκρισίαν⁸
1260 2677 1337 2747 τῷ
1384 2678 1481 2748 μὲν
1523 2678 1631 2749 γὰρ

38 2760 144 2831 ἔψη
190 2762 368 2834 μέσην
395 2764 620 2819 διελθεῖν
647 2767 745 2838 τὴν
786 2768 1157 2839 Ἰερουσαλὴμ,
1191 2770 1283 2822 καὶ
1301 2769 1569 2824 δοῦναιλτὺ
1582 2771 1630 2803 ³⁸

40 2857 275 2923 σημεῖον
318 2857 399 2917 εἰς
435 2855 505 2907 τὰ
539 2857 760 2927 μέτωπα
785 2858 894 2911 τῶν
923 2860 1226 2914 ἀνευθύνων
1259 2861 1491 2931 ἀνδρῶν’
1518 2866 1631 2927 τοῖς

39 2942 229 3006 ἀλλοις
250 2944 311 2996 δέ
329 2960 343 2971 ·
372 2946 703 3013 Πορεύεσθε
734 2949 821 3012 εὶς
849 2947 964 3015 τὴν
994 2950 1176 3002 πόλιν
1205 2950 1395 3003 ὀπίσω
1418 2949 1625 3014 αὐτοῦ,

39 3034 135 3087 καί
190 3036 477 3101 κόπτετε,
530 3038 629 3091 καὶ
673 3039 759 3107 μὴ
804 3039 1082 3108 φείδεσθε
1135 3040 1258 3107 τοῖς
1298 3042 1627 3111 ὀφθαλμοῖς

1768 554 2049 620 rigendnm
2088 553 2430 615 tradidisset;
2466 563 2521 605 ιιι
2551 569 2687 622 quos
2718 556 2941 623 provide
2972 557 3333 627 gubernabat,

1761 646 1907 699 omni
1957 647 2116 699 modo
2157 646 2224 699 ad
2266 646 2542 698 meliorem
2589 644 2799 715 frugem
2834 648 3150 714 adduceret,
3176 665 3206 704 a
3240 666 3335 705 ca-

1762 736 2005 805 ptivitate
2029 734 2135 804 75
2163 749 2377 803 quoque
2403 732 2603 787 liberos
2632 736 2699 787 ad
2734 736 3017 804 pristinam
3051 739 3328 793 {ortunam

1760 828 1987 896 benigne
2022 828 2314 884 revocavit.
2361 826 2670 895 Theologtts
2705 829 2921 895 qnitlam
2955 830 3176 885 nomine
3226 830 3333 885 Za-

1760 924 1977 977 charias
2000 923 2115 976 visu
2148 923 2408 991 percepit,
2447 923 2746 990 primorum
2776 926 3088 993 quemdam,
3123 938 3178 979 ut
3215 928 3333 995 opi-

1760 1029 1881 1077 nor,
1907 1030 1970 1069 ex
2004 1014 2070 1067 iis
2110 1015 2200 1081 qni
2248 1013 2355 1066 Deo
2388 1014 2619 1078 proximi
2656 1023 2783 1067 sunt
2813 1014 3127 1082 angelorum
3159 1017 3332 1085 (como

1759 1104 1936 1159 munis
1975 1104 2143 1171 enim,
2182 1104 2259 1156 uti
2293 1102 2441 1169 dixi,
2481 1104 2733 1158 omnibus
2776 1103 3021 1172 angelica
3050 1105 3332 1173 cognomi-

1757 1197 1902 1252 natio
1931 1199 2035 1265 est)
2076 1198 2143 1251 ab
2176 1196 2316 1265 ipso,
2346 1196 2488 1249 sicut
2534 1195 2738 1248 dictum
2783 1206 2886 1259 est,
2930 1196 3039 1251 Deo
3079 1196 3181 1252 hac
3210 1197 3339 1266 ipsa.

1755 1290 1823 1341 de
1854 1303 1913 1343 re
1944 1288 2107 1342 verba
2150 1286 2545 1341 consolationis
2575 1288 2920 1355 percepisse:
2954 1288 3185 1342 alterunt
3230 1304 3331 1343 au-

1753 1391 1859 1438 tem
1884 1381 2094 1437 ordinis
2119 1380 2389 1435 inl'erioris
2414 1378 2692 1449 angelum,
2721 1380 2937 1434 obviam
2970 1382 3163 1450 priori,
3193 1382 3341 1439 lueis-

1752 1473 2028 1543 capiendae
2052 1488 2115 1526 ac.
2137 1472 2521 1541 participanda:
2546 1487 2731 1537 causa,
2758 1474 3176 1541 pnecedentem,
3202 1491 3323 1527 cum

1750 1566 1820 1618 ab
1853 1565 2041 1631 eodem
2090 1564 2284 1617 deinde
2326 1563 2568 1615 divinum
2621 1563 2941 1629 consilium,
2993 1574 3249 1634 tanquam
3294 1581 3327 1621 a

1749 1657 2031 1710 sacerdote
2060 1672 2290 1718 sunnno.
2322 1656 2676 1725 percepisset,
2719 1655 2849 1710 illud
2900 1658 3076 1725 ipsum
3115 1675 3180 1711 ex
3219 1661 3327 1713 im-

1749 1748 1923 1809 posito
1968 1762 2193 1801 munere
2234 1746 2540 1815 theologum
2580 1747 2848 1811 docuisse,
2901 1752 3018 1803 [ore
3064 1760 3122 1802 ttt
3165 1748 3329 1804 Jeru-i

1746 1838 1913 1891 Saletn
1949 1837 2211 1907 frugifero
2235 1852 2267 1891 a
2296 1850 2488 1905 magna
2533 1839 2815 1893 hominum
2864 1840 3205 1894 multitudine
3238 1840 3319 1894 itt-

1744 1932 2034 1987 coleretur.
2076 1931 2307 1997 Quidam
2362 1929 2498 1983 alius
2542 1930 2667 1983 item
2715 1931 2999 2000 theologus
3033 1931 3321 1997 Ezechiel,

1743 2023 1844 2079 hoe
1890 2038 1920 2077 a
1964 2022 2173 2076 Deitate
2224 2021 2339 2093 ipsa
2393 2021 2825 2091 supergloriosa,
2869 2039 2990 2093 quae
3033 2025 3318 2081 cherubim

1744 2117 2079 2170 transcendit
2106 2130 2154 2182 ι,
2179 2125 2530 2170 sacrosancte
2569 2115 2841 2167 sancitum
2871 2114 3069 2168 asserit
3095 2133 3109 2169 :
3144 2115 3317 2172 Israe-

1739 2208 1946 2263 litieutn
1995 2209 2139 2263 enim
2196 2208 2453 2277 populum
2500 2221 2660 2271 cum,
2706 2216 2764 2258 ut
2804 2206 3006 2259 dictum
3042 2218 3155 2271 est,
3206 2208 3319 2263 cle-

1739 2303 1941 2355 mentia
1988 2311 2211 2370 paterna
2257 2316 2355 2368 per
2388 2297 2731 2367 disciplinam
2783 2298 2849 2351 ad
2884 2296 3091 2367 frugem
3132 2300 3317 2353 tradu-

1738 2405 1887 2449 ceret
1920 2395 2220 2457 meliorem,
2249 2393 2504 2463 :equitatc
2535 2390 2643 2444 Deo
2671 2389 2829 2456 digna
2866 2405 2987 2444 reos
3021 2392 3088 2444 ab
3121 2390 3312 2445 inson-

1739 2488 1881 2540 tibus
1925 2488 2289 2540 secernendos
2344 2464 2583 2539 censuit.
2635 2482 2747 2537 Iloc
2781 2484 2985 2549 primus
3016 2483 3321 2540 secundum

1736 2579 2017 2633 cherubim
2065 2578 2291 2631 docetur
2320 2577 2435 2643 ille,
2476 2578 2633 2646 cujus
2666 2594 2823 2634 renes
2863 2577 3124 2647 sapphiro
3167 2590 3313 2645 prte-

1735 2669 1898 2725 cincti
1948 2677 2131 2733 erant,
2176 2669 2377 2738 quique
2422 2669 2580 2724 talari
2617 2682 2789 2735 reste,
2836 2670 3185 2740 pontificatus
3228 2669 3312 2721 itt-

1733 2761 1907 2831 signi,
1956 2761 2337 2814 atniciebatur.
2382 2760 2623 2815 Caeteros
2656 2763 2856 2815 exinde
2886 2760 3106 2830 angelos
3147 2773 3310 2811 secu-

1732 2853 1882 2906 ribus
1912 2858 2178 2916 armatos,
2222 2865 2250 2903 a
2287 2851 2453 2922 priori
2490 2851 2583 2904 illo
2624 2851 2808 2904 divina
2836 2849 2992 2918 jubet
3036 2849 3311 2903 ordinatio

1731 2944 1973 2999 divinum
2016 2945 2117 2998 hac
2159 2947 2225 2998 dc
2261 2958 2319 2999 re
2354 2943 2619 3014 judicium
2666 2943 2931 2999 edoceri:
2969 2944 3095 2996 huic
3137 2942 3311 3011 siqui-

1731 3038 1851 3092 dem
1883 3039 2162 3109 prmcepit,
2198 3048 2253 3091 ut
2286 3054 2383 3107 per
2413 3039 2642 3091 mediam
2690 3037 2994 3094 Jerusalem
3028 3038 3304 3103 transiret,

38 3128 232 3197 ὑμῶν,
259 3129 359 3182 ἐπὶ
384 3129 452 3183 δὲ
481 3129 709 3197 πάντας
736 3132 828 3201 ἐφ’
859 3134 950 3199 οἷς
982 3134 1115 3187 ἐστι
1143 3135 1207 3191 τὸ
1239 3137 1511 3204 σημεῖον,

1831 3146 1894 3182 tte
1936 3130 2149 3198 signum
2200 3130 2494 3185 insontium
2536 3130 2774 3183 virorum
2816 3130 3087 3187 frontibus
3116 3130 3305 3199 impri-

37 3218 343 3288 έΤΥίσητε.
376 3220 440 3272 Τί
473 3221 537 3274 ἄν
576 3239 660 3285 τις
688 3220 830 3275 εἴποι
863 3224 990 3295 περὶ
1031 3223 1124 3277 τοῦ
1158 3226 1426 3294 φήσαντος
1456 3226 1623 3294 ἀ’ίγέ’

38 3308 128 3361 λου
170 3309 253 3381 τῷ
288 3311 516 3383 Δανιήλ·
559 3312 849 3380 Ἐξῆλθεν
885 3318 917 3368 ὁ
956 3316 1171 3383 .ὶόγος›;
1211 3316 1243 3386 ἢ
1284 3317 1409 3386 περὶ
1456 3316 1623 3371 αὑτοῦ

38 3401 126 3453 τοῦ
152 3402 376 3474 πρώτου
420 3402 480 3456 τὸ
500 3404 609 3475 πῦρ
631 3406 695 3463 ὲκ
717 3406 883 3483 μέσου
910 3407 1021 3459 τῶν
1047 3408 1325 3478 Χερουϐὶμ
1348 3407 1621 3477 ἀνειληιεό-

39 3511 152 3557 τοςς
236 3496 301 3547 τὸ
320 3496 509 3549 τούτου
537 3498 919 3569 περισσότερον
944 3499 1023 3561 είς
1047 3499 1297 3564 εὐταξίας
1321 3499 1618 3568 ἁγγελικῆς

39 3586 344 3652 ἀπόδειξιν,
385 3588 464 3639 ὅτι
505 3587 573 3639 τὰ
613 3590 893 3659 Χερουϐὶμ
937 3588 1257 3663 ἐμϐάλλει⁸⁷
1287 3590 1347 3643 τὸ
1393 3589 1503 3661 πῦρ
1541 3592 1619 3654 είς

38 3676 128 3739 τὰς
153 3681 345 3749 χεῖρας
373 3678 462 3732 τοῦ
486 3680 583 3749 τὴν
607 3681 769 3748 ἁγίαν
803 3679 993 3751 στολὴν
1024 3680 1391 3746 ἐνδεδυκότοςς
1427 3682 1459 3752 ἢ
1491 3682 1619 3753 περὶ

38 3764 125 3819 τοῦ
149 3768 487 3838 κεκληκότος
507 3771 597 3823 τὸν
621 3770 892 3824 θειότατον
926 3770 1184 3842 Γαϐριὴλ,
1224 3773 1316 3825 καὶ
1346 3774 1618 3845 φήσαντος

39 3857 210 3929 αὐτῷ,
258 3860 590 3915 Συνέτισον
636 3862 870 3915 ἐκεῖνον
912 3861 1026 3929 τὴν
1070 3862 1282 3929 ὅρασιν
1295 3880 1314 3927 ;
1352 3864 1383 3935 ἢ
1445 3864 1546 3917 ὅσα
1568 3865 1615 3897 ⁸⁸

38 3947 165 4001 ἄλλα
216 3951 359 4020 πρὸς
404 3951 511 4004 τῶν
556 3951 718 4023 ἱερῶν
773 3950 1036 4020 θεολόγων
1088 3954 1300 4025 εἴρηται
1341 3956 1469 4025 περὶ
1518 3956 1617 4019 τῆς

39 4036 136 4087 τῶν
174 4038 445 4110 οὐρανίων
489 4041 772 4114 ίεραρχιῶν
814 4042 1077 4106 θεοειδοῦς
1117 4043 1451 4114 εὐκοσμίας;
1479 4045 1616 4116 πρὸς

39 4128 99 4197 ἣν
124 4132 154 4200 η
186 4131 292 4200 τῆς
323 4135 454 4203 παρ’
485 4135 611 4205 ἡμῖν
643 4136 921 4207 ίεραρχίας
943 4135 1181 4207 εὐταξία,
1208 4136 1346 4190 κατὰ
1376 4138 1436 4191 τὸ
1461 4137 1615 4191 δυναρ

39 4220 118 4272 τὸν
144 4223 578 4295 ἁφομοιουμένη,
614 4228 713 4299 τὴν
743 4227 1034 4298 ἀγγελικὴν
1079 4229 1409 4299 εὐπρέπειαν
1438 4231 1513 4293 ὡς
1555 4232 1613 4289 ὲν

40 4312 229 4366 εἰκόσιν
280 4313 411 4380 ἕξει,
465 4318 776 4389 τυπουμένη
825 4319 889 4372 δι’
921 4320 1121 4389 αὐτῆς,
1168 4321 1263 4372 καὶ
1300 4321 1611 4396 ἀναγομένη

42 4403 162 4471 πρὸς
216 4406 321 4477 τὴν
377 4408 698 4480 ὑπερούσιον
764 4411 983 4485 ἁπάσης
1048 4412 1327 4484 ἱεραρχίας
1384 4413 1609 4486 ταξιαρ-

39 4524 165 4573 χιαν.

1728 3233 1927 3287 meret;
1960 3224 2079 3276 aliis
2104 3231 2281 3276 autem
2311 3223 2387 3276 ait
2412 3242 2425 3278 :
2461 3223 2614 3277 Exite
2642 3223 2695 3275 in
2726 3222 2986 3276 civitatem
3013 3233 3129 3291 post
3161 3239 3300 3294 eum,

1723 3327 1769 3370 et
1797 3317 2071 3385 perculile,
2100 3325 2148 3369 et
2178 3318 2337 3370 nolite
2366 3332 2579 3384 parcere
2601 3313 2766 3368 oculis
2788 3315 2999 3378 vestris;
3029 3316 3098 3368 ad
3126 3332 3301 3369 omnes

1723 3417 1897 3463 autem
1944 3424 2100 3476 super
2128 3424 2257 3478 quos
2301 3416 2375 3461 est
2412 3406 2645 3476 signum,
2677 3423 2739 3459 ne
2788 3408 3217 3477 appropinquans
3248 3415 3299 3461 1.

1722 3499 1860 3567 Quid
1906 3512 2088 3553 autent
2131 3501 2196 3553 de
2244 3499 2333 3553 illo
2364 3499 2508 3553 dicat
2540 3498 2662 3567 quis
2701 3497 2914 3565 angelo,
2946 3498 3038 3568 qni
3095 3498 3298 3551 Danieli

1722 3594 1837 3647 ait:
1875 3591 2127 3662 Egressus
2168 3603 2243 3645 est
2295 3591 2508 3645 sermo?
2537 3598 2559 3626 ῑ
2594 3598 2689 3643 aut
2735 3590 2801 3641 de
2839 3590 3011 3658 primo
3058 3588 3167 3653 illo,
3209 3589 3298 3658 qui

1721 3686 1902 3754 ignem
1935 3686 2000 3739 de
2034 3685 2211 3739 medio
2247 3681 2530 3738 cherubim
2573 3680 2821 3751 accepit?
2870 3681 2975 3749 vel,
3020 3684 3165 3751 quod
3197 3699 3298 3735 an-

1708 3779 1948 3846 gelicam
2011 3778 2343 3833 lnenlentius
2392 3777 2685 3835 conlirmat
2734 3775 3183 3840 distinctionem,
3233 3777 3299 3831 de

1719 3872 1999 3928 cherubim
2033 3871 2210 3940 ignem
2245 3870 2524 3938 ingerente
2566 3869 2619 3922 in
2670 3882 2861 3921 manus
2892 3867 3009 3936 ejns
3042 3867 3136 3936 qui
3182 3875 3297 3921 sto-

1723 3962 1827 4017 lam
1868 3972 2110 4014 sanetam
2144 3960 2361 4014 indutus
2391 3958 2546 4013 erat?
2578 3966 2669 4011 aut
2700 3958 2767 4012 de
2803 3958 2896 4010 illo
2922 3958 3014 4024 qui
3048 3956 3291 4011 Gabrieli

1719 4051 2079 4114 dirinissimo,
2110 4066 2232 4105 cum
2264 4064 2386 4105 cum
2415 4049 2760 4115 accersisset,
2791 4048 2965 4103 dixit:
3000 4044 3116 4100 Fac
3143 4047 3295 4100 illum

1717 4144 2004 4212 in:elligere
2031 4140 2278 4198 visionem
2302 4142 2370 4194 αἳ
2406 4148 2499 4194 aut
2529 4142 2597 4195 de
2628 4140 2880 4196 omnibus
2911 4141 3051 4204 aliis,
3082 4155 3200 4208 qua:
3227 4139 3296 4193 de

1715 4233 2024 4288 caelestium
2062 4231 2252 4286 ordine
2296 4231 2731 4289 hierarchiarum
2777 4246 3004 4300 prorsus
3043 4232 3291 4290 deil'urtni

1714 4345 1743 4382 a
1795 4330 1967 4383 sacris
2014 4335 2138 4381 sunt
2196 4326 2463 4395 theologis
2508 4328 2978 4383 commemorata?
3024 4329 3092 4382 ad
3139 4328 3296 4397 cujus

1713 4420 1902 4487 utique
1932 4418 2223 4487 imaginem
2254 4418 2299 4471 si
2334 4434 2490 4472 sacer
2527 4418 2615 4477 hic
2652 4419 2788 4472 ordo
2830 4430 3015 4475 noster
3043 4435 3100 4474 se
3143 4437 3293 4474 com.

1644 4507 1694 4566 Ι)
1722 4522 1910 4585 ponat,
1949 4513 2128 4579 eique,
2175 4521 2438 4580 quantum
2470 4521 2669 4582 potest,
2703 4513 3056 4579 assimiletnr,
3088 4512 3293 4579 angeli-

40 4611 147 4651 cum
179 4602 427 4668 profecto
474 4607 729 4661 decorem
776 4607 926 4661 illmn
978 4606 1123 4660 velut
1169 4605 1223 4660 in
1273 4608 1459 4675 liguris
1504 4608 1797 4679 exprimet,
1834 4606 2064 4660 formam
2104 4606 2231 4660 inde
2260 4607 2520 4678 capiens;
2552 4623 2618 4664 ac
2650 4622 2747 4676 per
2770 4620 2893 4660 eum
2922 4607 2990 4659 ad
3033 4622 3288 4675 superes-

43 4699 312 4753 sentialmn
355 4701 535 4756 omnis
575 4704 717 4757 sacri
769 4704 976 4759 ordinis
1015 4699 1293 4768 originem
1355 4707 1663 4761 attolletur.

1607 4892 1677 4911 ~1—

1129 5015 1239 5086 τε
1265 5012 1799 5071 ADNOI‘ATIONES
1838 5013 2192 5073 CORDERII.
2243 5018 2281 5089 ς

102 5156 199 5249 ᾇιη
228 5164 509 5249 Describit
539 5168 772 5249 mediam
800 5162 1175 5249 bierarchiam
1211 5191 1336 5244 qua}
1362 5175 1607 5230 continet
1636 5176 2066 5246 dominationes,
2095 5186 2396 5249 potestates
2427 5187 2594 5248 atque
2624 5180 2879 5244 virtu-tes,
2904 5186 2960 5231 et
2989 5176 3283 5248 mysticam

46 5238 287 5314 etjttsqtte
323 5238 840 5314 interpretationem
876 5258 939 5297 ac
976 5238 1368 5314 prOprictatem
1399 5249 1646 5313 exponit.

104 5300 514 5362 nominationes
543 5318 723 5364 autem
754 5300 1030 5379 dicuntn'r,
1064 5300 1192 5384 quia
1226 5316 1441 5371 cmteris
1473 5300 1686 5388 angelis
1715 5319 2093 5386 dominantur,
2132 5328 2187 5375 et
2220 5318 2287 5375 ab
2324 5319 2472 5374 omni
2507 5320 2863 5390 oppressione
2896 5327 3020 5371 sunt
3065 5318 3271 5385 liberae,

105 5469 124 5496 ι
154 5459 353 5520 Ezeeh.
389 5482 442 5525 ι.
538 5475 564 5513 γ
594 5466 793 5525 Ezech.
848 5486 925 5536 Ix,
977 5478 1031 5534 5.
1096 5481 1117 5507 ³
1152 5471 1285 5528 Dan.
1338 5488 1415 5537 lx,
1459 5473 1549 5529 25.

1629 5489 1656 5517 ι
1684 5475 1823 5530 Dan.
1864 5491 1983 5541 vut,
2036 5477 2123 5532 16.

1298 5641 1530 5699 νΑιιιιΕ
1560 5644 1963 5703 LECTIONES.

105 5746 146 5826 ’ξ
168 5750 267 5826 Cb.
296 5754 358 5807 ἰ).
390 5753 448 5809 P.
468 5755 770 5826 ίὲπανῆγεν.

50 5820 173 5889 imi,
202 5822 267 5877 Μ.
293 5826 383 5881 Sc.
462 5825 509 5858 "
538 5820 800 5883 articulus
831 5829 980 5885 deest
1015 5832 1066 5885 in
1092 5830 1159 5886 Μ.

849 5756 896 5789 ⁸⁸
925 5760 1043 5811 ιιι-ιίι
1066 5762 1210 5813 ιιΙιιιιι
1262 5777 1366 5813 non
1400 5761 1561 5817 habet
1592 5765 1651 5818 Ι).
1688 5774 1743 5818 et
1774 5766 1832 5819 P.

1238 5832 1287 5866 "
1314 5830 1379 5886 τό
1398 5848 1502 5889 non
1531 5836 1729 5891 habent
1756 5837 1854 5891 Ch.
1890 5836 1948 5891 ι).
1979 5837 2037 5891 Ρ.

2745 5761 2872 5835 τῶν.
2952 5763 2997 5795 ⁸⁸
3025 5776 3268 5835 στρατη·

1932 5766 1977 5797 ⁵¹
2019 5766 2077 5820 D.
2109 5764 2437 5834 ἀπάντησιν.
2542 5763 2590 5796 ⁸³
2620 5778 2711 5867 γρ.
2745 5763 2872 5815 τῶν.
2952 5763 2997 5795 ⁸⁸
3025 5779 3047 5815 ο

1980 5837 2017 5867 η
2115 5836 2159 5867 I1
2195 5835 2441 5867 ιυιῖλιλλει
2506 5833 2548 5867 n
2722 5834 2811 5867 νηὶ
2848 5834 2945 5867 Enn
3007 5835 3047 5867 l‘.

2505 5833 2567 5893 υ.
2645 5833 2691 5867 ⁸³
2722 5834 2817 5887 καὶ
2848 5834 2971 5902 ὅσα,
3007 5833 3111 5893 Ch;

2115 5836 2159 5869 ⁸⁷
2194 5835 2467 5902 ἐκϐάλλει,
