3734 6310
414 295 524 351 9η
1574 287 1630 343 S.
1669 286 1963 343 DlONYSlI
1999 283 2462 342 AREOPAGlTE
3586 289 3681 346 ω

420 419 479 465 et
512 407 643 464 nulli
695 403 941 460 inferiori
988 402 1380 471 subjiciuntur.
1420 401 1625 456 llarum
1670 403 1908 456 oflicium
1959 413 2083 469 est,
2125 404 2424 457 secundum
2463 399 2778 469 Dionysium
2805 440 2820 465 ,
2868 402 3065 471 timore
3103 400 3286 457 servili
3322 402 3603 470 deposito,
3633 405 3680 457 in

424 482 599 535 Deum
648 477 890 541 moveri,
919 484 976 530 et
1028 475 1377 528 incessanter
1411 474 1463 527 ei
1516 472 1812 527 famulari:
1851 475 2154 527 secundum
2200 472 2523 540 Gregorium
2574 481 2754 524 autem
2799 470 3033 526 ofﬁcium
3068 488 3255 528 earum
3306 484 3417 535 est,
3453 473 3513 526 in
3550 472 3680 529 bello

423 548 664 619 spiritali
717 547 1017 611 instruere,
1057 542 1299 614 qualiter
1338 552 1592 613 oporteat
1642 543 1985 609 przelationis
2034 542 2274 598 oflicium
2316 554 2596 607 exercere,
2638 551 2694 596 et
2733 542 2971 610 qualiter
3016 544 3249 599 debeant
3292 543 3546 598 subditis
3591 546 3677 597 do-

423 636 643 673 ωηιξη-ι.
2717 641 2725 649 ο

496 689 742 743 Virtutes
771 696 900 741 sunt
952 684 1323 753 infatigabiles
1368 685 1434 737 ad
1488 684 1901 739 exsecutionem
1952 683 2363 746 faciendorum,
2405 689 2461 753 et
2505 684 2745 739 robusta:
2795 684 2862 737 ad
2908 683 3313 752 perceptionem
3364 699 3677 753 munerum.

426 759 629 814 llarum
649 756 883 812 oﬂicium
916 766 1024 818 est,
1052 752 1349 809 seCundum
1396 755 1747 827 Dionysium,
1782 754 1981 808 docere
2018 754 2293 827 praelatos,
2338 763 2396 806 ut
2428 752 2591 827 facile
2633 766 2687 808 et
2717 764 3155 827 perseveranter,
3179 770 3299 827 quae
3330 755 3403 806 ad
3438 752 3678 827 ofﬁcium

423 828 759 899 prwlationis
791 828 1091 899 pertinent,
1134 836 1510 899 exsequantur
1538 822 1601 880 et
1636 826 1813 899 ipsius
1843 822 2031 879 onera'
2054 824 2365 879 sustineant
2402 825 2673 892 patienter
2701 822 2728 879 εί
2748 825 2879 879 item
2912 838 3008 893 per
3048 824 3182 878 istas
3211 822 3490 878 miracula
3532 822 3678 887 fiunt,

421 894 474 954 et
511 900 685 952 virtus
714 894 949 952 faciendi
982 895 1245 949 miracula
1281 895 1539 963 perfectis
1564 894 1907 950 conceditur.

495 968 871 1023 Potestatibus
908 966 1145 1019 virtutes
1172 966 1514 1035 adversaria:
1544 964 1803 1032 subjecta:
1834 973 1981 1035 sunt,
2012 980 2081 1020 ne
2114 963 2322 1019 mundo
2354 972 2562 1021 tantum
2605 976 2859 1027 noceant,
2888 973 3155 1035 quantum
3187 965 3450 1031 cupiunt.
3482 963 3679 1019 Harum

422 1038 661 1093 officium
696 1048 804 1099 est,
840 1038 1137 1106 secundum
1171 1033 1524 1106 Dionysium,
1564 1034 1786 1104 angelos
1820 1033 2132 1106 inferiores,
2166 1036 2343 1101 quoad
2380 1036 2498 1089 fieri
2532 1044 2738 1105 potest,
2766 1033 2964 1090 divitiae
2996 1035 3249 1105 potentia:
3282 1036 3678 1106 conformare:

420 1122 499 1173 et,
528 1107 850 1230 secundudmf
870 1104 1215 1229 Caegorium,
1245 1103 1369 1160 illus
1403 1106 1496 1175 qui
1537 1106 1591 1161 in
1621 1103 1892 1176 spirituali
1920 1106 2222 1159 certamine
2256 1103 2547 1173 desudant,
2574 1106 2922 1172 continuare,
2951 1103 3029 1172 et,
3063 1120 3133 1161 ne
3165 1119 3396 1177 regnum
3440 1103 3681 1174 Spiritale

421 1180 712 1230 amittant.
794 1191 822 1229 e
849 1192 915 1230 en
956 1189 1069 1229 ere.

376 1210 379 1213 <
421 1180 712 1234 amittant.
756 1180 1069 1231 defendere.

374 1300 377 1303 _
421 1219 1371 1371 ...ἷξμ-ΙῙί-’ὀεῖοἶῖἇῖῖἱιιιῖεῑτοιὶοῐιεε
1417 1260 1525 1312 quo
1569 1261 1667 1315 per
1711 1244 1895 1314 plures
1942 1243 2424 1308 transfunduntur,
2457 1258 2523 1298 eo
2570 1245 2918 1302 obscuriores
2946 1247 3213 1303 exsistere
3250 1244 3306 1299 in
3358 1246 3681 1314 postremis-

374 1322 384 1343 ς
425 1318 481 1371 ιη
508 1318 717 1371 (πίονες
762 1325 945 1369 autem
1001 1314 1226 1371 angelos
1271 1332 1300 1368 a
1343 1316 1717 1371 superioribus
1763 1315 2094 1371 illuminari.
2135 1313 2328 1371 Drobat
2374 1330 2441 1368 ex
2490 1313 2771 1371 Zachariae
2810 1331 2934 1371 can.
2965 1332 3016 1371 ι.
3065 1317 3156 1371 ubi
3202 1314 3415 1371 duplici
3477 1316 3681 1369 visione

374 1322 384 1385 έ
425 1313 717 1374 ΙηΓοτίονεε
762 1325 945 1369 autem
1001 1314 1226 1383 angelos
1271 1332 1300 1368 a
1343 1313 1724 1385 superioribus
1763 1315 2094 1385 illuminari,
2135 1313 2342 1385 probat,
2374 1330 2441 1368 ex
2490 1313 2771 1385 Zachariae
2810 1331 2934 1385 cap.
2965 1332 3016 1382 ι,
3065 1317 3156 1371 ubi
3202 1313 3415 1383 duplici
3477 1316 3685 1369 visione

379 1382 383 1395 ⁸
424 1389 735 1443 ostenditur
770 1385 1047 1455 prophetze
1082 1382 1424 1455 angelorum
1452 1385 1768 1441 tutelarium
1803 1384 2100 1455 Deiquein
2131 1382 2535 1455 Jerosolymam
2569 1397 2627 1438 ct
2657 1382 3145 1442 Iudaeos—studium
3174 1404 3188 1441 :
3225 1382 3293 1438 et,
3316 1386 3521 1455 simul,
3554 1402 3684 1455 quu-

373 1488 381 1505 τ
428 1459 590 1513 modo
637 1453 784 1511 unus
830 1453 1050 1526 angelus
1072 1453 1390 1526 ab'altero,
1421 1456 1550 1525 quid
1603 1455 1958 1526 .lerosolymaz
2011 1454 2252 1526 futurum
2269 1453 2854 1526 ‘esset,gedoce‘retur,
2881 1469 2935 1510 et
2965 1471 3093 1525 cap.
3121 1472 3159 1509 tt
3188 1455 3335 1509 videt
3372 1453 3685 1510 Zacharias

424 1528 679 1597 angelum
720 1541 844 1580 cum
881 1521 1118 1597 funiculo
1150 1521 1533 1597 mensorio,nt
1568 1521 1836 1580 metiatur
1863 1524 2165 1597 Jerusalem
2204 1538 2233 1576 a
2268 1521 2528 1597 Nehemia
2559 1536 2615 1597 et
2656 1524 2988 1597 Zorobabele
3032 1521 3483 1597 reaedilicandam
3512 1542 3530 1578 :
3568 1541 3685 1597 enim

424 1593 776 1654 ex'funiculo
820 1595 1039 1664 exiguo,
1074 1606 1261 1663 utpote
1290 1596 1599 1661 convoluto,
1633 1596 1950 1665 conjiceret,
1986 1596 2321 1665 timeretque
2346 1593 2647 1649 Zacharias
2675 1596 2930 1663 exiguam
2965 1596 3080 1652 fore
3120 1610 3313 1649 novam
3342 1594 3684 1657 Jerusalem,

427 1683 557 1722 mox
605 1667 756 1721 audit
807 1662 1037 1737 alterum
1072 1662 1323 1733 angelum
1375 1662 1804 1737 promittentem,
1858 1671 2062 1735 absque
2108 1680 2267 1719 muro
2295 1662 2613 1737 Jerusalem
2634 1662 2985 1737 habitandam
3018 1682 3129 1735 prae
3161 1666 3553 1737 multitudine.
3596 1665 3686 1719 [ω

424 1738 646 1792 videtur
677 1737 767 1791 hic
798 1734 1029 1801 angelus
1060 1736 1308 1804 superior
1340 1734 1541 1805 prioris
1580 1738 1725 1790 illius
1758 1734 2096 1807 propositum
2142 1749 2423 1799 revocare,
2464 1735 2556 1807 qui
2590 1734 2829 1807 funiculo
2858 1734 3686 1807 dimensorioimagnitudinem

424 1808 583 1862 urbis
620 1808 968 1863 dimensurus
1000 1814 1267 1859 venerat:
1304 1823 1429 1861 nam
1479 1805 1772 1875 antequam
1816 1805 1940 1877 post
1978 1808 2355 1862 reductiouem
2388 1806 2563 1877 muris
2592 1806 2908 1877 cingeretur
2948 1808 3165 1871 civitas,
3198 1805 3469 1877 Ecclesia:
3502 1815 3687 1875 typum

425 1892 619 1946 gerere
665 1877 895 1947 debebat
915 1890 941 1947 ;_
967 1890 1110 1945 quae,
1157 1887 1281 1945 post
1321 1879 1507 1931 urbem
1541 1894 1569 1930 a
1615 1874 1835 1932 Christo
1874 1879 2208 1945 redemptum
2233 1875 2553 1947 ,_omnibus
2586 1876 2824 1947 omnino
2854 1878 3107 1947 gentibus
3148 1875 3345 1946 patuit.
3400 1874 3690 1947 Posterior

426 1945 558 2018 ergo
590 1946 816 2018 angelus
864 1945 1101 2018 priorem
1150 1949 1437 2010 Instruxit,
1486 1956 1541 2003 et
1595 1958 1854 2018 tanquam
1902 1945 2514 2018 superiorinferiureut
2549 1946 2770 2018 docuit.
2820 1945 3107 2018 Quomodo
3148 1945 3330 2018 autem
3377 1946 3583 2012 angeli
3630 1947 3689 1999 ab

424 2014 813 2087 ipsoniet’Deo
860 2014 1179 2087 immediate
1212 2034 1298 2073 res
1347 2019 1560 2084 aliquas
1588 2014 1918 2087 edoceantur
1939 2014 2230 2085 [ostendit
2264 2032 2327 2071 ex
2361 2014 2664 2087 Ezechielis
2694 2032 2814 2085 cap.
2839 2034 2891 2072 ιι
2914 2061 2928 2083 ,
2974 2018 3061 2071 ubi
3090 2016 3249 2086 jubet
3285 2016 3436 2087 Deus
3466 2018 3686 2087 angeiu,

424 2086 486 2142 ut
527 2089 707 2157 signet
737 2087 850 2140 'l‘au
879 2086 933 2141 in
966 2086 1145 2141 fronte
1171 2102 1360 2142 eorum
1398 2088 1548 2155 quia
1581 2088 1730 2143 crede
1774 2086 2235 2157 Jerosolymorum
2266 2095 2422 2142 erant
2451 2086 2748 2154 liberandi;
2783 2100 2839 2143 et
2874 2104 2971 2143 sex
3013 2089 3135 2142 aliis
3174 2086 3383 2157 angelis
3421 2088 3688 2151 mandat,

424 2167 488 2212 ut
532 2158 762 2227 signatis
810 2165 1073 2229 parcant,
1118 2159 1337 2229 c_a:teris
1385 2159 1639 2213 oumibus
1692 2160 2018 2213 interfectis.
2081 2158 2223 2229 item
2247 2171 2311 2210 ex
2355 2157 2594 2229 Danielis
2622 2173 2749 2229 cap.
2776 2176 2851 2225 tx,
2881 2158 2976 2222 25,
3007 2159 3266 2221 declarat,
3296 2158 3592 2225 quomodo
3629 2162 3691 2209 ad

423 2230 748 2299 prOphetam
789 2228 988 2281 missus
1019 2228 1093 2283 sit
1124 2227 1374 2292 Gabriel.
1407 2229 1725 2298 significans
1757 2244 1863 2282 non
1898 2237 2107 2285 tantum
2148 2227 2466 2282 solvendam
2510 2227 2881 2295 captivitatem
2914 2230 3251 2290 Judaeorum,
3293 2229 3397 2299 sed
3426 2236 3490 2280 et
3524 2228 3689 2281 totius

424 2298 651 2366 generis
688 2299 909 2369 humani
958 2311 1057 2369 per
1085 2299 1385 2369 Christum,
1420 2310 1543 2369 post
1572 2300 1923 2369 septuaginta
1970 2299 2343 2353 hebdomadas
2394 2311 2681 2369 annorum.
2712 2299 2977 2354 Similiter
3015 2301 3210 2353 iterum
3240 2312 3311 2351 ex
3362 2298 3688 2353 Ezechielis

425 2364 551 2438 cap.
579 2383 635 2433 x,
667 2368 756 2438 ubi
785 2366 942 2435 jubet
990 2364 1135 2422 Deus
1165 2368 1283 2421 viro
1321 2364 1483 2423 lineis
1532 2364 1720 2425 induto
1765 2364 2016 2438 accipere
2051 2384 2254 2436 prunas
2281 2385 2311 2421 e
2342 2368 2522 2438 medio
2550 2383 2745 2426 currus
2786 2371 2872 2425 sui
2912 2371 3232 2431 cherubim,
3274 2383 3493 2438 easque
3525 2383 3683 2438 sparo

426 2435 681 2508 gei'eper
705 2436 1040 2508 Jerusalem,
1063 2449 1122 2491 ut
1151 2438 1254 2492 huc
1281 2440 1438 2508 signo
1466 2442 1752 2508 portendat
1777 2435 1931 2494 urbis
1958 2435 2272 2493 incendium
2306 2451 2399 2506 per
2424 2435 2710 2508 Chaldaeos
2738 2460 2751 2495 :
2784 2452 2840 2496 et
2867 2454 3055 2495 rursus
3074 2455 3143 2493 ex
3173 2435 3411 2494 Danielis
3441 2435 3577 2503 vnt,
3604 2437 3689 2502 16,

433 2509 523 2561 ubi
559 2506 790 2584 Michael
820 2508 976 2584 jubet
1007 2506 1314 2584 Gabrielem
1340 2506 1627 2584 expunere
1657 2510 2214 2584 Danieliivisioncm.
2237 2509 2315 2561 Ex
2354 2507 2852 2584 quibusomnibus
2880 2511 3011 2567 locis
3051 2510 3342 2572 manifeste
3381 2509 3687 2584 colligitur,

431 2580 661 2647 angelos
693 2578 1006 2650 superiores
1038 2578 1328 2642 inferiores
1356 2578 1484 2636 suos
1515 2581 1703 2643 multis
1729 2586 1795 2636 de
1824 2583 2012 2657 rebus,
2043 2594 2177 2651 quas
2205 2578 2860 2655 ignorabant,instruere.

1486 2939 1973 3005 PARAPIIRASIS
2001 2942 2455 3001 PACllYMERE
2491 2946 2626 3021 (l3).

495 3120 591 3195 ει.
634 3120 1021 3179 Traducendus
1072 3121 1232 3176 modo
1284 3139 1464 3179 sermo
1513 3135 1598 3179 est
1646 3128 1715 3184 ad
1752 3127 1969 3181 mediini

2233 3125 2269 3176 Ι.
2313 3126 2676 3180 Μετενεκτέον
2720 3126 2810 3181 τὸν
2855 3126 3011 3195 λόγον
3068 3126 3272 3197 άπάρτι
3316 3125 3412 3185 καὶ
3454 3126 3554 3180 ἐπὶ
3599 3126 3688 3198 τὴν.

425 3214 731 3268 ctelestium
758 3212 1020 3268 virtutum
1062 3215 1330 3268 ordinem.
1372 3214 1489 3274 Non
1521 3216 1657 3271 dixit
1695 3230 1875 3273 autem

2216 3230 2276 3284 ην
2318 3213 2427 3269 τῶν
2472 3216 2738 3287 οὐρανίων
2783 3216 3061 3289 δυνάμεων
3094 3217 3265 3283 τάξιν.
3312 3217 3432 3271 Οὐκ
3465 3213 3593 3270 εἷπε
3639 3218 3690 3270 δὲ

427 3306 633 3372 dinem,
674 3304 769 3360 sed
801 3305 1241 3371 adornatiouem;
1275 3307 1534 3374 quoniam
1578 3308 1695 3365 haec
1733 3310 1847 3383 ipsa
1880 3331 1901 3367 r

2215 3323 2276 3369 LV,
2307 3305 2442 3359 ἀλλὰ
2468 3304 2847 3380 διακόσμησιν,
2876 3310 3008 3362 διότι
3034 3308 3175 3379 αὔτη
3212 3308 3377 3363 πάλιν
3416 3312 3553 3381 τρία
3586 3312 3689 3381 ἔχει

426 3412 550 3453 sum
580 3406 692 3452 tres
736 3398 957 3451 ordines
990 3398 1177 3451 habet.
1208 3398 1431 3473 Κόσμον
1470 3399 1652 3469 itaque
1680 3417 1772 3456 seu
1815 3414 1900 3454 ora

2214 3399 2474 3469 τάγματα.
2526 3402 2769 3472 Κόσμον
2793 3401 2921 3469 γοῦν
2964 3401 3263 3473 λεγομένης
3306 3402 3406 3473 τῆς
3451 3404 3688 3469 τάξεως,

426 3505 528 3560 pro
549 3490 743 3545 ordine
770 3490 938 3553 dicto,
969 3497 1025 3543 et
1057 3491 1437 3560 pmpositione
1461 3491 1548 3545 διὰ
1569 3508 1667 3545 seu
1698 3509 1792 3561 per
1825 3502 2004 3550 trans.-

428 3580 566 3635 ltum
610 3581 694 3639 vel
744 3581 1148 3638 distinctionem
1186 3582 1494 3647 denotante,
1524 3582 1904 3661 διακόσμησιν,
1949 3588 2002 3642 id

424 3682 515 3730 est
553 3673 948 3728 adoritanonem
1010 3687 1105 3728 seu
1151 3673 1572 3733 distributionem
1634 3676 1804 3742 dixit,
1847 3677 2002 3733 ordi-

424 3780 551 3821 nem
578 3763 835 3819 nimirum
867 3763 921 3817 in
956 3765 1058 3821 tria
1082 3762 1457 3824 distributum.
1479 3764 1773 3823 Videamus
1816 3769 2001 3836 igitur,

425 3858 523 3912 sed
603 3855 1136 3925 supermundialibus
1228 3855 1738 3928 intellectilibusque
1807 3861 1999 3929 oculis,

424 3950 605 4021 quoad
638 3964 946 4019 possumus,
990 3948 1096 4019 77
1134 3948 1536 4005 dominationes
1577 3965 1643 4005 ac
1673 3952 1906 4007 virtutes
1937 3970 2003 4008 ac

425 4051 745 4110 potestates.
779 4041 892 4095 Duo
924 4041 1108 4111 itaque
1146 4042 1201 4097 lii
1231 4042 1472 4107 ordines,
1516 4042 1747 4100 virtutes
1787 4054 1915 4098 sunt
1941 4061 2005 4103 ac

424 4143 747 4204 potestates,
790 4135 1050 4203 quoniam
1096 4151 1125 4187 a
1159 4134 1358 4189 virtute
1392 4148 1587 4190 nomen
1629 4149 2001 4207 acceperunt:

426 4235 671 4297 potestas
706 4226 852 4283 enim
908 4225 1045 4280 nihil
1092 4224 1238 4282 aliud
1288 4234 1373 4283 est
1417 4241 1581 4295 quam
1616 4228 1861 4293 habitus,
1910 4233 2005 4301 qui

426 4334 683 4393 congruae
724 4318 994 4375 voluntati
1034 4317 1290 4376 virtutem
1333 4329 1722 4390 congruentem
1771 4323 2005 4383 obtinet.

426 4409 551 4464 Dixi
577 4420 759 4466 autem
782 4426 1053 4481 congrum,
1076 4412 1334 4483 quoniam
1360 4415 1452 4483 qui
1478 4422 1672 4483 potens
1693 4424 1797 4481 est,
1824 4426 2007 4485 posset

2103 3489 2197 3547 καί
2236 3491 2335 3560 τῆς
2347 3489 2444 3551 διὰ
2472 3491 2736 3565 δηλούσης
2763 3484 2860 3564 τὴν
2905 3493 3254 3565 διαχώρησιν,
3278 3494 3691 3565 διακόσμησιν

2103 3576 2246 3645 εἷπε,
2282 3580 2521 3651 δηλονότι
2550 3582 2703 3658 τάξιν
2730 3586 2808 3648 εἰς
2839 3586 2965 3663 τρία
3000 3586 3425 3658 μεμερισμένην.
3464 3588 3691 3659 Ἴδωμεν

2103 3672 2255 3741 γοῦν,
2287 3674 2399 3727 ἀλλ’
2431 3677 2822 3747 ὑπερκοσμίοις
2850 3679 2942 3730 καὶ
2970 3681 3180 3749 νοητοῖς
3216 3678 3537 3750 ὀφθαλμοῖς,
3570 3681 3691 3733 καθ-

2104 3764 2179 3830 ώς
2208 3768 2323 3820 ἐστι
2348 3767 2569 3821 δυνατὸν
2590 3808 2603 3833 ,
2631 3768 2730 3833 τὰς
2758 3770 3085 3841 κυριότητας
3102 3809 3117 3834 ,
3141 3771 3237 3823 κα)⁵
3272 3770 3371 3833 τὰς
3396 3771 3659 3842 δυνάμεις
3676 3813 3688 3833 ,

2104 3859 2200 3919 καὶ
2241 3859 2340 3922 τὰς
2382 3858 2649 3924 ἐξουσίας.
2692 3862 2773 3914 Τὰ
2817 3861 2945 3931 γοῦν
2981 3862 3072 3915 δύο
3098 3863 3270 3917 ταῦτα
3305 3864 3601 3933 τάγματα,
3639 3867 3689 3917 αἱ

2104 3940 2359 4022 δυνάμεις
2401 3953 2492 4005 καὶ
2534 3951 2801 4025 ἐξουσίαι,
2833 3955 2955 4007 ἐπεὶ
2998 3954 3411 4026 ἐπωνυμοῦνται
3440 3957 3555 4009 ἀπὸ
3601 3959 3691 4027 τῆς

2110 4043 2409 4114 δυνάμεως
2443 4043 2561 4096 οὐδέ
2601 4045 2709 4117 γάρ
2749 4047 2895 4099 ἐστιν
2936 4048 2969 4120 ἡ
3006 4045 3223 4112 ἐξουσία
3260 4046 3387 4105 ἄλλο
3422 4064 3477 4099 τι
3528 4051 3577 4101 εί
3623 4050 3690 4119 μὴ

2109 4133 2242 4197 ἕξις,
2276 4134 2570 4207 σύνδρομον
2608 4135 2704 4209 τὴν
2733 4137 2956 4209 δύναμιν
2985 4141 3052 4209 τῇ
3084 4140 3439 4212 προσηκούσῃ
3479 4140 3692 4212 θελήσει

2111 4226 2324 4307 ἔχουσα.
2343 4231 2744 4299 Προσηκούσῃ
2773 4230 2829 4293 δὲ
2858 4216 3040 4297 εἶπον,
3067 4230 3148 4288 ὅτι
3179 4230 3394 4302 θελήσοι
3422 4216 3497 4286 ἂν
3519 4236 3614 4287 καὶ
3632 4237 3693 4286 τὰ

2108 4320 2347 4375 ἀδύνατα
2365 4323 2393 4374 ό
2420 4322 2766 4387 ἐξουσιάζων.
2788 4322 2901 4378 ἁλλ’
2922 4324 2983 4376 οὐ
3005 4324 3251 4391 τεύξεται
3272 4325 3367 4397 τῆς
3392 4325 3689 4398 θελήσεως·

2110 4417 2199 4470 διὰ
2217 4417 2374 4470 τοῦτο
2392 4417 2593 4470 τούτων
2619 4416 2940 4488 ἀμφοτέρων
2958 4416 3026 4469 τὰ
3046 4416 3245 4469 δυνατὰ
3272 4403 3393 4469 εἴητε
3423 4416 3691 4489 θεάματα.

425 4504 596 4558 etiam
639 4502 774 4558 velle
821 4502 1207 4576 impossibilia,
1252 4504 1347 4559 sed
1380 4520 1489 4563 non
1523 4506 1899 4576 adipisceturt

2220 4527 2232 4562 ι
2261 4505 2382 4562 εἷπε
2410 4510 2465 4563 δὲ
2498 4509 2795 4580 νοήματα·
2826 4509 2887 4562 τὸ
2914 4508 3023 4585 γὰρ
3064 4509 3237 4581 νόημα
3267 4509 3484 4579 κίνησις
3522 4510 3694 4589 dep];

426 4596 615 4665 cupit;
666 4606 834 4665 atque
878 4595 1087 4651 idcirco
1136 4605 1492 4667 utrorumque
1541 4598 1819 4667 possibilia
1870 4600 2010 4656 dixit

426 4690 766 4759 spectacula.
815 4687 932 4743 Non
982 4699 1166 4744 autem
1205 4689 1345 4743 dixit
1393 4690 1783 4760 c0gitationes;
1832 4694 2005 4762 siqui-

429 4788 555 4839 dem
583 4783 841 4852 cogitatio
872 4792 1161 4847 motusest
1189 4782 1420 4849 animat,
1452 4784 1545 4851 qui
1574 4798 1680 4839 non
1713 4784 1962 4841 subsistit
1988 4803 2005 4842 :

429 4877 527 4932 sed
557 4876 890 4945 spectacula,
937 4876 1053 4930 sive
1099 4890 1188 4930 res
1233 4891 1354 4945 quae
1386 4874 1642 4932 effectum
1675 4878 2005 4946 sortiuntur,

428 4980 490 5022 et
512 4968 686 5023 oculis
707 4968 1241 5037 supermundialibus
1263 4984 1539 5039 supraque
1562 4984 1801 5037 sensum,
1827 4972 2007 5039 quoad

432 5060 553 5115 fieri
586 5070 784 5133 potest,
830 5071 1169 5130 spectantur.
1212 5062 1428 5117 Etenim
1460 5065 1885 5132 unumquodque
1916 5080 2009 5118 co-

433 5166 670 5223 gnomen
696 5153 957 5207 mentium
987 5152 1318 5219 divinarum,
1343 5133 1657 5211 Divinitatis
1680 5156 2009 5212 imitatriccs

434 5245 752 5302 earumdem
803 5245 1102 5303 deiformes
1151 5248 1489 5306 demonstrat
1535 5266 1600 5305 ac
1651 5250 1831 5321 signat
1879 5267 2007 5319 pro-

432 5338 720 5409 prietates.
764 5341 1094 5412 Angelorum
1137 5350 1319 5396 autem
1372 5343 1543 5398 Deum
1592 5344 1815 5397 imitans
1879 5357 2007 5411 pro-

438 5436 644 5505 prietas
682 5434 787 5490 alia
823 5443 909 5491 est
951 5436 1115 5501 alius,
1158 5436 1312 5492 verbi
1358 5438 1530 5508 gratia
1556 5476 1572 5502 ,
1621 5438 1881 5491 virtutum
1926 5446 2012 5493 est

435 5528 702 5597 potentia,
730 5528 1157 5585 dominationqu
1203 5545 1335 5587 vero
1369 5532 1630 5599 libertas;
1663 5546 1784 5601 quae
1828 5531 2013 5603 utique

508 5703 624 5775 (13)
666 5702 795 5762 Vide
830 5704 1013 5764 Schol.
1044 5708 1101 5767 S.
1130 5708 1374 5779 Maximi,
1408 5717 1537 5766 tom.
1566 5706 1628 5777 ll,
1660 5721 1782 5779 cap.
1806 5703 1859 5763 8.

2119 4603 2268 4659 ἐστιν
2290 4603 2688 4666 ἀνυπόστατος·
2720 4601 2856 4665 ἀλλὰ
2878 4602 3156 4671 θεάματα,
3186 4602 3350 4673 ἤγουν
3378 4601 3694 4675 ἐνὺπαρκτα

2119 4696 2447 4768 πράγματα,
2492 4695 2689 4761 θεατὰ,
2733 4696 2809 4758 ὡς
2845 4696 3086 4765 ἐφικτὸν,
3116 4678 3413 4766 ὀφθαλμοῖς
3458 4698 3694 4768 ὑπερκο-

2116 4792 2301 4861 σμίοις
2329 4791 2422 4843 καὶ
2450 4791 2590 4861 ὑπὲρ
2622 4789 2892 4860 αἰσθησιν.
2916 4790 3026 4843 Καὶ
3050 4788 3159 4861 γὰρ
3186 4789 3394 4859 ἑκάστη
3414 4790 3698 4859 ἐπωνυμία

2115 4882 2225 4934 τῶν
2256 4881 2413 4934 θείων
2447 4882 2581 4935 νόων
2616 4882 2861 4951 ἐκφαίνει
2892 4881 2988 4934 καὶ
3028 4880 3177 4951 δηλοῖ
3203 4880 3301 4943 τὰς
3331 4880 3697 4952 θεομιμήτους

2120 4974 2391 5044 ἰδιότητας
2416 4974 2515 5025 τοῦ
2541 4974 2805 5037 θεοειδοῦς
2824 4974 3020 5027 αὐτῶν.
3045 4973 3385 5044 Θεομίμητος
3410 4974 3467 5026 δὲ
3502 4974 3697 5042 ἰδιότης

2117 5066 2225 5119 τῶν
2258 5065 2503 5135 ἀγγέλων
2532 5068 2676 5119 ἐστὶν
2705 5066 2837 5135 ἄλλη
2872 5066 2967 5137 μὲν
2998 5064 3181 5127 ἄλλου,
3213 5064 3310 5128 εἰτ’
3336 5059 3431 5117 οὖν
3452 5067 3574 5127 ταῖς
3604 5065 3697 5133 μὲν

2121 5158 2377 5229 δυνάμεσι
2410 5159 2471 5211 τὸ
2494 5157 2734 5220 δυνατὸν,
2764 5161 2883 5221 ταῖς
2916 5157 2973 5210 δέ
2999 5156 3281 5228 κυριότησι
3310 5156 3371 5207 τὸ
3392 5155 3693 5226 ἐλεύθερονο

2115 5250 2152 5305 δ’
2181 5249 2244 5322 δὴ
2283 5252 2375 5305 ἐπὶ
2423 5250 2556 5311 Θεθῦ
2602 5250 2906 5321 ἀσύγκριτα
2931 5252 3038 5303 είσι
3064 5250 3159 5311 καὶ
3197 5249 3510 5320 ὑπέρτατα·
3546 5249 3697 5302 αὖτε-

2116 5344 2370 5417 λεύθερον
2412 5345 2519 5416 γὰρ
2559 5345 2619 5397 τὸ
2662 5344 2814 5397 Θεῖον
2850 5347 2943 5398 καὶ
2984 5344 3373 5413 αὑτοδύναμον,
3410 5342 3603 5405 κοινῶς
3644 5342 3695 5393 δὲ

2118 5438 2281 5491 πάλιν
2316 5441 2429 5501 τοῖς
2458 5438 2591 5491 πᾶσι
2614 5437 2685 5490 τά
2714 5437 2889 5490 πάντα
2920 5438 3053 5491 ἐστί.
3090 5436 3241 5499 Τέως
3276 5436 3335 5490 δὲ
3359 5435 3695 5505 ἀπονενέμη-

2120 5545 2207 5582 ται
2248 5529 2327 5584 ἐνὶ
2354 5528 2571 5600 ἑκάστῳ
2599 5528 2693 5582 ἐπὶ
2720 5526 2882 5585 πλέον
2908 5528 2971 5583 τὸ
3010 5527 3140 5605 ἴδιον
3169 5525 3321 5598 παρὰ
3348 5526 3445 5581 τοῦ
3477 5524 3697 5598 ποιητῦῦ
