3734 6332
107 305 220 362 345

610 298 704 357 DE
751 297 1083 357 C(ELESTI
1119 298 1569 365 IllERABCHIA,
1605 297 1758 355 CAP.
1799 297 1930 355 Vill.
1971 296 2414 354 -—-PARAPHR.
2453 297 2919 356 PACHYMERE.

3275 302 3380 359 246

106 418 313 486 αὐτῶν,
344 417 433 474 ἵνα
470 417 538 472 τὰ
578 418 680 489 τῆς
723 418 933 484 τάξεως
974 417 1155 474 αὐτῶν
1192 418 1333 472 κατὰ
1374 419 1436 472 τὸ
1490 419 1580 472 ιδιά

1905 419 1993 473 )εο
2034 418 2349 474 indistincta
2392 427 2519 473 sunt
2561 428 2618 473 et
2643 418 2917 488 superlata
2943 434 2959 473 :
2986 419 3259 490 siquidem
3294 421 3379 475 di-

110 509 553 581 φυλαχθήσηται.
578 508 698 563 Τῶν
743 510 841 580 μὲν
887 503 979 563 οὖν
1010 509 1179 578 ἁγίων
1218 510 1553 581 κυριοτήτων
1599 510 1700 580 τὴν

109 600 484 672 ἐκδηλωτικὴν
546 601 840 671 ὀνομασίαν
898 600 1265 671 ὑπολαμϐάνω
1323 600 1516 671 δηλοῦν
1566 602 1700 653 ἀνα-

108 694 305 764 γωγήν
348 709 471 748 τινα
516 692 610 749 καὶ
663 690 943 762 ἀναφορὰν
996 691 1327 755 ἀδούλωτον,
1379 692 1473 745 καὶ
1521 692 1703 764 πάσης

109 783 404 854 χθαμαλῆς
437 782 824 853 ταπεινότητος
865 781 1176 854 ἐλευθέραν·
1216 781 1299 835 διὸ
1337 780 1446 853 γὰρ
1487 782 1702 835 ἐλευθε-

114 875 404 948 ροπρεπής
427 875 599 947 ἐστιν,
645 875 821 928 οὐδενὶ
868 874 1055 946 τρόπῳ
1097 874 1357 928 καθόλου
1403 874 1497 927 καὶ
1551 890 1704 927 συνε-

109 963 281 1017 λόντα
308 965 522 1017 είπείν⁹.
548 964 638 1035 Μὴ
664 962 773 1035 γὰρ
810 962 993 1033 εἴπῃς,
1027 962 1109 1015 ὅτι
1139 961 1366 1016 καθόλου
1399 958 1538 1028 εἷπε,
1568 962 1703 1017 διότι

113 1054 365 1127 μερικῶς
398 1056 579 1119 ποσῶς
614 1054 1028 1109 κατακλίνεται·
1073 1055 1246 1109 οὐδενὶ
1295 1056 1474 1110 τοίνυν
1515 1056 1703 1127 τρόπῳ

110 1146 499 1199 κατακλίνεται
548 1163 652 1199 τινι
714 1146 823 1199 τῶν
874 1146 1210 1216 τυραννικῶν
1278 1147 1700 1218 ἀνομοιοτήτων.

113 1237 325 1308 Τρόποι
367 1236 425 1290 δέ
469 1238 573 1289 εἰσι
619 1237 721 1307 τῆς
766 1236 1192 1305 δουλοπρεπείας
1241 1237 1335 1289 καὶ
1380 1236 1479 1306 τῆς
1530 1255 1701 1290 κατα-

114 1327 353 1392 κλίσεως
389 1328 421 1398 ἣ
452 1328 636 1400 φόϐος,
666 1328 699 1398 ἢ
750 1325 932 1390 αἰδὼς,
965 1326 997 1397 ἢ
1031 1327 1307 1389 κολακεία,
1343 1327 1375 1398 ἢ
1423 1326 1627 1389 ἔνδεια,
1668 1326 1702 1396 ἢ

109 1420 430 1493 ὲμπάθεια,
465 1420 498 1492 ἢ
543 1421 637 1474 καλ¹
682 1419 857 1474 πάντα
898 1419 1055 1490 ὁμοῦ,
1088 1420 1122 1490 ἥ
1166 1436 1316 1472 τιναο
1348 1419 1383 1473 ἃ
1416 1419 1478 1491 δὴ
1526 1419 1704 1472 πάντα

110 1516 233 1570 ⁴τῶν
280 1516 611 1586 κυριοτήτων
660 1513 849 1584 πόρρω
895 1512 1033 1574 eici,
1085 1511 1151 1563 δι’
1192 1511 1228 1564 ἃ
1266 1511 1426 1580 τυχὸν
1482 1510 1704 1564 ὑποκλι-

113 1608 267 1661 θεῖεν
296 1610 407 1668 τοῖς
436 1606 694 1677 χείροσιν,
740 1604 771 1675 ἢ
800 1604 1103 1657 διακοπεῖεν
1140 1602 1241 1673 τῆς
1285 1603 1540 1672 τοιαύτης
1569 1604 1704 1655 ἀνα-

111 1699 334 1769 γωγῆς.
375 1698 558 1751 Ταῦτα
599 1696 707 1768 γΞιρ
740 1697 809 1750 τὰ
856 1697 1021 1768 χείρω
1056 1695 1148 1749 καὶ
1185 1694 1344 1748 ύλικὰ
1386 1694 1567 1764 λέγει,
1610 1698 1706 1751 καὶ

1802 511 1986 563 viuum
2014 509 2223 564 Numen
2252 510 2427 578 ipsum
2464 526 2560 580 per
2588 527 2647 565 se
2674 512 2935 577 liberum,
2963 526 3062 581 per
3086 527 3146 566 se
3189 521 3385 582 potens

1802 609 1923 666 est,
1966 603 2331 655 communiter
2373 613 2560 655 autem
2595 603 2851 657 omnibus
2884 604 3066 657 omnia
3108 614 3211 658 est.
3243 603 3385 658 Hac-

1805 701 1966 747 tenus
2034 704 2218 747 autem
2267 701 2327 747 ut
2374 694 2669 763 plurimum
2728 694 2946 749 cuilibet
3002 706 3190 751 eorum
3253 694 3384 763 quid

1792 786 2085 855 proprium
2125 786 2192 839 ab
2222 785 2461 840 Auctore
2505 786 2860 842 distributum
2909 797 3014 850 est,
3057 796 3115 840 ut
3164 802 3227 842 ea
3263 803 3385 855 qua:

1805 887 1932 931 sunt
1961 877 2167 932 ordinis
2196 892 2413 943 eorum,
2458 879 2760 932 secundum
2803 879 3194 948 proprietatem
3226 895 3383 934 suam

1807 978 2293 1025 conservarentur.
2340 969 2550 1025 Nomen
2604 970 2786 1038 itaque
2833 971 2978 1039 quod
3021 979 3239 1024 sanctas
3283 971 3384 1024 de-

1804 1060 1983 1129 signat
2013 1058 2436 1123 dominationes,
2467 1059 2726 1114 existimo
2755 1058 3044 1113 declarare
3074 1059 3383 1115 absolutum

1804 1151 2059 1220 aliquem,
2086 1160 2138 1205 et
2169 1152 2237 1204 ab
2266 1150 2414 1203 omni
2451 1160 2666 1205 terrena
2699 1151 2908 1204 vilitate
2936 1150 3163 1204 liberum
3190 1153 3258 1206 ad
3292 1167 3386 1206 su-

1805 1255 1974 1310 perna
2030 1240 2324 1294 transitum
2370 1257 2384 1293 :
2432 1240 2639 1296 idcirco
2680 1240 2826 1294 enim
2886 1240 3028 1295 liber
3068 1249 3188 1303 est,
3238 1242 3384 1309 quod

1808 1334 1954 1389 nullo
1986 1349 2209 1403 prorsus
2244 1334 2402 1387 modo
2432 1334 2733 1402 quidquam
2780 1333 2851 1387 sit
2892 1346 2998 1401 quo
3042 1332 3272 1386 detineri
3303 1333 3386 1386 di-

1807 1437 1989 1480 catur.
2018 1426 2160 1480 Cave
2192 1440 2318 1481 vero
2347 1426 2514 1489 dicas,
2545 1440 2668 1480 eum
2710 1440 2926 1493 prorsus
2972 1424 3211 1490 dixisse,
3239 1429 3384 1493 quod

1809 1519 2117 1589 partialiter
2169 1520 2503 1588 quandoque
2579 1517 2929 1573 inclinetur:
2981 1518 3131 1571 nullo
3201 1520 3385 1586 itaque

1809 1611 1969 1663 modo
2019 1609 2300 1681 tyrannica
2350 1606 2799 1661 dissimilitudine
2843 1606 3102 1675 quapiam
3147 1606 3384 1660 inclina-

1812 1714 1920 1755 tur.
1954 1700 2097 1755 Modi
2128 1710 2307 1753 autem
2337 1699 2618 1753 servitutis
2645 1705 2806 1765 atque
2838 1697 3206 1751 inciiuationis
3235 1708 3384 1759 sunt,

113 1791 455 1863 τυραννικὰς
490 1791 899 1860 ἀνομοιότητας,
934 1788 1054 1842 καθ’
1084 1788 1151 1852 ἃς
1183 1790 1211 1840 ὁ
1250 1789 1345 1842 νῦν
1380 1789 1587 1859 τυχδνιῖ

1928 1797 2111 1859 timor,
2142 1793 2224 1848 vel
2256 1794 2450 1863 pudor,
2483 1792 2568 1847 vel
2598 1791 2859 1859 adulatio,
2903 1789 2985 1844 vel
3018 1801 3256 1859 egestas,
3298 1789 3386 1843 vel

115 1883 218 1945 λὸς
258 1883 502 1954 χαμηλὸς
529 1882 617 1937 διὰ
652 1882 833 1952 φόϐον,
865 1883 899 1953 ἢ
933 1881 1020 1935 διά
1044 1899 1097 1935 τι
1124 1880 1364 1936 τοιοῦτον
1384 1899 1396 1911 ·
1435 1882 1529 1935 καὶ
1554 1884 1583 1935 ό
1612 1881 1706 1936 νῦν

112 1975 370 2047 χαμηλὸς
431 1971 586 2039 αὖθις
640 1974 841 2046 ὑψηλὸς
878 1975 943 2027 δι’
983 1974 1317 2045 ἐμπάθειαν·
1366 1977 1707 2045 τυραννεῖται

112 2068 230 2139 γὰρ
294 2069 387 2121 καὶ
437 2062 590 2131 οὗτος
640 2068 789 2140 παρὰ
844 2068 944 2139 τῆς
998 2066 1319 2137 ἐμπαθείας.
1371 2065 1607 2119 Τοιαῦτα
1649 2067 1707 2119 δέ

110 2161 225 2214 εισι
279 2160 375 2213 καὶ
422 2158 492 2212 τὰ
536 2159 721 2225 ama,
754 2160 831 2223 ὡς
877 2158 1139 2231 μηδέποτε
1185 2159 1413 2229 μένοντα
1451 2159 1545 2211 ἐπὶ
1578 2175 1707 2210 ταυ-

110 2250 379 2322 τότητος,
423 2251 536 2305 ἀλλ’
580 2253 666 2307 ἀεὶ
713 2252 1130 2324 μεταϐάλλοντα.
1186 2252 1403 2306 Τούτων
1453 2253 1706 2306 ἁπάντων

111 2342 226 2396 τῶν
276 2344 615 2415 τυραννικῶν
663 2346 1089 2417 ἀνομοιοτήτων,
1130 2345 1236 2398 τῶν
1278 2345 1477 2399 ὑλικῶν
1513 2362 1574 2397 τε
1613 2346 1708 2399 καὶ

108 2439 369 2501 εἰκαίων,
409 2438 683 2511 ἐλεύθεροί
729 2441 865 2493 είσιν
908 2441 965 2493 αἱ
1004 2441 1349 2511 κυριότητες,
1382 2442 1457 2504 ὼς
1496 2440 1707 2510 ἀμείλι-

113 2544 263 2590 κτοι,
288 2529 381 2581 καὶ
408 2528 589 2599 πάσης
610 2529 1029 2602 δουλοπρεπείας
1053 2531 1466 2603 ὑπερκείμεναι.
1489 2533 1579 2604 Μή
1617 2549 1706 2603 μοι

111 2618 213 2677 οὖν
241 2621 448 2689 λεγέτω
474 2638 576 2684 τις,
619 2622 702 2675 ὅτι
734 2623 827 2675 καὶ
857 2623 909 2675 τί
949 2623 1086 2694 πρὸς
1114 2623 1205 2675 τὸν
1237 2622 1368 2676 Θεὸν
1397 2625 1497 2677 οὐκ
1527 2624 1706 2695 ἔχουσι

113 2714 212 2767 τὸν
241 2712 408 2783 φόϐον
442 2715 536 2766 καί⁵
566 2714 662 2785 τὴν
698 2714 1063 2779 δουλοποιίαν;
1094 2716 1336 2769 ἀκουέτω
1365 2714 1492 2787 γὰρ,
1524 2716 1605 2769 ὅτι
1643 2718 1705 2770 οὐ

112 2805 368 2860 τοιοῦτον
400 2805 563 2875 φόϐον
593 2808 686 2860 καὶ
713 2809 774 2860 οὐ
804 2808 1059 2878 τοιαύτην
1093 2808 1224 2878 φησὶ
1262 2807 1704 2879 δουλοπρέπειαν,

114 2896 261 2952 ἀλλὰ
287 2896 385 2969 τὴν
411 2899 547 2969 πρὸς
574 2900 635 2952 τὸ
653 2904 855 2971 χεῖρον,
885 2900 953 2953 τὰ
981 2900 1216 2971 αἰσθητά
1244 2918 1383 2972 φημι
1406 2903 1499 2954 καὶ
1522 2918 1707 2971 σωμα-

112 2991 271 3045 τικά.
315 2990 498 3043 Ταῦτα
528 2992 635 3063 γὰρ
665 2994 725 3046 οὐ
767 2992 1108 3066 συγχωροῦσι
1136 2993 1205 3047 τὰ
1251 2995 1418 3058 ὅντως
1450 2994 1578 3049 ὄντα
1616 2996 1705 3047 ἐν-

114 3085 287 3135 νοεῖν.
320 3073 389 3152 ᾯ
421 3082 530 3153 γὰρ
574 3083 803 3153 ἥττήταί
846 3101 959 3149 τις,
1005 3085 1177 3156 τούτῳ
1220 3087 1314 3139 καὶ
1353 3084 1701 3149 δεδούλωται,

1810 1888 2015 1958 passio,
2066 1885 2148 1940 vel
2196 1885 2363 1939 etiam
2415 1886 2596 1937 omnia
2645 1882 2838 1946 simul,
2889 1881 2973 1936 vel
3011 1881 3234 1949 aliqua:
3268 1894 3388 1949 qua:

1809 1981 1992 2033 omnia
2020 1977 2265 2049 profecto
2300 1978 2455 2046 longe
2485 1978 2683 2030 absunt
2709 1991 2739 2029 a
2771 1974 3253 2039 dominationibus,
3292 1989 3388 2044 per

1809 2086 1928 2139 qua:
1956 2068 2095 2124 forte
2122 2068 2485 2123 deterioribus
2508 2068 2929 2137 subjicereutur,
2958 2065 3042 2120 vel
3075 2066 3385 2120 istiusmodi

1810 2164 1878 2217 ad
1927 2177 2159 2232 superna
2210 2160 2469 2215 transitus
2519 2160 2892 2227 impediretur.
2930 2157 3060 2212 Hmc
3109 2159 3256 2212 enim
3292 2158 3386 2212 de.

1811 2255 2011 2308 teriora
2047 2254 2178 2309 dicit
2218 2262 2272 2307 et
2320 2252 2642 2317 materialia,
2692 2252 3111 2322 tyrannicasque
3146 2251 3387 2319 ina-qua-

1810 2343 1992 2400 litates
2041 2346 2339 2399 secundum
2382 2357 2518 2409 quas
2564 2340 2657 2409 qui
2726 2330 2887 2395 modo
2919 2340 3097 2394 elatus
3144 2349 3261 2405 est,
3291 2352 3388 2407 per

1810 2438 2063 2491 timorem
2097 2436 2176 2489 vel
2207 2436 2334 2505 quid
2365 2433 2547 2488 simile
2578 2432 2857 2502 dejicitur;
2892 2440 2945 2485 et
2972 2431 3063 2501 qui
3104 2430 3263 2484 modo
3293 2430 3389 2483 de-

1803 2531 1986 2601 jectus
2052 2540 2172 2591 est,
2221 2541 2437 2581 rursum
2506 2524 2680 2579 elatus
2739 2524 2799 2576 iit
2850 2538 2947 2593 per
2999 2520 3385 2577 affectionem:

1808 2622 2062 2692 quoniam
2096 2621 2182 2675 ltic
2212 2620 2376 2675 etiam
2406 2617 2473 2671 ab
2516 2614 2819 2672 istiusmodi
2866 2613 3153 2669 aii‘ectioue
3198 2622 3388 2686 tyran-

1808 2715 1930 2768 nice
1979 2716 2337 2784 gubernatur.
2371 2709 2681 2767 Istiusmodi
2730 2710 2893 2764 etiam
2928 2720 3060 2764 sunt
3088 2709 3178 2763 illa
3214 2719 3388 2763 malev

1811 2808 1988 2870 rialia,
2020 2820 2079 2861 ut
2102 2822 2223 2877 quae
2249 2821 2523 2874 nunquam
2556 2807 2607 2861 in
2636 2807 2827 2861 eodem
2862 2815 3005 2861 statu
3039 2813 3388 2874 permanent.

1808 2901 1903 2954 sed
1933 2914 2149 2967 semper
2181 2909 2577 2968 permutantur.
2613 2899 2772 2953 llisee
2803 2899 3056 2953 omnibus
3086 2895 3388 2967 tyrannicis

1807 2987 2181 3043 matcrialibus
2207 2995 2259 3041 et
2283 2987 2531 3042 inanibus
2555 2988 3016 3057 inrequalitatibus
3048 2986 3237 3041 liberae
3276 2984 3388 3055 78

1808 3090 1934 3135 sunt
1963 3080 2377 3145 dominationes,
2404 3090 2588 3151 utpote
2613 3082 2960 3150 incorrupta},
2979 3079 3239 3147 oumique
3263 3094 3382 3132 ser-

115 3170 331 3241 ταύτην
359 3172 453 3225 καὶ
500 3172 793 3244 μειωτικὴν
822 3174 987 3243 λέγει.
1019 3174 1109 3229 Διὸ
1139 3176 1233 3229 καὶ
1273 3176 1539 3229 ἀνένδοτοί
1568 3194 1589 3228 ε

1910 3182 1978 3227 ιιε
2006 3172 2336 3240 superiores.
2365 3171 2472 3227 Nec
2502 3173 2624 3242 quis
2657 3173 2789 3227 mihi
2830 3173 2978 3228 dicat
3011 3171 3120 3235 hic,
3151 3185 3247 3224 eos
3277 3184 3384 3223 nou

118 3262 318 3331 ὑφέσει
346 3261 495 3334 πάσῃ
524 3263 617 3315 καὶ
644 3264 1024 3336 ὑποδιϐασμῶ,
1047 3266 1140 3319 καὶ
1168 3265 1459 3337 ἐξῄρηνται
1488 3266 1706 3337 ἁπάσης

115 3353 526 3424 ἀνομοιότητος,
555 3357 632 3419 ὡς
657 3356 753 3411 νῦν
790 3358 886 3428 μὲν
917 3358 1046 3421 ἴσως
1092 3354 1231 3413 εἷναι
1276 3358 1485 3429 ὑψηλὰς
1513 3360 1703 3423 αὐτὰς,

115 3445 217 3499 νῦν
247 3446 310 3499 δὲ
350 3447 748 3521 ὑποϐεϐηκυίας
791 3449 1154 3505 παντάπασιν.
1202 3451 1474 3519 Ἐφίενται
1519 3451 1574 3504 δέ
1607 3451 1707 3521 τῆς

116 3538 294 3601 ὅντως
338 3540 682 3611 κυριότητος,
728 3542 952 3612 καὶτῆς
995 3541 1103 3595 τῶν
1134 3545 1471 3613 κυριοτήτων
1499 3543 1705 3615 ἀρχῆς,

116 3637 296 3709 ἤγουν
331 3637 434 3710 τῆς
479 3638 773 3711 Θεότητος·
815 3643 910 3696 καὶ
957 3643 1285 3712 ἀγαθοειδῶς
1320 3645 1407 3697 ἀεὶ
1445 3644 1705 3697 διαπλάτη

114 3750 277 3788 τουσι
313 3734 387 3805 μὴ
420 3733 589 3805 μόνον
625 3736 846 3802 ἑαυτὰς,
878 3738 1015 3799 ἀλλὰ
1061 3741 1154 3792 καὶ
1187 3738 1289 3803 τὰς
1342 3739 1459 3811 μετ’
1505 3738 1704 3803 αὑτὰς,

118 3823 196 3888 ὡς
240 3825 486 3892 ἐφικτὸν,
523 3826 661 3898 πρὸς
702 3828 801 3900 τὴν
845 3828 1142 3900 ἐμφέρειαν
1179 3832 1273 3885 καὶ
1316 3831 1413 3901 τὴν
1450 3832 1708 3902 ὁμοίωσιν

115 3913 219 3985 τὴν
268 3915 470 3986 κυρίαν
514 3918 609 3976 καὶ
636 3917 893 3990 ἀληθινὴν
921 3921 1112 3990 αὐτῆς,
1142 3923 1309 3992 ἣγουν
1351 3922 1452 3992 τῆς
1482 3940 1709 3994 κυριαρ-

117 4003 266 4072 κίας.
304 4004 445 4075 Ὅρα
481 4005 538 4059 δέ
578 4007 657 4059 ὅτι
695 4008 795 4061 οὐκ
838 4010 1078 4078 ἐφίενται
1120 4012 1337 4075 πάντως
1377 4012 1707 4084 ὑψηλοτέρου

122 4092 372 4164 βαθμοῦ’
401 4090 547 4167 εἶχον
587 4096 694 4169 γὰρ
734 4098 800 4153 ἂν
836 4100 934 4170 τὴν
962 4099 1146 4170 ἔφεσιν
1178 4102 1315 4174 πρὸς
1350 4102 1448 4174 τὴν
1486 4103 1708 4175 πρώτην

118 4182 505 4256 διακόσμησιν,
538 4190 630 4249 καὶ
659 4190 930 4261 ἐμπάθεια
957 4188 1025 4264 ἦν
1052 4194 1110 4246 ἐν
1142 4195 1354 4259 αὐτοῖς,
1384 4196 1479 4248 καλ⁸
1512 4213 1709 4268 τυραν-

120 4275 259 4346 νικῷ
305 4276 652 4333 ἐδεδούλωντο
680 4281 860 4335 πάθει.
893 4284 967 4336 Οὐ
1005 4284 1164 4338 τοῦτο
1201 4285 1353 4354 γοῦν,
1389 4287 1504 4341 ἀλλ’
1530 4289 1710 4357 ἐφίεν-

119 4383 234 4430 ται,
278 4370 376 4422 καὶ
418 4371 581 4429 οἱονεὶ
619 4373 975 4445 ἀγαπητικῶς
1014 4376 1195 4447 έχουσι
1239 4378 1339 4449 τῆς
1385 4380 1580 4451 κυρίας
1615 4382 1709 4434 καὶ

119 4460 495 4531 κυριαρχικῆς
521 4463 835 4535 ἐμφερείας,
868 4464 944 4529 ὡς
984 4466 1157 4531 ἄλλως
1188 4468 1263 4539 μὴ
1299 4468 1709 4541 ὂνκκυριότητας

1809 3266 2015 3322 habere
2061 3268 2313 3321 timorem
2360 3282 2425 3321 ac
2463 3268 2780 3322 servitutem
2812 3266 2906 3322 Dei
2942 3287 2954 3322 :
2987 3267 3172 3321 audiat
3216 3266 3383 3331 enim,

1810 3369 1871 3415 ut
1912 3373 2018 3413 non
2069 3357 2371 3412 istiusmodi
2422 3359 2696 3425 timorem,
2747 3374 2922 3427 neque
2960 3357 3121 3412 talem
3148 3359 3386 3413 servitu-

1810 3460 1916 3507 tem
1949 3451 2116 3514 dicat,
2147 3451 2240 3504 sed
2266 3465 2386 3504 eam
2412 3466 2531 3519 qua:
2553 3459 2636 3505 est
2666 3465 2848 3505 rerum
2881 3452 3235 3515 deteriorum,
3264 3465 3388 3504 sen-

1810 3542 2083 3606 sibilium,
2130 3543 2382 3610 inqttam,
2425 3552 2479 3597 et
2507 3558 2892 3613 corporearunt
2920 3562 2933 3596 :
2967 3541 3052 3595 illa
3099 3543 3246 3596 enim
3278 3557 3386 3596 non

1810 3637 1997 3692 sinunt
2028 3651 2091 3691 ea
2139 3651 2260 3706 qua:
2293 3651 2419 3691 vera
2470 3646 2598 3691 sunt
2634 3637 3005 3691 considerare.
3054 3634 3189 3689 Nam
3220 3650 3248 3689 a
3279 3651 3389 3705 quo

1810 3732 1935 3800 quis
1978 3729 2223 3784 devictus
2269 3740 2382 3796 est,
2415 3730 2531 3800 ejus
2566 3738 2621 3784 et
2662 3746 2854 3785 servus
2893 3730 3068 3785 factus
3098 3740 3203 3793 est,
3249 3730 3391 3783 hanc

1810 3824 1974 3878 etiam
2003 3823 2415 3877 imminueutem
2450 3834 2629 3877 vocat.
2676 3823 2883 3878 idcirco
2920 3825 3086 3878 etiam
3125 3825 3192 3878 ab
3234 3824 3389 3878 omni

1812 3912 2119 3980 dejectione
2142 3928 2207 3967 ac
2236 3912 2573 3982 subjectimte
2606 3914 2790 3968 libera:
2819 3923 2967 3977 sunt,
2994 3923 3052 3969 et
3076 3914 3388 3969 eximuntur

1811 4006 1880 4060 ab
1921 4006 2069 4061 omni
2119 4005 2505 4074 inmqualitate,
2539 4021 2605 4060 ne
2637 4007 2798 4062 modo
2842 4007 3063 4076 quidem
3116 4006 3253 4060 forte
3291 4022 3387 4062 su-

1810 4099 2005 4155 blimes
2053 4101 2201 4164 sint,
2242 4100 2401 4153 modo
2447 4113 2576 4153 vero
2615 4100 2868 4153 omnibus
2907 4100 3185 4168 subjectae.
3232 4099 3388 4154 Desi-

1812 4190 2005 4245 derant
2059 4200 2239 4246 autem
2297 4204 2485 4244 verum
2547 4189 2919 4258 dominatum,
2966 4199 3019 4244 et
3064 4191 3387 4261 principium

1811 4280 2261 4341 dominationum.
2297 4280 2347 4333 id
2387 4286 2470 4334 est
2520 4277 2905 4346 Divinitatem;
2936 4290 3102 4349 atque
3145 4282 3390 4336 bonil’or-

1810 4371 1971 4426 initer
2001 4386 2215 4440 semper
2240 4386 2345 4424 non
2374 4370 2694 4437 semetipsas
2724 4379 2958 4437 tantum,
2994 4387 3184 4427 verum
3217 4374 3383 4428 etiam

1814 4463 2119 4527 inferiores,
2151 4464 2328 4531 quoad
2362 4461 2476 4515 ﬁeri
2518 4471 2716 4531 potest,
2745 4478 2958 4532 semper
2994 4465 3388 4522 transformant

118 4547 300 4611 αὐτὰς
329 4544 494 4613 εἶναι,
524 4552 557 4621 ἢ
594 4551 765 4617 οὕτως
803 4555 1032 4625 ἐχούσας
1060 4558 1196 4629 πρὸς
1221 4560 1311 4612 τὸν
1340 4561 1576 4632 Ποιητὴν

1928 4556 2200 4624 propriam
2231 4567 2526 4623 veramque
2571 4553 2699 4619 Dei,
2747 4554 2863 4608 sive
2893 4556 3201 4612 dominatus
3229 4559 3387 4627 priu-

117 4637 253 4701 τῶν,
301 4639 378 4702 ὡς
405 4640 699 4711 λαμβάνειν
748 4646 953 4700 ἐκεῖθεν
980 4648 1077 4719 τὴν
1119 4649 1220 4719 τῆς
1254 4653 1571 4723 κυριότητος
1618 4655 1709 4707 σύε

122 4742 338 4782 στασιν.
384 4730 830 4803 Ἐπιστρέφονται
868 4737 925 4791 δὲ
964 4739 1100 4810 πρὸς
1135 4740 1284 4797 οὐδὲν
1322 4743 1431 4796 τῶν
1458 4745 1582 4815 εἰκῆ
1622 4745 1709 4797 δο-

120 4815 388 4880 κούντων,
420 4820 587 4890 ἦγουν
616 4824 724 4877 τῶν
772 4829 1099 4897 σωματικῶν
1144 4833 1237 4883 καὶ
1281 4833 1355 4904 μὴ
1404 4836 1708 4905 προσηκόν-

121 4924 251 4973 των,
285 4910 425 4965 ἀλλὰ
465 4914 603 4986 πρὸς
637 4916 699 4971 τὸ
734 4920 939 4990 κυρίως
966 4921 1044 4986 ὃν,
1081 4923 1170 4976 τὸν
1198 4924 1349 4990 Θεὸν,
1379 4928 1474 4980 καὶ
1502 4927 1710 4996 γίνεται

121 4998 179 5053 ἐν
210 5002 479 5076 μετουσίᾳ
522 5006 623 5076 τῆς
668 5013 1033 5084 κυριαρχικῆς
1061 5013 1348 5080 θεοειδείας
1376 5018 1514 5073 κατὰ
1544 5020 1604 5072 τὸ
1629 5020 1711 5074 δυ-

119 5090 283 5144 νατὸν
311 5093 505 5163 αὐτῆς,
535 5096 611 5160 ὡς
639 5093 775 5152 εἶναι
804 5102 897 5155 καὶ
924 5103 1125 5168 ταύτας
1153 5107 1374 5178 κυρείας
1402 5110 1495 5161 καὶ
1522 5109 1705 5179 κυριό-

119 5196 316 5254 τητας.
354 5186 688 5258 Ἀμείλικτον
712 5193 768 5246 δέ
796 5211 927 5264 φησι
968 5198 1256 5269 κυριότητα
1284 5201 1389 5272 τὴν,
1409 5202 1698 5273 ἀναγωγὴν
1730 5206 1739 5218 “’

121 5276 338 5340 αὐτῶν,
384 5280 548 5335 οἱονεὶ
608 5285 1003 5353 ἀκολάκευτον,
1044 5290 1472 5362 ὰπαρέγκλιτον,
1522 5295 1709 5365 μηδενὶ

125 5371 500 5445 γαργαλισμῷ
548 5376 651 5447 τῆς
702 5378 834 5450 ὕλης
874 5383 1318 5456 ὑποκλινομένην.
1355 5388 1483 5441 Λύει
1527 5388 1583 5442 δέ
1626 5391 1711 5441 ἐνη-

121 5462 303 5515 ταῦθα
328 5466 422 5517 καὶ
447 5467 670 5540 σφάλμα
698 5489 750 5524 τι
780 5472 888 5528 τῶν
915 5474 1209 5546 έλληνικῶν
1248 5478 1570 5549 φιλοσόφων,
1612 5481 1707 5551 καὶ

125 5555 370 5620 εὐσεϐῶς
417 5560 779 5633 ἐπισκήπτει*
820 5567 1015 5621 ἐκεῖνοι
1046 5570 1153 5642 γὰρ
1183 5571 1319 5636 ίδὶας
1352 5572 1505 5637 τινὰς
1546 5573 1704 5629 δυνά-

129 5670 251 5721 μεις
282 5661 434 5729 τρεῖς
462 5660 806 5731 ἀμειλίκτους
836 5669 1303 5742 προσηγόρευσαν,
1343 5673 1708 5744 προελθούσας

127 5746 207 5808 είς
238 5745 477 5821 ὕπαρξιν
505 5753 569 5806 έκ
605 5772 765 5809 τινων
795 5759 901 5829 πρὸ
929 5760 1107 5817 αὐτῶν
1136 5763 1337 5834 ἐτέρων
1359 5764 1525 5835 τριῶν
1552 5766 1709 5820 δυνάο

130 5851 305 5910 μων,
341 5842 402 5897 οὐ
440 5844 546 5918 μὴν
574 5848 637 5902 ἐκ
670 5848 805 5904 Θεοῦ
836 5850 1327 5927 δημιουργηθείσας
1374 5856 1577 5923 ξδικῶς’
1617 5859 1708 5915 καί

1813 4646 1959 4714 cipii,
1980 4644 2390 4700 similitudinem
2415 4653 2471 4699 et
2491 4645 2958 4700 assimilatiouem.
2980 4647 3215 4702 Observa
3236 4663 3383 4712 vero,

1812 4738 2087 4808 quomodo
2118 4753 2227 4792 nou
2260 4746 2521 4806 appetant
2562 4738 2785 4792 omnino
2828 4741 3055 4807 gradum
3108 4741 3389 4794 sublimio-

1812 4849 1972 4889 rem:
2025 4833 2361 4887 ambiveran:
2413 4832 2558 4887 enim
2605 4832 2801 4900 aliqum
2856 4833 3083 4899 primam
3124 4832 3386 4886 distribu-

1813 4926 2047 4988 tionem,
2092 4933 2150 4979 et
2198 4923 2414 4978 ail‘ectio
2466 4932 2585 4977 erat
2626 4923 2680 4976 in
2728 4923 2830 4986 eis,
2882 4934 3045 4991 atque
3095 4924 3389 4993 tyrannica:

1811 5016 2052 5088 passioui
2101 5015 2360 5083 subjecta:
2407 5022 2556 5069 sunt.
2602 5012 2721 5067 Non
2782 5014 2855 5067 ita
2897 5014 3041 5078 ista),
3076 5014 3169 5067 sed
3218 5028 3388 5082 appe-

1816 5119 1958 5176 tunt,
1986 5120 2039 5163 et
2065 5108 2477 5180 quodammodo
2498 5107 2745 5162 obtinent
2772 5121 2867 5176 per
2897 5107 3262 5171 dilectionem,
3292 5107 3391 5161 do-.

1815 5205 2118 5270 minatum,
2171 5212 2227 5258 et
2265 5201 2519 5273 principii
2567 5203 2880 5256 dominatus
2931 5200 3384 5264 similitudinem;

1814 5298 1890 5352 ita
1918 5306 1979 5352 ut
2008 5296 2145 5351 alias
2171 5311 2278 5351 non
2302 5304 2486 5351 essent
2511 5296 2933 5357 dominationes,
2960 5294 3066 5348 nisi
3099 5293 3202 5349 hoc
3227 5296 3388 5348 modo

1812 5404 1943 5457 erga
1974 5390 2322 5445 Conditorem
2348 5404 2503 5444 suum
2530 5388 2898 5451 adicerentur,
2928 5388 3002 5442 ita
3032 5395 3089 5440 ut
3117 5387 3243 5440 inde
3270 5395 3387 5440 sta.

1814 5493 1926 5536 tum
1958 5482 2347 5536 dominationis
2377 5479 2667 5549 accipiant.
2694 5480 2773 5532 Ad
2807 5478 2943 5533 nihil
2978 5488 3159 5532 autem
3192 5492 3385 5532 eorum

1813 5590 1936 5646 qua:
1968 5584 2169 5629 temere
2193 5589 2325 5643 appa
2337 5583 2455 5629 rent
2483 5580 2902 5637 convertuntur,
2928 5569 3119 5640 quales
3138 5578 3265 5623 sunt
3296 5584 3386 5623 res

1812 5683 2087 5738 corporeae
2127 5677 2182 5723 et
2229 5668 2531 5734 indecora};
2564 5666 2657 5721 sed
2703 5666 2770 5718 ad
2804 5664 2855 5718 id
2894 5664 3036 5733 quod
3090 5677 3216 5717 vere
3262 5672 3382 5726 est,

1812 5763 2023 5819 scilicet
2054 5762 2246 5826 Deum,
2274 5770 2437 5831 atque
2467 5766 2563 5823 ita,
2596 5768 2860 5827 quantum
2911 5757 2963 5811 in
2998 5757 3077 5811 eis
3115 5763 3219 5817 est,
3253 5769 3385 5822 para

1815 5857 2013 5929 ticipes
2044 5855 2180 5915 ﬁunt
2211 5854 2591 5912 deiformitatis
2620 5853 2899 5925 ipsiusmet
2926 5850 3176 5922 principii
3202 5847 3382 5903 domi-
