3722 6306
397 270 504 326 247

1549 266 1606 324 S.
1646 264 1944 323 DIONYSII
1975 263 2439 325 ΑΒΕΟΡΑΟΙΤᾹὲὶ

3539 262 3637 322 Ξιὸ

399 384 702 450 nationum,
728 383 865 440 sicut
902 385 1069 438 etiam
1102 384 1232 452 ipsae
1266 383 1374 437 sint
1404 382 1716 437 dominatus
1761 396 1825 436 ac

2165 396 2233 432 rw
2282 375 2419 432 εἶναι
2467 380 2594 440 τοὺς
2650 377 2996 448 ἀμειλίκτους
3050 376 3270 440 τούτους
3322 378 3635 444 ὺποπεζίους

396 477 744 532 minationes.
789 476 993 531 Eorum
1034 486 1216 531 autem
1266 478 1332 531 ad
1380 489 1614 544 superna
1646 475 1966 538 transitum,

398 566 823 622 dominationem
867 576 1027 622 vocat
1060 566 1431 633 inﬂexibilem,
1459 567 1614 636 quasi
1644 566 1972 620 adulationis

397 667 451 711 et
479 657 725 712 criminis
751 668 1050 723 exsortem,
1089 660 1230 713 nulla
1263 660 1503 714 materiae
1538 659 1845 714 titillatione
1878 660 1963 711 in-

396 749 676 802 clinatam.
707 746 882 801 Solvit
928 757 1109 802 autem
1146 749 1236 802 hic
1287 750 1452 802 etiam
1501 764 1743 803 errorem
1787 763 1973 815 quem-

398 839 521 891 dam
578 838 1021 908 philosophorum
1100 839 1428 909 gentilium,
1483 855 1643 910 quem
1725 839 1973 909 religiose

396 926 718 997 perstringit
756 941 773 979 :
812 928 887 982 illi
940 929 1081 983 enim
1124 930 1372 997 proprias
1427 930 1687 998 quasdam
1744 931 1973 983 virtutes

397 1028 512 1071 tres
551 1017 873 1073 inﬂexibiles
904 1018 1279 1088 appellabant,
1320 1035 1442 1089 qua:
1489 1034 1555 1073 ex
1593 1019 1714 1073 aliis
1759 1033 1975 1089 quoque

393 1110 573 1165 tribus
621 1110 893 1179 prioribus
939 1111 1239 1165 virtutibus
1295 1113 1348 1165 in
1403 1111 1579 1166 lucem
1626 1111 1973 1183 prodierant,

392 1216 501 1254 non
532 1212 709 1254 autem
740 1218 767 1255 a
800 1203 908 1257 Deo
939 1204 1161 1273 proprie
1186 1203 1405 1257 fuerant
1431 1214 1733 1273 procreatze
1758 1220 1772 1259 :
1801 1204 1977 1258 aiunt-

394 1306 519 1359 que,
565 1291 663 1346 has
693 1291 1021 1347 inllexibiles
1063 1291 1405 1363 spiritalibus
1438 1293 1526 1359 iis,
1558 1307 1589 1349 a
1618 1291 1818 1361 quibus
1848 1305 1975 1359 pro-

392 1383 566 1440 ducta:
594 1383 829 1451 fuerant,
871 1384 1169 1439 virtutibus
1219 1385 1543 1450 substratus,
1575 1395 1633 1438 ut
1665 1384 1971 1439 retinerent

392 1476 793 1543 quodammodo
841 1485 894 1532 et
946 1476 1228 1545 subirent,
1279 1492 1344 1532 ac
1388 1477 1711 1532 cohiberent
1762 1477 1976 1546 priores

392 1566 538 1631 illas,
568 1582 635 1621 ne
680 1568 734 1621 in
782 1568 1069 1622 materiam
1106 1567 1502 1634 dilaberentur;
1539 1577 1704 1637 atque
1748 1567 1850 1622 hoc
1889 1566 1974 1619 in-

392 1658 664 1713 ﬁrmiores
702 1673 825 1713 esse
864 1659 931 1713 iis
975 1672 1093 1726 quae
1134 1659 1345 1729 seipsas
1388 1659 1788 1729 produxerunt,
1833 1659 1973 1727 quod

2069 472 2178 524 τῶν
2226 471 2678 542 προϐαλλομένων
2724 469 2894 532 αὐτὰς
2940 469 3146 541 νοητῶν
3188 468 3489 539 δυνάμεων,
3521 471 3636 523 ἀνα-

2073 563 2384 624 στέλλοντας
2412 561 2717 632 ῶσπερηκαὶ
2739 560 3112 623 ἐπιϐαίνοντας
3139 561 3232 614 καὶ
3258 561 3638 632 ἀντεχομένους

2071 654 2178 707 τῶν
2221 653 2327 725 πρὸ
2362 652 2565 718 αὐτῶν,
2595 652 2690 705 τοῦ
2726 652 2799 724 μὴ
2839 656 3025 705 πεσεῖν
3056 654 3135 712 εἰς
3181 652 3332 722 ὓλην,
3364 652 3460 705 καὶ
3491 652 3639 704 ἀσθε-

2078 744 2366 815 νεστέρους
2408 742 2550 797 κατά
2569 742 2749 808 τοῦτο,
2781 744 2875 796 καὶ
2906 742 3355 815 προϐαλλομένων
3400 744 3637 807 ἑαυτοὺς,

2074 836 2196 889 καθ’
2229 837 2257 889 ὃ
2284 836 2517 898 δέονται,
2550 838 2628 899 εἰς
2655 836 2717 889 τὸ
2748 836 2996 905 κατέχειν
3026 836 3248 899 ἑαυτοὺς
3272 839 3351 898 είς
3378 836 3441 888 τὸ
3468 838 3641 890 ἄπτω-

2062 945 2181 982 ντον.
2225 925 2411 980 Ταῦτα
2452 928 2547 998 μὲν
2597 923 2691 980 οὖν
2741 928 2817 990 ὼς
2867 928 2924 982 ἐν
2982 926 3255 997 ἐπιτόμῳ,
3294 924 3365 978 τά
3402 926 3637 989 ἐκείνων,

2072 1018 2101 1069 ὁ
2138 1016 2195 1070 δὲ
2236 1018 2389 1085 ἅγιος
2441 1016 2621 1087 σοφῶς
2671 1016 2742 1070 τὰ
2795 1016 3012 1070 ἐναντία
3064 1018 3241 1071 πάντα
3292 1018 3479 1082 αὐτοῖς
3546 1036 3641 1089 φη-

2075 1129 2193 1165 σιν’
2227 1112 2291 1164 ἐκ
2332 1109 2468 1164 Θεοῦ
2517 1110 2627 1181 γὰρ
2672 1109 2841 1174 αὐτὰς
2891 1110 3298 1181 δημιουργικῶς
3349 1111 3641 1181 ὑποστῆναί

2076 1208 2259 1275 φησιν,
2298 1198 2357 1257 οῦ
2388 1203 2482 1257 καὶ
2505 1202 2604 1275 τὴν
2626 1203 2923 1275 ἐμφέρειαν
2968 1203 3181 1274 ἔχουσιν
3208 1206 3287 1267 εἰς
3312 1205 3604 1276 κυριότητα
3628 1223 3639 1235 ·

2073 1294 2247 1358 αὐτὰς
2275 1294 2331 1348 δὲ
2358 1294 2420 1347 τὸ
2441 1293 2749 1365 ἀμείλικτον
2797 1294 2938 1349 κατά
2986 1296 3169 1367 πάσης
3196 1296 3442 1366 ὑφέσεως
3469 1296 3544 1367 τῷ
3567 1297 3643 1349 λό-

2074 1403 2156 1456 γῳ
2184 1386 2286 1456 τῆς
2340 1386 2657 1458 κυριότητος
2705 1385 2847 1456 ἔχειν
2898 1385 3063 1456 λέγει,
3117 1388 3424 1450 κοπτούσας
3466 1388 3645 1459 ὥσπερ

2075 1477 2168 1531 καὶ
2198 1476 2604 1546 διατεμνούσας,
2631 1478 2722 1529 καὶ
2735 1477 2836 1530 οὐκ
2862 1476 3037 1541 ἐώσας
3056 1483 3277 1550 κρατεῖν
3302 1480 3401 1551 τὴν
3428 1480 3563 1550 πρὸς
3584 1480 3646 1533 τὰ

2076 1568 2309 1639 αἰσθητά
2331 1569 2646 1640 ἐπιθυμίαν,
2678 1569 2737 1622 οὐ
2770 1570 2876 1641 μὴν
2909 1570 3010 1634 τὰς
3046 1571 3151 1643 πρὸ
3184 1571 3361 1625 αὐτῶν
3391 1571 3646 1624 ἀναστελ-

2076 1660 2289 1723 λούσας.
2329 1661 2471 1733 Ἀρα
2515 1660 2695 1719 τοίνυν
2745 1660 2912 1728 λέγει,
2944 1662 3025 1715 ὅτι
3075 1663 3168 1715 καὶ
3219 1662 3523 1732 ἀμείλικτοί
3549 1665 3647 1715 είσι

394 1754 633 1808 debeant
678 1752 1004 1823 semetipsas
1058 1758 1361 1819 continere,
1412 1770 1480 1809 ne
1527 1753 1797 1807 labantur.
1847 1752 1864 1805 l

2177 1766 2213 1812 ,ς
2234 1747 2295 1801 τὸ
2318 1731 2522 1821 χεῖρον,
2560 1750 2655 1803 καὶ
2690 1749 2790 1821 τὴν
2813 1751 3108 1822 κυριότητα
3131 1731 3334 1820 έχουσι,
3358 1749 3647 1804 κάντεῦθεν

395 1845 619 1914 quidem
684 1854 942 1914 tanquam
1010 1846 1064 1900 in
1133 1846 1455 1915 compendio
1520 1852 1646 1900 sunt
1721 1844 1969 1908 illorum,

394 1934 506 2007 79
540 1936 630 1991 hic
659 1945 839 1989 autem
872 1948 1094 1991 sanctus
1141 1938 1420 2004 sapienter
1476 1937 1542 1991 iis
1596 1936 1780 1991 omnia
1834 1951 1970 1990 cono

396 2027 570 2082 traria
628 2028 799 2082 tradit
833 2045 847 2081 :
878 2044 946 2083 ex
996 2027 1107 2083 Deo
1162 2030 1310 2083 enim
1364 2044 1458 2085 eas
1506 2045 1602 2098 per
1634 2031 1971 2085 creationem

392 2122 688 2191 productas
720 2123 945 2183 asserit,
971 2120 1127 2188 cujus
1160 2122 1327 2175 etiam
1360 2122 1772 2176 similitudinem
1800 2123 1850 2175 in
1879 2122 1972 2177 do-

392 2215 605 2269 minatu
641 2222 852 2279 tenent,
905 2215 1052 2283 ipsas
1083 2223 1263 2267 tamen
1320 2213 1785 2268 iullexibilitatetu
1843 2228 1970 2282 erga

392 2322 606 2362 omnem
639 2307 1060 2361 subntissiouem
1089 2308 1300 2361 ratione
1341 2306 1732 2360 dominationis
1765 2306 1970 2360 habere

393 2388 546 2464 dicit,
580 2397 739 2467 quasi
767 2401 1041 2455 credentes
1071 2408 1125 2452 et
1158 2399 1522 2464 dissecantes,
1567 2407 1622 2452 et
1651 2413 1756 2452 non
1787 2399 1973 2451 sinen-

392 2501 476 2545 tes
527 2505 790 2559 Superare
836 2490 1191 2559 cupiditatem
1237 2488 1598 2552 sensibilium,
1633 2504 1738 2543 non
1786 2500 1967 2542 tamen

390 2596 486 2637 eas
514 2597 634 2651 qua:
658 2584 978 2652 praecedunt
1011 2583 1353 2637 cohibentes.
1397 2581 1540 2638 Dicit
1571 2582 1777 2650 itaque,
1814 2582 1961 2650 quod

390 2683 448 2729 et
474 2674 799 2731 inllexibiles
845 2675 958 2729 sint
1002 2675 1069 2729 ad
1132 2674 1358 2740 malum,
1410 2682 1463 2727 et
1509 2674 1851 2728 dominatum
1889 2684 1970 2727 te-

401 2776 571 2822 neant
606 2783 623 2832 ;
656 2777 819 2835 atque
846 2766 976 2822 hinc
1018 2767 1391 2835 praecedentes
1416 2764 1641 2818 minime
1673 2764 1966 2825 excedunt,

389 2871 461 2911 ne
493 2859 547 2911 in
584 2858 871 2911 materiam
922 2856 1255 2910 dilabantur.
1293 2856 1614 2911 Sanctarum
1650 2864 1832 2909 autem
1858 2857 1970 2909 vir.

393 2959 575 3005 tutum
637 2966 834 3005 nomen
905 2949 1164 3004 existimo
1220 2949 1273 3003 in
1325 2948 1601 3003 communi
1652 2947 1968 3018 signiﬁcare

392 3043 694 3098 masculam
726 3043 1018 3113 quamdam
1066 3051 1121 3095 et
1154 3051 1495 3096 constantem
1526 3040 1866 3105 virilitatem,
1897 3039 1969 3093 ri»
1996 3074 2037 3132 ρ

391 3137 599 3205 gidam,
652 3149 928 3203 asperam,
980 3148 1250 3189 severam.
1299 3130 1488 3200 Neque
1532 3146 1665 3187 vero
1714 3133 1967 3195 audiens,

392 3229 628 3281 virtutes
664 3226 783 3279 illas
806 3225 1025 3279 divinas
1077 3224 1315 3279 femineo
1348 3224 1572 3278 nomine
1600 3233 1967 3294 nuncupatas,

393 3318 665 3375 muliebre
709 3317 840 3386 quid
875 3318 944 3371 iis
978 3317 1225 3370 ascribas
1256 3334 1270 3371 :
1300 3316 1476 3371 virilis
1513 3317 1657 3370 enim
1690 3316 1970 3387 signiﬁca—

395 3412 475 3465 tio
508 3412 788 3479 dictioque
812 3412 881 3465 de
914 3410 1134 3466 tetninis
1192 3410 1462 3475 virilibus,
1502 3419 1557 3463 et
1584 3409 1727 3464 virili
1787 3421 1970 3466 mente

395 3503 665 3574 praeditis,
693 3512 789 3557 aut
817 3501 958 3556 virili
992 3502 1189 3556 robore
1233 3500 1581 3569 pollentibus,
1626 3501 1968 3555 enuntiatur.

395 3594 618 3650 llabent
662 3607 841 3648 autem
895 3592 1212 3647 virilitatem
1248 3609 1262 3645 :
1291 3593 1357 3646 ad
1382 3591 1511 3661 quid
1544 3592 1567 3644 ?
1599 3606 1704 3646 non
1742 3592 1811 3646 ad
1837 3590 1971 3650 ditii-

401 3688 639 3741 cultates
679 3686 1000 3749 incidentes,
1037 3684 1423 3754 tristitiasque,
1458 3692 1514 3738 ut
1544 3685 1597 3738 in
1632 3683 1791 3739 nobis
1819 3685 1970 3739 acci-

395 3778 525 3845 dit;
562 3779 681 3832 haec
731 3777 876 3832 enim
946 3790 1122 3847 neque
1172 3776 1470 3830 virtutibus
1516 3774 1721 3829 divinis
1767 3790 1971 3830 conve-

394 3870 553 3924 niunt
583 3889 595 3923 :
621 3878 677 3923 et
709 3869 776 3923 ab
803 3868 1117 3923 extrinseco
1167 3875 1472 3932 moventur,
1508 3874 1567 3919 ut
1593 3864 1756 3920 aliter
1787 3865 1968 3919 istius-

397 3961 543 4014 modi
613 3960 847 4014 virilitas
902 3973 1167 4029 apparere
1222 3968 1476 4026 nequeat,
1530 3958 1636 4013 nisi
1683 3955 1970 4011 diliicultas

395 4053 699 4107 exoriatur.
733 4052 850 4107 Non
900 4054 1085 4122 itaque
1113 4052 1181 4106 ad
1212 4052 1329 4107 hanc
1380 4060 1592 4105 tantum
1646 4049 1968 4106 virilitatem

394 4147 671 4211 obtinent,
714 4148 811 4202 sed
859 4146 929 4201 ad
983 4160 1174 4200 omnes
1220 4160 1350 4200 suas
1380 4145 1675 4201 deil'ormes
1705 4147 1966 4201 actiones.

397 4237 523 4290 Dixi
548 4247 732 4292 autem
762 4253 910 4303 suas,
963 4238 1090 4306 quia
1133 4237 1359 4292 cuilibet
1397 4253 1508 4293 sua.
1536 4238 1755 4307 propria
1784 4238 1966 4293 divina

395 4329 658 4396 competit
713 4330 981 4397 operatio,
1023 4328 1097 4382 ita
1133 4337 1192 4381 ut
1223 4343 1330 4383 non
1381 4329 1599 4384 deﬁciat
1638 4329 1693 4383 in
1723 4329 1831 4383 ulla
1865 4329 1967 4385 sibi

395 4419 573 4476 indita
623 4420 986 4475 illustratione
1033 4422 1405 4492 suscipienda,
1462 4437 1562 4478 nec
1594 4425 1663 4478 ab
1710 4439 1772 4478 ea
1812 4424 1971 4492 quid-

395 4527 560 4583 quam
592 4513 872 4582 patiatur;
899 4513 1079 4582 qualis
1109 4522 1196 4569 est
1242 4513 1378 4582 lapis
1407 4516 1499 4583 qui
1546 4516 1672 4583 igne
1697 4531 1804 4569 non
1834 4530 1970 4570 con-

394 4606 657 4671 sumitur,
706 4604 800 4674 qui
861 4607 1087 4674 ignescit
1133 4607 1377 4676 quidem,
1410 4609 1505 4663 sed
1539 4624 1643 4662 non
1689 4609 1969 4663 comburi-

396 4708 490 4753 tur
522 4716 538 4766 ;
573 4698 654 4753 sic
699 4699 865 4754 etiam
917 4701 1027 4765 hic,
1078 4700 1204 4754 dum
1265 4710 1520 4770 potenter
1547 4701 1614 4753 ad
1647 4699 1815 4754 Deum
1848 4701 1972 4753 imi-

396 4792 622 4846 tandum
682 4793 997 4859 adducitur,
1045 4802 1286 4848 attamen
1322 4808 1430 4847 non
1459 4793 1735 4861 dejicitur,
1792 4807 1972 4866 neque

390 4898 507 4953 pra:
555 4885 931 4940 imbecillitate
979 4886 1297 4941 deiformem
1350 4893 1555 4937 motum
1593 4883 1816 4945 deserit,
1875 4884 1970 4938 sed

392 4986 713 5032 constanter
768 4978 1007 5032 intuetur
1059 4978 1112 5031 in
1164 4977 1422 5030 virtutem
1450 4973 1600 5028 omni
1659 4974 1971 5029 substantia

393 5075 754 5141 superiorem,
781 5082 836 5127 et
886 5073 1245 5141 ipsarummet
1291 5070 1555 5124 virtutum
1583 5067 1969 5131 conditricem,

393 5165 774 5234 ejusdemque,
807 5167 983 5233 quoad
1021 5163 1138 5217 lieri
1189 5170 1389 5232 potest,
1431 5162 1613 5229 imago
1661 5158 1973 5213 virtutil‘or-

392 5258 502 5312 tuis
531 5258 784 5312 edicitur.
828 5251 1308 5323 Quemadmodum
1342 5253 1488 5307 enim
1540 5261 1735 5305 natura
1788 5250 1970 5305 divina

395 5348 473 5404 illi
498 5350 752 5402 virtutem
780 5347 1113 5417 suppeditat,
1154 5346 1233 5399 sic
1261 5354 1316 5397 et
1356 5344 1472 5397 haec
1497 5341 1846 5398 inferioribus
1879 5361 1892 5398 :
1919 5351 1973 5395 et

395 5440 694 5494 secundum
715 5441 858 5507 quod
890 5440 1108 5507 quidem
1137 5438 1247 5506 ipsa
1292 5438 1469 5490 virtus
1512 5451 1617 5501 est,
1672 5439 1969 5492 secundum

395 5532 631 5605 primam
663 5531 954 5595 rationem,
986 5530 1053 5583 ad
1079 5527 1443 5582 dill'erentiam
1486 5542 1673 5581 earum
1700 5544 1820 5598 quae
1849 5539 1972 5597 post

400 5623 576 5691 ipsam
607 5633 732 5676 sunt
763 5625 891 5692 (hoc
917 5623 1064 5677 enim
1089 5632 1175 5674 est
1205 5617 1574 5689 ἀρχιδῦναμος
1602 5635 1695 5673 seu
1743 5622 1977 5689 princeps

404 5714 690 5787 virtutum)
740 5714 892 5787 juxta
946 5712 1179 5787 gratiam
1232 5712 1337 5768 sibi
1374 5728 1402 5765 a
1435 5712 1547 5766 Deo
1581 5712 1758 5767 datam
1787 5714 1971 5779 habet,

2071 1838 2181 1890 τῶν
2228 1839 2334 1909 πρὸ
2376 1838 2557 1894 αὐτῶν
2614 1841 2715 1893 οὐκ
2765 1840 3095 1911 ἐξέρχονται,
3138 1842 3286 1903 ὅπως
3312 1841 3385 1913 μὴ
3416 1846 3497 1904 είς
3524 1841 3652 1913 ῦλην

2072 1929 2313 1985 πέσοιεν.
2342 1931 2453 2005 Τὴν
2473 1931 2529 1985 δὲ
2560 1930 2667 1985 τῶν
2700 1931 2870 2000 ἁγίων
2899 1932 3179 2007 δυνάμεων
3220 1932 3517 2003 ὀνομασίαν
3544 1932 3651 1985 oio-

2076 2040 2171 2093 μαι
2198 2022 2393 2094 δηλοῦν
2425 2023 2564 2077 κατά
2585 2023 2764 2083 κοινοῦ
2792 2024 3109 2099 ἀρρενωπόν
3135 2041 3258 2076 τινα
3294 2025 3388 2078 καὶ
3434 2024 3652 2095 ἑδραίαν

2073 2114 2315 2186 ἀνδρίαν,
2353 2114 2635 2181 ἄθελκτον,
2685 2116 2998 2188 ἀθήλυντον,
3049 2116 3345 2171 ἀνένδοτον.
3398 2115 3490 2187 Μὴ
3548 2116 3654 2187 γάρ

2074 2206 2289 2261 ἀκούων
2341 2207 2559 2279 θηλυκῷ
2617 2208 3022 2280 ὀνομαζομένας
3076 2190 3321 2280 ὀνόματι,
3376 2212 3456 2272 εἰς
3488 2209 3653 2281 θηλυ-

2071 2297 2279 2367 πρεπές
2308 2315 2360 2351 τι
2392 2297 2631 2371 κατάξης
2667 2298 2767 2362 τὰς
2816 2299 2965 2363 θείας
3008 2298 3265 2370 δυνάμεις
3288 2317 3303 2331 ’
3339 2301 3372 2371 ή
3424 2299 3535 2371 γὰρ
3562 2302 3651 2352 τοῦ

2073 2391 2394 2463 ἀρρενωποῦ
2427 2393 2672 2465 σημασία
2702 2394 2795 2446 καὶ
2818 2392 2980 2460 λέξις,
3019 2392 3112 2449 ἐπὶ
3160 2393 3434 2463 γυναικῶν
3477 2394 3655 2464 ἀνδρι-

2073 2482 2317 2555 ζομένων
2386 2486 2481 2540 καὶ
2538 2486 2953 2557 ἀρῤενοφρόνων
3017 2485 3254 2556 λέγεται,
3312 2486 3344 2558 ἢ
3407 2486 3652 2559 ἀρρένων

2075 2577 2230 2649 ἰσχὺν
2284 2576 2541 2647 ἐχουσῶν.
2579 2578 2802 2647 Ἔχουσι
2841 2577 2897 2630 δὲ
2927 2579 3025 2649 τὴν
3072 2577 3325 2649 ἀνδρίανο
3360 2580 3441 2641 είς
3460 2578 3516 2630 τί
3548 2595 3561 2643 ;
3594 2580 3651 2630 οὐ

2050 2666 2210 2738 πρὸς
2236 2665 2306 2718 τὰ
2334 2666 2651 2739 ἐπαγόμενα
2672 2667 2907 2738 δυσχερῆ
2936 2669 3105 2729 τεκαὶ
3127 2667 3366 2740 λυπηρὰ,
3399 2668 3652 2739 καθάπερ

2071 2756 2220 2810 ἐστὶν
2249 2757 2308 2809 ἐν
2330 2758 2484 2827 ἡμῖν,
2517 2755 2689 2811 ταῦτα
2713 2758 2822 2828 γὰρ
2852 2755 2976 2809 οὔτε
3020 2760 3141 2820 ταῖς
3169 2757 3341 2820 θείαις
3390 2757 3653 2829 δυνάμεσι

2070 2848 2447 2919 προσήκοντα·
2490 2848 2586 2903 καὶ
2636 2847 2833 2917 ἔξωθεν
2890 2848 2988 2920 τὴν
3037 2848 3252 2920 κίνησιν
3288 2848 3525 2919 ἔχουσιν,
3581 2849 3655 2912 ὡς

2069 2940 2246 3001 ἄλλως
2275 2941 2348 3011 μὴ
2394 2940 2454 2994 ὃν
2504 2940 2736 3011 φανῆναι
2769 2941 2869 3011 τὴν
2910 2939 3164 3011 τοιαύτην
3210 2939 3448 3013 ἀνδρίαν,
3495 2942 3546 2992 εἰ
3581 2940 3653 3010 μὴ

2073 3034 2417 3104 ἐπανασταίη
2470 3034 2532 3087 τὸ
2580 3032 2857 3107 δυσχερές.
2917 3033 2992 3086 Οὐ
3050 3032 3187 3104 πρὸς
3254 3032 3427 3085 ταῦτα
3498 3033 3651 3101 γοῦν,

2073 3125 2186 3179 ἀλλ’
2224 3127 2305 3188 εἰς
2345 3125 2526 3190 πάσας
2556 3124 2656 3189 τὰς
2687 3126 2808 3179 κατ’
2838 3125 3008 3195 αὐτὴν
3054 3124 3305 3188 θεοειδεῖς
3350 3126 3651 3196 ἐνεργείας.

2072 3219 2208 3271 Κατ’
2252 3218 2423 3289 αὐτὴν
2464 3218 2520 3273 δὲ
2557 3218 2729 3282 εἷπον,
2783 3218 2864 3272 ὅτι
2907 3218 3054 3272 ἐστὶν
3104 3220 3307 3292 ἑκάστῃ
3341 3218 3441 3273 ίδία
3465 3222 3501 3290 ὴ
3537 3219 3655 3272 θεία

2072 3308 2344 3379 ἐνέργεια,
2374 3306 2513 3359 ὥστε
2548 3308 2621 3378 μὴ
2658 3307 2963 3374 ἐξασθενεῖν
3013 3307 3150 3379 πρὸς
3208 3308 3472 3379 μηδεμίαν
3523 3311 3655 3363 ὑπο-

2071 3402 2233 3473 δοχὴν
2270 3401 2376 3454 τῶν
2416 3399 2766 3471 ἐνδιδομένων
2808 3400 3144 3472 ὲλλάμψεων,
3172 3402 3264 3455 καὶ
3291 3400 3401 3456 οἷον
3422 3402 3655 3473 πάσχειν

2074 3496 2166 3553 ὑπ’
2195 3494 2400 3564 αὐτῆς·
2441 3490 2552 3557 οἷός
2603 3496 2747 3547 ἐστιν
2776 3496 2805 3548 ὀ
2846 3494 2920 3565 μὴ
2964 3493 3042 3565 τῷ
3084 3496 3217 3566 πυρὶ
3263 3493 3654 3565 δαπανώμενος

2072 3586 2317 3655 λίθος,“ὃς
2346 3587 2615 3659 πυροῦται
2674 3589 2792 3658 μὲν,
2820 3587 2881 3640 οὐ
2906 3588 3121 3641 καίεται
3152 3588 3208 3640 δέ
3227 3604 3241 3619 ·
3268 3586 3411 3640 οὕτω
3443 3590 3537 3641 καὶ
3567 3590 3652 3643 ἐνρ

2072 3679 2245 3737 ταῦθα
2293 3678 2533 3742 δυνατῶς
2563 3679 2655 3732 ἐπὶ
2689 3679 2753 3734 τὸ
2772 3678 3101 3750 θεομίμητον
3135 3678 3467 3751 ἀναγομένη,
3502 3679 3653 3750 ὅμως

2071 3781 2170 3852 οὐχ
2196 3784 2421 3853 ἡττᾶται
2451 3783 2544 3835 καὶ
2570 3782 2856 3837 ἀπολείπει
2899 3782 3161 3853 ἀνανδρία
3190 3782 3290 3851 τὴν
3323 3781 3531 3853 θεοειδῆ
3562 3784 3653 3836 κί-

2072 3890 2246 3944 νησιν,
2271 3873 2387 3927 ἀλλ’
2419 3872 2675 3945 ἀρῤεπῶς
2716 3874 2898 3944 ἀφορᾷ
2926 3875 3006 3936 είς
3037 3871 3135 3944 τὴν
3192 3873 3332 3943 ὑπὲρ
3353 3874 3533 3926 πᾶσαν
3562 3874 3657 3925 οὐν·

2074 3964 2216 4029 σίαν,
2239 3966 2466 4036 δύναμιν
2514 3965 2611 4037 τὴν
2655 3966 2751 4024 καὶ
2792 3963 2959 4027 αὐτὰς
2981 3962 3081 4027 τὰς
3108 3963 3364 4035 δυνάμεις
3392 3965 3654 4036 δημιουρο

2072 4057 2318 4127 γήσασαν
2343 4095 2357 4119 ,
2386 4058 2481 4110 καὶ
2506 4055 2710 4128 ταύτης
2735 4055 2897 4110 εἰκὼν
2926 4057 3133 4125 γίνεται
3170 4056 3314 4110 κατά
3340 4058 3400 4110 τὸ
3429 4058 3652 4126 ἐφικτὸν

2070 4146 2437 4220 δυναμοειδής.
2482 4149 2568 4211 Ὠς
2596 4148 2704 4222 γὰρ
2731 4150 2764 4220 ἡ
2797 4147 2916 4201 θεία
2957 4149 3118 4217 φύσις
3176 4148 3479 4219 ἐνδυναμοί,
3512 4148 3657 4200 οὕτω

2072 4239 2168 4295 καὶ
2211 4240 2349 4311 αῦτη
2396 4240 2494 4304 τὰς
2541 4240 2974 4313 ὑποϐεϐηκυίαςο
3019 4241 3113 4293 καὶ
3159 4241 3280 4294 καθ’
3311 4242 3340 4293 ὃ
3373 4242 3465 4311 μὲν
3512 4240 3656 4309 αῦτη

2072 4334 2193 4386 ἐστὶ
2221 4332 2447 4410 δύναμις
2466 4332 2608 4386 κατὰ
2636 4332 2849 4404 πρῶτον
2878 4331 3054 4401 λόγον,
3086 4332 3223 4403 πρὸς
3252 4332 3658 4403 ἀντιδιαστολὴν

2002 4421 2046 4476 Ι)
2074 4426 2182 4479 τῶν
2216 4425 2332 4497 μετ’
2362 4426 2530 4497 αὐτὴν
2561 4424 2738 4497 (τοῦτο
2767 4425 2876 4496 γάρ
2905 4426 3020 4477 ἐστι
3048 4425 3108 4477 τὸ
3138 4425 3521 4497 ἀρχιδῦναμος)
3564 4425 3658 4478 δυ·-

2074 4517 2249 4581 νατῶς
2279 4517 2389 4588 ἔχει
2434 4516 2573 4571 κατά
2606 4516 2702 4588 τὴν
2736 4516 2978 4569 δοθεῖσαν
3005 4516 3165 4588 χάριν
3194 4517 3303 4569 ἀπὸ
3339 4516 3472 4569 Θεοῦ
3524 4518 3662 4568 ἐπε-

2075 4608 2344 4679 στράφθαι
2373 4607 2509 4679 πρὸς
2548 4608 2646 4678 τὴν
2675 4607 2852 4665 αἰτίαν
2880 4607 2986 4660 τῶν
3012 4606 3311 4677 δυνάμεων,
3370 4606 3459 4658 τὸν
3487 4606 3653 4657 Θεόν·

2074 4698 2335 4755 καθ’ὃδὲ
2398 4699 2492 4750 καὶ
2547 4697 2936 4767 ὑποϐεϐηκυῖαι
2988 4697 3164 4771 ταύτῃ
3210 4696 3465 4767 δύναμεις
3521 4697 3657 4761 εἰσὶ,

2076 4794 2319 4864 πρόεισιν
2348 4794 2428 4855 εἰς
2458 4791 2690 4854 ἐκείνας,
2718 4790 2934 4844 διδοῦσα
2962 4791 3060 4861 τὴν
3088 4789 3315 4860 δύναμιν
3340 4789 3479 4843 κατὰ
3504 4789 3656 4842 θείαν

2076 4887 2291 4948 πάντως
2325 4886 2573 4956 μίμησιν.
2607 4883 2716 4953 Τὴν
2744 4882 2802 4934 δὲ
2830 4882 2937 4935 τῶν
2976 4882 3145 4950 ἁγίων
3173 4882 3432 4947 ἐξουσιῶν
3458 4884 3641 4952 ἐκφαν

2074 4978 2299 5048 τορικὴν
2329 4975 2625 5048 ὀνομασίαν
2656 4968 2810 5042 οἶμαι
2847 4972 3059 5041 δηλοῦν,
3102 4974 3224 5043 ἣτις
3251 4973 3371 5026 ἐστί
3404 4975 3495 5025 καὶ
3522 4973 3652 5041 ὀρο-

2073 5069 2247 5139 ταγὴς
2275 5067 2380 5119 τῶν
2413 5064 2827 5138 προρρηθέντων
2882 5064 2974 5117 δύο
3018 5064 3335 5134 ταγμάτων,
3367 5067 3463 5135 τὴν
3491 5065 3645 5116 εὐτα-

2076 5157 2193 5228 ξίαν
2223 5159 2320 5229 τὴν
2349 5158 2613 5226 εῦκοσμον
2644 5155 2738 5211 καὶ
2783 5154 3133 5227 ἀσύμφυρτον
3166 5157 3295 5226 περὶ
3348 5156 3444 5217 τὰς
3498 5154 3659 5217 θείας

2074 5249 2398 5323 ἐλλάμψειςο
2428 5248 2586 5303 τοῦτο
2625 5248 2734 5318 γάρ
2782 5249 2929 5301 ἐστιν
2968 5248 3095 5300 ἴδιον
3135 5246 3234 5316 τῆς
3288 5246 3557 5311 ἐξουσίας,
3593 5246 3662 5297 τὸ

2074 5343 2213 5397 κατά
2252 5342 2402 5407 τάξιν
2431 5341 2498 5393 τὰ
2526 5342 2981 5411 παρεμπίπτοντα
3030 5339 3338 5400 διευθετεῖν,
3395 5338 3486 5390 καὶ
3522 5337 3661 5407 δίχα

2073 5435 2216 5497 τινὸς
2269 5431 2643 5503 περπερισμοῦ
2699 5433 2793 5485 καὶ
2852 5432 3229 5503 συμφύρσεως.
3299 5429 3445 5481 Ἐπεὶ
3472 5426 3590 5498 γὰρ
3623 5428 3661 5497 ἡ

2075 5526 2293 5591 ἐξουσία
2329 5524 2553 5594 δύναμίς
2580 5524 2695 5576 ἐστι
2724 5522 2865 5576 κατὰ
2892 5523 2988 5594 τὴν
3019 5523 3217 5592 ἐαυτῆς
3267 5522 3663 5593 προσήκουσαν

2077 5616 2314 5686 θέλησιν,
2357 5616 2463 5685 (ἵνα
2489 5631 2541 5665 τι
2561 5614 2809 5679 ἀτάκτως
2836 5616 2930 5668 καὶ
2960 5613 3344 5685 συμφυρτικῶς
3372 5612 3403 5682 ἥ
3433 5611 3570 5683 εἴπῃ
3617 5612 3657 5681 ἧ

2075 5707 2485 5781 διαπράξηταιό
2510 5704 2857 5773 ἐξουσιάζων,
2904 5708 2981 5770 είς
3009 5705 3040 5759 ὃ
3069 5705 3226 5776 μόνον
3276 5704 3495 5766 δύναται
3547 5708 3662 5761 καί
