3734 6306
117 296 239 346 249

616 291 705 349 DE
736 291 1068 352 C(ELES'I‘I
1104 294 1549 363 IIlERARCIIIA,
1582 296 1738 354 CAP.
1772 297 1910 354 VIII.
1945 329 2014 339 —
2045 294 2392 353 PARAPIIR.
2432 296 2908 355 PACHYMI‘IIUE.

3273 301 3380 357 250

119 406 449 471 ἐξουσιάζει,
482 407 575 459 καὶ
617 408 703 461 ὅτε
760 409 834 479 μὴ
883 412 1257 483 παρεμπίπτει
1304 413 1498 479 ἔξωθέν
1527 433 1579 467 τι

1902 415 1959 469 ad
2020 418 2186 470 Deum
2240 417 2498 471 virtutum
2556 429 2833 472 auctorem
2885 415 3060 471 valide
3112 433 3376 474 conversa

119 494 378 558 ἐξουσίαν
434 496 744 550 διακόπτον·
778 500 895 551 τότε
931 502 1037 573 γὰρ
1065 505 1125 556 οὐ
1162 506 1255 557 τοῦ
1301 504 1699 569 ὲξουσιάζοντός

118 588 344 657 ἐστινὴ
391 588 643 652 ἐξουσία,
691 590 824 643 ἀλλά
875 592 968 644 τοῦ
1037 594 1263 665 καιροῦ,
1315 595 1346 666 ἣ
1400 596 1557 664 τυχὸν
1604 593 1698 647 τοῦ

119 678 348 749 ἐχθροῦ,
375 680 406 751 ἢ
437 682 535 751 τῆς
562 682 756 755 λύπης,
789 685 821 757 ἢ
850 686 1007 740 ἄλλου
1048 688 1210 758 τινός)
1231 704 1243 717 ο
1276 686 1430 739 τοῦτό
1460 690 1573 740 ἐστι
1607 688 1700 740 καὶ

118 771 219 822 ἐπὶ
249 772 358 823 τῶν
385 772 543 826 θείων
569 772 843 838 ἐξουσιῶν.
888 778 1037 830 Ἐπεὶ
1069 778 1176 848 γὰρ
1209 778 1379 831 ταῦτα
1402 778 1575 831 πάντα
1606 778 1699 831 ἀλ-

117 861 316 933 λότριά
369 866 471 917 εἰσι
517 866 738 929 τούτων,
784 869 965 939 ἔχουσι
1021 869 1075 922 δὲ
1106 870 1202 940 τὴν
1258 867 1503 933 ἐξουσίαν
1559 868 1699 925 κατὰ

120 952 278 1006 θείαν
310 955 467 1026 χάριν
495 956 675 1029 ἀδιεχῆ
708 960 799 1017 καὶ
845 960 1154 1023 ἀδιάκοπον,
1215 960 1572 1031 ὑποδέχονται
1605 961 1699 1013 καὶ⁹

115 1044 221 1107 τὰς
253 1044 403 1109 θείας
434 1046 722 1119 ἐλλάμψεις
752 1050 1035 1120 εὐκόσμως
1063 1053 1156 1105 καὶ
1183 1052 1573 1123 ἀσυμφύρτως,
1605 1053 1699 1105 καὶ

117 1134 498 1193 εὔτακτοίείσι
528 1141 664 1210 πρὸς
714 1140 811 1213 τὴν
852 1141 1042 1213 νοεράν
1081 1143 1566 1214 καιύπερκόσμιον
1601 1144 1699 1195 αὖ·

114 1238 502 1311 τεξουσιότητα
525 1258 538 1273 ’
566 1241 650 1294 ἀεὶ
681 1240 788 1312 γὰρ
816 1242 1149 1309 αὑτεξούσιοί
1176 1246 1302 1310 είσι,
1333 1245 1426 1297 καὶ
1474 1245 1533 1296 οὐ
1568 1245 1695 1297 ποτὲ

120 1328 224 1397 μὲν
253 1326 415 1392 οὕτω,
448 1331 577 1382 ποτὲ
603 1330 658 1383 δὲ
685 1332 875 1397 ἄλλως.
922 1335 1073 1387 Ἐπεὶ
1100 1334 1156 1387 δὲ
1196 1334 1295 1403 τῆς
1337 1334 1604 1400 ἐξουσίας.
1634 1335 1697 1388 τὸ

120 1425 224 1495 μέν
266 1424 412 1477 ἐστιν
463 1423 743 1495 ἔνθεσμον,
801 1424 861 1477 τὸ
905 1424 959 1478 δὲ
992 1424 1309 1496 τυραννικὸν
1357 1425 1695 1495 (ἐπιφέρεται

114 1515 229 1586 γὰρ
259 1518 291 1586 ἡ
317 1514 532 1580 ἐξουσία
560 1518 652 1569 καὶ
679 1516 775 1587 τὴν
820 1518 1103 1588 τυραννίδα
1134 1516 1275 1571 κατὰ
1321 1517 1401 1581 τὺ,
1455 1517 1563 1571 Τὸν
1594 1520 1694 1571 τύ-

106 1625 343 1677 ραννον
370 1612 439 1662 οὐ
467 1607 674 1677 ῥᾴδιον
724 1610 995 1664 εὐσεϐεῖν
1046 1608 1087 1679 ),
1124 1611 1216 1664 καὶ
1245 1610 1331 1664 ὅτε
1365 1611 1459 1681 μὲν
1488 1609 1581 1662 τοῦ
1606 1611 1691 1662 ὲν-

115 1703 323 1773 θέσμου
371 1703 547 1773 ἔχεται
575 1706 608 1774 ἡ
652 1703 870 1770 ἐξουσία
896 1744 909 1767 ,
968 1704 1281 1776 ἀκράτητὸς
1326 1704 1441 1757 ἐστι
1470 1703 1606 1774 πρὸς
1634 1703 1694 1754 τὸ

1801 508 1911 561 sit:
1951 509 2001 561 in
2031 517 2289 573 quantum
2336 524 2465 563 vero
2510 511 2675 564 etiam
2736 509 3023 564 inferiores
3053 512 3120 563 ab
3144 512 3245 565 hac
3277 514 3377 565 ha-

1801 599 1931 653 bent
1958 597 2101 661 quod
2134 600 2365 654 virtutes
2390 601 2521 665 sint,
2546 602 2653 653 vim
2684 616 2836 655 suam
2865 602 2916 655 in
2939 602 3057 657 illas
3085 602 3285 669 trajicit
3314 619 3378 657 ac

1800 690 2108 757 distribuit,
2169 692 2479 746 secundum
2538 692 2777 746 divinam
2841 708 3062 762 prorsus
3114 694 3374 749 imitatio-

1800 800 1950 839 nent.
1980 784 2151 838 Porro
2214 800 2411 838 nomen
2464 795 2775 837 sanctarum
2830 795 3159 853 potestatum
3197 786 3375 839 decla—

1801 877 2055 941 rativum,
2119 876 2385 930 existimo
2445 877 2757 947 significare
2802 878 3048 932 ordinem
3098 880 3373 947 prmdictis

1800 966 1905 1021 illis
1927 968 2138 1021 duobus
2192 968 2478 1036 mqualem,
2525 968 2662 1021 bene
2705 969 3054 1033 ordinatum,
3114 970 3377 1027 decorum

1813 1058 1924 1128 80
1957 1068 2013 1113 et
2042 1059 2386 1114 inconfusum
2454 1061 2602 1113 circa
2650 1058 2865 1115 divinas
2928 1060 3323 1114 illustrationes
3353 1076 3385 1117 :.

1800 1149 2078 1216 propriutn
2108 1149 2256 1202 enim
2294 1150 2582 1217 potestatis
2624 1161 2734 1213 est,
2768 1164 2831 1203 ea
2875 1164 2995 1217 qua:
3041 1149 3284 1203 incidunt
3317 1148 3369 1201 in

1795 1241 2041 1295 ordinem
2075 1242 2331 1307 dirigere,
2366 1242 2524 1309 idque
2554 1243 2673 1296 sine
2711 1243 3023 1297 temeritate
3071 1256 3135 1295 ac
3180 1240 3370 1295 confu-

1796 1333 1969 1389 sione.
2000 1334 2132 1388 Cum
2157 1336 2302 1389 enim
2356 1347 2598 1403 poteStas
2633 1338 2805 1390 virtus
2848 1337 2920 1389 sit
2947 1337 3245 1389 secundum
3279 1350 3370 1388 vo-

1797 1426 2061 1481 lunlatem
2091 1427 2191 1494 ipsi
2243 1429 2669 1482 convenientem
2720 1425 2804 1497 (ut
2834 1427 3140 1481 inordinate
3165 1428 3291 1495 quid
3316 1434 3372 1479 et

1796 1519 2021 1573 confuse
2050 1520 2135 1574 vel
2167 1520 2316 1575 dicat
2347 1521 2431 1574 vel
2485 1530 2612 1591 agat
2658 1521 2701 1573 is
2728 1520 2819 1588 qui
2877 1518 3135 1588 praeditus
3164 1528 3246 1572 est
3275 1532 3371 1586 po-

1795 1614 2014 1674 testate,
2066 1610 2119 1664 in
2179 1612 2320 1680 quod
2363 1610 2541 1665 solum
2598 1619 2793 1679 potens
2825 1610 2897 1664 sit
2943 1619 2997 1664 et
3044 1618 3368 1679 poteSIatem

1797 1699 2012 1765 habeat,
2039 1702 2197 1770 idque
2229 1704 2444 1771 quando
2478 1704 2617 1757 nihil
2663 1704 2859 1759 incidit
2890 1704 3229 1756 extrinsecus
3264 1704 3368 1755 im-

113 1798 319 1867 ἀγαθὸν
339 1816 353 1829 ·
385 1800 472 1851 ὅτε
499 1798 554 1851 δὲ
583 1797 675 1851 τοῦ
697 1798 933 1869 ἀθέσμου
963 1800 1055 1851 καὶ
1098 1797 1439 1870 τυραννικοῦ,
1468 1799 1531 1867 τῇ
1566 1813 1587 1848 d

1900 1791 2014 1845 iens
2045 1802 2401 1860 potestatem;
2455 1804 2586 1847 tunc
2631 1796 2818 1861 utique
2864 1809 2972 1847 non
3014 1802 3097 1847 est
3129 1802 3370 1861 potestas

111 1892 253 1961 τέρα
280 1890 500 1960 δυνάμει
522 1890 656 1961 πρὸς
683 1889 751 1944 τὰ
790 1891 957 1962 χείρω
1003 1890 1411 1960 ἀποκέχρηται·
1454 1890 1684 1941 ποιεῖται

112 1982 350 2035 ἐνταῦθα
379 1983 477 2053 τὴν
522 1982 783 2053 διαίρεσιν
824 1983 923 2053 τῆς
951 1982 1195 2048 ἐξουσίας
1217 1984 1244 2035 ὁ
1276 1983 1446 2051 ἅγιος,
1479 1982 1571 2034 καὶ
1598 1981 1674 2035 λέ-

111 2092 223 2142 γει,
259 2075 339 2126 ὅτι
371 2074 429 2126 οὐ
457 2073 792 2145 τυραννικῶς
818 2075 911 2126 ἐπὶ
948 2074 1013 2127 τὰ
1045 2074 1211 2147 χείρω
1240 2077 1359 2137 ταῖς
1395 2073 1687 2143 δυνάμεσιν

111 2164 519 2234 ἀποκέχρηνται
564 2165 620 2216 αἱ
673 2163 823 2232 ἅγιαι
872 2164 1131 2229 ἐξουσίαι,
1190 2164 1323 2217 ἀλλά
1354 2165 1445 2216 ἐπὶ
1475 2163 1542 2216 τά
1572 2163 1687 2217 θεῖα

110 2256 459 2326 ἁκρατήτως,
489 2256 625 2325 ὅπερ
655 2255 801 2307 ἐστὶν
831 2253 959 2308 ἴδιον
988 2255 1087 2325 τῆς
1119 2254 1363 2321 ἐξουσίας
1397 2256 1511 2325 μετ’
1541 2254 1691 2305 εὑταη

112 2354 255 2419 ξίας,
276 2356 303 2408 ὃ
333 2358 425 2409 καὶ
454 2355 584 2408 αὐτὸ
620 2355 712 2408 τοῦ
760 2356 1023 2427 ὲνθέσμου
1052 2357 1152 2427 τῆς
1183 2356 1447 2421 ἐξουσίας.
1477 2354 1568 2426 Μὴ
1598 2354 1691 2425 μό-

110 2466 203 2501 νον
232 2442 390 2502 αῦται
436 2448 746 2516 ἀνάγονται,
802 2447 935 2502 ἀλλά
963 2449 1055 2501 καὶ
1110 2447 1180 2500 τὰ
1213 2450 1327 2519 μετ’
1378 2445 1545 2508 αὑτὰς
1598 2446 1691 2498 ἀν-

112 2540 339 2608 άγουσιν
369 2540 693 2609 ἀγαθοειδῶς
726 2542 843 2612 (οὐκ
885 2540 998 2594 ἔστι
1028 2540 1135 2612 γὰρ
1165 2540 1376 2610 φθόνος,
1430 2539 1548 2593 οὐδὲ
1577 2538 1693 2607 γλι-

114 2633 354 2703 σχρότης
374 2651 475 2697 τις,
506 2634 624 2687 οὐδὲ
654 2633 905 2703 φειδωλία
923 2632 1000 2703 τῷ
1036 2632 1276 2705 ἀγαθῷ·)
1305 2632 1397 2685 καὶ
1434 2631 1570 2703 πρὸς
1596 2632 1693 2703 τὴν

110 2726 292 2780 αἰτίαν
346 2727 555 2789 αὐτῶν,
615 2728 681 2798 ἢν
730 2727 824 2779 καὶ
877 2725 1241 2792 ἐξουσιοποιὺν
1287 2724 1380 2778 καὶ
1417 2724 1696 2796 ἑξουσιαρ-

110 2818 237 2890 χίαν
294 2818 455 2888 φησί,
510 2818 591 2889 (τὸ
626 2820 742 2889 μὲν,
787 2818 861 2881 ὡς
889 2817 986 2881 τὰς
1016 2817 1263 2883 ἐξουσίας
1289 2816 1697 2888 δημιουργήσα-

113 2924 214 2959 σαν
262 2908 356 2959 καὶ
408 2908 734 2978 ποιήσασαν,
766 2907 826 2959 τὸ
845 2908 921 2971 δὲ,
953 2908 1028 2971 ὼς
1057 2906 1165 2959 τῶν
1218 2905 1473 2971 ἐξουσιῶν
1504 2907 1697 2977 ἀρχου-

112 2995 258 3064 σαν,)
287 2995 691 3066 ἀφομοιοῦνται,
714 2998 788 3061 ὠς
817 2996 1055 3068 θεμιτόν.
1081 2996 1250 3049 Τοῦτο
1277 2996 1387 3067 γάρ
1424 2997 1570 3050 ἐστιν
1600 2997 1697 3051 αὑ-

108 3091 231 3151 ταῖς
258 3089 291 3157 ἡ
313 3087 605 3153 τελείωσις,
639 3092 670 3160 ἡ
703 3089 842 3142 κατά
871 3088 930 3141 τὸ
952 3088 1168 3159 ἐφικτὸν
1199 3088 1531 3159 ἀφομοίωσις
1550 3105 1562 3118 ·
1598 3088 1693 3141 καὶ

106 3184 314 3253 ταύτην
344 3183 439 3255 τὴν
462 3183 608 3237 θείαν
637 3186 991 3255 ἀφομοίωσιν,
1024 3185 1205 3249 καθὼς
1235 3185 1313 3238 ἔνι
1344 3186 1400 3237 ὲν
1432 3188 1546 3247 τοῖς
1596 3184 1691 3253 ἀγ·-

108 3274 315 3343 γέλνις,
368 3276 776 3345 ἀναλάμπουσιν
833 3278 889 3329 ἐν
944 3280 1064 3340 ταῖς
1110 3276 1251 3329 κατά
1289 3276 1491 3337 ταύτας
1538 3275 1693 3328 εὐκό-

110 3382 274 3436 σμοις
301 3365 486 3430 τάξεσι
514 3366 613 3436 τῆς
643 3365 1053 3438 ἐξουσιαστικῆς
1108 3367 1407 3437 δυνάμεως,
1454 3365 1693 3436 δηλονότι

107 3461 169 3511 ὲν
184 3461 305 3522 ταῖς
340 3458 599 3529 δυνάμεσι
637 3460 729 3512 καὶ
775 3461 830 3513 ὲν
861 3463 980 3522 ταῖς
1020 3459 1360 3530 κυριότησιν·
1396 3453 1553 3511 αὗται
1582 3458 1693 3530 γάρ

108 3555 249 3607 εἰσιν
281 3551 338 3604 αἱ
388 3553 507 3603 κατ’
555 3550 725 3615 αὑτὰς
769 3552 870 3614 τὰς
912 3551 1110 3615 τάξεις.
1147 3552 1207 3603 Ei
1241 3550 1349 3621 γὰρ
1395 3550 1695 3620 μιμνησκό-

112 3639 275 3711 μεθα,
315 3638 573 3710 ἐλέγομεν
594 3639 921 3711 ἔμπροσθεν,
952 3641 1033 3693 ὅτι
1063 3639 1131 3692 τὰ
1160 3640 1323 3694 πᾶσιν
1356 3639 1692 3709 ὑπάρχοντα,

111 3732 261 3794 ἰδίως
283 3731 497 3802 ἑκάστῳ
528 3733 618 3784 ἐπὶ
651 3730 810 3784 πλέον
853 3731 1270 3803 ἀπονενέμηται,
1318 3731 1405 3783 ἵνα
1449 3729 1695 3783 ἐντεῦθεν

105 3823 180 3875 τὰ
208 3823 311 3892 τῆς
338 3823 544 3887 τάξεως
584 3822 1087 3893 διαφυλαχθήσηται
1110 3838 1126 3851 ·
1166 3822 1323 3875 τοῦτο
1351 3822 1459 3894 γὰρ
1491 3823 1693 3892 σημαί-

107 3934 190 3970 νει
245 3916 340 3969 καὶ
368 3917 429 3969 τδ
471 3916 966 3983 ἁναλαμσεούσης.
1015 3917 1085 3968 Ἢ
1115 3916 1209 3968 καὶ
1262 3913 1435 3977 ἄλλως
1463 3914 1523 3967 τὸ
1551 3916 1697 3967 ἀνω-

107 4008 492 4076 λαμπούσης,
524 4006 611 4059 διὰ
636 4006 733 4077 τὴν
760 4006 853 4059 τοῦ
894 4008 1071 4075 φωτὸς
1119 4007 1381 4075 ίδιότητα’
1416 4006 1696 4076 ἀνωφερὲς

108 4101 220 4172 γὰρ
248 4099 311 4153 τὸ
334 4099 469 4169 φῶς,
527 4102 573 4153 εί
631 4100 722 4152 καὶ
747 4101 779 4169 ή
812 4097 1003 4151 τούτου
1056 4098 1319 4167 ἔλλαμψις
1374 4100 1467 4151 καὶ
1496 4099 1554 4151 ὲν
1583 4102 1695 4160 τοῖς

108 4190 263 4247 κάτω
288 4190 515 4258 γίνεται.
558 4189 857 4260 Πληρώισας
886 4189 983 4252 τὰς
1025 4188 1273 4252 θεοειδεῖς
1306 4189 1570 4258 ἰδιότητας
1596 4189 1695 4258 τῆς

112 4277 289 4346 μέσης
338 4274 769 4345 διακοσμήσεως,
831 4274 1067 4344 μέτεισιν
1118 4273 1209 4327 ἐπὶ
1267 4274 1364 4345 τὴν
1414 4275 1696 4346 ἱεραρχίαν

109 4366 313 4429 αὑτῶν,
344 4366 440 4437 τὴν
469 4365 754 4437 κάθαρσιν,
784 4365 874 4418 τὸν
905 4364 1202 4436 φωτισμὸν,
1248 4364 1345 4437 τὴν
1394 4365 1689 4421 τελείωσιν.

1786 1883 1887 1937 ista
1918 1893 2241 1953 potestatem
2296 1887 2563 1948 habentis,
2596 1887 2719 1943 .scd
2767 1884 3061 1953 temporis,
3094 1885 3176 1936 vel
3208 1884 3349 1937 forte

1787 1975 2013 2041 inimici,
2042 1977 2123 2030 vel
2155 1977 2383 2032 tristiti;e
2411 1978 2491 2030 vel
2515 1977 2745 2043 alicujus
2767 1976 3040 2045 alterius),
3061 1980 3163 2032 hoc
3195 1978 3246 2030 in
3264 1992 3359 2046 po-

1790 2069 2076 2122 testatibus
2105 2070 2270 2123 etiam
2327 2068 2529 2122 divinis
2587 2070 2765 2123 locum
2825 2070 3009 2123 habet.
3044 2070 3176 2121 Curti
3217 2071 3362 2121 enim

1791 2162 1907 2213 haec
1936 2161 2116 2215 omnia
2147 2162 2217 2215 ab
2240 2161 2375 2229 ipsis
2406 2161 2585 2215 aliena
2612 2164 2748 2227 sint,
2798 2161 3034 2215 habeant
3063 2172 3241 2215 autem
3275 2176 3368 2230 po-

1792 2259 2044 2307 testatem
2087 2268 2116 2305 a
2152 2252 2333 2306 divina
2386 2252 2562 2323 gratia
2623 2254 2912 2307 indivisam
2961 2263 3125 2321 atque
3178 2254 3366 2305 indeli-

1791 2342 2047 2409 cientem,
2107 2343 2322 2397 divinas
2378 2344 2545 2398 etiam
2594 2344 2988 2399 illustrationes
3036 2346 3287 2399 ordinate
3313 2357 3367 2398 et

1796 2434 2085 2490 inconfusc
2117 2436 2414 2504 recipiunt,
2445 2452 2508 2490 ac
2533 2436 2674 2491 bene
2724 2436 2976 2505 dispositi
3020 2446 3146 2490 sunt
3171 2436 3239 2490 ad
3262 2436 3369 2505 spi-

1794 2527 2007 2581 ritalem
2061 2536 2116 2582 et
2188 2529 2685 2597 supermundialem
2745 2528 2956 2582 arbitrii
3008 2529 3365 2593 libertatem;

1792 2620 2045 2688 quoniam
2091 2632 2307 2688 semper
2356 2620 2566 2673 arbitrii
2624 2620 2707 2673 sui
2747 2630 3074 2686 patestatem
3139 2620 3364 2684 habent,

1794 2723 1896 2764 nec
1943 2710 2101 2765 modo
2155 2712 2375 2779 quidem
2418 2712 2522 2775 sic,
2581 2712 2741 2764 modo
2803 2726 2933 2765 vero
2961 2712 3123 2765 aliter
3187 2711 3364 2765 affecti

1794 2810 1938 2855 sunt.
1977 2800 2111 2855 Cum
2153 2811 2335 2855 autem
2394 2811 2636 2871 potestas
2677 2802 2787 2855 alia
2845 2804 3064 2871 quidem
3124 2801 3365 2871 legitiina

1796 2894 1886 2956 sit,
1916 2893 2021 2946 alia
2051 2907 2179 2947 vero
2214 2894 2495 2963 tyrannica
2526 2892 2717 2961 (infert
2739 2894 2884 2945 enim
2932 2901 3170 2962 potestas
3199 2896 3363 2946 etiam

1799 2987 2136 3058 tyrannidem
2167 3025 2184 3053 ,
2223 2986 2379 3056 juxta
2421 2986 2551 3040 illud
2584 2977 2623 3049 ,⁸
2670 2980 2976 3047 Tyrannum
3037 2999 3136 3037 non
3207 2984 3368 3052 facile

1794 3091 1871 3131 est
1921 3076 2154 3147 colere),
2211 3084 2266 3130 et
2304 3077 2518 3145 quando
2572 3074 2791 3144 quidem
2845 3072 3083 3142 legitima
3125 3081 3364 3138 potestas

1797 3168 2117 3231 obtinetur,
2167 3167 2364 3222 invicta
2413 3176 2499 3222 est
2540 3168 2607 3219 ad
2652 3166 2889 3232 bonum;
2937 3164 3360 3233 quandoautcm

1795 3262 2075 3330 illegitima
2101 3268 2155 3314 et
2196 3262 2504 3330 tyrannica,
2563 3267 2691 3312 tunc
2728 3257 2946 3327 prepria
2984 3258 3035 3310 vi
3066 3256 3131 3309 ad
3164 3255 3363 3308 malum

1794 3350 2041 3403 abutitur
2076 3347 2250 3403 :facit
2300 3348 2387 3402 hic
2436 3358 2665 3402 sanctus
2693 3347 3018 3400 divisionem
3054 3348 3365 3414 potestatis,

1796 3456 1858 3495 ac
1889 3442 2041 3505 dicit,
2089 3443 2320 3495 virtutes
2371 3452 2589 3495 sanctas
2634 3457 2741 3494 non
2784 3440 3071 3514 tyrannice
3102 3440 3168 3492 ad
3224 3440 3364 3493 mala

1794 3532 2083 3587 virtutibus
2114 3534 2286 3599 abuti,
2335 3532 2428 3587 sed
2460 3534 2642 3585 animo
2691 3533 2895 3586 invicto
2918 3530 2986 3585 ad
3018 3530 3199 3584 divina
3244 3540 3364 3583 ten-

1796 3622 1925 3676 dere
1955 3640 1969 3686 ;
1998 3625 2142 3691 quod
2174 3633 2258 3676 est
2294 3622 2572 3692 preprium
2602 3623 2891 3691 potestatis
2916 3622 3054 3675 bene
3079 3620 3363 3683 ordinat-1:,

1795 3724 1959 3783 atque
1982 3714 2117 3768 adeo
2154 3715 2319 3769 etiam
2374 3714 2653 3784 legitimw.
2684 3713 2870 3783 Neque
2896 3723 3107 3766 tantum
3138 3714 3265 3781 ipsae
3299 3714 3368 3766 ad

1796 3824 2027 3878 superna
2058 3818 2367 3872 transeunt,
2394 3824 2578 3863 verum
2613 3809 2774 3862 etiam
2800 3808 3059 3861 inferiora
3093 3823 3188 3861 sna
3214 3794 3369 3859 boni-

1796 3896 2047 3952 formiter
2071 3899 2345 3951 adducunt
2368 3900 2499 3968 (non
2541 3898 2688 3951 enim
2723 3905 2805 3951 est
2832 3897 3060 3960 invidia,
3091 3912 3265 3965 neque
3288 3906 3370 3950 te-

1796 3988 2030 4053 nacitas,
2075 4004 2252 4057 neque
2278 3987 2613 4056 parcimonia
2642 3986 2837 4056 bono),
2871 3996 2931 4041 et
2959 3986 3026 4040 ad
3066 3986 3365 4040 Auctorem

1796 4095 2158 4149 suum,quem
2205 4080 2583 4150 potentilicum
2608 4090 2662 4134 et
2688 4079 2941 4150 potentia:
2996 4080 3363 4149 principatum

1797 4184 1958 4227 vocat
1999 4172 2153 4243 (illud
2208 4173 2451 4243 quidem,
2504 4176 2765 4243 quoniam
2790 4181 3098 4242 potestates
3121 4176 3369 4231 condidit

1798 4282 1858 4321 ac
1878 4268 2124 4333 creavit;
2155 4267 2259 4322 hoc
2308 4282 2459 4331 vero,
2494 4266 2621 4337 quia
2646 4275 2941 4336 potestates
2974 4269 3159 4339 regit),
3184 4284 3362 4337 qualia

1798 4368 1911 4413 tttm
1943 4358 2025 4413 fas
2053 4369 2156 4422 est,
2187 4359 2585 4413 assimilantur.
2641 4359 2921 4429 Siquidem
2968 4360 3204 4430 ipsa‘rum
3243 4377 3375 4429 per-4

108 4458 448 4527 Καθαίρεται
476 4456 671 4521 τοίνυν,
720 4459 813 4510 καὶ
842 4457 1150 4526 φωτίζεται,
1182 4456 1277 4509 καὶ
1307 4456 1581 4528 τελεσιουρ

1888 4451 1959 4505 tio
2004 4460 2085 4505 est
2141 4450 2257 4514 Dei,
2320 4460 2521 4519 quanta
2573 4450 2687 4504 fieri
2732 4460 2934 4519 potest,
2993 4452 3354 4506 assitnilatio:

108 4567 198 4601 ται
226 4548 351 4602 καθ’
390 4548 448 4601 ὃν
478 4549 689 4620 εἴρηται
716 4550 914 4621 τρόπον
950 4551 1044 4603 ἐπὶ
1071 4553 1135 4621 τῇ
1162 4548 1352 4622 πρώτῃ
1397 4549 1691 4621 διακοσμή-

112 4656 215 4703 σει,
242 4642 324 4693 ὅτι
354 4641 582 4710 κάκείνη
612 4642 705 4694 καὶ
732 4640 871 4712 αὕτη
899 4640 1003 4693 ὑπὸ
1033 4640 1139 4693 τῶν
1158 4640 1462 4711 θεαρχικῶν
1494 4640 1694 4709 ὲλλάμ-

107 4729 277 4801 deum,
310 4728 451 4801 πλὴν
481 4728 620 4799 αὕτη
659 4729 927 4801 δευτέρως
954 4729 1041 4782 διὰ
1069 4730 1167 4799 τῆς
1198 4728 1448 4800 πρώτης·
1473 4730 1559 4783 διὰ
1588 4729 1695 4803 γάρ

113 4823 288 4895 μέσης
318 4822 531 4892 ἐκείνης
556 4822 657 4892 τῆς
685 4821 1056 4895 πρωτοφανῶς
1104 4810 1330 4892 ἐχούσης
1359 4823 1457 4886 τὰς
1485 4821 1698 4875 τελειώ-

113 4930 247 4976 σεις,
279 4912 685 4983 δευτεροφανῶς
719 4915 776 4966 αί
798 4914 1089 4984 ὲλλάμψεις
1117 4914 1621 4985 διαπορθμεύονται.

1797 4545 2048 4610 hancque
2098 4540 2335 4595 divinam
2403 4540 2878 4608 assimilationem,
2932 4554 3194 4613 quantum
3238 4542 3367 4598 licet

1796 4630 2025 4702 angelis,
2058 4634 2365 4685 accendunt
2406 4633 2457 4686 in
2510 4634 2623 4686 suis
2666 4634 3029 4688 ornatissimis
3082 4636 3367 4691 ordinibus

1798 4724 2135 4794 potestativa:
2165 4724 2405 4788 virtutis,
2444 4726 2652 4779 scilicet
2696 4727 2746 4779 in
2776 4728 3068 4781 virtutibus
3096 4738 3151 4781 et
3180 4729 3358 4782 domi—

1802 4816 2114 4870 nationibus
2148 4832 2163 4868 :
2197 4816 2278 4869 ha:
2311 4817 2457 4870 enim
2516 4827 2642 4870 sunt
2686 4818 2899 4872 ordinis
2948 4820 3189 4888 ejusdem
3242 4834 3369 4872 eum

1800 4908 1889 4965 iis.
1943 4907 2223 4976 Siquidem
2267 4916 2415 4962 recte
2468 4909 2838 4975 meminimus,
2890 4911 3124 4964 diximus
3180 4918 3362 4970 antea.

110 5003 379 5073 quidquid
434 5004 726 5058 universirn
768 5006 986 5068 accidit,
1033 5006 1255 5059 cuilibet
1316 5014 1375 5058 ut
1419 5005 1710 5073 plurimum
1769 5000 2070 5057 secundum
2125 5000 2341 5054 modum
2398 5000 2677 5069 proprium
2730 4998 3002 5065 distribui,
3054 5009 3112 5052 ut
3160 5000 3240 5054 sic
3301 5016 3367 5053 ea

110 5111 233 5166 quae
286 5103 415 5147 sunt
471 5096 676 5150 ordinis
728 5106 1058 5163 serventur;
1101 5098 1204 5152 hoc
1258 5097 1405 5150 enim
1460 5107 1680 5165 propter
1742 5095 1883 5149 lucis
1939 5094 2331 5164 proprietatem
2388 5094 2659 5159 signiﬁcat
2708 5094 2869 5149 etiam
2942 5108 3045 5145 vox
3104 5092 3363 5146 accendit.

113 5182 209 5238 Vel
240 5183 408 5237 etiam
445 5181 604 5237 aliter
662 5185 919 5250 accendit,
981 5196 1205 5255 propter
1242 5185 1379 5241 lucis
1433 5187 1870 5257 proprietatem:
1949 5186 2041 5238 lux
2096 5185 2239 5238 enim
2288 5199 2503 5239 sursum
2563 5185 2757 5248 fertur,
2820 5186 3031 5239 tametsi
3078 5184 3186 5260 81
3250 5184 3368 5249 ejus

114 5273 411 5332 Illustratio
462 5277 712 5329 deorsum
763 5276 923 5331 etiam
961 5280 1077 5334 llat.
1134 5279 1492 5335 Delfortnibus
1558 5278 1983 5348 proprietatibus
2048 5277 2239 5331 media:
2324 5278 2729 5331 distributionis
2778 5276 3087 5339 absolutis,
3154 5276 3359 5330 transit

114 5368 179 5420 ad
234 5383 429 5422 carum
467 5367 859 5432 hierarchiam,
908 5367 961 5423 id
1021 5382 1125 5435 est,
1167 5371 1535 5438 expiationem
1566 5411 1582 5437 ,
1635 5369 2088 5424 illuminationem
2150 5375 2204 5422 et
2255 5365 2668 5435 perfectionem.
2741 5367 3002 5436 Expiatur
3058 5366 3263 5433 itaque,
3310 5374 3365 5416 et

117 5461 465 5519 illuminatur
515 5474 678 5532 atque
713 5464 993 5533 perficitur
1024 5481 1090 5521 eo
1138 5466 1298 5522 modo
1334 5483 1440 5536 quo
1481 5467 1687 5525 dictum
1720 5475 1806 5521 est
1848 5464 1900 5517 in
1933 5465 2103 5533 prima
2128 5464 2533 5527 distributione,
2589 5465 2848 5532 quoniam
2894 5471 3002 5517 tam
3066 5462 3157 5515 illa
3203 5475 3366 5529 quam

116 5556 229 5613 hinc
264 5559 369 5613 sub
409 5556 609 5613 divinis
654 5568 739 5612 est
792 5557 1271 5625 illustrationibus,
1326 5574 1518 5613 verum
1571 5561 1687 5614 haec
1722 5561 1961 5615 secundo
1993 5560 2117 5612 loco
2149 5573 2245 5627 per
2290 5559 2519 5628 primam
2555 5573 2571 5610 :
2606 5556 2691 5610 illa
2732 5557 2876 5611 enim
2933 5554 3205 5609 mediante
3248 5568 3368 5622 quis

118 5651 290 5718 prima
320 5649 444 5702 iuce
488 5648 790 5719 perﬁcitur,
840 5653 1091 5705 secundm
1135 5651 1521 5706 illustrationis
1557 5651 1693 5706 radii
1732 5650 2104 5722 trajicinntur.

186 5742 214 5814 ξ
252 5744 319 5796 ιι.
367 5740 463 5799 Διὰ
492 5741 646 5795 τοῦτο
674 5742 769 5814 τὴν
810 5742 976 5815 ἀκοὴν
1021 5742 1116 5816 τὴν
1144 5744 1209 5798 δι’
1241 5743 1397 5803 ἄλλου
1426 5746 1505 5812 εἰς
1530 5743 1660 5803 ἄλλο·

1884 5744 1893 5815 j
1929 5744 1989 5800 il.
2032 5744 2215 5815 Itaque
2250 5744 2523 5809 notitiam,
2558 5755 2681 5817 qua
2732 5756 2765 5801 τι
2807 5741 3091 5808 Zacharia,
3149 5747 3201 5794 ct
3258 5736 3357 5794 Da:
