3722 6298
312 258 429 334 ἐει

1458 269 1518 327 S.
1559 268 1861 331 DlONYSll
1899 267 2363 324 AREOPAGlT/E

3492 273 3610 330 352

329 392 495 455 niele,
524 397 579 445 et
616 386 903 443 Ezechiele
958 383 1262 455 prophetis,
1308 398 1405 453 per
1440 383 1607 438 alium
1639 385 1707 439 ad
1741 384 1799 437 al

2133 380 2240 434 ελον
2261 378 3081 453 λεγομένηνδιαπορθμεύεσθαι
3116 383 3275 455 παρά
3293 401 3353 437 τε
3381 383 3462 457 τῷ
3488 388 3603 441 Ζα-

330 490 580 560 angelum
603 486 873 543 transfusa
906 485 1127 549 dicitur,
1150 484 1457 554 exemplum
1492 484 1758 541 faciamus
1791 504 1915 558 per-

328 586 581 641 fectionis
600 598 723 654 qua:
757 582 975 636 eminus
1002 590 1317 650 procurata.
1356 594 1654 651 progressu
1690 598 1753 636 ac
1787 598 1913 651 pro-

328 679 542 733 fusiou‘e
571 676 912 731 subobscure
942 674 1009 728 ad
1058 672 1350 728 inferiores
1384 675 1653 743 pervenit.
1704 673 1915 729 Obscu-

328 787 447 826 ram
483 780 662 823 autem
696 768 1092 837 perfectionem
1159 768 1319 830 dixit,
1375 783 1485 823 non
1535 779 1760 837 propter
1789 782 1914 838 pro-

327 864 503 933 priam
538 862 654 929 ejus
679 860 1084 927 remissionem,
1113 861 1207 915 sed
1232 870 1456 929 propter
1480 859 1912 915 imbecillitatem

327 956 714 1025 recipientium
754 954 901 1010 :hoc
951 957 1095 1010 enim
1170 955 1475 1023 significat,
1535 956 1778 1010 vocando
1828 970 1913 1011 se-

326 1050 536 1107 cundas
572 1060 761 1119 partes
818 1046 1161 1108 initiationis,
1200 1046 1250 1100 id
1280 1054 1365 1101 est
1390 1047 1677 1101 obscurius
1708 1037 1913 1101 initiari

326 1140 591 1199 secunda.
640 1140 943 1195 Verborum
999 1153 1224 1195 suorum
1278 1138 1591 1206 exemplum
1645 1140 1809 1192 sumit
1841 1139 1912 1193 ab

327 1235 397 1290 iis
426 1248 548 1303 quae
596 1233 741 1303 apud
801 1232 1045 1286 homines
1105 1238 1233 1284 sunt
1268 1230 1692 1296 initiationibus,
1749 1231 1911 1300 idque
1970 1268 1973 1273 η

328 1342 437 1381 non
479 1341 508 1378 a
538 1325 856 1393 semetipso,
890 1323 983 1377 sed
1011 1324 1079 1377 ab
1117 1324 1361 1393 ipsismet
1392 1339 1676 1380 sacrorum
1715 1323 1910 1391 peritis

327 1419 702 1473 initiatorihus
748 1417 969 1472 nostris.
1025 1417 1490 1485 Quemadmodum
1549 1417 1693 1472 enim
1728 1418 1799 1471 illi
1832 1418 1911 1473 di~

327 1518 481 1573 cunt,
519 1524 616 1579 per
642 1524 702 1564 se
752 1516 1079 1577 apparentes
1138 1509 1503 1578 plcnitudines
1560 1519 1724 1579 atque
1786 1509 1907 1563 illu-

330 1603 631 1657 strationes
658 1602 831 1671 (juxta
872 1602 1022 1668 illud,
1074 1600 1150 1655 De
1201 1601 1528 1671 plenitudine
1570 1602 1684 1671 ejus
1730 1616 1909 1655 omnes

327 1696 622 1764 accepimus
638 1698 709 1763 ιι⁸)
737 1694 1094 1763 perfectiores
1118 1709 1239 1751 esse
1260 1695 1323 1749 iis
1350 1712 1469 1765 qua:
1494 1711 1590 1765 per
1610 1696 1744 1751 alias
1767 1696 1907 1750 divi-

327 1801 429 1841 nas
456 1786 904 1857 participationes
932 1787 1263 1841 hauriuntur
1300 1788 1519 1857 (initiati
1569 1788 1738 1851 enim.
1770 1792 1904 1856 sive,

328 1892 391 1936 ut
430 1882 509 1935 sic
539 1882 738 1946 dicam,
762 1882 986 1949 perfecti
1035 1890 1163 1935 sunt
1205 1880 1371 1936 divini
1395 1882 1627 1950 apostoli
1661 1884 1727 1936 ab
1764 1883 1907 1951 ipso-

330 1981 446 2028 met
473 1973 757 2027 Salvatore
811 1984 997 2027 nostro
1044 1971 1171 2025 Jesu
1218 1974 1437 2027 Christo
1485 1990 1548 2028 ac
1599 1974 1731 2036 Deo,
1765 1974 1905 2027 vela

329 2076 524 2131 sancto
586 2065 910 2133 vivificoque
962 2064 1170 2136 Spiritu
1226 2073 1468 2134 tempore
1509 2064 1901 2129 Pentecostes;

329 2157 634 2212 consecrati
667 2157 827 2211 etiam
853 2167 978 2211 sunt
1010 2157 1209 2211 summi
1254 2158 1570 2212 sacerdotes
1610 2169 1705 2227 per
1736 2157 1904 2224 ipsos,

329 2259 569 2304 attamen
597 2249 889 2319 perfectior
910 2252 1134 2307 omnino
1167 2261 1249 2305 est
1281 2266 1471 2305 eorum
1502 2250 1899 2319 consecratio):

329 2344 807 2413 quemadmodum,
846 2345 1093 2414 inquam,
1126 2347 1216 2416 qui
1259 2346 1311 2399 iu
1342 2346 1539 2400 divinis
1575 2330 1906 2400 excellentes

328 2447 477 2502 sunt,
520 2436 587 2492 de
641 2438 728 2493 his
776 2438 931 2492 aiunt
964 2456 977 2503 ;
1018 2439 1088 2492 ita
1117 2439 1283 2493 etiam
1313 2438 1573 2493 existimo
1606 2440 1749 2492 hunc
1780 2453 1907 2491 san-

329 2540 478 2584 ctum
521 2530 730 2595 dicere,
764 2531 1134 2585 immediatam
1193 2531 1676 2601 participationem
1714 2530 1904 2596 prima:

326 2622 731 2679 distributionis
777 2625 1171 2680 evidentiorem
1232 2639 1439 2679 esseea
1494 2640 1615 2694 qua:
1655 2624 1904 2677 median-

329 2708 475 2763 tibus
504 2710 627 2765 aliis
659 2710 963 2766 confertur.
1028 2711 1235 2767 Idcirco
1284 2715 1447 2768 etiam
1480 2729 1545 2767 ex
1577 2712 1904 2785 sacerdotali

328 2803 621 2858 traditione
673 2803 963 2870 habemus,
1017 2806 1224 2875 primos
1246 2807 1593 2875 sequentium
1636 2806 1904 2876 perfecto-

326 2909 437 2960 res,
477 2905 532 2949 et
579 2895 1001 2961 illuminatores,
1042 2906 1098 2951 et
1140 2899 1449 2967 expiatores
1502 2899 1792 2967 nominari,
1846 2910 1905 2954 ut

325 2988 418 3057 qui
448 2986 516 3041 ab
542 2988 624 3042 eis
653 2990 997 3044 adducantur
1026 2990 1093 3045 ad
1125 2991 1368 3045 omnium
1419 2992 1775 3061 principium,
1815 2993 1901 3047 di-

327 3085 593 3157 vinasque
624 3086 953 3157 participent
984 3089 1345 3158 expiationes,
1393 3089 1820 3145 illuminationes
1845 3106 1910 3146 ac

326 3180 773 3235 consecrationes
804 3198 817 3234 :
852 3181 1120 3251 siquidem
1154 3182 1257 3235 hoc
1279 3196 1309 3234 a
1345 3182 1454 3236 Deo
1491 3182 1694 3237 divinis
1740 3183 1907 3237 etiam

325 3269 615 3325 ordinibus
641 3270 756 3340 lege
781 3279 1045 3326 statutum
1097 3282 1203 3338 est,
1254 3283 1311 3327 ut
1335 3288 1456 3343 qua:
1484 3274 1724 3326 secunda
1756 3283 1907 3337 sunt,

327 3378 427 3435 per
455 3364 629 3435 prima
660 3366 875 3422 divinas
906 3367 1233 3437 participent
1264 3366 1693 3421 illuminationes
1728 3384 1742 3419 :
1772 3366 1908 3420 ordo

325 3456 475 3513 enim
508 3468 616 3511 tam
650 3460 897 3514 caelestia
946 3475 1107 3529 quam
1164 3459 1447 3515 terrestria
1476 3460 1737 3516 continet.
1773 3459 1907 3513 Ser-

329 3564 549 3605 mortem
580 3567 757 3614 suum,
789 3554 933 3622 quod
966 3554 1206 3607 secunda
1256 3554 1366 3624 82
1409 3552 1769 3607 mediantibus
1799 3554 1911 3621 pri-

330 3644 437 3697 mis
461 3642 820 3709 illustrenlur,
860 3645 1152 3699 confirmat
1178 3662 1206 3697 a
1245 3646 1446 3700 divinis
1471 3646 1753 3714 sacrisque
1784 3660 1910 3715 pro-

330 3736 533 3806 plietis,
572 3752 711 3808 quos
735 3749 791 3792 et
835 3738 1117 3809 theologos
1170 3748 1355 3805 vocat,
1401 3748 1459 3791 ut
1498 3738 1589 3807 qui
1627 3753 1909 3793 sermones

330 3830 426 3887 Dei
460 3833 616 3888 nobis
646 3833 1145 3904 aununtiaut.;H0c
1176 3837 1385 3903 utique,
1414 3833 1609 3900 inquit,
1640 3848 1669 3885 a
1701 3832 1907 3888 theolo-

329 3927 413 3997 gis
466 3942 783 3997 expressum
840 3927 1106 3995 reperias,
1142 3943 1206 3981 ac
1248 3926 1483 3995 primum
1523 3942 1551 3978 a
1585 3924 1852 3979 Zacharia
1889 3942 1905 3979 :

330 4036 454 4073 cum
485 4019 631 4075 enim
671 4019 764 4073 Dei
806 4018 1094 4073 clementia
1142 4019 1292 4089 (nam
1330 4018 1423 4071 Dei
1456 4019 1669 4087 punitio
1693 4032 1909 4085 quoque

330 4112 620 4166 clementia
657 4122 759 4175 est,
792 4112 953 4179 juxta
1004 4110 1159 4175 illud,
1189 4120 1417 4181 paterna
1442 4110 1605 4165 etiam
1636 4110 1908 4164 correctio

331 4202 644 4271 benignitas
683 4204 902 4256 exsistit
936 4221 950 4269 ;
983 4202 1239 4270 quoniam
1271 4202 1444 4255 instar
1485 4202 1656 4271 patris
1687 4201 1911 4255 deduxit

333 4304 399 4345 ac
430 4289 630 4343 direxit
664 4288 851 4354 Israel,
895 4288 1220 4359 quandoque
1270 4289 1486 4358 quidem
1522 4289 1907 4358 promissioni-

334 4383 438 4438 bus
467 4382 757 4448 bonorum,
788 4384 1115 4455 quandoque
1142 4397 1273 4437 vero
1300 4382 1462 4435 minis
1492 4384 1903 4454 acsuppliciis),

2018 471 2207 542 χαρίᾳ,
2240 472 2354 526 ,καὶ
2408 472 2625 543 Δανιὴλ,
2674 472 2768 525 καὶ
2815 472 3068 545 Ἰεξεκιὴλ
3117 478 3229 538 τοῖς
3264 478 3603 547 προφήταις,

2019 564 2286 635 σύμϐολον
2316 564 2649 635 ποιησόμεθα
2695 566 2798 635 τῆς
2839 566 3118 638 πόρρωθεν
3155 569 3603 641 ἐπιτελουμένης,

2016 657 2111 708 καὶ
2140 655 2226 707 διὰ
2248 656 2419 725 μέσης
2436 655 2629 725 ἐτέρας
2655 655 2863 721 τάξεως
2882 657 3229 722 τελειώσεως,
3264 660 3363 727 τῆς
3388 660 3479 714 διὰ
3501 661 3607 734 τὴν

2017 744 2241 815 πρόοδον
2269 743 2369 815 τὴν
2424 746 2503 808 εἰς
2556 744 2879 816 δευτέρωσιν
2930 748 3363 819 ἀμυδρουμὲνης.
3436 752 3609 821 Ἀμι-

2015 835 2315 907 δρουμένην
2341 836 2395 889 δὲ
2420 837 2517 907 τὴν
2532 836 2805 893 τελείωσιν
2836 834 3009 901 εἶπεν,
3034 840 3095 892 οὐ
3124 839 3211 892 διὰ
3249 840 3353 912 τὴν
3390 841 3607 899 οἰκείαν

2015 929 2187 999 αὐτῆς
2213 930 2449 993 ἀτονίαν,
2479 928 2613 983 ἀλλά
2656 930 2809 1002 παρά
2835 932 2895 984 τὸ
2922 934 3215 1004 ὑφειμένον
3234 934 3343 987 τῶν
3370 934 3606 1005 δεχομέ-

2013 1038 2119 1075 νων
2138 1037 2152 1051 ·
2183 1019 2342 1074 τοῦτο
2365 1020 2474 1092 γὰρ
2503 1021 2650 1093 δηλοῖ
2686 1022 2747 1074 τὸ
2777 1024 2951 1077 εἰπεῖν
2991 1022 3354 1092 δευτέρωσιν
3379 1023 3609 1079 τελειιί-

2015 1127 2171 1174 σεως,
2194 1112 2439 1165 τουτέστι
2463 1114 2523 1165 τὸ
2545 1113 2912 1186 ἀμυδρότερον
2954 1114 3297 1173 τελειοῦσθαι
3320 1114 3392 1169 τά
3417 1116 3607 1170 δεύτε-

2017 1220 2105 1273 ρα.
2153 1203 2468 1273 Ἀναλογίαν
2522 1208 2756 1257 ποιεῖται
2802 1206 2910 1261 τῶν
2956 1207 3127 1276 λόγων
3158 1207 3322 1261 αὑτοῦ
3354 1208 3466 1262 ἀπὸ
3494 1208 3607 1262 τῶν

2014 1300 2146 1368 παρ’
2185 1297 2491 1368 ἀνθρώποις
2545 1298 2897 1363 τελειώσεων,
2944 1301 3037 1353 καὶ
3080 1300 3238 1353 τοῦτο
3271 1300 3335 1353 οὒ
3384 1300 3607 1371 τίθησιν

2012 1391 2105 1460 ἀφ’
2136 1392 2349 1454 ἐαυτοῦ,
2407 1392 2519 1447 ἀλλ’
2574 1392 2682 1445 ἀπὸ
2729 1393 2838 1446 τῶν
2879 1393 3065 1447 δεινῶν
3120 1394 3247 1465 περὶ
3303 1393 3405 1457 τὰς
3449 1392 3608 1463 ἰεράς

2011 1481 2169 1551 ἡμῶν
2203 1481 2442 1544 τελετάς.
2497 1482 2583 1546 Ὠς
2612 1482 2741 1551 γοῦν
2792 1484 2987 1539 ἐκεῖνοί
3043 1500 3174 1553 φασι
3216 1482 3316 1546 τὰς
3357 1484 3608 1553 αὑτοφλα-

2011 1576 2121 1636 νεῖς
2150 1572 2567 1645 ἀποπληρώσεις
2584 1576 2675 1628 καὶ
2697 1574 2991 1645 manta;
3037 1574 3204 1645 (κατά
3232 1574 3313 1637 τὸ,
3360 1577 3465 1628 Ἐκ
3494 1574 3605 1627 τοῦ

2012 1664 2405 1735 πληρώματος
2436 1668 2620 1720 αὐτοῦ
2654 1667 2876 1732 πάντες
2913 1664 3219 1737 ἐλάϐομεν)
3251 1666 3449 1721 τῶνδέ⁸
3484 1666 3606 1719 ἑτέ-

1938 1745 1982 1802 Β
2012 1775 2120 1829 ρων
2151 1757 2308 1811 θείων
2360 1758 2624 1829 μεθέξεων
2650 1758 2987 1830 τελειοτέρας
3023 1755 3179 1820 εἶναι,
3210 1756 3610 1829 (ἐτελέσθησαν

2012 1848 2141 1920 γὰρ,
2168 1849 2299 1921 φέρε
2328 1852 2521 1913 εἰπεῖν,
2556 1852 2605 1903 οἱ
2638 1850 2768 1904 θεῖοι
2819 1850 3106 1905 ἀπόστολοι
3158 1849 3288 1921 παρ’
3316 1848 3489 1909 αὐτοῦ
3513 1849 3613 1901 τοῦ

2011 1942 2265 2013 Σωτῆρος
2310 1944 2468 2014 ἡμῶν
2537 1942 2711 2013 Ἰησοῦ
2754 1942 2989 2013 Χριστοῦ
3042 1942 3134 1995 καί
3176 1940 3405 2012 Θεοῦοῆ
3454 1940 3613 2012 παρά

2009 2034 2103 2089 τοῦ
2138 2036 2293 2103 ἁγίου
2342 2036 2434 2089 καὶ
2478 2033 2784 2106 ζωαρχικοῦ
2838 2034 3169 2105 Πνεύματος,
3210 2034 3267 2086 ἐν
3311 2033 3394 2103 τῷ
3428 2032 3613 2102 καιρῷ

2009 2127 2110 2196 τῆς
2139 2128 2537 2197 Πεντηκοστῆς,
2563 2127 2918 2197 ἐτελέσθησαν
2941 2129 3031 2181 καὶ
3053 2129 3101 2180 οἰ
3130 2128 3411 2197 ἀρχιερεῖς
3432 2126 3501 2178 δι’
3521 2124 3616 2176 a6-

2007 2218 2138 2280 τῶν,
2164 2219 2258 2271 καὶ
2284 2218 2590 2289 τελειοτέρα
2620 2219 2837 2281 πάντως
2872 2220 3019 2272 ἐστὶν
3060 2219 3284 2271 ἐκείνων
3310 2220 3343 2287 ὴ
3376 2216 3605 2269 τελείω-

2011 2308 2146 2379 σις’)
2177 2309 2253 2371 ὼς
2284 2308 2413 2377 γοῦν
2462 2310 2510 2361 οἰ
2546 2308 2707 2363 δεινοὶ
2739 2309 2807 2361 τὰ
2852 2309 2972 2363 θεῖά
3018 2326 3149 2378 φασι
3198 2310 3328 2380 περί
3368 2309 3609 2369 τούτων,

2008 2400 2199 2463 οὕτως,
2222 2396 2396 2471 οἶμαι,
2448 2403 2613 2471 φησὶν
2646 2404 2673 2455 ὁ
2705 2403 2879 2470 ἀγιος,
2930 2403 3028 2473 τὴν
3070 2401 3273 2473 ἀμεσον
3308 2400 3611 2472 μετουσίαν

2006 2491 2109 2560 τῆς
2149 2490 2374 2563 πρώτης
2428 2492 2842 2564 διακοσμήσεως
2895 2493 3289 2565 ἐναργεστέραν
3320 2490 3468 2546 εἰναι
3496 2492 3613 2546 τῶν

2007 2584 2074 2638 δι’
2109 2584 2309 2653 ἐτέρων
2342 2584 2521 2654 μέσων
2566 2584 3031 2656 ἀποτελουμένων.
3064 2585 3155 2637 Διὸ
3184 2585 3277 2638 καὶ
3301 2583 3363 2649 ἐξ
3402 2585 3613 2655 ἰερατιυ

2008 2673 2112 2743 κῆς
2149 2674 2499 2745 παραδόσεως
2528 2674 2741 2744 ἔχομεν,
2764 2675 2844 2727 ὅτι
2884 2673 3130 2727 τελεσταὶ
3170 2676 3263 2727 καὶ
3291 2675 3612 2745 φωτουργοὶ

2008 2766 2105 2818 καὶ
2136 2764 2457 2836 καθαρτικοὶ
2485 2766 2533 2816 οἰ
2564 2765 2769 2836 πρῶτοι
2796 2765 2905 2817 τῶν
2932 2764 3196 2836 δευτέρων
3220 2764 3610 2835 ὀνομάζονται,

2009 2856 2087 2920 ὡς
2116 2856 2184 2909 δι’
2215 2856 2394 2909 αὐτῶν
2440 2857 2789 2927 ἀναγομένων
2840 2855 3046 2909 τούτων
3084 2856 3177 2908 ἐπί
3222 2856 3324 2927 τὴν
3380 2857 3615 2910 πάντων

2008 2948 2185 3020 ἀρχὴν
2212 2948 2307 3001 καὶ
2366 2949 2424 3001 ἐν
2452 2949 2711 3019 μετουσίᾳ
2738 2948 3035 3019 γινομένων
3063 2947 3171 3002 τῶν
3197 2947 3358 3001 θείων
3390 2950 3608 3022 καθάρ-

2008 3057 2165 3103 σεων,
2219 3040 2511 3111 φωτισμῶν
2568 3040 2662 3094 καὶ
2715 3038 3080 3093 τελειώσεωνο
3116 3040 3275 3093 τοῦτο
3335 3041 3455 3115 γάρ
3485 3043 3607 3096 ἐστι

1936 3129 1978 3187 C
2012 3131 2503 3203 νενομοθετημένον
2526 3134 2619 3186 καὶ
2640 3130 2789 3203 παρὰ
2803 3130 2897 3184 τοῦ
2932 3129 3067 3183 Θεοῦ
3120 3134 3234 3194 τοῖς
3286 3130 3460 3195 θείοις
3512 3134 3596 3186 τά·

2011 3238 2207 3293 γμασι,
2266 3222 2327 3275 τὸ
2375 3221 2463 3275 διὰ
2514 3221 2623 3275 τῶν
2655 3220 2888 3292 πρώτων
2916 3219 2985 3273 τά
3013 3220 3260 3292 δεύτερα,
3297 3220 3411 3273 τῶν
3448 3221 3611 3274 θείων

2013 3314 2257 3387 μετέχειν
2288 3314 2603 3385 ἐλλάμψεων
2623 3332 2635 3345 ·
2663 3313 2815 3381 τάξις
2851 3312 2959 3385 γὰρ
3004 3314 3217 3385 συνέχει
3244 3314 3315 3367 τά
3343 3332 3407 3367 τε
3437 3316 3611 3387 οὐρά-

2009 3424 2097 3460 νια
2135 3408 2228 3460 καὶ
2253 3406 2323 3461 τά
2369 3407 2607 3476 ἐπίγεια.
2665 3406 2896 3476 Συνιστᾷ
2947 3405 3037 3458 τὸν
3082 3406 3236 3474 λόγον
3293 3406 3493 3472 αὑτοῦ,
3524 3408 3611 3459 ὅτι

2008 3494 2098 3548 διὰ
2131 3496 2310 3567 μέσων
2339 3497 2447 3549 τῶν
2475 3496 2706 3568 πρώτων
2734 3496 2783 3548 οἰ
2811 3494 3050 3566 δεύτεροι
3072 3495 3470 3566 ἐλλάμπονται,
3499 3496 3611 3550 ἀπὸ

2007 3585 2117 3640 τῶν
2150 3586 2308 3639 θείων
2361 3589 2456 3642 κα)⁸
2514 3586 2673 3659 ἱερῶν
2720 3585 3037 3658 προφητῶν,
3069 3585 3163 3650 οὓς
3191 3589 3284 3641 καὶ
3314 3588 3611 3657 θεολόγους

2011 3678 2194 3747 φησὶν,
2226 3677 2301 3740 ὡς
2333 3676 2525 3746 λόγους
2580 3675 2714 3729 Θεοῦ
2766 3678 2897 3747 ἡμῖν
2937 3675 3383 3745 ἐξαγγέλλοντας.
3420 3680 3607 3751 Εὑρή-

2011 3785 2122 3831 σεις
2149 3767 2301 3837 γοῦν,
2334 3768 2502 3837 λέγει,
2545 3767 2704 3821 τοῦτο
2751 3766 3078 3838 δηλούμενον
3126 3771 3241 3832 τοῖς
3290 3768 3606 3838 θεολόγοις

2008 3860 2103 3913 καὶ
2126 3859 2343 3930 πρῶτον
2369 3859 2447 3931 τῷ
2491 3859 2739 3930 Ζαχαρία
2759 3876 2773 3889 ·
2818 3859 2983 3930 ἡνίκα
3025 3858 3133 3931 γάρ
3160 3862 3191 3929 ἠ
3222 3859 3317 3912 τοῦ
3351 3861 3495 3914 Θεοῦ
3522 3881 3610 3931 φι-

2007 3949 2343 4021 λανθρωπία,
2373 3949 2425 4022 (ἡ
2457 3948 2565 4021 γὰρ
2598 3948 2693 4003 τοῦ
2741 3948 2875 4003 Θεοῦ
2924 3948 3162 4021 τιμωρία
3217 3950 3609 4024 φιλανθρωπία

2008 4042 2143 4105 ἐστὶ,
2188 4039 2330 4095 κατά
2350 4040 2432 4104 τὸ,
2455 4040 2668 4093 Γίνεται
2700 4039 3075 4113 φιλανθρωπία
3100 4042 3132 4110 ή
3162 4041 3405 4112 τιμωρία
3433 4045 3468 4114 ή
3502 4061 3610 4097 πα-

2006 4134 2168 4205 τρική
2197 4150 2210 4163 ·
2243 4133 2319 4196 ὼς
2344 4131 2454 4204 γὰρ
2489 4132 2674 4203 πατὴρ
2721 4132 2880 4203 ἐνῆγε
2940 4133 3033 4185 καὶ
3089 4131 3465 4202 ἐπαιδαγώγει
3515 4137 3609 4190 τὸν

2021 4224 2253 4296 Ἰσραὴλ,
2286 4224 2388 4278 ποῦ
2414 4225 2511 4296 μὲν
2532 4224 2596 4279 δι’
2625 4224 2964 4295 ἐπαγγελιῶν
2993 4224 3100 4279 τῶν
3129 4222 3371 4293 ἀγαθῶν,
3402 4228 3510 4282 ποῦ
3551 4230 3609 4283 δέ

2005 4318 2071 4370 δι’
2102 4317 2337 4371 ἀπειλῶν
2374 4318 2467 4372 καὶ
2511 4318 2790 4390 τιμωριῶν
2812 4318 2851 4389 ·)
2900 4319 3065 4389 ἡνίκα
3102 4318 3234 4387 γοῦν
3264 4321 3297 4391 ἠ
3336 4321 3438 4375 τοῦ
3466 4322 3607 4376 Θεοῦ

2008 4406 2385 4479 φιλανθρωπία
2411 4409 2501 4461 τὸν
2530 4407 2747 4481 Ἰσραὴλ
2776 4408 3110 4462 παιδεύσασα
3122 4408 3187 4461 δι’
3218 4412 3609 4481 αἰχμαλωσίας

332 4475 575 4543 quando,
608 4475 856 4544 inquam,
912 4475 1006 4529 Dei
1037 4475 1329 4530 clementia
1361 4476 1620 4532 Israelem
1650 4479 1801 4534 erudi

2164 4475 2538 4569 Βαϐυλωνίων,
2584 4475 2762 4574 (τοῦτο
2799 4502 2854 4556 δὲ
2892 4503 3113 4572 γέγονεν
3143 4475 3419 4574 ὑπὲρ-τῆς
3455 4475 3608 4577 ἱερᾶς

334 4582 434 4637 per
478 4568 850 4638 captivitatem
904 4567 1330 4639 Babyloniorum
1391 4569 1519 4640 (hoc
1574 4580 1757 4625 autem
1808 4587 1908 4641 pro

332 4676 500 4717 sacra
551 4660 671 4729 ejus
723 4662 899 4716 salute
944 4662 1223 4732 contigit;
1263 4664 1444 4717 omnis
1491 4663 1636 4717 enim
1688 4664 1837 4718 salus
1879 4678 1909 4717 a

333 4753 444 4808 Deo
468 4769 626 4808 sacra
654 4762 760 4819 est,
793 4753 920 4822 quia
953 4770 1058 4806 non
1095 4763 1306 4807 tantum
1353 4768 1551 4822 corpus
1574 4764 1784 4818 serVat,
1813 4754 1909 4809 sed

329 4847 497 4903 etiam
534 4848 798 4917 animam)
832 4858 892 4902 ut
922 4848 991 4903 ad
1040 4847 1359 4904 Creatorem
1411 4849 1585 4918 ipsum
1623 4860 1910 4905 converte-

330 4952 438 5006 ret,
466 4942 754 4997 ultricibus
784 4956 851 4996 ac
880 4941 1014 4996 feris
1061 4943 1316 5012 gentibus
1370 4944 1597 4998 tradidit
1622 4946 1911 5013 corrigen-

332 5033 511 5097 dum;
552 5042 608 5087 et
634 5033 783 5086 utad
840 5032 1119 5087 meliorem
1154 5032 1363 5103 frugem
1421 5035 1755 5101 traduceret,
1812 5036 1911 5092 ali-

332 5122 551 5191 quando
587 5124 805 5193 quidem
832 5124 1085 5193 gentibus
1109 5127 1353 5191 tradidit,
1392 5128 1687 5197 aliquando
1720 5143 1853 5184 vero
1879 5144 1911 5183 a

334 5214 651 5284 Captivitate
688 5218 966 5284 liberavit,
998 5228 1055 5274 et
1087 5218 1155 5274 ad
1198 5220 1487 5289 pristinam
1529 5220 1769 5289 benigne
1798 5220 1911 5276 cle-

338 5321 661 5381 menterque
688 5327 753 5368 ac
783 5314 1073 5384 magnifice
1122 5314 1399 5369 fortunam
1456 5315 1709 5379 reduxit;
1764 5315 1911 5370 videt

336 5403 429 5458 ille
461 5406 745 5478 theologus
787 5407 1086 5464 Zacharias
1139 5409 1432 5478 quemdam
1490 5408 1792 5476 primorum
1827 5417 1913 5477 (ut

337 5498 615 5565 existimo,
664 5511 887 5571 propter
922 5516 1112 5556 eorum
1167 5518 1289 5572 ane
1343 5500 1603 5554 dicuntur
1650 5515 1911 5554 reveren-

338 5589 496 5659 tiam)
571 5594 886 5662 angelorum
960 5596 1323 5667 (angelorum,
1390 5592 1636 5660 inquam,
1692 5602 1912 5662 propter

337 5697 626 5739 cownnune
653 5700 873 5751 nomen,
914 5705 1038 5747 cum
1086 5688 1324 5757 alioquin
1377 5684 1619 5751 ultimus,
1677 5699 1781 5740 non
1817 5702 1913 5741 au-

409 5782 460 5822 ι²
490 5776 644 5835 Joan.
680 5796 719 5849 t,
748 5781 835 5837 l6.

2012 4594 2177 4649 αὐτοῦ
2204 4596 2501 4666 σωτηρίας·
2538 4597 2688 4648 πᾶσα
2709 4593 2818 4666 γὰρ
2856 4594 3097 4666 σωτηρία
3126 4594 3281 4666 παρά
3317 4595 3461 4648 Θεοῦ
3488 4599 3609 4669 ἱερά

2010 4686 2179 4752 ἐστιν,
2208 4688 2289 4741 ὃτι
2312 4687 2410 4757 οὐχ
2439 4687 2626 4750 ἁπλῶς
2663 4687 2822 4757 σῶμα
2860 4685 3044 4750 σώζει,
3082 4685 3218 4739 ἀλλά
3241 4688 3336 4741 καὶ
3367 4688 3604 4761 ψυχήν,)

2015 4778 2081 4833 ἵν’
2142 4781 2452 4851 ἐπιστραφῇ
2504 4779 2643 4851 πρὸς
2690 4779 2782 4832 τὸν
2831 4780 3153 4850 ποιήσαντα,
3206 4784 3480 4851 τιμωροῖς
3514 4781 3608 4834 καὶ

2012 4872 2223 4945 ἀγρίοις
2266 4872 2441 4925 ἔθνεσι
2489 4871 2803 4943 παρέδωκεν
2831 4874 2909 4935 εἰς
2940 4870 3313 4943 ἐπανόρθωσιν
3335 4888 3349 4901 ·
3392 4874 3494 4926 καὶ
3519 4874 3607 4925 ἵνα

2015 4966 2225 5036 μετάγῃ
2273 4965 2366 5017 ἐπὶ
2410 4964 2471 5017 τὸ
2514 4967 2782 5036 κρεῖττον,
2839 4962 2943 5017 ποῦ
2985 4964 3083 5035 μὲν
3132 4962 3428 5034 παρεδίδου
3491 4968 3607 5028 τοῖς

2011 5057 2210 5121 ἔθνεσι,
2234 5056 2339 5111 ποῦ
2366 5057 2423 5115 δὲ
2450 5057 2552 5127 τῆς
2578 5056 2955 5128 αἰχμαλωσίας
2984 5056 3152 5125 ἠφίει,
3191 5054 3289 5109 καὶ
3339 5056 3487 5127 πρὸς
3507 5056 3605 5127 τὴν

2012 5150 2284 5223 προτέραν
2331 5150 2588 5212 ἐπιεικῶς
2638 5150 2733 5203 καὶ
2786 5147 3178 5223 φιλανθρώπως
3209 5148 3305 5201 καὶ
3343 5150 3604 5219 μεγάλως

2013 5243 2283 5314 ἐπανῆγεν
2320 5241 2633 5303 εὐπάθειανο
2675 5242 2779 5313 ὁρᾷ
2814 5244 2843 5295 ό
2887 5241 3135 5309 θεολόγος
3189 5241 3479 5312 Ζαχαρίας
3508 5242 3603 5294 ἕνα

2011 5334 2119 5387 τῶν
2148 5334 2379 5405 πρώτων
2408 5330 2582 5405 (οἶμαι
2622 5332 2796 5401 λέγων
2834 5332 2923 5385 διὰ
2972 5332 3071 5403 τὴν
3123 5330 3234 5385 τῶν
3284 5332 3603 5406 λεγομένων

2013 5424 2316 5495 εὐλάϐειαν)
2352 5424 2573 5479 καὶτῶν
2608 5425 2737 5496 περὶ
2784 5425 2916 5478 Θεὸν
2958 5423 3203 5493 ἀγγέλων
3242 5422 3520 5494 (ἀγγέλων
3546 5426 3601 5478 δὲ

2012 5517 2153 5587 λέγω
2183 5519 2271 5572 διά
2298 5520 2396 5591 τὴν
2424 5520 2609 5589 κοινὴν
2637 5519 2971 5588 ἐπωνυμίαν,
2996 5518 3118 5570 ἐπεὶ
3141 5517 3318 5581 ἄλλως
3342 5516 3474 5571 ὒστε
3486 5536 3597 5591 ρον,

2014 5610 2074 5661 οὐ
2106 5609 2321 5680 πρῶτον
2368 5609 2551 5679 τάγμα
2584 5610 2635 5663 οἱ
2672 5609 2912 5678 ἄγγελοι)
2954 5613 3083 5681 παρ’
3126 5609 3295 5663 αὑτοῦ
3328 5609 3426 5663 τοῦ
3460 5610 3598 5663 θεοῦ

2020 5702 2255 5773 μαθόντα
2292 5705 2418 5768 τοὺς
2442 5703 2884 5777 παρακλητικοῦς
2937 5704 3151 5773 λόγους·
3189 5701 3379 5775 ἕτερον
3406 5702 3469 5758 δὲ
3488 5702 3605 5761 τῶν,
