3722 6292
179 318 261 374 255
630 318 735 374 DE
774 316 1094 376 εοειεετι
1132 314 1575 380 HIERARCHIA,
1612 314 1649 369 C

1461 315 1575 380 HA,
1612 311 1764 369 CAP.
1803 309 1939 366 Vlll.
1976 342 2044 351 -—-
2077 308 2421 365 PARAPHR.
2459 304 2931 365 ΡΑΟΗΫΜΕΒᾸΞ.

3306 304 3418 367 254

177 435 559 505 baubaquka
593 436 877 505 ἀγγέλων,
908 436 1040 508 πρὸς
1064 436 1361 507 ὑπάντησιν
1387 435 1481 489 τοῦ
1516 435 1647 508 πρώ¹

1940 452 1947 487 ι
2004 434 2211 504 primus
2252 436 2388 490 ordo
2441 434 2755 505 angelorum
2788 432 2904 503 sil),
2944 431 3013 486 ah
3038 431 3268 500 ipsomet
3304 432 3410 486 Deo

176 528 619 599 προπορευόμενον
675 528 842 599 (τάχα
894 529 991 598 μὲν
1040 526 1133 579 τοῦ
1180 528 1483 598 προφήτου,
1514 529 1655 598 τάχα
1681 528 1737 581 δὲ

172 618 253 690 πρὸ
274 618 364 672 τοῦ
387 619 479 672 τὸν
515 618 760 689 μείζονα
799 620 1025 689 ἄγγελον
1067 620 1238 673 ἐλθεῖν
1272 620 1407 691 πρὸς
1431 620 1611 682 αὑτὸν,
1632 620 1736 689 τῆς

171 711 443 784 προθέσεως
476 713 872 786 σημαινούσης
911 714 1098 785 χρόνον
1123 713 1265 785 τινὰ)
1295 715 1390 767 καὶ
1416 714 1735 768 ὑπαντῶντα

166 806 273 876 πρὸς
308 804 581 876 ὑποδοχὴν
612 806 722 877 τῆς
774 807 1108 878 ὲλλάμψεωςο
1151 804 1270 860 εἶτα
1305 808 1400 861 καὶ
1433 806 1733 877 μυούμενον

164 897 239 965 τὴν
257 893 395 946 θείαν
426 894 641 967 βουλὴν
692 899 829 969 παρ’
874 896 1061 963 αὑτοῦ,
1094 898 1170 961 ὡς
1195 897 1347 969 παρά
1392 897 1610 969 πρώτου
1659 898 1733 950 ἱε-

162 992 329 1061 ρὰρχου
352 987 445 1040 καὶ
481 987 935 1061 ὲπιτρεπὸμενον
959 993 1037 1054 εἰς
1083 989 1144 1043 τὸ
1189 990 1393 1061 μυῆσαι
1436 988 1527 1043 τδν
1555 988 1732 1042 θεολό-

158 1105 248 1155 γον,
290 1088 367 1139 στι
412 1088 794 1161 κατάκαρπος
854 1090 1311 1162 κατοικηθήσεται
1376 1087 1730 1161 Ἰερουσαλὴμ

154 1180 238 1233 ἀπὸ
254 1178 489 1249 πλήθους
540 1181 881 1253 ἀνθρώπων.
931 1182 1091 1251 Λέγει
1114 1181 1269 1253 γάρὸ
1300 1180 1728 1244 θεοπτικιῖηατος

151 1273 388 1342 Ζαχαρίας
411 1288 427 1303 ο
460 1273 585 1326 Καὶ
618 1273 745 1341 ἦρα
798 1274 939 1341 τοὺς
986 1275 1331 1344 ὀφθαλμούς
1350 1292 1491 1343 μου,
1522 1274 1618 1327 καὶ
1648 1274 1727 1328 ετ-

146 1363 249 1425 δον,
277 1361 369 1415 καὶ
398 1360 537 1415 ἰδοὺ
572 1362 760 1431 ἀνὴρ,
800 1363 872 1417 ἐν
924 1364 999 1432 τῇ
1034 1364 1183 1432 χειρὶ
1220 1364 1406 1418 αὑτοῦ
1450 1364 1725 1431 σχοινίον

144 1456 524 1523 γεωμετρικόν.
560 1456 681 1511 Kal
708 1457 849 1510 εἶπα
878 1455 1027 1524 πρὸς
1054 1456 1261 1521 αὑτὸν,
1292 1457 1415 1511 Ποῦ
1450 1458 1711 1527 πορεύῃ;

142 1545 217 1597 ml
234 1545 355 1599 εἷπε
377 1548 541 1614 πρός
568 1565 653 1617 με
672 1565 685 1578 ·
732 1547 1124 1618 Διαμετρῆσαι
1145 1549 1261 1617 τὴν
1304 1549 1719 1619 Ἰερουσαλὴμ,

140 1638 223 1691 τοῦ
235 1636 376 1691 ἰδεῖν
393 1640 682 1705 πηλίκον
700 1639 769 1693 τὸ
793 1638 1020 1706 πλάτος
1039 1641 1231 1708 αὐτῆς
1253 1641 1405 1703 ἐστι,
1437 1642 1530 1695 καὶ
1551 1644 1722 1709 πηλί-

137 1749 224 1784 κον
249 1730 310 1784 τὸ
336 1730 571 1800 μῆκος.
609 1733 727 1786 Kal
766 1731 895 1786 ὶδοὺ
926 1732 1178 1801 ἄγγελος
1208 1736 1241 1787 ὀ
1270 1733 1477 1787 λαλῶν
1500 1734 1570 1787 ἐν
1588 1734 1715 1804 ἐμοὶ

135 1817 385 1883 εἱστήκει,
422 1820 530 1873 καὶ
562 1820 828 1890 ἄγγελος
842 1820 1039 1888 ἔτερος
1065 1821 1455 1890 ἐξεπορεύετο
1474 1825 1560 1889 εὶς
1576 1838 1717 1877 συν-

132 1906 357 1976 άντησιν
373 1910 603 1975 αὑτοῦ,
634 1913 737 1966 καὶ
754 1912 884 1966 εἷπε
901 1912 1050 1980 πρὸς
1064 1913 1250 1967 αὑτὸν
1271 1912 1483 1984 λέγων·
1499 1913 1711 1983 Δράμε,

130 2003 203 2054 ml
219 2000 501 2069 λάλησον
519 2002 806 2071 πρὸς’τόν
821 2005 1068 2059 νεανίαν
1082 2004 1335 2067 ἐκεῖνον,
1353 2005 1549 2076 λέγων
1567 2024 1579 2036 ·
1602 2010 1713 2061 Κα-

130 2090 397 2161 τάωρπος
424 2096 945 2164 κατοικηθὴσεται
982 2098 1376 2166 Ἰερουσαλὴμ
1398 2098 1516 2153 ἀπὸ
1551 2100 1709 2167 πλή-

127 2188 243 2250 tlouq
255 2185 623 2252 ἀνθρώπων.
649 2188 763 2240 Καὶ
776 2186 946 2241 ταῦτα
979 2190 1075 2260 μὲν
1096 2189 1165 2243 τά
1192 2189 1286 2243 τοῦ
1315 2192 1593 2261 προφήτου
1621 2195 1713 2264 ρη-

125 2277 201 2332 τά·
220 2278 277 2330 ab
293 2277 348 2331 δὲ
366 2278 499 2349 ὅρα,
527 2277 660 2342 πῶς
674 2278 821 2347 λέγει
834 2280 861 2331 6
878 2282 1162 2352 προφήτης
1184 2298 1197 2311 ·
1248 2281 1671 2349 Ἐξεπορεύετο
1689 2301 1703 2314 ο

122 2369 145 2420 6
192 2367 244 2421 δὲ
297 2367 444 2432 θεῖος
522 2364 695 2433 οὗτος
752 2372 925 2442 ἀνήρ’
1013 2374 1478 2440 Προεπορεύετο.
1564 2375 1706 2428 ἰσθι

123 2457 185 2525 δὲ,
217 2459 290 2511 ὃτι
319 2460 348 2512 6
376 2460 572 2514 λαλῶν
595 2462 731 2525 τοὺς
760 2462 1208 2533 παρακλητικοὺς
1240 2464 1299 2515 ὲν
1328 2463 1407 2534 τῷ
1438 2465 1701 2536 Ζαχαρία,

121 2542 247 2614 ὦτός
275 2551 426 2604 ἐστιν
455 2553 489 2604 6
530 2551 603 2604 τὸ
625 2550 771 2604 θεῖον
810 2553 1027 2623 ἀμέσως
1052 2552 1239 2624 μαθὼν
1276 2554 1545 2625 βούλημα,
1573 2556 1705 2609 καθ-

123 2644 180 2703 ὼς
249 2640 432 2709 λέγει·
487 2642 617 2697 Kal
671 2643 958 2727 ἀπεπεριθη
1012 2646 1226 2713 Κύριος
1286 2647 1703 2715 παντοκράτωρ

118 2734 181 2799 τῷ
204 2737 437 2805 ἀγγέλῳ
496 2736 591 2803 τῷ
635 2736 929 2791 λαλοῦντι
972 2737 1042 2791 ἐν
1065 2737 1195 2808 ἐμοὶ
1241 2736 1472 2808 ῥήματα
1522 2743 1698 2805 καλὰ,

117 2825 196 2881 καὶ
252 2828 485 2896 λόγους
545 2828 1059 2896 παρακλητικοὺς,
1118 2823 1325 2893 οὗτινος
1382 2830 1697 2901 ἱσταμένου,

117 2919 501 2989 προεπορεύθη,
566 2920 744 2989 ἤγουν
808 2920 1136 2991 ὲξεπορεύθη
1194 2920 1412 2991 ἕτερος,
1471 2921 1608 2992 πρὸς
1637 2922 1698 2977 ὃν

114 3004 241 3061 εἶπεν
262 3012 479 3075 ἐκεῖνος
538 3013 573 3064 ὁ
609 3009 812 3076 λαλῶν,
846 3010 1055 3081 Δράμε,
1091 3010 1185 3064 καὶ
1229 3006 1349 3065 εἷπε
1380 3012 1443 3065 τὸ
1468 3013 1564 3066 καὶ
1610 3013 1690 3067 τό.

1838 526 2139 580 discentem
2190 528 2359 581 verba
2427 525 2820 583 consolationis
2869 540 2885 589 ;
2936 524 3169 583 alterum
3225 536 3407 578 autem

1838 616 2167 670 inferiorum
2220 616 2543 687 angelorum
2584 616 2765 686 primo
2807 616 2897 670 isti
2947 616 3166 670 obviam
3207 632 3411 685 pineae.

1836 709 2052 762 dentem
2079 706 2336 778 (forsitan
2384 709 2602 777 quidem
2640 707 2933 777 propheta,
2969 708 3109 762 forte
3150 723 3281 763 vero
3310 724 3411 762 an-

1837 808 2054 869 tequam
2081 800 2254 868 major
2280 798 2505 868 angelus
2528 799 2592 852 ad
2630 800 2802 868 ipsum
2851 800 3113 864 venisset,
3147 802 3410 870 praeposi-

1833 890 1983 945 tione
2012 890 2270 944 nimirum
2301 890 2540 959 spatium
2569 890 2789 959 aliquod
2819 890 3143 963 denotaute)
3164 902 3220 947 et
3246 894 3313 948 ad
3340 893 3409 948 il-

1831 982 2208 1037 lustrationem
2231 983 2551 1053 capiendam
2583 993 2959 1038 occurrentem
2982 1000 2999 1051 ;
3026 985 3223 1039 deinde
3237 986 3403 1041 etiam

1830 1073 1900 1126 ab
1934 1073 2051 1143 ipso
2084 1073 2323 1127 divinum
2379 1072 2690 1137 consilium,
2748 1082 3005 1144 tanquam
3049 1091 3079 1130 a
3120 1077 3404 1133 sacerdote

1830 1179 2068 1229 summo,
2100 1165 2434 1235 percepisse,
2486 1163 2811 1233 jussumque
2842 1166 3153 1237 theologum
3175 1168 3400 1234 docere,

1770 1256 1773 1261 ’
1829 1256 2066 1309 futurum
2097 1265 2156 1310 ut
2195 1255 2451 1326 frugifera
2498 1255 2804 1311 Jerusalem
2835 1272 2865 1311 a
2895 1274 3089 1328 magna
3117 1260 3399 1315 hominum

1826 1347 2170 1403 multitudine
2222 1348 2509 1403 iucolenda
2572 1348 2735 1405 foret.
2769 1350 2861 1403 Ait
2889 1351 3036 1404 enim
3065 1350 3158 1405 Dei
3186 1353 3401 1421 perspi-

1826 1439 2148 1495 cacissimus
2177 1440 2472 1497 Zacharias
2506 1458 2521 1495 :
2552 1441 2621 1495 Et
2646 1442 2811 1496 levavi
2850 1442 3029 1496 oculos
3061 1459 3220 1507 meas,
3246 1452 3295 1496 et
3320 1445 3399 1498 vi-

1822 1530 1880 1584 di
1911 1542 2139 1595 ;etecce
2183 1534 2285 1597 vir,
2316 1541 2365 1586 et
2410 1536 2465 1587 in
2515 1533 2838 1603 manutejus
2885 1533 3155 1601 funiculus
3184 1550 3394 1604 geome-

1822 1622 2006 1677 tricus.
2036 1622 2103 1677 Et
2130 1624 2247 1677 dixi
2272 1626 2339 1679 ad
2381 1640 2498 1679 eum
2523 1639 2543 1678 :
2570 1625 2686 1691 Quo
2725 1624 2871 1680 vadis
2896 1627 2921 1680 ?
2944 1635 2989 1679 et
3014 1626 3150 1679 dixit
3178 1626 3246 1679 ad
3268 1642 3349 1680 sne
3376 1640 3395 1680 :

1824 1712 1894 1768 Ut
1930 1718 2120 1771 metiar
2162 1716 2480 1784 Jerusalem,
2506 1727 2557 1772 et
2602 1719 2804 1772 videam
2846 1731 3047 1788 quanta
3090 1720 3158 1773 sit
3205 1719 3394 1771 latitu-

1820 1806 1888 1859 do
1916 1809 2053 1877 ejus,
2075 1818 2124 1862 et
2144 1820 2343 1879 quanta
2369 1809 2647 1880 longitudo
2677 1810 2815 1878 ejus.
2876 1808 2945 1863 Et
2990 1827 3109 1864 ecce
3153 1808 3392 1880 angelus,

1814 1902 1904 1969 qui
1947 1901 2259 1970 loquebatur
2279 1904 2333 1957 in
2359 1920 2458 1969 me,
2488 1905 2685 1969 stabat,
2735 1913 2785 1957 et
2807 1904 2948 1958 alius
2985 1904 3201 1973 angelus
3241 1919 3393 1972 egre-

1815 1991 2059 2045 diebatur
2106 1994 2161 2046 in
2209 2010 2486 2048 occursum
2518 1995 2587 2049 ei.
2636 1993 2707 2047 Et
2752 1994 2831 2047 ait
2860 1994 2931 2049 ad
2984 2010 3125 2060 eum,
3167 1994 3394 2049 dicens:

1814 2083 2000 2147 Curre,
2038 2095 2088 2138 et
2128 2086 2339 2155 loquere
2404 2088 2472 2139 ad
2518 2087 2895 2142 adolescentem
2952 2086 3132 2152 illum,
3168 2088 3392 2143 dicens:

1810 2171 2104 2243 Frugifera
2128 2176 2455 2230 habitabitur
2469 2177 2773 2231 Jerusalem
2802 2195 2835 2231 a
2860 2176 3201 2231 multitudine
3227 2179 3392 2231 homi-

1811 2281 1934 2318 num
1958 2266 2006 2320 ι).
2037 2266 2101 2320 Ει
2124 2267 2238 2322 haec
2256 2268 2476 2335 quidem
2495 2270 2661 2323 verba
2688 2277 2811 2323 sunt
2831 2269 3111 2338 propheta:
3137 2287 3151 2335 ;
3186 2278 3239 2322 tu
3261 2284 3390 2324 vero

1810 2359 2091 2413 considera
2123 2358 2397 2427 quomodo
2418 2361 2566 2415 dicat
2606 2361 2870 2431 propheta
2908 2379 2923 2415 :
2965 2361 3226 2431 Egressus
3258 2371 3337 2415 est
3368 2376 3390 2427 ;

1806 2448 1916 2518 83
1948 2449 2035 2504 hic
2075 2462 2258 2505 autem
2292 2451 2374 2505 vir
2403 2452 2618 2507 divinus
2646 2471 2661 2507 :
2712 2450 3072 2508 Prwcedebat.
3106 2452 3256 2508 Scito
3288 2469 3389 2508 au-

1809 2549 1940 2605 tem,
1985 2542 2132 2610 quod
2181 2543 2272 2611 qui
2347 2542 2586 2612 loquitur
2645 2544 3051 2600 consolatorios
3105 2559 3389 2600 sermones

1815 2630 1868 2683 in
1895 2630 2183 2696 Zacharia,
2235 2634 2350 2701 ipse
2380 2634 2452 2689 sit
2504 2635 2595 2704 qui
2627 2636 2943 2690 immediate
2997 2636 3237 2691 divinam
3294 2652 3389 2691 vo-

1806 2720 2076 2777 luntatem
2105 2725 2323 2789 didicit,
2351 2727 2811 2794 quemadmodum
2845 2728 2964 2783 ait:
2999 2726 3069 2781 Et
3118 2730 3385 2797 respondit

1804 2812 2064 2867 Dominus
2116 2817 2445 2883 omnipotens
2492 2824 2679 2886 angelo
2723 2817 2960 2888 loquenti
3018 2820 3075 2872 in
3126 2836 3208 2873 me
3230 2822 3385 2876 verba

1801 2904 1959 2971 bona,
1987 2915 2036 2959 et
2072 2922 2336 2963 sermones
2363 2907 2745 2963 consolatorios
2808 2919 2860 2973 ο,
2896 2924 3004 2979 quo
3031 2918 3209 2966 stante
3241 2928 3382 2981 prae-

1804 3003 1993 3067 cessit,
2028 3005 2146 3059 sive
2175 3019 2431 3075 egressus
2482 3016 2567 3061 est
2596 3007 2755 3073 alius,
2801 3007 2870 3063 ad
2902 3024 3064 3078 quem
3122 3009 3261 3064 dixit
3292 3008 3384 3065 ille

113 3099 312 3171 Ἕτερος
369 3099 429 3153 δὲ
492 3099 616 3153 τῶν
661 3102 954 3172 προφητῶν
1006 3104 1035 3155 6
1110 3101 1389 3175 Ἰεζεκιὴλ,
1436 3104 1529 3156 καὶ
1565 3121 1583 3156 1

1944 3094 2277 3165 loquebatur
2302 3116 2316 3151 :
2350 3096 2537 3161 Curre,
2568 3107 2623 3152 et
2651 3099 2737 3154 dic
2782 3099 2886 3153 hoc
2907 3110 2963 3155 et
2992 3101 3118 3155 hoc.
3146 3099 3378 3167 Quidam

108 3191 255 3260 αὐτῆς
283 3193 385 3262 τῆς
420 3192 525 3245 ἐπὶ
569 3190 689 3245 τῶν
761 3192 1028 3264 χερουόὶμ
1088 3192 1386 3265 Θεότητος,
1424 3195 1578 3248 πανιέ

1920 3204 1969 3240 m
2006 3187 2145 3243 alius
2168 3190 2434 3258 propheta
2468 3189 2744 3256 Ezechiel,
2778 3207 2808 3245 a
2842 3192 3055 3246 Deitate
3087 3193 3226 3261 ipsa,
3257 3208 3381 3263 qua:

106 3282 522 3355 νομοθετηθῆναι
556 3282 913 3347 τὸ-τοιοῦτον,
956 3286 1123 3355 ήγουν
1178 3286 1278 3358 τὴν
1310 3287 1571 3358 τοιαύτην
1600 3287 1697 3339 τά-

106 3375 203 3439 ξιν·
234 3374 325 3428 τὸν
355 3376 477 3448 γὰρ
524 3374 774 3446 Ἰσραὴλ,
802 3375 877 3438 ὡς
909 3375 1146 3446 εῐρηται,
1179 3377 1269 3430 διὰ
1296 3378 1396 3448 τῆς
1425 3377 1696 3449 τιμωρίας

104 3466 493 3539 φιλανθρώπως
554 3468 657 3522 καὶ
707 3468 970 3537 πατρικὸν
998 3470 1199 3540 τρόπον
1229 3470 1321 3522 ἐπὶ
1348 3470 1408 3522 τὸ
1449 3474 1694 3540 κρεῖττον

105 3559 419 3628 μετάγουσα,
443 3564 511 3615 ὲν
536 3560 857 3632 δικαιοσύνῃ
888 3560 1007 3632 Θεῷ
1058 3562 1342 3635 πρεπούσῃ
1376 3563 1694 3634 διαχωρίζε-

101 3644 203 3700 σθαι
256 3648 370 3702 τῶν
436 3648 775 3703 ὑπευθύνων
831 3651 957 3713 τοὺς
1006 3650 1331 3715 ἀνευθύνους
1384 3652 1687 3709 ἐδικαίωσε.

98 3736 245 3792 τοῦτο
288 3744 533 3810 μυεῖται
612 3739 830 3812 πρῶτος
881 3740 1019 3811 μετὰ
1071 3742 1143 3795 τὰ
1198 3743 1480 3816 Χερουϐὶμ
1529 3748 1558 3799 ὁ
1589 3747 1689 3818 τὴν

95 3828 244 3898 ὀσφὺν
295 3832 619 3904 σαπφείρῳ
656 3831 1108 3904 περιεζωσμένος,
1149 3834 1209 3897 ὃς
1239 3835 1331 3888 τὸν
1383 3836 1589 3909 ποδήρη
1612 3838 1688 3902 ὼς

98 3921 334 3995 ὴρὰρπίης
356 3924 687 3978 ἑνδεδύκειο
722 3923 783 3976 τὸ
811 3924 917 3995 γὰρ
948 3926 1131 3996 σχῆμα
1167 3927 1459 3997 ἱερατικὸν,
1484 3930 1545 3981 οὐ
1577 3930 1686 4001 γὰρ

91 4018 146 4095 ἦν
174 4026 278 4079 τῶν
321 4026 719 4091 κολαζόντων,
777 4025 911 4079 ἀλλά
962 4025 1072 4079 τῶν
1129 4026 1509 4098 λυτρουμένων
1556 4031 1684 4097 τοὺς

94 4121 346 4191 σωτηρίας
378 4120 606 4187 ἀξίους.
645 4118 783 4182 Τοὺς
813 4118 869 4173 δὲ
905 4119 1123 4182 λοιποὺς
1167 4119 1225 4186 ἓξ
1259 4120 1523 4189 ἀγγέλους
1555 4123 1683 4187 τοὺς

90 4211 514 4282 τιμωρητικοὺς,
576 4210 630 4262 οἳ
676 4210 801 4273 τοὺς
856 4212 1096 4278 πέλυκας
1139 4209 1304 4285 εἶχον,
1340 4215 1555 4286 ήθεῐκὴ
1588 4234 1683 4271 τα-

90 4302 287 4374 ξιαρχία
334 4305 573 4360 κελεύει
633 4301 786 4374 παρὰ
831 4304 926 4357 τοῦ
981 4305 1272 4377 φοροῦντος
1326 4306 1422 4360 τὸν
1470 4308 1680 4380 ποδήρη

1799 3277 2083 3333 cherubim
2143 3281 2483 3337 transcendit
2527 3281 2576 3346 ἀ,
2627 3294 2979 3339 sacrosancte
3038 3284 3167 3353 quid
3200 3284 3379 3340 simile

1798 3368 1916 3422 sive
1950 3368 2109 3423 talem
2141 3372 2395 3427 ordinem
2429 3373 2698 3427 sancitum
2732 3374 2843 3429 ait:
2873 3390 2994 3429 cum
3020 3376 3166 3430 enim
3192 3374 3374 3432 Israe—

1796 3458 2007 3515 liticqu
2045 3463 2324 3531 populum,
2351 3474 2410 3518 ut
2437 3464 2641 3519 dictum
2667 3474 2771 3531 est,
2826 3465 3115 3522 clementia
3150 3478 3378 3538 paterna

1793 3568 1893 3623 per
1923 3554 2262 3625 disciplinam
2327 3559 2397 3613 ad
2450 3557 2661 3628 frugem
2719 3561 3034 3616 traduceret
3071 3562 3375 3629 meliorem,

1792 3648 2050 3717 aequitate
2076 3648 2186 3703 Deo
2212 3649 2376 3718 digna
2409 3666 2530 3706 reos
2558 3652 2627 3705 ab
2675 3651 2984 3707 insontibus
3010 3656 3379 3712 secernendos

1792 3738 2027 3792 censuit.
2089 3736 2201 3792 Hoc
2249 3740 2459 3808 primus
2512 3749 2634 3810 post
2681 3742 2968 3797 cherubim
3028 3743 3259 3799 docetur
3284 3744 3377 3800 ille

1793 3824 1952 3891 cujus
1999 3842 2161 3882 renes
2185 3830 2445 3898 sapphiro
2480 3832 2763 3898 praecincti
2822 3844 3002 3897 erant,
3038 3836 3238 3902 quique
3287 3844 3372 3889 ta-

1788 3915 1894 3969 lari
1928 3927 2362 3987 vcstetanquam
2412 3920 2657 3989 pontifex
2712 3925 3093 3979 atniciebatur.
3143 3924 3372 3980 Habitus

1786 4007 1931 4060 enim
1958 4007 2045 4061 ille
2067 4008 2429 4065 sacerdotalis
2458 4021 2563 4077 est,
2599 4028 2703 4068 nec
2733 4025 2855 4068 erat
2881 4015 3243 4083 punientium,
3274 4018 3371 4073 sed

1784 4098 2131 4153 liltcrantiutn
2175 4116 2271 4154 eos
2320 4102 2412 4172 qui
2468 4104 2643 4159 salute
2701 4105 2847 4175 digni
2906 4117 3084 4162 erant.
3128 4108 3369 4164 (Staten-os

1783 4191 1982 4245 deinde
2009 4206 2108 4261 sex
2140 4195 2363 4265 angelos
2395 4199 2682 4254 securibus
2724 4210 2972 4256 armatos
2999 4201 3155 4269 jubet
3182 4202 3368 4258 divina

1781 4285 2057 4341 ordinatio
2095 4288 2164 4343 ab
2200 4305 2268 4344 eo
2298 4290 2389 4358 qui
2413 4293 2670 4361 poderem
2702 4293 2929 4362 gerebat
2954 4294 3199 4350 divinum
3222 4297 3367 4365 judi-

88 4396 321 4464 μυεῖσθαι
355 4398 471 4467 τὴν
502 4393 604 4452 τοῦ
635 4394 768 4448 Θεοῦ
806 4395 987 4467 κρίσιν
1006 4413 1019 4427 °
1057 4397 1136 4468 τῷ
1167 4398 1264 4468 μὲν
1286 4397 1396 4470 γὰρ
1423 4416 1557 4471 φορο

1893 4395 1935 4433 m
1980 4382 2239 4439 edoceri:
2271 4383 2347 4437 illi
2402 4387 2547 4440 enim
2581 4386 2673 4455 qui
2703 4387 2957 4456 poderem
2984 4389 3199 4444 ferebat
3224 4407 3363 4459 pra:-

82 4481 160 4532 τὺν
188 4485 407 4555 ποδήρη
476 4484 611 4553 ἔφη,
673 4483 843 4554 μέσην
871 4484 1096 4539 διελθεῖν
1138 4487 1239 4557 τὴν
1302 4468 1552 4559 Ἰερουσαὲ

1894 4471 2038 4541 ebal,
2069 4482 2128 4528 ut
2157 4490 2254 4545 per
2284 4477 2519 4531 mediam
2551 4477 2855 4533 Jerusalem
2887 4480 3164 4545 transiret,
3197 4492 3364 4551 atque

83 4575 162 4633 καὶ
180 4575 367 4629 δοῦναι
431 4578 670 4647 σημεῖον
733 4577 825 4629 ἐπὶ
866 4575 935 4629 τά
984 4576 1094 4632 τῶν
1147 4579 1453 4634 ἀνευθύνων
1504 4581 1674 4652 πρόσ-

79 4682 187 4717 ωπα
216 4685 229 4696 ·
281 4671 409 4733 τοίς
479 4666 666 4729 ἄλλοις
716 4666 772 4719 δὲ
841 4668 1023 4736 λέγει·
1089 4672 1426 4738 Πορεύεσθε
1482 4673 1675 4737 ὀπίσω

77 4758 268 4822 αὑτοῦ,
326 4759 441 4812 καὶ
498 4758 783 4823 κόπτετε,
840 4760 941 4814 καὶ
994 4760 1081 4831 μὴ
1118 4762 1416 4831 φείδεσθε,
1466 4764 1567 4817 ἐπὶ
1604 4762 1674 4817 δὲ

76 4848 311 4917 πάντας,
345 4852 454 4921 ἐφ’
479 4851 673 4916 ὅσους
696 4850 827 4909 ἐστὶ
856 4851 919 4905 τὸ
950 4853 1227 4922 σημεῖον,
1250 4853 1337 4923 μὴ
1364 4854 1665 4923 ἐγγίσητε.

76 4937 139 4990 Τὸ
168 4941 329 5008 γοῦν·
384 4940 740 5008 Πορεύεσθε
789 4942 985 5003 ὀπίσω
1012 4944 1221 5007 αὑτοῦ,
1257 4944 1311 4996 τί
1339 4944 1467 4998 ἄλλο
1497 4945 1667 5015 δηλοῖ,

70 5028 100 5099 ἦ
128 5032 225 5098 ὅτι,
265 5036 482 5104 Ἔχετε
512 5031 704 5095 τοῦτον
733 5033 960 5106 ἔξαρχον
997 5036 1106 5089 τῶν
1136 5030 1547 5108 πραττομένων,
1573 5038 1667 5092 τὸν

69 5125 228 5180 εἰδότα
260 5130 365 5183 καὶ
417 5127 489 5181 τὸ
519 5126 652 5197 ὲμὸν
703 5126 987 5200 βούλημα;
1039 5131 1194 5201 Ἔχει
1243 5130 1300 5184 δὲ
1351 5130 1446 5193 καὶ
1478 5130 1546 5184 τά
1570 5130 1665 5183 τοῦ

67 5221 340 5291 προφήτου
400 5218 556 5293 ῥητά
613 5217 706 5271 ἐπὶ
760 5218 959 5286 λέξεως
1007 5220 1180 5281 οὕτω·
1239 5222 1351 5277 Καὶ
1419 5222 1547 5276 ἰδοὺ
1594 5222 1666 5288 ἐξ

66 5304 269 5377 ἄνδρες
313 5310 601 5379 ἤρχοντο
646 5310 765 5365 ἀπὸ
819 5311 929 5381 τῆς
985 5312 1130 5368 ὀδοῦ
1185 5313 1295 5381 τῆς
1329 5316 1529 5380 πύλης
1554 5313 1665 5383 τῆς

65 5396 330 5467 ὑψηλῆς,
376 5400 502 5467 τῆς
523 5401 886 5469 βλεπούσης
920 5403 1071 5471 πρὸς
1116 5402 1372 5473 βορῤᾶν,
1400 5405 1498 5467 καὶ
1525 5404 1663 5458 ἑκά-

62 5500 201 5542 στου
230 5490 451 5555 πέλυξ
484 5490 559 5544 ἐν
593 5490 668 5559 τῇ
705 5491 856 5559 χειρὶ
898 5493 1105 5556 αὐτοῦ.
1138 5495 1250 5549 Kal
1295 5496 1383 5559 εἷς
1412 5494 1570 5563 ἀνὴρ
1592 5495 1661 5557 ἐν

65 5580 216 5645 μέσῳ
237 5581 484 5649 αὐτῶν,
545 5581 903 5655 ἐνδεδυκὼς.
928 5585 1182 5655 ποδήρη,
1224 5585 1325 5657 xal
1355 5581 1501 5651 ζώνη
1516 5602 1660 5656 σαμ-

70 5672 263 5739 ςεζρου
350 5673 462 5728 ἐπὶ
509 5672 625 5741 τῆς
682 5674 910 5743 ὀσφύος
953 5678 1158 5733 αὑτοῦ.
1203 5678 1314 5733 Kal
1377 5678 1657 5746 εἰσήλθο-

229 5764 475 5831 διδυιι.
534 5781 596 5835 tt,
658 5766 705 5821 Ι.
784 5766 1001 5827 CZach.
1047 5772 1205 5839 1,13.
1284 5769 1543 5833 dﬁzech.
1604 5791 1656 5829 ι.

1783 4564 2000 4633 signum
2035 4567 2193 4623 daret
2226 4569 2277 4622 in
2313 4567 2586 4626 frontibus
2640 4572 3017 4626 innocentium
3050 4589 3063 4627 :
3111 4573 3234 4627 aliis
3267 4590 3364 4628 au-

1784 4668 1889 4712 tent
1920 4660 2135 4715 dicebat
2171 4681 2185 4718 :
2222 4663 2380 4717 Exite
2427 4675 2543 4733 post
2567 4682 2711 4732 eum,
2735 4675 2782 4719 et
2814 4666 3091 4734 percutile,
3117 4676 3164 4718 et
3193 4666 3361 4721 nolite

1776 4768 2017 4822 parcere,
2049 4756 2118 4808 ad
2143 4772 2320 4809 omnes
2346 4769 2524 4809 autem
2557 4773 2711 4827 super
2755 4773 2885 4825 quos
2935 4766 3011 4810 est
3040 4758 3246 4826 signum
3294 4774 3358 4813 ne

1783 4850 2235 4919 appropinquetis.
2279 4849 2413 4904 Illud
2448 4849 2654 4919 itaque,
2705 4846 2862 4903 Exite
2896 4856 3014 4916 post
3056 4865 3196 4916 eum,
3226 4848 3358 4918 quid

1781 4941 1929 4995 aliud
1987 4942 2282 5013 signiﬁcat,
2341 4957 2549 5011 quam:
2627 4943 2893 4999 liabetote
2961 4943 3107 4997 hunc
3161 4942 3354 4998 ducent

1774 5047 1957 5087 rerum
1981 5032 2346 5104 agendarum,
2376 5041 2433 5086 ut
2461 5033 2556 5103 qui
2605 5049 2782 5089 meam
2824 5046 3044 5103 quoque
3079 5029 3218 5085 sciat
3258 5046 3356 5086 vo-

1770 5123 2081 5181 luntatem?
2126 5127 2303 5183 Verba
2338 5134 2521 5182 autem
2567 5131 2844 5199 prophetae
2884 5127 2965 5181 sic
2989 5123 3231 5179 habent:
3286 5123 3349 5179 Et

1768 5235 1883 5273 ecce
1912 5236 2006 5275 sea:
2036 5220 2133 5274 viri
2165 5220 2434 5275 veniebant
2496 5222 2562 5276 de
2613 5224 2697 5277 via
2723 5230 2891 5291 porta-
2926 5220 3144 5273 excelsa:
3181 5220 3351 5289 respi-

1770 5312 1959 5367 cientis
1985 5312 2056 5371 ad
2088 5312 2420 5383 aquilonem,
2454 5322 2501 5367 et
2542 5313 2953 5381 uniuscujusque
2984 5326 3072 5364 uas
3100 5311 3351 5364 extermi-

1768 5405 1996 5459 nationis
2041 5405 2102 5459 in
2154 5421 2314 5457 manu
2342 5404 2479 5474 ejus.
2508 5404 2574 5457 Et
2606 5405 2685 5459 vir
2704 5420 2838 5457 unus
2866 5404 2922 5456 in
2950 5401 3122 5457 medio
3163 5417 3346 5455 eorum

1766 5496 1981 5548 vestitus
2035 5504 2172 5549 veste
2206 5495 2390 5558 talari,
2428 5508 2476 5549 et
2527 5512 2661 5549 zona
2690 5493 2926 5562 sapphiri
2955 5508 3115 5561 super
3163 5490 3343 5547 lumbo

1762 5585 1899 5656 ejus.
1942 5585 2009 5639 Et
2036 5587 2257 5655 ingressi
2296 5596 2435 5657 sunt,
2466 5597 2517 5641 et
2544 5593 2794 5647 steterunt
2823 5584 3149 5647 adlapwrentes
3173 5580 3339 5635 altari

1763 5695 1949 5735 a'ueo:
2000 5691 2043 5745 et
2075 5680 2243 5751 gloria
2284 5679 2376 5734 Dei
2446 5679 2612 5734 Israel
2668 5678 2901 5741 ascendit
2956 5677 3017 5733 de
3073 5673 3340 5730 cherubim
