3734 6312
344 316 453 374 255

1509 309 1569 369 S.
1623 309 1918 366 DIONYSII
1956 306 2420 365 AREOPAGITE

3491 304 3608 360 εδδ,

347 441 604 494 exsistens
628 450 786 506 super
815 451 923 497 eos,
941 443 988 486 et
1014 432 1214 488 vocavit
1245 434 1412 486 virum
1439 433 1530 502 qui
1559 433 1774 486 indutus
1803 450 1821 486 ι

2125 443 2142 466 ρ
2197 425 2296 479 καὶ
2354 427 2628 493 ἔστησαν
2672 421 2948 494 ἐχόμενοι
3005 423 3114 478 τοῦ
3166 421 3599 486 θυσιαστηρίου

346 541 484 585 veste
510 529 692 592 talari,
719 528 808 596 qui
837 527 1016 580 [tabuit
1041 540 1201 594 super
1223 524 1402 577 lumbo
1432 525 1548 594 ejus
1585 542 1769 579 zonam
1797 542 1920 593 sap-

346 625 505 690 phiri,
530 632 577 676 et
607 621 738 674 dixit
776 619 1030 672 Dominus
1065 619 1134 672 ad
1169 635 1284 672 eum
1310 633 1329 671 :
1373 618 1560 672 Transi
1579 620 1802 675 mediam
1826 619 1919 674 Je-

347 714 597 775 rusalem,
630 722 678 766 et
729 715 798 765 da
833 712 1041 779 signant
1087 725 1243 780 super
1295 711 1494 780 frontes
1543 713 1773 765 virorum
1825 730 1917 783 ge-

343 806 595 858 mentium
644 813 694 858 et
734 803 1025 856 dolentium
1084 820 1241 871 super
1291 807 1498 857 cunctis
1545 804 1918 874 iniquitatibus

341 913 459 967 quw
486 897 622 964 ﬁunt
666 897 722 949 in
775 897 948 950 medio
994 896 1129 965 ejus.
1188 893 1256 949 Et
1301 896 1407 951 illis
1446 897 1601 959 dixit,
1671 898 1918 951 audiente

340 998 463 1038 me:
497 985 577 1039 Ite
600 986 654 1038 in
677 986 938 1038 civitatem
979 996 1094 1054 post
1144 1003 1283 1053 eum,
1324 998 1370 1039 et
1417 989 1700 1056 percatite,
1737 998 1787 1042 et
1812 1005 1916 1042 non

338 1077 572 1146 parcatis
596 1077 764 1132 oculis
814 1080 1017 1142 vestris,
1067 1088 1115 1130 et
1144 1095 1246 1133 non
1281 1078 1393 1151 84
1419 1071 1806 1147 ηιὶτενεαιηίηἱξ
1831 1097 1916 1136 se-

339 1184 454 1221 nem
493 1177 540 1222 et
565 1168 838 1233 juvenem,
884 1179 930 1222 et
964 1170 1218 1240 virginem
1261 1182 1307 1225 et
1334 1172 1617 1239 parvulos,
1649 1183 1699 1227 et
1724 1175 1913 1229 mulie-

337 1261 448 1312 i'em
476 1261 757 1329 interﬁcite
786 1262 855 1314 ad
885 1262 1220 1326 deletionem,
1243 1280 1399 1331 super
1421 1275 1596 1319 autem
1623 1282 1799 1321 omnes
1823 1285 1915 1321 su-

337 1370 432 1423 per
456 1369 586 1424 quos
609 1366 684 1408 est
725 1357 935 1425 signum
989 1373 1051 1410 ne
1085 1359 1513 1428 appropinquetis
1547 1369 1594 1412 θ.
1644 1359 1785 1426 Quid
1815 1375 1915 1413 au-

339 1452 451 1498 tem
499 1447 623 1513 quis
646 1446 796 1499 dicat
825 1448 891 1500 de
921 1446 1014 1500 illo
1069 1448 1290 1517 angelo,
1337 1451 1428 1519 qui
1464 1451 1783 1505 Danieli-ait
1813 1451 1913 1506 hoc

335 1545 392 1588 ct
419 1535 563 1589 hoc?
590 1545 846 1590 narratur
874 1538 1022 1593 enim
1050 1539 1103 1593 in
1133 1539 1347 1594 decima
1381 1541 1596 1598 visione
1631 1541 1870 1597 Danielis
1895 1559 1910 1596 :

337 1623 408 1678 Et
439 1642 556 1681 ecce
584 1627 662 1682 vir
696 1627 932 1693 Gabriel,
963 1645 1117 1700 quem
1141 1633 1253 1687 vidi
1299 1634 1354 1686 in
1385 1635 1586 1689 visione
1616 1637 1668 1689 in
1704 1638 1912 1700 princi-

335 1725 446 1790 pio,
480 1722 680 1791 volans,
712 1734 762 1779 et
793 1727 956 1796 tetigit
987 1743 1068 1781 me
1097 1729 1248 1797 quasi
1273 1729 1404 1783 hora
1433 1732 1685 1800 sacriﬁcii
1707 1749 1911 1801 t'esper-v

335 1817 458 1880 lini.
489 1832 535 1874 et
564 1825 786 1878 erudiuit
819 1841 920 1890 me,
945 1834 996 1879 et
1037 1828 1244 1882 locutus
1269 1837 1347 1883 est
1376 1845 1599 1896 mecum,
1657 1841 1706 1885 et
1746 1832 1903 1897 dixit,

334 1909 528 1966 Daniel
564 1930 702 1968 nunc
730 1932 969 1985 egressus
1017 1934 1135 1972 sum
1171 1929 1230 1973 ut
1274 1923 1560 1989 prwberem
1610 1923 1910 1994 intelligen-

336 2005 488 2060 tiam.
550 2006 616 2060 In
661 2009 922 2080 principio
972 2014 1361 2083 deprecationis
1412 2028 1520 2071 tua:
1564 2034 1803 2087 egressus
1833 2029 1909 2074 est

334 2115 530 2164 sermo,
577 2111 625 2154 et
675 2119 768 2172 ego
807 2105 923 2158 veni
975 2117 1031 2160 ut
1084 2111 1455 2164 annuntiarem
1516 2113 1630 2175 tibi,
1657 2114 1784 2179 quia
1829 2115 1911 2168 vir

334 2192 724 2249 desideriorum
754 2212 811 2250 es
841 2209 898 2250 tu
919 2198 977 2250 οί.
1012 2198 1105 2252 Vel
1127 2200 1351 2265 iterum,
1382 2203 1510 2272 quid
1535 2204 1682 2258 dicat
1711 2205 1910 2274 aliquis

335 2283 404 2337 de
439 2282 529 2337 illo
558 2288 646 2354 qui
677 2288 853 2356 ignem
887 2291 1116 2359 accepit,
1145 2301 1202 2345 ut
1227 2292 1280 2345 iu
1307 2293 1593 2348 Ezechiele
1631 2298 1912 2352 narratur?

335 2376 414 2430 ait
438 2377 584 2431 enim
622 2399 632 2433 :
668 2377 734 2432 Et
766 2381 964 2451 factum
1017 2394 1116 2450 est,
1147 2401 1264 2438 cum
1300 2388 1628 2455 prwcepisset
1665 2389 1774 2458 ipse
1797 2388 1909 2442 viro

333 2466 428 2534 qui
451 2467 674 2523 indutus
723 2481 836 2525 erat
896 2473 1032 2528 stola
1055 2485 1238 2527 sancta
1285 2475 1466 2531 dicens
1497 2493 1516 2531 :
1547 2479 1712 2533 Sume
1736 2481 1910 2549 ignem

330 2558 402 2613 de
428 2561 602 2614 medio
632 2573 894 2631 rotarum,
934 2567 999 2620 de
1023 2570 1193 2623 medio
1242 2571 1512 2624 cherubim
1534 2587 1553 2625 :
1591 2582 1638 2624 et
1669 2573 1907 2640 intravit,

329 2659 386 2704 et
410 2654 556 2706 stetit
583 2652 860 2711 adiicerent
897 2660 1045 2726 rotis,
1100 2671 1150 2714 et
1205 2666 1441 2718 extendit
1471 2666 1661 2719 cherub
1694 2683 1908 2720 manum

331 2758 485 2798 suam
508 2746 560 2799 in
585 2749 812 2802 medium
835 2751 972 2819 ignis
995 2754 1296 2809 exsistentis
1335 2756 1391 2810 in
1418 2757 1586 2811 medio
1618 2757 1905 2826 cherubim,

329 2844 383 2890 et
407 2837 612 2899 accepit
664 2850 712 2893 et
775 2841 922 2894 dedit
967 2844 1022 2897 in
1057 2860 1243 2899 manus
1267 2847 1379 2915 ejus
1428 2849 1517 2918 qui
1545 2849 1764 2903 indutus
1792 2857 1908 2904 erat

327 2927 527 2982 stolam
581 2941 845 2998 sanctam,
882 2941 934 2987 et
981 2937 1178 3004 accepit
1216 2950 1264 2992 et
1310 2956 1546 3009 egressus
1580 2950 1657 2995 est
1692 2942 1737 2994 ε.
1792 2941 1908 2998 Hoc

329 3030 561 3078 sanctus
592 3023 681 3078 hic
712 3025 790 3077 ait
830 3025 1040 3081 ordinis
1095 3029 1326 3098 angelici
1356 3031 1627 3086 rationem
1658 3031 1907 3087 luculen-

331 3113 442 3168 tius
479 3116 830 3181 conﬁrmare,
859 3122 1002 3186 quod
1035 3108 1224 3176 induto
1249 3122 1446 3178 stolam
1471 3132 1802 3194 praaceptum
1835 3125 1909 3181 sit
1934 3113 1977 3173 (ἶ

330 3202 514 3273 ignem
549 3208 818 3276 accipere,
866 3210 1102 3280 dumque
1157 3213 1261 3267 iret
1301 3223 1360 3268 ut
1380 3215 1560 3284 ignem
1605 3218 1901 3288 acciperet,

329 3299 622 3364 quemdam
653 3300 938 3356 cherubim
987 3305 1038 3359 ei
1080 3307 1446 3374 ministrasse,
1495 3309 1783 3382 ignemque
1815 3329 1906 3369 ac-

331 3397 546 3458 ceptum
573 3389 626 3444 in
659 3408 852 3447 manus
879 3394 981 3462 ipsi
1010 3398 1325 3452 tradidisse.
1377 3401 1633 3468 Rursum,
1659 3405 1788 3472 quid
1819 3405 1907 3460 di-

329 3488 422 3534 cat
448 3480 570 3548 quis
597 3481 664 3537 de
690 3497 764 3536 eo
781 3485 873 3553 qui
903 3488 1117 3542 vocavit
1147 3489 1552 3547 divinissimum
1570 3493 1902 3565 Gabrielem,

331 3572 477 3626 sicut
501 3572 556 3627 in
584 3588 726 3629 nona
751 3577 966 3632 visione
1004 3579 1246 3637 Danielis
1289 3589 1788 3644 commemoratur?
1835 3589 1904 3644 Et

329 3663 536 3733 factum
581 3678 683 3734 est,
721 3686 839 3724 cum
880 3672 1106 3727 viderem
1152 3692 1248 3744 ego
1303 3676 1492 3732 Daniel
1537 3681 1904 3750 visionemyet

327 3772 618 3826 quaererem
649 3763 1076 3833 intelligentiam,
1103 3777 1153 3822 et
1177 3786 1293 3824 ecce
1339 3773 1484 3826 stetit
1529 3774 1588 3829 in
1626 3790 1902 3846 conspectu

327 3866 443 3905 meo
477 3856 632 3923 quasi
659 3858 792 3910 uisio
823 3860 940 3920 viri,
968 3870 1016 3914 et
1043 3862 1222 3916 audivi
1255 3881 1425 3918 vocem
1450 3867 1547 3920 viri
1573 3870 1710 3923 inter
1737 3867 1781 3924 U
1789 3870 1902 3927 bal:

324 3952 376 3997 et
400 3947 620 4011 vocavit,
658 3959 705 4002 et
733 3951 910 4004 dixit:
941 3951 1177 4016 Gabriel,
1214 3957 1302 4026 fac
1334 3959 1625 4032 intelligere
1648 3962 1796 4018 illum
1819 3966 1900 4019 vi-

328 4036 564 4104 sionem;
587 4050 636 4093 et
665 4043 827 4106 venit,
856 4055 906 4099 et
935 4049 1079 4100 stetit
1113 4048 1273 4116 juxta
1317 4055 1592 4109 stationem
1621 4072 1788 4110 meam
1809 4073 1830 4123 ;
1849 4068 1899 4112 et

324 4141 446 4180 cum
475 4129 669 4184 veniret
719 4133 831 4202 ipse
881 4137 1122 4192 turbatus
1163 4157 1303 4207 sum,
1358 4153 1408 4196 et
1449 4147 1582 4199 cado
1627 4148 1680 4200 in
1709 4149 1898 4218 facient

323 4233 519 4287 meam,
574 4231 623 4275 et
669 4223 806 4278 dixit
856 4229 926 4279 ad
957 4244 1081 4284 me:
1139 4229 1406 4304 Intellige,
1444 4236 1526 4306 ﬁli
1577 4239 1804 4296 hominis
1843 4243 1896 4297 ιι.

323 4313 463 4381 Quid
494 4317 662 4371 vero?
708 4319 856 4373 dicat
921 4323 1042 4390 quis
1071 4339 1087 4377 :
1134 4327 1297 4382 etiam
1356 4339 1576 4397 caetera,
1605 4347 1722 4402 quae
1753 4351 1781 4390 a
1810 4351 1900 4391 sa-

2023 517 2130 570 τοῦ
2193 515 2453 585 χαλκοῦ·
2513 515 2610 569 καὶ
2658 513 2813 579 δόξα.
2854 515 2961 569 τοῦ
3023 513 3170 568 Θεοῦ
3202 511 3307 566 τοῦ
3348 507 3600 577 Ἰσραὴλ

2019 605 2202 673 ἀνέϐη
2241 605 2356 660 ἀπὸ
2410 604 2516 659 τοῦ
2569 605 2854 674 χερουϐὶμ
2878 605 2916 672 ἠ
2956 603 3113 658 οὖσα
3139 601 3228 656 ἐπ’
3255 600 3468 662 αὐτοῦ,
3504 599 3599 652 καὶ

2019 693 2275 751 ἐκάλεσε
2318 694 2425 748 τὸν
2451 693 2641 762 ἄνδρα
2667 693 2773 749 τὸν
2809 692 3171 747 ἐνδεδυκότα
3209 692 3314 746 τὸν
3336 690 3597 758 ποδήρη,

2020 788 2089 854 ὃς
2129 789 2294 856 εἶχεν
2321 784 2422 840 ἐπὶ
2472 783 2585 854 τῆς
2620 785 2852 853 ὀσφύος
2894 783 3008 853 τὴν
3057 783 3275 851 ζώνην·
3323 781 3422 834 καὶ
3469 783 3596 834 εἶπε

2018 883 2232 950 Κύριος
2258 877 2406 947 πρὸς
2437 876 2654 932 αὐτόν’
2677 876 2880 937 Δίελθε
2908 875 3108 946 μέσην
3144 873 3258 942 τὴν
3297 872 3602 942 Ἰερουσα-

2017 971 2163 1042 λὴμ,
2211 968 2308 1024 καὶ
2366 967 2472 1040 δὸς
2522 965 2585 1020 τὸ
2642 965 2895 1037 σημεῖον
2944 966 3043 1020 ἐπὶ
3092 967 3163 1020 τὰ
3207 965 3454 1035 μέτωπα
3480 963 3600 1017 τῶν

2018 1063 2256 1133 ἀνδρῶν
2319 1059 2439 1117 τῶν
2485 1057 3058 1122 καταστεναζόντων,
3126 1057 3223 1111 καὶ
3269 1055 3388 1110 τῶν
3452 1071 3601 1110 κατ.

2017 1154 2409 1225 οδυνωμένων
2439 1151 2540 1206 ἐπὶ
2577 1150 2801 1217 πάσαις
2829 1151 2957 1218 ταῖς
2977 1151 3250 1220 ἁνομίαις
3281 1149 3600 1218 ταῒςτινο-

2010 1244 2220 1315 μέναις
2250 1244 2319 1297 ἐν
2334 1241 2503 1312 μέσῳ
2523 1238 2732 1308 αὐτῆς.
2754 1239 2865 1294 Kal
2888 1241 3121 1306 τούτοις
3149 1240 3318 1293 εἶπεν
3340 1240 3600 1292 ἀκούον-

2016 1337 2117 1403 τός
2135 1353 2288 1406 μου·
2341 1334 2679 1401 Πορεύεσθε
2731 1335 2819 1398 εἰς
2870 1331 2985 1400 τὴν
3032 1332 3211 1385 πόλιν
3263 1331 3458 1384 ὀπίσω
3491 1331 3600 1384 αὐ-

2013 1426 2142 1491 τοῦ,
2172 1425 2270 1479 καὶ
2320 1425 2589 1487 κόπτετε,
2629 1422 2728 1475 καὶ
2758 1421 2844 1491 μὴ
2887 1421 3162 1492 φείδεσθε
3205 1421 3328 1488 τοῖς
3372 1423 3601 1490 ὀφθαλ-

2007 1517 2146 1588 μοῖς
2174 1517 2360 1588 ὑμῶν,
2394 1514 2492 1570 καὶ
2525 1515 2611 1584 μὴ
2669 1513 2962 1583 ἐλεήσητε
2984 1532 2998 1544 ·
3041 1516 3466 1582 πρεσϐύτερον,
3500 1515 3598 1567 καὶ

2013 1613 2358 1676 νεανίσκον,
2384 1609 2484 1664 καὶ
2503 1608 2827 1677 παρθένον,
2844 1607 2944 1662 καὶ
2974 1608 3180 1674 νήπια,
3211 1607 3309 1660 καὶ
3335 1607 3598 1676 γυναῖκα

2013 1704 2401 1758 ἀποκτείνατε
2451 1704 2538 1769 εὶς
2585 1700 2920 1770 ἐξάλειψιν,
2971 1701 3070 1754 ἐπὶ
3123 1699 3191 1752 δὲ
3239 1699 3476 1766 πάντας
3501 1701 3597 1769 ἐφ’

2012 1793 2120 1859 οὕς
2169 1793 2299 1847 ἐστι
2348 1791 2412 1845 τὸ
2473 1789 2746 1859 σημεῖον,
2799 1789 2885 1859 μὴ
2947 1790 3243 1860 ἐγγίσητε.
3293 1789 3359 1841 Τί
3403 1790 3470 1842 ἄν
3514 1806 3597 1852 τις

2012 1883 2155 1937 εἴποι
2189 1883 2317 1954 περὶ
2349 1883 2442 1936 τοῦ
2466 1883 2699 1952 ἀγγέλου
2729 1883 2999 1952 φήσαντος
3043 1881 3120 1952 τῷ
3173 1881 3369 1952 Δανιὴλ
3408 1881 3472 1934 τὸ
3501 1881 3597 1935 καὶ

2011 1975 2109 2038 τός
2165 1974 2389 2044 Φέρεται
2423 1972 2531 2044 γὰρ
2584 1973 2644 2024 ὲν
2677 1973 2741 2042 τῇ
2776 1971 2976 2042 δεκάτῃ
3001 1969 3186 2041 ὁράσει
3235 1968 3328 2021 τοῦ
3354 1969 3594 2041 Δανιήλο

2011 2065 2122 2119 Kal
2154 2064 2281 2118 ἰδοὺ
2311 2067 2343 2118 ό
2367 2062 2520 2131 ἀνὴρ
2551 2061 2842 2129 Γαϐριὴλ,
2879 2061 2951 2115 ὃν
2979 2060 3140 2114 εἶδον
3167 2061 3236 2113 ἐν
3278 2059 3351 2127 τῇ
3383 2058 3597 2128 ὁράσει

2012 2157 2082 2210 ἐν
2135 2155 2210 2225 τῇ
2258 2155 2438 2224 ἀρχῇ,
2490 2157 2832 2223 πετόμενος,
2886 2154 2984 2207 καὶ
3032 2153 3232 2221 ἣψατό
3278 2170 3399 2222 μου
3448 2153 3599 2206 ὡσεὶ

2010 2245 2171 2317 ὥραν
2225 2249 2440 2313 θυσίας
2485 2244 2826 2314 ἐσπερινῆς,
2860 2245 2958 2298 καὶ
3001 2243 3319 2299 ἐσυνέτισέ
3363 2261 3462 2312 με,
3495 2245 3594 2296 καὶ

2011 2339 2279 2407 ἐλάλησε
2299 2339 2426 2408 μετ’
2447 2338 2612 2408 ἐμοῦ,
2639 2337 2735 2392 καὶ
2789 2337 2947 2391 εἷπε·
2981 2337 3206 2404 Δανιὴλ
3222 2376 3236 2398 ,
3260 2336 3378 2389 νῦν
3403 2336 3591 2404 ἐξῆλ-

2013 2434 2119 2486 θον
2142 2430 2501 2500 συμϐιϐἀσαι
2530 2431 2804 2484 σύνεσιν.
2851 2431 2952 2484 Ἐν
2979 2428 3139 2498 ἀρχῇ
3182 2429 3291 2497 τῆς
3323 2428 3594 2495 δεήσεώς

2012 2538 2128 2577 σου
2193 2521 2451 2591 ἐξῆλθεν
2503 2524 2536 2577 ὁ
2591 2523 2810 2592 λόγος,
2881 2523 2980 2575 καὶ
3037 2521 3152 2592 ἐγὼ
3225 2521 3420 2590 ἦλθον
3483 2519 3591 2574 τοῦ

2009 2615 2355 2685 ἀναγγεῖλαι
2386 2631 2504 2678 σοι,
2570 2614 2659 2667 ὅτι
2716 2613 2872 2682 ἀνὴρ
2905 2612 3228 2681 ἐπιθυμιῶν
3268 2613 3327 2666 εἷ
3372 2614 3479 2667 σύ.
3519 2612 3591 2664 Ἣ

2011 2709 2194 2773 πάλιν,
2227 2706 2280 2760 τί
2314 2706 2462 2776 λέγοι
2494 2707 2559 2761 ἄν
2583 2723 2668 2769 τις
2703 2707 2831 2777 περὶ
2863 2704 2956 2759 τοῦ
2990 2705 3050 2757 τὸ
3079 2705 3188 2776 πῦρ
3214 2704 3588 2774 ἀνειληφότας,

2010 2799 2194 2862 καθὼς
2245 2800 2302 2852 ὲν
2355 2797 2434 2869 τῷ
2489 2797 2748 2870 Ἰεζεκιὴλ
2801 2797 3054 2869 φέρεται;
3102 2796 3248 2864 λέγει
3280 2796 3420 2866 γάρ·
3478 2794 3592 2848 Kal

2007 2887 2244 2958 ἐγένετο
2295 2887 2483 2942 αὐτὸν
2511 2887 2580 2941 ἐν
2627 2885 2708 2952 τῷ
2763 2884 3151 2940 ἐντέλλεσθαι
3177 2884 3256 2950 τῷ
3304 2883 3480 2951 ἀνδρὶ
3511 2884 3588 2950 τῷ

2007 2978 2351 3033 ἐνδεδυκότι
2376 2977 2492 3046 τὴν
2543 2978 2777 3046 στολὴν
2828 2977 2942 3044 τὴν
2969 2977 3146 3046 ἁγίαν
3170 2975 3394 3045 λέγων·
3433 2975 3588 3030 Λάϐε

2009 3069 2128 3137 πῦρ
2182 3069 2251 3122 ἐκ
2298 3069 2494 3138 μέσου
2547 3067 2666 3122 τῶν
2708 3067 2955 3136 τροχῶν,
3014 3067 3110 3120 καὶ
3153 3067 3221 3120 ἐκ
3246 3066 3443 3135 μέσου
3473 3066 3587 3119 τῶν

2016 3161 2330 3233 χερουϐἱμ·
2390 3160 2489 3215 καὶ
2515 3159 2783 3228 εἰσῆλθε,
2836 3159 2934 3214 καὶ
2976 3159 3123 3228 ἔστη
3153 3158 3443 3229 ἐχόμενος
3472 3158 3587 3210 τῶν

2008 3254 2263 3323 τροχῶν*
2313 3254 2412 3309 καὶ
2439 3253 2734 3320 ἐξέτεινεν
2763 3256 2795 3308 ὁ
2835 3252 3053 3322 χεροὺϐ
3091 3250 3206 3320 τὴν
3262 3250 3434 3320 χεῖρα
3478 3253 3583 3304 αὐ-

2007 3346 2116 3402 τοῦ
2160 3349 2248 3413 εἱς
2269 3345 2466 3417 μέσον
2498 3347 2604 3401 τοῦ
2635 3346 2825 3416 πυρὸς
2853 3345 2957 3400 τοῦ
2991 3344 3162 3410 ὄντος
3182 3343 3251 3397 ἐν
3271 3341 3444 3412 μέσῳ
3472 3341 3586 3399 τῶν

2013 3436 2318 3507 χερουϐὶμ,
2374 3437 2474 3491 καὶ
2500 3439 2697 3502 ἔλαϐε,
2729 3438 2828 3492 καὶ
2866 3437 3089 3492 ἔδωκεν
3131 3437 3218 3503 εὶς
3246 3435 3353 3502 τὰς
3382 3434 3586 3505 χεῖρας

2004 3529 2111 3584 τοῦ
2160 3529 2552 3599 ἐνδεδυκότος
2601 3529 2717 3598 τὴν
2762 3528 2997 3598 στολὴν
3048 3527 3161 3595 τὴν
3205 3527 3426 3596 ἁγίαν,
3487 3525 3582 3580 καὶ

2003 3621 2201 3684 ἔλαϐε,
2232 3619 2330 3674 καὶ
2359 3619 2598 3689 ἐξῆλθε.
2655 3619 2824 3673 Τοῦτο
2854 3621 3001 3689 λέγει
3059 3619 3151 3672 καὶ
3197 3617 3583 3688 περισσότερον

2004 3713 2085 3777 εἰς
2109 3709 2364 3779 εὐταξίας
2394 3711 2552 3780 λόγον
2595 3713 2625 3765 6
2657 3711 2831 3780 ἅγιος,
2880 3712 2962 3765 ὅτι
3011 3709 3308 3764 ἐνετείλατο
3338 3708 3420 3778 τῷ
3443 3707 3585 3760 ἐνδε-

2002 3801 2187 3855 δυκότι
2219 3801 2318 3870 τὴν
2346 3801 2558 3872 στολὴν,
2592 3800 2778 3855 λαϐεῖν
2799 3802 2861 3854 τὸ
2884 3801 2994 3872 πῦρ
3019 3817 3032 3833 '
3071 3802 3164 3854 καὶ
3206 3801 3262 3852 ἐν
3294 3798 3374 3870 τῷ
3407 3798 3583 3850 ἐλθεῖν

2001 3893 2162 3948 αὐτὸν
2193 3892 2379 3946 λαϐεῖν
2405 3892 2466 3944 τὸ
2500 3890 2632 3964 πῦρ,
2668 3891 2727 3945 ἓν
2771 3891 2878 3947 τῶν
2945 3892 3219 3964 κερουϐὶμ
3267 3891 3579 3963 διηκόνησε,

2001 3985 2095 4039 καὶ
2138 3983 2295 4038 ἔλαϐε
2327 3984 2390 4038 τὸ
2423 3983 2556 4056 πῦρ,
2605 3984 2700 4038 καὶ
2732 3983 2900 4038 ἔδωκε
2929 3985 3066 4053 πρὸς
3094 3983 3194 4047 τὰς
3219 3985 3412 4054 χεῖρας
3438 3980 3582 4036 ὲκεί-

2003 4093 2117 4133 νου.
2156 4077 2229 4130 Ἦ
2252 4077 2434 4143 πάλιν,
2467 4075 2522 4130 τί
2554 4076 2621 4130 ἂν
2652 4075 2800 4145 λέγοι
2826 4092 2908 4138 τις
2940 4076 3067 4148 περὶ
3097 4075 3193 4128 τοῦ
3246 4074 3580 4145 κεκληκότος

1997 4167 2090 4222 ’τὸν
2123 4166 2394 4222 Θειότατον
2414 4167 2674 4240 Γαϐριὴλ,
2710 4166 2891 4230 καθὼς
2938 4169 2993 4221 ὲν
3047 4169 3112 4239 τῇ
3149 4166 3194 4220 θ’
3239 4165 3428 4238 ὁράσει
3486 4163 3579 4218 τοῦ

2001 4259 2201 4331 Δανιὴλ
2229 4260 2452 4334 φέρεται
2476 4278 2491 4327 ;
2541 4261 2654 4315 Καὶ
2681 4261 2916 4332 ἐγένετο
2950 4260 3020 4312 ἑν
3047 4259 3127 4325 τῷ
3155 4257 3302 4312 ἰδεῖν
3325 4274 3424 4326 με,
3468 4256 3581 4326 ἑτὼ

1997 4351 2244 4419 Δανιὴλ,
2274 4351 2390 4419 τὴν
2435 4351 2666 4420 ὅρασιν,
2718 4352 2818 4406 καὶ
2875 4349 3125 4420 ἐζήτουν
3160 4350 3449 4403 σύνεσιν
3484 4346 3581 4401 καὶ

322 4405 434 4460 eris
471 4409 753 4476 prephetis
795 4411 941 4467 dicta
994 4424 1119 4470 sunt
1165 4419 1231 4473 de
1281 4419 1487 4476 decoro
1533 4425 1732 4481 ordine
1780 4443 1796 4482 (

2103 4441 2128 4494 i1
2157 4405 2305 4510 έστη
2333 4405 2590 4512 ἐνώπιον
2613 4405 2784 4513 ἐμοῦ
2840 4405 3156 4510 ὡς’δρασις
3189 4438 3432 4508 ἀνδρὸς,
3484 4436 3577 4491 καὶ

321 4495 562 4562 lestium,
596 4500 684 4555 cui
739 4517 896 4558 sacer
944 4505 1033 4561 hic
1084 4507 1220 4564 ordo
1275 4522 1460 4568 nosler
1490 4514 1889 4588 hierarchicus,

323 4591 501 4658 quoad
543 4592 659 4648 lleri
714 4603 913 4663 potest,
966 4599 1350 4658 assimilatur:
1407 4605 1674 4674 siquidem
1727 4626 1892 4681 supe-

323 4681 491 4736 rioris
520 4681 663 4739 illius
690 4687 937 4757 mySticae
995 4690 1321 4748 hierarcliiae
1375 4696 1611 4752 imitatio
1642 4704 1891 4769 quaedam

323 4780 452 4827 sunt
488 4788 610 4842 qua:
637 4773 691 4828 in
723 4777 969 4834 Ecclesia
1015 4784 1392 4851 perﬁciuntur,
1447 4799 1499 4842 et
1534 4790 1650 4845 haec
1677 4791 1894 4850 decoris

323 4876 511 4917 eorum
543 4865 790 4935 quaedam
815 4882 942 4926 sunt
975 4873 1282 4944 imagines;
1335 4879 1603 4948 siquidem
1641 4883 1758 4938 haec
1794 4902 1892 4942 no-

325 4963 436 5009 stra
469 4958 777 5016 hieran-hia
809 4977 906 5032 per
959 4963 1105 5021 illam
1154 4967 1470 5026 eﬂ‘ormatur
1515 4983 1572 5028 et
1602 4974 1668 5027 ad
1721 4977 1890 5033 Deum

326 5047 636 5118 adducitur,
671 5055 766 5125 qui
826 5063 1260 5126 supernaturalis
1315 5065 1524 5121 ordinis
1554 5068 1894 5139 principatus

324 5154 410 5198 est
442 5147 620 5204 omnis
656 5150 1000 5220 hierarchiae,
1023 5171 1352 5228 omnemque
1397 5175 1618 5217 sacrum
1645 5163 1892 5219 ordinem

325 5236 580 5294 instituit.

1993 4532 2232 4602 ἥκουσα
2275 4533 2484 4603 φωνὴν
2537 4533 2756 4602 ἀνδρὸς
2776 4532 3083 4602 ἀνάμεσον
3111 4531 3216 4585 τοῦ
3269 4530 3471 4584 Οῠϐἁλ
3498 4529 3542 4560 ³⁹
3561 4545 3574 4558 ·

1998 4624 2098 4680 καὶ
2125 4624 2400 4690 ἐκάλεσε,
2449 4624 2549 4678 καὶ
2576 4626 2706 4680 εἷπε
2725 4642 2738 4655 ·
2762 4623 3050 4693 Γαϐριὴλ,
3083 4621 3412 4697 συνέτισον
3439 4619 3579 4673 ἐκεῖο

1997 4736 2110 4774 νον
2135 4718 2249 4788 τὴν
2302 4719 2534 4787 ὅρασιν,
2595 4719 2693 4773 καὶ
2744 4719 2912 4788 ἦλθε,
2971 4715 3070 4770 καὶ
3113 4717 3262 4782 ἔστη
3292 4713 3580 4782 ἐχόμενος

1998 4812 2111 4882 τῆς
2167 4812 2440 4879 στάσεώς
2484 4829 2636 4883 μου·
2699 4813 2797 4868 καὶ
2850 4814 2920 4866 ἐν
2967 4810 3049 4877 τῷ
3110 4808 3310 4864 ἐλθεῖν
3369 4808 3578 4868 αὑτὸν,

1993 4903 2352 4974 ἐθαμϐήθην,
2392 4905 2509 4958 ’καὶ
2559 4906 2753 4958 πίπτω
2799 4905 2899 4959 ἐπὶ
2945 4902 3269 4971 πρόσωπόν
3290 4917 3411 4985 μου
3432 4915 3447 4928 ·
3483 4897 3580 4952 καὶ

1994 4995 2124 5050 εἶπε
2182 4997 2332 5068 πρός
2370 5013 2481 5066 με’
2535 4998 2758 5062 Σύνες,
2811 4995 2905 5050 υἱέ
2962 4993 3294 5062 ἀνθρώπου.
3363 4989 3429 5042 Τί
3482 4988 3576 5054 δὲ;

1995 5086 2141 5155 λέγοι
2165 5103 2281 5150 τιςο
2317 5089 2410 5142 καὶ
2456 5088 2557 5141 ὅσα
2579 5087 2714 5142 ἄλλοι
2760 5086 2911 5159 παρὰ
2939 5085 3048 5139 τῶν
3084 5084 3245 5157 ἱερῶν
3278 5079 3576 5153 προφητῶν

1994 5177 2209 5249 εἴρηται
2253 5178 2381 5250 περὶ
2411 5178 2513 5248 τῆς
2577 5177 2879 5249 εὐκοσμίας
2936 5174 3046 5228 τῶν
3097 5174 3384 5246 οὐρανίων,
3437 5170 3577 5243 πρὸς

1995 5268 2062 5338 ῆν
2097 5269 2189 5323 xui.
2220 5271 2254 5342 ή
2283 5269 2502 5334 εὐταξία
2531 5268 2631 5338 τῆς
2660 5270 2786 5340 παρ’
2829 5269 2962 5338 ἡμῖν
2988 5265 3287 5338 ἱεραρχίας,
3343 5262 3488 5317 κατὰ
3517 5260 3578 5313 τὺ

322 5326 578 5432 δ’)νατὸν1
631 5334 1016 5409 ἀφωμοίωταιο
1069 5342 1290 5416 μίμημα
1339 5345 1448 5417 γὰρ
1483 5347 1584 5420 τῆς
1638 5349 1746 5403 τῶν
1787 5352 1899 5408 ἄνω
1935 5326 2200 5432 μυετικῆς
2227 5326 2506 5432 ἱεραρχῖας
2557 5326 2626 5413 τᾶ
2657 5362 2714 5412 ὲν
2740 5326 2750 5340 ι
2777 5326 3194 5432 ’τῇ-’Ἐκκληοέα
3254 5326 3572 5427 τελούμενα.

324 5423 418 5476 ἀἱ
477 5423 649 5478 ταῦτα
703 5430 803 5502 τῆς
853 5433 1078 5488 ἐκείνων
1130 5435 1458 5507 εὐπρεπείας
1507 5441 1717 5507 εἰκόνες
1749 5446 1886 5498 εἰσί·
1918 5423 2324 5524 ευποῦταιγὲιρ
2351 5423 2542 5525 quod?
2580 5454 2725 5524 ἡμᾶς
2785 5423 3031 5525 ἱεραρχία
3088 5423 3429 5518 ,δι’-ἐκείνης,
3482 5446 3576 5500 καὶ

327 5512 585 5584 ἀνάγεται
610 5521 745 5592 πρὸς
763 5523 924 5580 αὐτὸν
949 5525 1041 5579 τὸν
1072 5526 1224 5594 Θεὸν,
1243 5529 1340 5600 τὴν
1355 5531 1676 5602 ὐπερούσιον
1700 5535 2020 5608 ταξιαρχίαν
2037 5512 2254 5614 ἁπάσης
2275 5512 2571 5613 ἱεραρχίας,
2595 5512 2685 5595 ξὺν
2700 5512 2884 5616 πάσης
2908 5512 3068 5615 ’ἰέρᾶς
3089 5538 3294 5605 τάξεως
3309 5512 3572 5612 ἀρχηγόν·

436 5623 460 5651 ο
496 5609 693 5670 Ezech.
725 5632 799 5686 ix,
829 5618 881 5675 2.
970 5619 990 5659 ί
1017 5619 1152 5678 Dan.
1184 5636 1257 5690 Ix,
1283 5621 1373 5680 2!.
1455 5626 1480 5666 ⁸
1501 5624 1698 5685 Ezech.
1734 5643 1790 5694 χ,
1848 5629 1901 5683 6.

1975 5631 2002 5672 ³⁸
2035 5631 2168 5694 Dea.
2205 5651 2326 5702 vm,
2359 5635 2442 5692 15.

1595 5720 1828 5777 νΑιιιλΕ
1868 5720 2268 5784 LEGTIUNES.

407 5776 451 5812 ’θ
475 5778 646 5835 Οὐλαῖο
662 5847 669 5854 Δ
