3734 6320
132 322 245 383 261

1185 326 1274 381 DE
1307 324 1632 383 (XELEST!
1669 324 2116 394 lllERARCHlA,
2155 329 2308 387 CAP.
2346 328 2437 385 1X.

3294 334 3403 391 26‘!

129 443 372 517 ἑτοίμως
395 444 476 509 εἰς
508 444 793 517 μετάδοσιν
824 444 1272 515 ἀναπεπταμένον
1302 444 1395 499 τοῦ
1430 444 1596 516 θεαρχ

1930 445 2038 499 eris
2082 459 2302 514 quoque
2350 443 2607 514 gentibus
2637 444 2655 515 (
2680 460 2709 500 e
2734 444 2929 515 quibus
2955 460 3054 501 nos
3078 448 3404 504 emersimus

130 536 319 605 φωτὸς
342 536 567 607 ἀπειρόν
589 554 649 588 τε
681 538 776 589 καὶ
799 535 1027 605 ἄφθονον
1059 535 1314 605 πέλαγος)
1365 534 1464 587 οὐκ
1497 530 1719 601 ἔκφυλοί

128 645 283 691 τινες
314 628 647 681 ἐπεστάτουν
711 629 854 682 θεοί·
893 629 990 699 μία
1044 628 1101 680 δὲ
1162 629 1382 682 πάντων
1428 625 1591 696 ἀρχὴ,
1626 626 1722 678 καὶ

131 722 280 794 πὼς
310 722 518 794 ταύτην
543 723 743 792 ἀνῆγον
774 722 902 786 τοὺς
925 720 1244 792 ἑπομένους,
1266 721 1316 773 οί
1344 720 1464 773 καθ’
1492 718 1721 771 ἕκαστον

132 813 291 876 ἔθνος
350 814 733 885 ἰεραρχοῦντες
787 813 1028 883 ἄγγελοι.
1095 812 1199 865 Τὸν
1244 810 1577 882 Μελχισεδὲκ
1633 810 1721 862 ὲν-

131 904 361 973 νοητέον
407 904 667 976 ἱεράρχην
720 905 848 958 ὄντα
902 901 1328 974 φιλοθεώτατον,
1377 903 1438 957 οὐ
1482 901 1590 955 τῶν
1622 903 1723 955 οὐκ

134 996 331 1055 ὄντων,
368 994 506 1047 ἀλλά
528 996 623 1049 τοῦ
657 997 826 1059 ὅντως
850 992 1255 1065 ὄντοίὺψίστου
1286 994 1424 1048 Θεοῦ
1444 1012 1457 1025 ·
1490 997 1583 1049 καί
1613 994 1722 1065 γάρ

133 1084 239 1155 οὐχ
272 1083 463 1148 ἀπλῶς
492 1085 584 1138 τὸν
619 1085 952 1156 Μελχισεδὲκ
984 1087 1034 1138 οἱ
1088 1084 1332 1154 θεόσοφοι
1384 1086 1445 1137 οὐ
1480 1085 1725 1155 φιλόθεον

140 1178 325 1246 μόνον,
362 1177 501 1231 ἀλλά
552 1180 646 1232 καί
694 1179 845 1249 ἱερέα
898 1178 1311 1250 κεκλήκασιν,ἦ
1358 1178 1443 1231 ἵνα
1474 1180 1585 1241 τοῖς
1607 1178 1727 1247 ἐχέ-

139 1287 336 1341 φροσιν
392 1270 640 1342 ἐναργῶς
705 1271 1067 1341 ὲμφαίνωσιν,
1128 1272 1210 1323 ὅτι
1245 1271 1319 1341 μὴ
1356 1270 1512 1341 μόνον
1566 1271 1726 1333 αὐτὸς

137 1361 235 1413 ἐπὶ
260 1358 354 1413 τὸν
386 1361 555 1425 ὄντως
608 1362 738 1415 ὄντα
795 1362 927 1415 Θεὸν
980 1363 1344 1434 ὲπέστραπτο,
1410 1362 1632 1433 προσέτι
1666 1363 1723 1416 δὲ

140 1453 237 1505 καὶ
272 1452 452 1517 ἀλλοις
490 1455 565 1517 ὼς
632 1455 893 1527 ίεράρχης
936 1456 1120 1524 ἡγεῖτο
1151 1455 1248 1525 τῆς
1291 1455 1384 1507 ἐπὶ
1415 1455 1514 1525 τὴν
1546 1454 1718 1525 ἀληθῆ

142 1546 239 1597 καὶ
288 1546 455 1617 μόνην
480 1546 735 1618 θεαρχίαν
782 1546 1093 1616 ἀναγωγῆς-

1824 532 1891 586 ad
1932 533 2061 587 illud
2087 533 2255 588 divini
2280 534 2499 588 luminis
2524 534 2849 591 immensum
2886 546 2942 590 et
2991 540 3275 595 exundans
3307 554 3406 609 pe-

1824 624 1999 693 lagus,
2032 626 2179 694 quod
2209 626 2261 678 in
2294 637 2545 694 promptu
2571 627 2827 682 omnibus
2859 629 2927 683 ad
2959 630 3399 699 partieipandum

1824 727 1910 771 est
1940 718 2264 787 expansum)
2319 735 2429 774 non
2463 719 2622 772 alieni
2659 720 2877 787 quidam
2941 723 3013 775 dii
3062 719 3405 790 praefuerint,

1830 806 1926 861 sed
1951 822 2117 860 unum
2153 808 2393 861 omnium
2447 802 2796 876 principium,
2848 819 2903 863 et
2936 816 3004 864 ad
3030 810 3160 864 illud
3194 812 3403 881 angeli,

1827 898 1916 965 qui
1958 898 2155 967 cuique
2197 897 2405 952 nationi
2467 900 2709 967 przefecti
2744 910 2927 965 erant,
2983 912 3246 970 sequaces
3274 918 3404 958 suos
3473 918 3483 930 '

1825 989 2180 1044 adducerent.
2208 988 2572 1043 Considerare
2613 989 2746 1044 libet
2770 989 3193 1059 Melchisedech,
3219 994 3402 1061 ponti-
3458 1032 3470 1051 .

1826 1079 1981 1135 ﬁcem
2028 1080 2176 1134 illum
2211 1079 2321 1134 Deo
2358 1078 2770 1145 charissimum,
2796 1080 2888 1150 qui
2919 1096 3261 1152 nequaquam
3285 1086 3405 1139 ina-

1826 1172 1976 1226 nium
2026 1171 2279 1236 deorum,
2304 1172 2398 1225 Sed
2444 1171 2696 1225 altissimi
2735 1172 2961 1241 verique
2992 1175 3086 1227 Dei
3143 1176 3404 1230 sacerdos

1831 1264 1981 1319 fuit:
2014 1277 2191 1331 neque
2214 1264 2359 1316 enim
2394 1264 2714 1333 simpliciter
2758 1263 3208 1320 Melchisedecum
3248 1268 3404 1322 theo-

1828 1357 1938 1427 logi
1978 1374 2085 1412 non
2113 1357 2285 1411 solum
2350 1356 2444 1411 Dei
2479 1357 2740 1419 amicum,
2796 1356 2891 1411 sed
2946 1369 3003 1412 et
3060 1359 3403 1414 sacerdotem

1827 1451 2201 1520 appellarunt;
2265 1458 2325 1502 ut
2354 1450 2434 1503 vel
2490 1449 2568 1503 sic
2621 1450 3065 1518 prudentioribus
3100 1462 3286 1520 aperte
3320 1452 3403 1506 in-

1825 1547 2094 1610 dicarent,
2123 1560 2228 1598 non
2255 1545 2413 1599 modo
2448 1546 2623 1614 ipsum
2677 1544 2743 1597 ad
2776 1560 2965 1599 verum
3013 1546 3180 1600 Deum
3231 1546 3404 1603 fuisse

141 1648 496 1694 conversum.
546 1652 737 1693 verum
794 1638 965 1694 etiam
1029 1638 1154 1694 aliis
1216 1638 1285 1693 ad
1342 1652 1527 1694 veram
1563 1647 1620 1693 et
1667 1637 1839 1693 solam
1897 1652 2320 1708 supremumque
2376 1635 2643 1691 Deitatem
2694 1636 3062 1706 provehendis
3084 1643 3273 1697 ducem
3307 1655 3405 1696 ex—

150 1728 394 1801 utilisse.

1712 1831 1741 1904 5
1773 1830 1881 1891 IV.

210 1996 328 2054 Καὶ
372 1996 529 2051 τοῦτο
575 1992 635 2051 δὲ
684 1996 784 2070 τὴν
827 1998 925 2070 σὴν
968 1996 1284 2071 ίεραρχικὴν
1331 1994 1545 2051 σύνεσιν
1587 1995 1684 2049 ὑπο

1924 1995 2028 2049 llud
2080 2008 2294 2064 quoque
2345 1995 2640 2063 pontiticiaa
2710 2003 2813 2049 tuae
2863 1996 3107 2052 scientiae
3156 2013 3398 2059 comme-

149 2095 446 2165 μνήσομεν,
469 2093 548 2145 ὃτι
564 2092 658 2145 καί
678 2091 756 2162 τῷ
778 2089 977 2163 Φαραὼ
998 2091 1133 2163 πρὸς
1158 2091 1249 2144 τοῦ
1272 2093 1385 2154 τοῖς
1405 2089 1724 2159 Αἰγυπτίοις

142 2181 561 2245 ἐπιστατοῦντος
577 2182 831 2249 ἀγγέλου,
879 2180 973 2233 καί
1012 2180 1090 2251 τῷ
1114 2180 1466 2234 Βαϐυλωνίων
1502 2179 1720 2251 ἄρχοντι

144 2274 281 2346 πρὸς
330 2271 426 2325 τοῦ
474 2272 698 2336 οἰκείου,
731 2271 826 2324 καί
850 2271 912 2323 τὸ
959 2272 1058 2342 τῆς
1105 2271 1323 2323 πάντων
1346 2270 1603 2343 προνοίας
1626 2270 1722 2324 καί

144 2366 468 2438 κυριὰιητος
495 2363 849 2437 κηδεμονικὸν
877 2363 971 2417 καὶ
1006 2360 1407 2430 ὲξουσιαστικὸν
1445 2364 1585 2417 κατά
1624 2364 1722 2428 τὰς

142 2458 363 2528 ὁράσεις
408 2456 851 2528 διεπορθμεῦετο,
889 2457 985 2511 καὶ
1017 2459 1131 2519 τοῖς
1159 2456 1367 2510 ἔθνεσιν
1407 2456 1631 2520 ἐκείνοις
1669 2457 1718 2509 οἰ

143 2549 237 2602 τοῦ
279 2550 450 2612 ὅντως
483 2547 616 2601 Θεοῦ
635 2547 1249 2620 θεράποντες,ἡγεμόνες
1278 2549 1600 2603 καθίσταντο
1617 2552 1719 2622 τῆς

145 2639 252 2691 τῶν
299 2639 655 2692 τυπωθεισῶν
688 2637 792 2692 ὑπὸ
825 2638 931 2691 τῶν
960 2638 1264 2707 ἀγγελικῶν
1291 2641 1334 2671 ⁸⁸
1349 2642 1591 2712 ὁράσεων
1625 2644 1719 2695 ὲκ-

145 2730 459 2800 φαντορίας,
505 2734 619 2795 τοῖς
654 2730 762 2784 τῶν
800 2729 1045 2799 ἀγγέλων
1078 2731 1243 2799 ὲγγὺς
1275 2731 1441 2803 ἱεροῖς
1471 2732 1715 2803 ἀνδράσι,

142 2822 222 2893 τῷ
248 2823 466 2894 Δανιὴλ,
496 2824 593 2876 καὶ
623 2822 701 2893 τῷ
741 2821 936 2893 Ἰωσὴφ
965 2825 1027 2875 ὲκ
1056 2821 1191 2876 Θεοῦ
1226 2824 1292 2877 δι’
1318 2824 1561 2893 ἀγγέλων
1585 2827 1719 2879 ἀπο-

146 2914 514 2985 καλυφθείσης
533 2930 546 2942 ·
580 2912 679 2984 μία
705 2914 812 2985 γάρ
834 2916 978 2967 ἐστιν
999 2916 1031 2984 ἡ
1058 2915 1271 2967 πάντων
1294 2915 1435 2987 ἀρχὴ
1465 2917 1557 2970 καὶ
1581 2917 1716 2988 πρό-

144 3023 281 3059 νοια.
334 3005 447 3058 Καὶ
473 3006 721 3075 οὐδαμῶς
742 3006 973 3077 οἰητέον,
1022 3007 1285 3061 Ἰουδαίων
1339 3008 1437 3077 μὲν
1471 3009 1713 3081 ἀποκλη-

146 3095 393 3167 ρωτικῶς
434 3096 682 3167 ἡγεῖσθαι
731 3098 830 3169 τὴν
864 3098 1140 3171 θεαρχίαν,
1166 3102 1427 3171 ἀγγέλους
1458 3104 1514 3158 δὲ
1552 3105 1713 3171 ίδίως,

140 3187 173 3257 ἢ
226 3187 527 3258 ὁμοτίμως,
582 3188 614 3259 ἢ
672 3189 983 3255 ἀντιθέτως,
1040 3192 1072 3263 ἢ
1126 3193 1281 3258 θεούς
1312 3212 1466 3258 τινας
1491 3196 1715 3268 ἑτέρους

141 3272 456 3330 ἐπιστατεῖν
480 3280 593 3341 τοῖς
626 3278 804 3343 ἄλλοις
850 3280 1058 3336 ἔθνεσιν
1078 3300 1090 3313 ·
1150 3284 1285 3338 ἀλλά
1319 3280 1414 3339 καὶ
1444 3286 1504 3339 τὸ
1533 3288 1714 3356 λόγιον

1827 2088 2182 2152 morabimus,
2216 2095 2276 2140 ut
2312 2097 2367 2141 et
2393 2086 2672 2142 Pharaoni
2705 2087 2772 2141 ab
2798 2089 2997 2159 angelo
3022 2090 3406 2162 Egyptiorutn

1824 2181 2078 2249 praeside.
2102 2189 2157 2233 et
2179 2178 2603 2247 Babyloniorum
2628 2180 2859 2249 principi
2892 2194 2921 2233 a
2946 2183 3169 2251 proprio
3198 2186 3389 2241 itidem

1822 2272 2081 2326 omnibus
2135 2270 2523 2338 prospicientis
2586 2280 2753 2341 atque
2822 2272 3157 2329 dominantis
3220 2278 3406 2345 provi-

1821 2361 2009 2415 dentia
2072 2368 2425 2428 potestasque
2485 2375 2587 2430 per
2632 2361 2869 2417 visiones
2922 2362 3088 2419 fuerit
3124 2366 3399 2437 intimata,

1820 2466 1988 2524 utque
2017 2454 2272 2523 gentibus
2307 2455 2429 2509 istis
2484 2456 2599 2511 veri
2647 2455 2742 2511 Dei
2793 2458 3051 2523 ministri,
3109 2462 3399 2518 ductorum

1822 2546 1997 2601 instar
2050 2546 2256 2601 fuerint
2306 2548 2666 2617 prmfecti,ad
2701 2550 2961 2619 ﬁguratas
3014 2552 3136 2610 illas
3185 2559 3402 2628 angeli-

1817 2655 1911 2694 cas
1937 2638 2178 2694 visiones
2233 2640 2695 2709 interpretandas,
2722 2658 2843 2713 quae
2875 2646 3007 2701 viris
3039 2648 3250 2703 sanctis
3299 2665 3403 2702 an-

1818 2730 2064 2799 gelorum
2102 2732 2399 2798 similibus,
2461 2733 2698 2797 Danieli,
2752 2735 2999 2805 inquam,
3031 2748 3086 2793 et
3138 2737 3403 2810 Josepho,

1818 2836 1885 2873 ex
1935 2831 2096 2889 parte
2137 2822 2229 2876 Dei
2262 2836 2359 2891 per
2390 2823 2612 2892 angelos
2642 2832 2769 2879 ante
2798 2823 3018 2881 fuerant
3059 2828 3315 2885 revelata:
3338 2829 3399 2887 1:

1820 2924 1987 2963 unum
2058 2911 2258 2980 quippe
2310 2914 2551 2966 omnium
2628 2924 2715 2968 est
2785 2917 3115 2986 principium
3184 2936 3403 2990 unaque

1818 2999 2186 3069 providentia.
2270 3000 2459 3071 Neque
2515 3003 2624 3057 ullo
2705 3006 2865 3060 modo
2918 3010 3214 3076 putandum
3293 3023 3402 3079 est,

1819 3092 1976 3162 quasi
2018 3091 2219 3147 Iudaeis
2246 3094 2462 3162 quidem
2500 3094 2709 3151 .sortito
2766 3098 2912 3153 Deus
2972 3101 3273 3169 prazfuerit,
3312 3121 3405 3161 an-

1817 3184 1925 3254 geli
1981 3193 2159 3237 autem
2197 3200 2465 3249 seorsum,
2520 3185 2600 3239 vel
2664 3188 2971 3257 reqttaliter,
3006 3191 3086 3245 vel
3128 3196 3401 3263 opposite,

1819 3283 1912 3329 aut
1960 3273 2053 3328 alii
2114 3275 2278 3329 etiam
2315 3276 2389 3330 dii
2423 3279 2635 3332 caeteris
2689 3281 2940 3349 gentibus
2982 3283 3401 3353 imperitarint:

139 3368 319 3427 ἐκεῖνο
365 3367 507 3420 κατὰ
539 3369 695 3438 τήνδε
731 3369 828 3440 τὴν
864 3370 1014 3442 ἱερὰν
1042 3370 1250 3427 ἔννοιαν
1274 3375 1590 3446 ἐκληπτέον,

1942 3365 2045 3419 hoc
2076 3365 2350 3435 eloquium
2388 3383 2521 3423 sano
2569 3371 2802 3440 quodam
2829 3388 2989 3428 sensu
3049 3390 3209 3432 sacro
3238 3379 3401 3435 intel-

138 3458 216 3521 ὡς
274 3458 639 3529 μερισαμένου
684 3459 817 3512 Θεοῦ
876 3460 993 3531 μεθ’
1041 3462 1241 3534 ἑτέρων
1288 3465 1423 3519 θεῶν
1486 3468 1716 3539 ἢάγγέ-

141 3550 250 3603 λων
282 3550 381 3621 τὴν
437 3550 556 3603 καθ’
582 3552 729 3621 ἡμᾶς
751 3553 1067 3623 ἡγεμονίαν,
1116 3556 1210 3609 καί
1254 3557 1347 3610 τοῦ
1388 3560 1599 3632 Ἰσραὴλ
1637 3566 1718 3628 εἰς

139 3639 413 3711 ἐθνάρχην
475 3642 569 3695 καί
632 3643 854 3709 ὲθναγὸν
907 3645 1407 3718 ἀποκληρωθέντος,
1459 3653 1574 3707 ἀλλ’
1619 3655 1715 3721 ὡς,

136 3732 310 3803 αὐτῆς
324 3734 423 3803 μὲν
433 3735 531 3806 τῆς
550 3738 677 3805 μιᾶς
692 3737 944 3791 ἁπάντων
960 3741 1004 3771 ⁷ο
1022 3741 1271 3810 Ὑψίστου
1290 3748 1562 3816 προνοίας,
1581 3752 1717 3804 πάν-

136 3838 239 3885 τας
284 3821 603 3896 ἀνθρώπους
662 3828 940 3892 σωστικῶς
983 3831 1104 3892 ταῖς
1158 3832 1267 3886 τῶν
1299 3838 1513 3892 οἰκείων
1549 3841 1717 3909 ἀγγέ-

140 3913 252 3968 λων
279 3915 322 3945 ⁷¹
357 3916 710 3982 ἀνατατικαῖς
733 3925 1122 3993 χειραγωγίαις
1153 3928 1526 4001 διανειμὰσης,
1559 3934 1717 4003 μόνου

135 4002 197 4057 δὲ
229 4005 417 4074 σχεδὸν
465 4007 615 4079 παρὰ
660 4010 863 4074 πάντας
913 4014 1007 4066 τοῦ
1068 4017 1280 4089 Ἰσραὴλ
1333 4021 1422 4073 ἐπὶ
1474 4022 1571 4094 τὴν
1624 4023 1717 4077 τοῦ

135 4098 306 4160 ὅντως
340 4098 542 4169 Κυρίου
575 4103 899 4170 φωτοδοσίαν
931 4107 1022 4159 καί
1048 4110 1337 4178 ἐπίγνωσιν
1355 4114 1717 4186 ἐπιστραφέν-

137 4208 248 4254 τος.
305 4190 470 4243 Ὅθεν
503 4194 534 4263 ἡ
570 4192 833 4262 θεολογία,
862 4195 923 4248 τὸ
958 4199 1056 4268 μὲν
1081 4202 1273 4255 ἑαυτὸν
1304 4204 1694 4277 ἀποκληρῶσαι

136 4282 232 4333 τὸν
291 4282 507 4354 Ἰσραὴλ
540 4286 631 4338 ὲπί
685 4286 784 4357 τὴν
816 4288 909 4340 τοῦ
935 4290 1103 4355 ὅντως
1134 4294 1269 4347 Θεοῦ
1303 4295 1597 4369 θεραπείαν
1621 4304 1719 4373 ἑμ-

139 4374 427 4440 φαίνουσα,
463 4376 543 4439 τὸ,
592 4378 875 4447 Ἐγενήθη
915 4383 1087 4450 μερὶς
1140 4388 1381 4454 Κιιρίου,
1417 4393 1600 4463 φησίν·
1630 4397 1717 4448 ὲν-

135 4464 465 4537 δεικνυμένη
503 4468 559 4521 δὲ
614 4470 693 4534 τὸ,
731 4475 824 4527 καί
881 4476 1043 4530 αὐτὸν
1106 4479 1164 4531 ἐν
1219 4480 1317 4551 ἴσῳ
1367 4487 1478 4548 τοῖς
1511 4485 1719 4554 λοιποῖς

136 4554 345 4608 ἔθνεσιν
371 4558 781 4632 ἀπονεμηθῆναί
814 4581 918 4616 τινι
960 4566 1068 4619 τῶν
1102 4566 1271 4635 ἁγίων
1323 4572 1588 4641 ἀγγέλων,
1636 4580 1718 4643 εἰς

134 4646 191 4697 τὸ
212 4646 285 4698 δι’
318 4647 484 4702 αὐτοῦ
533 4650 632 4722 τὴν
693 4653 822 4722 μίαν
878 4657 1130 4711 ἁπάντων
1163 4661 1336 4732 ἀρχὴν
1393 4664 1713 4733 ἐπιγνῶναι,

1822 3458 2095 3527 ligemlum
2130 3468 2239 3522 est,
2277 3476 2382 3514 non
2425 3464 2581 3530 quasi
2633 3466 2775 3519 Deus
2806 3482 2931 3521 cum
2982 3468 3103 3525 aliis
3141 3471 3247 3527 diis
3304 3489 3404 3527 an-

1821 3549 2025 3617 gelisve
2080 3553 2256 3605 nostri
2312 3555 2550 3622 partitus
2596 3557 2666 3611 sit
2717 3558 3205 3629 gubernationem;
3239 3573 3403 3634 atque

1819 3643 2134 3697 Israeliticae
2202 3645 2379 3713 gentis
2442 3647 2844 3717 principatum,
2896 3661 3062 3721 atque
3140 3654 3469 3728 ducatum,”

1822 3735 1938 3802 ipse
1971 3737 2198 3791 sortitus
2246 3739 2317 3791 sit
2346 3754 2359 3802 ;
2390 3741 2486 3792 sed
2550 3742 2716 3809 quod,
2776 3758 2899 3797 cum
2932 3744 3197 3798 Altissimi
3236 3746 3398 3801 unica

1821 3826 1910 3881 illa
1941 3844 2121 3883 rerum
2149 3833 2390 3885 omnium
2422 3833 2788 3902 providentia,
2809 3844 3034 3889 cunctos
3059 3836 3304 3893 homines
3331 3839 3399 3891 ad

1820 3921 2049 3975 salutem
2076 3921 2399 3990 angelorum
2450 3924 2702 3979 ductibus
2748 3927 3034 3980 tradiderit
3072 3944 3402 3997 promoven-

1820 4014 1937 4075 dos,
1981 4014 2131 4069 solus
2177 4013 2352 4069 ferme
2401 4015 2608 4081 lsrael,
2658 4032 2769 4086 pra:
2825 4020 3099 4087 omnibus,
3157 4024 3224 4077 ad
3278 4027 3399 4081 veri

1822 4103 1915 4158 Dei
1969 4106 2223 4159 notitiam
2281 4116 2336 4159 et
2388 4105 2811 4164 illustrationem
2864 4110 3028 4165 fuerit
3078 4126 3396 4171 conversus.

1818 4195 2003 4265 Itaque
2061 4197 2352 4268 theologia,
2402 4215 2525 4253 cum
2587 4202 2844 4269 populum
2906 4203 3267 4260 lsraeliticum
3337 4224 3399 4263 se

1821 4289 1933 4341 veri
1981 4288 2076 4342 Dei
2134 4289 2305 4343 cultui
2361 4294 2707 4361 mancipasse
2767 4304 2976 4360 narrat,
3016 4299 3141 4352 ait:
3190 4298 3396 4355 Factus

1820 4388 1897 4433 est
1921 4396 2046 4447 pars
2073 4379 2291 4435 Domini
2320 4390 2357 4412 "
2388 4401 2401 4449 ;
2457 4399 2581 4437 cum
2614 4395 2792 4441 autem
2818 4388 3073 4451 ostendit,
3106 4403 3226 4443 eum
3259 4405 3398 4460 quo-

1821 4485 1949 4537 que,
2000 4470 2116 4539 pari
2154 4485 2278 4524 cum
2309 4474 2523 4526 caeteris
2562 4474 2877 4530 nationibus
2897 4475 3042 4544 jure,
3071 4489 3394 4533 sanctorum

1821 4561 2041 4619 cuidam
2094 4563 2412 4631 angelorum
2469 4563 2643 4620 fuisse
2697 4570 3106 4640 consignatum,
3164 4579 3223 4623 ut
3276 4570 3395 4639 ejus

1820 4666 1984 4720 opera
2047 4654 2266 4707 unicum
2326 4653 2455 4709 illud
2524 4672 2705 4711 rerum
2768 4660 3014 4714 omnium
3066 4660 3391 4730 principiutn

132 4737 224 4790 τὸν
272 4740 493 4811 Μιχαὴλ
537 4741 639 4812 ἔφη
675 4744 768 4797 τοῦ
825 4746 1089 4801 Ἰουδαίων
1123 4752 1375 4821 ἡγεῖσθαι
1421 4755 1573 4821 λαοῦ,

1918 4753 2163 4810 ηοεοετοι,
2216 4746 2535 4801 Michaelem
2580 4745 2810 4805 Judaico
2833 4751 3033 4820 populo
3069 4750 3392 4820 praefectum

134 4828 250 4894 φῶς
308 4831 459 4900 ἡμᾶς
503 4831 892 4888 ὲκδιδάσκουσα
945 4838 1024 4901 τὸ,
1062 4840 1187 4910 μίαν
1239 4838 1377 4895 εἶναι
1418 4845 1525 4899 τῶν
1578 4846 1712 4901 ὅλων

132 4918 412 4988 πρόνοιαν,
447 4921 675 4975 ἀπασῶν
728 4922 836 4977 τῶν
882 4925 1125 4997 ἀοράτων
1172 4928 1266 4981 καὶ
1297 4931 1510 5001 ὁρατῶν
1543 4932 1710 4986 δυνά-

134 5024 281 5076 μεων
314 5011 654 5080 ὑπερουσίως
702 5015 1170 5092 ὑπεριδρυμένην’
1217 5021 1424 5085 πάντας
1468 5024 1525 5077 δὲ
1582 5026 1709 5090 τοὺς

132 5100 251 5152 καθ’
308 5102 539 5157 ἕκαστον
593 5104 744 5170 ἔθνος
793 5109 1215 5176 ἐπιστατοῦντας
1269 5114 1551 5183 ἀγγέλους,
1620 5120 1707 5172 ἐπ’

129 5188 298 5261 αὐτὴν
371 5191 449 5256 ὡς
477 5195 682 5249 οἰκείαν
707 5197 751 5227 ⁷³
776 5198 951 5271 ἀρχὴν
993 5202 1119 5265 τοὺς
1153 5204 1449 5273 ἑπομένους
1494 5207 1708 5262 ἐθελου-

133 5277 283 5343 σίως,
318 5282 421 5352 ὅση
453 5281 699 5354 δύναμις,
768 5287 1167 5354 ἀνατείναντας.

209 5532 227 5567 ι
265 5529 402 5590 Dan.
436 5549 498 5588 li.
578 5544 614 5564 "'
647 5536 804 5590 Deut.
839 5551 1015 5606 χχχιι,
1044 5536 1101 5593 9.
1171 5548 1196 5575 η
1233 5541 1367 5596 Dan.
1404 5557 1460 5596 κ.

1825 4837 2010 4899 tradit.
2060 4848 2245 4905 aperte
2276 4841 2481 4896 docens
2560 4841 2775 4895 unicam
2822 4857 2944 4897 esse
2973 4844 3213 4897 omnium
3268 4861 3394 4913 pro-

1821 4929 2143 4993 videntiam,
2194 4931 2457 5001 “qua:
2508 4933 2719 4988 cunctis
2766 4935 2929 4988 simul
2980 4944 3085 4988 tam
3144 4934 3393 4991 invisibi-

1817 5017 1966 5073 libus
2025 5035 2201 5087 quam,
2248 5021 2553 5078 visibilibus
2596 5023 2890 5080 virtutibus
2920 5026 3392 5093 superessentiali-

1818 5121 1906 5166 ter
1937 5123 2161 5182 prastet
2192 5122 2220 5150 ιι
2249 5129 2264 5177 ;
2294 5129 2483 5169 omnes
2543 5127 2727 5171 autem
2767 5117 2989 5187 angelos
3049 5118 3387 5187 singularum

1815 5206 2059 5274 gentium
2121 5204 2444 5274 praefectos,
2501 5207 2568 5261 ad
2616 5209 2747 5263 illud
2807 5211 2979 5277 ipsum
3034 5212 3385 5281 principium,

1817 5306 1874 5350 ut
1905 5296 2210 5365 proprium,
2239 5309 2356 5363 eos,
2387 5296 2481 5365 qui
2532 5298 2676 5357 ultro
2709 5314 2773 5355 ac
2825 5311 3016 5371 sponte
3063 5312 3366 5372 sequantur

1814 5389 2103 5443 deducere.

1462 5655 1693 5714 VARle
1728 5656 2115 5717 LECTIONES
2129 5707 2141 5719 .

188 5764 231 5796 ⁶⁹
264 5766 620 5860 τυπωθεέσῶν
653 5768 757 5860 Ofb
786 5767 895 5860 τῶν
940 5771 1213 5860 ἀγγέλων,
1253 5774 1365 5860 (‘th
1391 5773 1456 5860 8ἱ
1481 5776 1715 5860 daren—:6»:
1752 5796 1856 5833 non
1883 5790 1967 5834 est
2011 5782 2065 5835 in
2111 5782 2169 5850 ll.
2249 5782 2296 5825 το
2325 5784 2583 5840 ἀπάντων
2628 5800 2734 5841 non
2770 5784 2960 5842 habuit
3004 5787 3380 5860 Οὴηπάντων,

136 5834 194 5889 D.
270 5838 313 5869 “
340 5839 441 5894 (2h.
470 5839 642 5905 ἁγίων
673 5839 941 5909 ἀγγέλων.
988 5834 1062 5875 '7"
1089 5843 1164 5907 ὡς
1194 5834 1285 5898 ’ἐπ’
1319 5845 1547 5913 οἰκείαν,
1587 5850 1644 5904 D.
