3722 6306
100 321 169 374 ἐίῑξ
300 289 303 293 Ι
393 330 406 341 ‘
567 315 666 369 DE
701 269 1043 370 ‘CWLESTI
1086 309 1532 372 HIERARCHIA,
1567 305 1722 362 CAP.
1763 305 1856 362 IX.
1895 332 1966 349 -ι
1998 303 2350 361 PARAPHR.
2386 301 2861 361 PACHYMERJE.

3227 308 3336 364 9.6:»

100 454 163 504 την
185 433 340 493 ὅντως
372 431 468 482 καὶ
500 430 868 500 ὑπεράρχιον
917 426 1113 490 ὑλικῶς
1132 423 1538 496 ἐπεστράφθαι·

1865 437 1946 473 um
1997 435 2064 474 ac
2105 417 2631 488 superprincipalem
2675 421 3044 490 principatum
3091 426 3335 478 totaliter

101 527 172 593 γὰρ
191 521 434 591 φωτεινὸς
488 522 522 572 ὁ
559 519 1034 592 ἐπεστραμμένος
1081 517 1218 589 πρὸς
1271 516 1458 586 ἣλιον,
1509 511 1654 565 οὕτω

98 618 161 668 καὶ
197 614 348 682 ἀρχαὶ
395 611 454 664 αί
502 611 653 682 πρὸς
705 613 888 683 ἀρχὴν
940 611 1040 682 τὴν
1079 608 1413 680 ύπεράρχιον
1445 601 1656 677 ἀφορῶ-

99 726 175 761 σαι.
214 707 278 759 Ἣ
308 706 401 758 καὶ
423 704 649 768 άλλως·
685 705 843 758 Διότι
876 704 1077 776 ἑτέρων
1110 701 1392 774 ἡγοῦνται,
1443 701 1654 771 ἀρχαγ-

96 799 225 867 γέλων
254 795 388 866 φημὶ
435 795 537 848 καὶ
579 796 872 864 ἀγγέλων,
932 794 1068 865 πρὸς
1097 793 1196 864 τὴν
1234 793 1489 862 τοιαύτην
1533 793 1655 843 ἐπι-

98 889 300 960 στροφὴν,
322 889 416 940 καὶ
441 887 537 940 διὰ
558 887 628 940 τὸ
684 888 830 959 πρὸς
856 886 1022 958 αὐτὴν
1046 886 1260 956 ἐκείνην
1281 884 1380 956 τὴν
1413 883 1656 954 ὑπεράρ-

97 997 181 1050 χιον
228 979 392 1050 ἀρχὴν
418 1017 434 1042 ,
482 975 592 1049 τὴν
659 978 766 1031 καὶ
822 976 922 1040 τὰς
968 975 1143 1047 ἀρχάς
1198 975 1504 1045 ποιήσασαν
1561 972 1655 1026 καὶ

96 1073 553 1142 δημιουργήσασαν,
600 1069 1050 1133 ἀποτυποῦσθαι,
1099 1068 1194 1121 καὶ
1230 1069 1324 1120 ἐπὶ
1353 1066 1420 1120 τά
1451 1066 1656 1136 ἀόρατα

97 1165 217 1220 αὑτοῦ
240 1167 345 1228 τοῖς
379 1165 671 1235 ποιήμασι
716 1163 986 1236 νοούμενα
1011 1161 1351 1232 καθορῶντας.
1395 1158 1540 1214 κατά
1564 1159 1656 1212 τὸν

107 1258 397 1311 ’Δπόστολον.
448 1258 573 1311 Οὐκ
613 1257 827 1328 ἔχομεν
851 1257 908 1311 δὲ
956 1255 1153 1309 εἰδέναι
1198 1254 1298 1325 τὴν
1331 1251 1657 1324 ὑπερούσιον

97 1351 265 1422 ἐκείνην
290 1350 465 1422 ἀρχὴν
491 1349 612 1403 τῶν
652 1348 895 1404 ἀπασῶν
930 1347 1155 1414 τάξεων.
1199 1344 1652 1416 Ἐπωνυμοῦνται

95 1443 234 1512 ἁρχαὶ,
267 1442 338 1505 ὡς
383 1441 620 1511 ἐκείνην
675 1439 780 1511 τὴν
823 1439 995 1511 ἀρχὴν
1030 1437 1454 1507 ἀναφαίνουσαι,
1493 1436 1550 1486 ἐν
1575 1431 1656 1503 τῷ

93 1536 282 1599 δυνατῶς
303 1535 397 1589 καὶ
426 1534 560 1588 καθ’
589 1534 718 1602 ἕξιν
737 1535 884 1604 ἔχειν
911 1532 1080 1604 αὐτὴν
1113 1531 1250 1603 πρὸς
1274 1530 1373 1602 τὴν
1397 1526 1655 1597 τοιαύτην

94 1625 276 1695 ἀρχικήν
305 1621 622 1693 εὐκοσμίαν
661 1639 726 1674 τε
769 1622 863 1674 καὶ
890 1619 1248 1674 κατάστασιν.

1759 521 2149 564 convertantur
2176 527 2190 563 :
2217 510 2362 564 sicut
2389 512 2534 564 enim
2573 511 2782 567 lucidus
2801 514 3129 584 exsistitqui
3155 518 3228 570 ad
3255 534 3332 569 so-

1758 601 1860 656 lem
1890 617 2190 657 conversus
2219 611 2324 665 est,
2363 603 2436 655 ita
2465 616 2683 670 quoque
2738 605 3103 676 principatus,
3131 607 3225 675 qui
3275 611 3342 661 ad

1759 695 2121 765 principatum
2145 697 2663 766 superpriucipalem
2693 700 2993 754 intuentur.
3051 699 3146 754 Vel
3173 700 3339 754 etiam

1759 786 1953 838 aliter:
1990 785 2260 851 Quoniam
2312 784 2455 848 aliis,
2487 787 2846 856 archangelis,
2879 789 3129 860 inquam.
3161 801 3218 843 et
3245 806 3342 843 an-

1762 877 1921 947 gclis,
1944 875 2115 932 duces
2147 885 2276 931 sunt.
2313 877 2618 932 istiusmodi
2650 881 3048 944 conversionis,
3097 880 3343 950 adeoque

1757 969 1826 1022 ad
1865 968 2389 1039 superpriuripalem
2445 970 2595 1024 illum
2645 971 2820 1039 ipsum
2873 973 3245 1042 principatum
3275 990 3340 1027 ac

1758 1071 2081 1114 cancrorum
2143 1061 2540 1130 principatuutn
2604 1074 2884 1117 auctorem
2911 1073 2966 1119 et
2998 1045 3339 1121 conditorem

1758 1149 2229 1215 conformationis,
2258 1162 2333 1217 et,
2379 1156 2678 1207 secundum
2725 1143 3071 1222 Apestolum,
3096 1156 3164 1209 ad
3198 1156 3340 1211 invi-

1759 1243 1938 1298 sibilia
1965 1243 2132 1311 ipsius
2160 1245 2430 1298 creaturis
2459 1245 2734 1299 intellecta
2761 1255 3099 1301 contuentur
3133 1255 3180 1301 ο.
3219 1248 3335 1302 Non

1759 1348 2051 1402 possumus
2084 1343 2266 1386 autem
2319 1348 2482 1387 no:~se
2529 1335 3005 1404 supernaturalent
3041 1336 3189 1389 illum
3221 1353 3341 1391 om-

1760 1426 1910 1480 nium
1939 1424 2195 1479 ordinum
2229 1425 2621 1494 principatum.
2646 1425 3006 1494 Appellantur
3032 1442 3162 1481 vero
3185 1428 3339 1497 prin.

1757 1517 2015 1588 cipatus,
2073 1518 2218 1587 quod
2279 1516 2643 1586 principatum
2724 1517 2878 1573 illuni
2933 1520 3336 1588 inanifestcnt,

1758 1619 2014 1680 potenter
2069 1621 2126 1666 et
2182 1611 2538 1665 habitualiter
2569 1623 2697 1664 eum
2747 1611 2812 1664 ad
2845 1612 3205 1683 principalem
3257 1624 3342 1668 ta-

1763 1703 1866 1755 lem
1920 1711 2178 1756 ornatum
2228 1716 2293 1755 ac
2322 1712 2530 1757 statum
2553 1699 2877 1759 obtinendo.

144 1803 243 1873 §ll.
293 1803 357 1856 Ἡ
389 1802 447 1854 δὲ
475 1801 598 1854 τῶν
652 1800 833 1869 ἁγίων
861 1795 1215 1870 ἀρχαγγέλων
1249 1793 1370 1846 ἐστὶ
1410 1793 1510 1864 μὲν
1535 1793 1614 1863 an

1911 1793 1981 1847 ΙΙ.
2020 1793 2348 1849 Sanctorum
2385 1811 2517 1851 vero
2569 1797 3030 1866 archangelorum
3067 1791 3204 1853 ordo
3229 1815 3344 1856 cm—

95 1895 221 1965 ταγὴς
241 1897 355 1957 ταῖς
385 1893 697 1966 ῥηθείσαις
724 1889 1008 1963 οὐρανίαις
1045 1889 1262 1959 ἀρχαῖς,
1298 1884 1436 1958 (μία
1481 1885 1591 1956 γὰρ
1625 1887 1661 1956 ἡ

97 1985 313 2056 ἱεραρχία,
370 1983 564 2037 αὐτῶν
632 1999 702 2035 τε
735 1979 981 2052 δηλονότι
1039 1977 1148 2031 τῶν
1192 1976 1400 2049 ἀρχῶν,
1430 1975 1661 2030 καὶτῶν

96 2078 414 2148 ἀρχαγγέλων,
447 2076 552 2129 καὶ
615 2074 708 2127 ἔτι
768 2071 878 2126 τῶν
909 2069 1156 2140 ἀγγέλων
1206 2068 1409 2132 αὐτῶν,
1446 2067 1542 2121 καὶ
1573 2065 1663 2120 διὰ

92 2169 209 2221 τοῦτο
237 2169 311 2231 εἰς
348 2167 484 2238 μίαν
509 2165 687 2232 τάξιν
730 2161 1233 2236 περιλαμϐάνονται
1252 2176 1265 2188 ·
1315 2158 1367 2211 τί
1395 2157 1505 2230 γάρ
1533 2156 1662 2212 ἀλλο

95 2260 191 2311 εἰσιν
214 2261 257 2312 oi
282 2258 638 2331 ἀρχάγγελοι
668 2297 685 2322 ,
711 2257 765 2309 εί
808 2254 884 2327 μὴ
929 2253 1116 2324 τάγμα
1148 2250 1207 2316 ἐξ
1231 2249 1416 2322 ἀρχῶν
1440 2249 1534 2304 καὶ
1558 2249 1661 2318 ἀγ-

95 2351 224 2420 γέλων
249 2353 624 2423 συγκείμενον
649 2349 706 2420 ;)
741 2348 860 2402 ἀλλ’
886 2346 1071 2418 ἐπειδὴ
1097 2345 1196 2398 οὐκ
1223 2342 1369 2396 ἐστιν
1387 2341 1659 2414 ἱεραρχία,

95 2445 147 2513 μὴ
170 2443 366 2513 πρώτας
382 2444 482 2497 καὶ
519 2442 716 2515 μέσας
761 2440 859 2495 καὶ
884 2437 1200 2501 τελευταίας
1223 2435 1483 2506 δυνάμεις
1508 2433 1662 2504 έχου-

93 2550 155 2598 σι,
177 2534 251 2588 διὰ
270 2535 428 2588 τοῦτο
468 2535 504 2606 ἡ
536 2533 665 2586 τῶν
694 2529 1058 2603 ἀρχαγγέλων
1080 2526 1254 2594 τάξις,
1287 2527 1364 2589 ὡς
1403 2525 1658 2597 μεσότης.

92 2624 170 2676 τῶν
195 2626 364 2696 ἀκρων
410 2622 908 2692 ἀντιλαμϐάνεται
938 2620 1078 2674 κατά
1124 2635 1244 2671 τινα
1282 2617 1374 2669 καὶ
1423 2615 1662 2686 ἀμφοτέ-

93 2734 173 2786 ρων
212 2716 516 2770 κοινωνίαν.
570 2715 721 2776 Ταῖς
779 2711 880 2784 μὲν
924 2712 1120 2783 ἀρχαῖς
1160 2710 1424 2772 κοινωνεῖ,
1453 2707 1534 2760 ὅτι
1567 2709 1662 2762 καὶ

91 2807 193 2878 αὐτὴ
217 2808 342 2878 πρὸς
393 2808 501 2880 τὴν
530 2802 884 2876 ὑπερούσιον
929 2801 1123 2873 ἀρχὴν,
1153 2801 1244 2854 τὸν
1286 2798 1438 2863 Θεὸν,
1462 2798 1662 2864 ὑλικῶς

91 2899 435 2972 ἐπέστραπται,
479 2900 585 2952 καὶ⁴
627 2896 777 2968 πρὸς
802 2893 1018 2964 ἐκείνην
1052 2891 1450 2956 ἀποτυποῦται,
1477 2889 1662 2956 καθὼς

93 2991 173 3061 ἄρα
214 2993 300 3044 καὶ
330 2993 386 3044 αἱ
422 2989 646 3063 ἀρχαί·
686 2987 789 3042 καὶ
837 2987 959 3040 ἐπεὶ
1003 2987 1061 3038 αί
1121 2985 1288 3055 ἀρχαὶ
1335 2980 1660 3054 ἠγεμονικαί

89 3084 164 3136 εἰσι
181 3087 259 3138 καὶ
280 3085 545 3148 ένοποιοὶ,
585 3082 669 3154 μὴ
706 3081 880 3133 ἐῶσαι
913 3078 1010 3142 τάς
1035 3076 1217 3142 τάξεις
1241 3074 1656 3140 σκεδάννυσθαι,

90 3176 340 3229 ἐνοποιοῦσι
366 3175 626 3238 καὶτοὺς
653 3173 932 3242 ἀγγέλους
961 3170 1246 3240 εὐκόσμως
1265 3169 1358 3222 καὶ
1386 3169 1660 3222 τάττουσι.

90 3265 182 3330 Τοῖς
222 3268 271 3320 δὲ
311 3269 587 3338 ἀγγέλοις
617 3265 795 3319 πάλιν
826 3264 1090 3327 κοινωνεῖ,
1134 3263 1215 3315 ὃτι
1243 3261 1350 3314 εἰσὶ
1383 3261 1475 3315 καὶ
1502 3255 1662 3314 αῦται

87 3360 159 3429 τῆς
180 3364 517 3436 ὑποφητικῆς
549 3361 796 3428 τάξεως,
834 3359 926 3410 καὶ
953 3357 1300 3426 ὑποδέχονται
1341 3353 1440 3418 τὰς
1473 3353 1666 3424 ἐλλάμ-

87 3454 175 3522 {veg
219 3456 299 3508 διά
327 3457 440 3509 τῶν
479 3454 738 3527 πρώτων
764 3452 1067 3521 δυνάμεων.
1099 3449 1208 3501 Καὶ
1229 3447 1404 3510 ἄλλως
1429 3450 1539 3510 τοῖς
1564 3448 1662 3516 ἀγ-

87 3548 222 3612 γέλοις
251 3547 619 3602 κοινωνοῦσιν
655 3547 718 3598 αἱ
761 3543 948 3614 μέσαι,
993 3543 1077 3595 ὅτι
1120 3540 1326 3604 ταύτας
1366 3539 1466 3603 τὰς
1510 3539 1662 3603 θείας

88 3638 332 3711 ἐλλάμψεις
355 3643 478 3703 τοῖς
506 3638 786 3709 ἀγγέλοις
811 3634 1155 3704 ἀγγέλλουσι,
1190 3635 1284 3686 καὶ
1327 3632 1395 3685 δι’
1416 3631 1661 3700 ἀγγέλων

85 3733 183 3801 ἡμῖν
222 3735 630 3803 ἀναφαίνουσι·
697 3728 785 3783 διὸ
830 3726 959 3795 γοῦν
1007 3727 1101 3779 καὶ
1153 3725 1295 3779 κατὰ
1338 3723 1498 3777 τοῦτο
1549 3725 1662 3786 τοῖς

87 3824 291 3892 ἀγγέλοις
337 3823 759 3886 κοινωνοῦσιν,
821 3820 903 3873 ὅτι
951 3822 1064 3882 τοῖς
1127 3817 1378 3886 ἀγγέλοις
1422 3815 1660 3887 χρῶνται

85 3919 186 3988 πρὸς
203 3921 294 3984 τὰς
335 3921 485 3992 πρὸς
543 3917 708 3989 ἡμᾶς
769 3914 1165 3985 δηλοποιήσεις,
1197 3910 1338 3964 κατά
1369 3909 1660 3978 ἀναλογίαν

85 4009 164 4060 τῶν
189 4013 286 4065 ἀπὸ
309 4011 453 4065 Θεοῦ
495 4005 967 4079 ἐλλαμπομένων.
1005 4005 1067 4058 Οἱ
1127 4003 1235 4074 γὰρ
1283 4003 1524 4072 ἄγγελοι,
1573 4001 1660 4055 ἵνα

83 4105 151 4156 καὶ
178 4106 294 4176 περὶ
325 4103 530 4157 αὐτῶν
579 4101 840 4170 εἴπωμεν
862 4135 877 4159 ,
936 4095 1382 4168 συμπληρωτικοί
1424 4096 1528 4148 είσι
1557 4094 1662 4147 πά-

86 4211 157 4265 σης
205 4198 460 4269 οὐρανίου
515 4193 967 4263 διακοσμήσεως,
1012 4191 1151 4262 πλὴν
1197 4189 1338 4243 κατά
1372 4189 1432 4242 τὸ
1473 4189 1659 4242 τελευ-

80 4294 192 4342 nim
234 4293 324 4344 καὶ
379 4290 450 4344 τὸ
523 4287 766 4357 ἔσχατον
792 4299 806 4312 ·
888 4280 1266 4353 συμπληροῦσι
1315 4279 1423 4353 γὰρ
1463 4281 1557 4334 καὶ
1609 4279 1658 4331 oi

83 4378 242 4449 θρόνοι,
275 4382 418 4436 ἀλλά
462 4377 622 4435 κατά
653 4377 718 4430 τὸ
743 4373 982 4446 πρῶτον,
1025 4375 1120 4428 καὶ
1172 4373 1262 4426 διά
1291 4373 1450 4426 τοῦτο
1477 4373 1658 4444 έχουσι

1765 1889 1995 1944 testibus
2049 1889 2270 1958 quidem
2341 1890 2465 1946 istis
2517 1892 2923 1962 principatibus
2988 1896 3217 1964 mqualis
3257 1907 3346 1952 cst

1770 1980 1920 2048 (nam
1958 1995 2062 2034 una
2111 1990 2197 2035 est
2226 1981 2557 2048 ltierarcbia,
2605 1965 3084 2054 ipsorum‘nempe
3134 1988 3344 2055 princi-

1764 2081 2014 2140 patnum,
2058 2082 2114 2127 et
2155 2074 2636 2144 arcbangclorum,
2663 2090 2830 2146 atque
2875 2077 3118 2145 ipsorum
3173 2080 3342 2133 etiam

1765 2166 2306 2235 angelorum,atque
2355 2167 2564 2224 idcirco
2626 2167 2695 2222 ad
2752 2185 2918 2224 unum
2956 2154 3210 2224 ordinem
3258 2186 3345 2224 rc-

1765 2259 2061 2312 ducuntur.
2103 2258 2244 2325 Quid
2287 2258 2436 2315 enim
2463 2258 2610 2312 aliud
2641 2269 2768 2313 sunt
2796 2261 3140 2331 archangeli,
3170 2276 3335 2330 quam

1761 2351 1899 2406 ordo
1923 2365 1989 2405 ex
2034 2351 2430 2422 principatibus
2475 2363 2531 2408 et
2576 2353 2783 2423 angelis
2820 2353 3163 2425 conﬂatus?)
3195 2372 3212 2410 :
3242 2369 3343 2410 vc-

1764 2458 1910 2510 rutm,
1946 2459 2069 2497 cum
2100 2445 2245 2499 nulla
2295 2445 2365 2500 sit
2402 2445 2752 2511 bierarcbia,
2803 2461 2927 2515 quin
2971 2463 3077 2502 non
3137 2447 3345 2519 primas

1761 2546 1816 2588 et
1863 2535 2072 2590 medias
2119 2546 2175 2592 et
2233 2547 2539 2608 postremas
2586 2539 2816 2594 virtutes
2865 2538 3095 2610 habeat,
3145 2541 3347 2600 idcirco

1762 2627 2214 2698 arebangelorum
2261 2632 2394 2684 ordo
2426 2641 2685 2701 tanquatn
2733 2634 3021 2702 medietas,
3071 2650 3347 2698 extremas
3427 2656 3429 2658 ·

1763 2718 2160 2784 quodammodo
2186 2720 2297 2790 90
2317 2720 2700 2790 complectitur
2721 2732 3074 2794 utrarumque
3105 2741 3316 2783 emntnn
3335 2758 3351 2770 -

1765 2811 2058 2865 nicatione.
2091 2811 2372 2882 Siquidem
2393 2816 2763 2872 communicat
2779 2816 3194 2887 principatibus,
3214 2835 3350 2889 quo-

1763 2902 1908 2956 niam
1944 2902 2011 2954 ad
2036 2905 2548 2972 superessentialem
2575 2921 2792 2976 quoque
2823 2907 3213 2978 principatum,
3239 2911 3347 2964 sci-

1763 2991 1890 3047 licet
1939 2994 2141 3058 Deum,
2172 2994 2416 3050 totaliter
2461 3011 2759 3053 conversus
2788 3008 2894 3067 est,
2941 3007 2997 3053 et
3054 2999 3122 3053 ad
3170 3000 3343 3070 ipsum

1769 3085 2142 3150 eﬂ‘urmantur,
2175 3086 2318 3143 sicut
2349 3089 2512 3144 etiam
2557 3090 2896 3160 principatus
2929 3109 2942 3145 :
2981 3102 3036 3145 et
3083 3091 3342 3162 quoniam

1768 3177 2103 3247 principatus
2129 3180 2357 3234 ducendi
2392 3189 2446 3235 et
2471 3180 2768 3236 unilicandi
2813 3183 2920 3237 vim
2964 3183 3191 3247 habent,
3229 3200 3340 3236 non

1767 3271 2149 3341 permittentes
2178 3273 2401 3328 ordines
2431 3273 2707 3343 dissipari,
2732 3275 2954 3345 angelos
2979 3276 3143 3329 etiam
3177 3277 3342 3333 deco-

1769 3377 1830 3418 ro
1877 3364 2070 3419 ordine
2125 3376 2504 3436 componunt:
2547 3365 2754 3436 angelis
2787 3382 2914 3421 vero
2946 3368 3114 3420 etiam
3177 3383 3335 3423 com-

1765 3453 2078 3518 municant;
2131 3455 2258 3524 quia
2299 3457 2463 3510 etiam
2497 3467 2626 3510 sunt
2655 3457 2867 3512 ordinis
2909 3457 3244 3527 interpretis,
3289 3470 3346 3514 ct

1765 3561 1862 3614 per
1906 3547 2112 3616 primas
2157 3547 2385 3602 virtutes
2413 3547 2806 3604 illustrationes
2834 3550 3134 3621 accipiunt.
3164 3549 3340 3605 Etiam

1763 3639 1870 3693 alio
1914 3639 2078 3693 modo
2118 3639 2280 3695 medii
2336 3640 2547 3710 angelis
2597 3641 3040 3708 communicant;
3082 3648 3341 3712 quoniam

1764 3727 1864 3783 bas
1937 3728 2149 3783 divinas
2230 3729 2624 3793 illustrationes
2706 3730 2913 3799 angelis
2974 3735 3340 3802 annuntiant,

1762 3829 1819 3875 ct
1887 3835 1986 3892 per
2055 3821 2278 3892 angelos
2366 3821 2524 3876 nobis
2611 3822 3008 3889 manifestam;
3078 3829 3344 3893 quamob-

1764 3927 1879 3967 rem
1927 3912 2092 3966 etiam
2146 3911 2444 3966 secundum
2499 3912 2601 3966 ltoc
2660 3914 2869 3982 angelis
2907 3916 3338 3981 connuunicaut,

1761 4005 1906 4085 quod
1932 4005 2142 4075 angelis
2183 4013 2405 4057 utantur
2450 4005 2518 4058 ad
2571 4017 2788 4058 nostras
2843 4006 3338 4076 inanil'estatioues,

1757 4079 1917 4167 juxta
1957 4097 2327 4152 conditionem
2371 4111 2562 4150 eorum
2621 4096 2718 4166 qui
2761 4114 2790 4151 a
2826 4097 2936 4150 Deo
2969 4097 3337 4156 illustrantur.

1761 4191 1865 4262 Ipsi
1897 4189 2043 4246 enim
2077 4187 2275 4258 angeli,
2307 4197 2365 4242 ut
2393 4186 2556 4242 etiam
2585 4187 2653 4240 de
2702 4187 2768 4240 iis
2802 4187 3070 4256 dicamus,
3122 4205 3338 4246 omnem

1761 4283 2038 4338 caelestem
2069 4291 2323 4337 ornatum
2354 4279 2673 4350 complendo
2721 4279 3047 4347 terminant,
3079 4291 3340 4354 tanquam

1763 4375 2024 4430 nimirum
2068 4374 2123 4429 id
2173 4375 2321 4444 quod
2379 4373 2766 4427 ultimumest
2819 4373 3338 4447 novissimumque:

79 4471 151 4538 τὴν
195 4472 506 4545 ἀγγελικὴν
575 4469 728 4531 ἰδίως
773 4465 1107 4536 ἐπωνυμίαν,
1157 4466 1251 4518 καὶ
1311 4464 1530 4536 μᾶλλον,

1869 4466 2040 4536 ψὶεηι
2063 4466 2209 4521 enim
2257 4465 2423 4520 etiam
2451 4463 2657 4528 throni,
2687 4463 2784 4518 sed
2819 4474 3082 4533 tanquam
3110 4466 3164 4521 id
3195 4471 3339 4534 quod

80 4567 164 4626 vis;
185 4565 501 4638 ἀνθρώποις
563 4559 986 4632 πλησιάζοντες,
1020 4559 1070 4611 οἳ
1128 4557 1192 4630 δὴ
1241 4558 1336 4611 καὶ
1363 4556 1655 4628 μιμοῦνται

77 4653 141 4707 διὰ
162 4659 358 4712 τούτων
391 4657 472 4710 τὰ
536 4654 682 4707 θεῖα.
727 4649 900 4703 Τοῦτο
921 4650 1028 4721 γάρ
1054 4652 1171 4702 ἐστι
1209 4650 1270 4702 τὸ
1317 4648 1656 4720 ἐμφανέστε-

81 4763 148 4813 ρον
165 4747 255 4817 τῆς
277 4748 592 4822 ἱεραρχίας
620 4743 808 4798 αὐτῶν
827 4759 840 4771 ·
879 4742 940 4794 οὐ
970 4741 1078 4813 γὰρ
1112 4741 1344 4812 δεόμεθα
1369 4739 1528 4794 πάλιν
1551 4739 1661 4792 ἐτέ-

77 4854 160 4906 ρων
185 4840 320 4912 πρὸς
363 4840 476 4902 τὰς
521 4833 826 4890 ὑπἀύτῶν
881 4833 1172 4905 ἐλλάμψεις
1229 4833 1322 4885 καὶ⁵
1365 4829 1654 4900 ἀγγελίας·

76 4932 109 4979 εἰ
145 4931 242 5002 γὰρ
261 4928 331 5003 ἦν
361 4932 542 4984 τοῦτο
566 4969 580 4993 ,
641 4927 706 4980 τὸ
770 4924 1000 4996 κρύφιον
1051 4925 1118 4978 ἂν
1170 4920 1314 4994 εἶχον
1376 4923 1470 4974 καὶ
1515 4916 1659 4975 οὗτοι

74 5022 185 5076 κατὰ
210 5024 369 5087 πολὺ,
410 5023 518 5075 καὶ
563 5019 626 5071 τὸ
685 5015 914 5085 ἔσχατόν
957 5031 1016 5067 τε
1049 5014 1144 5066 καὶ
1171 5011 1530 5084 περικόσμιον
1557 5010 1659 5063 οὐκ

77 5111 122 5164 ἂν
168 5116 220 5168 ἐν
264 5117 466 5178 αὐτοῖς
514 5108 608 5183 ἦν.
660 5108 779 5161 Νῦν
808 5107 885 5172 δὲ,
937 5107 1205 5178 μηδεμιᾶς
1251 5105 1446 5176 ἐτέρας
1490 5101 1660 5172 οὔσης

101 5208 360 5281 ατωτέρας
396 5206 644 5272 τάξεως,
703 5201 804 5271 τὴν
855 5200 1007 5267 τάξιν
1031 5200 1139 5253 τῶν
1165 5199 1416 5268 ἀγγέλων
1443 5199 1656 5268 ἀνάγκη

74 5294 179 5352 εἶναι
207 5304 459 5374 ἐσχάτην
523 5301 622 5353 καὶ
658 5295 1032 5367 περικόσμιον.
1080 5296 1386 5366 Ἐξηγεῖται
1417 5295 1446 5345 ὁ
1481 5293 1656 5360 ἅγιος,

76 5389 163 5454 πῶς
193 5390 313 5446 εἶπε
341 5411 356 5423 ·
384 5392 538 5463 Περὶ
568 5389 633 5442 τὸ
690 5386 1097 5457 ἐμφανέστερον
1130 5386 1278 5438 ἐστιν
1325 5385 1359 5454 ἠ
1405 5382 1658 5453 ἱεραρχία

71 5489 156 5548 τοῖς
185 5489 456 5557 ἀγγέλοις
475 5527 491 5552 ,
547 5481 800 5556 δηλονότι
849 5480 1255 5550 ἐμφανέστερον
1306 5477 1443 5549 πρὸς
1472 5477 1619 5546 ἡμᾶς
1637 5492 1652 5506 ⁸

78 5576 216 5650 ῖὶῖάρ
270 5578 574 5650 ὑπερτάτη
622 5570 804 5636 τάξις,
859 5571 932 5634 ὡς
966 5571 1043 5642 τῷ
1100 5570 1319 5642 κρυφίῳ
1361 5567 1480 5638 Θεῷ
1514 5563 1655 5636 πλη-

73 5678 303 5741 τιέιζουσα
329 5719 348 5744 ,
413 5669 822 5746 κρυφιωτέρως
877 5667 985 5738 ὅσῳ
1053 5669 1190 5740 πρὸς
1244 5666 1341 5738 τὴν
1395 5661 1655 5736 δευτέραν

123 5843 146 5870 °
176 5835 333 5892 Rom.
379 5851 426 5903 I,
454 5835 541 5889 9.0.

377 5936 667 5994 [’ATBOL.
713 5930 830 5988 Ga.
867 5928 972 5987 ιιι.

1764 4559 1998 4629 primum
2032 4567 2237 4624 eSt;_et
2281 4559 2485 4612 idcirco
2529 4556 2745 4625 proprie
2801 4570 3000 4611 nomen
3032 4557 3338 4628 angelicum

1763 4652 2050 4718 obtinent,
2110 4661 2167 4705 et
2225 4649 2528 4718 prazsertim
2577 4648 2720 4718 quod
2785 4647 3095 4703 hominibus
3146 4665 3342 4717 appro-

1767 4743 2055 4813 pinqucttt,
2101 4743 2195 4812 qui
2239 4750 2296 4796 et
2353 4750 2576 4812 pr0pter
2616 4739 2734 4794 illos
2794 4739 2978 4793 divina
3021 4739 3337 4793 imitantur.

1768 4836 1913 4902 Quin
1955 4844 2012 4890 et
2059 4849 2249 4890 eorum
2308 4833 2619 4890 bierarcbia
2679 4833 3026 4891 manifestior
3065 4844 3174 4896 est,
3209 4831 3338 4901 quia

1770 4927 1929 4982 nobis
1973 4942 2082 4981 non
2135 4940 2274 4996 opus
2301 4936 2387 4980 est
2415 4925 2612 4980 iterum
2669 4925 2792 4981 aliis
2819 4926 2888 4980 ad
2943 4923 3342 4980 illustrationes

1767 5030 1824 5075 et
1873 5020 2064 5074 nuntia
2125 5021 2194 5074 ab
2249 5018 2316 5073 iis
2377 5018 2895 5086 recipienda:alias
2943 5016 3088 5072 enim
3151 5024 3204 5069 et
3239 5016 3340 5084 ipsi

1769 5128 2032 5184 perquam
2087 5112 2289 5166 occulti
2349 5120 2566 5176 essent,
2611 5125 2712 5166 nec
2769 5109 2941 5164 ultimi
2991 5121 3056 5161 ac
3109 5108 3344 5161 circum-

1768 5206 2074 5263 mundiales
2128 5206 2479 5260 exsisterent.
2555 5201 2710 5258 Nunc
2789 5214 2970 5259 autem
3025 5216 3147 5256 cum
3210 5202 3340 5256 nuili

1769 5301 1995 5370 spiritus
2048 5299 2159 5354 sint
2186 5296 2465 5352 inferioris
2514 5296 2726 5349 ordinis
2770 5309 2932 5362 quam
2989 5291 3113 5362 ipsi,
3171 5305 3343 5366 ange-

1765 5391 1946 5449 lorum
1991 5392 2240 5446 ordinem
2300 5399 2633 5458 postremum
2671 5403 2736 5441 ac
2792 5383 3339 5439 circummundialetn

1763 5483 2032 5539 exsistere
2065 5497 2289 5538 necesse
2326 5491 2432 5535 est.
2466 5478 2699 5548 Exponit
2743 5487 2924 5532 autem
2977 5484 3203 5532 sanctus
3229 5474 3339 5537 hic,

1763 5575 2040 5644 quomodo
2069 5574 2270 5628 dixerit
2319 5571 2633 5641 angelorum
2663 5568 3028 5624 bierarcbiatn
3073 5583 3194 5622 esse
3223 5582 3342 5620 ma—

1762 5662 2100 5718 niiestiurcm
2125 5701 2140 5725 ,
2206 5661 2416 5716 scilicet
2467 5658 2646 5726 quoad
2715 5672 2815 5712 nos
2847 5673 2863 5712 :
2896 5672 3022 5712 nant
3053 5671 3342 5728 supremus

2970 5907 3010 5966 9
