  <div class='ocr_page' id='page_1' title='image "/cluster/home/n/w/nwhite01/storage/ocr_20150623/3/hvd.32044014713192/141.png"; bbox 0 0 3722 6366; ppageno 0'>
   <div class='ocr_carea' id='block_1_1' title="bbox 370 370 479 432">
    <p class='ocr_par' dir='ltr' id='par_1_1' title="bbox 370 370 479 432">
     <span class='ocr_line' id='line_1_1' title="bbox 370 370 479 432; baseline -0.064 0"><span class='ocrx_word' id='word_1_1' title='bbox 370 370 479 432; x_wconf 72' lang='lat'><strong>267</strong></span> 
     </span>
    </p>
   </div>
   <div class='ocr_carea' id='block_1_2' title="bbox 1541 365 2428 425">
    <p class='ocr_par' dir='ltr' id='par_1_2' title="bbox 1541 365 2428 425">
     <span class='ocr_line' id='line_1_2' title="bbox 1541 365 2428 425; baseline 0.001 -2"><span class='ocrx_word' id='word_1_2' title='bbox 1541 367 1598 424; x_wconf 85' lang='lat' dir='ltr'><strong>S.</strong></span> <span class='ocrx_word' id='word_1_3' title='bbox 1637 365 1930 425; x_wconf 78' lang='lat' dir='ltr'><strong>DlONYSIl</strong></span> <span class='ocrx_word' id='word_1_4' title='bbox 1968 366 2428 424; x_wconf 65' lang='lat' dir='ltr'><strong>AREOPAGITE</strong></span> 
     </span>
    </p>
   </div>
   <div class='ocr_carea' id='block_1_3' title="bbox 3516 377 3615 436">
    <p class='ocr_par' dir='ltr' id='par_1_3' title="bbox 3516 377 3615 436">
     <span class='ocr_line' id='line_1_3' title="bbox 3516 377 3615 436; baseline 0.051 -5"><span class='ocrx_word' id='word_1_5' title='bbox 3516 377 3615 436; x_wconf 75' lang='lat'><strong>263</strong></span> 
     </span>
    </p>
   </div>
   <div class='ocr_carea' id='block_1_4' title="bbox 364 484 1830 567">
    <p class='ocr_par' dir='ltr' id='par_1_4' title="bbox 364 491 1830 561">
     <span class='ocr_line' id='line_1_4' title="bbox 364 491 1830 561; baseline -0.001 -16"><span class='ocrx_word' id='word_1_6' title='bbox 364 497 537 555; x_wconf 90' lang='lat' dir='ltr'><strong>ordo,</strong></span> <span class='ocrx_word' id='word_1_7' title='bbox 586 500 770 560; x_wconf 97' lang='lat' dir='ltr'><strong>utpote</strong></span> <span class='ocrx_word' id='word_1_8' title='bbox 818 499 1029 543; x_wconf 87' lang='lat' dir='ltr'><strong>secreto</strong></span> <span class='ocrx_word' id='word_1_9' title='bbox 1081 491 1193 545; x_wconf 91' lang='lat' dir='ltr'><strong>Deo</strong></span> <span class='ocrx_word' id='word_1_10' title='bbox 1233 491 1717 561; x_wconf 87' lang='lat' dir='ltr'><strong>appropinquans,</strong></span> <span class='ocrx_word' id='word_1_11' title='bbox 1768 509 1830 545; x_wconf 92' lang='lat' dir='ltr'><strong>m:</strong></span> 
     </span>
    </p>
   </div>
   <div class='ocr_carea' id='block_1_5' title="bbox 2084 484 3616 567">
    <p class='ocr_par' dir='ltr' id='par_1_5' title="bbox 2084 484 3616 567">
     <span class='ocr_line' id='line_1_5' title="bbox 2084 484 3616 567; baseline 0.006 -30"><span class='ocrx_word' id='word_1_12' title='bbox 2084 484 2190 551; x_wconf 65' lang='lat' dir='ltr'><strong>15w</strong></span> <span class='ocrx_word' id='word_1_13' title='bbox 2224 487 2498 567; x_wconf 75' lang='grc' dir='ltr'>ἱεραρχεῖ’</span> <span class='ocrx_word' id='word_1_14' title='bbox 2543 489 2576 557; x_wconf 76' lang='grc' dir='ltr'><strong>ἠ</strong></span> <span class='ocrx_word' id='word_1_15' title='bbox 2610 487 2666 541; x_wconf 84' lang='grc' dir='ltr'><strong>δὲ</strong></span> <span class='ocrx_word' id='word_1_16' title='bbox 2719 486 2970 559; x_wconf 86' lang='grc' dir='ltr'>δευτέρα,</span> <span class='ocrx_word' id='word_1_17' title='bbox 3007 492 3041 567; x_wconf 79' lang='grc' dir='ltr'>ἡ</span> <span class='ocrx_word' id='word_1_18' title='bbox 3092 490 3191 561; x_wconf 85' lang='grc' dir='ltr'><strong>τῆς</strong></span> <span class='ocrx_word' id='word_1_19' title='bbox 3240 490 3417 562; x_wconf 80' lang='grc' dir='ltr'><strong>μέσης</strong></span> <span class='ocrx_word' id='word_1_20' title='bbox 3443 493 3616 565; x_wconf 82' lang='grc' dir='ltr'>ίεραρ-</span> 
     </span>
    </p>
   </div>
   <div class='ocr_carea' id='block_1_6' title="bbox 365 581 1938 638">
    <p class='ocr_par' dir='ltr' id='par_1_6' title="bbox 365 581 1938 638">
     <span class='ocr_line' id='line_1_6' title="bbox 365 581 1938 638; baseline -0.001 0"><span class='ocrx_word' id='word_1_21' title='bbox 365 584 580 638; x_wconf 88' lang='lat' dir='ltr'><strong>occulte</strong></span> <span class='ocrx_word' id='word_1_22' title='bbox 633 581 874 637; x_wconf 85' lang='lat' dir='ltr'><strong>secundo</strong></span> <span class='ocrx_word' id='word_1_23' title='bbox 918 582 1097 637; x_wconf 92' lang='lat' dir='ltr'><strong>ordini</strong></span> <span class='ocrx_word' id='word_1_24' title='bbox 1143 597 1232 636; x_wconf 90' lang='lat' dir='ltr'><strong>res</strong></span> <span class='ocrx_word' id='word_1_25' title='bbox 1280 598 1469 637; x_wconf 88' lang='lat' dir='ltr'><strong>sacras</strong></span> <span class='ocrx_word' id='word_1_26' title='bbox 1508 584 1888 637; x_wconf 72' lang='lat' dir='ltr'><strong>subministrat</strong></span> <span class='ocrx_word' id='word_1_27' title='bbox 1923 600 1938 636; x_wconf 90' lang='lat'><strong>:</strong></span> 
     </span>
    </p>
   </div>
   <div class='ocr_carea' id='block_1_7' title="bbox 365 674 1939 742">
    <p class='ocr_par' dir='ltr' id='par_1_7' title="bbox 365 674 1939 742">
     <span class='ocr_line' id='line_1_7' title="bbox 365 674 1939 742; baseline -0.001 -12"><span class='ocrx_word' id='word_1_28' title='bbox 365 676 638 731; x_wconf 86' lang='lat' dir='ltr'><strong>secundus</strong></span> <span class='ocrx_word' id='word_1_29' title='bbox 668 687 821 737; x_wconf 88' lang='lat' dir='ltr'><strong>vero,</strong></span> <span class='ocrx_word' id='word_1_30' title='bbox 855 675 947 742; x_wconf 91' lang='lat' dir='ltr'><strong>qui</strong></span> <span class='ocrx_word' id='word_1_31' title='bbox 982 686 1067 729; x_wconf 90' lang='lat' dir='ltr'><strong>est</strong></span> <span class='ocrx_word' id='word_1_32' title='bbox 1094 676 1286 729; x_wconf 73' lang='lat' dir='ltr'><strong>media:</strong></span> <span class='ocrx_word' id='word_1_33' title='bbox 1323 675 1665 737; x_wconf 72' lang='lat' dir='ltr'><strong>liierarchiae.</strong></span> <span class='ocrx_word' id='word_1_34' title='bbox 1699 674 1939 729; x_wconf 89' lang='lat' dir='ltr'><strong>ultimam</strong></span> 
     </span>
    </p>
   </div>
   <div class='ocr_carea' id='block_1_8' title="bbox 367 767 1937 837">
    <p class='ocr_par' dir='ltr' id='par_1_8' title="bbox 367 767 1937 837">
     <span class='ocr_line' id='line_1_8' title="bbox 367 767 1937 837; baseline -0.002 -13"><span class='ocrx_word' id='word_1_35' title='bbox 367 768 740 825; x_wconf 80' lang='lat' dir='ltr'><strong>liierarchiam</strong></span> <span class='ocrx_word' id='word_1_36' title='bbox 771 767 1107 831; x_wconf 87' lang='lat' dir='ltr'><strong>moderatur,</strong></span> <span class='ocrx_word' id='word_1_37' title='bbox 1156 767 1497 821; x_wconf 82' lang='lat' dir='ltr'><strong>manifestius</strong></span> <span class='ocrx_word' id='word_1_38' title='bbox 1520 767 1738 837; x_wconf 85' lang='lat' dir='ltr'><strong>quidem</strong></span> <span class='ocrx_word' id='word_1_39' title='bbox 1775 782 1937 835; x_wconf 91' lang='lat' dir='ltr'><strong>quam</strong></span> 
     </span>
    </p>
   </div>
   <div class='ocr_carea' id='block_1_9' title="bbox 364 860 1940 932">
    <p class='ocr_par' dir='ltr' id='par_1_9' title="bbox 364 860 1940 932">
     <span class='ocr_line' id='line_1_9' title="bbox 364 860 1940 932; baseline 0.001 -17"><span class='ocrx_word' id='word_1_40' title='bbox 364 864 595 932; x_wconf 80' lang='lat' dir='ltr'><strong>primus,</strong></span> <span class='ocrx_word' id='word_1_41' title='bbox 626 860 898 915; x_wconf 72' lang='lat' dir='ltr'><strong>occultius</strong></span> <span class='ocrx_word' id='word_1_42' title='bbox 952 875 1085 915; x_wconf 89' lang='lat' dir='ltr'><strong>vero</strong></span> <span class='ocrx_word' id='word_1_43' title='bbox 1128 875 1292 929; x_wconf 90' lang='lat' dir='ltr'><strong>quam</strong></span> <span class='ocrx_word' id='word_1_44' title='bbox 1337 874 1611 929; x_wconf 88' lang='lat' dir='ltr'><strong>sequens;</strong></span> <span class='ocrx_word' id='word_1_45' title='bbox 1669 875 1834 931; x_wconf 86' lang='lat' dir='ltr'><strong>porro</strong></span> <span class='ocrx_word' id='word_1_46' title='bbox 1859 860 1940 916; x_wconf 91' lang='lat' dir='ltr'><strong>ul-</strong></span> 
     </span>
    </p>
   </div>
   <div class='ocr_carea' id='block_1_10' title="bbox 362 952 1936 1022">
    <p class='ocr_par' dir='ltr' id='par_1_10' title="bbox 362 952 1936 1022">
     <span class='ocr_line' id='line_1_10' title="bbox 362 952 1936 1022; baseline -0.001 -15"><span class='ocrx_word' id='word_1_47' title='bbox 362 955 528 1007; x_wconf 89' lang='lat' dir='ltr'><strong>timus</strong></span> <span class='ocrx_word' id='word_1_48' title='bbox 562 955 697 1009; x_wconf 91' lang='lat' dir='ltr'><strong>ordo</strong></span> <span class='ocrx_word' id='word_1_49' title='bbox 733 953 984 1009; x_wconf 85' lang='lat' dir='ltr'><strong>humanis</strong></span> <span class='ocrx_word' id='word_1_50' title='bbox 1022 954 1349 1008; x_wconf 85' lang='lat' dir='ltr'><strong>bierarchiis</strong></span> <span class='ocrx_word' id='word_1_51' title='bbox 1394 961 1612 1022; x_wconf 63' lang='lat' dir='ltr'><strong>praeest.</strong></span> <span class='ocrx_word' id='word_1_52' title='bbox 1665 952 1936 1008; x_wconf 63' lang='lat' dir='ltr'><strong>Caeterum</strong></span> 
     </span>
    </p>
   </div>
   <div class='ocr_carea' id='block_1_11' title="bbox 361 1044 1927 1112">
    <p class='ocr_par' dir='ltr' id='par_1_11' title="bbox 361 1044 1927 1112">
     <span class='ocr_line' id='line_1_11' title="bbox 361 1044 1927 1112; baseline -0.001 -13"><span class='ocrx_word' id='word_1_53' title='bbox 361 1061 483 1099; x_wconf 89' lang='lat' dir='ltr'><strong>cum</strong></span> <span class='ocrx_word' id='word_1_54' title='bbox 522 1055 632 1099; x_wconf 91' lang='lat' dir='ltr'><strong>tres</strong></span> <span class='ocrx_word' id='word_1_55' title='bbox 676 1047 897 1100; x_wconf 88' lang='lat' dir='ltr'><strong>ordines</strong></span> <span class='ocrx_word' id='word_1_56' title='bbox 946 1047 1079 1112; x_wconf 89' lang='lat' dir='ltr'><strong>sint,</strong></span> <span class='ocrx_word' id='word_1_57' title='bbox 1121 1045 1513 1100; x_wconf 86' lang='lat' dir='ltr'><strong>illustratioues</strong></span> <span class='ocrx_word' id='word_1_58' title='bbox 1580 1044 1681 1100; x_wconf 84' lang='lat' dir='ltr'><strong>sibi</strong></span> <span class='ocrx_word' id='word_1_59' title='bbox 1736 1054 1927 1098; x_wconf 91' lang='lat' dir='ltr'><strong>mutuo</strong></span> 
     </span>
    </p>
   </div>
   <div class='ocr_carea' id='block_1_12' title="bbox 361 1137 1937 1206">
    <p class='ocr_par' dir='ltr' id='par_1_12' title="bbox 361 1137 1937 1206">
     <span class='ocr_line' id='line_1_12' title="bbox 361 1137 1937 1206; baseline -0.001 -14"><span class='ocrx_word' id='word_1_60' title='bbox 361 1138 732 1192; x_wconf 78' lang='lat' dir='ltr'><strong>manifestam.</strong></span> <span class='ocrx_word' id='word_1_61' title='bbox 808 1137 1196 1193; x_wconf 65' lang='lat' dir='ltr'><strong>Verumtamen</strong></span> <span class='ocrx_word' id='word_1_62' title='bbox 1268 1137 1601 1203; x_wconf 89' lang='lat' dir='ltr'><strong>dicendum,</strong></span> <span class='ocrx_word' id='word_1_63' title='bbox 1667 1138 1937 1206; x_wconf 79' lang='lat' dir='ltr'><strong>quomodo</strong></span> 
     </span>
    </p>
   </div>
   <div class='ocr_carea' id='block_1_13' title="bbox 358 1220 1935 1299">
    <p class='ocr_par' dir='ltr' id='par_1_13' title="bbox 358 1220 1935 1299">
     <span class='ocr_line' id='line_1_13' title="bbox 358 1220 1935 1299; baseline -0.001 -17"><span class='ocrx_word' id='word_1_64' title='bbox 358 1231 564 1299; x_wconf 90' lang='lat' dir='ltr'><strong>primus</strong></span> <span class='ocrx_word' id='word_1_65' title='bbox 617 1230 835 1299; x_wconf 86' lang='lat' dir='ltr'><strong>quidem</strong></span> <span class='ocrx_word' id='word_1_66' title='bbox 864 1230 1069 1283; x_wconf 89' lang='lat' dir='ltr'><strong>ordinis</strong></span> <span class='ocrx_word' id='word_1_67' title='bbox 1101 1220 1439 1298; x_wconf 72' lang='lat' dir='ltr'><strong>prinCipatus</strong></span> <span class='ocrx_word' id='word_1_68' title='bbox 1490 1228 1740 1298; x_wconf 88' lang='lat' dir='ltr'><strong>sequenti</strong></span> <span class='ocrx_word' id='word_1_69' title='bbox 1772 1228 1935 1282; x_wconf 89' lang='lat' dir='ltr'><strong>simul</strong></span> 
     </span>
    </p>
   </div>
   <div class='ocr_carea' id='block_1_14' title="bbox 359 1320 1934 1393">
    <p class='ocr_par' dir='ltr' id='par_1_14' title="bbox 359 1320 1934 1393">
     <span class='ocr_line' id='line_1_14' title="bbox 359 1320 1934 1393; baseline -0.001 -16"><span class='ocrx_word' id='word_1_70' title='bbox 359 1323 855 1377; x_wconf 79' lang='lat' dir='ltr'><strong>nianifestationem</strong></span> <span class='ocrx_word' id='word_1_71' title='bbox 887 1321 1165 1389; x_wconf 77' lang='lat' dir='ltr'><strong>infuderit,</strong></span> <span class='ocrx_word' id='word_1_72' title='bbox 1197 1330 1251 1376; x_wconf 90' lang='lat' dir='ltr'><strong>et</strong></span> <span class='ocrx_word' id='word_1_73' title='bbox 1282 1324 1413 1376; x_wconf 92' lang='lat' dir='ltr'><strong>non&#39;</strong></span> <span class='ocrx_word' id='word_1_74' title='bbox 1446 1320 1588 1376; x_wconf 80' lang='lat' dir='ltr'><strong>alius</strong></span> <span class='ocrx_word' id='word_1_75' title='bbox 1618 1337 1717 1393; x_wconf 90' lang='lat' dir='ltr'><strong>per</strong></span> <span class='ocrx_word' id='word_1_76' title='bbox 1741 1321 1934 1386; x_wconf 91' lang='lat' dir='ltr'><strong>alium,</strong></span> 
     </span>
    </p>
   </div>
   <div class='ocr_carea' id='block_1_15' title="bbox 358 1412 1937 1480">
    <p class='ocr_par' dir='ltr' id='par_1_15' title="bbox 358 1412 1937 1480">
     <span class='ocr_line' id='line_1_15' title="bbox 358 1412 1937 1480; baseline -0.001 -13"><span class='ocrx_word' id='word_1_77' title='bbox 358 1424 416 1469; x_wconf 86' lang='lat' dir='ltr'><strong>et</strong></span> <span class='ocrx_word' id='word_1_78' title='bbox 473 1414 727 1469; x_wconf 86' lang='lat' dir='ltr'><strong>similiter</strong></span> <span class='ocrx_word' id='word_1_79' title='bbox 756 1415 1032 1469; x_wconf 88' lang='lat' dir='ltr'><strong>secundus</strong></span> <span class='ocrx_word' id='word_1_80' title='bbox 1056 1414 1226 1479; x_wconf 87' lang='lat' dir='ltr'><strong>ordo;</strong></span> <span class='ocrx_word' id='word_1_81' title='bbox 1261 1413 1453 1468; x_wconf 89' lang='lat' dir='ltr'><strong>tertius</strong></span> <span class='ocrx_word' id='word_1_82' title='bbox 1482 1428 1634 1476; x_wconf 87' lang='lat' dir='ltr'><strong>vero,</strong></span> <span class='ocrx_word' id='word_1_83' title='bbox 1669 1412 1806 1466; x_wconf 91' lang='lat' dir='ltr'><strong>alius</strong></span> <span class='ocrx_word' id='word_1_84' title='bbox 1839 1427 1937 1480; x_wconf 83' lang='lat' dir='ltr'><strong>per</strong></span> 
     </span>
    </p>
   </div>
   <div class='ocr_carea' id='block_1_16' title="bbox 357 1503 1930 1561">
    <p class='ocr_par' dir='ltr' id='par_1_16' title="bbox 357 1503 1930 1561">
     <span class='ocr_line' id='line_1_16' title="bbox 357 1503 1930 1561; baseline -0.005 0"><span class='ocrx_word' id='word_1_85' title='bbox 357 1509 523 1561; x_wconf 89' lang='lat' dir='ltr'><strong>alium</strong></span> <span class='ocrx_word' id='word_1_86' title='bbox 558 1505 979 1560; x_wconf 82' lang='lat' dir='ltr'><strong>nobisinl‘uudat</strong></span> <span class='ocrx_word' id='word_1_87' title='bbox 1030 1504 1440 1559; x_wconf 86' lang='lat' dir='ltr'><strong>illustrationes.</strong></span> <span class='ocrx_word' id='word_1_88' title='bbox 1492 1503 1792 1558; x_wconf 85' lang='lat' dir='ltr'><strong>Dicendum</strong></span> <span class='ocrx_word' id='word_1_89' title='bbox 1824 1504 1930 1555; x_wconf 84' lang='lat' dir='ltr'><strong>ita-</strong></span> 
     </span>
    </p>
   </div>
   <div class='ocr_carea' id='block_1_17' title="bbox 356 1594 1932 1669">
    <p class='ocr_par' dir='ltr' id='par_1_17' title="bbox 356 1594 1932 1669">
     <span class='ocr_line' id='line_1_17' title="bbox 356 1594 1932 1669; baseline -0.004 -18"><span class='ocrx_word' id='word_1_90' title='bbox 356 1614 484 1669; x_wconf 86' lang='lat' dir='ltr'><strong>que,</strong></span> <span class='ocrx_word' id='word_1_91' title='bbox 536 1598 675 1668; x_wconf 90' lang='lat' dir='ltr'><strong>quod</strong></span> <span class='ocrx_word' id='word_1_92' title='bbox 719 1597 771 1652; x_wconf 91' lang='lat' dir='ltr'><strong>in</strong></span> <span class='ocrx_word' id='word_1_93' title='bbox 804 1595 1077 1665; x_wconf 88' lang='lat' dir='ltr'><strong>prioribus</strong></span> <span class='ocrx_word' id='word_1_94' title='bbox 1108 1594 1417 1658; x_wconf 86' lang='lat' dir='ltr'><strong>ordinibus,</strong></span> <span class='ocrx_word' id='word_1_95' title='bbox 1446 1609 1565 1647; x_wconf 90' lang='lat' dir='ltr'><strong>cum</strong></span> <span class='ocrx_word' id='word_1_96' title='bbox 1602 1604 1710 1647; x_wconf 91' lang='lat' dir='ltr'><strong>tam</strong></span> <span class='ocrx_word' id='word_1_97' title='bbox 1740 1594 1932 1646; x_wconf 78' lang='lat' dir='ltr'><strong>dantes</strong></span> 
     </span>
    </p>
   </div>
   <div class='ocr_carea' id='block_1_18' title="bbox 355 1684 1927 1761">
    <p class='ocr_par' dir='ltr' id='par_1_18' title="bbox 355 1684 1927 1761">
     <span class='ocr_line' id='line_1_18' title="bbox 355 1684 1927 1761; baseline -0.003 -20"><span class='ocrx_word' id='word_1_98' title='bbox 355 1705 522 1759; x_wconf 90' lang='lat' dir='ltr'><strong>quam</strong></span> <span class='ocrx_word' id='word_1_99' title='bbox 577 1689 913 1758; x_wconf 85' lang='lat' dir='ltr'><strong>accipientes</strong></span> <span class='ocrx_word' id='word_1_100' title='bbox 972 1688 1147 1761; x_wconf 77' lang='lat' dir='ltr'><strong>angeli</strong></span> <span class='ocrx_word' id='word_1_101' title='bbox 1196 1687 1343 1752; x_wconf 87' lang='lat' dir='ltr'><strong>sint,</strong></span> <span class='ocrx_word' id='word_1_102' title='bbox 1377 1687 1433 1740; x_wconf 88' lang='lat' dir='ltr'><strong>in</strong></span> <span class='ocrx_word' id='word_1_103' title='bbox 1471 1684 1578 1739; x_wconf 92' lang='lat' dir='ltr'><strong>illis</strong></span> <span class='ocrx_word' id='word_1_104' title='bbox 1634 1686 1927 1739; x_wconf 87' lang='lat' dir='ltr'><strong>secundum</strong></span> 
     </span>
    </p>
   </div>
   <div class='ocr_carea' id='block_1_19' title="bbox 354 1774 1927 1851">
    <p class='ocr_par' dir='ltr' id='par_1_19' title="bbox 354 1774 1927 1851">
     <span class='ocr_line' id='line_1_19' title="bbox 354 1774 1927 1851; baseline -0.009 -12"><span class='ocrx_word' id='word_1_105' title='bbox 354 1790 605 1839; x_wconf 83' lang='lat' dir='ltr'><strong>naturam</strong></span> <span class='ocrx_word' id='word_1_106' title='bbox 643 1796 752 1836; x_wconf 88' lang='lat' dir='ltr'><strong>non</strong></span> <span class='ocrx_word' id='word_1_107' title='bbox 800 1786 1056 1851; x_wconf 84' lang='lat' dir='ltr'><strong>magnam</strong></span> <span class='ocrx_word' id='word_1_108' title='bbox 1104 1793 1225 1833; x_wconf 83' lang='lat' dir='ltr'><strong>esse</strong></span> <span class='ocrx_word' id='word_1_109' title='bbox 1281 1776 1684 1837; x_wconf 89' lang='lat' dir='ltr'><strong>diversitatem,</strong></span> <span class='ocrx_word' id='word_1_110' title='bbox 1714 1774 1820 1845; x_wconf 78' lang='lat'><strong>91</strong></span> <span class='ocrx_word' id='word_1_111' title='bbox 1870 1784 1927 1826; x_wconf 92' lang='lat' dir='ltr'><strong>ut</strong></span> 
     </span>
    </p>
   </div>
   <div class='ocr_carea' id='block_1_20' title="bbox 355 1868 1927 1945">
    <p class='ocr_par' dir='ltr' id='par_1_20' title="bbox 355 1868 1927 1945">
     <span class='ocr_line' id='line_1_20' title="bbox 355 1868 1927 1945; baseline -0.008 -16"><span class='ocrx_word' id='word_1_112' title='bbox 355 1876 513 1931; x_wconf 86' lang='lat' dir='ltr'><strong>toties</strong></span> <span class='ocrx_word' id='word_1_113' title='bbox 537 1890 671 1945; x_wconf 81' lang='lat' dir='ltr'><strong>Opus</strong></span> <span class='ocrx_word' id='word_1_114' title='bbox 694 1875 764 1929; x_wconf 91' lang='lat' dir='ltr'><strong>sit</strong></span> <span class='ocrx_word' id='word_1_115' title='bbox 786 1872 1182 1943; x_wconf 87' lang='lat' dir='ltr'><strong>quodammodo</strong></span> <span class='ocrx_word' id='word_1_116' title='bbox 1202 1870 1468 1925; x_wconf 71' lang='lat' dir='ltr'><strong>sulidividi</strong></span> <span class='ocrx_word' id='word_1_117' title='bbox 1491 1868 1927 1933; x_wconf 87' lang='lat' dir='ltr'><strong>illustrationem,</strong></span> 
     </span>
    </p>
   </div>
   <div class='ocr_carea' id='block_1_21' title="bbox 352 1958 1926 2036">
    <p class='ocr_par' dir='ltr' id='par_1_21' title="bbox 352 1958 1926 2036">
     <span class='ocr_line' id='line_1_21' title="bbox 352 1958 1926 2036; baseline -0.006 -16"><span class='ocrx_word' id='word_1_118' title='bbox 352 1981 463 2036; x_wconf 90' lang='lat' dir='ltr'><strong>quo</strong></span> <span class='ocrx_word' id='word_1_119' title='bbox 487 1964 878 2033; x_wconf 80' lang='lat' dir='ltr'><strong>posterioribus</strong></span> <span class='ocrx_word' id='word_1_120' title='bbox 920 1973 1080 2033; x_wconf 90' lang='lat' dir='ltr'><strong>captu</strong></span> <span class='ocrx_word' id='word_1_121' title='bbox 1127 1961 1308 2016; x_wconf 80' lang='lat' dir='ltr'><strong>facilis</strong></span> <span class='ocrx_word' id='word_1_122' title='bbox 1351 1961 1565 2015; x_wconf 86' lang='lat' dir='ltr'><strong>evadat.</strong></span> <span class='ocrx_word' id='word_1_123' title='bbox 1597 1958 1695 2012; x_wconf 82' lang='lat' dir='ltr'><strong>llic</strong></span> <span class='ocrx_word' id='word_1_124' title='bbox 1724 1969 1926 2021; x_wconf 84' lang='lat' dir='ltr'><strong>autem,</strong></span> 
     </span>
    </p>
   </div>
   <div class='ocr_carea' id='block_1_22' title="bbox 350 2052 1927 2124">
    <p class='ocr_par' dir='ltr' id='par_1_22' title="bbox 350 2052 1927 2124">
     <span class='ocr_line' id='line_1_22' title="bbox 350 2052 1927 2124; baseline -0.004 -11"><span class='ocrx_word' id='word_1_125' title='bbox 350 2074 473 2113; x_wconf 91' lang='lat' dir='ltr'><strong>cum</strong></span> <span class='ocrx_word' id='word_1_126' title='bbox 520 2059 746 2113; x_wconf 83' lang='lat' dir='ltr'><strong>multum</strong></span> <span class='ocrx_word' id='word_1_127' title='bbox 780 2056 998 2111; x_wconf 89' lang='lat' dir='ltr'><strong>intersit</strong></span> <span class='ocrx_word' id='word_1_128' title='bbox 1028 2058 1172 2111; x_wconf 90' lang='lat' dir='ltr'><strong>inter</strong></span> <span class='ocrx_word' id='word_1_129' title='bbox 1195 2070 1292 2109; x_wconf 92' lang='lat' dir='ltr'><strong>nos</strong></span> <span class='ocrx_word' id='word_1_130' title='bbox 1317 2063 1373 2108; x_wconf 89' lang='lat' dir='ltr'><strong>et</strong></span> <span class='ocrx_word' id='word_1_131' title='bbox 1420 2053 1639 2124; x_wconf 77' lang='lat' dir='ltr'><strong>angelos</strong></span> <span class='ocrx_word' id='word_1_132' title='bbox 1662 2092 1676 2115; x_wconf 91' lang='lat'><strong>,</strong></span> <span class='ocrx_word' id='word_1_133' title='bbox 1723 2052 1927 2107; x_wconf 91' lang='lat' dir='ltr'><strong>idcirco</strong></span> 
     </span>
    </p>
   </div>
   <div class='ocr_carea' id='block_1_23' title="bbox 349 2146 1922 2219">
    <p class='ocr_par' dir='ltr' id='par_1_23' title="bbox 349 2146 1922 2219">
     <span class='ocr_line' id='line_1_23' title="bbox 349 2146 1922 2219; baseline -0.004 -16"><span class='ocrx_word' id='word_1_134' title='bbox 349 2149 488 2205; x_wconf 87' lang='lat' dir='ltr'><strong>alios</strong></span> <span class='ocrx_word' id='word_1_135' title='bbox 514 2165 609 2219; x_wconf 91' lang='lat' dir='ltr'><strong>per</strong></span> <span class='ocrx_word' id='word_1_136' title='bbox 658 2148 824 2202; x_wconf 84' lang='lat' dir='ltr'><strong>alium</strong></span> <span class='ocrx_word' id='word_1_137' title='bbox 857 2147 1059 2217; x_wconf 87' lang='lat' dir='ltr'><strong>accipit</strong></span> <span class='ocrx_word' id='word_1_138' title='bbox 1103 2146 1524 2201; x_wconf 90' lang='lat' dir='ltr'><strong>illustrationem</strong></span> <span class='ocrx_word' id='word_1_139' title='bbox 1554 2160 1618 2198; x_wconf 90' lang='lat' dir='ltr'><strong>ac</strong></span> <span class='ocrx_word' id='word_1_140' title='bbox 1649 2146 1922 2209; x_wconf 91' lang='lat' dir='ltr'><strong>nuntium,</strong></span> 
     </span>
    </p>
   </div>
   <div class='ocr_carea' id='block_1_24' title="bbox 348 2238 1926 2307">
    <p class='ocr_par' dir='ltr' id='par_1_24' title="bbox 348 2238 1926 2307">
     <span class='ocr_line' id='line_1_24' title="bbox 348 2238 1926 2307; baseline -0.003 -11"><span class='ocrx_word' id='word_1_141' title='bbox 348 2252 411 2296; x_wconf 89' lang='lat' dir='ltr'><strong>ut</strong></span> <span class='ocrx_word' id='word_1_142' title='bbox 452 2241 671 2297; x_wconf 82' lang='lat' dir='ltr'><strong>facilius</strong></span> <span class='ocrx_word' id='word_1_143' title='bbox 742 2241 816 2297; x_wconf 82' lang='lat' dir='ltr'><strong>ita</strong></span> <span class='ocrx_word' id='word_1_144' title='bbox 876 2240 1032 2296; x_wconf 86' lang='lat' dir='ltr'><strong>brevi</strong></span> <span class='ocrx_word' id='word_1_145' title='bbox 1098 2241 1164 2294; x_wconf 88' lang='lat' dir='ltr'><strong>ad</strong></span> <span class='ocrx_word' id='word_1_146' title='bbox 1222 2255 1325 2295; x_wconf 91' lang='lat' dir='ltr'><strong>nos</strong></span> <span class='ocrx_word' id='word_1_147' title='bbox 1374 2239 1688 2307; x_wconf 84' lang='lat' dir='ltr'><strong>perveniat,</strong></span> <span class='ocrx_word' id='word_1_148' title='bbox 1751 2238 1926 2292; x_wconf 80' lang='lat' dir='ltr'><strong>mani-</strong></span> 
     </span>
    </p>
   </div>
   <div class='ocr_carea' id='block_1_25' title="bbox 347 2330 1923 2405">
    <p class='ocr_par' dir='ltr' id='par_1_25' title="bbox 347 2330 1923 2405">
     <span class='ocr_line' id='line_1_25' title="bbox 347 2330 1923 2405; baseline -0.003 -15"><span class='ocrx_word' id='word_1_149' title='bbox 347 2334 652 2405; x_wconf 82' lang='lat' dir='ltr'><strong>festiusque</strong></span> <span class='ocrx_word' id='word_1_150' title='bbox 689 2336 965 2389; x_wconf 88' lang='lat' dir='ltr'><strong>decretum</strong></span> <span class='ocrx_word' id='word_1_151' title='bbox 1010 2332 1106 2387; x_wconf 88' lang='lat' dir='ltr'><strong>Dei</strong></span> <span class='ocrx_word' id='word_1_152' title='bbox 1158 2332 1319 2386; x_wconf 89' lang='lat' dir='ltr'><strong>nobis</strong></span> <span class='ocrx_word' id='word_1_153' title='bbox 1357 2330 1685 2386; x_wconf 84' lang='lat' dir='ltr'><strong>declaretur.</strong></span> <span class='ocrx_word' id='word_1_154' title='bbox 1715 2330 1923 2385; x_wconf 89' lang='lat' dir='ltr'><strong>Idcirco</strong></span> 
     </span>
    </p>
   </div>
   <div class='ocr_carea' id='block_1_26' title="bbox 346 2424 1923 2482">
    <p class='ocr_par' dir='ltr' id='par_1_26' title="bbox 346 2424 1923 2482">
     <span class='ocr_line' id='line_1_26' title="bbox 346 2424 1923 2482; baseline -0.003 -1"><span class='ocrx_word' id='word_1_155' title='bbox 346 2428 425 2481; x_wconf 89' lang='lat' dir='ltr'><strong>ait</strong></span> <span class='ocrx_word' id='word_1_156' title='bbox 457 2428 545 2482; x_wconf 86' lang='lat' dir='ltr'><strong>hic</strong></span> <span class='ocrx_word' id='word_1_157' title='bbox 568 2436 814 2482; x_wconf 84' lang='lat' dir='ltr'><strong>sanctus.</strong></span> <span class='ocrx_word' id='word_1_158' title='bbox 852 2436 909 2479; x_wconf 91' lang='lat' dir='ltr'><strong>ut</strong></span> <span class='ocrx_word' id='word_1_159' title='bbox 930 2426 1035 2479; x_wconf 90' lang='lat' dir='ltr'><strong>hoc</strong></span> <span class='ocrx_word' id='word_1_160' title='bbox 1058 2425 1252 2479; x_wconf 90' lang='lat' dir='ltr'><strong>ordine</strong></span> <span class='ocrx_word' id='word_1_161' title='bbox 1279 2425 1344 2477; x_wconf 86' lang='lat' dir='ltr'><strong>ad</strong></span> <span class='ocrx_word' id='word_1_162' title='bbox 1376 2424 1543 2479; x_wconf 89' lang='lat' dir='ltr'><strong>Deum</strong></span> <span class='ocrx_word' id='word_1_163' title='bbox 1569 2424 1641 2479; x_wconf 89' lang='lat' dir='ltr'><strong>sit</strong></span> <span class='ocrx_word' id='word_1_164' title='bbox 1663 2438 1923 2477; x_wconf 80' lang='lat' dir='ltr'><strong>ascensus</strong></span> 
     </span>
    </p>
   </div>
   <div class='ocr_carea' id='block_1_27' title="bbox 345 2512 1922 2588">
    <p class='ocr_par' dir='ltr' id='par_1_27' title="bbox 345 2512 1922 2588">
     <span class='ocr_line' id='line_1_27' title="bbox 345 2512 1922 2588; baseline -0.005 -15"><span class='ocrx_word' id='word_1_165' title='bbox 345 2533 444 2588; x_wconf 85' lang='lat' dir='ltr'><strong>per</strong></span> <span class='ocrx_word' id='word_1_166' title='bbox 472 2515 989 2583; x_wconf 82' lang='lat' dir='ltr'><strong>contemplationem</strong></span> <span class='ocrx_word' id='word_1_167' title='bbox 1017 2557 1033 2580; x_wconf 96' lang='lat'><strong>,</strong></span> <span class='ocrx_word' id='word_1_168' title='bbox 1070 2524 1125 2569; x_wconf 90' lang='lat' dir='ltr'><strong>et</strong></span> <span class='ocrx_word' id='word_1_169' title='bbox 1154 2515 1442 2568; x_wconf 80' lang='lat' dir='ltr'><strong>conversio</strong></span> <span class='ocrx_word' id='word_1_170' title='bbox 1499 2529 1599 2583; x_wconf 89' lang='lat' dir='ltr'><strong>per</strong></span> <span class='ocrx_word' id='word_1_171' title='bbox 1646 2512 1922 2582; x_wconf 89' lang='lat' dir='ltr'><strong>operatio-</strong></span> 
     </span>
    </p>
   </div>
   <div class='ocr_carea' id='block_1_28' title="bbox 346 2605 1916 2676">
    <p class='ocr_par' dir='ltr' id='par_1_28' title="bbox 346 2605 1916 2676">
     <span class='ocr_line' id='line_1_28' title="bbox 346 2605 1916 2676; baseline -0.004 -12"><span class='ocrx_word' id='word_1_172' title='bbox 346 2624 493 2674; x_wconf 89' lang='lat' dir='ltr'><strong>nem,</strong></span> <span class='ocrx_word' id='word_1_173' title='bbox 529 2620 585 2664; x_wconf 91' lang='lat' dir='ltr'><strong>et</strong></span> <span class='ocrx_word' id='word_1_174' title='bbox 626 2607 936 2663; x_wconf 85' lang='lat' dir='ltr'><strong>communio</strong></span> <span class='ocrx_word' id='word_1_175' title='bbox 981 2620 1079 2676; x_wconf 87' lang='lat' dir='ltr'><strong>per</strong></span> <span class='ocrx_word' id='word_1_176' title='bbox 1130 2605 1550 2660; x_wconf 87' lang='lat' dir='ltr'><strong>illustrationem</strong></span> <span class='ocrx_word' id='word_1_177' title='bbox 1582 2645 1597 2671; x_wconf 94' lang='lat'><strong>,</strong></span> <span class='ocrx_word' id='word_1_178' title='bbox 1659 2621 1758 2660; x_wconf 84' lang='lat' dir='ltr'><strong>nec</strong></span> <span class='ocrx_word' id='word_1_179' title='bbox 1812 2619 1916 2659; x_wconf 91' lang='lat' dir='ltr'><strong>non</strong></span> 
     </span>
    </p>
   </div>
   <div class='ocr_carea' id='block_1_29' title="bbox 344 2697 1920 2774">
    <p class='ocr_par' dir='ltr' id='par_1_29' title="bbox 344 2697 1920 2774">
     <span class='ocr_line' id='line_1_29' title="bbox 344 2697 1920 2774; baseline -0.001 -19"><span class='ocrx_word' id='word_1_180' title='bbox 344 2719 442 2774; x_wconf 89' lang='lat' dir='ltr'><strong>per</strong></span> <span class='ocrx_word' id='word_1_181' title='bbox 470 2703 658 2773; x_wconf 72' lang='lat' dir='ltr'><strong>gratia:</strong></span> <span class='ocrx_word' id='word_1_182' title='bbox 691 2698 1091 2756; x_wconf 76' lang='lat' dir='ltr'><strong>deiﬁcationem</strong></span> <span class='ocrx_word' id='word_1_183' title='bbox 1119 2699 1272 2754; x_wconf 87' lang='lat' dir='ltr'><strong>unio.</strong></span> <span class='ocrx_word' id='word_1_184' title='bbox 1307 2697 1581 2754; x_wconf 88' lang='lat' dir='ltr'><strong>llabemus</strong></span> <span class='ocrx_word' id='word_1_185' title='bbox 1611 2699 1795 2768; x_wconf 83' lang='lat' dir='ltr'><strong>itaque</strong></span> <span class='ocrx_word' id='word_1_186' title='bbox 1824 2713 1920 2767; x_wconf 88' lang='lat' dir='ltr'><strong>per</strong></span> 
     </span>
    </p>
   </div>
   <div class='ocr_carea' id='block_1_30' title="bbox 347 2791 1915 2866">
    <p class='ocr_par' dir='ltr' id='par_1_30' title="bbox 347 2791 1915 2866">
     <span class='ocr_line' id='line_1_30' title="bbox 347 2791 1915 2866; baseline -0.001 -18"><span class='ocrx_word' id='word_1_187' title='bbox 347 2794 550 2866; x_wconf 86' lang='lat' dir='ltr'><strong>gradus</strong></span> <span class='ocrx_word' id='word_1_188' title='bbox 574 2808 858 2848; x_wconf 88' lang='lat' dir='ltr'><strong>ascensum</strong></span> <span class='ocrx_word' id='word_1_189' title='bbox 886 2792 951 2848; x_wconf 91' lang='lat' dir='ltr'><strong>ad</strong></span> <span class='ocrx_word' id='word_1_190' title='bbox 995 2791 1194 2857; x_wconf 88' lang='lat' dir='ltr'><strong>Deum;</strong></span> <span class='ocrx_word' id='word_1_191' title='bbox 1222 2800 1280 2845; x_wconf 89' lang='lat' dir='ltr'><strong>et</strong></span> <span class='ocrx_word' id='word_1_192' title='bbox 1311 2793 1456 2846; x_wconf 90' lang='lat' dir='ltr'><strong>utsit</strong></span> <span class='ocrx_word' id='word_1_193' title='bbox 1487 2792 1726 2847; x_wconf 84' lang='lat' dir='ltr'><strong>vicissim</strong></span> <span class='ocrx_word' id='word_1_194' title='bbox 1752 2795 1915 2846; x_wconf 88' lang='lat' dir='ltr'><strong>etiam</strong></span> 
     </span>
    </p>
   </div>
   <div class='ocr_carea' id='block_1_31' title="bbox 341 2881 1917 2941">
    <p class='ocr_par' dir='ltr' id='par_1_31' title="bbox 341 2881 1917 2941">
     <span class='ocr_line' id='line_1_31' title="bbox 341 2881 1917 2941; baseline -0.003 0"><span class='ocrx_word' id='word_1_195' title='bbox 341 2883 645 2941; x_wconf 84' lang='lat' dir='ltr'><strong>secundum</strong></span> <span class='ocrx_word' id='word_1_196' title='bbox 690 2883 939 2937; x_wconf 89' lang='lat' dir='ltr'><strong>ordinem</strong></span> <span class='ocrx_word' id='word_1_197' title='bbox 963 2897 992 2935; x_wconf 88' lang='lat' dir='ltr'><strong>a</strong></span> <span class='ocrx_word' id='word_1_198' title='bbox 1048 2881 1158 2936; x_wconf 88' lang='lat' dir='ltr'><strong>Deo</strong></span> <span class='ocrx_word' id='word_1_199' title='bbox 1190 2881 1395 2936; x_wconf 88' lang='lat' dir='ltr'><strong>inditus</strong></span> <span class='ocrx_word' id='word_1_200' title='bbox 1416 2884 1673 2938; x_wconf 90' lang='lat' dir='ltr'><strong>omnibus</strong></span> <span class='ocrx_word' id='word_1_201' title='bbox 1701 2884 1917 2938; x_wconf 87' lang='lat' dir='ltr'><strong>bierar-</strong></span> 
     </span>
    </p>
   </div>
   <div class='ocr_carea' id='block_1_32' title="bbox 340 2974 1914 3046">
    <p class='ocr_par' dir='ltr' id='par_1_32' title="bbox 340 2974 1914 3046">
     <span class='ocr_line' id='line_1_32' title="bbox 340 2974 1914 3046; baseline -0.001 -14"><span class='ocrx_word' id='word_1_202' title='bbox 340 2978 485 3033; x_wconf 80' lang='lat' dir='ltr'><strong>chiis</strong></span> <span class='ocrx_word' id='word_1_203' title='bbox 538 2979 606 3032; x_wconf 88' lang='lat' dir='ltr'><strong>ad</strong></span> <span class='ocrx_word' id='word_1_204' title='bbox 663 2990 761 3030; x_wconf 91' lang='lat' dir='ltr'><strong>nos</strong></span> <span class='ocrx_word' id='word_1_205' title='bbox 805 2990 1097 3046; x_wconf 89' lang='lat' dir='ltr'><strong>processus</strong></span> <span class='ocrx_word' id='word_1_206' title='bbox 1123 3018 1138 3042; x_wconf 91' lang='lat'><strong>,</strong></span> <span class='ocrx_word' id='word_1_207' title='bbox 1205 2989 1305 3044; x_wconf 92' lang='lat' dir='ltr'><strong>per</strong></span> <span class='ocrx_word' id='word_1_208' title='bbox 1341 2974 1638 3031; x_wconf 89' lang='lat' dir='ltr'><strong>bonitatem</strong></span> <span class='ocrx_word' id='word_1_209' title='bbox 1670 2991 1914 3031; x_wconf 81' lang='lat' dir='ltr'><strong>commu-</strong></span> 
     </span>
    </p>
   </div>
   <div class='ocr_carea' id='block_1_33' title="bbox 338 3066 1911 3137">
    <p class='ocr_par' dir='ltr' id='par_1_33' title="bbox 338 3066 1911 3137">
     <span class='ocr_line' id='line_1_33' title="bbox 338 3066 1911 3137; baseline -0.003 -13"><span class='ocrx_word' id='word_1_210' title='bbox 338 3068 591 3124; x_wconf 83' lang='lat' dir='ltr'><strong>nicanter</strong></span> <span class='ocrx_word' id='word_1_211' title='bbox 616 3066 900 3122; x_wconf 77' lang='lat' dir='ltr'><strong>exundans</strong></span> <span class='ocrx_word' id='word_1_212' title='bbox 933 3083 948 3120; x_wconf 91' lang='lat'><strong>:</strong></span> <span class='ocrx_word' id='word_1_213' title='bbox 980 3066 1184 3121; x_wconf 89' lang='lat' dir='ltr'><strong>idcirco</strong></span> <span class='ocrx_word' id='word_1_214' title='bbox 1207 3066 1371 3120; x_wconf 87' lang='lat' dir='ltr'><strong>etiam</strong></span> <span class='ocrx_word' id='word_1_215' title='bbox 1399 3067 1578 3121; x_wconf 89' lang='lat' dir='ltr'><strong>divina</strong></span> <span class='ocrx_word' id='word_1_216' title='bbox 1610 3067 1911 3137; x_wconf 87' lang='lat' dir='ltr'><strong>Scriptura,</strong></span> 
     </span>
    </p>
   </div>
   <div class='ocr_carea' id='block_1_34' title="bbox 1961 1827 2606 1929">
    <p class='ocr_par' dir='ltr' id='par_1_34' title="bbox 1961 1827 2606 1929">
     <span class='ocr_line' id='line_1_34' title="bbox 1961 1827 2606 1929; baseline 0.006 -22"><span class='ocrx_word' id='word_1_217' title='bbox 1961 1827 2003 1883; x_wconf 77' lang='grc' dir='ltr'><strong>Β</strong></span> <span class='ocrx_word' id='word_1_218' title='bbox 2032 1827 2297 1927; x_wconf 42' lang='lat' dir='ltr'><strong>emergis;</strong></span> <span class='ocrx_word' id='word_1_219' title='bbox 2365 1827 2606 1929; x_wconf 60' lang='grc' dir='ltr'><strong>γένῇέαέζ</strong></span> 
     </span>
    </p>
   </div>
   <div class='ocr_carea' id='block_1_35' title="bbox 2044 561 3617 653">
    <p class='ocr_par' dir='ltr' id='par_1_35' title="bbox 2044 561 3617 653">
     <span class='ocr_line' id='line_1_35' title="bbox 2044 561 3617 653; baseline 0.006 -25"><span class='ocrx_word' id='word_1_220' title='bbox 2044 578 2189 647; x_wconf 86' lang='grc' dir='ltr'>χίας,</span> <span class='ocrx_word' id='word_1_221' title='bbox 2243 561 2457 649; x_wconf 58' lang='grc' dir='ltr'>ἠγεῗθται</span> <span class='ocrx_word' id='word_1_222' title='bbox 2503 580 2604 649; x_wconf 80' lang='grc' dir='ltr'>τῆς</span> <span class='ocrx_word' id='word_1_223' title='bbox 2660 581 2894 651; x_wconf 75' lang='grc' dir='ltr'>ἐσχάτης</span> <span class='ocrx_word' id='word_1_224' title='bbox 2948 561 3251 652; x_wconf 79' lang='grc' dir='ltr'>ίεραρχίας,</span> <span class='ocrx_word' id='word_1_225' title='bbox 3288 561 3617 653; x_wconf 64' lang='grc' dir='ltr'>ἐμφανεστέα</span> 
     </span>
    </p>
   </div>
   <div class='ocr_carea' id='block_1_36' title="bbox 2043 667 3620 743">
    <p class='ocr_par' dir='ltr' id='par_1_36' title="bbox 2043 667 3620 743">
     <span class='ocr_line' id='line_1_36' title="bbox 2043 667 3620 743; baseline 0.003 -24"><span class='ocrx_word' id='word_1_226' title='bbox 2043 682 2151 737; x_wconf 88' lang='grc' dir='ltr'><strong>ρως</strong></span> <span class='ocrx_word' id='word_1_227' title='bbox 2187 667 2286 737; x_wconf 84' lang='grc' dir='ltr'>μὲν</span> <span class='ocrx_word' id='word_1_228' title='bbox 2320 668 2455 739; x_wconf 86' lang='grc' dir='ltr'>πρὸς</span> <span class='ocrx_word' id='word_1_229' title='bbox 2485 669 2584 739; x_wconf 86' lang='grc' dir='ltr'>τὴν</span> <span class='ocrx_word' id='word_1_230' title='bbox 2616 669 2859 741; x_wconf 81' lang='grc' dir='ltr'>πρώτην,</span> <span class='ocrx_word' id='word_1_231' title='bbox 2887 672 3370 743; x_wconf 80' lang='grc' dir='ltr'>κρυφιωδεστέρως</span> <span class='ocrx_word' id='word_1_232' title='bbox 3398 671 3456 724; x_wconf 83' lang='grc' dir='ltr'><strong>δὲ</strong></span> <span class='ocrx_word' id='word_1_233' title='bbox 3488 673 3620 743; x_wconf 81' lang='grc' dir='ltr'>πρὸς</span> 
     </span>
    </p>
   </div>
   <div class='ocr_carea' id='block_1_37' title="bbox 2039 759 3598 835">
    <p class='ocr_par' dir='ltr' id='par_1_37' title="bbox 2039 759 3598 835">
     <span class='ocr_line' id='line_1_37' title="bbox 2039 759 3598 835; baseline 0.003 -25"><span class='ocrx_word' id='word_1_234' title='bbox 2039 759 2140 829; x_wconf 84' lang='grc' dir='ltr'><strong>τὴν</strong></span> <span class='ocrx_word' id='word_1_235' title='bbox 2176 760 2294 829; x_wconf 81' lang='grc' dir='ltr'>μετ’</span> <span class='ocrx_word' id='word_1_236' title='bbox 2314 760 2484 831; x_wconf 80' lang='grc' dir='ltr'>αὑτήν</span> <span class='ocrx_word' id='word_1_237' title='bbox 2508 777 2523 791; x_wconf 84' lang='grc'><em>’</em></span> <span class='ocrx_word' id='word_1_238' title='bbox 2579 762 2613 831; x_wconf 85' lang='grc' dir='ltr'>ἡ</span> <span class='ocrx_word' id='word_1_239' title='bbox 2669 762 2725 814; x_wconf 79' lang='grc' dir='ltr'><strong>δὲ</strong></span> <span class='ocrx_word' id='word_1_240' title='bbox 2759 763 2959 833; x_wconf 80' lang='grc' dir='ltr'><strong>ἐσχάτη</strong></span> <span class='ocrx_word' id='word_1_241' title='bbox 3004 760 3155 826; x_wconf 80' lang='grc' dir='ltr'><strong>τάξις</strong></span> <span class='ocrx_word' id='word_1_242' title='bbox 3191 766 3315 826; x_wconf 83' lang='grc' dir='ltr'>ταῖς</span> <span class='ocrx_word' id='word_1_243' title='bbox 3347 763 3598 835; x_wconf 85' lang='grc' dir='ltr'>ἀνθρωπί-</span> 
     </span>
    </p>
   </div>
   <div class='ocr_carea' id='block_1_38' title="bbox 2040 851 3612 925">
    <p class='ocr_par' dir='ltr' id='par_1_38' title="bbox 2040 851 3612 925">
     <span class='ocr_line' id='line_1_38' title="bbox 2040 851 3612 925; baseline 0.005 -25"><span class='ocrx_word' id='word_1_244' title='bbox 2040 865 2158 913; x_wconf 82' lang='grc' dir='ltr'>ναις</span> <span class='ocrx_word' id='word_1_245' title='bbox 2191 851 2499 922; x_wconf 85' lang='grc' dir='ltr'>ίεραρχίαις</span> <span class='ocrx_word' id='word_1_246' title='bbox 2523 851 2824 906; x_wconf 70' lang='grc' dir='ltr'>ἐπιστατεῖ.</span> <span class='ocrx_word' id='word_1_247' title='bbox 2880 853 3027 924; x_wconf 78' lang='grc' dir='ltr'>Πλὴν</span> <span class='ocrx_word' id='word_1_248' title='bbox 3060 856 3181 907; x_wconf 75' lang='grc' dir='ltr'>ἐπεὶ</span> <span class='ocrx_word' id='word_1_249' title='bbox 3211 855 3339 924; x_wconf 88' lang='grc' dir='ltr'>τρία</span> <span class='ocrx_word' id='word_1_250' title='bbox 3362 856 3612 925; x_wconf 82' lang='grc' dir='ltr'>τάγματά</span> 
     </span>
    </p>
   </div>
   <div class='ocr_carea' id='block_1_39' title="bbox 2040 939 3616 1016">
    <p class='ocr_par' dir='ltr' id='par_1_39' title="bbox 2040 939 3616 1016">
     <span class='ocr_line' id='line_1_39' title="bbox 2040 939 3616 1016; baseline 0.002 -25"><span class='ocrx_word' id='word_1_251' title='bbox 2040 940 2167 1003; x_wconf 85' lang='grc' dir='ltr'>είσι,</span> <span class='ocrx_word' id='word_1_252' title='bbox 2196 939 2262 993; x_wconf 87' lang='grc' dir='ltr'><strong>δι’</strong></span> <span class='ocrx_word' id='word_1_253' title='bbox 2292 940 2537 1012; x_wconf 89' lang='grc' dir='ltr'>ἀλλήλων</span> <span class='ocrx_word' id='word_1_254' title='bbox 2587 943 2909 1012; x_wconf 77' lang='grc' dir='ltr'><strong>ἐμφαίνουσι</strong></span> <span class='ocrx_word' id='word_1_255' title='bbox 2970 944 3072 1008; x_wconf 85' lang='grc' dir='ltr'>τὰς</span> <span class='ocrx_word' id='word_1_256' title='bbox 3123 944 3436 1016; x_wconf 80' lang='grc' dir='ltr'>ὲλλάμψεις.</span> <span class='ocrx_word' id='word_1_257' title='bbox 3473 946 3616 1016; x_wconf 73' lang='grc' dir='ltr'><strong>Πλὴν</strong></span> 
     </span>
    </p>
   </div>
   <div class='ocr_carea' id='block_1_40' title="bbox 2039 1028 3585 1107">
    <p class='ocr_par' dir='ltr' id='par_1_40' title="bbox 2039 1028 3585 1107">
     <span class='ocr_line' id='line_1_40' title="bbox 2039 1028 3585 1107; baseline 0.005 -25"><span class='ocrx_word' id='word_1_258' title='bbox 2039 1028 2363 1101; x_wconf 83' lang='grc' dir='ltr'>ἀπορητέον,</span> <span class='ocrx_word' id='word_1_259' title='bbox 2397 1031 2513 1095; x_wconf 88' lang='grc' dir='ltr'><strong>πῶς</strong></span> <span class='ocrx_word' id='word_1_260' title='bbox 2540 1033 2573 1103; x_wconf 81' lang='grc' dir='ltr'>ἡ</span> <span class='ocrx_word' id='word_1_261' title='bbox 2610 1033 2711 1103; x_wconf 77' lang='grc' dir='ltr'>μὲν</span> <span class='ocrx_word' id='word_1_262' title='bbox 2737 1033 2926 1105; x_wconf 81' lang='grc' dir='ltr'>πρώτη</span> <span class='ocrx_word' id='word_1_263' title='bbox 2965 1035 3256 1105; x_wconf 80' lang='grc' dir='ltr'>ταξιαρχία</span> <span class='ocrx_word' id='word_1_264' title='bbox 3302 1035 3420 1107; x_wconf 81' lang='grc' dir='ltr'>ἃμα</span> <span class='ocrx_word' id='word_1_265' title='bbox 3445 1038 3585 1090; x_wconf 85' lang='grc' dir='ltr'>ὲνεδί</span> 
     </span>
    </p>
   </div>
   <div class='ocr_carea' id='block_1_41' title="bbox 2034 1122 3623 1203">
    <p class='ocr_par' dir='ltr' id='par_1_41' title="bbox 2034 1122 3623 1203">
     <span class='ocr_line' id='line_1_41' title="bbox 2034 1122 3623 1203; baseline 0.005 -25"><span class='ocrx_word' id='word_1_266' title='bbox 2034 1125 2127 1178; x_wconf 88' lang='grc' dir='ltr'><strong>δου</strong></span> <span class='ocrx_word' id='word_1_267' title='bbox 2160 1125 2262 1195; x_wconf 81' lang='grc' dir='ltr'>τὴν</span> <span class='ocrx_word' id='word_1_268' title='bbox 2287 1124 2548 1193; x_wconf 73' lang='grc' dir='ltr'>ἔκφανσιν</span> <span class='ocrx_word' id='word_1_269' title='bbox 2594 1129 2659 1197; x_wconf 79' lang='grc' dir='ltr'>τῇ</span> <span class='ocrx_word' id='word_1_270' title='bbox 2718 1129 2835 1198; x_wconf 83' lang='grc' dir='ltr'>μετ’</span> <span class='ocrx_word' id='word_1_271' title='bbox 2866 1128 3055 1199; x_wconf 82' lang='grc' dir='ltr'>αὐτὴν,</span> <span class='ocrx_word' id='word_1_272' title='bbox 3085 1132 3179 1183; x_wconf 74' lang='grc' dir='ltr'><strong>καὶ</strong></span> <span class='ocrx_word' id='word_1_273' title='bbox 3207 1131 3308 1183; x_wconf 83' lang='grc' dir='ltr'><strong>οὐκ</strong></span> <span class='ocrx_word' id='word_1_274' title='bbox 3346 1122 3493 1203; x_wconf 74' lang='grc' dir='ltr'>άλλη</span> <span class='ocrx_word' id='word_1_275' title='bbox 3549 1134 3623 1186; x_wconf 86' lang='grc' dir='ltr'><strong>δι’</strong></span> 
     </span>
    </p>
   </div>
   <div class='ocr_carea' id='block_1_42' title="bbox 2035 1212 3615 1294">
    <p class='ocr_par' dir='ltr' id='par_1_42' title="bbox 2035 1212 3615 1294">
     <span class='ocr_line' id='line_1_42' title="bbox 2035 1212 3615 1294; baseline 0.004 -28"><span class='ocrx_word' id='word_1_276' title='bbox 2035 1212 2222 1283; x_wconf 77' lang='grc' dir='ltr'>ἄλλης,</span> <span class='ocrx_word' id='word_1_277' title='bbox 2261 1215 2360 1267; x_wconf 79' lang='grc' dir='ltr'>καὶ</span> <span class='ocrx_word' id='word_1_278' title='bbox 2409 1218 2441 1286; x_wconf 80' lang='grc' dir='ltr'>ἠ</span> <span class='ocrx_word' id='word_1_279' title='bbox 2492 1217 2718 1287; x_wconf 89' lang='grc' dir='ltr'>δευτέρα</span> <span class='ocrx_word' id='word_1_280' title='bbox 2739 1218 2970 1287; x_wconf 69' lang='grc' dir='ltr'>ὁμοίωςο</span> <span class='ocrx_word' id='word_1_281' title='bbox 3029 1221 3061 1290; x_wconf 83' lang='grc' dir='ltr'>ἡ</span> <span class='ocrx_word' id='word_1_282' title='bbox 3093 1220 3151 1272; x_wconf 90' lang='grc' dir='ltr'>δέ</span> <span class='ocrx_word' id='word_1_283' title='bbox 3204 1238 3267 1289; x_wconf 90' lang='grc' dir='ltr'><strong>γε</strong></span> <span class='ocrx_word' id='word_1_284' title='bbox 3295 1222 3453 1292; x_wconf 90' lang='grc' dir='ltr'>τρίτη</span> <span class='ocrx_word' id='word_1_285' title='bbox 3479 1222 3615 1294; x_wconf 76' lang='grc' dir='ltr'>άλλη</span> 
     </span>
    </p>
   </div>
   <div class='ocr_carea' id='block_1_43' title="bbox 2033 1302 3617 1378">
    <p class='ocr_par' dir='ltr' id='par_1_43' title="bbox 2033 1302 3617 1378">
     <span class='ocr_line' id='line_1_43' title="bbox 2033 1302 3617 1378; baseline 0.006 -21"><span class='ocrx_word' id='word_1_286' title='bbox 2033 1302 2101 1357; x_wconf 83' lang='grc' dir='ltr'><strong>δι’</strong></span> <span class='ocrx_word' id='word_1_287' title='bbox 2132 1304 2297 1375; x_wconf 82' lang='grc' dir='ltr'>ἄλλης</span> <span class='ocrx_word' id='word_1_288' title='bbox 2321 1304 2421 1369; x_wconf 85' lang='grc' dir='ltr'>τὰς</span> <span class='ocrx_word' id='word_1_289' title='bbox 2453 1306 2590 1378; x_wconf 86' lang='grc' dir='ltr'>πρὸς</span> <span class='ocrx_word' id='word_1_290' title='bbox 2619 1309 2766 1378; x_wconf 75' lang='grc' dir='ltr'>ἡμᾶς</span> <span class='ocrx_word' id='word_1_291' title='bbox 2792 1308 3083 1378; x_wconf 72' lang='grc' dir='ltr'>ὲλλάμψεις</span> <span class='ocrx_word' id='word_1_292' title='bbox 3105 1310 3400 1364; x_wconf 79' lang='grc' dir='ltr'>ἐνδίδωσιν.</span> <span class='ocrx_word' id='word_1_293' title='bbox 3428 1314 3617 1365; x_wconf 80' lang='grc' dir='ltr'><strong>Ἔστιν</strong></span> 
     </span>
    </p>
   </div>
   <div class='ocr_carea' id='block_1_44' title="bbox 2032 1389 3618 1470">
    <p class='ocr_par' dir='ltr' id='par_1_44' title="bbox 2032 1389 3618 1470">
     <span class='ocr_line' id='line_1_44' title="bbox 2032 1389 3618 1470; baseline 0.005 -23"><span class='ocrx_word' id='word_1_294' title='bbox 2032 1389 2127 1447; x_wconf 82' lang='grc' dir='ltr'><strong>οὖν</strong></span> <span class='ocrx_word' id='word_1_295' title='bbox 2159 1395 2355 1458; x_wconf 79' lang='grc' dir='ltr'>είπεϊν,</span> <span class='ocrx_word' id='word_1_296' title='bbox 2388 1396 2467 1449; x_wconf 83' lang='grc' dir='ltr'>ὅτι</span> <span class='ocrx_word' id='word_1_297' title='bbox 2502 1395 2594 1449; x_wconf 75' lang='grc' dir='ltr'><strong>ἐπὶ</strong></span> <span class='ocrx_word' id='word_1_298' title='bbox 2625 1399 2746 1460; x_wconf 82' lang='grc' dir='ltr'>ταῖς</span> <span class='ocrx_word' id='word_1_299' title='bbox 2775 1399 3064 1470; x_wconf 84' lang='grc' dir='ltr'><strong>προτέραις</strong></span> <span class='ocrx_word' id='word_1_300' title='bbox 3086 1399 3325 1466; x_wconf 77' lang='grc' dir='ltr'><strong>τάξεσιν,</strong></span> <span class='ocrx_word' id='word_1_301' title='bbox 3361 1403 3485 1455; x_wconf 77' lang='grc' dir='ltr'>ἐπεὶ</span> <span class='ocrx_word' id='word_1_302' title='bbox 3519 1403 3618 1455; x_wconf 74' lang='grc' dir='ltr'><strong>καὶ</strong></span> 
     </span>
    </p>
   </div>
   <div class='ocr_carea' id='block_1_45' title="bbox 2032 1488 3615 1561">
    <p class='ocr_par' dir='ltr' id='par_1_45' title="bbox 2032 1488 3615 1561">
     <span class='ocr_line' id='line_1_45' title="bbox 2032 1488 3615 1561; baseline 0.003 -21"><span class='ocrx_word' id='word_1_303' title='bbox 2032 1489 2081 1540; x_wconf 82' lang='lat' dir='ltr'><strong>oi</strong></span> <span class='ocrx_word' id='word_1_304' title='bbox 2133 1488 2505 1558; x_wconf 83' lang='grc' dir='ltr'><strong>μεταδιδόντες</strong></span> <span class='ocrx_word' id='word_1_305' title='bbox 2548 1490 2642 1542; x_wconf 65' lang='grc' dir='ltr'><strong>κει.)⁵</strong></span> <span class='ocrx_word' id='word_1_306' title='bbox 2694 1491 2741 1542; x_wconf 91' lang='grc' dir='ltr'><strong>οί</strong></span> <span class='ocrx_word' id='word_1_307' title='bbox 2812 1491 3134 1561; x_wconf 82' lang='grc' dir='ltr'><strong>μετέχοντες</strong></span> <span class='ocrx_word' id='word_1_308' title='bbox 3187 1492 3409 1561; x_wconf 77' lang='grc' dir='ltr'>ἄγγελοί</span> <span class='ocrx_word' id='word_1_309' title='bbox 3452 1495 3615 1560; x_wconf 84' lang='grc' dir='ltr'>εἰσιν,</span> 
     </span>
    </p>
   </div>
   <div class='ocr_carea' id='block_1_46' title="bbox 2031 1582 3619 1659">
    <p class='ocr_par' dir='ltr' id='par_1_46' title="bbox 2031 1582 3619 1659">
     <span class='ocr_line' id='line_1_46' title="bbox 2031 1582 3619 1659; baseline 0.004 -26"><span class='ocrx_word' id='word_1_310' title='bbox 2031 1582 2131 1634; x_wconf 82' lang='grc' dir='ltr'><strong>οὐκ</strong></span> <span class='ocrx_word' id='word_1_311' title='bbox 2162 1582 2279 1635; x_wconf 78' lang='grc' dir='ltr'>ἔστι</span> <span class='ocrx_word' id='word_1_312' title='bbox 2324 1583 2385 1636; x_wconf 92' lang='grc' dir='ltr'><strong>τὸ</strong></span> <span class='ocrx_word' id='word_1_313' title='bbox 2414 1584 2577 1654; x_wconf 82' lang='grc' dir='ltr'>μέσον</span> <span class='ocrx_word' id='word_1_314' title='bbox 2630 1584 2809 1638; x_wconf 84' lang='grc' dir='ltr'>αὐτῶν</span> <span class='ocrx_word' id='word_1_315' title='bbox 2856 1585 2990 1637; x_wconf 79' lang='grc' dir='ltr'>πολὺ</span> <span class='ocrx_word' id='word_1_316' title='bbox 3045 1585 3188 1639; x_wconf 90' lang='grc' dir='ltr'><strong>κατά</strong></span> <span class='ocrx_word' id='word_1_317' title='bbox 3212 1586 3374 1656; x_wconf 82' lang='grc' dir='ltr'>φύσιν</span> <span class='ocrx_word' id='word_1_318' title='bbox 3402 1587 3619 1659; x_wconf 83' lang='grc' dir='ltr'>παραλ-</span> 
     </span>
    </p>
   </div>
   <div class='ocr_carea' id='block_1_47' title="bbox 2030 1671 3616 1751">
    <p class='ocr_par' dir='ltr' id='par_1_47' title="bbox 2030 1671 3616 1751">
     <span class='ocr_line' id='line_1_47' title="bbox 2030 1671 3616 1751; baseline 0.004 -25"><span class='ocrx_word' id='word_1_319' title='bbox 2030 1671 2241 1737; x_wconf 85' lang='grc' dir='ltr'>λάττον,</span> <span class='ocrx_word' id='word_1_320' title='bbox 2311 1675 2398 1728; x_wconf 70' lang='grc' dir='ltr'>ἵνα</span> <span class='ocrx_word' id='word_1_321' title='bbox 2448 1675 2629 1740; x_wconf 83' lang='grc' dir='ltr'>ποσῶς</span> <span class='ocrx_word' id='word_1_322' title='bbox 2684 1677 2773 1730; x_wconf 78' lang='grc' dir='ltr'>διὰ</span> <span class='ocrx_word' id='word_1_323' title='bbox 2826 1677 2983 1730; x_wconf 91' lang='grc' dir='ltr'>τοῦτο</span> <span class='ocrx_word' id='word_1_324' title='bbox 3034 1679 3198 1731; x_wconf 71' lang='grc' dir='ltr'>οἱονεὶ</span> <span class='ocrx_word' id='word_1_325' title='bbox 3254 1696 3616 1751; x_wconf 83' lang='grc' dir='ltr'>κατακερμα-</span> 
     </span>
    </p>
   </div>
   <div class='ocr_carea' id='block_1_48' title="bbox 2029 1762 3617 1841">
    <p class='ocr_par' dir='ltr' id='par_1_48' title="bbox 2029 1762 3617 1841">
     <span class='ocr_line' id='line_1_48' title="bbox 2029 1762 3617 1841; baseline 0.006 -28"><span class='ocrx_word' id='word_1_326' title='bbox 2029 1762 2294 1835; x_wconf 82' lang='grc' dir='ltr'>τισθείηὴ</span> <span class='ocrx_word' id='word_1_327' title='bbox 2332 1765 2615 1836; x_wconf 78' lang='grc' dir='ltr'>έλλαμψις,</span> <span class='ocrx_word' id='word_1_328' title='bbox 2660 1768 2755 1820; x_wconf 77' lang='grc' dir='ltr'>καὶ</span> <span class='ocrx_word' id='word_1_329' title='bbox 2806 1766 3021 1832; x_wconf 72' lang='grc' dir='ltr'>εὔθετος</span> <span class='ocrx_word' id='word_1_330' title='bbox 3042 1772 3152 1832; x_wconf 86' lang='grc' dir='ltr'>τοῖς</span> <span class='ocrx_word' id='word_1_331' title='bbox 3192 1770 3440 1841; x_wconf 82' lang='grc' dir='ltr'><strong>ὑπέροις</strong></span> <span class='ocrx_word' id='word_1_332' title='bbox 3475 1771 3617 1841; x_wconf 84' lang='grc' dir='ltr'>πρὸς</span> 
     </span>
    </p>
   </div>
   <div class='ocr_carea' id='block_1_49' title="bbox 2688 1859 3618 1933">
    <p class='ocr_par' dir='ltr' id='par_1_49' title="bbox 2688 1859 3618 1933">
     <span class='ocr_line' id='line_1_49' title="bbox 2688 1859 3618 1933; baseline 0.006 -22"><span class='ocrx_word' id='word_1_333' title='bbox 2688 1859 2950 1913; x_wconf 83' lang='grc' dir='ltr'><strong>Ἐνταῦθα</strong></span> <span class='ocrx_word' id='word_1_334' title='bbox 3004 1860 3081 1923; x_wconf 87' lang='grc' dir='ltr'>δὲ,</span> <span class='ocrx_word' id='word_1_335' title='bbox 3152 1862 3274 1914; x_wconf 74' lang='grc' dir='ltr'>ἐπεὶ</span> <span class='ocrx_word' id='word_1_336' title='bbox 3323 1863 3386 1915; x_wconf 90' lang='grc' dir='ltr'><strong>τὸ</strong></span> <span class='ocrx_word' id='word_1_337' title='bbox 3443 1864 3618 1933; x_wconf 82' lang='grc' dir='ltr'>μέσον</span> 
     </span>
    </p>
   </div>
   <div class='ocr_carea' id='block_1_50' title="bbox 2027 1946 3613 2028">
    <p class='ocr_par' dir='ltr' id='par_1_50' title="bbox 2027 1946 3613 2028">
     <span class='ocr_line' id='line_1_50' title="bbox 2027 1946 3613 2028; baseline 0.006 -28"><span class='ocrx_word' id='word_1_338' title='bbox 2027 1948 2059 2016; x_wconf 79' lang='grc' dir='ltr'><strong>ἡ</strong></span> <span class='ocrx_word' id='word_1_339' title='bbox 2070 1946 2186 2016; x_wconf 86' lang='grc' dir='ltr'><strong>μῶν</strong></span> <span class='ocrx_word' id='word_1_340' title='bbox 2214 1966 2273 2001; x_wconf 88' lang='grc' dir='ltr'><strong>τε</strong></span> <span class='ocrx_word' id='word_1_341' title='bbox 2316 1952 2411 2003; x_wconf 78' lang='grc' dir='ltr'><strong>καὶ</strong></span> <span class='ocrx_word' id='word_1_342' title='bbox 2474 1951 2583 2004; x_wconf 90' lang='grc' dir='ltr'><strong>τῶν</strong></span> <span class='ocrx_word' id='word_1_343' title='bbox 2635 1951 2880 2020; x_wconf 87' lang='grc' dir='ltr'>ἀγγέλων</span> <span class='ocrx_word' id='word_1_344' title='bbox 2930 1952 3086 2017; x_wconf 79' lang='grc' dir='ltr'>πολὺ,</span> <span class='ocrx_word' id='word_1_345' title='bbox 3137 1954 3228 2007; x_wconf 86' lang='grc' dir='ltr'>διά</span> <span class='ocrx_word' id='word_1_346' title='bbox 3272 1954 3431 2008; x_wconf 87' lang='grc' dir='ltr'>τοῦτο</span> <span class='ocrx_word' id='word_1_347' title='bbox 3472 1955 3613 2028; x_wconf 83' lang='grc' dir='ltr'>ἄλλη</span> 
     </span>
    </p>
   </div>
   <div class='ocr_carea' id='block_1_51' title="bbox 2026 2045 3613 2121">
    <p class='ocr_par' dir='ltr' id='par_1_51' title="bbox 2026 2045 3613 2121">
     <span class='ocr_line' id='line_1_51' title="bbox 2026 2045 3613 2121; baseline 0.003 -24"><span class='ocrx_word' id='word_1_348' title='bbox 2026 2046 2095 2099; x_wconf 83' lang='grc' dir='ltr'><strong>δι’</strong></span> <span class='ocrx_word' id='word_1_349' title='bbox 2116 2045 2282 2118; x_wconf 81' lang='grc' dir='ltr'>ἄλλης</span> <span class='ocrx_word' id='word_1_350' title='bbox 2312 2046 2579 2117; x_wconf 78' lang='grc' dir='ltr'>λαμϐάνει</span> <span class='ocrx_word' id='word_1_351' title='bbox 2612 2047 2712 2118; x_wconf 85' lang='grc' dir='ltr'><strong>τὴν</strong></span> <span class='ocrx_word' id='word_1_352' title='bbox 2762 2046 2965 2117; x_wconf 74' lang='grc' dir='ltr'>λάμψιν</span> <span class='ocrx_word' id='word_1_353' title='bbox 2997 2048 3029 2119; x_wconf 82' lang='grc' dir='ltr'><strong>ἢ</strong></span> <span class='ocrx_word' id='word_1_354' title='bbox 3058 2048 3151 2101; x_wconf 79' lang='grc' dir='ltr'>καὶ</span> <span class='ocrx_word' id='word_1_355' title='bbox 3188 2050 3290 2121; x_wconf 80' lang='grc' dir='ltr'>τὴν</span> <span class='ocrx_word' id='word_1_356' title='bbox 3318 2050 3613 2117; x_wconf 83' lang='grc' dir='ltr'>ἀγγελίαν,</span> 
     </span>
    </p>
   </div>
   <div class='ocr_carea' id='block_1_52' title="bbox 2026 2138 3617 2211">
    <p class='ocr_par' dir='ltr' id='par_1_52' title="bbox 2026 2138 3617 2211">
     <span class='ocr_line' id='line_1_52' title="bbox 2026 2138 3617 2211; baseline 0.003 -20"><span class='ocrx_word' id='word_1_357' title='bbox 2026 2138 2102 2202; x_wconf 84' lang='grc' dir='ltr'>ὡς</span> <span class='ocrx_word' id='word_1_358' title='bbox 2151 2138 2217 2191; x_wconf 76' lang='grc' dir='ltr'>ἂν</span> <span class='ocrx_word' id='word_1_359' title='bbox 2268 2138 2588 2208; x_wconf 86' lang='grc' dir='ltr'>ἁπονωτέρα</span> <span class='ocrx_word' id='word_1_360' title='bbox 2642 2139 2763 2191; x_wconf 89' lang='grc' dir='ltr'>κατ’</span> <span class='ocrx_word' id='word_1_361' title='bbox 2797 2138 2973 2207; x_wconf 82' lang='grc' dir='ltr'>ὀλίγον</span> <span class='ocrx_word' id='word_1_362' title='bbox 3022 2142 3153 2209; x_wconf 72' lang='grc' dir='ltr'>ἡμῖν</span> <span class='ocrx_word' id='word_1_363' title='bbox 3196 2144 3441 2211; x_wconf 85' lang='grc' dir='ltr'>καταστῇ</span> <span class='ocrx_word' id='word_1_364' title='bbox 3468 2180 3482 2204; x_wconf 91' lang='grc'><strong>,</strong></span> <span class='ocrx_word' id='word_1_365' title='bbox 3513 2144 3617 2195; x_wconf 71' lang='grc' dir='ltr'><strong>καὶ</strong></span> 
     </span>
    </p>
   </div>
   <div class='ocr_carea' id='block_1_53' title="bbox 2024 2232 3617 2307">
    <p class='ocr_par' dir='ltr' id='par_1_53' title="bbox 2024 2232 3617 2307">
     <span class='ocr_line' id='line_1_53' title="bbox 2024 2232 3617 2307; baseline 0.001 -20"><span class='ocrx_word' id='word_1_366' title='bbox 2024 2234 2429 2307; x_wconf 78' lang='grc' dir='ltr'>ἐμφανέστερον</span> <span class='ocrx_word' id='word_1_367' title='bbox 2464 2233 2524 2285; x_wconf 91' lang='grc' dir='ltr'><strong>τὸ</strong></span> <span class='ocrx_word' id='word_1_368' title='bbox 2572 2232 2817 2304; x_wconf 83' lang='grc' dir='ltr'>βούλημα</span> <span class='ocrx_word' id='word_1_369' title='bbox 2868 2233 3262 2306; x_wconf 82' lang='grc' dir='ltr'>δηλωθήσηται.</span> <span class='ocrx_word' id='word_1_370' title='bbox 3296 2234 3396 2288; x_wconf 86' lang='grc' dir='ltr'>Διά</span> <span class='ocrx_word' id='word_1_371' title='bbox 3445 2236 3617 2289; x_wconf 81' lang='grc' dir='ltr'>τοῦτο</span> 
     </span>
    </p>
   </div>
   <div class='ocr_carea' id='block_1_54' title="bbox 2022 2321 3618 2399">
    <p class='ocr_par' dir='ltr' id='par_1_54' title="bbox 2022 2321 3618 2399">
     <span class='ocr_line' id='line_1_54' title="bbox 2022 2321 3618 2399; baseline 0.001 -20"><span class='ocrx_word' id='word_1_372' title='bbox 2022 2326 2222 2395; x_wconf 88' lang='grc' dir='ltr'>λέγειό</span> <span class='ocrx_word' id='word_1_373' title='bbox 2250 2325 2424 2394; x_wconf 78' lang='grc' dir='ltr'>ἅγιος,</span> <span class='ocrx_word' id='word_1_374' title='bbox 2458 2321 2600 2398; x_wconf 76' lang='grc' dir='ltr'>ἴναῇ</span> <span class='ocrx_word' id='word_1_375' title='bbox 2653 2325 2795 2378; x_wconf 89' lang='grc' dir='ltr'><strong>κατά</strong></span> <span class='ocrx_word' id='word_1_376' title='bbox 2818 2325 2970 2391; x_wconf 78' lang='grc' dir='ltr'>τάξιν</span> <span class='ocrx_word' id='word_1_377' title='bbox 3013 2327 3047 2397; x_wconf 79' lang='grc' dir='ltr'><strong>ἡ</strong></span> <span class='ocrx_word' id='word_1_378' title='bbox 3102 2326 3237 2397; x_wconf 81' lang='grc' dir='ltr'>πρὸς</span> <span class='ocrx_word' id='word_1_379' title='bbox 3288 2327 3423 2380; x_wconf 85' lang='grc' dir='ltr'>Θεὸν</span> <span class='ocrx_word' id='word_1_380' title='bbox 3467 2329 3618 2399; x_wconf 84' lang='grc' dir='ltr'>ἀναη</span> 
     </span>
    </p>
   </div>
   <div class='ocr_carea' id='block_1_55' title="bbox 2022 2416 3612 2492">
    <p class='ocr_par' dir='ltr' id='par_1_55' title="bbox 2022 2416 3612 2492">
     <span class='ocr_line' id='line_1_55' title="bbox 2022 2416 3612 2492; baseline 0.002 -20"><span class='ocrx_word' id='word_1_381' title='bbox 2022 2419 2179 2490; x_wconf 82' lang='grc' dir='ltr'>γωγὴ</span> <span class='ocrx_word' id='word_1_382' title='bbox 2232 2417 2324 2472; x_wconf 87' lang='grc' dir='ltr'><strong>διά</strong></span> <span class='ocrx_word' id='word_1_383' title='bbox 2356 2416 2607 2488; x_wconf 80' lang='grc' dir='ltr'>Θεωρίας,</span> <span class='ocrx_word' id='word_1_384' title='bbox 2662 2418 2756 2471; x_wconf 75' lang='grc' dir='ltr'><strong>καὶ</strong></span> <span class='ocrx_word' id='word_1_385' title='bbox 2814 2417 3118 2489; x_wconf 76' lang='grc' dir='ltr'>ἐπιστροφὴ</span> <span class='ocrx_word' id='word_1_386' title='bbox 3179 2418 3267 2471; x_wconf 85' lang='grc' dir='ltr'>διά</span> <span class='ocrx_word' id='word_1_387' title='bbox 3319 2421 3612 2492; x_wconf 80' lang='grc' dir='ltr'>πράξεως,</span> 
     </span>
    </p>
   </div>
   <div class='ocr_carea' id='block_1_56' title="bbox 2022 2509 3614 2584">
    <p class='ocr_par' dir='ltr' id='par_1_56' title="bbox 2022 2509 3614 2584">
     <span class='ocr_line' id='line_1_56' title="bbox 2022 2509 3614 2584; baseline 0.003 -20"><span class='ocrx_word' id='word_1_388' title='bbox 2022 2513 2116 2565; x_wconf 74' lang='grc' dir='ltr'><strong>καὶ</strong></span> <span class='ocrx_word' id='word_1_389' title='bbox 2150 2510 2401 2563; x_wconf 87' lang='grc' dir='ltr'>κοινωνία</span> <span class='ocrx_word' id='word_1_390' title='bbox 2433 2510 2499 2564; x_wconf 88' lang='grc' dir='ltr'><strong>δι’</strong></span> <span class='ocrx_word' id='word_1_391' title='bbox 2527 2509 2866 2580; x_wconf 74' lang='grc' dir='ltr'>ὲλλάμψεως,</span> <span class='ocrx_word' id='word_1_392' title='bbox 2929 2510 3023 2563; x_wconf 81' lang='grc' dir='ltr'>καὶ</span> <span class='ocrx_word' id='word_1_393' title='bbox 3054 2509 3142 2563; x_wconf 91' lang='grc' dir='ltr'><strong>διά</strong></span> <span class='ocrx_word' id='word_1_394' title='bbox 3180 2511 3281 2581; x_wconf 83' lang='grc' dir='ltr'>τῆς</span> <span class='ocrx_word' id='word_1_395' title='bbox 3328 2513 3475 2566; x_wconf 84' lang='grc' dir='ltr'><strong>κατά</strong></span> <span class='ocrx_word' id='word_1_396' title='bbox 3504 2516 3614 2584; x_wconf 72' lang='grc' dir='ltr'>χάο</span> 
     </span>
    </p>
   </div>
   <div class='ocr_carea' id='block_1_57' title="bbox 2023 2602 3615 2677">
    <p class='ocr_par' dir='ltr' id='par_1_57' title="bbox 2023 2602 3615 2677">
     <span class='ocr_line' id='line_1_57' title="bbox 2023 2602 3615 2677; baseline 0.002 -20"><span class='ocrx_word' id='word_1_397' title='bbox 2023 2621 2109 2676; x_wconf 90' lang='grc' dir='ltr'><strong>ριν</strong></span> <span class='ocrx_word' id='word_1_398' title='bbox 2142 2602 2389 2667; x_wconf 87' lang='grc' dir='ltr'>θεὼσεως</span> <span class='ocrx_word' id='word_1_399' title='bbox 2439 2602 2652 2665; x_wconf 77' lang='grc' dir='ltr'>ένωσις.</span> <span class='ocrx_word' id='word_1_400' title='bbox 2717 2604 2951 2673; x_wconf 85' lang='grc' dir='ltr'>Ἐχομεν</span> <span class='ocrx_word' id='word_1_401' title='bbox 2995 2602 3125 2671; x_wconf 92' lang='grc' dir='ltr'>γοῦν</span> <span class='ocrx_word' id='word_1_402' title='bbox 3172 2604 3314 2658; x_wconf 87' lang='grc' dir='ltr'>κατὰ</span> <span class='ocrx_word' id='word_1_403' title='bbox 3356 2605 3615 2677; x_wconf 71' lang='grc' dir='ltr'>βαθμοὺς</span> 
     </span>
    </p>
   </div>
   <div class='ocr_carea' id='block_1_58' title="bbox 2018 2691 3612 2769">
    <p class='ocr_par' dir='ltr' id='par_1_58' title="bbox 2018 2691 3612 2769">
     <span class='ocr_line' id='line_1_58' title="bbox 2018 2691 3612 2769; baseline 0.002 -21"><span class='ocrx_word' id='word_1_404' title='bbox 2018 2696 2117 2767; x_wconf 79' lang='grc' dir='ltr'>τὴν</span> <span class='ocrx_word' id='word_1_405' title='bbox 2143 2694 2278 2766; x_wconf 83' lang='grc' dir='ltr'>πρὸς</span> <span class='ocrx_word' id='word_1_406' title='bbox 2324 2694 2457 2748; x_wconf 87' lang='grc' dir='ltr'>Θεὸν</span> <span class='ocrx_word' id='word_1_407' title='bbox 2499 2694 2686 2748; x_wconf 80' lang='grc' dir='ltr'>ἄνοδον</span> <span class='ocrx_word' id='word_1_408' title='bbox 2707 2710 2721 2724; x_wconf 73' lang='grc'><strong>⁸</strong></span> <span class='ocrx_word' id='word_1_409' title='bbox 2757 2695 2851 2747; x_wconf 71' lang='grc' dir='ltr'><strong>καὶ</strong></span> <span class='ocrx_word' id='word_1_410' title='bbox 2885 2695 2950 2747; x_wconf 79' lang='grc' dir='ltr'>ἵν’</span> <span class='ocrx_word' id='word_1_411' title='bbox 3035 2695 3194 2748; x_wconf 85' lang='grc' dir='ltr'>πάλιν</span> <span class='ocrx_word' id='word_1_412' title='bbox 3246 2697 3393 2750; x_wconf 88' lang='grc' dir='ltr'><strong>κατά</strong></span> <span class='ocrx_word' id='word_1_413' title='bbox 3424 2698 3612 2762; x_wconf 80' lang='grc' dir='ltr'>τάξιν,</span> 
     </span>
    </p>
   </div>
   <div class='ocr_carea' id='block_1_59' title="bbox 2019 2786 3613 2861">
    <p class='ocr_par' dir='ltr' id='par_1_59' title="bbox 2019 2786 3613 2861">
     <span class='ocr_line' id='line_1_59' title="bbox 2019 2786 3613 2861; baseline 0.001 -18"><span class='ocrx_word' id='word_1_414' title='bbox 2019 2790 2113 2843; x_wconf 73' lang='grc' dir='ltr'><strong>καὶ</strong></span> <span class='ocrx_word' id='word_1_415' title='bbox 2138 2792 2169 2861; x_wconf 80' lang='grc' dir='ltr'>ἠ</span> <span class='ocrx_word' id='word_1_416' title='bbox 2198 2786 2306 2842; x_wconf 86' lang='grc' dir='ltr'><strong>ἀπὸ</strong></span> <span class='ocrx_word' id='word_1_417' title='bbox 2353 2786 2487 2841; x_wconf 86' lang='grc' dir='ltr'>Θεοῦ</span> <span class='ocrx_word' id='word_1_418' title='bbox 2524 2787 2661 2859; x_wconf 82' lang='grc' dir='ltr'>πρὸς</span> <span class='ocrx_word' id='word_1_419' title='bbox 2687 2790 2831 2857; x_wconf 78' lang='grc' dir='ltr'>ἡμᾶς</span> <span class='ocrx_word' id='word_1_420' title='bbox 2884 2788 3190 2860; x_wconf 81' lang='grc' dir='ltr'>ὲνδιδομένη</span> <span class='ocrx_word' id='word_1_421' title='bbox 3224 2791 3431 2855; x_wconf 83' lang='grc' dir='ltr'>πάσαις</span> <span class='ocrx_word' id='word_1_422' title='bbox 3482 2796 3613 2857; x_wconf 81' lang='grc' dir='ltr'>ταῖς</span> 
     </span>
    </p>
   </div>
   <div class='ocr_carea' id='block_1_60' title="bbox 2021 2878 3610 2953">
    <p class='ocr_par' dir='ltr' id='par_1_60' title="bbox 2021 2878 3610 2953">
     <span class='ocr_line' id='line_1_60' title="bbox 2021 2878 3610 2953; baseline 0.001 -19"><span class='ocrx_word' id='word_1_423' title='bbox 2021 2882 2345 2953; x_wconf 84' lang='grc' dir='ltr'>ίεραρχίαις,</span> <span class='ocrx_word' id='word_1_424' title='bbox 2375 2881 2467 2932; x_wconf 77' lang='grc' dir='ltr'><strong>καὶ</strong></span> <span class='ocrx_word' id='word_1_425' title='bbox 2510 2878 2841 2943; x_wconf 85' lang='grc' dir='ltr'>κοινωνικῶς</span> <span class='ocrx_word' id='word_1_426' title='bbox 2892 2879 3228 2948; x_wconf 71' lang='grc' dir='ltr'>ὲπιφοιτῶιτα</span> <span class='ocrx_word' id='word_1_427' title='bbox 3286 2880 3356 2934; x_wconf 83' lang='grc' dir='ltr'><strong>δι’</strong></span> <span class='ocrx_word' id='word_1_428' title='bbox 3391 2882 3610 2951; x_wconf 80' lang='grc' dir='ltr'>ἀγαθό-</span> 
     </span>
    </p>
   </div>
   <div class='ocr_carea' id='block_1_61' title="bbox 2015 2971 3611 3048">
    <p class='ocr_par' dir='ltr' id='par_1_61' title="bbox 2015 2971 3611 3048">
     <span class='ocr_line' id='line_1_61' title="bbox 2015 2971 3611 3048; baseline -0.001 -20"><span class='ocrx_word' id='word_1_429' title='bbox 2015 2992 2154 3048; x_wconf 86' lang='grc' dir='ltr'>τητα</span> <span class='ocrx_word' id='word_1_430' title='bbox 2183 2973 2435 3045; x_wconf 79' lang='grc' dir='ltr'>πρόοδος,</span> <span class='ocrx_word' id='word_1_431' title='bbox 2478 2972 2566 3025; x_wconf 76' lang='grc' dir='ltr'>διὰ</span> <span class='ocrx_word' id='word_1_432' title='bbox 2618 2971 2775 3024; x_wconf 90' lang='grc' dir='ltr'>τοῦτο</span> <span class='ocrx_word' id='word_1_433' title='bbox 2821 2972 2985 3042; x_wconf 77' lang='grc' dir='ltr'>καὶὴ</span> <span class='ocrx_word' id='word_1_434' title='bbox 3055 2972 3175 3024; x_wconf 88' lang='grc' dir='ltr'>θεία</span> <span class='ocrx_word' id='word_1_435' title='bbox 3237 2973 3434 3043; x_wconf 75' lang='grc' dir='ltr'>Γραφὴ</span> <span class='ocrx_word' id='word_1_436' title='bbox 3489 2977 3611 3037; x_wconf 81' lang='grc' dir='ltr'>τοῖς</span> 
     </span>
    </p>
   </div>
   <div class='ocr_carea' id='block_1_62' title="bbox 2017 3062 3611 3135">
    <p class='ocr_par' dir='ltr' id='par_1_62' title="bbox 2017 3062 3611 3135">
     <span class='ocr_line' id='line_1_62' title="bbox 2017 3062 3611 3135; baseline -0.003 -15"><span class='ocrx_word' id='word_1_437' title='bbox 2017 3066 2267 3135; x_wconf 79' lang='grc' dir='ltr'>ἀγγέλοις</span> <span class='ocrx_word' id='word_1_438' title='bbox 2311 3064 2382 3118; x_wconf 88' lang='grc' dir='ltr'><strong>τά</strong></span> <span class='ocrx_word' id='word_1_439' title='bbox 2423 3063 2544 3117; x_wconf 90' lang='grc' dir='ltr'>καθ’</span> <span class='ocrx_word' id='word_1_440' title='bbox 2570 3064 2716 3134; x_wconf 79' lang='grc' dir='ltr'>ἡμᾶς</span> <span class='ocrx_word' id='word_1_441' title='bbox 2760 3062 3166 3134; x_wconf 66' lang='grc' dir='ltr'>ἀπονενέμηκεθ</span> <span class='ocrx_word' id='word_1_442' title='bbox 3221 3065 3327 3117; x_wconf 85' lang='grc' dir='ltr'><strong>ποῦ</strong></span> <span class='ocrx_word' id='word_1_443' title='bbox 3372 3066 3477 3135; x_wconf 84' lang='grc' dir='ltr'><strong>μὲν</strong></span> <span class='ocrx_word' id='word_1_444' title='bbox 3502 3068 3611 3135; x_wconf 80' lang='grc' dir='ltr'><strong>ἄρ-</strong></span> 
     </span>
    </p>
   </div>
   <div class='ocr_carea' id='block_1_63' title="bbox 339 3154 1830 3233">
    <p class='ocr_par' dir='ltr' id='par_1_63' title="bbox 339 3156 1830 3229">
     <span class='ocr_line' id='line_1_63' title="bbox 339 3156 1830 3229; baseline -0.001 -16"><span class='ocrx_word' id='word_1_445' title='bbox 339 3158 552 3229; x_wconf 86' lang='lat' dir='ltr'><strong>angelis</strong></span> <span class='ocrx_word' id='word_1_446' title='bbox 591 3173 653 3212; x_wconf 87' lang='lat' dir='ltr'><strong>ea</strong></span> <span class='ocrx_word' id='word_1_447' title='bbox 686 3172 805 3227; x_wconf 69' lang='lat' dir='ltr'><strong>quae</strong></span> <span class='ocrx_word' id='word_1_448' title='bbox 830 3158 898 3211; x_wconf 89' lang='lat' dir='ltr'><strong>ad</strong></span> <span class='ocrx_word' id='word_1_449' title='bbox 948 3170 1051 3211; x_wconf 88' lang='lat' dir='ltr'><strong>nos</strong></span> <span class='ocrx_word' id='word_1_450' title='bbox 1100 3167 1357 3225; x_wconf 88' lang='lat' dir='ltr'><strong>spectant</strong></span> <span class='ocrx_word' id='word_1_451' title='bbox 1387 3156 1708 3223; x_wconf 85' lang='lat' dir='ltr'><strong>distribuit;</strong></span> <span class='ocrx_word' id='word_1_452' title='bbox 1736 3173 1830 3229; x_wconf 71' lang='lat' dir='ltr'><strong>qua</strong></span> 
     </span>
    </p>
   </div>
   <div class='ocr_carea' id='block_1_64' title="bbox 2084 3154 3610 3233">
    <p class='ocr_par' dir='ltr' id='par_1_64' title="bbox 2084 3154 3610 3229">
     <span class='ocr_line' id='line_1_64' title="bbox 2084 3154 3610 3229; baseline 0 -17"><span class='ocrx_word' id='word_1_453' title='bbox 2084 3178 2173 3213; x_wconf 83' lang='grc' dir='ltr'><strong>ντα</strong></span> <span class='ocrx_word' id='word_1_454' title='bbox 2201 3158 2295 3211; x_wconf 86' lang='grc' dir='ltr'><strong>τοῦ</strong></span> <span class='ocrx_word' id='word_1_455' title='bbox 2360 3155 2625 3210; x_wconf 85' lang='grc' dir='ltr'>Ἰουδαίων</span> <span class='ocrx_word' id='word_1_456' title='bbox 2659 3154 2788 3208; x_wconf 89' lang='grc' dir='ltr'>λαοῦ</span> <span class='ocrx_word' id='word_1_457' title='bbox 2839 3154 2931 3208; x_wconf 93' lang='grc' dir='ltr'><strong>τὸν</strong></span> <span class='ocrx_word' id='word_1_458' title='bbox 2985 3155 3204 3227; x_wconf 73' lang='grc' dir='ltr'>Μιχαὴλ</span> <span class='ocrx_word' id='word_1_459' title='bbox 3248 3158 3610 3229; x_wconf 78' lang='grc' dir='ltr'>ὀνομάζουσα</span> 
     </span>
    </p>
   </div>
   <div class='ocr_carea' id='block_1_65' title="bbox 340 3246 1911 3321">
    <p class='ocr_par' dir='ltr' id='par_1_65' title="bbox 340 3246 1911 3321">
     <span class='ocr_line' id='line_1_65' title="bbox 340 3246 1911 3321; baseline 0.001 -16"><span class='ocrx_word' id='word_1_460' title='bbox 340 3252 519 3321; x_wconf 80' lang='lat' dir='ltr'><strong>doque</strong></span> <span class='ocrx_word' id='word_1_461' title='bbox 551 3251 694 3306; x_wconf 90' lang='lat' dir='ltr'><strong>enim</strong></span> <span class='ocrx_word' id='word_1_462' title='bbox 728 3251 1029 3320; x_wconf 89' lang='lat' dir='ltr'><strong>principem</strong></span> <span class='ocrx_word' id='word_1_463' title='bbox 1078 3249 1259 3320; x_wconf 90' lang='lat' dir='ltr'><strong>populi</strong></span> <span class='ocrx_word' id='word_1_464' title='bbox 1304 3246 1618 3305; x_wconf 66' lang='lat' dir='ltr'><strong>Judteorum</strong></span> <span class='ocrx_word' id='word_1_465' title='bbox 1684 3266 1911 3307; x_wconf 86' lang='lat' dir='ltr'><strong>vocasse</strong></span> 
     </span>
    </p>
   </div>
   <div class='ocr_carea' id='block_1_66' title="bbox 334 3339 1926 3412">
    <p class='ocr_par' dir='ltr' id='par_1_66' title="bbox 334 3339 1926 3412">
     <span class='ocr_line' id='line_1_66' title="bbox 334 3339 1926 3412; baseline 0.003 -18"><span class='ocrx_word' id='word_1_466' title='bbox 334 3340 609 3410; x_wconf 81' lang='lat' dir='ltr'><strong>reperitur</strong></span> <span class='ocrx_word' id='word_1_467' title='bbox 654 3340 711 3394; x_wconf 91' lang='lat' dir='ltr'><strong>in</strong></span> <span class='ocrx_word' id='word_1_468' title='bbox 751 3339 973 3395; x_wconf 87' lang='lat' dir='ltr'><strong>Daniele</strong></span> <span class='ocrx_word' id='word_1_469' title='bbox 1020 3339 1373 3407; x_wconf 77' lang='lat' dir='ltr'><strong>Michaelem,</strong></span> <span class='ocrx_word' id='word_1_470' title='bbox 1408 3342 1485 3395; x_wconf 90' lang='lat' dir='ltr'><strong>uti</strong></span> <span class='ocrx_word' id='word_1_471' title='bbox 1529 3348 1584 3396; x_wconf 89' lang='lat' dir='ltr'><strong>et</strong></span> <span class='ocrx_word' id='word_1_472' title='bbox 1625 3341 1761 3397; x_wconf 90' lang='lat' dir='ltr'><strong>alios</strong></span> <span class='ocrx_word' id='word_1_473' title='bbox 1794 3358 1926 3412; x_wconf 86' lang='lat' dir='ltr'><strong>gen-</strong></span> 
     </span>
    </p>
   </div>
   <div class='ocr_carea' id='block_1_67' title="bbox 337 3430 1924 3503">
    <p class='ocr_par' dir='ltr' id='par_1_67' title="bbox 337 3430 1924 3503">
     <span class='ocr_line' id='line_1_67' title="bbox 337 3430 1924 3503; baseline 0.003 -18"><span class='ocrx_word' id='word_1_474' title='bbox 337 3430 473 3485; x_wconf 88' lang='lat' dir='ltr'><strong>tium</strong></span> <span class='ocrx_word' id='word_1_475' title='bbox 515 3430 784 3497; x_wconf 90' lang='lat' dir='ltr'><strong>aliarum;</strong></span> <span class='ocrx_word' id='word_1_476' title='bbox 825 3431 1153 3503; x_wconf 88' lang='lat' dir='ltr'><strong>quandoque</strong></span> <span class='ocrx_word' id='word_1_477' title='bbox 1195 3447 1327 3487; x_wconf 89' lang='lat' dir='ltr'><strong>vero</strong></span> <span class='ocrx_word' id='word_1_478' title='bbox 1357 3434 1435 3487; x_wconf 88' lang='lat' dir='ltr'><strong>ait</strong></span> <span class='ocrx_word' id='word_1_479' title='bbox 1464 3452 1478 3488; x_wconf 91' lang='lat'><strong>:</strong></span> <span class='ocrx_word' id='word_1_480' title='bbox 1508 3431 1711 3488; x_wconf 81' lang='lat' dir='ltr'><strong>Statuit</strong></span> <span class='ocrx_word' id='word_1_481' title='bbox 1744 3435 1924 3489; x_wconf 83' lang='lat' dir='ltr'><strong>termi-</strong></span> 
     </span>
    </p>
   </div>
   <div class='ocr_carea' id='block_1_68' title="bbox 336 3523 1922 3599">
    <p class='ocr_par' dir='ltr' id='par_1_68' title="bbox 336 3523 1922 3599">
     <span class='ocr_line' id='line_1_68' title="bbox 336 3523 1922 3599; baseline 0.006 -24"><span class='ocrx_word' id='word_1_482' title='bbox 336 3537 432 3576; x_wconf 80' lang='lat' dir='ltr'><strong>nos</strong></span> <span class='ocrx_word' id='word_1_483' title='bbox 476 3523 709 3593; x_wconf 83' lang='lat' dir='ltr'><strong>gentium</strong></span> <span class='ocrx_word' id='word_1_484' title='bbox 744 3523 1051 3578; x_wconf 75' lang='lat' dir='ltr'><strong>Altissimus</strong></span> <span class='ocrx_word' id='word_1_485' title='bbox 1097 3525 1260 3595; x_wconf 73' lang='lat' dir='ltr'><strong>juxta</strong></span> <span class='ocrx_word' id='word_1_486' title='bbox 1303 3543 1579 3581; x_wconf 82' lang='lat' dir='ltr'><strong>numerum</strong></span> <span class='ocrx_word' id='word_1_487' title='bbox 1615 3529 1922 3599; x_wconf 82' lang='lat' dir='ltr'><strong>angelorum</strong></span> 
     </span>
    </p>
   </div>
   <div class='ocr_carea' id='block_1_69' title="bbox 334 3612 1756 3689">
    <p class='ocr_par' dir='ltr' id='par_1_69' title="bbox 334 3612 1756 3689">
     <span class='ocr_line' id='line_1_69' title="bbox 334 3612 1756 3689; baseline 0.004 -21"><span class='ocrx_word' id='word_1_488' title='bbox 334 3612 455 3679; x_wconf 87' lang='lat' dir='ltr'><strong>Dei,</strong></span> <span class='ocrx_word' id='word_1_489' title='bbox 480 3625 540 3671; x_wconf 85' lang='lat' dir='ltr'><strong>ut</strong></span> <span class='ocrx_word' id='word_1_490' title='bbox 566 3615 622 3670; x_wconf 92' lang='lat' dir='ltr'><strong>in</strong></span> <span class='ocrx_word' id='word_1_491' title='bbox 654 3615 897 3671; x_wconf 84' lang='lat' dir='ltr'><strong>secundo</strong></span> <span class='ocrx_word' id='word_1_492' title='bbox 924 3616 1139 3672; x_wconf 87' lang='lat' dir='ltr'><strong>cantico</strong></span> <span class='ocrx_word' id='word_1_493' title='bbox 1167 3616 1366 3689; x_wconf 82' lang='lat' dir='ltr'><strong>Moysis</strong></span> <span class='ocrx_word' id='word_1_494' title='bbox 1399 3618 1677 3675; x_wconf 83' lang='lat' dir='ltr'><strong>invenitur</strong></span> <span class='ocrx_word' id='word_1_495' title='bbox 1707 3631 1756 3674; x_wconf 84' lang='lat' dir='ltr'><strong>P.</strong></span> 
     </span>
    </p>
   </div>
   <div class='ocr_carea' id='block_1_70' title="bbox 414 3700 1905 3773">
    <p class='ocr_par' dir='ltr' id='par_1_70' title="bbox 414 3700 1905 3773">
     <span class='ocr_line' id='line_1_70' title="bbox 414 3700 1905 3773; baseline 0.003 -18"><span class='ocrx_word' id='word_1_496' title='bbox 414 3701 544 3773; x_wconf 76' lang='lat' dir='ltr'><strong>§l|l.</strong></span> <span class='ocrx_word' id='word_1_497' title='bbox 565 3702 704 3756; x_wconf 84' lang='lat' dir='ltr'><strong>Hinc</strong></span> <span class='ocrx_word' id='word_1_498' title='bbox 717 3700 881 3756; x_wconf 88' lang='lat' dir='ltr'><strong>solvit</strong></span> <span class='ocrx_word' id='word_1_499' title='bbox 893 3712 1259 3770; x_wconf 78' lang='lat' dir='ltr'><strong>emergentem</strong></span> <span class='ocrx_word' id='word_1_500' title='bbox 1274 3700 1509 3772; x_wconf 85' lang='lat' dir='ltr'><strong>aliquam</strong></span> <span class='ocrx_word' id='word_1_501' title='bbox 1531 3705 1905 3770; x_wconf 68' lang='lat' dir='ltr'><strong>quaestionem.</strong></span> 
     </span>
    </p>
   </div>
   <div class='ocr_carea' id='block_1_71' title="bbox 336 3791 1903 3863">
    <p class='ocr_par' dir='ltr' id='par_1_71' title="bbox 336 3791 1903 3863">
     <span class='ocr_line' id='line_1_71' title="bbox 336 3791 1903 3863; baseline 0.003 -15"><span class='ocrx_word' id='word_1_502' title='bbox 336 3794 578 3862; x_wconf 70' lang='lat' dir='ltr'><strong>Quaestio</strong></span> <span class='ocrx_word' id='word_1_503' title='bbox 600 3803 779 3847; x_wconf 85' lang='lat' dir='ltr'><strong>autem</strong></span> <span class='ocrx_word' id='word_1_504' title='bbox 810 3792 926 3847; x_wconf 70' lang='lat' dir='ltr'><strong>haec</strong></span> <span class='ocrx_word' id='word_1_505' title='bbox 941 3802 1028 3847; x_wconf 87' lang='lat' dir='ltr'><strong>est</strong></span> <span class='ocrx_word' id='word_1_506' title='bbox 1051 3791 1384 3858; x_wconf 80' lang='lat' dir='ltr'><strong>:Quomodo,</strong></span> <span class='ocrx_word' id='word_1_507' title='bbox 1411 3794 1606 3863; x_wconf 88' lang='lat' dir='ltr'><strong>inquit,</strong></span> <span class='ocrx_word' id='word_1_508' title='bbox 1633 3811 1753 3850; x_wconf 89' lang='lat' dir='ltr'><strong>cum</strong></span> <span class='ocrx_word' id='word_1_509' title='bbox 1780 3798 1903 3852; x_wconf 91' lang='lat' dir='ltr'><strong>boni</strong></span> 
     </span>
    </p>
   </div>
   <div class='ocr_carea' id='block_1_72' title="bbox 336 3880 1906 3959">
    <p class='ocr_par' dir='ltr' id='par_1_72' title="bbox 336 3880 1906 3959">
     <span class='ocr_line' id='line_1_72' title="bbox 336 3880 1906 3959; baseline 0.001 -15"><span class='ocrx_word' id='word_1_510' title='bbox 336 3889 512 3959; x_wconf 81' lang='lat' dir='ltr'><strong>angeli</strong></span> <span class='ocrx_word' id='word_1_511' title='bbox 537 3880 789 3959; x_wconf 79' lang='lat' dir='ltr'><strong>gentibus</strong></span> <span class='ocrx_word' id='word_1_512' title='bbox 820 3885 1067 3957; x_wconf 73' lang='lat' dir='ltr'><strong>prmfecti</strong></span> <span class='ocrx_word' id='word_1_513' title='bbox 1100 3887 1230 3951; x_wconf 90' lang='lat' dir='ltr'><strong>sint,</strong></span> <span class='ocrx_word' id='word_1_514' title='bbox 1266 3884 1413 3940; x_wconf 88' lang='lat' dir='ltr'><strong>solus</strong></span> <span class='ocrx_word' id='word_1_515' title='bbox 1433 3885 1598 3941; x_wconf 85' lang='lat' dir='ltr'><strong>Israel</strong></span> <span class='ocrx_word' id='word_1_516' title='bbox 1621 3887 1788 3943; x_wconf 86' lang='lat' dir='ltr'><strong>Deum</strong></span> <span class='ocrx_word' id='word_1_517' title='bbox 1812 3906 1906 3946; x_wconf 85' lang='lat' dir='ltr'><strong>co-</strong></span> 
     </span>
    </p>
   </div>
   <div class='ocr_carea' id='block_1_73' title="bbox 336 3977 1905 4052">
    <p class='ocr_par' dir='ltr' id='par_1_73' title="bbox 336 3977 1905 4052">
     <span class='ocr_line' id='line_1_73' title="bbox 336 3977 1905 4052; baseline 0.003 -18"><span class='ocrx_word' id='word_1_518' title='bbox 336 3981 545 4052; x_wconf 78' lang='lat' dir='ltr'><strong>gnovit,</strong></span> <span class='ocrx_word' id='word_1_519' title='bbox 563 3980 654 4034; x_wconf 88' lang='lat' dir='ltr'><strong>alii</strong></span> <span class='ocrx_word' id='word_1_520' title='bbox 684 3988 862 4033; x_wconf 87' lang='lat' dir='ltr'><strong>autem</strong></span> <span class='ocrx_word' id='word_1_521' title='bbox 885 3977 1046 4033; x_wconf 90' lang='lat' dir='ltr'><strong>idolis</strong></span> <span class='ocrx_word' id='word_1_522' title='bbox 1061 3977 1442 4032; x_wconf 73' lang='lat' dir='ltr'><strong>adhazserunt?</strong></span> <span class='ocrx_word' id='word_1_523' title='bbox 1458 3980 1666 4035; x_wconf 89' lang='lat' dir='ltr'><strong>Solutio</strong></span> <span class='ocrx_word' id='word_1_524' title='bbox 1679 3996 1810 4037; x_wconf 88' lang='lat' dir='ltr'><strong>vero</strong></span> <span class='ocrx_word' id='word_1_525' title='bbox 1821 3995 1905 4038; x_wconf 88' lang='lat' dir='ltr'><strong>est</strong></span> 
     </span>
    </p>
   </div>
   <div class='ocr_carea' id='block_1_74' title="bbox 335 4070 1900 4141">
    <p class='ocr_par' dir='ltr' id='par_1_74' title="bbox 335 4070 1900 4141">
     <span class='ocr_line' id='line_1_74' title="bbox 335 4070 1900 4141; baseline 0.003 -15"><span class='ocrx_word' id='word_1_526' title='bbox 335 4074 464 4137; x_wconf 82' lang='lat' dir='ltr'><strong>ista,</strong></span> <span class='ocrx_word' id='word_1_527' title='bbox 480 4070 623 4141; x_wconf 90' lang='lat' dir='ltr'><strong>quod</strong></span> <span class='ocrx_word' id='word_1_528' title='bbox 644 4070 902 4125; x_wconf 88' lang='lat' dir='ltr'><strong>nimirum</strong></span> <span class='ocrx_word' id='word_1_529' title='bbox 916 4079 1235 4123; x_wconf 69' lang='lat' dir='ltr'><strong>canet-arum</strong></span> <span class='ocrx_word' id='word_1_530' title='bbox 1254 4070 1494 4137; x_wconf 85' lang='lat' dir='ltr'><strong>gentium</strong></span> <span class='ocrx_word' id='word_1_531' title='bbox 1509 4070 1575 4125; x_wconf 90' lang='lat' dir='ltr'><strong>ad</strong></span> <span class='ocrx_word' id='word_1_532' title='bbox 1589 4072 1729 4126; x_wconf 87' lang='lat' dir='ltr'><strong>idola</strong></span> <span class='ocrx_word' id='word_1_533' title='bbox 1751 4073 1900 4130; x_wconf 78' lang='lat' dir='ltr'><strong>dele-</strong></span> 
     </span>
    </p>
   </div>
   <div class='ocr_carea' id='block_1_75' title="bbox 336 4160 1902 4232">
    <p class='ocr_par' dir='ltr' id='par_1_75' title="bbox 336 4160 1902 4232">
     <span class='ocr_line' id='line_1_75' title="bbox 336 4160 1902 4232; baseline 0.001 -13"><span class='ocrx_word' id='word_1_534' title='bbox 336 4166 445 4219; x_wconf 86' lang='lat' dir='ltr'><strong>ctio</strong></span> <span class='ocrx_word' id='word_1_535' title='bbox 469 4163 825 4231; x_wconf 89' lang='lat' dir='ltr'><strong>deceptioque</strong></span> <span class='ocrx_word' id='word_1_536' title='bbox 857 4162 1023 4215; x_wconf 85' lang='lat' dir='ltr'><strong>rectis</strong></span> <span class='ocrx_word' id='word_1_537' title='bbox 1073 4160 1388 4230; x_wconf 83' lang='lat' dir='ltr'><strong>angelorum</strong></span> <span class='ocrx_word' id='word_1_538' title='bbox 1423 4164 1902 4232; x_wconf 81' lang='lat' dir='ltr'><strong>gubernationibus</strong></span> 
     </span>
    </p>
   </div>
   <div class='ocr_carea' id='block_1_76' title="bbox 335 4252 1901 4325">
    <p class='ocr_par' dir='ltr' id='par_1_76' title="bbox 335 4252 1901 4325">
     <span class='ocr_line' id='line_1_76' title="bbox 335 4252 1901 4325; baseline 0.001 -15"><span class='ocrx_word' id='word_1_539' title='bbox 335 4269 683 4325; x_wconf 87' lang='lat' dir='ltr'><strong>nequaquam</strong></span> <span class='ocrx_word' id='word_1_540' title='bbox 716 4254 1027 4322; x_wconf 84' lang='lat' dir='ltr'><strong>imputanda</strong></span> <span class='ocrx_word' id='word_1_541' title='bbox 1056 4253 1129 4307; x_wconf 86' lang='lat' dir='ltr'><strong>sit</strong></span> <span class='ocrx_word' id='word_1_542' title='bbox 1157 4252 1409 4324; x_wconf 84' lang='lat' dir='ltr'><strong>(observa</strong></span> <span class='ocrx_word' id='word_1_543' title='bbox 1454 4270 1603 4319; x_wconf 87' lang='lat' dir='ltr'><strong>vero,</strong></span> <span class='ocrx_word' id='word_1_544' title='bbox 1631 4259 1901 4325; x_wconf 91' lang='lat' dir='ltr'><strong>quomodo</strong></span> 
     </span>
    </p>
   </div>
   <div class='ocr_carea' id='block_1_77' title="bbox 334 4340 1901 4414">
    <p class='ocr_par' dir='ltr' id='par_1_77' title="bbox 334 4340 1901 4414">
     <span class='ocr_line' id='line_1_77' title="bbox 334 4340 1901 4414; baseline 0.003 -16"><span class='ocrx_word' id='word_1_545' title='bbox 334 4344 629 4398; x_wconf 84' lang='lat' dir='ltr'><strong>defectioni</strong></span> <span class='ocrx_word' id='word_1_546' title='bbox 656 4350 859 4396; x_wconf 84' lang='lat' dir='ltr'><strong>rectam</strong></span> <span class='ocrx_word' id='word_1_547' title='bbox 894 4340 1342 4411; x_wconf 85' lang='lat' dir='ltr'><strong>gubernationem</strong></span> <span class='ocrx_word' id='word_1_548' title='bbox 1370 4347 1644 4414; x_wconf 81' lang='lat' dir='ltr'><strong>Opponit),</strong></span> <span class='ocrx_word' id='word_1_549' title='bbox 1674 4349 1768 4403; x_wconf 90' lang='lat' dir='ltr'><strong>sed</strong></span> <span class='ocrx_word' id='word_1_550' title='bbox 1795 4349 1901 4403; x_wconf 83' lang='lat' dir='ltr'><strong>illis</strong></span> 
     </span>
    </p>
   </div>
   <div class='ocr_carea' id='block_1_78' title="bbox 337 4432 1896 4503">
    <p class='ocr_par' dir='ltr' id='par_1_78' title="bbox 337 4432 1896 4503">
     <span class='ocr_line' id='line_1_78' title="bbox 337 4432 1896 4503; baseline 0.004 -15"><span class='ocrx_word' id='word_1_551' title='bbox 337 4434 494 4503; x_wconf 80' lang='lat' dir='ltr'><strong>ipsis,</strong></span> <span class='ocrx_word' id='word_1_552' title='bbox 526 4432 670 4501; x_wconf 90' lang='lat' dir='ltr'><strong>quod</strong></span> <span class='ocrx_word' id='word_1_553' title='bbox 727 4432 963 4501; x_wconf 89' lang='lat' dir='ltr'><strong>propriis</strong></span> <span class='ocrx_word' id='word_1_554' title='bbox 996 4433 1423 4503; x_wconf 86' lang='lat' dir='ltr'><strong>spontaneisque</strong></span> <span class='ocrx_word' id='word_1_555' title='bbox 1451 4436 1685 4492; x_wconf 83' lang='lat' dir='ltr'><strong>metibus</strong></span> <span class='ocrx_word' id='word_1_556' title='bbox 1739 4455 1767 4492; x_wconf 89' lang='lat' dir='ltr'><strong>a</strong></span> <span class='ocrx_word' id='word_1_557' title='bbox 1810 4454 1896 4494; x_wconf 91' lang='lat' dir='ltr'><strong>re-</strong></span> 
     </span>
    </p>
   </div>
   <div class='ocr_carea' id='block_1_79' title="bbox 2014 3248 3611 3323">
    <p class='ocr_par' dir='ltr' id='par_1_79' title="bbox 2014 3248 3611 3323">
     <span class='ocr_line' id='line_1_79' title="bbox 2014 3248 3611 3323; baseline -0.002 -15"><span class='ocrx_word' id='word_1_558' title='bbox 2014 3257 2072 3309; x_wconf 83' lang='grc' dir='ltr'>ὲν</span> <span class='ocrx_word' id='word_1_559' title='bbox 2113 3253 2190 3323; x_wconf 80' lang='grc' dir='ltr'>τῷ</span> <span class='ocrx_word' id='word_1_560' title='bbox 2241 3251 2437 3322; x_wconf 81' lang='grc' dir='ltr'>Δανιὴλ</span> <span class='ocrx_word' id='word_1_561' title='bbox 2480 3250 2727 3321; x_wconf 79' lang='grc' dir='ltr'>εὕρηται,</span> <span class='ocrx_word' id='word_1_562' title='bbox 2785 3250 2879 3303; x_wconf 73' lang='grc' dir='ltr'><strong>καὶ</strong></span> <span class='ocrx_word' id='word_1_563' title='bbox 2910 3248 3099 3312; x_wconf 83' lang='grc' dir='ltr'>ἄλλους</span> <span class='ocrx_word' id='word_1_564' title='bbox 3154 3250 3329 3303; x_wconf 78' lang='grc' dir='ltr'>ἄλλων</span> <span class='ocrx_word' id='word_1_565' title='bbox 3390 3252 3611 3305; x_wconf 75' lang='grc' dir='ltr'>ἐθνῶνο</span> 
     </span>
    </p>
   </div>
   <div class='ocr_carea' id='block_1_80' title="bbox 2007 3341 3618 3417">
    <p class='ocr_par' dir='ltr' id='par_1_80' title="bbox 2007 3341 3618 3417">
     <span class='ocr_line' id='line_1_80' title="bbox 2007 3341 3618 3417; baseline -0.003 -15"><span class='ocrx_word' id='word_1_566' title='bbox 2007 3345 2115 3402; x_wconf 77' lang='grc' dir='ltr'><strong>ποῦ</strong></span> <span class='ocrx_word' id='word_1_567' title='bbox 2135 3347 2194 3402; x_wconf 83' lang='grc' dir='ltr'><strong>δὲ</strong></span> <span class='ocrx_word' id='word_1_568' title='bbox 2220 3346 2454 3417; x_wconf 81' lang='grc' dir='ltr'>λέγουσα</span> <span class='ocrx_word' id='word_1_569' title='bbox 2472 3364 2487 3379; x_wconf 88' lang='grc'><strong>·</strong></span> <span class='ocrx_word' id='word_1_570' title='bbox 2524 3349 2826 3415; x_wconf 77' lang='grc' dir='ltr'>Ἕστησεν</span> <span class='ocrx_word' id='word_1_571' title='bbox 2862 3342 2993 3411; x_wconf 83' lang='grc' dir='ltr'>ὅρια</span> <span class='ocrx_word' id='word_1_572' title='bbox 3023 3341 3215 3396; x_wconf 78' lang='grc' dir='ltr'>ἐθνῶν</span> <span class='ocrx_word' id='word_1_573' title='bbox 3240 3344 3275 3397; x_wconf 80' lang='grc' dir='ltr'><em>ὁ</em></span> <span class='ocrx_word' id='word_1_574' title='bbox 3302 3342 3618 3410; x_wconf 70' lang='grc' dir='ltr'>Ὕψιστος</span> 
     </span>
    </p>
   </div>
   <div class='ocr_carea' id='block_1_81' title="bbox 2007 3433 3619 3510">
    <p class='ocr_par' dir='ltr' id='par_1_81' title="bbox 2007 3433 3619 3510">
     <span class='ocr_line' id='line_1_81' title="bbox 2007 3433 3619 3510; baseline -0.003 -16"><span class='ocrx_word' id='word_1_575' title='bbox 2007 3438 2161 3494; x_wconf 77' lang='grc' dir='ltr'>κατὰ</span> <span class='ocrx_word' id='word_1_576' title='bbox 2204 3440 2454 3509; x_wconf 75' lang='grc' dir='ltr'>ἀριθμὸν</span> <span class='ocrx_word' id='word_1_577' title='bbox 2497 3438 2765 3510; x_wconf 62' lang='grc' dir='ltr'>ἀγγέλων</span> <span class='ocrx_word' id='word_1_578' title='bbox 2806 3436 2984 3501; x_wconf 86' lang='grc' dir='ltr'>Θεοῦ,</span> <span class='ocrx_word' id='word_1_579' title='bbox 3027 3435 3105 3498; x_wconf 86' lang='grc' dir='ltr'>ὡς</span> <span class='ocrx_word' id='word_1_580' title='bbox 3148 3436 3207 3488; x_wconf 78' lang='grc' dir='ltr'>ἐν</span> <span class='ocrx_word' id='word_1_581' title='bbox 3249 3437 3319 3506; x_wconf 80' lang='grc' dir='ltr'>τῇ</span> <span class='ocrx_word' id='word_1_582' title='bbox 3348 3433 3619 3509; x_wconf 74' lang='grc' dir='ltr'>δευτέρᾳ</span> 
     </span>
    </p>
   </div>
   <div class='ocr_carea' id='block_1_82' title="bbox 2006 3530 2779 3603">
    <p class='ocr_par' dir='ltr' id='par_1_82' title="bbox 2006 3530 2779 3603">
     <span class='ocr_line' id='line_1_82' title="bbox 2006 3530 2779 3603; baseline 0.003 -20"><span class='ocrx_word' id='word_1_583' title='bbox 2145 3530 2238 3585; x_wconf 90' lang='grc' dir='ltr'><strong>τοῦ</strong></span> <span class='ocrx_word' id='word_1_584' title='bbox 2264 3531 2508 3594; x_wconf 86' lang='grc' dir='ltr'>Μωσέως</span> <span class='ocrx_word' id='word_1_585' title='bbox 2533 3530 2779 3603; x_wconf 73' lang='grc' dir='ltr'>εὓρηται.</span> 
     </span>
    </p>
   </div>
   <div class='ocr_carea' id='block_1_83' title="bbox 2084 3708 3615 3783">
    <p class='ocr_par' dir='ltr' id='par_1_83' title="bbox 2084 3708 3615 3783">
     <span class='ocr_line' id='line_1_83' title="bbox 2084 3708 3615 3783; baseline 0.003 -22"><span class='ocrx_word' id='word_1_586' title='bbox 2084 3709 2111 3783; x_wconf 79' lang='lat'>§</span> <span class='ocrx_word' id='word_1_587' title='bbox 2151 3708 2236 3762; x_wconf 87' lang='grc' dir='ltr'><strong>ΙΙΙ.</strong></span> <span class='ocrx_word' id='word_1_588' title='bbox 2279 3709 2556 3763; x_wconf 76' lang='grc' dir='ltr'>Ἐντεῦθεν</span> <span class='ocrx_word' id='word_1_589' title='bbox 2578 3710 2692 3763; x_wconf 74' lang='grc' dir='ltr'>λύει</span> <span class='ocrx_word' id='word_1_590' title='bbox 2721 3710 3134 3764; x_wconf 82' lang='grc' dir='ltr'>ἀνακύπτουσάν</span> <span class='ocrx_word' id='word_1_591' title='bbox 3166 3728 3291 3765; x_wconf 88' lang='grc' dir='ltr'>τινα</span> <span class='ocrx_word' id='word_1_592' title='bbox 3332 3713 3615 3783; x_wconf 79' lang='grc' dir='ltr'>ἀπορίαν.</span> 
     </span>
    </p>
   </div>
   <div class='ocr_carea' id='block_1_84' title="bbox 2020 3800 3619 3873">
    <p class='ocr_par' dir='ltr' id='par_1_84' title="bbox 2020 3800 3619 3873">
     <span class='ocr_line' id='line_1_84' title="bbox 2020 3800 3619 3873; baseline 0.002 -18"><span class='ocrx_word' id='word_1_593' title='bbox 2020 3804 2083 3855; x_wconf 88' lang='grc' dir='ltr'><strong>Ἦ</strong></span> <span class='ocrx_word' id='word_1_594' title='bbox 2107 3800 2240 3871; x_wconf 89' lang='grc' dir='ltr'>γοῦν</span> <span class='ocrx_word' id='word_1_595' title='bbox 2278 3802 2496 3873; x_wconf 87' lang='grc' dir='ltr'>ἀπορία·</span> <span class='ocrx_word' id='word_1_596' title='bbox 2540 3802 2646 3854; x_wconf 69' lang='grc' dir='ltr'><strong>Καὶ</strong></span> <span class='ocrx_word' id='word_1_597' title='bbox 2677 3800 2811 3865; x_wconf 88' lang='grc' dir='ltr'>πῶς,</span> <span class='ocrx_word' id='word_1_598' title='bbox 2852 3802 3035 3872; x_wconf 80' lang='grc' dir='ltr'>φησὶν,</span> <span class='ocrx_word' id='word_1_599' title='bbox 3081 3802 3330 3870; x_wconf 88' lang='grc' dir='ltr'>ἀγγέλων</span> <span class='ocrx_word' id='word_1_600' title='bbox 3370 3805 3619 3872; x_wconf 82' lang='grc' dir='ltr'>ἀγαθῶν</span> 
     </span>
    </p>
   </div>
   <div class='ocr_carea' id='block_1_85' title="bbox 2006 3892 3621 3965">
    <p class='ocr_par' dir='ltr' id='par_1_85' title="bbox 2006 3892 3621 3965">
     <span class='ocr_line' id='line_1_85' title="bbox 2006 3892 3621 3965; baseline 0.002 -19"><span class='ocrx_word' id='word_1_601' title='bbox 2006 3892 2326 3963; x_wconf 75' lang='grc' dir='ltr'>ἐφεστώτων</span> <span class='ocrx_word' id='word_1_602' title='bbox 2358 3895 2473 3956; x_wconf 85' lang='grc' dir='ltr'>τοῖς</span> <span class='ocrx_word' id='word_1_603' title='bbox 2493 3893 2689 3956; x_wconf 75' lang='grc' dir='ltr'>ἔθνεσι,</span> <span class='ocrx_word' id='word_1_604' title='bbox 2714 3893 2873 3963; x_wconf 84' lang='grc' dir='ltr'>μόνος</span> <span class='ocrx_word' id='word_1_605' title='bbox 2904 3896 2931 3945; x_wconf 86' lang='grc' dir='ltr'><strong>ὁ</strong></span> <span class='ocrx_word' id='word_1_606' title='bbox 2966 3894 3179 3965; x_wconf 79' lang='grc' dir='ltr'>Ἰσραὴλ</span> <span class='ocrx_word' id='word_1_607' title='bbox 3210 3895 3481 3963; x_wconf 78' lang='grc' dir='ltr'>ἐγίνωσκε</span> <span class='ocrx_word' id='word_1_608' title='bbox 3506 3898 3621 3950; x_wconf 81' lang='grc' dir='ltr'><strong>τὸν</strong></span> 
     </span>
    </p>
   </div>
   <div class='ocr_carea' id='block_1_86' title="bbox 2006 3983 3621 4056">
    <p class='ocr_par' dir='ltr' id='par_1_86' title="bbox 2006 3983 3621 4056">
     <span class='ocr_line' id='line_1_86' title="bbox 2006 3983 3621 4056; baseline 0.004 -19"><span class='ocrx_word' id='word_1_609' title='bbox 2006 3984 2160 4049; x_wconf 84' lang='grc' dir='ltr'>Θεὸν,</span> <span class='ocrx_word' id='word_1_610' title='bbox 2191 3986 2327 4037; x_wconf 78' lang='grc' dir='ltr'>οἱοδὲ</span> <span class='ocrx_word' id='word_1_611' title='bbox 2358 3984 2506 4037; x_wconf 83' lang='grc' dir='ltr'>ἄλλοι</span> <span class='ocrx_word' id='word_1_612' title='bbox 2536 3987 2650 4047; x_wconf 87' lang='grc' dir='ltr'>τοῖς</span> <span class='ocrx_word' id='word_1_613' title='bbox 2693 3983 2931 4048; x_wconf 85' lang='grc' dir='ltr'>εἰδώλοις</span> <span class='ocrx_word' id='word_1_614' title='bbox 2978 3989 3369 4056; x_wconf 83' lang='grc' dir='ltr'>προσανεῖχον;</span> <span class='ocrx_word' id='word_1_615' title='bbox 3416 3989 3486 4041; x_wconf 71' lang='grc' dir='ltr'><em>Ἠ</em></span> <span class='ocrx_word' id='word_1_616' title='bbox 3551 3991 3621 4043; x_wconf 78' lang='grc' dir='ltr'>δὲ</span> 
     </span>
    </p>
   </div>
   <div class='ocr_carea' id='block_1_87' title="bbox 2006 4074 3624 4147">
    <p class='ocr_par' dir='ltr' id='par_1_87' title="bbox 2006 4074 3624 4147">
     <span class='ocr_line' id='line_1_87' title="bbox 2006 4074 3624 4147; baseline 0.004 -18"><span class='ocrx_word' id='word_1_617' title='bbox 2006 4074 2177 4141; x_wconf 86' lang='grc' dir='ltr'>λύσις,</span> <span class='ocrx_word' id='word_1_618' title='bbox 2212 4077 2293 4129; x_wconf 85' lang='grc' dir='ltr'><strong>ὅτι</strong></span> <span class='ocrx_word' id='word_1_619' title='bbox 2326 4078 2386 4129; x_wconf 79' lang='grc' dir='ltr'><strong>οὐ</strong></span> <span class='ocrx_word' id='word_1_620' title='bbox 2422 4076 2526 4147; x_wconf 82' lang='grc' dir='ltr'><strong>χρὴ</strong></span> <span class='ocrx_word' id='word_1_621' title='bbox 2559 4076 2829 4129; x_wconf 75' lang='grc' dir='ltr'>αἰτιᾶσθαι</span> <span class='ocrx_word' id='word_1_622' title='bbox 2867 4076 2969 4146; x_wconf 83' lang='grc' dir='ltr'>τῆς</span> <span class='ocrx_word' id='word_1_623' title='bbox 3006 4079 3097 4130; x_wconf 71' lang='grc' dir='ltr'><strong>ἐπὶ</strong></span> <span class='ocrx_word' id='word_1_624' title='bbox 3127 4077 3195 4130; x_wconf 81' lang='grc' dir='ltr'>τὰ</span> <span class='ocrx_word' id='word_1_625' title='bbox 3222 4080 3424 4133; x_wconf 85' lang='grc' dir='ltr'>εἴδωλα</span> <span class='ocrx_word' id='word_1_626' title='bbox 3464 4083 3624 4135; x_wconf 81' lang='grc' dir='ltr'>ἀπο-</span> 
     </span>
    </p>
   </div>
   <div class='ocr_carea' id='block_1_88' title="bbox 2004 4167 3624 4238">
    <p class='ocr_par' dir='ltr' id='par_1_88' title="bbox 2004 4167 3624 4238">
     <span class='ocr_line' id='line_1_88' title="bbox 2004 4167 3624 4238; baseline 0.006 -18"><span class='ocrx_word' id='word_1_627' title='bbox 2004 4167 2326 4238; x_wconf 79' lang='grc' dir='ltr'>πλανήσεως</span> <span class='ocrx_word' id='word_1_628' title='bbox 2372 4167 2480 4219; x_wconf 85' lang='grc' dir='ltr'><strong>τῶν</strong></span> <span class='ocrx_word' id='word_1_629' title='bbox 2513 4169 2716 4238; x_wconf 80' lang='grc' dir='ltr'>ἑτέρων</span> <span class='ocrx_word' id='word_1_630' title='bbox 2745 4167 2935 4231; x_wconf 73' lang='grc' dir='ltr'>ἐθνῶν,</span> <span class='ocrx_word' id='word_1_631' title='bbox 2968 4168 3067 4231; x_wconf 89' lang='grc' dir='ltr'>τάς</span> <span class='ocrx_word' id='word_1_632' title='bbox 3096 4170 3315 4235; x_wconf 80' lang='grc' dir='ltr'>εὐθείας</span> <span class='ocrx_word' id='word_1_633' title='bbox 3364 4175 3624 4228; x_wconf 71' lang='grc' dir='ltr'>ἐπιστα-</span> 
     </span>
    </p>
   </div>
   <div class='ocr_carea' id='block_1_89' title="bbox 2004 4259 3622 4337">
    <p class='ocr_par' dir='ltr' id='par_1_89' title="bbox 2004 4259 3622 4337">
     <span class='ocr_line' id='line_1_89' title="bbox 2004 4259 3622 4337; baseline 0.006 -25"><span class='ocrx_word' id='word_1_634' title='bbox 2004 4260 2125 4322; x_wconf 85' lang='grc' dir='ltr'>σίας</span> <span class='ocrx_word' id='word_1_635' title='bbox 2146 4260 2253 4312; x_wconf 85' lang='grc' dir='ltr'><strong>τῶν</strong></span> <span class='ocrx_word' id='word_1_636' title='bbox 2282 4259 2527 4329; x_wconf 88' lang='grc' dir='ltr'>ἀγγέλων</span> <span class='ocrx_word' id='word_1_637' title='bbox 2558 4260 2677 4331; x_wconf 84' lang='grc' dir='ltr'>(ὅρα</span> <span class='ocrx_word' id='word_1_638' title='bbox 2698 4260 2776 4324; x_wconf 79' lang='grc' dir='ltr'><strong>δὲ,</strong></span> <span class='ocrx_word' id='word_1_639' title='bbox 2802 4262 2883 4314; x_wconf 83' lang='grc' dir='ltr'>ὅτι</span> <span class='ocrx_word' id='word_1_640' title='bbox 2905 4262 3041 4333; x_wconf 84' lang='grc' dir='ltr'>πρὸς</span> <span class='ocrx_word' id='word_1_641' title='bbox 3063 4263 3162 4333; x_wconf 82' lang='grc' dir='ltr'><strong>τὴν</strong></span> <span class='ocrx_word' id='word_1_642' title='bbox 3183 4264 3622 4337; x_wconf 81' lang='grc' dir='ltr'>ἀποπλάνησιν,</span> 
     </span>
    </p>
   </div>
   <div class='ocr_carea' id='block_1_90' title="bbox 2002 4345 3625 4427">
    <p class='ocr_par' dir='ltr' id='par_1_90' title="bbox 2002 4345 3625 4427">
     <span class='ocr_line' id='line_1_90' title="bbox 2002 4345 3625 4427; baseline 0.006 -25"><span class='ocrx_word' id='word_1_643' title='bbox 2002 4351 2218 4403; x_wconf 74' lang='grc' dir='ltr'>εὐθεῖαν</span> <span class='ocrx_word' id='word_1_644' title='bbox 2252 4345 2403 4402; x_wconf 80' lang='grc' dir='ltr'>εἶπεν</span> <span class='ocrx_word' id='word_1_645' title='bbox 2434 4350 2804 4419; x_wconf 75' lang='grc' dir='ltr'>ἐπιστασίαν),</span> <span class='ocrx_word' id='word_1_646' title='bbox 2828 4350 2941 4403; x_wconf 87' lang='grc' dir='ltr'>ἀλλ’</span> <span class='ocrx_word' id='word_1_647' title='bbox 2966 4352 3315 4407; x_wconf 68' lang='grc' dir='ltr'>αἰτιάσασθαι</span> <span class='ocrx_word' id='word_1_648' title='bbox 3345 4357 3454 4427; x_wconf 79' lang='grc' dir='ltr'>χρὴ</span> <span class='ocrx_word' id='word_1_649' title='bbox 3502 4362 3625 4412; x_wconf 72' lang='grc' dir='ltr'><strong>αὑ-</strong></span> 
     </span>
    </p>
   </div>
   <div class='ocr_carea' id='block_1_91' title="bbox 2000 4440 3625 4513">
    <p class='ocr_par' dir='ltr' id='par_1_91' title="bbox 2000 4440 3625 4513">
     <span class='ocr_line' id='line_1_91' title="bbox 2000 4440 3625 4513; baseline 0.005 -20"><span class='ocrx_word' id='word_1_650' title='bbox 2000 4442 2127 4504; x_wconf 80' lang='grc' dir='ltr'>τοὺς</span> <span class='ocrx_word' id='word_1_651' title='bbox 2179 4440 2437 4504; x_wconf 78' lang='grc' dir='ltr'>ἐκείνους,</span> <span class='ocrx_word' id='word_1_652' title='bbox 2471 4441 2935 4505; x_wconf 84' lang='grc' dir='ltr'>ἀποπεπτωκότας</span> <span class='ocrx_word' id='word_1_653' title='bbox 2974 4442 3073 4512; x_wconf 87' lang='grc' dir='ltr'>τῆς</span> <span class='ocrx_word' id='word_1_654' title='bbox 3123 4442 3262 4513; x_wconf 85' lang='grc' dir='ltr'>πρὸς</span> <span class='ocrx_word' id='word_1_655' title='bbox 3308 4445 3402 4497; x_wconf 89' lang='grc' dir='ltr'><strong>τὸν</strong></span> <span class='ocrx_word' id='word_1_656' title='bbox 3453 4446 3625 4501; x_wconf 85' lang='grc' dir='ltr'>Θεὸν</span> 
     </span>
    </p>
   </div>
   <div class='ocr_carea' id='block_1_92' title="bbox 333 4516 1830 4610">
    <p class='ocr_par' dir='ltr' id='par_1_92' title="bbox 333 4524 1830 4599">
     <span class='ocr_line' id='line_1_92' title="bbox 333 4524 1830 4599; baseline 0.003 -18"><span class='ocrx_word' id='word_1_657' title='bbox 333 4537 445 4592; x_wconf 87' lang='lat' dir='ltr'><strong>cla,</strong></span> <span class='ocrx_word' id='word_1_658' title='bbox 475 4540 597 4597; x_wconf 75' lang='lat' dir='ltr'><strong>qua:</strong></span> <span class='ocrx_word' id='word_1_659' title='bbox 642 4526 710 4580; x_wconf 90' lang='lat' dir='ltr'><strong>ad</strong></span> <span class='ocrx_word' id='word_1_660' title='bbox 740 4524 912 4580; x_wconf 88' lang='lat' dir='ltr'><strong>Deum</strong></span> <span class='ocrx_word' id='word_1_661' title='bbox 953 4527 1212 4592; x_wconf 85' lang='lat' dir='ltr'><strong>ducebat,</strong></span> <span class='ocrx_word' id='word_1_662' title='bbox 1248 4528 1335 4580; x_wconf 84' lang='lat' dir='ltr'><strong>via</strong></span> <span class='ocrx_word' id='word_1_663' title='bbox 1381 4540 1480 4596; x_wconf 89' lang='lat' dir='ltr'><strong>per</strong></span> <span class='ocrx_word' id='word_1_664' title='bbox 1505 4542 1745 4584; x_wconf 84' lang='lat' dir='ltr'><strong>amorem</strong></span> <span class='ocrx_word' id='word_1_665' title='bbox 1777 4546 1830 4599; x_wconf 86' lang='lat' dir='ltr'><strong>pl</strong></span> 
     </span>
    </p>
   </div>
   <div class='ocr_carea' id='block_1_93' title="bbox 2084 4516 3624 4610">
    <p class='ocr_par' dir='ltr' id='par_1_93' title="bbox 2084 4531 3624 4610">
     <span class='ocr_line' id='line_1_93' title="bbox 2084 4531 3624 4610; baseline -0.003 -25"><span class='ocrx_word' id='word_1_666' title='bbox 2084 4531 2297 4601; x_wconf 79' lang='grc' dir='ltr'>ιγωγῆς</span> <span class='ocrx_word' id='word_1_667' title='bbox 2339 4531 2566 4596; x_wconf 80' lang='grc' dir='ltr'>οἰκείαις</span> <span class='ocrx_word' id='word_1_668' title='bbox 2596 4534 2691 4586; x_wconf 73' lang='grc' dir='ltr'><strong>καὶ</strong></span> <span class='ocrx_word' id='word_1_669' title='bbox 2736 4532 3099 4599; x_wconf 80' lang='grc' dir='ltr'>αὑτεξουσίοις</span> <span class='ocrx_word' id='word_1_670' title='bbox 3130 4538 3331 4606; x_wconf 84' lang='grc' dir='ltr'>ὁρμαῖς</span> <span class='ocrx_word' id='word_1_671' title='bbox 3377 4540 3439 4591; x_wconf 87' lang='grc' dir='ltr'>ὲν</span> <span class='ocrx_word' id='word_1_672' title='bbox 3509 4558 3624 4610; x_wconf 77' lang='grc' dir='ltr'><strong>φι-</strong></span> 
     </span>
    </p>
   </div>
   <div class='ocr_carea' id='block_1_94' title="bbox 333 4617 1901 4691">
    <p class='ocr_par' dir='ltr' id='par_1_94' title="bbox 333 4617 1901 4691">
     <span class='ocr_line' id='line_1_94' title="bbox 333 4617 1901 4691; baseline 0.002 -17"><span class='ocrx_word' id='word_1_673' title='bbox 333 4619 511 4689; x_wconf 90' lang='lat' dir='ltr'><strong>prium</strong></span> <span class='ocrx_word' id='word_1_674' title='bbox 541 4619 926 4674; x_wconf 88' lang='lat' dir='ltr'><strong>rel&#39;ractarium</strong></span> <span class='ocrx_word' id='word_1_675' title='bbox 957 4617 1299 4686; x_wconf 83' lang='lat' dir='ltr'><strong>deﬂexerint,</strong></span> <span class='ocrx_word' id='word_1_676' title='bbox 1333 4629 1387 4674; x_wconf 91' lang='lat' dir='ltr'><strong>et</strong></span> <span class='ocrx_word' id='word_1_677' title='bbox 1411 4635 1508 4689; x_wconf 87' lang='lat' dir='ltr'><strong>per</strong></span> <span class='ocrx_word' id='word_1_678' title='bbox 1532 4634 1684 4675; x_wconf 84' lang='lat' dir='ltr'><strong>suam</strong></span> <span class='ocrx_word' id='word_1_679' title='bbox 1719 4624 1901 4691; x_wconf 86' lang='lat' dir='ltr'><strong>pervi-</strong></span> 
     </span>
    </p>
   </div>
   <div class='ocr_carea' id='block_1_95' title="bbox 332 4709 1900 4780">
    <p class='ocr_par' dir='ltr' id='par_1_95' title="bbox 332 4709 1900 4780">
     <span class='ocr_line' id='line_1_95' title="bbox 332 4709 1900 4780; baseline 0.001 -16"><span class='ocrx_word' id='word_1_680' title='bbox 332 4710 543 4764; x_wconf 86' lang='lat' dir='ltr'><strong>caciam</strong></span> <span class='ocrx_word' id='word_1_681' title='bbox 582 4709 648 4763; x_wconf 87' lang='lat' dir='ltr'><strong>ad</strong></span> <span class='ocrx_word' id='word_1_682' title='bbox 684 4709 764 4774; x_wconf 88' lang='lat' dir='ltr'><strong>id,</strong></span> <span class='ocrx_word' id='word_1_683' title='bbox 796 4710 883 4765; x_wconf 91' lang='lat' dir='ltr'><strong>cui</strong></span> <span class='ocrx_word' id='word_1_684' title='bbox 935 4710 1179 4765; x_wconf 88' lang='lat' dir='ltr'><strong>divinum</strong></span> <span class='ocrx_word' id='word_1_685' title='bbox 1233 4711 1510 4780; x_wconf 87' lang='lat' dir='ltr'><strong>quidpiam</strong></span> <span class='ocrx_word' id='word_1_686' title='bbox 1542 4713 1725 4767; x_wconf 86' lang='lat' dir='ltr'><strong>inesse</strong></span> <span class='ocrx_word' id='word_1_687' title='bbox 1753 4713 1900 4768; x_wconf 84' lang='lat' dir='ltr'><strong>arbi-</strong></span> 
     </span>
    </p>
   </div>
   <div class='ocr_carea' id='block_1_96' title="bbox 330 4800 1895 4869">
    <p class='ocr_par' dir='ltr' id='par_1_96' title="bbox 330 4800 1895 4869">
     <span class='ocr_line' id='line_1_96' title="bbox 330 4800 1895 4869; baseline 0 -12"><span class='ocrx_word' id='word_1_688' title='bbox 330 4802 641 4869; x_wconf 83' lang='lat' dir='ltr'><strong>trabantur,</strong></span> <span class='ocrx_word' id='word_1_689' title='bbox 665 4801 952 4856; x_wconf 85' lang='lat' dir='ltr'><strong>colendum</strong></span> <span class='ocrx_word' id='word_1_690' title='bbox 986 4802 1336 4857; x_wconf 88' lang='lat' dir='ltr'><strong>desciverint.</strong></span> <span class='ocrx_word' id='word_1_691' title='bbox 1376 4800 1493 4857; x_wconf 83' lang='lat' dir='ltr'><strong>Non</strong></span> <span class='ocrx_word' id='word_1_692' title='bbox 1544 4806 1719 4858; x_wconf 87' lang='lat' dir='ltr'><strong>solum</strong></span> <span class='ocrx_word' id='word_1_693' title='bbox 1752 4805 1895 4859; x_wconf 90' lang='lat' dir='ltr'><strong>enim</strong></span> 
     </span>
    </p>
   </div>
   <div class='ocr_carea' id='block_1_97' title="bbox 330 4893 1896 4964">
    <p class='ocr_par' dir='ltr' id='par_1_97' title="bbox 330 4893 1896 4964">
     <span class='ocr_line' id='line_1_97' title="bbox 330 4893 1896 4964; baseline -0.001 -15"><span class='ocrx_word' id='word_1_694' title='bbox 330 4899 401 4949; x_wconf 87' lang='lat' dir='ltr'><strong>ab</strong></span> <span class='ocrx_word' id='word_1_695' title='bbox 432 4909 521 4959; x_wconf 87' lang='lat' dir='ltr'><strong>ea,</strong></span> <span class='ocrx_word' id='word_1_696' title='bbox 552 4908 671 4964; x_wconf 81' lang='lat' dir='ltr'><strong>quae</strong></span> <span class='ocrx_word' id='word_1_697' title='bbox 696 4895 767 4948; x_wconf 89' lang='lat' dir='ltr'><strong>ad</strong></span> <span class='ocrx_word' id='word_1_698' title='bbox 799 4893 967 4948; x_wconf 88' lang='lat' dir='ltr'><strong>Deum</strong></span> <span class='ocrx_word' id='word_1_699' title='bbox 1020 4894 1272 4957; x_wconf 85' lang='lat' dir='ltr'><strong>ducebat,</strong></span> <span class='ocrx_word' id='word_1_700' title='bbox 1318 4895 1408 4947; x_wconf 89' lang='lat' dir='ltr'><strong>via</strong></span> <span class='ocrx_word' id='word_1_701' title='bbox 1455 4894 1764 4957; x_wconf 84' lang='lat' dir='ltr'><strong>deviarunt,</strong></span> <span class='ocrx_word' id='word_1_702' title='bbox 1804 4910 1896 4949; x_wconf 64' lang='lat' dir='ltr'><strong>ve-</strong></span> 
     </span>
    </p>
   </div>
   <div class='ocr_carea' id='block_1_98' title="bbox 328 4984 1899 5053">
    <p class='ocr_par' dir='ltr' id='par_1_98' title="bbox 328 4984 1899 5053">
     <span class='ocr_line' id='line_1_98' title="bbox 328 4984 1899 5053; baseline -0.001 -13"><span class='ocrx_word' id='word_1_703' title='bbox 328 5002 449 5041; x_wconf 84' lang='lat' dir='ltr'><strong>rum</strong></span> <span class='ocrx_word' id='word_1_704' title='bbox 479 4986 641 5039; x_wconf 88' lang='lat' dir='ltr'><strong>etiam</strong></span> <span class='ocrx_word' id='word_1_705' title='bbox 668 4984 735 5039; x_wconf 88' lang='lat' dir='ltr'><strong>iis</strong></span> <span class='ocrx_word' id='word_1_706' title='bbox 763 4986 989 5052; x_wconf 92' lang='lat' dir='ltr'><strong>qui-non</strong></span> <span class='ocrx_word' id='word_1_707' title='bbox 1022 4994 1179 5039; x_wconf 87' lang='lat' dir='ltr'><strong>erant</strong></span> <span class='ocrx_word' id='word_1_708' title='bbox 1208 4984 1279 5037; x_wconf 92' lang='lat' dir='ltr'><strong>dii</strong></span> <span class='ocrx_word' id='word_1_709' title='bbox 1306 4999 1406 5053; x_wconf 92' lang='lat' dir='ltr'><strong>pro</strong></span> <span class='ocrx_word' id='word_1_710' title='bbox 1430 4984 1630 5053; x_wconf 89' lang='lat' dir='ltr'><strong>placito</strong></span> <span class='ocrx_word' id='word_1_711' title='bbox 1662 4998 1760 5038; x_wconf 89' lang='lat' dir='ltr'><strong>suo</strong></span> <span class='ocrx_word' id='word_1_712' title='bbox 1783 4986 1899 5038; x_wconf 89' lang='lat' dir='ltr'><strong>cul-</strong></span> 
     </span>
    </p>
   </div>
   <div class='ocr_carea' id='block_1_99' title="bbox 332 5075 1899 5145">
    <p class='ocr_par' dir='ltr' id='par_1_99' title="bbox 332 5075 1899 5145">
     <span class='ocr_line' id='line_1_99' title="bbox 332 5075 1899 5145; baseline 0.001 -15"><span class='ocrx_word' id='word_1_713' title='bbox 332 5088 444 5132; x_wconf 90' lang='lat' dir='ltr'><strong>tum</strong></span> <span class='ocrx_word' id='word_1_714' title='bbox 471 5079 711 5133; x_wconf 85' lang='lat' dir='ltr'><strong>divinum</strong></span> <span class='ocrx_word' id='word_1_715' title='bbox 740 5079 1067 5133; x_wconf 87' lang='lat' dir='ltr'><strong>tribuerunt.</strong></span> <span class='ocrx_word' id='word_1_716' title='bbox 1088 5076 1242 5143; x_wconf 86' lang='lat' dir='ltr'><strong>Quod</strong></span> <span class='ocrx_word' id='word_1_717' title='bbox 1264 5077 1438 5145; x_wconf 91' lang='lat' dir='ltr'><strong>ipsum</strong></span> <span class='ocrx_word' id='word_1_718' title='bbox 1458 5076 1620 5130; x_wconf 90' lang='lat' dir='ltr'><strong>etiam</strong></span> <span class='ocrx_word' id='word_1_719' title='bbox 1647 5075 1899 5131; x_wconf 69' lang='lat' dir='ltr'><strong>Hebraeo-</strong></span> 
     </span>
    </p>
   </div>
   <div class='ocr_carea' id='block_1_100' title="bbox 330 5169 1897 5241">
    <p class='ocr_par' dir='ltr' id='par_1_100' title="bbox 330 5169 1897 5241">
     <span class='ocr_line' id='line_1_100' title="bbox 330 5169 1897 5241; baseline 0.001 -19"><span class='ocrx_word' id='word_1_720' title='bbox 330 5186 447 5225; x_wconf 90' lang='lat' dir='ltr'><strong>rum</strong></span> <span class='ocrx_word' id='word_1_721' title='bbox 474 5172 666 5241; x_wconf 90' lang='lat' dir='ltr'><strong>populo</strong></span> <span class='ocrx_word' id='word_1_722' title='bbox 705 5172 1007 5241; x_wconf 85' lang='lat' dir='ltr'><strong>contigisse</strong></span> <span class='ocrx_word' id='word_1_723' title='bbox 1030 5177 1384 5234; x_wconf 89' lang='lat' dir='ltr'><strong>memoratur,</strong></span> <span class='ocrx_word' id='word_1_724' title='bbox 1407 5169 1624 5237; x_wconf 86' lang='lat' dir='ltr'><strong>quando</strong></span> <span class='ocrx_word' id='word_1_725' title='bbox 1653 5169 1897 5236; x_wconf 90' lang='lat' dir='ltr'><strong>peccavit</strong></span> 
     </span>
    </p>
   </div>
   <div class='ocr_carea' id='block_1_101' title="bbox 329 5260 1893 5332">
    <p class='ocr_par' dir='ltr' id='par_1_101' title="bbox 329 5260 1893 5332">
     <span class='ocr_line' id='line_1_101' title="bbox 329 5260 1893 5332; baseline -0.004 -11"><span class='ocrx_word' id='word_1_726' title='bbox 329 5265 633 5321; x_wconf 85' lang='lat' dir='ltr'><strong>etvitulum</strong></span> <span class='ocrx_word' id='word_1_727' title='bbox 661 5265 935 5321; x_wconf 82' lang='lat' dir='ltr'><strong>conﬂavit.</strong></span> <span class='ocrx_word' id='word_1_728' title='bbox 957 5264 1304 5332; x_wconf 84' lang='lat' dir='ltr'><strong>Agnitionem</strong></span> <span class='ocrx_word' id='word_1_729' title='bbox 1339 5262 1484 5314; x_wconf 90' lang='lat' dir='ltr'><strong>enim</strong></span> <span class='ocrx_word' id='word_1_730' title='bbox 1525 5262 1615 5315; x_wconf 86' lang='lat' dir='ltr'><strong>Dei</strong></span> <span class='ocrx_word' id='word_1_731' title='bbox 1649 5260 1893 5329; x_wconf 86' lang='lat' dir='ltr'><strong>repuliin</strong></span> 
     </span>
    </p>
   </div>
   <div class='ocr_carea' id='block_1_102' title="bbox 329 5353 1889 5427">
    <p class='ocr_par' dir='ltr' id='par_1_102' title="bbox 329 5353 1889 5427">
     <span class='ocr_line' id='line_1_102' title="bbox 329 5353 1889 5427; baseline -0.003 -16"><span class='ocrx_word' id='word_1_732' title='bbox 329 5358 566 5427; x_wconf 91' lang='lat' dir='ltr'><strong>(quando</strong></span> <span class='ocrx_word' id='word_1_733' title='bbox 588 5358 885 5412; x_wconf 84' lang='lat' dir='ltr'><strong>nimiruma</strong></span> <span class='ocrx_word' id='word_1_734' title='bbox 902 5356 986 5410; x_wconf 89' lang='lat' dir='ltr'><strong>via</strong></span> <span class='ocrx_word' id='word_1_735' title='bbox 1018 5356 1109 5409; x_wconf 87' lang='lat' dir='ltr'><strong>Dei</strong></span> <span class='ocrx_word' id='word_1_736' title='bbox 1142 5353 1390 5424; x_wconf 84' lang='lat' dir='ltr'><strong>descivit)</strong></span> <span class='ocrx_word' id='word_1_737' title='bbox 1408 5362 1461 5407; x_wconf 86' lang='lat' dir='ltr'><strong>et</strong></span> <span class='ocrx_word' id='word_1_738' title='bbox 1479 5363 1598 5421; x_wconf 90' lang='lat' dir='ltr'><strong>post</strong></span> <span class='ocrx_word' id='word_1_739' title='bbox 1623 5368 1718 5407; x_wconf 87' lang='lat' dir='ltr'><strong>cor</strong></span> <span class='ocrx_word' id='word_1_740' title='bbox 1738 5363 1889 5407; x_wconf 90' lang='lat' dir='ltr'><strong>tuum</strong></span> 
     </span>
    </p>
   </div>
   <div class='ocr_carea' id='block_1_103' title="bbox 326 5446 1897 5519">
    <p class='ocr_par' dir='ltr' id='par_1_103' title="bbox 326 5446 1897 5519">
     <span class='ocr_line' id='line_1_103' title="bbox 326 5446 1897 5519; baseline -0.003 -17"><span class='ocrx_word' id='word_1_741' title='bbox 326 5450 861 5519; x_wconf 75' lang='lat' dir='ltr'><strong>ambulastilquando</strong></span> <span class='ocrx_word' id='word_1_742' title='bbox 876 5449 1129 5502; x_wconf 88' lang='lat' dir='ltr'><strong>nimirum</strong></span> <span class='ocrx_word' id='word_1_743' title='bbox 1144 5460 1326 5500; x_wconf 89' lang='lat' dir='ltr'><strong>amore</strong></span> <span class='ocrx_word' id='word_1_744' title='bbox 1338 5447 1556 5514; x_wconf 88' lang='lat' dir='ltr'><strong>proprio</strong></span> <span class='ocrx_word' id='word_1_745' title='bbox 1567 5446 1897 5515; x_wconf 85' lang='lat' dir='ltr'><strong>pervicacia-</strong></span> 
     </span>
    </p>
   </div>
   <div class='ocr_carea' id='block_1_104' title="bbox 326 5537 1894 5607">
    <p class='ocr_par' dir='ltr' id='par_1_104' title="bbox 326 5537 1894 5607">
     <span class='ocr_line' id='line_1_104' title="bbox 326 5537 1894 5607; baseline 0.001 -17"><span class='ocrx_word' id='word_1_746' title='bbox 326 5554 434 5607; x_wconf 91' lang='lat' dir='ltr'><strong>que</strong></span> <span class='ocrx_word' id='word_1_747' title='bbox 447 5555 544 5594; x_wconf 81' lang='lat' dir='ltr'><strong>sua</strong></span> <span class='ocrx_word' id='word_1_748' title='bbox 560 5542 801 5596; x_wconf 90' lang='lat' dir='ltr'><strong>divinum</strong></span> <span class='ocrx_word' id='word_1_749' title='bbox 820 5539 1021 5594; x_wconf 90' lang='lat' dir='ltr'><strong>cultum</strong></span> <span class='ocrx_word' id='word_1_750' title='bbox 1039 5541 1399 5594; x_wconf 87' lang='lat' dir='ltr'><strong>decreverunt</strong></span> <span class='ocrx_word' id='word_1_751' title='bbox 1416 5537 1483 5591; x_wconf 92' lang='lat' dir='ltr'><strong>iis</strong></span> <span class='ocrx_word' id='word_1_752' title='bbox 1498 5538 1589 5606; x_wconf 90' lang='lat' dir='ltr'><strong>qui</strong></span> <span class='ocrx_word' id='word_1_753' title='bbox 1610 5546 1894 5592; x_wconf 81' lang='lat' dir='ltr'><strong>nouerant</strong></span> 
     </span>
    </p>
   </div>
   <div class='ocr_carea' id='block_1_105' title="bbox 326 5631 1891 5705">
    <p class='ocr_par' dir='ltr' id='par_1_105' title="bbox 326 5631 1891 5705">
     <span class='ocr_line' id='line_1_105' title="bbox 326 5631 1891 5705; baseline 0.002 -21"><span class='ocrx_word' id='word_1_754' title='bbox 326 5632 399 5686; x_wconf 85' lang='lat' dir='ltr'><strong>dii</strong></span> <span class='ocrx_word' id='word_1_755' title='bbox 426 5635 501 5704; x_wconf 72' lang='lat'><strong>1).</strong></span> <span class='ocrx_word' id='word_1_756' title='bbox 529 5633 714 5705; x_wconf 81' lang='lat' dir='ltr'><strong>Neque</strong></span> <span class='ocrx_word' id='word_1_757' title='bbox 739 5635 879 5689; x_wconf 91' lang='lat' dir='ltr'><strong>enim</strong></span> <span class='ocrx_word' id='word_1_758' title='bbox 908 5634 1017 5688; x_wconf 80' lang='lat' dir='ltr'><strong>vita</strong></span> <span class='ocrx_word' id='word_1_759' title='bbox 1071 5632 1228 5687; x_wconf 89' lang='lat' dir='ltr'><strong>nobis</strong></span> <span class='ocrx_word' id='word_1_760' title='bbox 1256 5640 1357 5697; x_wconf 88' lang='lat' dir='ltr'><strong>est,</strong></span> <span class='ocrx_word' id='word_1_761' title='bbox 1391 5633 1475 5687; x_wconf 91' lang='lat' dir='ltr'><strong>cui</strong></span> <span class='ocrx_word' id='word_1_762' title='bbox 1509 5632 1592 5688; x_wconf 90' lang='lat' dir='ltr'><strong>vis</strong></span> <span class='ocrx_word' id='word_1_763' title='bbox 1621 5631 1766 5687; x_wconf 89' lang='lat' dir='ltr'><strong>illata</strong></span> <span class='ocrx_word' id='word_1_764' title='bbox 1800 5642 1891 5687; x_wconf 89' lang='lat' dir='ltr'><strong>aut</strong></span> 
     </span>
    </p>
   </div>
   <div class='ocr_carea' id='block_1_106' title="bbox 401 5787 1710 5857">
    <p class='ocr_par' dir='ltr' id='par_1_106' title="bbox 401 5787 1710 5857">
     <span class='ocr_line' id='line_1_106' title="bbox 401 5787 1710 5857; baseline -0.001 -13"><span class='ocrx_word' id='word_1_765' title='bbox 401 5803 428 5844; x_wconf 72' lang='grc' dir='ltr'><strong>Ρ</strong></span> <span class='ocrx_word' id='word_1_766' title='bbox 458 5791 617 5845; x_wconf 81' lang='lat' dir='ltr'><strong>Deut.</strong></span> <span class='ocrx_word' id='word_1_767' title='bbox 647 5806 819 5853; x_wconf 58' lang='grc' dir='ltr'>χχχιι,</span> <span class='ocrx_word' id='word_1_768' title='bbox 863 5790 896 5844; x_wconf 88' lang='grc'>8</span> <span class='ocrx_word' id='word_1_769' title='bbox 939 5807 1048 5845; x_wconf 84' lang='lat' dir='ltr'><strong>sec.</strong></span> <span class='ocrx_word' id='word_1_770' title='bbox 1090 5788 1342 5857; x_wconf 78' lang='lat' dir='ltr'><strong>Septuag.</strong></span> <span class='ocrx_word' id='word_1_771' title='bbox 1418 5799 1444 5837; x_wconf 72' lang='grc' dir='ltr'><strong>τι</strong></span> <span class='ocrx_word' id='word_1_772' title='bbox 1470 5787 1604 5843; x_wconf 69' lang='lat' dir='ltr'><strong>Osce</strong></span> <span class='ocrx_word' id='word_1_773' title='bbox 1639 5805 1710 5843; x_wconf 83' lang='lat' dir='ltr'><strong>Iv.</strong></span> 
     </span>
    </p>
   </div>
   <div class='ocr_carea' id='block_1_107' title="bbox 2002 4622 3631 4695">
    <p class='ocr_par' dir='ltr' id='par_1_107' title="bbox 2002 4622 3631 4695">
     <span class='ocr_line' id='line_1_107' title="bbox 2002 4622 3631 4695; baseline 0.006 -20"><span class='ocrx_word' id='word_1_774' title='bbox 2002 4622 2195 4693; x_wconf 76' lang='grc' dir='ltr'>λαυτίᾳ</span> <span class='ocrx_word' id='word_1_775' title='bbox 2216 4623 2593 4694; x_wconf 81' lang='grc' dir='ltr'>άνυποτάκτῳ,</span> <span class='ocrx_word' id='word_1_776' title='bbox 2618 4624 2712 4676; x_wconf 70' lang='lat' dir='ltr'><strong>xui</strong></span> <span class='ocrx_word' id='word_1_777' title='bbox 2745 4623 3001 4695; x_wconf 82' lang='grc' dir='ltr'>αὐθαδείᾳ</span> <span class='ocrx_word' id='word_1_778' title='bbox 3023 4626 3161 4695; x_wconf 88' lang='grc' dir='ltr'>πρὸς</span> <span class='ocrx_word' id='word_1_779' title='bbox 3190 4627 3253 4679; x_wconf 90' lang='grc' dir='ltr'><strong>τὸ</strong></span> <span class='ocrx_word' id='word_1_780' title='bbox 3275 4628 3479 4683; x_wconf 86' lang='grc' dir='ltr'>δοκοῦν</span> <span class='ocrx_word' id='word_1_781' title='bbox 3514 4634 3631 4685; x_wconf 74' lang='grc' dir='ltr'><strong>αὖ·</strong></span> 
     </span>
    </p>
   </div>
   <div class='ocr_carea' id='block_1_108' title="bbox 1998 4714 3631 4795">
    <p class='ocr_par' dir='ltr' id='par_1_108' title="bbox 1998 4714 3631 4795">
     <span class='ocr_line' id='line_1_108' title="bbox 1998 4714 3631 4795; baseline 0.007 -31"><span class='ocrx_word' id='word_1_782' title='bbox 1998 4718 2112 4778; x_wconf 81' lang='grc' dir='ltr'>τοῖς</span> <span class='ocrx_word' id='word_1_783' title='bbox 2144 4714 2621 4785; x_wconf 87' lang='grc' dir='ltr'>ἀποπλανηθέντας</span> <span class='ocrx_word' id='word_1_784' title='bbox 2656 4714 2968 4785; x_wconf 76' lang='grc' dir='ltr'>σεϐάσμιον.</span> <span class='ocrx_word' id='word_1_785' title='bbox 3007 4717 3083 4768; x_wconf 83' lang='grc' dir='ltr'><strong>Οὐ</strong></span> <span class='ocrx_word' id='word_1_786' title='bbox 3128 4717 3237 4789; x_wconf 84' lang='grc' dir='ltr'>γὰρ</span> <span class='ocrx_word' id='word_1_787' title='bbox 3270 4721 3434 4789; x_wconf 83' lang='grc' dir='ltr'>μόνον</span> <span class='ocrx_word' id='word_1_788' title='bbox 3501 4725 3631 4795; x_wconf 83' lang='grc' dir='ltr'>τῆς</span> 
     </span>
    </p>
   </div>
   <div class='ocr_carea' id='block_1_109' title="bbox 2000 4803 3633 4878">
    <p class='ocr_par' dir='ltr' id='par_1_109' title="bbox 2000 4803 3633 4878">
     <span class='ocr_line' id='line_1_109' title="bbox 2000 4803 3633 4878; baseline 0.003 -19"><span class='ocrx_word' id='word_1_789' title='bbox 2000 4806 2143 4878; x_wconf 83' lang='grc' dir='ltr'>πρὸς</span> <span class='ocrx_word' id='word_1_790' title='bbox 2178 4808 2240 4861; x_wconf 90' lang='grc' dir='ltr'><strong>τὸ</strong></span> <span class='ocrx_word' id='word_1_791' title='bbox 2270 4807 2423 4860; x_wconf 83' lang='grc' dir='ltr'>Θεῖον</span> <span class='ocrx_word' id='word_1_792' title='bbox 2469 4803 2757 4877; x_wconf 79' lang='grc' dir='ltr'>ἀναγωγῆς</span> <span class='ocrx_word' id='word_1_793' title='bbox 2784 4806 3268 4872; x_wconf 84' lang='grc' dir='ltr'>ἀποπεπτώκασιν,</span> <span class='ocrx_word' id='word_1_794' title='bbox 3299 4810 3440 4864; x_wconf 83' lang='grc' dir='ltr'><strong>ἀλλά</strong></span> <span class='ocrx_word' id='word_1_795' title='bbox 3512 4820 3633 4869; x_wconf 71' lang='grc' dir='ltr'><strong>καὶ</strong></span> 
     </span>
    </p>
   </div>
   <div class='ocr_carea' id='block_1_110' title="bbox 1998 4895 3635 4971">
    <p class='ocr_par' dir='ltr' id='par_1_110' title="bbox 1998 4895 3635 4971">
     <span class='ocr_line' id='line_1_110' title="bbox 1998 4895 3635 4971; baseline 0.003 -20"><span class='ocrx_word' id='word_1_796' title='bbox 1998 4901 2112 4961; x_wconf 83' lang='grc' dir='ltr'>τοῖς</span> <span class='ocrx_word' id='word_1_797' title='bbox 2137 4900 2210 4970; x_wconf 79' lang='grc' dir='ltr'>μὴ</span> <span class='ocrx_word' id='word_1_798' title='bbox 2230 4895 2347 4952; x_wconf 79' lang='grc' dir='ltr'>οὖσι</span> <span class='ocrx_word' id='word_1_799' title='bbox 2379 4897 2519 4961; x_wconf 83' lang='grc' dir='ltr'>θεοῖς</span> <span class='ocrx_word' id='word_1_800' title='bbox 2541 4899 2800 4967; x_wconf 85' lang='grc' dir='ltr'>ἀνάλογον</span> <span class='ocrx_word' id='word_1_801' title='bbox 2822 4903 2886 4969; x_wconf 80' lang='grc' dir='ltr'>τῇ</span> <span class='ocrx_word' id='word_1_802' title='bbox 2909 4900 3126 4971; x_wconf 84' lang='grc' dir='ltr'>δοκήσει</span> <span class='ocrx_word' id='word_1_803' title='bbox 3162 4902 3374 4955; x_wconf 80' lang='grc' dir='ltr'>ἑαυτῶν</span> <span class='ocrx_word' id='word_1_804' title='bbox 3403 4904 3482 4957; x_wconf 78' lang='grc' dir='ltr'>τὺ</span> <span class='ocrx_word' id='word_1_805' title='bbox 3522 4909 3635 4961; x_wconf 81' lang='grc' dir='ltr'>σέ-</span> 
     </span>
    </p>
   </div>
   <div class='ocr_carea' id='block_1_111' title="bbox 2003 4989 3637 5065">
    <p class='ocr_par' dir='ltr' id='par_1_111' title="bbox 2003 4989 3637 5065">
     <span class='ocr_line' id='line_1_111' title="bbox 2003 4989 3637 5065; baseline 0.007 -25"><span class='ocrx_word' id='word_1_806' title='bbox 2003 4989 2105 5052; x_wconf 80' lang='grc' dir='ltr'>ϐας</span> <span class='ocrx_word' id='word_1_807' title='bbox 2136 4989 2555 5043; x_wconf 80' lang='grc' dir='ltr'>ἀποδεδώκασιν.</span> <span class='ocrx_word' id='word_1_808' title='bbox 2586 4992 2650 5043; x_wconf 90' lang='lat' dir='ltr'><strong>&quot;O</strong></span> <span class='ocrx_word' id='word_1_809' title='bbox 2678 4990 2739 5061; x_wconf 82' lang='grc' dir='ltr'><strong>δὴ</strong></span> <span class='ocrx_word' id='word_1_810' title='bbox 2782 4994 2874 5043; x_wconf 78' lang='grc' dir='ltr'><strong>καὶ</strong></span> <span class='ocrx_word' id='word_1_811' title='bbox 2909 4992 3069 5054; x_wconf 78' lang='grc' dir='ltr'>αὐτὸς</span> <span class='ocrx_word' id='word_1_812' title='bbox 3098 4994 3124 5044; x_wconf 85' lang='grc' dir='ltr'>ὁ</span> <span class='ocrx_word' id='word_1_813' title='bbox 3151 4993 3263 5045; x_wconf 87' lang='grc' dir='ltr'><strong>τῶν</strong></span> <span class='ocrx_word' id='word_1_814' title='bbox 3315 4994 3637 5065; x_wconf 77' lang='grc' dir='ltr'>Ἑϐραίων</span> 
     </span>
    </p>
   </div>
   <div class='ocr_carea' id='block_1_112' title="bbox 2000 5081 3641 5160">
    <p class='ocr_par' dir='ltr' id='par_1_112' title="bbox 2000 5081 3641 5160">
     <span class='ocr_line' id='line_1_112' title="bbox 2000 5081 3641 5160; baseline 0.002 -26"><span class='ocrx_word' id='word_1_815' title='bbox 2000 5082 2125 5143; x_wconf 86' lang='grc' dir='ltr'>λαὸς</span> <span class='ocrx_word' id='word_1_816' title='bbox 2157 5081 2476 5133; x_wconf 69' lang='grc' dir='ltr'>πεπονθέναι</span> <span class='ocrx_word' id='word_1_817' title='bbox 2520 5081 2754 5149; x_wconf 82' lang='grc' dir='ltr'>λέγεται,</span> <span class='ocrx_word' id='word_1_818' title='bbox 2799 5084 2886 5135; x_wconf 79' lang='grc' dir='ltr'>ὅτε</span> <span class='ocrx_word' id='word_1_819' title='bbox 2933 5084 3168 5154; x_wconf 74' lang='grc' dir='ltr'>ἥμαρτε,</span> <span class='ocrx_word' id='word_1_820' title='bbox 3221 5086 3317 5138; x_wconf 69' lang='grc' dir='ltr'>καὶ</span> <span class='ocrx_word' id='word_1_821' title='bbox 3352 5088 3641 5160; x_wconf 79' lang='grc' dir='ltr'>ἐμοσχο-</span> 
     </span>
    </p>
   </div>
   <div class='ocr_carea' id='block_1_113' title="bbox 1999 5176 3638 5250">
    <p class='ocr_par' dir='ltr' id='par_1_113' title="bbox 1999 5176 3638 5250">
     <span class='ocr_line' id='line_1_113' title="bbox 1999 5176 3638 5250; baseline 0.004 -23"><span class='ocrx_word' id='word_1_822' title='bbox 1999 5176 2245 5247; x_wconf 81' lang='grc' dir='ltr'>ποίησεν.</span> <span class='ocrx_word' id='word_1_823' title='bbox 2311 5176 2632 5243; x_wconf 85' lang='grc' dir='ltr'>Ἐπίγνωσιν</span> <span class='ocrx_word' id='word_1_824' title='bbox 2671 5176 2779 5249; x_wconf 84' lang='grc' dir='ltr'><strong>γὰρ</strong></span> <span class='ocrx_word' id='word_1_825' title='bbox 2828 5177 2962 5230; x_wconf 85' lang='grc' dir='ltr'>Θεοῦ</span> <span class='ocrx_word' id='word_1_826' title='bbox 3001 5178 3206 5231; x_wconf 84' lang='grc' dir='ltr'>ἀπώσω</span> <span class='ocrx_word' id='word_1_827' title='bbox 3249 5179 3462 5250; x_wconf 87' lang='grc' dir='ltr'>(τοῦτο,</span> <span class='ocrx_word' id='word_1_828' title='bbox 3536 5188 3638 5242; x_wconf 71' lang='grc' dir='ltr'><strong>ὅτι</strong></span> 
     </span>
    </p>
   </div>
   <div class='ocr_carea' id='block_1_114' title="bbox 1995 5267 3642 5342">
    <p class='ocr_par' dir='ltr' id='par_1_114' title="bbox 1995 5267 3642 5342">
     <span class='ocr_line' id='line_1_114' title="bbox 1995 5267 3642 5342; baseline 0.006 -24"><span class='ocrx_word' id='word_1_829' title='bbox 1995 5267 2095 5336; x_wconf 77' lang='grc' dir='ltr'><strong>τῆς</strong></span> <span class='ocrx_word' id='word_1_830' title='bbox 2119 5267 2253 5338; x_wconf 88' lang='grc' dir='ltr'>πρὸς</span> <span class='ocrx_word' id='word_1_831' title='bbox 2274 5268 2333 5319; x_wconf 91' lang='grc' dir='ltr'><strong>τὸ</strong></span> <span class='ocrx_word' id='word_1_832' title='bbox 2362 5268 2511 5320; x_wconf 83' lang='grc' dir='ltr'>Θεῖον</span> <span class='ocrx_word' id='word_1_833' title='bbox 2534 5269 2821 5339; x_wconf 81' lang='grc' dir='ltr'>ἀναγωγῆς</span> <span class='ocrx_word' id='word_1_834' title='bbox 2858 5270 3245 5342; x_wconf 80' lang='grc' dir='ltr'>ἀποπέπτωκε)</span> <span class='ocrx_word' id='word_1_835' title='bbox 3271 5274 3365 5326; x_wconf 76' lang='grc' dir='ltr'>καὶ</span> <span class='ocrx_word' id='word_1_836' title='bbox 3406 5276 3642 5333; x_wconf 73' lang='grc' dir='ltr'>ὀπίσω</span> 
     </span>
    </p>
   </div>
   <div class='ocr_carea' id='block_1_115' title="bbox 1994 5358 3646 5433">
    <p class='ocr_par' dir='ltr' id='par_1_115' title="bbox 1994 5358 3646 5433">
     <span class='ocr_line' id='line_1_115' title="bbox 1994 5358 3646 5433; baseline 0.001 -22"><span class='ocrx_word' id='word_1_837' title='bbox 1994 5359 2094 5428; x_wconf 83' lang='grc' dir='ltr'>τῆς</span> <span class='ocrx_word' id='word_1_838' title='bbox 2129 5359 2353 5429; x_wconf 84' lang='grc' dir='ltr'>καρδίας</span> <span class='ocrx_word' id='word_1_839' title='bbox 2382 5376 2474 5411; x_wconf 90' lang='grc' dir='ltr'><strong>σου</strong></span> <span class='ocrx_word' id='word_1_840' title='bbox 2504 5358 2804 5430; x_wconf 79' lang='grc' dir='ltr'>ὲπορεύθης</span> <span class='ocrx_word' id='word_1_841' title='bbox 2835 5358 3042 5429; x_wconf 87' lang='grc' dir='ltr'>(τοῦτο,</span> <span class='ocrx_word' id='word_1_842' title='bbox 3072 5361 3151 5412; x_wconf 85' lang='grc' dir='ltr'><strong>ὃτι</strong></span> <span class='ocrx_word' id='word_1_843' title='bbox 3185 5362 3245 5414; x_wconf 82' lang='grc' dir='ltr'><strong>ὲν</strong></span> <span class='ocrx_word' id='word_1_844' title='bbox 3283 5365 3350 5433; x_wconf 79' lang='grc' dir='ltr'>τῇ</span> <span class='ocrx_word' id='word_1_845' title='bbox 3388 5367 3646 5432; x_wconf 74' lang='grc' dir='ltr'>φιλαυ-</span> 
     </span>
    </p>
   </div>
   <div class='ocr_carea' id='block_1_116' title="bbox 1995 5448 3643 5521">
    <p class='ocr_par' dir='ltr' id='par_1_116' title="bbox 1995 5448 3643 5521">
     <span class='ocr_line' id='line_1_116' title="bbox 1995 5448 3643 5521; baseline 0.002 -18"><span class='ocrx_word' id='word_1_846' title='bbox 1995 5450 2086 5521; x_wconf 56' lang='lat' dir='ltr'><strong>ei;</strong></span> <span class='ocrx_word' id='word_1_847' title='bbox 2117 5452 2207 5503; x_wconf 80' lang='grc' dir='ltr'><strong>καὶ</strong></span> <span class='ocrx_word' id='word_1_848' title='bbox 2241 5449 2495 5519; x_wconf 70' lang='grc' dir='ltr'>αὐθαδείᾳ</span> <span class='ocrx_word' id='word_1_849' title='bbox 2545 5452 2660 5512; x_wconf 88' lang='grc' dir='ltr'>τοῖς</span> <span class='ocrx_word' id='word_1_850' title='bbox 2696 5451 2767 5520; x_wconf 82' lang='grc' dir='ltr'><strong>μὴ</strong></span> <span class='ocrx_word' id='word_1_851' title='bbox 2802 5448 2921 5504; x_wconf 83' lang='grc' dir='ltr'>οῦσι</span> <span class='ocrx_word' id='word_1_852' title='bbox 2972 5450 3112 5515; x_wconf 79' lang='grc' dir='ltr'>θεοῖς</span> <span class='ocrx_word' id='word_1_853' title='bbox 3140 5453 3202 5505; x_wconf 92' lang='grc' dir='ltr'><strong>τὸ</strong></span> <span class='ocrx_word' id='word_1_854' title='bbox 3234 5455 3399 5518; x_wconf 80' lang='grc' dir='ltr'>σέϐας</span> <span class='ocrx_word' id='word_1_855' title='bbox 3458 5461 3643 5515; x_wconf 74' lang='grc' dir='ltr'>ἀττέ-</span> 
     </span>
    </p>
   </div>
   <div class='ocr_carea' id='block_1_117' title="bbox 1996 5539 3642 5624">
    <p class='ocr_par' dir='ltr' id='par_1_117' title="bbox 1996 5539 3642 5624">
     <span class='ocr_line' id='line_1_117' title="bbox 1996 5539 3642 5624; baseline -0.001 -32"><span class='ocrx_word' id='word_1_856' title='bbox 1996 5540 2229 5613; x_wconf 88' lang='grc' dir='ltr'>νειμαν).</span> <span class='ocrx_word' id='word_1_857' title='bbox 2265 5540 2399 5593; x_wconf 78' lang='grc' dir='ltr'>Οὔτε</span> <span class='ocrx_word' id='word_1_858' title='bbox 2431 5539 2539 5610; x_wconf 79' lang='grc' dir='ltr'><strong>γὰρ</strong></span> <span class='ocrx_word' id='word_1_859' title='bbox 2559 5541 2719 5610; x_wconf 81' lang='grc' dir='ltr'>ἡμεῖς</span> <span class='ocrx_word' id='word_1_860' title='bbox 2734 5542 3155 5612; x_wconf 81' lang='grc' dir='ltr'>ὴναγκασμένην</span> <span class='ocrx_word' id='word_1_861' title='bbox 3187 5542 3384 5614; x_wconf 77' lang='grc' dir='ltr'>ἔχομεν</span> <span class='ocrx_word' id='word_1_862' title='bbox 3415 5545 3642 5624; x_wconf 54' lang='grc' dir='ltr'>ζωὴν,</span> 
     </span>
    </p>
   </div>
   <div class='ocr_carea' id='block_1_118' title="bbox 1996 5633 3645 5704">
    <p class='ocr_par' dir='ltr' id='par_1_118' title="bbox 1996 5633 3645 5704">
     <span class='ocr_line' id='line_1_118' title="bbox 1996 5633 3645 5704; baseline -0.006 -5"><span class='ocrx_word' id='word_1_863' title='bbox 1996 5633 2071 5698; x_wconf 81' lang='grc' dir='ltr'>ὡς</span> <span class='ocrx_word' id='word_1_864' title='bbox 2115 5635 2185 5689; x_wconf 75' lang='grc' dir='ltr'>τὰ</span> <span class='ocrx_word' id='word_1_865' title='bbox 2237 5635 2424 5703; x_wconf 78' lang='grc' dir='ltr'>ἄλογα,</span> <span class='ocrx_word' id='word_1_866' title='bbox 2472 5633 2610 5687; x_wconf 86' lang='grc' dir='ltr'><strong>ἀλλά</strong></span> <span class='ocrx_word' id='word_1_867' title='bbox 2646 5634 2735 5689; x_wconf 70' lang='grc' dir='ltr'>διὰ</span> <span class='ocrx_word' id='word_1_868' title='bbox 2772 5635 2866 5688; x_wconf 90' lang='grc' dir='ltr'><strong>τὸν</strong></span> <span class='ocrx_word' id='word_1_869' title='bbox 2907 5636 3060 5704; x_wconf 65' lang='grc' dir='ltr'>λόγον</span> <span class='ocrx_word' id='word_1_870' title='bbox 3110 5635 3173 5689; x_wconf 90' lang='grc' dir='ltr'>τὸ</span> <span class='ocrx_word' id='word_1_871' title='bbox 3209 5637 3645 5704; x_wconf 72' lang='grc' dir='ltr'>αὐτεξούσιον-</span> 
     </span>
    </p>
   </div>
  </div>
