3734 6360
125 364 229 421 259

624 360 711 416 DE
743 359 1067 419 C(ELESTI
1105 356 1549 424 lllERARCHlA,
1583 358 1735 412 CAP.
1773 356 1859 411 ΙΧ.
1902 389 1972 398 -—-
2006 357 2355 415 PARAPHR.
2389 358 2866 415 PACHYMERA'I.

3299 361 3402 417 επ.

125 480 247 536 οὕτε
276 477 440 532 πάλιν
472 477 537 531 δι’
573 477 706 531 αὑτὸ
748 477 908 531 τοῦτο
937 478 1000 532 τὸ
1043 476 1385 543 αὐτεξούσιον
1427 476 1599 547 ἡμῶν,

1923 474 2080 528 )osita
2129 475 2448 539 necessitas,
2492 484 2552 528 ut
2585 475 2784 539 brutis,
2831 476 2925 531 sed
2978 491 3076 546 per
3132 478 3397 533 rationem

127 591 319 645 ποιμεν
354 574 420 626 ἂν
461 572 542 624 ὅτι
575 570 645 623 τὰ
687 571 806 624 θεῖα
848 570 1003 640 φῶτα
1034 571 1133 641 τῆς
1167 569 1425 642 προνοίας
1458 568 1552 622 τοῦ
1580 567 1714 621 Θεοῦ

126 666 591 737 ἀπαμϐλύνονται.
638 662 775 717 Ἀλλ’
830 664 1013 716 εἰκόνα
1059 664 1172 716 τῶν
1216 662 1389 731 λόγων
1444 662 1577 716 λάϐε
1611 662 1719 715 ἀπὸ

125 760 219 814 τοῦ
251 759 478 830 ἡλιακοῦ
521 758 715 828 φωτός·
766 758 843 822 ὡς
874 757 984 829 γὰρ
1018 758 1197 811 ἐκεῖσε
1238 758 1383 811 ἔστιν
1445 755 1595 819 ἰδεῖν,
1636 755 1720 807 ὅτι

126 854 220 905 ἐπὶ
259 852 360 923 μὲν
394 851 503 904 τῶν
528 850 800 919 διαφανῶν
829 851 885 903 αἱ
917 850 1026 902 τῶν
1060 849 1297 903 ἀκτίνων
1330 848 1594 911 διαδόσεις
1632 845 1720 915 γί-

128 962 329 1010 νονται,
370 945 464 997 καὶ
496 945 587 996 ἐπὶ
622 942 833 1007 τούτοις
868 942 1069 1014 μᾶλλον
1106 941 1200 994 κα)⁸
1227 935 1411 1014 ἦττον,
1444 939 1626 1004 καθὼς
1654 940 1723 994 ἂν

127 1035 241 1106 ἔχοι
284 1035 347 1089 τὸ
378 1034 742 1106 ὑποκείμενον
773 1036 913 1107 πρὸς
939 1035 1040 1107 τὴν
1072 1034 1167 1088 τοῦ
1198 1033 1375 1104 φωτὸς
1419 1032 1720 1104 μετάληψιν

128 1126 585 1197 ἐπιτηδειότητος·
627 1126 719 1179 ἐπὶ
757 1126 814 1179 δὲ
834 1125 943 1179 τῶν
988 1112 1309 1197 παχυτέρων
1349 1126 1451 1195 οὑχ
1497 1124 1718 1195 ὁμοίως,

127 1218 311 1290 ἀλλ’ἢ
357 1218 535 1292 πάντη
580 1219 870 1281 ἀδιαδότως
902 1219 934 1290 ἢ
970 1220 1259 1291 ἀμυδρῶς·
1295 1219 1452 1272 τοῦτο
1492 1219 1585 1271 καὶ
1628 1219 1722 1272 ἐπὶ

125 1312 225 1383 τῆς
279 1310 428 1375 Θείας
478 1311 798 1383 ἐλλάμψεως
843 1313 878 1383 ή
925 1312 1180 1383 ἀνισότης
1222 1313 1324 1384 τῆς
1371 1311 1721 1375 αὑτεξουσίου

130 1404 307 1475 ῥοπῆς
339 1402 649 1476 ἐργάζεται.
700 1405 933 1459 ’Υπόθου
977 1405 1109 1477 γὰρ,
1142 1405 1243 1477 τὴν
1272 1405 1542 1477 ἡμετέραν
1577 1403 1723 1474 ζωὴν

125 1494 252 1565 ὄψιν
280 1491 417 1549 εἶναι
452 1497 668 1569 νοεράν,
696 1497 809 1549 ἀλλ’
837 1497 1113 1568 ἀνόμοιον,
1142 1496 1233 1550 διά
1263 1497 1328 1550 τὸ
1354 1494 1719 1562 αὐτεξούσιον·

125 1590 160 1658 ή
194 1588 253 1640 δὲ
294 1588 397 1659 τῆς
432 1588 619 1659 θεῖκῆς
665 1588 1001 1661 ἀγαθότητος
1050 1588 1349 1658 φωτοδοσία
1400 1587 1501 1659 μία
1554 1587 1649 1641 καὶ
1690 1588 1724 1658 ἡ

126 1681 269 1753 αὐτή
325 1682 495 1745 ἐστιν,
530 1682 910 1755 ὑπερπλήρης,
938 1683 1033 1735 καὶ
1079 1681 1389 1753 ἀνελλιτὴς,
1422 1682 1515 1735 καὶ
1556 1679 1727 1751 ἀπλῆ,

128 1773 226 1825 καὶ
265 1772 352 1824 ἀεὶ
399 1772 667 1836 ὡσαύτως
697 1773 911 1843 ἔχουσα·
940 1774 976 1845 ἡ
1019 1772 1151 1843 γοῦν
1176 1773 1286 1826 τῶν
1326 1772 1503 1843 ὄψεων
1536 1769 1727 1838 αὑτεξ-

1822 566 2076 621 libertate
2108 567 2334 635 prmdita
2374 584 2387 620 :
2419 582 2595 635 neque
2642 584 2831 623 rursus
2859 568 3126 635 dicamus,
3177 584 3403 641 propter

1822 659 1975 713 illam
2030 660 2200 727 ipsam
2252 660 2562 715 libertatem
2595 671 2838 716 nostram
2880 662 3080 717 divina:
3100 664 3403 720 Providen-

1825 753 1914 806 tia:
1942 753 2123 806 divina
2157 752 2359 806 lumina
2398 752 2649 808 obtundi.
2684 755 2790 810 Sed
2826 756 3101 811 dicturum
3144 758 3254 828 92
3306 762 3402 812 ho-

1826 859 1945 898 rum
1970 844 2282 914 exetnplum
2312 846 2503 914 accipe
2545 861 2576 899 a
2624 845 2832 901 lumine
2862 848 2993 903 solis
3024 867 3038 901 :
3081 849 3221 903 sicut
3253 850 3398 902 enim

1816 932 1898 990 ibi
1932 934 2119 989 videre
2153 935 2299 999 licet,
2345 936 2398 989 in
2435 939 2909 1004 transparentibns
2941 939 3159 1010 quidem
3204 930 3403 1010 corp'oL

1825 1025 1980 1082 ribus
2011 1026 2289 1081 radiorum
2332 1026 2452 1080 fieri
2503 1027 2972 1096 distributionem,
3002 1046 3177 1100 eoque
3227 1036 3401 1103 magis

1824 1118 1910 1171 vel
1945 1119 2146 1186 minus,
2184 1135 2282 1190 pro
2309 1120 2538 1188 subjecti
2574 1121 2639 1174 ad
2682 1121 2862 1176 lumen
2902 1125 3285 1193 excipiendum
3309 1142 3403 1181 ca-

1826 1210 2100 1279 pacitate;
2132 1211 2184 1266 in
2219 1212 2587 1267 crassioribus
2617 1224 2798 1268 autem
2830 1230 2936 1269 non
2984 1217 3260 1282 similiter,
3307 1219 3403 1273 sed

1825 1315 1922 1359 aut
1943 1307 2167 1360 omnino
2185 1307 2533 1362 indistribute
2566 1318 2658 1362 aut
2682 1310 2954 1377 obscure;
2977 1311 3209 1380 idipsum
3233 1314 3401 1367 etiam

1826 1395 1881 1450 in
1911 1398 2094 1452 divina
2154 1399 2521 1454 illustratione
2574 1401 2912 1470 inaequalitas
2948 1403 3132 1457 libera:
3170 1419 3409 1475 propen-

1826 1487 1997 1542 sionis
2021 1502 2302 1558 operatur.
2332 1491 2590 1561 Suppone
2630 1493 2797 1556 enim,
2823 1493 2993 1548 vitam
3043 1506 3286 1551 nostram
3320 1500 3403 1553 vi-

1826 1581 2036 1638 sionem
2064 1598 2185 1639 esse
2208 1584 2538 1654 spiritalem,
2570 1587 2664 1640 sed
2688 1586 3035 1657 inrequalem,
3069 1601 3291 1658 propter
3314 1608 3407 1645 ar-

1828 1672 1975 1728 bitrii
2024 1675 2373 1746 libertatem;
2403 1678 2601 1733 divina-
2634 1690 2815 1733 autem
2870 1681 3135 1738 bonitatis
3168 1683 3403 1739 illustra-

1830 1767 2059 1834 tionetu,
2088 1784 2252 1823 unam
2303 1786 2428 1826 esse
2471 1780 2527 1825 et
2578 1774 2852 1837 eamdem,
2910 1775 3320 1845 superplenam,
3352 1790 3409 1833 et

127 1864 380 1934 ουσιότης
437 1864 470 1936 ἢ
528 1865 808 1930 παντελῶς
875 1866 1178 1938 ἀμέθεκτον
1228 1870 1377 1920 ποιεῖ
1425 1866 1526 1937 τὴν
1579 1867 1601 1921 θ

1934 1862 2265 1930 eticientem,
2313 1875 2370 1918 et
2436 1865 2765 1935 simplicem,
2830 1877 2885 1923 et
2937 1869 3128 1923 eodem
3191 1886 3408 1941 semper

128 1958 350 2021 ἀκτῖνα,
380 1958 437 2009 ἐν
470 1959 617 2023 ὅσοις
652 1956 852 2031 δηλαδὴ
896 1961 1188 2015 ἀντιτυπία
1238 1960 1377 2023 ἐστὶ,
1426 1959 1727 2014 κάντεῦθεν

128 2050 424 2123 οὑδόλωςή
460 2053 619 2116 ἀκτὶς
671 2053 981 2108 διαδίδοται·
1025 2055 1058 2127 ἢ
1107 2054 1397 2127 διαφόρους
1436 2059 1584 2109 ποιεῖ
1625 2054 1725 2121 τὰς

132 2141 389 2212 μετοχὰς,
430 2144 631 2215 μικράς
673 2146 707 2217 ἢ
750 2146 1012 2217 μεγάλας,
1042 2146 1288 2219 ἀμυδρὰς
1330 2147 1363 2219 ἢ
1408 2147 1600 2217 φανάς.
1650 2147 1725 2201 Τὸ

128 2234 282 2302 γοῦν,
318 2236 513 2307 μικρὸν
539 2238 633 2291 καὶ
668 2238 831 2309 μέγα,
865 2239 955 2293 ἐπὶ
979 2240 1167 2293 ποσοῦ·
1205 2240 1297 2294 καὶ
1343 2240 1515 2312 μικρά
1566 2241 1726 2313 χάρις

128 2328 293 2397 τυχὸν
315 2330 351 2399 ἡ
376 2329 477 2398 τῆς
511 2330 877 2396 διδασκαλίας·
919 2332 1129 2404 μεγάλη
1163 2334 1196 2404 ἡ
1231 2334 1331 2404 τῆς
1363 2333 1720 2405 προφητείας·

130 2420 207 2471 Τὸ
238 2418 296 2471 δὲ
324 2419 572 2490 ἀμυδρὰς
597 2422 629 2492 ἢ
665 2421 858 2491 φανὰς,
880 2422 972 2475 ἐπὶ
1008 2422 1186 2476 ποιοῦ·
1227 2423 1316 2476 ὅτε
1345 2424 1506 2494 τυχὸν
1540 2426 1573 2495 ἡ
1601 2440 1728 2496 προ-

130 2509 335 2580 φητεία
377 2510 496 2563 δυσί
537 2529 678 2565 τισιν
713 2513 967 2586 ὑπάρχει,
1015 2516 1109 2569 καὶ
1154 2513 1234 2585 τῷ
1285 2516 1383 2585 μὲν
1423 2515 1517 2568 ἐπὶ
1565 2514 1725 2569 πλέον

130 2601 271 2663 ἐστὶ,
293 2600 374 2672 τῷ
403 2602 459 2655 δέ
483 2603 568 2655 ἐπ’
598 2603 835 2659 ἔλαττον.
877 2607 1028 2659 Ἐπεὶ
1060 2608 1141 2661 ὅτι
1173 2624 1237 2676 γε
1267 2609 1361 2661 καὶ
1385 2607 1496 2661 τῶν
1523 2608 1726 2680 ἐτέρων

132 2692 307 2746 ἐθνῶν
338 2693 419 2764 (ἐξ
448 2690 523 2748 ὦν
550 2697 645 2750 καὶ
679 2700 840 2769 ἡμεῖς
864 2699 1124 2770 Ἕλληνες
1155 2700 1307 2764 ὄντες
1337 2700 1723 2771 ἀνενεύσαμεν)

131 2785 194 2840 οὑ
234 2787 376 2853 ξένοι
413 2788 561 2852 τινὲς
592 2792 687 2843 καὶ
719 2791 997 2846 ἀλλόκοτοι
1022 2792 1358 2847 ¹ἐπεστάτουν
1394 2791 1507 2848 θεοὶ
1544 2794 1638 2846 ἐπὶ
1665 2793 1727 2847 τὸ

131 2883 522 2953 ἐξηπλωμένον
552 2886 686 2939 πᾶσι
736 2890 850 2951 τοῖς
875 2888 1117 2942 θέλουσιν
1165 2891 1246 2953 εἰς
1276 2890 1561 2961 μετάδοσιν
1589 2892 1728 2945 ετοί-

135 2992 258 3047 μως
288 2976 360 3028 δι’
387 2975 695 3047 ἁγαθότητα
719 2978 813 3032 τοῦ
845 2980 1134 3052 θεαρχικοῦ
1166 2982 1345 3053 φωτὸς
1375 2982 1601 3053 ἄπειρον
1628 2983 1727 3036 πέ-

134 3070 325 3137 λαγος,
368 3071 483 3124 ἀλλ’
529 3073 715 3145 ἐπειδὴ
757 3075 855 3145 μία
909 3073 1128 3127 πάντων
1184 3074 1326 3147 ἀρχὴ
1368 3076 1396 3128 ό
1440 3074 1591 3139 Θεὸς·
1636 3075 1725 3130 διὰ

131 3161 295 3215 τοῦτο
355 3162 494 3234 πρὸς
549 3165 754 3236 ταύτην
798 3165 998 3236 ἀνῆγον
1031 3168 1080 3219 οἱ
1132 3167 1254 3220 καθ’
1299 3168 1530 3221 ἕκαστον
1573 3167 1723 3231 ἔθνος
1753 3208 1796 3264 C

132 3253 555 3318 ἐπιστατούντες
588 3254 808 3325 ἄγγελοι
855 3255 982 3319 τοὺς
1016 3257 1314 3327 ἑπομένους
1358 3255 1500 3310 κατὰ
1526 3256 1586 3311 τὸ
1632 3258 1729 3310 αὑ-

133 3344 387 3416 θαίρετον
413 3348 506 3400 καὶ
550 3350 650 3402 οὐκ
702 3349 1134 3419 ἠναγκασμένον.
1185 3351 1410 3420 Μάρτυς
1455 3352 1483 3403 ὁ
1527 3350 1729 3420 Μελχι-

133 3438 316 3499 σεδὲκ,
348 3438 600 3509 βασιλεὺς
640 3440 737 3511 μὲν
763 3441 864 3511 τῆς
897 3440 1085 3513 Σαλὴμ
1118 3441 1196 3496 ὢν
1230 3441 1321 3494 ἐπὶ
1362 3441 1472 3494 τῶν
1520 3442 1727 3512 χρόνων

131 3532 229 3584 τοῦ
268 3532 541 3603 Ἀϐραὰμ,
579 3532 637 3599 ἐξ
682 3534 852 3586 ἐθνῶν
890 3535 948 3587 δὲ
994 3536 1088 3587 καὶ
1127 3536 1185 3587 ἐν
1223 3534 1374 3605 μέσῳ
1412 3533 1521 3587 τῶν
1557 3534 1727 3587 ἐθνῶν

135 3624 404 3696 ἱεράρχης
428 3624 819 3694 φιλοθεώτατος
851 3626 1267 3698 γνωριζόμενος·
1305 3628 1365 3679 ού
1398 3625 1506 3698 γὰρ
1539 3626 1727 3698 ἁπλῶς

133 3689 387 3786 φιλόθεον
418 3689 606 3772 τοῦτον
635 3720 691 3771 αἱ
741 3689 982 3789 Γραιραὶ·
1003 3689 1421 3791 παραδιδοῦσιν,
1453 3689 1588 3773 ἀλλὰ
1632 3689 1725 3773 κάλ.

136 3814 294 3885 ἱερέα
323 3812 420 3866 τοῦ
466 3814 635 3878 ὅντως
662 3814 815 3877 ὄντος
864 3815 1020 3879 Θεοῦ,
1076 3816 1161 3868 ἵνα
1195 3816 1413 3878 πάντως
1440 3812 1722 3885 δηλώσωσι

131 3907 249 3967 τοῖς
276 3905 584 3976 ἐχέφροσιν,
618 3905 698 3958 ὅτι
719 3907 793 3978 μὴ
830 3906 989 3977 μόνον
1018 3903 1172 3971 οὗτος
1201 3903 1269 3977 ἦν
1303 3905 1564 3975 φιλόθεος,
1588 3905 1724 3957 ἀλλά

133 3999 233 4050 καὶ
269 3997 453 4061 ἄλλοις
480 4000 561 4062 εἰς
602 3998 876 4067 φιλοθεῖαν
909 4003 1116 4070 ἡγεῖτο·
1151 4001 1287 4071 ὅπερ
1316 3998 1435 4062 πῶς
1451 3999 1516 4052 ἂν
1531 3994 1619 4070 ἦν,
1650 3996 1727 4050 εἴ·-

133 4108 245 4159 περ
280 4090 621 4156 ἁπαξαπλῶς
637 4093 730 4145 καὶ
748 4096 1093 4147 παντάπασιν
1123 4082 1320 4145 ἐκτῶν
1354 4091 1525 4144 ἐθνῶν
1552 4094 1585 4162 ἡ
1621 4090 1731 4143 θεο-

134 4183 345 4251 γνωσία
380 4183 644 4237 ἀπέλειπε
1478 4177 1483 4181 ’

1828 1958 1987 2011 modo
2015 1970 2076 2012 se
2125 1957 2463 2014 habentem:
2504 1969 2633 2015 tunc
2676 1962 2867 2032 utique
2910 1964 3184 2020 visionmn
3234 1965 3405 2021 libera

1828 2049 2126 2123 propensio
2153 2050 2239 2104 vel
2260 2052 2485 2106 omnino
2534 2052 3057 2111 ineommunicatum
3112 2059 3289 2113 reddit
3321 2076 3407 2113 ra-

1827 2141 1974 2195 dium
2022 2142 2290 2209 divinum,
2341 2144 2410 2200 iis
2439 2147 2698 2202 nimirum
2735 2148 2830 2219 qui
2878 2148 3248 2217 reluctantur,
3282 2169 3411 2224 pro-

1826 2242 1951 2302 pter
1980 2235 2132 2303 quod
2172 2236 2398 2291 omnino
2430 2240 2615 2295 radius
2658 2257 2767 2297 nou
2798 2242 3186 2313 distribuitur;
3214 2247 3296 2300 vel
3320 2248 3406 2301 di-

1828 2342 2017 2382 versas
2070 2327 2205 2382 facit
2256 2328 2736 2400 participationes,
2786 2349 2983 2403 parvas
3027 2336 3110 2392 vel
3157 2328 3406 2408 magnas,

1827 2422 2094 2475 obscuras
2122 2418 2205 2475 vel
2254 2420 2453 2476 claras.
2504 2420 2639 2477 Illud
2696 2424 2879 2494 itaque
2922 2442 3149 2496 parvum
3205 2440 3263 2484 et
3294 2418 3408 2485 ma-

1828 2529 2020 2605 gnum,
2060 2515 2127 2567 ad
2160 2517 2525 2584 quantitatem
2558 2517 2797 2571 refertur
2833 2536 2845 2571 :
2880 2530 2934 2572 et
2960 2536 3126 2588 parva
3157 2532 3241 2577 est
3280 2540 3407 2592 gra-

1831 2608 1926 2673 tia,
1962 2605 2105 2661 forte
2133 2608 2489 2673 eruditionis;
2520 2624 2741 2680 magna,
2775 2611 3098 2679 prophetize.
3135 2614 3269 2669 Illud
3311 2632 3411 2670 au-

1834 2709 1963 2765 tem,
1992 2701 2258 2757 obscuras
2286 2701 2371 2756 vel
2424 2703 2625 2768 claras,
2658 2704 2725 2757 ad
2774 2705 3094 2772 qualitatem
3154 2706 3409 2777 refertur,

1827 2797 2047 2862 quando
2076 2793 2217 2849 forte
2254 2796 2541 2866 prophetia
2586 2796 2799 2852 duobus
2840 2797 3115 2868 aliquibus
3146 2803 3408 2872 obtingit;

1827 2898 1992 2956 atque
2015 2887 2105 2941 uni
2134 2888 2351 2957 quidem
2389 2888 2622 2957 plenior,
2648 2888 2805 2943 alteri
2832 2904 2964 2944 vero
2997 2892 3236 2952 tenuior.
3268 2895 3409 2962 Quin

1827 2981 1992 3036 etiam
2038 2983 2168 3052 quia
2216 2981 2430 3036 cmteris
2467 2981 2725 3051 gentibus
2775 2983 2829 3052 (e.
2851 2983 3050 3052 quibus
3082 2995 3137 3039 et
3166 3000 3286 3050 nos,
3315 2990 3408 3056 qui

1827 3074 2003 3129 Gnaei
2025 3073 2599 3142 sumus,etnersimus)
2626 3089 2731 3126 non
2762 3074 2925 3127 alieni
2956 3076 3179 3144 quidam
3208 3087 3264 3132 et
3284 3094 3412 3148 pro-

1828 3166 2019 3237 digiosi
2046 3167 2381 3237 praefuerunt
2405 3167 2478 3222 dii
2496 3166 2831 3223 addiﬂ‘usum
2848 3169 3131 3235 omnibus,
3150 3171 3242 3239 qui
3269 3171 3413 3225 ultrn

1839 3273 1938 3326 per
1954 3259 2261 3313 bonitatem
2282 3257 2399 3328 ejus
2432 3258 2910 3327 participationem
2930 3270 3216 3329 appetunt,
3244 3262 3410 3317 divini

1836 3348 2060 3403 luminis
2108 3349 2382 3402 infinitum
2431 3348 2677 3417 pelagus,
2709 3349 2804 3403 sed
2853 3360 2941 3404 est
2986 3368 3128 3406 unus
3168 3355 3409 3407 omnium

1837 3440 2177 3510 principatus
2213 3440 2385 3505 Deus;
2420 3440 2626 3495 idcirco
2652 3441 2719 3494 ad
2759 3442 2934 3510 ipsum
2960 3457 3179 3511 quoque
3211 3444 3414 3515 angeli,

1836 3526 1929 3594 qui
1963 3527 2162 3595 cuique
2205 3527 2416 3581 nationi
2446 3528 2691 3597 praefecti
2735 3539 2919 3593 erant,
2972 3548 3070 3586 eos
3091 3534 3185 3601 qui
3217 3549 3415 3603 seque-

1836 3620 2252 3687 bantur,libere
2275 3631 2329 3676 et
2367 3637 2473 3677 non
2508 3632 2700 3677 coacte
2725 3624 3091 3679 adduxerunt.
3121 3625 3298 3680 Testis
3332 3638 3415 3679 est

1832 3716 2210 3781 Melchisedec,
2258 3715 2351 3785 qui
2409 3716 2630 3785 quidem
2685 3732 2783 3770 rex
2833 3717 3017 3771 Salem
3075 3721 3415 3787 temporibus

1834 3808 2069 3862 Abrahze
2092 3815 2245 3873 erat;
2276 3818 2652 3862 verumtamen
2675 3823 2742 3860 ex
2769 3810 3041 3878 gentibus,
3067 3819 3122 3862 et
3151 3812 3204 3863 in
3238 3810 3415 3865 medio

1834 3901 2080 3971 gentium
2108 3941 2123 3967 ,
2159 3900 2418 3955 sacerdos
2462 3898 2574 3953 Deo
2625 3899 2973 3969 gratissimus
3015 3911 3099 3954 est
3139 3906 3359 3971 agnitus
3396 3919 3410 3956 :

1832 4006 1943 4044 non
1972 3990 2117 4046 enim
2144 3990 2378 4058 simplici
2412 3991 2574 4043 modo
2607 3991 2786 4058 ipsum
2834 3992 2945 4045 Deo
2972 3992 3198 4046 charum
3243 3994 3415 4048 exsti-

1837 4085 1970 4139 tisse
1994 4081 2295 4151 Scripturze
2337 4082 2576 4145 tradunt,
2628 4097 2818 4137 verum
2870 4085 3031 4137 etiam
3072 4086 3413 4142 sacerdotem

1834 4188 1964 4231 vere
1993 4171 2308 4228 exsistentis
2348 4172 2439 4226 Dei
2467 4189 2481 4239 ;
2519 4174 2595 4226 ita
2620 4183 2679 4226 ut
2715 4175 2939 4229 omnino
2971 4174 3249 4231 intellectu
3278 4194 3415 4246 prte-

135 4272 272 4326 ditis
296 4274 637 4342 significent,
677 4274 852 4345 ipsum
884 4292 990 4330 non
1024 4276 1199 4331 solum
1234 4275 1343 4329 Deo
1410 4276 1641 4330 charum
1698 4268 2003 4329 exstitisse,
2064 4277 2256 4317 verum
2306 4272 2363 4317 et
2426 4263 2560 4319 alios
2594 4281 2811 4335 quoque
2859 4266 2935 4320 ad,
2967 4265 3058 4321 Dei
3115 4269 3411 4327 amicitiam

137 4367 463 4429 adduxisse,
489 4367 631 4434 quod
656 4365 749 4436 qui
778 4365 889 4420 ﬁeri
917 4366 1203 4437 potuisset,
1230 4365 1275 4422 si
1327 4367 1619 4420 universint
1664 4372 1718 4417 et
1750 4361 1977 4416 omnino
2003 4366 2058 4411 et
2096 4360 2239 4424 apud
2265 4369 2458 4409 omnes
2493 4367 2684 4424 gentes
2711 4356 2804 4412 Dei
2848 4359 3042 4413 notitia
3067 4359 3397 4418 defecisset?

210 4457 240 4528 ς
281 4456 373 4511 IV.
416 4459 527 4511 Καὶ
558 4458 717 4511 τοῦτο
747 4458 804 4511 δὲ
836 4459 1133 4529 ὑπομνήσω
1163 4458 1260 4529 τὴν
1292 4458 1388 4529 σὴν
1412 4456 1684 4528 ἱεραρχικὶ

1984 4448 2071 4504 ιν.
2110 4449 2246 4504 Illud
2278 4464 2499 4518 quoque
2532 4448 2827 4519 pontificia:
2858 4460 2961 4504 tua:
2991 4452 3240 4507 scientia:
3265 4469 3415 4509 conn-

136 4550 359 4603 σύνεσιν
408 4550 574 4619 (φησὶ
620 4551 756 4621 πρὸς
794 4550 884 4603 τὸν
927 4551 1153 4618 Ἑφέσου
1183 4549 1479 4620 Τιμόθεον)
1524 4550 1606 4602 ὅτι
1635 4549 1728 4601 καὶ

134 4644 195 4695 αἱ
235 4640 361 4694 καθ’
397 4640 598 4703 ὕπνους
627 4641 848 4710 ὁράσεις
877 4641 955 4711 τῷ
981 4639 1178 4711 Φαραὼ
1214 4641 1307 4693 καὶ
1332 4640 1413 4710 τῷ
1455 4642 1731 4709 Ναὸουχο-

134 4734 383 4802 δονόσορ,
420 4730 507 4784 διὰ
535 4730 644 4784 τῶν
678 4731 924 4800 ἀγγέλων
954 4731 1062 4783 τῶν
1102 4730 1532 4784 ἐπιστατούντων
1587 4731 1732 4795 ἰδίως

132 4828 253 4888 τοῖς
288 4823 500 4875 ἔθνεσιν
532 4822 877 4894 ἐγεγένηντο,
913 4822 1034 4876 καθ’
1050 4822 1116 4886 ἃς
1130 4825 1350 4895 ὁράσεις
1376 4825 1438 4878 τὸ
1468 4825 1567 4896 τῆς
1597 4826 1734 4879 πάν-

134 4931 246 4967 των
283 4912 545 4984 προνοίας
578 4915 672 4967 καὶ
712 4914 1031 4985 κυριότητος
1075 4916 1431 4989 κηδεμονικὸν
1463 4917 1559 4970 τοῦ
1593 4916 1730 4971 Θεοῦ

133 5004 588 5076 διεπορθμεύετο·
620 5000 771 5069 οὗτος
784 5006 893 5077 γάρ
921 5005 1124 5078 Κύριος
1150 5007 1245 5059 καὶ
1275 5009 1577 5081 προνοητὴς
1594 5008 1731 5062 πάν-

132 5112 242 5149 των
277 5095 377 5148 καὶ
412 5093 577 5159 Θεὸς,
614 5096 689 5159 ὡς
722 5098 815 5149 καὶ
844 5098 872 5148 ὁ
903 5096 1112 5160 Παῦλος
1147 5097 1413 5169 πολλαχοῦ
1461 5099 1728 5171 ἐδήλωσεν

133 5187 333 5240 εἰπών·
352 5186 453 5255 Μὴ
476 5189 588 5241 οὐκ
610 5188 782 5242 ἐστιν
801 5191 834 5241 ό
852 5188 997 5251 Θεὸς
1023 5189 1121 5243 καὶ
1150 5188 1376 5249 ἐθνῶν-ς
1401 5191 1499 5245 ναὶ
1523 5193 1621 5246 καὶ
1634 5194 1731 5247 ἐθο-

133 5278 297 5344 νῶν,
341 5280 513 5347 εἴπερ
547 5280 632 5345 εἷς
680 5283 712 5333 d
748 5281 908 5347 Θεός.
961 5280 1098 5334 Ἀλλ’
1131 5282 1187 5332 αἱ
1232 5281 1451 5352 ὁράσεις
1499 5284 1597 5353 μὲν
1642 5283 1729 5338 διὰ

132 5374 244 5427 τῶν
275 5372 547 5440 ἀγγέλων,
579 5374 636 5424 αἱ
667 5373 722 5424 δὲ
746 5372 928 5435 λύσεις
951 5372 1262 5443 ἀλλαχόθεν,
1286 5374 1377 5426 καὶ
1405 5375 1465 5427 ού
1486 5375 1573 5428 διὰ
1604 5375 1727 5428 τού-

134 5484 266 5529 των,
307 5466 420 5537 ὅσῳ
460 5466 556 5518 καὶ
590 5465 726 5518 Θεοῦ
765 5465 1097 5536 θεράποντες
1142 5468 1387 5537 ὑπῆρχον
1419 5469 1469 5520 οἱ
1504 5469 1733 5540 συγκρί-

134 5575 325 5620 νοντες
355 5557 428 5609 τὰ
481 5557 755 5628 ὀνείρατα,
804 5559 899 5610 καὶ¹
933 5558 1041 5611 τῶν
1073 5558 1319 5628 ἀγγέλων
1352 5561 1518 5628 ἐγγὺς
1542 5600 1557 5625 ,
1593 5559 1734 5615 ὥστε

133 5651 247 5705 ἀπὸ
273 5648 415 5702 Θεοῦ
446 5649 514 5701 δι’
542 5648 721 5702 αὑτῶν
761 5648 831 5703 τά
879 5650 988 5703 τῶν
1022 5651 1322 5705 ἐπιλύσεων
1368 5652 1630 5721 γίνεσθαι.
1676 5654 1732 5707 '0

136 5744 249 5814 γάρ
295 5741 496 5812 Ἰωσὴφ
531 5740 599 5794 τά
630 5740 724 5794 τοῦ
757 5742 955 5811 Φαραὼ
985 5744 1238 5817 ὀνείρατα
1262 5744 1414 5801 ἔλυεν
1447 5747 1585 5817 ὑπὲρ
1618 5747 1727 5800 τῶν

212 5911 234 5939 ⁸
274 5900 437 5957 Rom.
470 5916 555 5967 ιιι,
591 5899 679 5954 29.

1839 4540 2157 4597 memorabo
2185 4540 2507 4611 (alloquitur
2536 4540 2603 4595 ad
2656 4539 3002 4595 Timotheum
3048 4543 3249 4612 Ephesi
3292 4547 3411 4616 epi-

1835 4634 2085 4703 scopum)
2112 4636 2386 4700 quomodo
2417 4634 2583 4687 etiam
2631 4630 2898 4687 Pharaoni
2953 4644 3007 4689 et
3046 4635 3413 4693 Nabuchodo-

1836 4723 2021 4777 nosori
2065 4738 2164 4793 per
2194 4722 2442 4791 angelus,
2488 4723 2774 4776 nationum
2829 4726 3089 4792 prmsides
3136 4729 3410 4797 proprios,

1810 4816 1890 4875 .in
1914 4814 2122 4868 somnis
2146 4814 2388 4869 visiones
2438 4814 2548 4868 sint
2573 4811 2852 4879 exhibitac,
2876 4828 2972 4882 per
3010 4831 3146 4886 quas
3172 4820 3411 4877 ontniutn

1835 4906 1943 4979 93
1979 4906 2338 4977 providentia:
2366 4921 2433 4975 ac
2455 4904 2845 4961 dominationis
2878 4904 2975 4961 Dei
3020 4923 3151 4963 cura
3179 4909 3246 4964 iis
3278 4911 3412 4967 iusi-

1835 5003 2107 5057 nuabatur
2150 5018 2163 5053 :
2192 5000 2458 5069 siquidem
2482 4999 2574 5053 hic
2599 5010 2684 5055 est
2708 5003 2993 5068 Dominus,
3033 5012 3088 5058 et
3138 5004 3408 5069 provisor,

1834 5105 1888 5150 et
1915 5093 2058 5148 Deus
2087 5094 2356 5158 omnium,
2409 5093 2556 5147 sicut
2598 5094 2765 5149 etiam
2798 5094 2999 5151 Paulus
3031 5095 3235 5162 ,multis
3281 5096 3413 5152 locis

1834 5188 2153 5253 declaravit,
2187 5187 2422 5241 dicens:
2470 5187 2725 5256 Nunqutd
2764 5196 2840 5242 est
2888 5189 3028 5242 Deus
3082 5189 3239 5242 etiam
3287 5205 3411 5257 gen-

1832 5281 2004 5334 tium?
2037 5282 2142 5334 imo
2184 5291 2233 5335 et
2285 5282 2542 5349 gentium,
2588 5283 2836 5346 quoniam
2876 5297 3014 5336 unus
3056 5293 3132 5335 est
3182 5282 3320 5335 Deus
3364 5291 3409 5334 τ.

1836 5371 2039 5429 Verum
2069 5374 2315 5429 visiones
2341 5375 2562 5443 quidem
2609 5393 2703 5446 per
2753 5375 2999 5445 angelos,
3046 5376 3411 5429 resolutiones

1835 5477 2018 5520 autem
2045 5466 2287 5533 aliunde,
2316 5475 2369 5521 et
2400 5481 2506 5521 non
2533 5483 2632 5535 per
2682 5470 2799 5532 hos,
2835 5468 2909 5519 ita
2958 5476 3016 5520 ut
3052 5463 3148 5520 Dei
3182 5466 3411 5529 fuerint,

1836 5558 2153 5627 angelisquc
2182 5559 2496 5629 propinqui,
2536 5560 2631 5629 qui
2674 5560 2885 5614 somnia
2918 5558 3310 5628 dijudicarunt,
3340 5559 3411 5612 ita

1836 5662 1954 5706 uta
1992 5651 2101 5705 Deo
2142 5666 2239 5721 per
2276 5650 2399 5707 illos
2448 5668 2635 5707 eorum
2686 5652 2951 5707 resolutio
2999 5652 3180 5706 tleret.
3210 5650 3410 5718 Joseph

1836 5747 1981 5803 enim
2000 5745 2163 5802 solvit
2185 5746 2395 5802 somnia
2421 5746 2728 5803 Pharaonis
2768 5762 2931 5803 suoer
2961 5745 3267 5818 Egyptios,
3313 5744 3412 5817 Da-
