3734 6358
369 381 470 438 2⁸11

1555 370 1615 429 S.
1652 368 1857 428 DIONY
1867 367 1953 426 Sll
1985 369 2454 430 AREOPAGITIE

3521 369 3616 424 272

370 497 478 553 niel
535 511 669 552 vero
735 491 1295 551 Nabuchodonosoris
1344 500 1535 545 contra
1590 489 1844 561 Babyloni

2140 491 2384 557 rumiwv,
2418 492 2447 546 6
2476 491 2534 546 δε
2554 492 2754 564 Δανιὴλ
2784 490 2855 546 τά
2880 494 2975 545 τοῦ
2998 485 3462 559 Ναϐουχοδονόσορ
3487 490 3614 539 κατὰ

369 590 606 652 Idcirco,
647 588 891 656 inquam,
946 601 1083 640 unus
1139 592 1225 639 est
1280 582 1524 637 omnium
1582 582 1943 652 principatus,

369 679 620 748 adeoque
658 694 765 733 una
794 676 1168 731 Providentia.
1206 672 1394 743 Neque
1420 672 1532 727 ullo
1564 672 1723 727 modo
1752 681 1947 740 putan-

369 773 497 828 dum
522 779 626 834 est,
652 771 809 839 quasi
842 770 1049 824 Judazis
1085 768 1303 839 quidem
1352 766 1547 822 sortito
1575 764 1719 819 Deus
1740 773 1793 820 et
1822 778 1949 835 pro-

369 864 485 936 prie
502 863 932 934 praefuerit,aliis
950 872 1130 916 autem
1156 859 1467 915 nationibus
1487 856 1832 930 praefuerint,
1853 862 1949 910 aut

370 957 549 1025 angeli
582 956 744 1011 modo
778 953 883 1008 sibi
919 953 1140 1024 proprio
1182 954 1301 1009 sine
1344 951 1789 1007 subordinatione
1815 988 1829 1014 ,
1860 947 1946 1003 vel

369 1046 606 1115 aequales
627 1046 739 1101 Deo
762 1045 846 1101 vel
873 1044 986 1100 Deo
1008 1045 1291 1110 contrarii,
1311 1044 1394 1098 vel
1415 1043 1578 1098 etiam
1609 1042 1698 1096 alii
1725 1041 1944 1113 quidam

367 1138 465 1192 dii.
494 1138 634 1205 Quin
658 1136 824 1192 etiam
848 1136 992 1206 quod
1020 1136 1071 1190 in
1101 1137 1329 1192 Caritico
1359 1136 1641 1205 Scriptura
1678 1134 1808 1190 dicit
1835 1151 1850 1189 :
1876 1132 1942 1187 Et

369 1231 541 1301 factus
576 1240 651 1285 est
676 1246 798 1300 pars
838 1229 1054 1284 Domini
1079 1232 1305 1299 papulas
1344 1230 1463 1299 ejus
1501 1228 1690 1295 Jacob,
1727 1227 1943 1298 [unicu-

368 1322 451 1378 lus
494 1324 820 1378 hazredilatis
861 1324 975 1393 ejus
1022 1323 1194 1378 Israel
1232 1332 1279 1387 ³,
1304 1324 1600 1377 secundum
1650 1323 1793 1375 hunc
1821 1335 1945 1376 sen-

368 1431 488 1471 sum
533 1414 912 1484 accipiendum
952 1424 1058 1480 est,
1106 1431 1210 1469 non
1265 1415 1424 1484 quasi
1484 1413 1628 1468 Deus
1684 1413 1943 1467 nmndum

366 1506 515 1561 hunc
555 1516 803 1561 nostrqu
836 1521 959 1560 cmn
991 1506 1209 1561 caateris
1238 1507 1344 1560 diis
1367 1504 1642 1574 angelisve
1677 1503 1942 1567 diviserit,

366 1598 528 1669 eique
571 1598 726 1668 quasi
770 1613 893 1654 sors
933 1598 1103 1653 lsrael
1145 1599 1456 1668 assignatus
1494 1597 1589 1653 sit.
1647 1595 1755 1651 Sed
1808 1611 1945 1665 quo-

366 1694 567 1750 modo?
615 1694 769 1763 Quod
828 1696 1089 1751 nimirum
1158 1696 1392 1766 ipsamet
1440 1695 1703 1751 altissima
1761 1710 1944 1751 rerum

366 1786 614 1841 omnium
644 1785 994 1841 Providentia
1049 1800 1137 1840 res
1182 1800 1373 1841 omnes
1406 1786 1708 1851 hominum,
1742 1785 1945 1840 saluta-

2048 581 2156 636 τῶν
2191 582 2559 638 Βαὸυλωνίων.
2590 584 2688 639 Διά
2721 583 2881 638 τοῦτό
2914 601 3077 655 φημι,
3120 583 3218 653 μία
3248 580 3395 634 ἐστὶν
3425 582 3458 651 ή
3494 579 3619 633 πάν-

2047 690 2155 726 των
2186 675 2349 747 ἀρχὴ,
2368 678 2460 730 καὶ
2487 676 2577 731 διά
2606 676 2764 731 τοῦτο
2799 677 2896 749 μία
2933 676 3160 749 πρόνοια
3179 715 3193 728 .
3234 675 3343 727 Καὶ
3378 672 3613 743 οὐδαμῶς

2050 766 2424 837 ὑποληπτέον,
2476 770 2556 824 ὅτι
2597 770 3063 843 ἀποκληρωτικῶς
3109 770 3203 823 καὶ
3244 768 3389 831 ἰδίως
3426 769 3455 820 ό
3498 766 3617 822 Θεὸς

2048 860 2232 930 ἠγεῖτο
2267 849 2374 913 τῶν
2414 860 2704 914 Ἰουδαίων·
2731 864 2845 924 τοῖς
2874 860 2930 914 δέ
2960 859 3141 924 ἄλλοις
3157 858 3362 912 ἔθνεσιν
3392 855 3617 909 ἐπεστά-

2046 951 2224 1023 τουνῆ
2249 950 2468 1021 ἄγγελοι
2494 953 2807 1025 ἰδιοτρόπως
2821 952 3205 1016 ἀνυπότακτοι,
3228 950 3261 1023 ἢ
3282 950 3534 1021 ὁμότιμοι
3552 949 3617 1017 τῷ

2046 1042 2185 1113 Θεῷ,
2220 1041 2252 1114 ἢ
2278 1042 2564 1108 ἀντίθετοι,
2597 1044 2630 1115 ἢ
2666 1044 2760 1098 καὶ
2785 1043 2896 1097 θεοί
2923 1061 3069 1108 τινες
3100 1043 3293 1115 ἕτεροι.
3343 1042 3507 1095 Ἀλλά
3538 1041 3617 1093 καὶ

2045 1133 2106 1186 τὸ
2132 1135 2188 1186 ἐν
2218 1137 2283 1206 τῇ
2316 1135 2426 1208 ᾠδῇ
2450 1134 2649 1205 λόγιον,
2682 1134 2744 1188 τὸ
2777 1135 3006 1213 φάσκονξ
3040 1133 3153 1188 Καὶ
3181 1132 3435 1204 ἐγενήθη
3458 1134 3616 1203 μερὶς

2045 1228 2269 1294 Kvplov
2307 1228 2458 1294 λαὸς
2488 1227 2674 1282 αὐτοῦ
2733 1225 2942 1289 Ιακὼϐ,
2976 1227 3303 1295 σχοίνισμα
3341 1230 3619 1293 κληρονο-

2038 1322 2183 1389 μίας
2207 1319 2393 1374 αὑτοῦ
2439 1315 2641 1388 Ἰσραὴ
2656 1324 2704 1384 1.,
2735 1319 2878 1373 κατά
2907 1318 3065 1391 τήνδε
3108 1317 3207 1389 τὴν
3237 1317 3441 1369 ἔννοιαν
3478 1314 3619 1385 ἐκληο

2046 1413 2227 1475 πτὲον,
2264 1412 2361 1483 οὐχ
2387 1412 2469 1465 ὅτι
2492 1413 2783 1484 ἐμερίσατο
2814 1411 2842 1463 6
2874 1409 3008 1473 Θεὸς
3044 1408 3163 1480 μεθ’
3194 1407 3395 1479 ἐτέρων
3418 1406 3617 1476 θεῶν,ῆ

2046 1508 2139 1561 καὶ
2162 1506 2427 1576 ἀγγέλων,
2445 1506 2537 1559 τὸν
2556 1504 2677 1559 καθ’
2697 1505 2842 1576 ἡμᾶς
2857 1501 3046 1555 τοῦτον
3074 1501 3298 1573 κόσμον,
3322 1500 3419 1553 καὶ
3450 1500 3619 1569 τούτῳ

2044 1604 2358 1677 ἐπενεμήθη
2403 1604 2479 1668 ὡς
2510 1605 2711 1676 κλῆρος
2752 1605 2780 1657 ό
2838 1601 3072 1675 Ἰσραήλ.
3118 1600 3275 1653 Ἀλλά
3312 1599 3468 1667 πῶς;
3508 1602 3618 1653 Ὀτι

2046 1700 2183 1771 αὐτὴ
2211 1700 2307 1770 μὲν
2334 1700 2367 1770 ἡ
2404 1697 2502 1769 μία
2528 1697 2905 1751 τῶνὰπάντων
2940 1693 3160 1764 ὕψιστος
3175 1691 3431 1767 πρόνοια,
3450 1696 3619 1747 πάντα

2044 1792 2115 1845 τὰ
2144 1792 2225 1854 εἰς
2251 1788 2592 1860 ἀνθρώπους,
2626 1790 2749 1851 ταῖς
2783 1789 3079 1850 σωστικαῖς
3117 1787 3214 1857 μὲν
3251 1785 3393 1857 πρὸς
3415 1785 3620 1856 ἀνθρώ-

366 1879 522 1934 ribus
550 1879 771 1948 quidem
826 1878 1002 1949 quoad
1054 1880 1226 1949 ipsos,
1257 1879 1326 1933 ad
1362 1877 1531 1932 Deum
1566 1893 1696 1932 vero
1726 1893 1840 1932 surs

2144 1904 2218 1949 ις,
2251 1884 2602 1942 ἀνατατικαῖς
2646 1881 2703 1934 δὲ
2753 1879 2889 1953 πρὸς
2919 1880 3051 1932 Θεὸν
3093 1879 3489 1952 χειραγωγίαις
3519 1880 3618 1931 τῶν

367 1971 708 2040 erigentibus
736 1971 1277 2035 manuductiouibus,
1312 1971 1523 2040 angelis
1564 1972 1680 2026 suis
1707 1986 1839 2043 pmp

2146 1978 2259 2033 είων
2273 1976 2518 2046 ἀγγέλων
2540 1974 2864 2046 διενείματο,
2887 1974 2952 2028 ἐκ
2964 1972 3168 2027 τούτων
3200 1973 3257 2026 δέ
3282 1973 3504 2026 πάντων
3517 1973 3620 2025 τῶν

365 2063 722 2132 commiserit,
755 2080 821 2120 ex
861 2066 1113 2121 omnibus
1141 2076 1323 2120 autem
1366 2065 1473 2120 illis
1507 2065 1761 2135 gentibus
1791 2080 1839 2119 St

2145 2072 2212 2125 ὦν
2262 2071 2421 2142 μόνος
2463 2072 2491 2124 6
2534 2069 2749 2142 Ἰσραὴλ
2793 2068 2886 2121 ἐπὶ
2923 2068 3024 2138 τὴν
3069 2065 3164 2119 τοῦ
3200 2065 3370 2129 ὅντως
3417 2067 3619 2137 Κυρίου

364 2152 532 2210 lsrael
559 2156 624 2209 ad
645 2157 756 2211 veri
781 2156 875 2212 Dei
901 2156 1321 2212 illustrationem
1340 2170 1639 2211 conversus
1665 2154 1757 2209 sit.
1785 2153 1941 2208 Unde

363 2259 523 2300 sacra
557 2245 868 2317 Scriptura,
898 2247 1214 2316 signiﬁcans
1244 2246 1388 2317 quod
1418 2248 1660 2316 seipsum
1692 2245 1855 2301 Israel
1873 2244 1938 2298 ad

365 2340 479 2395 veri
531 2339 627 2396 Dei
678 2341 1041 2397 ministerium
1087 2340 1418 2395 destinarit:
1471 2340 1671 2396 Factus
1697 2352 1796 2405 est,
1853 2337 1941 2391 iu-

364 2435 507 2505 quit,
569 2447 694 2501 pars
730 2432 959 2487 Domini.
1025 2432 1098 2489 Ut
1142 2443 1326 2490 autem
1378 2434 1574 2487 iterum
1604 2432 1937 2495 ostenderet,

363 2524 639 2595 quomodo
666 2524 836 2579 etiam
875 2522 1062 2588 lsrael,
1094 2526 1303 2594 pariter
1332 2539 1456 2581 cum
1504 2522 1719 2578 caneris
1762 2528 1940 2594 gentl-

370 2619 492 2681 bus,
554 2615 819 2686 peculiari
871 2617 1088 2671 cuidam
1134 2616 1331 2687 angelo
1376 2599 1701 2671 commissus
1748 2614 1938 2680 fuerit,

366 2725 468 2781 per
514 2724 680 2779 quem
739 2710 805 2764 ad
857 2709 951 2767 Dei
999 2711 1246 2765 notitiam
1291 2715 1693 2777 traduceretur,
1726 2710 1769 2764 si
1825 2710 1939 2778 ipse

365 2804 621 2859 nimirum
674 2807 837 2862 etiam
889 2803 1074 2869 vellet,
1124 2802 1440 2859 Michaelem
1495 2803 1686 2858 ducem
1754 2801 1938 2875 populi

363 2898 510 2955 illius
584 2901 745 2969 dicit;
800 2911 990 2971 aperte
1063 2902 1191 2956 hinc
1252 2900 1471 2966 docens,
1532 2899 1748 2955 unicam
1816 2914 1938 2954 esse

360 2994 603 3046 omnium
634 2993 1033 3063 providentiam
1079 3010 1199 3063 qua;
1229 2994 1446 3050 cunctis
1492 3002 1602 3048 tam
1632 2993 1939 3048 visibilibus

361 3099 526 3153 (luam
586 3082 952 3141 invisibilibus
1003 3086 1215 3155 praesit,
1241 3099 1543 3154 omnesque
1580 3100 1646 3139 ac
1696 3084 1938 3154 singulas

2044 2166 2373 2238 φωτοδοσίαν
2389 2164 2728 2237 ἐπεστράφη.
2753 2162 2914 2217 Ὅθεν
2946 2162 2980 2232 ἡ
3016 2159 3135 2213 θεία
3157 2158 3368 2230 Γραφὴ,
3386 2160 3621 2229 δηλοῦσα

2046 2272 2163 2343 μὲν,
2193 2272 2276 2325 ὅτι
2310 2267 2692 2339 ἐπεκλήρωσεν
2723 2264 2913 2318 ἐαυτὸν
2942 2264 2983 2347 6.
3016 2261 3230 2335 Ἰσραὴλ
3267 2261 3361 2314 ἐπὶ
3393 2260 3495 2332 τὴν
3528 2258 3617 2312 τοῦ

2039 2374 2210 2434 ὅντως
2238 2366 2374 2423 Θεοῦ
2401 2366 2716 2438 θεραπείαν·
2748 2359 3028 2432 Ἐτενήθη
3049 2360 3221 2431 μερὶς
3245 2358 3497 2428 Κυρίου,
3519 2377 3620 2429 φη-

2043 2473 2145 2525 σίν.
2194 2465 2608 2537 Ἐνδεικνυμένη
2636 2464 2693 2519 δὲ
2720 2463 2884 2518 πάλιν
2898 2462 2979 2527 τὸ,
3004 2460 3099 2515 καὶ
3120 2459 3282 2514 αὑτὸν
3311 2458 3378 2529 δὴ
3400 2457 3495 2509 τὸν
3523 2457 3620 2509 Ἱσ-

2044 2561 2181 2637 ραὴλ
2209 2562 2268 2615 ἐν
2302 2560 2402 2631 ῐσῳ
2431 2561 2545 2622 τοῖς
2574 2557 2779 2619 λοιποῖς
2814 2554 3020 2607 ἔθνεσιν
3049 2552 3128 2605 ἐνί
3161 2568 3267 2605 τινι
3299 2548 3409 2603 τῶν
3451 2548 3616 2616 ἀγγέ-

2039 2655 2145 2710 λων
2185 2652 2596 2724 άπονεμηθῆναι
2640 2652 2721 2713 εἰς
2759 2648 2819 2702 τὸ
2848 2648 2915 2701 δι’
2949 2644 3114 2700 αὐτοῦ
3147 2646 3226 2707 είς
3254 2643 3354 2713 τὴν
3391 2642 3620 2709 θεοτνω-

2041 2745 2161 2799 σίαν
2184 2742 2503 2813 ἀναχθῆναι,
2532 2740 2776 2803 θέλοντος
2806 2737 3008 2809 δηλαδὴ
3041 2737 3137 2790 καὶ
3167 2733 3354 2795 αὑτοῦ,
3389 2732 3484 2785 τὸν
3518 2732 3619 2784 Μι-

2037 2836 2176 2909 χαὴλ
2207 2836 2311 2905 ἔφη
2344 2832 2588 2905 ἡγεμόνα
2628 2828 2722 2883 τοῦ
2757 2828 2997 2883 τοιούτου
3030 2825 3185 2879 λαοῦ·
3229 2825 3619 2878 ἐκδιδάσκουσα

2038 2924 2293 2979 ἐντεῦθεν
2319 2926 2353 2995 ὴ
2381 2921 2573 2995 Γραφὴ
2588 2919 2669 2983 τὸ,
2704 2918 2832 2989 μίαν
2862 2913 3001 2970 εἶναι
3033 2916 3291 2987 πρόνοιαν
3321 2915 3416 2967 ἐπὶ
3433 2916 3616 2975 πᾶσιν,

2039 3015 2439 3089 ὑπερκειμένην
2471 3012 2789 3085 καὶὸρατῶν
2816 3012 2910 3065 καὶ
2941 3011 3187 3081 ἀοράτων
3220 3007 3502 3069 ἁπάντων,
3530 3003 3619 3057 καὶ

2041 3112 2127 3164 ὅτι
2160 3110 2336 3163 πάντα
2364 3106 2433 3160 τά
2464 3104 2585 3159 καθ’
2614 3104 2843 3159 ἕκαστον
2876 3100 3003 3173 ἔθνη
3040 3101 3169 3154 ἴδιον
3199 3101 3499 3169 ἐσχήκασιν
3527 3097 3620 3165 ἆγ-

362 3185 553 3244 gentes
580 3179 911 3245 peculiarem
955 3176 1208 3247 angelum
1244 3176 1520 3241 habuisse,
1549 3177 1642 3247 qui
1689 3190 1809 3241 eos,

2144 3220 2217 3265 ον,
2251 3199 2599 3256 ἀνατείνοντα
2636 3199 2764 3261 τοὺς
2798 3196 3096 3267 ἑπομένους
3131 3192 3452 3253 ἐθελουσίως
3482 3188 3618 3242 κατὰ

362 3266 507 3320 ultro
556 3282 623 3321 ac
663 3278 857 3339 sponte
882 3279 1270 3340 sequerentur,
1301 3269 1368 3322 ad
1399 3267 1569 3323 Deum
1612 3283 1791 3322 rerum
1818 3284 1936 3322 οιιι-

362 3355 512 3409 nium
541 3358 871 3431 principium
904 3362 1190 3434 dirigeret.
1253 3360 1260 3370 “
1654 3356 1655 3359 “

2039 3296 2099 3350 τὸ
2131 3294 2473 3361 αὐτεξούσιον
2488 3293 2567 3356 εἰς
2598 3290 2697 3363 τὴν
2724 3289 2940 3344 πάντων
2968 3288 3164 3361 ἀρχὴν,
3190 3286 3283 3339 τὸν
3297 3284 3451 3338 Θεόν.

356 3508 3610 3537 _______—_____.___—___________—__.____—__—

732 3659 845 3733 9⁸
910 3678 1295 3769 CAPUT
1369 3679 1489 3766 Χ.

586 3822 842 3895 Repetitio
871 3833 920 3880 et
943 3822 1212 3879 conclusio
1241 3823 1468 3893 angelici
1490 3822 1716 3879 ordinis.

2416 3663 3063 3786 ΚΕΦΑΛΑΙΟΝ
3101 3664 3183 3746 Ιν.

2051 3800 2463 3872 Ἐπανάληψις
2495 3802 2592 3856 καὶ
2623 3800 2942 3936 συναέιὲνγὴ
2977 3800 3089 3872 τῆς
3139 3799 3464 3871 ἀηελικῆς
3521 3803 3618 3854 εὐ-

2714 3888 2786 3924 τα
2850 3889 2941 3936 ας.

2714 3888 2941 3938 tactae.

1667 3980 2003 4085 srnorsts
2035 4028 2326 4085 CAPlTlS.

422 4178 466 4233 ι.
490 4182 654 4243 Docet,
679 4182 987 4236 sublimiora
1009 4181 1507 4250 angelossubjimiori
1528 4196 1722 4250 quoque
1748 4184 1891 4250 modo
1926 4183 2182 4250 illustrari.
2219 4184 2282 4250 ll.
2301 4186 2372 4250 In
2398 4184 2797 4250 illustrationibus
2828 4185 3018 4250 servari
3038 4200 3225 4247 quoque
3255 4188 3622 4239 subordinatio—

1031 4243 1157 4296 ném.
1184 4243 1269 4294 III.
1298 4245 1473 4296 Omnes
1494 4243 1594 4297 sibe
1617 4243 1813 4309 angelos
1833 4245 1933 4297 sive
1953 4245 2169 4297 homines
2194 4245 2433 4310 triplicem
2454 4249 2629 4300 habere
2658 4246 2934 4312 potentiam.

1951 4394 2059 4471 ει.

432 4513 763 4572 Conclusam
804 4513 977 4583 igitur
1001 4526 1032 4567 a
1074 4511 1253 4577 nobis,
1285 4513 1560 4582 quomodo
1586 4513 1676 4568 illa
1709 4515 1906 4585 quiden

2148 4520 2377 4590 υνῆκται
2404 4520 2583 4576 τοίνυν
2611 4521 2775 4592 ἡμῖν,
2814 4521 2891 4586 ὡς
2922 4522 2955 4593 ἡ
2988 4522 3085 4592 μὲν
3128 4521 3479 4593 πρεσϐυτάτη
3511 4524 3622 4576 τῶν

362 4607 762 4677 antiquissima.
790 4620 911 4676 qua:
951 4604 1060 4661 Deo
1093 4611 1295 4672 pneslo
1318 4613 1423 4669 est,
1449 4604 1931 4677 intelligentiarum

362 4696 694 4763 distributio,
723 4697 793 4751 ab
841 4694 1606 4767 ipsametprimitusiuitiante
1659 4697 1934 4752 illumina-

361 4793 511 4848 tione
536 4799 875 4858 consecrata,
919 4788 1233 4844 immediate
1264 4789 1342 4844 illi
1384 4790 1735 4856 intendendo,
1760 4808 1937 4849 secre-

361 4886 485 4942 tiori
524 4883 690 4939 simul
721 4893 776 4938 et
803 4880 1169 4937 manifestiori
1213 4881 1385 4937 divini
1437 4883 1778 4954 principatus
1806 4886 1931 4940 illu-

358 4979 627 5036 stratione
651 4988 911 5047 purgetur
935 4983 994 5029 et
1028 4974 1368 5029 illuminetur
1396 4987 1558 5044 atque
1593 4977 1928 5046 perficiatur.

358 5068 656 5125 Secretiori
684 5067 931 5136 quidem,
965 5066 1094 5134 quia
1126 5066 1447 5133 spiritaliori
1488 5068 1767 5137 magisque
1791 5070 1926 5124 sim-

359 5162 537 5233 plilica
580 5159 926 5228 uuiﬁcaque;
976 5158 1335 5212 manifestiuri
1383 5170 1587 5225 autem,
1627 5160 1755 5227 quia
1815 5163 1929 5230 pri-

360 5252 545 5308 mitiva
591 5248 989 5320 primilucaque
1036 5257 1091 5300 et
1144 5248 1551 5315 universaliori,
1580 5250 1791 5321 ipsique
1818 5253 1924 5324 (ut-

431 5394 455 5423 ι
486 5382 641 5437 Deut.
680 5395 853 5447 xxxn,
880 5379 936 5435 9.

2037 4612 2165 4682 περὶ
2195 4612 2328 4665 Θεὸν
2356 4614 2490 4667 νοῶν
2529 4614 2902 4685 διακόσμησις,
2946 4613 3049 4666 ὑπὸ
3086 4614 3184 4685 τῆς
3225 4614 3622 4686 τελεταρχικῆς

2036 4703 2352 4775 ἐλλάμψεως
2388 4707 2809 4780 ίεραρχουμένη,
2841 4708 2919 4779 τῷ
2951 4707 3225 4779 ἐπάὑτὴν
3255 4709 3481 4780 ἀμέσως
3498 4711 3624 4762 ἀναο

2032 4796 2303 4851 τείνεσθαι
2323 4798 2402 4862 ⁷⁸,
2430 4801 2779 4873 κρυφιωτέρᾳ
2813 4801 2907 4854 καὶ⁵
2941 4800 3211 4872 φανοτέρᾳ
3227 4802 3273 4834 7‘
3304 4800 3409 4871 τῆς
3454 4801 3624 4872 θεαρ-

2033 4889 2157 4959 χίας
2188 4890 2486 4963 φωτοδοσίᾳ
2509 4891 2850 4965 καθαίρεται,
2883 4893 2976 4945 καὶ
2997 4890 3311 4961 φωτίζεται,
3344 4894 3439 4945 καὶ
3464 4894 3623 4944 τελε·
3698 4916 3699 4923 η

2035 4986 2384 5053 σιουργεῖται.
2413 4986 2777 5057 Κρυφιωτέρᾳ
2795 4987 2911 5056 μὲν,
2936 4986 3012 5049 ὡς
3031 4985 3342 5057 νοητοτέρᾳ,
3368 4986 3463 5037 καὶ
3490 4985 3623 5055 μᾶλ-

2032 5074 2121 5127 λον
2148 5076 2427 5149 άπλωτικῇ
2455 5079 2548 5131 καὶ
2576 5079 2822 5149 ἐνοποιῷσ
2862 5080 3135 5152 φανοτέρᾳ
3164 5079 3243 5141 δὲ,
3275 5080 3352 5141 ὼς
3401 5094 3621 5150 πρωῒοο

2031 5163 2166 5234 δότ-ῳ
2198 5166 2291 5219 καὶ
2318 5170 2664 5237 πρωτοφανεϊ
2691 5170 2784 5223 καὶ
2821 5169 3140 5241 όλικωτέρᾳ,
3172 5171 3265 5222 καὶ
3296 5170 3500 5241 μᾶλλον
3538 5174 3621 5233 εἱς

2031 5257 2315 5328 αὑτὴν,ὠς
2345 5259 2535 5332 διειδῆ,
2565 5262 2843 5336 κεχυμένη
2864 5264 2931 5318 ⁷⁵.
2965 5264 3108 5334 Πρὸς
3135 5263 3340 5333 ταύτης
3360 5262 3418 5316 δὲ
3447 5264 3619 5318 πάλιν

1637 5525 1869 5581 VARUS
1906 5524 2310 5582 LECTIONES.

427 5661 473 5693 "
513 5656 917 5748 ἀνάχεσθαινθξ.
948 5669 1000 5712 ct
1031 5659 1315 5748 translatio
1338 5659 1510 5748 Scoti.
1589 5663 1635 5693 "
1662 5662 1729 5748 in.
1752 5661 1819 5715 M.
1852 5663 2159 5748 nominandi
2182 5680 2309 5748 casu
2341 5662 2591 5748 leguntur
2620 5670 2756 5748 ista}
2798 5665 3144 5748 κρυεριωτέρα
3177 5668 3273 5748 καὶ
3310 5671 3612 5748 φανοτέρα,

357 5741 412 5785 et
457 5730 1344 5817 morientem.sappinorépausv,
1379 5730 1805 5817 Διῖιςχνοητοτέρει
1830 5733 1973 5817 ζ’καὶ
2009 5733 2207 5817 μᾶλλον
2262 5730 2543 5807 ἀπλωτικὴ
2578 5738 2672 5791 καὶ
2723 5730 2999 5817 ἑνοποιόςο
3057 5730 3333 5813 ᾡανοτέρεί
3358 5743 3438 5808 δέ,
3468 5730 3611 5808 eiu.

356 5817 443 5857 cut
498 5799 716 5855 lectioni
754 5800 1033 5856 translatio
1085 5799 1232 5855 Secti
1278 5799 1658 5870 adstipulatur.

1751 5803 1795 5835 ⁷⁵
1833 5802 1901 5859 Μ.
1937 5805 2259 5877 κεχυμένην.
