3734 6344
112 370 220 426 273

763 362 853 418 DE
883 357 1208 416 C(ELESTI
1239 354 1679 420 HIERARCHIA,

1838 355 1875 411 ’.
1912 357 1982 416 Χ.
2017 387 2087 397 -
2118 354 2445 412 CORDERII
2482 352 2717 413 ΝΟΤᾸΞ.

3265 357 3373 414 274

112 487 441 559 ἀναλόγωςὴ
463 484 711 557 δευτέρα,
743 484 838 538 καὶ
870 484 1007 556 πρὸς
1022 484 1123 555 τῆς
1154 482 1410 556 δευτέρας
1436 484 1469 555 ἡ
1513 482 1679 555 τρίτης

1838 490 1921 535 ote
1958 478 2261 550 liquidiori)
2309 479 2555 535 intimius
2597 479 2798 534 infusa.
2836 477 2923 533 Ab
2955 477 3061 533 hac
3104 487 3283 531 autem
3316 491 3373 532 ut

114 584 204 637 καὶ
225 582 359 653 πρὸς
385 580 486 651 τῆς
513 580 702 651 τρίτης
726 581 759 651 ἡ
785 578 905 632 καθ’
930 581 1077 651 ἡμᾶς
1106 579 1358 650 ίεραρχία
1380 619 1395 643 ,
1431 578 1573 631 κατά
1598 578 1679 630 τὸν.

1838 588 1988 628 erum
2017 572 2255 627 secunda
2283 587 2383 642 pro
2408 587 2510 629 sua
2539 573 2817 642 portione,
2847 580 2905 626 et
2937 587 2965 626 a
2994 570 3233 626 secunda
3261 581 3366 626 ter-

112 675 271 731 αὑτδν
300 675 397 745 τῆς
430 675 699 746 εὐκόσμου
745 672 1068 745 ταξιαρχίας
1107 672 1328 744 θεσμὸν,
1358 674 1416 726 έν
1456 672 1693 743 ἁρμονίᾳ

113 768 233 838 θείᾳ
256 767 348 819 καὶ
371 756 649 837 ἀναλογίᾳ,
673 765 811 837 πρὸς
823 764 920 837 τὴν
944 766 1163 836 ἀπάσης
1193 765 1491 835 εὐκοσμίας
1523 764 1693 834 ὑπερ-

113 861 305 931 ἁρχιον
333 858 507 930 ἀρχὴν
545 859 637 913 καὶ
668 856 977 929 περάτωσιν
1021 855 1349 929 ίεραρχικῶς
1379 856 1660 924 ἀνάγεται.

1796 668 1895 733 tia,
1925 675 1979 721 et
1999 681 2029 721 a
2047 666 2216 721 tertia
2241 675 2429 721 noster
2456 666 2545 720 hic
2564 681 2722 721 sacer
2743 666 2902 731 ordo,
2920 663 3071 736 juxta
3098 664 3374 736 primaeva

1797 760 1945 815 illius
2003 769 2167 815 rectae
2207 758 2624 814 constitutionis
2654 758 2853 830 legem,
2909 758 3094 813 divina
3146 772 3377 829 prorsus

1802 853 2080 909 harmonia
2110 852 2576 923 congruentiaque
2628 849 2695 905 ad
2741 850 3227 921 superoriginalem
3257 865 3374 905 om-

1800 943 1887 999 nis
1916 943 2069 999 boua:
2098 943 2463 999 ordinationis
2498 941 2776 1012 originem
2829 951 2887 999 et
2929 943 3373 1000 terminationem

1798 1049 1957 1091 sacro
1991 1037 2227 1106 quodam
2253 1036 2445 1092 ordine
2481 1044 2899 1105 promoveatnr.

1666 1191 1694 1265 ς
1740 1189 1820 1251 ΙΙ.

200 1378 616 1451 Ἐκφαντορικοὶ
672 1377 729 1432 δὲ
770 1377 973 1442 πάντες
1025 1377 1132 1432 εἰσὶ
1184 1378 1279 1432 καὶ
1320 1377 1541 1448 ἄγγελοι
1589 1377 1699 1433 τῶν

114 1470 221 1542 πρὸ
234 1469 434 1523 αὐτῶν
451 1471 499 1522 oi
519 1471 613 1541 μὲν
628 1468 1153 1542 πρεσϐύτατοι,Θεοῦ
1166 1468 1262 1523 τοῦ
1277 1468 1700 1534 κινοῦντος,ἀνα-

114 1562 287 1631 λόγως
310 1561 370 1615 δὲ
401 1562 450 1615 οἱ
479 1561 677 1627 λοιποὶ,
705 1559 815 1615 τῶν
845 1562 910 1615 ἐκ
927 1560 1063 1615 Θεοῦ
1094 1562 1698 1634 κεκινημένων·τοσοῦ-

112 1671 205 1707 τον
236 1652 406 1725 γάρή
441 1653 658 1708 πάντων
700 1652 1025 1725 ὑπερούσιος
1060 1654 1295 1726 ἁρμονία
1330 1656 1431 1727 τῆς
1463 1656 1695 1711 ἑκάστου

112 1745 223 1799 τῶν
249 1745 483 1816 λογικῶν
512 1763 572 1799 τε
606 1745 703 1800 καὶ
744 1744 948 1817 νοερῶν
984 1747 1135 1819 ἱερᾶς
1167 1747 1464 1819 εὐκοσμίας
1494 1748 1589 1802 καὶ
1616 1766 1699 1801 τε·

112 1837 395 1907 ταγμένης
417 1836 642 1907 ἀγωγῆς
663 1837 709 1869 "
743 1837 1092 1909 προενόησεν,
1117 1839 1198 1893 ὅτι
1220 1838 1315 1892 καὶ
1335 1839 1472 1911 αὑτὴ
1488 1838 1598 1893 τῶν
1620 1840 1697 1892 ἱε-
1725 1875 1769 1931 Β

116 1931 359 2003 ραρχιῶν
381 1931 586 2001 ἑκάστη
602 1931 646 1962 ⁷⁷
674 1930 856 1997 τάξεις
891 1932 1238 2004 ἱεροπρεπεῖς
1266 1931 1438 2000 έθετο,
1466 1935 1560 1987 καὶ
1588 1935 1693 1987 πᾶ-

114 2038 214 2074 σαν
244 2020 531 2092 ίεραρχίαν
558 2019 773 2091 ὁρῶμεν
801 2020 883 2083 είς
905 2018 1006 2083 τάς
1029 2015 1253 2092 πρώτας
1266 2021 1333 2083 ’⁸,
1371 2020 1468 2073 καὶ
1500 2020 1695 2091 μέσας,

114 2113 209 2165 καὶ
248 2110 566 2174 τελευταίας
609 2111 868 2182 δυνάμεις
896 2111 1249 2184 διῃρημένην.
1303 2111 1462 2165 Ἀλλά
1488 2112 1583 2165 καὶ
1610 2111 1700 2163 αὐ-

112 2205 213 2274 τὴν
228 2204 491 2273 ἑκάστην,
522 2202 705 2267 ίδικῶς
734 2204 929 2270 εἰπεῖν,
966 2204 1324 2275 διακόσμησιν
1354 2206 1474 2268 ταῖς
1506 2205 1698 2269 αὑταῖς

114 2296 318 2359 ἐνθέοις
350 2298 638 2370 ἁρμονίαις
662 2296 914 2370 διέκρινε·
949 2296 1029 2350 διὸ
1058 2298 1152 2350 καὶ
1185 2297 1381 2360 αὐτοὺς
1406 2298 1532 2359 τοὺς
1559 2295 1700 2349 θειο-

112 2389 313 2453 τάτους
360 2391 600 2460 σεραφὶμ
639 2390 689 2442 oi
741 2388 980 2456 θεολόγοι
1013 2388 1177 2458 φασὶν
1210 2389 1396 2460 ἕτερον
1426 2386 1565 2459 πρὸς
1607 2387 1699 2441 τὸν

113 2480 298 2550 ἕτερον
323 2480 675 2551 κεκραγέναι,
703 2480 888 2549 σαφῶς
903 2482 947 2514 ⁷⁸
964 2482 1021 2533 ἐν
1036 2480 1230 2551 τούτῳ,
1248 2480 1499 2552 καθάπερ
1514 2475 1663 2551 οἶμαι
1680 2518 1698 2544 ,

113 2580 400 2651 δηλοῦντες
420 2622 436 2647 ,
487 2583 568 2636 ὅτι
611 2582 720 2637 τῶν
765 2582 1086 2653 θεολογικῶν
1122 2582 1375 2651 γνὼσεων
1409 2583 1461 2636 oi
1493 2581 1701 2655 πρῶτοι

113 2676 227 2738 τοίς
253 2673 530 2746 δευτέροις
560 2675 917 2746 μεταδιδόασι.

1872 1375 2083 1446 Singuli
2119 1385 2300 1433 autem
2363 1358 2750 1433 ordines-sunt
2795 1390 2984 1432 eorum
3020 1379 3112 1449 qui
3168 1393 3376 1449 praece-

1802 1470 1942 1525 dunt
1970 1472 2303 1540 interpretes
2332 1484 2395 1525 ac
2429 1468 2794 1535 internuntii;
2828 1470 2985 1540 primi
3013 1470 3232 1541 quidem
3275 1472 3375 1535 illi,

1798 1561 2029 1616 motoris
2048 1560 2133 1615 sui
2162 1561 2281 1628 Dei,
2312 1561 2496 1617 caeteri
2530 1569 2712 1616 autem
2740 1561 2931 1616 eadem
2982 1560 3229 1627 ratione,
3262 1576 3379 1615 Ito-

1798 1661 1977 1708 torum
2020 1668 2050 1707 a
2094 1653 2244 1709 Deo:
2288 1654 2428 1710 adeo
2456 1654 2601 1709 enim
2637 1654 2732 1710 illa
2784 1653 3266 1725 superessentialis
3294 1670 3379 1708 re-

1797 1763 1918 1801 rum
1953 1746 2196 1802 omnium
2225 1747 2513 1803 harmonia
2542 1748 2767 1804 cuilibet
2795 1762 2955 1803 sacro
2988 1757 3096 1803 tam
3129 1748 3377 1803 rationa-

1799 1838 1929 1894 lium
1961 1853 2124 1909 quam
2169 1839 2499 1909 spiritalium
2557 1849 2935 1896 creaturarum
2970 1840 3173 1906 ordini,
3221 1850 3378 1896 rato-

1801 1946 1908 2000 que
1936 1930 2119 1986 ductui
2144 1930 2435 1993 consuluit,
2466 1939 2525 1986 ut
2549 1941 2602 1985 et
2631 1932 2747 1999 ipsa
2787 1931 3019 2002 singulis
3046 1930 3381 1987 hierarchiis

1800 2023 2034 2079 decoros
2090 2023 2313 2079 ordines
2371 2023 2650 2089 statuerit,
2686 2034 2853 2092 atque
2895 2038 3117 2079 omnem
3164 2023 3378 2078 hierar-

1802 2116 1979 2169 chiam
2010 2115 2062 2170 in
2088 2116 2320 2170 virtutes
2369 2115 2600 2185 primas,
2634 2122 2692 2170 et
2716 2116 2924 2171 medias
2965 2126 3130 2186 atque
3164 2124 3378 2186 postre-

1804 2224 1922 2263 mas
1944 2208 2290 2263 distributam
2316 2224 2439 2265 esse
2463 2209 2763 2265 videamus.
2818 2208 3078 2276 Quinimo
3103 2209 3376 2280 singulas,

1803 2311 1861 2353 ut
1889 2299 2109 2371 proprie
2158 2301 2362 2366 dicam,
2406 2300 2698 2371 spirituum
2739 2301 3139 2372 descriptiones
3186 2301 3380 2356 iisdem

1804 2392 2006 2448 divinis
2058 2394 2366 2449 harmoniis
2418 2393 2702 2460 discrevit,
2753 2403 2976 2463 propter
3036 2394 3180 2465 quod
3232 2394 3378 2465 ipsos

1803 2486 1970 2544 etiam
2024 2486 2399 2542 divinissimos
2446 2486 2721 2556 seraphim
2761 2487 2998 2560 theologi
3054 2487 3284 2543 alterum
3315 2489 3383 2540 ad

1806 2578 2035 2635 alterum
2065 2580 2305 2635 clamare
2333 2579 2488 2634 aiunt
2516 2582 2570 2647 ¹;
2600 2596 2709 2651 qua
2742 2580 2962 2650 quidem
2995 2595 3071 2645 re,
3108 2594 3227 2634 mea
3256 2593 3386 2635 sen-

1805 2672 1996 2737 tentia,
2027 2671 2313 2725 manifeste
2356 2670 2656 2738 declarant,
2688 2670 2899 2741 primos
2948 2670 3246 2739 participes
3298 2669 3381 2722 lu-

1805 2781 1933 2821 cere
1959 2765 2232 2820 secuudos
2261 2764 2571 2820 divinarum
2599 2780 2783 2821 rerum
2812 2772 2977 2835 atque
3007 2764 3307 2820 uotionunt.

1666 2926 1840 3003 5111.

186 3114 499 3188 Προσθείην
545 3115 593 3169 δ’
622 3114 689 3170 ἂν
738 3116 833 3169 καὶ
877 3115 1038 3171 τοῦτο
1085 3118 1187 3172 οὐκ
1242 3117 1568 3183 ἀπεικότως,
1624 3118 1679 3171 ὅτ

1883 3117 1996 3173 iloc
2018 3132 2236 3188 quoque
2263 3132 2369 3172 non
2398 3116 2676 3176 immerito
2702 3132 2922 3190 possum
2948 3116 3175 3183 addere,
3193 3132 3385 3188 quam-

116 3210 211 3263 καὶ
226 3208 355 3263 καθ’
389 3208 553 3263 αὑτὸν
568 3209 617 3244 ⁸⁸
633 3208 863 3273 ἕκαστος
886 3209 1137 3281 οὐράνιός
1157 3228 1218 3264 τε
1248 3212 1344 3265 καὶ
1365 3211 1702 3283 ἀνθρώπειος

115 3304 246 3366 νοῦς
288 3302 464 3365 ίδικάς
494 3301 609 3371 ἔχει
655 3303 752 3355 καὶ
786 3303 1008 3373 πρώτας
1052 3303 1147 3357 καὶ
1181 3304 1354 3376 μέσας
1384 3305 1479 3358 καὶ
1520 3304 1705 3357 τελευ-

114 3395 281 3457 ταίας
311 3391 498 3458 τάξεις
537 3411 597 3447 τε
646 3395 741 3447 καὶ
781 3394 1060 3465 δυνάμεις,
1097 3396 1236 3468 πρὸς
1272 3396 1372 3460 τάς
1408 3396 1705 3468 εἰρημένας

115 3486 227 3541 τῶν
262 3485 389 3539 καθ’
410 3482 638 3540 ἕκαστον
661 3485 987 3559 ίεραρχικῶν
1007 3487 1321 3559 ὲλλάμψεων
1350 3488 1554 3551 οἰκείας
1578 3489 1707 3543 ἀνα-

116 3576 309 3647 γωγάς
352 3576 630 3646 ἀναλόγως
660 3578 1074 3649 ὲκφαινομένας,
1113 3578 1236 3633 καθ’
1274 3585 1340 3645 ἃς
1370 3581 1600 3644 ἕκαστος
1641 3582 1702 3634 ὲν

120 3670 389 3739 μετουσίᾳ
416 3668 623 3738 γίνεται
646 3669 786 3724 κατά
808 3670 870 3723 τὸ
904 3670 1054 3742 αὐτῷ
1080 3670 1298 3743 θεμιτόν
1327 3689 1387 3726 τε
1426 3672 1521 3727 καὶ
1584 3674 1702 3742 ἐφι-

114 3760 243 3813 κτὸν
256 3762 362 3831 τῆς
376 3759 818 3833 ὑπεραγνοτάτης
850 3762 1193 3836 καθάρσεως,
1211 3763 1304 3817 τοῦ
1323 3765 1573 3837 ὑπερπλή
1582 3783 1707 3838 ρους

120 3852 326 3920 φωτὸς,
360 3852 463 3923 τῆς
496 3854 808 3924 προτελείου
845 3855 1202 3921 τελειώσεως.
1231 3859 1390 3912 Ἔστι
1420 3858 1530 3931 γάρ
1556 3858 1710 3912 οὐδὲν

122 3942 435 4008 αὐτοτελὲς,
465 3944 497 4015 ἢ
532 3946 827 4017 ἀπροσδεὲς
854 3947 1081 4001 καθόλου
1104 3949 1457 4021 τελειότητος,
1487 3951 1537 4003 εί
1556 3951 1630 4022 μὴ
1649 3949 1711 4003 τὸ

121 4036 294 4099 ὅντως
316 4036 602 4102 αὐτοτελὲς
638 4039 732 4093 καὶ
767 4040 1095 4113 προτέλειον.

1809 3209 1940 3266 libet
1962 3210 2241 3265 cmlestem
2289 3220 2343 3264 et
2376 3210 2669 3265 humanam
2695 3218 2932 3267 mentem
2962 3223 3210 3265 seorsum
3256 3223 3383 3278 pro.

1809 3301 1959 3372 prius
1985 3300 2040 3354 in
2069 3315 2129 3355 se
2154 3301 2439 3355 continere
2462 3309 2517 3355 et
2547 3300 2777 3370 primos.
2820 3308 2877 3354 et
2911 3299 3150 3364 medios,
3178 3306 3235 3353 et
3258 3298 3389 3353 ulti-

1811 3403 1929 3444 mos
1948 3388 2174 3443 ordines
2192 3396 2356 3459 atque
2374 3387 2691 3457 facultates,
2709 3388 2819 3460 95
2835 3405 2959 3461 quae
2986 3390 3176 3447 eodem
3204 3389 3386 3453 modo,

1811 3495 1922 3550 quo
1952 3482 2263 3549 superiores
2294 3482 2632 3547 singularum
2666 3483 3105 3539 hierarchiarum
3138 3483 3392 3539 illustra-

1814 3574 2022 3627 tionum
2078 3573 2285 3643 proprii
2330 3573 2545 3640 ductus,
2584 3575 2858 3643 eluceant,
2889 3576 3094 3645 quibus
3129 3590 3389 3645 unaquae-

1812 3680 1920 3737 que
1948 3681 2103 3720 mens
2131 3681 2232 3736 pro
2284 3680 2384 3722 suo
2406 3675 2567 3738 captu
2605 3683 2767 3740 quam
2824 3668 3164 3725 nitidissima:
3189 3683 3390 3740 purga-

1816 3759 2001 3826 tionis,
2031 3758 2396 3829 c0piosissimi
2420 3759 2665 3827 luminis,
2693 3759 3069 3831 absolutaeque
3092 3760 3390 3829 perfectio-

1812 3852 1899 3907 nis
1926 3850 1987 3904 [it
2017 3851 2315 3922 particeps.
2348 3851 2494 3907 Nihil
2521 3861 2605 3908 est
2629 3852 2777 3907 enim
2808 3868 2906 3923 per
2935 3867 2996 3910 se
3027 3851 3392 3922 absoluteque
3432 3918 3437 3929 η-

1812 3944 2141 4014 perfectum,
2167 3955 2264 4000 aut
2293 3946 2439 4015 quod
2470 3946 2697 4001 omnino
2727 3945 3089 4016 perfectionis
3120 3961 3224 4000 non
3250 3946 3389 4001 indi-

1813 4046 1960 4106 geat,
1986 4037 2087 4091 nisi
2122 4036 2265 4106 quod
2290 4052 2389 4107 per
2417 4053 2477 4095 se
2510 4053 2700 4094 revera
2721 4037 3025 4109 perfectum
3041 4048 3148 4099 est,
3175 4049 3231 4093 et
3255 4053 3379 4107 pm

1816 4129 2142 4199 perfectum.

1302 4454 1839 4513 ADNOTATIONES
1871 4453 2215 4513 CORDERII.

197 4613 225 4684 ᾗ
260 4610 419 4688 LE;
450 4612 882 4688 praecedentibus
910 4616 1180 4688 capitibus
1205 4616 1486 4688 concludit
1511 4619 1752 4688 angelos,
1785 4627 1991 4688 quanto
2024 4617 2375 4675 sublimiores
2398 4627 2547 4682 sunt,
2573 4624 2725 4673 tanto
2750 4616 3058 4673 sublimiori
3089 4632 3308 4686 quoque
3333 4627 3390 4671 et

124 4683 413 4759 secretiori
443 4684 656 4759 ratione
688 4683 988 4759 illustrari}
1022 4704 1087 4743 eo
1138 4686 1393 4759 nimirum
1423 4689 1568 4757 quod
1585 4683 1703 4744 Deo
1732 4683 2030 4759 ἀργιφώτῳ
2069 4691 2490 4759 pr0pinquiores
2531 4689 2666 4759 sint,
2713 4695 2878 4759 atque
2905 4689 3043 4742 adeo
3078 4683 3241 4759 etiam
3283 4704 3394 4741 ma-

124 4755 211 4829 gis
230 4756 401 4807 Deum
433 4755 779 4829 participem,
802 4766 858 4809 ut
886 4757 1025 4829 infra
1049 4773 1170 4825 cap.
1190 4757 1223 4812 5
1265 4756 1341 4811 De
1360 4755 1548 4817 divinis
1568 4755 1890 4819 nominibus,
1910 4769 1965 4813 et
1981 4755 2142 4827 supra
2167 4755 2296 4829 cap.
2312 4760 2346 4814 4
2368 4771 2421 4816 et
2438 4760 2472 4815 8
2527 4758 2763 4814 Cwlestis
2781 4758 3101 4829 hiemrchia:
3120 4758 3279 4811 docet
3297 4760 3391 4811 ubi

128 4824 251 4903 vide
285 4834 503 4878 nostras
523 4828 926 4883 adn0tatioues.
952 4824 1185 4881 Tantum
1220 4829 1309 4883 hic
1337 4830 1594 4894 observa,
1624 4830 1899 4899 quomodo
1939 4824 2144 4885 nos—ah
2184 4824 2396 4903 angelis
2436 4845 2754 4901 purgemur,
2791 4828 3189 4891 illumindmur,
3224 4831 3393 4898 perti-

124 4895 362 4951 ciamur.

198 4963 449 5044 Purgant
478 4966 660 5044 itaque
688 4984 787 5044 nos
814 4969 1032 5044 angeli,
1089 4970 1394 5044 amovenda
1416 4970 1801 5044 phantasmata
1852 4985 1988 5044 quae
2018 4969 2320 5044 impediunt
2348 4970 2823 5044 illuminationem,
2855 4984 3017 5044 quam
3046 4967 3275 5044 angelus
3306 4968 3395 5023 in-

128 5035 308 5111 tendit
340 5036 523 5111 facere
555 5035 609 5092 in
661 5040 818 5111 nohis
845 5055 860 5103 ;
891 5035 1032 5096 unde
1079 5042 1180 5095 tria
1230 5035 1510 5095 removent
1541 5042 1609 5094 ab
1636 5044 1841 5104 anima,
1871 5035 2110 5096 'scilicet‘
2132 5042 2522 5111 ignorantiam,
2549 5052 2606 5096 et
2642 5040 2824 5096 nubila
2857 5035 3290 5111 phantasiawtn,
3328 5054 3393 5092 ac

129 5105 299 5159 falsas
329 5108 614 5175 opiniones
653 5110 922 5164 rationum
972 5112 1285 5166 revelatioui
1322 5115 1748 5166 contrariarum.
1780 5112 2093 5170 illuminant
2139 5105 2268 5165 vvere
2310 5105 2549 5165 animum
2584 5105 2896 5180 tripliciter.
2926 5110 3139 5164 scilicet
3160 5105 3229 5180 ad
3253 5124 3384 5163 sen—

128 5192 275 5240 sum,
306 5187 367 5231 ut
394 5186 563 5245 patet,
604 5181 821 5248 quando
864 5182 1243 5238 manifestatur
1267 5182 1473 5253 aliquid
1511 5184 1566 5238 in
1605 5193 1886 5255 assumpto
1910 5197 2141 5253 corpore
2164 5181 2183 5242 (
2204 5190 2261 5236 et
2300 5183 2441 5239 hanc
2462 5179 2786 5252 potestatem
2823 5182 2990 5236 etiam
3017 5179 3268 5237 diabolus
3300 5182 3396 5234 ha-

208 5337 229 5373 ⁸
261 5338 393 5392 lsai.
420 5352 494 5391 νι.
533 5366 540 5375 -

1422 5495 1658 5555 VARIE
1702 5487 2125 5554 LECTIONESC

426 5671 599 5751 efﬁq,
622 5672 732 5751 _Ch.
756 5673 819 5730 D.
954 5678 1075 5751 Sur.
1226 5675 1357 5751 llud.
1390 5676 1612 5751 Corrigit
1640 5679 1679 5751 ir

1838 5680 1905 5734 Idi
1944 5695 2072 5751 casu
2099 5679 2324 5751 ἑκάστῃ.
2362 5679 2461 5735 Ch.
2488 5688 2544 5733 et
2574 5678 2632 5734 S.
2658 5678 2861 5734 habent
2887 5678 3053 5751 αὐτῇἶ
3086 5678 3225 5751 επ.
3261 5679 3400 5733 asti-

132 5734 413 5822 pulatur.‘
456 5734 504 5776 ⁷⁵
532 5734 794 5801 articulus
837 5747 989 5803 deest
1036 5749 1090 5802 in
1137 5748 1237 5803 Ch.
1292 5749 1331 5802 Ι)
1401 5734 1459 5803 S.
1494 5734 1566 5801 ΜΪ
1640 5749 1660 5782 ’

1838 5734 2317 5821 ιαφῶςνεοιιῇιιιιαίἶ
2365 5734 2486 5806 cum
2516 5750 2867 5822 κεκραγέναι.
2946 5734 3097 5805 ³⁸³1),
3133 5748 3253 5805 καθ’
3278 5751 3400 5806 ιδυ-

134 5815 248 5882 ςόν,
282 5815 474 5872 eodem
527 5830 708 5871 sensu.
