3722 6302
312 316 407 374 £75
1481 312 1542 371 S.
1577 313 1881 371 DIONYSII
1916 309 2377 369 AREOPAGITJE
3471 310 3577 365 9.76

304 432 470 497 pett)
512 431 639 487 item
672 434 738 487 ad
774 433 1131 496 intellectum,
1174 442 1230 486 et
1271 429 1396 487 talis
1428 431 1754 487 illnminatio
1782 436 1957 488 solum
1992 435 2235 503 perfecta
2279 442 2386 487 est.
2419 428 2750 503 Notandum_
2773 438 2981 491 autem,
3013 428 3155 496 quod
3196 425 3434 503 Angelus
3465 442 3574 482 non

299 502 567 577 illuminet
598 504 935 577 intellectum
968 503 1251 557 elllciendo
1274 503 1643 577 cognitionem
1670 504 1720 577 in
1755 508 1937 559 anima
1962 499 2145 577 {quia
2170 520 2274 557 non
2314 511 2492 577 potest
2521 502 2574 554 in
2601 499 2880 577 intellectu
2908 514 3101 553 novam
3131 500 3368 577 specie__m
3397 512 3579 577 neque

300 573 547 627 bahitum
582 574 702 625 novi
734 574 956 625 luminis
986 589 1196 633 creare.
1227 575 1322 627 sed
1346 568 1466 626 'nec
1495 574 1884 636 intentionem;
1924 568 2046 628 naui
2083 576 2183 628 tria
2228 568 2580 640 requiruntur
2611 579 2667 623 ut
2700 569 3005 625 intellectus
3052 578 3235 640 noster
3263 568 3576 634 aliquidin-

302 642 533 711 telligat,
569 643 783 697 scilicet
810 644 1025 710 species
1053 660 1159 714 qua
1187 652 1574 709 cognoscatur,
1606 653 1660 695 et
1710 644 1890 699 lumen
1946 646 1999 698 in
2041 661 2151 714 quo
2184 639 2568 714 cognoscatur,
2605 640 2916 714 etintcntio
2942 656 3046 714 qua
3096 639 3407 714 intellectus
3449 651 3576 714 cnn-

298 707 561 789 vertitne
586 728 751 789 super
784 707 1043 781 speciem.
1073 707 1371 789 illuminat
1406 723 1585 789 autem
1628 714 1971 789 intellectum
2000 707 2525 789 nostrain‘vaugelus
2566 711 2858 789 escitando
2888 707 2970 764 ac,
2997 709 3459 789 disponendonet
3496 707 3575 759 ln-

300 798 421 836 men
453 784 696 836 divinum
730 784 781 836 in
816 799 913 837 nos
955 782 1387 837 transfundendo
1415 798 1429 845 ;
1462 784 1596 837 facit
1626 784 1770 837 enim
1810 790 1893 851 (ut
1921 787 2126 839 dictum
2156 788 2265 853 est)
2296 784 2347 835 in
2382 782 2669 853 phantasia
2701 782 3211 853 transmutationein
3242 782 3571 853 specierum,

297 853 677 925 componendo
710 863 763 906 et
808 854 1097 907 dividendo
1145 868 1239 907 eas
1270 855 1569 925 secundum
1622 854 1699 907 rei
1748 848 2076 925 exigentiam
2104 848 2263 925 quam
2318 848 2433 925 vult
2463 852 2706 925 revelane
2729 850 2909 925 _:__item
2946 851 3171 925 irradiat
3201 848 3575 925 lumen’_intel-

300 918 471 977 lectus
505 924 587 976 sui
641 938 806 992 super
840 925 982 984 illas,
1028 935 1084 977 ut
1115 934 1367 977 moveant
1416 923 1749 977 imellecutm
1798 918 2068 990 nostrum,
2102 918 2155 977 et
2186 924 2265 977 sic
2300 923 2456 993 plura
2494 931 2548 974 et
2598 920 2880 993 subtiliora
2908 920 3077 974 videri
3113 930 3340 993 possunt
3386 918 3441 970 in
3495 918 3574 993 lu-

297 994 441 1065 mine
492 988 785 1060 duplicaio,
822 995 947 1048 item
985 996 1189 1065 excitat
1222 995 1577 1065 intentionem
1608 995 1803 1049 anima:
1832 1007 1975 1049 motu
2001 988 2205 1065 aliquo,
2237 988 2344 1063 quo
2376 1008 2435 1046 se
2480 1006 2643 1059 super
2682 990 2770 1044 illa
2800 991 3180 1060 phantasmata
3213 988 3481 1050 reﬂectat,
3506 988 3574 1041 ab

299 1063 422 1117 aliis
470 1078 529 1117 se
562 1064 948 1118 abstrahendo.
996 1064 1292 1117 l’erlicinnt
1339 1066 1527 1124 etiam,
1565 1064 1615 1117 id
1644 1074 1747 1128 est,
1779 1063 2105 1133 promovent
2130 1066 2197 1117 ad
2232 1064 2444 1117 melius.

369 1133 563 1204 Utrum
592 1144 772 1187 autem
798 1135 1023 1204 angelus
1059 1134 1350 1189 incendere
1393 1134 1562 1203 possit
1593 1126 1845 1188 affectum
1869 1138 2183 1193 humanum,
2206 1136 2255 1187 id
2297 1134 2584 1202 triplicitcr
2619 1130 2845 1199 intelligi
2880 1130 3309 1204 potestlscilioet
3347 1127 3433 1182 vel
3461 1126 3576 1204 clli-

296 1203 515 1261 ciendo.
540 1204 620 1257 vel
640 1200 928 1267 movendo,
948 1204 1031 1257 vel
1052 1205 1341 1258 excitando
1354 1200 1409 1257 et
1425 1206 1747 1270 adiuvando.
1770 1205 1952 1258 Primo
1966 1209 2125 1259 modo
2148 1208 2296 1259 solus
2322 1200 2460 1257 Dens
2476 1204 2814 1259 inflammare
2830 1200 3301 1272 potestali‘ectum;
3323 1200 3572 1272 secundo

296 1275 457 1328 modo
478 1289 565 1327 res
590 1274 701 1341 ipsa
726 1275 1028 1328 desiderata
1047 1274 1297 1328 affectum
1319 1268 1633 1337 inflammat,
1661 1275 1867 1328 scilicet
1890 1277 2177 1329 alliciendo
2200 1286 2253 1328 et
2282 1276 2584 1339 movi-udo;
2613 1274 2772 1327 tertio
2799 1268 2957 1328 modo
2987 1281 3165 1341 potest
3194 1274 3419 1339 angelus
3442 1268 3573 1322 alle-

295 1354 443 1395 ctum
471 1353 718 1397 nostrum
748 1345 1058 1403 incendere.
1076 1344 1594 1400 scilicetexcitando
1617 1356 1672 1398 et
1695 1346 2001 1414 adjuvando
2020 1357 2223 1399 motum
2245 1346 2363 1413 ejus
2379 1360 2616 1414 congrua
2651 1344 3040 1412 propositione.
3077 1343 3149 1395 De
3179 1344 3265 1396 his
3288 1341 3569 1414 habemus

296 1414 611 1481 exemplum
668 1417 719 1466 in
750 1418 997 1481 naturis;
1029 1417 1155 1483 quia
1193 1417 1369 1482 primo
1419 1416 1579 1467 modo
1631 1412 1773 1483 ignis
1817 1417 2066 1469 accendit
2093 1412 2533 1480 ligna,’secund'o
2580 1416 2740 1469 modo
2774 1414 2915 1480 ligna
2950 1414 3247 1468 incendunt
3285 1412 3500 1483 ignem,_
3516 1420 3572 1463 et

300 1479 479 1536 tertio
518 1487 676 1538 modo
711 1485 756 1537 is
787 1485 879 1554 qui
916 1479 1060 1554 ligna
1090 1479 1204 1554 igni
1229 1485 1474 1554 apponit,
1510 1479 1687 1554 ignem
1733 1486 2002 1540 accendit.
2054 1479 2367 1540 Differettlia
2408 1496 2587 1538 autem
2642 1494 2724 1537 est
2768 1479 2914 1538 inter
2952 1483 3250 1537 immittere
3278 1479 3571 1549 cogitati!»

299 1568 445 1615 nem,
480 1563 531 1607 et
566 1553 857 1608 incendere
888 1564 939 1607 et
972 1553 1317 1614 illuminare;
1363 1556 1487 1624 quia
1520 1553 1907 1622 cogitationem
1940 1556 2259 1617 immittere,
2290 1565 2373 1608 cst
2404 1556 2552 1609 intus
2598 1568 2786 1607 creare
2821 1564 2875 1607 et
2920 1554 3100 1624 facere
3139 1553 3568 1624 cogitationem;

296 1624 390 1674 sed
432 1626 744 1747 iliicendelrle,
774 1634 858 1747 is:
889 1624 1273 1695 cogitationem
1294 1621 1406 1694 jam
1438 1621 1637 1678 factam
1680 1624 2053 1691 inflammare;
2084 1626 2391 1680 illuminare
2421 1639 2569 1688 vero,
2594 1634 2675 1677 est
2700 1626 2831 1678 dare
2869 1621 3255 1678 revelationem
3282 1625 3351 1677 de
3382 1621 3573 1688 aliquo

296 1706 425 1746 uccu
455 1704 508 1747 to
546 1704 657 1747 inte
705 1697 771 1747 uti
818 1700 829 1746 i
860 1700 894 1747 i.

293 1694 508 1748 occulto
546 1694 894 1748 iiitelliitibili.

370 1710 473 1747 cuit
546 1710 714 1747 iitein
761 1710 894 1747 ibin.

370 1710 837 1837 llicotai'itnmgpro
870 1764 1102 1837 pleniori
1157 1765 1521 1837 intelligentia
1573 1765 1882 1837 istiusmodi
1922 1765 2183 1837 angelica:
2233 1764 2677 1837 illuminationis,
2726 1774 2853 1817 nota
2899 1778 2962 1820 ex
2997 1772 3188 1819 sancto
3234 1762 3472 1829 Thoma,
3510 1767 3573 1819 in

293 1844 450 1900 parte
482 1834 678 1901 prima,
711 1848 902 1903 quaest.
934 1836 1062 1899 106,
1110 1844 1217 1889 art.
1251 1836 1318 1899 1,
1346 1834 1534 1888 ίιιιιυιιι
1586 1835 1838 1905 angelum
1892 1834 2058 1890 aliuiii
2103 1837 2436 1900 illuminare,
2470 1836 2522 1888 iii
2556 1848 2840 1905 quantum“
2874 1837 2923 1888 ei
2956 1837 3241 1889 veritatem
3272 1850 3437 1901 quam
3467 1853 3568 1890 co-

294 1915 529 1970 gnosci,
566 1906 909 1959 manifestam
942 1907 1107 1968 facit;
1138 1906 1222 1960 vel
1273 1905 1633 1959 confortando
1667 1903 1837 1974 ipsius
1892 1906 2253 1969 intellectum,
2288 1904 2371 1958 vel
2399 1920 2463 1958 ex
2503 1916 2658 1973 parte
2702 1903 3075 1958 similitudinis
3126 1906 3200 1974 rei
3251 1906 3569 1961 intellectae.

292 1977 427 2028 Cum
462 1984 643 2027 autem
674 1976 740 2028 ad
775 1976 1184 2043 intelligendum
1232 1976 1340 2029 duo
1368 1973 1724 2038 concurrant,
1764 1976 1980 2031 scilicet
2011 1978 2185 2031 virtus
2220 1976 2574 2037 intellectiva,
2601 1985 2656 2027 et
2694 1975 2992 2029 similitudo
3019 1976 3094 2029 rei
3129 1973 3445 2040 intellectte,
3473 1991 3567 2029 se-

293 2046 527 2097 cundum
565 2046 678 2098 haec
710 2045 836 2107 duo,
868 2060 1007 2099 unus
1042 2045 1271 2112 angelus
1321 2044 1477 2099 alteri
1525 2048 1816 2101 veritatem
1853 2058 2037 2101 notam
2076 2048 2359 2101 notilicare
2392 2054 2590 2113 potest.
2633 2044 2817 2097 Primo
2843 2046 3101 2098 virtutem
3129 2045 3246 2112 ejus
3273 2046 3574 2101 intellecti-

296 2130 417 2187 vain
441 2113 804 2187 fortilicando.
834 2115 991 2168 Sicut
1023 2118 1169 2169 enim
1214 2116 1385 2169 virtus
1419 2116 1842 2185 iniperfectioris
1890 2119 2139 2187 corporis
2181 2118 2526 2172 confortatnr
2557 2130 2623 2168 ex
2657 2115 2839 2187 situali
2890 2115 3293 2187 propinquitate
3316 2118 3570 2185 corporis

296 2184 943 2257 perfectioris,rutverbi
978 2188 1191 2257 gratia,
1211 2186 1392 2238 minus
1429 2184 1663 2239 calidum
1693 2188 1890 2241 crescit
1927 2184 2189 2242 in'calore
2214 2204 2279 2243 ex
2313 2187 2605 2257 przesentia
2642 2186 2813 2255 magis
2842 2187 3002 2257 calidi
3036 2202 3051 2239 :
3087 2186 3161 2257 ita
3193 2189 3368 2257 virtus
3400 2184 3563 2239 intel-

296 2256 487 2308 lectiva
529 2254 809 2309 inferioris
839 2254 1015 2324 angeli
1062 2254 1407 2325 confortatur
1436 2272 1502 2307 ex
1535 2259 1898 2311 conversione
1954 2260 2259 2325 superioris
2306 2254 2481 2323 angeli
2522 2258 2587 2308 ad
2644 2257 2841 2323 ipsum.
2889 2255 3001 2309 Hoc
3029 2256 3173 2309 enim
3206 2254 3339 2308 facit
3369 2258 3421 2308 in
3454 2259 3571 2323 spi-

295 2325 583 2377 ritualibus
610 2328 746 2395 ordo
771 2326 1168 2387 conversionis.
1201 2327 1344 2394 quod
1374 2324 1506 2379 facit
1552 2327 1605 2379 in
1635 2324 2181 2395 corporalibusiordo
2219 2329 2409 2381 localis
2441 2326 2893 2395 propinquitatis.
2920 2326 3173 2380 Secundo
3208 2334 3390 2378 autem
3424 2341 3576 2381 unus

291 2396 516 2463 angelus
542 2394 858 2448 manifestat
881 2396 1035 2449 alteri
1062 2402 1347 2449 veritatem
1376 2411 1441 2449 ex
1476 2406 1631 2464 parte
1663 2394 2043 2455 similitudinis
2070 2400 2377 2453 intellectae.
2409 2396 2668 2464 Superior
2697 2397 2839 2449 enim
2882 2396 3105 2465 angelus
3134 2399 3380 2448 notitiam
3411 2398 3568 2450 veri-

293 2476 419 2518 tatis
446 2468 725 2538 accipit'in
758 2468 1050 2538 universali
1083 2470 1316 2534 quadam
1347 2469 1698 2538 conceptione
1720 2508 1735 2529 ,
1772 2472 1836 2520 ad
1876 2484 2037 2537 quam
2086 2471 2403 2538 capiendam
2444 2467 2935 2538 inl‘erioris_angeli
2976 2466 3283 2519 intellectus
3312 2465 3424 2535 96
3451 2483 3565 2519 non

289 2545 438 2590 esset
453 2535 749 2598 stiﬂiciens,
769 2537 861 2590 sed
877 2546 963 2589 est
981 2538 1031 2589 ei
1049 2536 1425 2600 connatnrale,
1448 2546 1504 2589 ut
1523 2538 1698 2607 magis
1717 2535 2125 2607 particulariter
2147 2535 2377 2605 accipiat
2393 2538 2704 2590 veritatem.
2734 2536 2993 2603 Superior
3016 2551 3145 2589 vero
3180 2546 3403 2606 angelus
3421 2538 3569 2591 veri-

293 2617 457 2679 tatem
482 2620 645 2679 qnani
676 2607 939 2679 velocder
962 2608 1197 2673 concipit
1226 2608 1627 2675 quodammodo
1659 2610 1964 2679 distinguit,
1988 2619 2048 2661 ut
2071 2610 2398 2663 abinl’eriori
2423 2609 2538 2675 capi
2568 2610 2762 2679 possit,
2790 2609 2947 2679 etsie
2975 2621 3095 2661 eam
3119 2612 3571 2679 cognoscendam

290 2677 339 2729 ei
370 2676 643 2744 proponit.
672 2677 827 2730 Sicut
856 2677 1020 2729 etiam
1053 2680 1193 2744 apud
1233 2692 1350 2741 nos,
1375 2679 1465 2745 qui
1501 2681 1553 2732 in
1588 2681 1776 2745 paucis
1810 2676 1978 2733 inulta
2012 2682 2255 2747 capiunt,
2286 2676 2659 2745 multipliciter
2687 2677 2775 2729 illa
2808 2678 3170 2747 distinguunt,
3206 2676 3438 2729 aliorum
3469 2695 3571 2730 ea-

290 2748 514 2820 pacitati
555 2748 922 2820 providentes.
960 2747 1025 2820 Et
1058 2750 1270 2820 hoccst
1299 2750 1441 2816 quod
1472 2760 1695 2801 sanctus
1723 2748 2015 2820 Dionysius
2046 2751 2183 2803 infra
2215 2765 2335 2819 cap.
2367 2750 2459 2811 15,
2484 2750 2511 2819 §
2538 2749 2591 2809 '5,
2626 2749 2702 2801 ait
2736 2748 3035 2820 quamlibet
3078 2751 3370 2800 essentiam
3397 2753 3570 2817 δρηπ-

294 2818 480 2880 ialeui,
512 2818 822 2889 uiiinsmodi
858 2818 1294 2887 intelligentiam,
1314 2834 1485 2889 quam
1512 2821 1833 2889 aidiviiiiore
1857 2817 2113 2873 traditam
2140 2817 2372 2889 accepit,
2400 2817 2505 2889 pro
2532 2820 2808 2871 inferioris
2834 2817 3002 2871 ductu
3029 2827 3300 2886 capluque
3331 2820 3568 2886 provida

291 2890 494 2960 virtute
522 2886 777 2960 dividere
810 2903 873 2960 ac
900 2886 1286 2960 multiplicare.
1314 2887 1446 2941 Vide
1473 2888 1612 2941 infra
1642 2902 1855 2944 nostras
1879 2886 2352 2945 adnotationes'ad
2380 2886 2501 2959 cap.
2528 2890 2619 2952 12,
2652 2889 2679 2960 ς
2711 2890 2769 2942 2.

363 2955 393 3028 θ
426 2957 487 3014 Il.
520 2955 700 3022 Notat,
737 2955 1127 3028 iudivinaruni
1168 2961 1513 3012 traductione
1538 2961 1967 3013 illustrationum
2007 2964 2215 3015 servari
2246 2955 2779 3027 subord'iiiation'em,
2809 2960 2882 3012 ita
2918 2960 3197 3021 nimirum,
3224 2968 3283 3011 ut
3316 2961 3569 3028 supremi

292 3026 618 3101 illi—spiritus
652 3032 760 3101 sint
803 3026 1088 3101 ipsinsmct
1121 3030 1225 3101 Dei
1262 3032 1609 3095 internuntii,
1641 3043 1694 3084 et
1723 3035 1804 3086 sic
1845 3034 2104 3101 deinceps
2131 3042 2429 3101 sequentes
2465 3026 2882 3100 praecedentium
2922 3032 3271 3100 angelorum,
3305 3026 3568 3099 utfsupra

290 3113 409 3170 cap.
434 3099 488 3163 8,
518 3100 721 3159 docuit,
751 3107 806 3150 et
849 3113 946 3151 nos
974 3098 1174 3152 ibidem
1205 3098 1234 3170 ᾗ
1272 3101 1308 3152 2
1339 3106 1741 3155 adnotavnnus.

365 3169 533 3237 Hujus
565 3179 765 3222 mutua:
794 3169 1307 3223 communicationis
1332 3182 1387 3223 et
1420 3173 1800 3227 illustrationis
1839 3174 2106 3228 rationein
2153 3172 2332 3227 reddit
2376 3171 2534 3223 divus
2568 3170 2806 3225 Thomas
2843 3172 2895 3224 in
2925 3170 3101 3239 prima
3143 3179 3326 3240 parte,
3360 3181 3565 3240 quiest.

291 3241 417 3312 106,
454 3250 562 3291 art.
593 3243 672 3312 4._
692 3240 1111 3312 Quianimirum
1139 3257 1330 3294 omnes
1356 3252 1624 3295 creatura:
1656 3260 1723 3296 ex
1751 3246 1932 3298 divina
1962 3244 2208 3298 bonitate
2240 3243 2595 3312 participant,
2631 3251 2688 3295 ut
2721 3245 2919 3297 bonum
2951 3244 3094 3311 quod
3124 3242 3332 3296 habent
3371 3258 3426 3294 in
3454 3245 3571 3297 alia

228 3321 238 3333 '
290 3311 621 3365 diffundant.
652 3308 788 3382 lNam
821 3311 891 3382 de
919 3311 1129 3363 ratione
1164 3312 1284 3363 boni
1325 3320 1410 3364 est
1438 3314 1579 3378 quod
1608 3329 1665 3367 se
1704 3316 1829 3368 aliis
1859 3308 2255 3369 communicet.
2283 3313 2423 3367 Hinc
2445 3308 2610 3366 etiam
2642 3312 2861 3382 agentia
2901 3308 3204 3380 coiporalia
3237 3313 3564 3366 similitudi-

292 3398 414 3433 nem
444 3393 600 3432 suain
631 3380 751 3433 aliis
777 3380 998 3453 tradunt
1024 3391 1281 3453 quantam
1315 3390 1562 3450 possunt.
1590 3384 1771 3453 Atque
1801 3386 1922 3439 ideo
1949 3396 2153 3452 quanto
2179 3387 2363 3452 aliqua
2390 3385 2605 3452 agentia
2635 3380 2806 3452 magis
2832 3384 3073 3435 divinam
3101 3384 3401 3453 bonitatem
3436 3399 3568 3451 par-

295 3454 551 3524 ticipant,
587 3460 739 3503 tanto
765 3452 930 3524 etiam
960 3452 1130 3524 magis
1157 3454 1519 3520 perfectiones
1542 3452 1691 3519 suas,
1715 3456 1892 3524 quoad
1926 3464 2179 3521 possunt.
2207 3457 2259 3509 in
2284 3455 2421 3507 alios
2452 3454 2834 3507 transfundere
2856 3464 3146 3506 conantur.
3183 3452 3335 3506 Unde
3370 3455 3571 3508 beatus

292 3522 489 3595 Petrus
520 3531 703 3575 mouet
727 3537 824 3574 eos
845 3521 1216 3595 (ιιῂιιὶνιιιεμιι-
1238 3523 1538 3595 bonitatem
1565 3538 1664 3591 per
1708 3521 1941 3595 gratiam
1974 3528 2325 3595 participant,
2356 3527 2543 3579 dicens
2571 3542 2585 3578 :
2638 3525 3001 3595 Unusquisque
3024 3525 3160 3595 sicut
3199 3524 3400 3591 accepit
3432 3539 3569 3592 gra-

292 3593 527 3664 tiamin
556 3598 873 3664 alterutrum
896 3592 1047 3642 illaut
1075 3592 1525 3655 administrant“,
1554 3603 1687 3647 sicut
1714 3592 1836 3648 ἱ)οηὶ
1867 3592 2251 3664 dispensatores
2275 3595 2616 3663 multiformis
2636 3598 2822 3664 gratia:
2846 3592 2943 3647 Det
2969 3601 3018 3646 ιι.
3050 3594 3219 3647 Multo
3247 3598 3414 3660 igitur
3447 3611 3571 3647 ina-

290 3663 375 3731 gis
395 3663 493 3734 SS.
520 3662 716 3734 angeli,
736 3666 826 3729 qui
847 3669 973 3716 sunt
995 3664 1047 3713 in
1070 3664 1379 3730 plenissima
1399 3666 1818 3732 participatione
1841 3662 2036 3722 divinae
2060 3669 2338 3730 bonitatis,
2359 3662 2619 3734 quidquid
2640 3662 2673 3718 2.
2697 3665 2805 3719 Deo
2828 3665 3153 3734 percipiunt,
3180 3665 3442 3733 subjectis
3465 3666 3571 3717 iiii-

293 3732 623 3803 partiuntur.
643 3731 759 3786 Non
781 3737 1039 3799 recipitur
1056 3742 1232 3785 tamen
1254 3736 1367 3787 haec
1386 3731 1706 3790 illuminatio
1726 3742 1795 3792 ab
1814 3738 2162 3792 inferioribus
2186 3739 2256 3791 ita
2272 3731 2624 3799 excellenter,
2647 3737 2785 3790 sicut
2802 3731 2886 3790 est
2905 3740 2957 3787 in
2972 3731 3372 3802 superioribus,
3397 3745 3566 3803 atque

293 3802 411 3856 ideo
426 3804 736 3878 superiores
752 3818 967 3878 semper
991 3816 1272 3878 remanent
1296 3808 1348 3858 in
1365 3805 1540 3859 altiori
1559 3811 1772 3872 ordine,
1810 3821 1864 3862 et
1884 3809 2262 3878 perfectiorem
2281 3806 2641 3878 cognitionem
2663 3806 2883 3871 habent;
2905 3808 3045 3878 sicut
3064 3820 3225 3858 unam
3238 3812 3293 3878 et
3309 3802 3573 3859 eamdem

294 3888 407 3949 rem
428 3874 640 3949 plenius
664 3874 914 3945 intelligit
932 3875 1212 3949 magister,
1237 3890 1397 3943 quam
1423 3878 1717 3945 discipulus
1742 3881 1835 3949 qui
1854 3874 1921 3934 ab
1942 3896 2006 3933 eo
2026 3882 2277 3933 addiscnt.
2306 3874 2713 3949 Hiiicrquatuvis
2730 3878 2783 3928 in
2811 3876 3074 3949 societate
3102 3877 3424 3949 angelorum
3446 3892 3570 3929 om-

292 3947 377 3996 nia
396 3945 771 4010 possideantur
794 3948 1098 3997 communia
1122 3961 1136 4008 ;
1161 3955 1337 4000 tamen
1357 3950 1597 4016 qutedam
1622 3945 1980 4005 excellentius
2005 3951 2271 4003 habentur
2294 3964 2324 4000 a
2352 3948 2675 4014 quibusdam
2694 3962 2855 4015 quam
2875 3946 2941 3999 ab
2962 3947 3104 3999 aliis.
3129 3946 3572 4016 Unumquodque

290 4024 471 4065 autem
515 4016 810 4083 perfectius
854 4018 1085 4070 habetur
1123 4019 1192 4069 ab
1225 4033 1291 4071 eo
1318 4020 1406 4086 qui
1434 4028 1609 4085 potest
1650 4022 1779 4074 illud
1818 4021 2249 4082 communicare,
2280 4034 2445 4086 quam
2488 4019 2556 4071 ab
2590 4033 2657 4071 eo
2678 4018 2771 4086 qui
2819 4033 2922 4070 non
2956 4026 3159 4085 potest.
3192 4018 3347 4070 Sient
3388 4027 3571 4084 pente-

290 4096 432 4137 ctins
451 4101 537 4137 est
562 4088 796 4140 calidum
824 4089 969 4156 quod
996 4095 1173 4153 potest
1191 4088 1515 4160 calefacere,
1544 4107 1703 4157 quam
1729 4096 1875 4160 quod
1907 4107 2012 4146 non
2044 4100 2257 4159 potest;
2289 4101 2343 4141 et
2365 4089 2657 4156 perfectius
2684 4089 2788 4142 scit
2814 4090 2909 4157 qui
2942 4100 3122 4160 potest
3145 4090 3372 4151 docere,
3397 4103 3567 4156 quam

291 4168 383 4223 qui
426 4172 530 4230 non
564 4165 736 4230 potest
764 4173 781 4221 ;
812 4174 865 4211 et
892 4170 1096 4225 quanto
1128 4158 1427 4225 perfectius
1464 4163 1666 4214 donum
1693 4158 1891 4230 aliquis
1923 4158 2329 4216 communicare
2361 4167 2559 4227 potest,
2598 4168 2750 4212 tanto
2780 4159 2835 4230 in
2889 4158 3201 4226 perfection
3241 4168 3414 4227 gradu
3445 4170 3569 4225 est;

290 4227 513 4303 sicutin
555 4228 873 4303 perfectiori
902 4230 1075 4293 gradu
1109 4230 1410 4303 magisterii
1444 4243 1549 4295 est,
1583 4235 1674 4299 qui
1718 4227 1896 4303 potest
1925 4236 2119 4286 docere
2151 4233 2396 4283 altiorem
2418 4233 2738 4303 scientiam.
2772 4229 2840 4281 ist
2867 4230 3183 4303 secundum
3219 4231 3364 4303 hanc
3406 4231 3568 4284 simi-

290 4294 581 4370 liti_id_i_i_iei_n_
628 4298 1136 4370 considerandaest
1166 4294 1457 4353 diversitas
1485 4294 1749 4370 graduum
1780 4306 1864 4356 vel
1892 4308 2143 4356 ordinum
2168 4302 2221 4354 in
2255 4302 2482 4369 angelis,
2513 4303 2813 4354 secundum
2845 4301 3057 4353 diversa
3091 4299 3265 4352 oﬂicia
3293 4311 3349 4353 et
3382 4310 3564 4355 actus.

364 4363 393 4435 θ
418 4366 501 4418 ιιι.
523 4366 793 4422 Observat
821 4368 1370 4443 quamlibetmentem
1389 4363 1512 4426 sive
1527 4376 1963 4443 angelicamsive
1985 4375 2273 4426 humanam
2292 4363 2565 4443 eiprimas
2577 4382 2633 4423 et
2650 4374 2856 4423 medias
2870 4380 2923 4423 et
2939 4372 3153 4443 ultimas
3172 4372 3446 4439 potentias
3464 4376 3571 4425 ha-

290 4436 441 4499 bere,
476 4454 596 4512 quae
620 4453 853 4506 capaces
882 4441 1373 4512 sintexpiationis,
1402 4436 1805 4509 illustra'tionis,
1846 4457 2012 4512 atque
2051 4436 2427 4510 perfectionis.
2460 4442 2584 4494 [hec
2619 4444 2745 4496 vide
2785 4447 2926 4509 apud
2967 4436 3364 4511 Pacliyineram
3392 4444 3569 4511 eXpli-

292 4512 438 4584 cata.
472 4509 681 4584 Quibus
712 4513 850 4584 adde
876 4526 943 4563 ex
993 4508 1117 4566 divo
1145 4510 1375 4575 'l‘hotna,
1407 4518 1457 4566 in
1485 4517 1657 4582 prima
1686 4508 1866 4583 parte,
1897 4508 2090 4584 quiest.
2118 4514 2241 4578 108,
2269 4524 2374 4565 art.
2409 4514 2462 4575 2,
2494 4518 2641 4584 quod
2668 4517 2780 4579 ipsa
2810 4508 2950 4563 ratio
2974 4508 3295 4564 liiera'rchia:
3320 4508 3569 4579 requirat

291 4579 541 4631 ordinum
566 4581 965 4643 diversitatem,
987 4596 1107 4649 qua:
1131 4584 1347 4649 quidem
1374 4579 1665 4639 diversitas
1682 4579 1940 4641 ordinum
1962 4590 2257 4639 secundum
2278 4585 2493 4636 diversa
2513 4579 2697 4636 cilicia
2726 4593 2779 4632 et
2811 4587 3388 4647 actuscoiismeratur;
3423 4597 3569 4638 sicut

290 4652 432 4716 apud
448 4651 697 4705 homines
722 4653 777 4703 in
800 4655 1042 4720 qualibet
1068 4655 1287 4709 civitate
1311 4668 1438 4708 sunt
1464 4658 1662 4711 diversi
1688 4656 2242 4722 ordines,secunduin
2267 4656 2512 4707 diversos
2530 4663 2705 4708 actus.
2731 4652 2866 4704 Nam
2897 4656 3035 4704 alius
3055 4665 3141 4706 est
3159 4658 3295 4707 ordo
3312 4656 3569 4720 judican-

293 4732 447 4797 tnim,
479 4733 535 4774 et
569 4726 713 4797 alius
736 4724 1120 4793 pugnantium,
1154 4735 1210 4779 et
1241 4728 1378 4779 alius
1415 4730 1467 4779 in
1500 4731 1646 4797 agris
1669 4729 2063 4791 laborantium;
2093 4737 2147 4778 et
2174 4727 2252 4777 sic
2279 4728 2344 4777 de
2380 4728 2523 4777 aliis.
2545 4728 2649 4777 Sed
2680 4726 2930 4794 quamvis
2965 4725 3116 4775 multi
3149 4726 3261 4797 sint
3295 4730 3460 4778 unius
3482 4741 3567 4779 ei-

290 4793 476 4867 vitatis
510 4794 756 4867 ordines,
782 4810 981 4867 omnes
1019 4804 1198 4850 tamen
1231 4799 1311 4867 ad
1332 4806 1445 4851 tres
1483 4793 1665 4852 reduci
1714 4810 1944 4867 possunt
1979 4799 2282 4851 secundum
2328 4800 2474 4864 quod
2515 4793 2770 4865 quaelibet
2808 4796 3099 4867 multitudo
3122 4795 3373 4863 perfecta
3402 4799 3572 4849 habet

290 4863 643 4931 principium,
670 4866 915 4918 medium.
970 4876 1025 4918 et
1059 4876 1242 4922 linem.
1272 4865 1426 4922 Unde
1450 4879 1505 4922 et
1537 4873 1590 4922 in
1622 4863 1942 4922 civitatibus
1967 4871 2161 4935 triplex
2199 4863 2641 4921 ordo’liomiuum
2671 4868 2962 4935 reperitur.
2995 4865 3227 4929 Quidam
3254 4869 3406 4918 enim
3438 4880 3572 4921 stitit

289 4938 548 4999 supremi,
578 4946 635 4987 ut
664 4938 993 5004 optimates;
1023 4946 1242 5006 quidam
1268 4949 1451 4991 autem
1476 4949 1605 4993 sunt
1628 4942 1825 5002 intimi,
1848 4952 1903 4992 ut
1937 4941 2057 4991 Vilis
2080 4939 2389 5007 plebecula;
2422 4950 2639 5007 quidam
2665 4953 2846 4989 autem
2876 4949 3002 4989 sunt
3028 4940 3211 5000 medii,
3246 4946 3304 4988 ut
3334 4941 3570 5007 populus

292 5016 615 5078 itonnratus.
654 5010 749 5061 Sic
776 5009 942 5076 igitur
970 5012 1135 5060 etiam
1171 5013 1222 5061 in
1246 5010 1491 5076 qualibet
1523 5012 1832 5064 lnerarclna
1853 5012 2099 5078 angelica
2122 5011 2344 5063 ordines
2370 5016 2780 5076 distinguuntur
2805 5012 3101 5062 secundum
3130 5012 3385 5062 diversos
3410 5020 3568 5062 actus

288 5083 343 5150 ct
369 5075 543 5128 ollicia
570 5092 585 5127 :
616 5089 671 5130 et
695 5075 874 5131 omnis
898 5081 1005 5131 ista
1025 5075 1319 5133 diversitas
1348 5084 1415 5133 ad
1444 5082 1548 5133 tria
1584 5082 1894 5143 reducitur,
1921 5075 2130 5133 scilicet
2154 5083 2223 5133 ad
2255 5075 2562 5143 summum,
2591 5087 2829 5133 medium
2857 5089 2913 5132 et
2937 5082 3219 5146 intimum;
3246 5092 3303 5134 et
3338 5090 3564 5150 propter

290 5144 392 5198 hoc
422 5156 648 5201 sanctus
677 5150 968 5219 Dionysius
1009 5166 1063 5202 iii
1096 5152 1339 5218 qualibet
1374 5155 1685 5204 liierarcltta
1716 5160 1871 5219 ponit
1921 5162 2029 5203 tres
2059 5153 2303 5204 ordines.

1346 5363 1832 5419 PARAPIIRASIS
1872 5364 2310 5420 PACHYMERAZ
2347 5363 2481 5435 (ιδ).

330 5471 359 5541 §
412 5475 455 5528 l.
485 5474 698 5541 Repetit
724 5475 813 5531 hic
841 5486 1063 5531 sanctus
1086 5493 1149 5531 ea
1172 5493 1295 5545 quae
1325 5482 1468 5535 dicta
1496 5492 1643 5545 sunt,
1674 5492 1729 5536 et
1762 5498 1790 5533 a

2105 5482 2142 5534 I.
2189 5476 2660 5547 Ἐπαναλαμϐάνει
2689 5475 2757 5528 τὰ
2798 5477 3027 5546 ρηθέντα
3059 5478 3087 5529 ὁ
3116 5479 3293 5546 ἅγιος,
3327 5482 3422 5535 καί
3455 5499 3550 5554 φη.

278 5568 614 5620 (.ouclusum
644 5567 809 5634 igitur
838 5585 866 5620 a
894 5572 1069 5637 nobis,
1095 5575 1365 5640 quomodo
1392 5576 1481 5628 illa
1515 5575 1730 5643 quidem

2144 5579 2265 5629 Ὅτι
2324 5572 2773 5646 συμπεπέρασται
2828 5574 3004 5627 τοίνυν
3056 5576 3208 5645 ἡμῖν,
3255 5577 3335 5642 ὡς
3382 5580 3417 5647 ἡ
3460 5579 3560 5633 μὲν

360 5695 389 5723 ιι
419 5684 439 5737 ι
464 5683 606 5736 Pctr.
645 5701 721 5745 iv,
753 5684 837 5739 ll).

365 5802 476 5867 tibi
524 5803 653 5855 Vide
683 5802 868 5856 Schol.
898 5802 953 5856 S.
1000 5802 1221 5855 Maximi
1253 5814 1380 5861 toni.
1416 5806 1480 5873 ll,
1508 5824 1626 5882 cap.
1660 5809 1743 5864 10.
