3734 6330
93 352 200 407 277

610 347 697 400 DE
729 344 1062 402 C(ELESTI
1096 341 1542 407 lllERARClllA,
1578 339 1734 400 CAP.
1774 342 1840 399 X.
1876 372 1945 382 --
1983 338 2335 395 PARAPllR.
2371 333 2861 427 PACIIYMEBE.

3254 331 3361 385 9.78

90 464 447 535 πρεσϐυτάτη
472 462 552 533 (οὐ
587 462 728 515 κατὰ
758 462 969 534 χρόνον,
1005 460 1141 515 ἀλλὰ
1173 460 1311 513 κατά
1339 460 1513 531 τάξιν)
1541 478 1564 511 τ

1887 458 2092 513 ιίεεὶηιιι
2128 459 2256 527 (non
2306 454 2604 513 secundum
2652 462 2887 521 tempus,
2942 447 3036 503 sed
3068 448 3361 501 secundum

84 572 199 618 τως
244 555 604 624 διακόσμησις
648 553 759 606 τῶν
810 554 940 624 περὶ
982 553 1113 605 Θεὸν
1160 554 1253 608 καὶ
1309 552 1495 623 κύκλῳ
1542 551 1677 605 Θεοῦ

91 647 227 702 νὸων
262 646 428 717 (κατὰ
459 647 518 699 τό
538 664 552 677 ο
575 648 794 708 Κύκλῳ
814 645 997 699 αὐτοῦ
1024 648 1060 714 ἡ
1088 645 1287 715 σκηνὴ
1313 645 1499 699 αὑτοῦ
1517 661 1529 673 ·
1575 645 1679 699 κᾶν

89 741 182 791 καὶ
232 741 376 811 ὑπὲρ
429 740 536 792 πᾶν
585 739 759 810 πέρας
806 737 900 791 καὶ
946 738 1173 810 ἄπειρον
1219 738 1279 791 τὸ
1321 740 1475 792 Θεῖόν
1509 742 1677 812 ἐστιν)

88 834 193 885 ὑπὸ
225 834 329 902 τῆς
360 832 678 902 ὲλλάμψεως
700 831 801 901 τῆς
833 830 1076 902 ἀρχηγοῦ
1110 832 1203 884 καὶ
1226 832 1401 895 αἰτίας
1426 835 1680 888 ἁπάντων

92 922 194 976 τῶν
226 922 581 989 τελειώσεων,
622 924 1125 995 μυσταγωγουμένη
1180 923 1301 994 (διὰ
1333 925 1393 977 τὸ
1439 926 1512 997 μὴ
1541 920 1680 980 εἶναι

86 1017 286 1085 ἑτέραν
325 1014 432 1084 πρὸ
465 1012 635 1081 αὐτῆς
667 1011 840 1075 τάξιν,
876 1012 991 1065 ἀλλ’
1024 1013 1192 1083 αὐτὴν
1220 1012 1439 1084 ἀμέσως
1468 1015 1554 1067 ἐπ’
1586 1016 1681 1068 αὺ-

86 1110 181 1179 τὴν
215 1106 612 1165 ἀνατείνεσθαι,
645 1104 948 1176 ἑλκομένην
978 1099 1086 1158 οἷον
1121 1106 1224 1158 ὑπὸ
1245 1105 1337 1158 τοῦ
1374 1106 1680 1175 αὑταγάθου

85 1202 179 1253 καὶ
225 1197 485 1270 φυσικῶς
509 1196 738 1265 ἀγαθοῦ,
786 1191 845 1250 οὗ
880 1196 971 1249 καὶ
1006 1197 1182 1250 πάντα
1216 1197 1457 1266 ἐφίενται
1479 1214 1492 1227 ’
1523 1196 1682 1250 τοῦτο

84 1293 195 1364 γάρ
246 1292 369 1344 ἐστι
415 1290 477 1342 τὸ
509 1288 912 1342 ἀνατείνεσθαιο
978 1289 1038 1342 οὑ
1089 1287 1197 1361 γὰρ
1244 1288 1464 1359 ἀφίησιν
1513 1289 1681 1361 αὐτὴν

84 1386 341 1454 ἠρεμεῖν,
386 1382 482 1434 καὶ
523 1375 635 1433 οἷον
687 1380 1083 1445 ὲπινυστάζειν,
1135 1382 1166 1451 ἡ
1211 1380 1448 1452 ἇῤῥητος
1497 1381 1678 1452 ὲκείνη

84 1474 248 1536 ἀκτὶς
279 1470 714 1541 ὲπιλάμπουσα),
745 1470 1083 1541 καθαίρεται,
1124 1469 1218 1522 καί¹
1249 1469 1556 1539 φωτίζεται,
1578 1471 1681 1545 ,καὶ

80 1564 552 1635 τελεσιουργεῖται
597 1563 654 1617 ὲν
703 1563 1055 1636 κρυφιωτέρᾳ
1107 1563 1199 1616 καὶ
1239 1563 1509 1633 φανοτέρᾳ
1562 1561 1680 1634 θείᾳ

83 1656 413 1725 φωτοδοσίᾳ.
473 1654 783 1709 Κάντεῦθεν
846 1655 1024 1727 δῆλον,
1081 1656 1163 1708 ὅτι
1206 1655 1311 1708 ὑπὸ
1346 1656 1443 1725 τῆς
1475 1652 1681 1719 τάξεως

81 1747 270 1817 ἔχουσι
305 1746 408 1818 τὴν
436 1745 695 1816 ελλαμψιν
731 1746 967 1799 πλείονα.
990 1747 1053 1800 Εἰ
1082 1746 1189 1818 γάρ
1210 1745 1381 1809 οὕτως
1400 1746 1681 1817 ἐδημιουρ-

1782 552 2051 620 ordinem)
2078 549 2300 602 omnino
2328 547 2636 601 distributio
2662 559 2852 600 earum
2884 542 3006 612 qua:
3021 541 3166 596 oircn
3196 538 3363 593 Deum

1780 653 1831 698 et
1863 644 1913 696 in
1937 641 2170 696 circuitu
2217 639 2308 693 Dei
2334 649 2462 691 sunt
2486 635 2969 705 intelligentiarum
3002 632 3176 702 (juxta
3209 630 3360 685 illud:

1781 733 1850 788 In
1894 734 2121 787 circuitu
2172 733 2336 801 ipsius
2373 726 2774 783 tabernaculum
2808 726 2922 795 eju
2946 733 3011 790 ';
3048 722 3151 778 etsi
3196 722 3362 776 etiam

1781 843 1948 897 super
1973 841 2191 881 onmem
2230 821 2525 878 terminum
2564 827 2621 875 et
2643 819 2751 889 97
2785 817 3106 871 inﬁnitatem
3145 814 3216 870 sit
3246 813 3361 867 Nu-

1783 932 1907 971 men
1947 915 2214 983 divinum)
2241 913 2307 967 ab
2342 913 2574 982 ipsamet
2599 910 2851 979 primitus
2881 906 3131 961 initiante
3153 905 3361 959 illumi-

1783 1003 2005 1057 natione
2032 1012 2086 1057 et
2113 1013 2437 1057 cmterarum
2463 999 2825 1053 initiationum
2853 1010 3017 1051 causa
3039 1005 3360 1051 consecrata

1783 1093 1870 1160 (eo
1900 1093 2044 1162 quod
2080 1107 2185 1145 non
2212 1092 2284 1146 sit
2308 1091 2448 1144 alius
2470 1091 2603 1143 ordo
2627 1097 2755 1142 ante
2788 1088 2979 1157 ipsam,
3014 1085 3108 1140 sed
3132 1086 3365 1155 ipsumet

1784 1186 2091 1239 immediate
2121 1184 2184 1237 ad
2215 1198 2334 1238 eam
2372 1182 2722 1246 extendatur,
2746 1189 2976 1233 attracta
3012 1180 3363 1247 quodammo-

1784 1275 1851 1329 do
1901 1274 1968 1327 ab
2010 1274 2241 1343 ipsomet
2288 1286 2385 1342 per
2418 1287 2476 1326 se
2514 1273 2675 1336 bono,
2728 1280 2781 1325 et
2809 1284 3003 1324 natura
3044 1272 3185 1325 bono
3212 1271 3361 1341 quod

1782 1367 1965 1420 omnia
1999 1374 2295 1434 appetunt;
2327 1366 2427 1418 hoc
2451 1363 2595 1419 enim
2639 1372 2724 1417 est
2765 1362 3021 1429 extendi;
3078 1380 3183 1416 non
3214 1364 3362 1419 enim

1785 1458 2083 1513 inellabilis
2114 1457 2205 1512 ille
2233 1457 2420 1511 radius
2455 1457 2687 1511 illucens
2724 1456 2990 1527 permittit
3031 1457 3200 1526 ipsam
3232 1458 3363 1512 soli-

1786 1552 1977 1605 tariam
2034 1560 2086 1606 et
2140 1548 2543 1618 quodammodo
2592 1548 2916 1616 dormitare)
2980 1559 3264 1619 purgatur,
3309 1558 3364 1604 et

1784 1643 2126 1697 illuminatur
2150 1652 2313 1710 atque
2344 1640 2626 1709 perﬁcitur
2654 1639 2937 1694 secretiori
2966 1639 3129 1695 simul
3158 1649 3212 1695 et
3243 1658 3362 1694 ma-

1784 1730 2051 1787 nifestiori
2089 1730 2271 1786 divina
2325 1730 2709 1787 illustratione.
2759 1728 2913 1785 Unde
2959 1730 3125 1784 etiam
3187 1740 3359 1800 patet,

80 1838 249 1909 γήθη,
287 1838 435 1891 ὥστε
467 1840 658 1911 πρώτη
693 1834 852 1902 εἶναι,
883 1837 1004 1891 οὔτε
1039 1838 1374 1909 καθάρσεως,
1407 1837 1528 1892 οὗτε

1886 1825 1925 1878 κ]
1950 1824 2051 1879 sub
2089 1824 2282 1878 ordine
2310 1823 2617 1877 uberiorem
2648 1822 2889 1876 habeant
2922 1821 3360 1878 illustrationem.

80 1930 283 2001 τισμοῦ
318 1932 517 1999 ἐδέετο,
552 1931 694 1986 οὕτω
726 1931 1042 1997 πλασθεῖσα,
1077 1930 1215 1984 ὥστε
1254 1930 1345 1984 καὶ
1381 1930 1504 1998 ἀξία
1545 1927 1679 1983 εἶναι

81 2022 182 2091 τῆς
215 2022 452 2094 πρώτης
483 2022 706 2090 τάξεως.
738 2022 1137 2095 Κρυφιωτέραν
1168 2021 1225 2073 δὲ
1256 2023 1350 2074 καὶ
1383 2021 1681 2091 φανοτέραν

80 2115 178 2184 τὴν
208 2116 388 2185 αὐτὴν
415 2111 565 2169 εἶπεν
594 2116 952 2186 φωτοδοσίανο
988 2114 1022 2168 ἅ
1051 2113 1114 2185 δὴ
1154 2114 1249 2167 καὶ
1295 2112 1511 2166 ἐναντία
1556 2114 1682 2184 περὶ

81 2205 141 2257 τὸ
174 2206 315 2259 αὐτὸ
357 2206 601 2276 φαίνεταί
631 2222 748 2271 πως
781 2203 937 2260 εἶναι.
968 2206 1040 2259 Τὸ
1072 2205 1180 2277 γὰρ
1215 2204 1443 2276 κρύφιον
1481 2206 1541 2259 οὐ
1576 2222 1681 2275 φα-

81 2297 169 2349 νόν
191 2316 208 2329 ·
247 2299 353 2351 καὶ
382 2300 443 2351 τὸ
464 2302 628 2369 φανὸν
665 2301 726 2354 οὐ
763 2299 1011 2371 κρύφιον,
1048 2298 1191 2352 κατά
1223 2298 1412 2351 τοῦτον
1444 2298 1535 2352 τὸν
1554 2299 1681 2370 τρό-

82 2406 201 2442 πον.
238 2391 310 2442 Εἰ
345 2390 454 2461 γὰρ
478 2393 570 2444 καὶ
593 2390 806 2445 ἐναντία
829 2392 938 2444 εἰσὶ
974 2392 1100 2463 περὶ
1123 2392 1185 2444 τὸ
1208 2392 1355 2456 αὐτὸ,
1389 2390 1524 2445 ἀλλά
1548 2391 1685 2462 πρὸς

82 2480 208 2532 ἄλλο
241 2482 348 2533 καὶ
381 2481 508 2535 ἄλλο
535 2481 798 2543 νοοῦνται.
840 2482 1213 2555 Κρυφιωτέρα
1268 2484 1367 2555 μὲν
1407 2482 1517 2555 γὰρ
1547 2484 1684 2555 πρὸς

80 2571 247 2639 ημᾶς,
286 2569 369 2632 ὡς
400 2571 692 2643 νοητοτέρα
734 2573 943 2644 (νοηταὶ
980 2574 1088 2646 γὰρ
1118 2574 1213 2628 καὶ
1248 2575 1303 2627 αἱ
1343 2575 1453 2627 τῶν
1482 2575 1683 2627 ὑποϐε-

81 2659 335 2729 ὓηκυιῶν
376 2660 587 2727 τάξεων
636 2662 985 2738 ὲλλάμψεις),
1031 2666 1324 2737 νοητοτέρα
1384 2666 1441 2720 δὲ
1586 2668 1685 2738 τῆς

81 2750 334 2822 πρώτης,
364 2753 455 2804 καὶ
482 2755 613 2823 ἡμῖν
641 2755 1042 2828 ἀγνωστοτέρα,
1078 2758 1165 2812 διὰ
1197 2756 1355 2811 τοῦτο
1393 2760 1485 2812 καὶ
1511 2760 1687 2812 ἀπλω-

80 2839 208 2911 τικὴ
231 2842 351 2910 (ὡς
387 2840 461 2911 μὴ
494 2844 895 2916 κατανοουμένη
927 2846 1257 2899 ἀπεντεῦθεν
1289 2847 1377 2901 διά
1405 2865 1549 2913 τινος
1576 2848 1685 2901 τῶν

82 2929 375 3001 ἡμετέρων
424 2932 517 2984 καὶ
557 2932 873 3004 χθαμαλῶν,
921 2935 958 2990 ἀ
994 2935 1057 3007 δὴ
1091 2938 1184 2990 καὶ
1219 2937 1494 3000 συνθέσεις
1516 2939 1685 3009 εἰσιν)

81 3019 217 3073 ἀλλά
258 3020 363 3074 καὶ
389 3022 652 3086 ἑνοποιός.
688 3025 839 3095 ὐσῳ
877 3025 986 3098 γὰρ
1018 3028 1116 3098 τῆς
1150 3028 1281 3100 ὕλης
1316 3027 1473 3099 ήμῶν
1502 3030 1530 3081 ὁ
1560 3027 1687 3092 νοῦς

82 3113 498 3179 ἁποδιισταται,
531 3114 785 3170 τοσοῦτον
820 3119 949 3190 περὶ
980 3120 1040 3172 τὸ
1074 3119 1131 3173 ἓν
1166 3124 1351 3193 χωρεῖ,
1394 3123 1485 3175 καὶ⁸
1508 3123 1676 3179 ἀῦλο-

82 3206 284 3277 τέρως,
317 3207 398 3270 ὡς
419 3207 486 3261 ἀν
506 3224 592 3271 τις
624 3209 788 3276 εἴποι,
820 3211 914 3264 τοῦ
937 3212 1128 3283 νοητοῦ
1152 3214 1549 3283 ἐπιδράττεται.
1578 3218 1687 3272 Καὶ

79 3297 130 3348 τί
161 3297 314 3367 λέγω
350 3299 433 3361 εἰς
468 3299 660 3366 ταῦτα,
694 3302 829 3355 ὅπου
862 3320 925 3372 γε
962 3307 1027 3375 τῇ
1065 3306 1313 3377 αἰσθήσει
1345 3307 1505 3361 τοῦτο
1546 3325 1685 3379 συμ-

82 3390 255 3443 ϐαίνει
282 3392 372 3455 εἰς
394 3390 465 3444 τὰ
497 3393 728 3465 αἰσθητὰ
762 3396 1091 3468 πράγματας
1128 3398 1409 3471 πόρρωθεν
1440 3400 1548 3473 γὰρ
1574 3401 1688 3471 βλέ-

82 3480 280 3544 ποντές
312 3497 392 3544 τι,
427 3481 651 3552 οἰόμεθα
789 3484 924 3548 ζῶον
976 3482 1135 3553 εἶναι,
1186 3488 1219 3559 ἢ
1267 3488 1411 3543 λίθον
1437 3491 1615 3560 τυχὸν,
1652 3491 1684 3562 ἢ

79 3572 322 3642 δένδρον,
353 3571 387 3641 ἢ
424 3571 553 3625 ἄλλο
578 3590 664 3626 τι·
699 3579 1150 3648 προσεγγίζοντες
1173 3580 1231 3633 δὲ
1261 3580 1397 3645 ζῶον
1426 3583 1687 3653 μανθάνο-

85 3681 202 3733 μεν,
264 3665 370 3718 καὶ
422 3666 623 3719 τοιόνδε
676 3667 832 3733 ζῶον,
869 3669 1153 3741 ἄνθρωπον
1184 3673 1365 3741 τυχὸν,
1416 3675 1507 3727 καὶ
1537 3675 1686 3729 τόνδε

82 3757 173 3808 τὸν
201 3756 524 3828 ἄνθρωπον.
560 3758 669 3812 Καὶ⁸
698 3759 768 3811 τὰ
800 3761 987 3813 παιδία
1022 3763 1291 3836 πρότερον
1319 3764 1527 3829 πάντας
1559 3768 1687 3830 τοὺς

85 3850 284 3921 ἄνδρας
333 3849 577 3920 πατέρας
608 3851 782 3917 καλεῖ,
828 3854 921 3906 καὶ
970 3854 1214 3926 μητέρας
1256 3854 1357 3919 τάς
1389 3859 1682 3925 γυναῖκας’

88 3940 320 4013 ὕστερον
366 3940 424 3993 δὲ
454 3942 775 3995 ὲνοποιεῖται
818 3944 850 4013 ἡ
890 3943 1091 4012 γνῶσις
1121 3946 1346 4012 τούτων,
1396 3948 1489 3999 καὶ
1525 3945 1687 4015 γινώ-

88 4058 277 4094 σκουσι
316 4043 451 4105 τοὺς
485 4041 704 4113 ἀληθείς
736 4042 993 4112 πατέρας.
1037 4039 1190 4107 Εἶδες
1220 4044 1339 4108 πῶς
1374 4048 1407 4116 ὴ
1436 4046 1689 4117 αἴσθησις

85 4134 439 4185 ὲνοποιεὶταιο
476 4131 637 4184 τοῦτο
656 4133 749 4184 καὶ
780 4134 807 4185 ὁ
840 4130 964 4195 νοῦς
992 4132 1189 4203 πάσχει
1212 4137 1323 4196 τοίς
1343 4139 1553 4208 νοητοῖς
1584 4138 1686 4208 ὲμ-

89 4224 361 4279 ϐατεύων.
409 4224 559 4277 Ἀλλ’
591 4223 841 4278 ἐντεῦθεν
868 4225 1244 4280 ὑπανακύπτει
1271 4229 1475 4301 ἀπορία
1521 4231 1689 4299 ἀναγ-

85 4316 232 4382 καία,
285 4316 483 4385 πῶςή
544 4313 643 4384 μὲν
679 4313 931 4384 αἴσθησις
964 4315 1044 4378 εἰς
1094 4315 1155 4368 τὸ
1213 4317 1507 4391 ἐγγύτερον
1560 4321 1689 4392 μᾶλο

84 4406 170 4459 λον
202 4408 541 4460 ὲνοποιεῖται
561 4446 575 4471 ,
611 4408 639 4460 ὁ
668 4404 726 4457 δὲ
759 4403 884 4468 νοῦς
916 4406 996 4469 εἰς
1026 4405 1088 4458 τὸ
1118 4407 1488 4480 πορρώτερον,
1538 4412 1629 4464 καὶ
1659 4412 1688 4464 ὃ

85 4500 244 4562 αὐτὸς
266 4498 427 4566 λέγει
450 4496 710 4568 κρύφιον;
748 4499 855 4551 Καὶ
886 4497 1033 4552 ἐστιν
1063 4500 1255 4563 εἰπεῖν,
1291 4500 1373 4553 ὅτι
1403 4500 1523 4553 κατ’
1558 4502 1689 4573 ἁλή-
1720 4526 1766 4581 Β

87 4589 232 4642 θειαν
254 4592 442 4643 ὲκείνο
459 4590 573 4659 ἔχει
603 4591 632 4643 ὁ
659 4588 783 4653 νοῦς
804 4590 1117 4663 ἐγγύτερον,
1148 4593 1208 4646 τὸ
1234 4594 1490 4649 ἐπέκεινα
1513 4595 1693 4667 πάσης

86 4681 277 4754 ὑλικῆς
334 4681 642 4745 συνθέσεως
697 4684 792 4735 καὶ
836 4682 1173 4755 αἰσθήσεως·
1214 4686 1374 4740 τοῦτο
1419 4688 1529 4761 γάρ
1576 4692 1692 4741 ἐστι

88 4772 173 4823 καὶ
200 4772 491 4844 προσῆκον
516 4772 595 4844 τῷ
617 4773 692 4844 νῷ
722 4775 815 4827 καὶ
843 4778 963 4840 ταῖς
992 4776 1086 4830 τοῦ
1115 4776 1206 4831 νοῦ
1234 4778 1555 4849 ἐνεργείαις.
1592 4779 1690 4833 No?

86 4865 189 4935 γὰρ
236 4863 579 4937 πορῤὡτερα
617 4866 686 4918 τὰ
750 4866 999 4938 αἰσθήσει
1057 4868 1240 4931 ποσῶς
1294 4868 1685 4923 ὑποπίπτοντα.

88 4956 243 5009 Κατά
263 4956 406 5026 γοῦν
430 4957 723 5027 ἀναλογίαν
745 4960 887 5030 (ἐπεὶ
909 4962 1257 5032 κρυφιωτέρα
1281 4964 1372 5015 καὶ
1392 4962 1687 5034 νοητοτέρα

90 5047 118 5113 ἡ
174 5048 290 5100 τῶν
357 5046 595 5119 πρώτων
644 5050 905 5122 ἔλλαμψις
959 5053 1109 5124 παρά
1173 5052 1273 5116 τὰς
1336 5053 1443 5107 τῶν
1500 5054 1686 5107 δευτέ-

92 5153 193 5205 ρων
248 5139 577 5211 smnpm)
638 5142 835 5211 μᾶλλον
901 5142 1041 5214 αῦτη
1100 5144 1341 5210 ὲνοποιός
1394 5146 1531 5208 ἐστι,
1597 5147 1688 5199 καὶ

89 5232 227 5285 οὕτω
290 5234 396 5304 μὲν
458 5235 810 5306 κρυφιωτέρα
856 5237 993 5308 πρὸς
1057 5238 1203 5308 ἡμᾶς
1257 5240 1348 5291 καὶ
1398 5239 1489 5291 τὸν
1549 5239 1687 5311 ὴμέ-

92 5346 244 5399 τερον
290 5330 465 5385 νοῦν·
526 5333 798 5405 φανοτέρα
844 5333 901 5387 δὲ
947 5333 1128 5399 πάλιν,
1188 5334 1323 5405 πρὸς
1374 5334 1540 5406 αὐτὴν
1590 5336 1688 5405 τὴν

91 5420 397 5494 δεχομένην
428 5423 531 5495 τὴν
561 5424 823 5496 έλλαμψιν
844 5443 857 5455 ο
900 5426 1236 5497 πρωτὸὀοτος
1266 5426 1374 5497 γὰρ
1408 5429 1500 5481 καὶ
1536 5445 1685 5499 πρω-

93 5518 335 5587 τιιφανὴς
367 5516 460 5569 καὶ
486 5516 785 5588 ὁλικωτέρα
819 5517 1018 5588 μᾶλλον
1048 5518 1365 5590 ήέλλαμψις
1398 5521 1430 5591 ἡ
1472 5520 1552 5583 εἰς
1584 5520 1682 5572 αὐ-

94 5604 187 5675 τὴν
219 5608 531 5679 κεχυμένη.
587 5609 650 5661 Εἰ
682 5608 738 5662 δὲ
774 5610 806 5679 ἡ
839 5608 975 5680 αὐτὴ
1006 5609 1100 5662 καὶ
1134 5610 1511 5685 ὑπερπλήρης,
1548 5610 1683 5665 ἀλλὰ

175 5768 199 5796 ν
227 5760 388 5816 Psal.
424 5774 557 5828 ινιι,
591 5761 675 5817 ιε.
716 5736 721 5743 ’

1783 1916 1839 1970 Si
1865 1915 2009 1969 enim
2051 1915 2122 1969 ita
2163 1915 2381 1970 condita
2414 1921 2558 1967 esset
2589 1912 2678 1966 illa
2706 1912 3009 1978 distinetin,
3044 1921 3102 1967 ut
3140 1915 3364 1968 omnino

1784 2007 1965 2076 prima
2000 2015 2171 2071 esset,
2205 2020 2384 2075 neque
2414 2004 2735 2075 purgatione
2771 2018 2946 2072 neque
2968 2004 3365 2060 illuminatione

1782 2114 1919 2169 opus
1944 2100 2195 2165 haberet,
2236 2114 2361 2154 cum
2406 2099 2480 2153 ita
2523 2097 2759 2151 formata
2788 2094 2952 2164 foret,
2982 2107 3042 2152 ut
3067 2098 3246 2167 primo
3274 2112 3365 2151 or-

1784 2197 1910 2249 dine
1941 2192 2104 2262 digna
2128 2202 2299 2250 esset.
2338 2191 2704 2247 Secretiorem
2728 2202 2907 2247 autem
2940 2201 2996 2247 et
3028 2191 3363 2246 manifestio-

1785 2303 1899 2343 rem
1952 2287 2200 2343 eamdem
2243 2287 2459 2341 vocavit
2509 2286 2951 2351 illustrationem,
3008 2300 3127 2356 quae
3181 2286 3366 2354 utique

1783 2383 1931 2437 circa
1986 2381 2130 2437 idem
2186 2380 2439 2435 videntur
2495 2379 2650 2450 quasi
2702 2394 2825 2435 esse
2871 2380 3164 2434 contraria.
3212 2378 3365 2446 Quod

1784 2477 1928 2532 enim
1960 2475 2232 2531 occultum
2263 2483 2369 2540 est,
2422 2488 2528 2528 non
2573 2482 2657 2530 est
2694 2473 3083 2541 manifestum;
3138 2482 3192 2529 et
3221 2474 3368 2543 quod

1787 2566 2160 2634 manifestum,
2206 2582 2314 2622 non
2354 2576 2437 2622 est
2465 2565 2764 2631 occultum,
2785 2565 2938 2635 juxta
2972 2565 3221 2621 eumdem
3248 2578 3367 2620 mo-

1786 2663 1936 2715 dum.
1965 2661 2076 2715 Etsi
2108 2660 2254 2715 enim
2286 2660 2450 2713 etiam
2476 2658 2754 2713 contraria
2782 2666 2909 2711 sunt
2948 2666 3195 2727 respectu
3222 2658 3370 2727 ejus-

1786 2757 1931 2820 dem,
1963 2755 2030 2809 ad
2054 2753 2203 2809 aliud
2243 2761 2422 2807 tamen
2466 2763 2630 2822 atque
2662 2752 2808 2807 aliud
2842 2751 3232 2821 intelliguntur.
3259 2749 3368 2807 0c-

1784 2847 1985 2903 cultior
2013 2847 2230 2916 quidem
2256 2855 2342 2900 est
2372 2846 2554 2910 nobis,
2578 2845 2705 2915 quia
2736 2843 3093 2914 spiritualior;
3116 2842 3369 2914 (spirita-

1788 2936 1867 2992 les
1888 2936 2032 2990 enim
2057 2944 2187 2990 sunt
2209 2944 2265 2991 et
2292 2934 2609 2990 inferiorum
2634 2934 2890 2989 ordinum
2921 2934 3308 2988 illustrationes
3328 2932 3369 3002 :)

1788 3026 2132 3095 spiritualior
2161 3035 2343 3081 autem
2375 3036 2459 3081 est
2490 3024 2578 3079 illa
2618 3025 2809 3096 primae
2837 3023 3239 3080 disuibutionis
3265 3040 3368 3077 no-

1790 3122 1982 3189 bisque
2028 3119 2292 3189 ignotior;
2328 3117 2533 3174 idcirco
2584 3118 2751 3174 etiam
2788 3117 3075 3187 simpliﬁca
3118 3119 3200 3189 (ut
3246 3132 3368 3186 qua:

1792 3229 1899 3267 non
1928 3214 2277 3283 cognoscitur
2312 3228 2409 3282 per
2435 3212 2675 3281 aliquam
2712 3226 2744 3268 e
2776 3213 2936 3267 rebus
2962 3212 3164 3265 nostris
3192 3221 3367 3268 terre-

1794 3310 1901 3370 nis,
1930 3322 2050 3376 qua:
2076 3305 2392 3375 composita:
2412 3305 2560 3373 sunt)
2595 3303 2729 3373 quin
2759 3312 2812 3357 et
2841 3303 3059 3357 uniﬁca.
3094 3303 3370 3370 Quantum

1790 3401 1933 3457 enim
1966 3415 1995 3452 a
2026 3398 2258 3453 materia
2297 3413 2449 3452 mens
2474 3408 2658 3452 nostra
2688 3398 2914 3461 recedit,
2941 3398 3273 3452 tantumdem
3302 3396 3373 3457 ad

1792 3510 1959 3548 unum
2005 3492 2198 3558 tendit,
2238 3502 2294 3547 et
2322 3490 2760 3555 innnaterialius,
2800 3498 2859 3544 ut
2896 3490 2970 3545 ita
2995 3491 3119 3559 quis
3143 3489 3367 3553 dixerit,

1794 3602 1905 3647 rem
1943 3585 2312 3639 intellectiletn
2334 3584 2768 3651 comprehendit.
2791 3583 2999 3654 Ecquid
3030 3583 3152 3639 dico
3178 3585 3231 3639 in
3257 3583 3364 3652 his,

1790 3695 1914 3735 eum
1949 3680 2001 3733 id
2036 3679 2218 3733 sensui
2253 3694 2471 3749 quoque
2501 3679 2711 3733 accidat
2759 3680 2936 3749 quoad
2982 3695 3069 3734 res
3108 3678 3371 3734 sensiles?

1790 3773 2061 3841 siquidem
2093 3773 2310 3827 eminus
2334 3771 2609 3842 quidpiam
2646 3772 2911 3837 videntes,
2946 3781 3203 3839 putamus
3240 3772 3372 3827 illud

1788 3868 1874 3920 vel
1903 3867 2108 3919 animal
2141 3880 2285 3929 esse,
2318 3864 2403 3919 vel
2430 3864 2571 3919 forte
2600 3865 2852 3933 lapidem,
2882 3864 2963 3917 vel
2992 3865 3263 3927 arborem,
3287 3864 3372 3918 vel

1789 3957 1917 4027 quid
1950 3957 2131 4018 aliud;
2162 3955 2663 4025 appropinquantes
2696 3970 2824 4009 vero
2850 3954 3227 4023 cognoscimus
3249 3969 3373 4009 esse

1789 4046 2018 4111 animal,
2046 4055 2101 4101 et
2131 4046 2348 4116 quidem
2376 4046 2481 4100 tale
2504 4046 2730 4110 animal,
2756 4044 3027 4099 hominem
3062 4046 3212 4100 verbi
3241 4060 3370 4115 gra-

1793 4138 1891 4204 tia,
1945 4145 2001 4192 et
2036 4136 2183 4190 hunc
2214 4134 2509 4188 hominem.
2561 4134 2653 4188 Sic
2698 4134 2849 4205 pueri
2890 4136 3123 4204 primunt
3180 4151 3373 4193 onines

1791 4232 1938 4284 viros
1962 4236 2145 4298 patres
2178 4237 2396 4295 vocant,
2432 4236 2742 4296 matresque
2772 4227 3028 4295 feminas,
3063 4238 3250 4299 postea
3288 4244 3375 4285 ve-

1791 4335 1852 4375 ro
1883 4319 2076 4373 horum
2106 4318 2349 4390 cognitio
2401 4317 2716 4387 uuilicatur,
2757 4332 3165 4390 agnoscuntque
3212 4337 3373 4377 veros

1792 4418 2068 4480 parentes.
2102 4409 2269 4465 Vides
2297 4410 2571 4478 quomodo
2612 4423 2808 4465 sensus
2841 4411 3138 4466 uniﬁcetut‘
3173 4430 3187 4467 :
3230 4413 3374 4467 idem

1793 4503 1960 4555 etiam
1986 4500 2157 4556 menti
2189 4501 2413 4567 accidit,
2461 4501 2587 4554 dum
2618 4501 2685 4555 ad
2715 4515 2805 4558 res
2834 4501 3181 4558 intellectiles
3211 4518 3373 4559 acce-

1793 4594 1892 4649 dit.
1952 4591 2155 4647 Verum
2210 4592 2338 4646 hinc
2382 4591 2665 4646 suboritur
2719 4594 3030 4648 necessaria
3079 4594 3373 4655 dubitatio.

1792 4685 1887 4754 qui
1914 4699 2107 4739 sensus
2134 4684 2281 4738 circa
2314 4682 2367 4737 id
2401 4684 2545 4754 quod
2576 4684 2809 4739 vicinius
2835 4696 2923 4739 est
2948 4686 3120 4756 magis
3150 4683 3377 4738 uniﬁce-

1793 4786 1899 4844 tur,
1948 4790 2102 4830 mens
2132 4789 2260 4828 vero
2290 4774 2434 4829 circa
2470 4775 2754 4839 remotius,
2794 4784 2847 4829 et
2894 4776 3039 4845 quod
3075 4778 3189 4846 ipse
3218 4784 3376 4829 vocat

1790 4868 2093 4924 occultius?
2134 4871 2215 4922 Ac
2251 4867 2408 4922 liceat
2438 4868 2645 4933 dicere,
2681 4868 2813 4923 illud
2847 4883 2973 4924 vere
3024 4869 3191 4923 menti
3248 4883 3376 4937 pro-

1792 4962 2048 5033 pinquius
2093 4976 2232 5027 esse,
2283 4960 2435 5030 quod
2476 4959 2623 5014 omni
2663 4962 2933 5015 materiali
2980 4962 3378 5031 compositione

1792 5052 2214 5120 sensationeque
2257 5050 2511 5119 superius
2551 5059 2666 5115 est;
2699 5050 2956 5118 quoniam
2989 5048 3101 5119 98
3129 5049 3179 5101 id
3209 5048 3378 5103 menti

1794 5143 2106 5212 mentisque
2132 5142 2540 5210 operationibus
2565 5152 2649 5196 est
2668 5141 3025 5196 conformius.
3047 5139 3209 5194 Menti
3228 5140 3375 5193 enim

1793 5245 1923 5289 sunt
1952 5235 2266 5301 remotiora,
2296 5250 2413 5303 qua:
2439 5235 2625 5289 sensui
2646 5234 3045 5303 quodannnodo
3068 5232 3375 5299 subjaeent.

1795 5327 2107 5385 Secundum
2139 5329 2280 5383 hanc
2314 5329 2499 5397 itaque
2519 5328 2923 5397 proportionem
2943 5328 3091 5396 (cum
3110 5326 3379 5380 occultior

1791 5418 2294 5489 intelligibiliorque
2343 5418 2414 5472 sit
2458 5419 2756 5487 primorum
2794 5419 3112 5479 illustratio.
3141 5432 3378 5486 sequen-

1793 5516 1925 5570 tium
1957 5511 2410 5570 illustrationibus
2444 5512 2780 5582 comparata)
2832 5513 2945 5581 ipsa
2976 5512 3150 5581 magis
3173 5511 3373 5566 uniiica

1790 5618 1897 5676 est,
1926 5607 2166 5675 adeoque
2194 5604 2491 5660 secundum
2521 5619 2620 5661 nos
2643 5601 2863 5673 quidem
2904 5612 3251 5671 mentemque
3283 5617 3377 5654 no-
