  <div class='ocr_page' id='page_1' title='image "/cluster/home/n/w/nwhite01/storage/ocr_20150623/3/hvd.32044014713192/147.png"; bbox 0 0 3722 6294; ppageno 0'>
   <div class='ocr_carea' id='block_1_1' title="bbox 337 259 2382 323">
    <p class='ocr_par' dir='ltr' id='par_1_1' title="bbox 337 259 2382 323">
     <span class='ocr_line' id='line_1_1' title="bbox 337 259 2382 323; baseline 0.004 -13"><span class='ocrx_word' id='word_1_1' title='bbox 337 259 433 315; x_wconf 73' lang='lat'><strong>279</strong></span> <span class='ocrx_word' id='word_1_2' title='bbox 1490 266 1550 323; x_wconf 91' lang='lat' dir='ltr'><strong>S.</strong></span> <span class='ocrx_word' id='word_1_3' title='bbox 1586 264 1883 322; x_wconf 70' lang='lat' dir='ltr'><strong>DIONYSII</strong></span> <span class='ocrx_word' id='word_1_4' title='bbox 1917 264 2382 321; x_wconf 62' lang='lat' dir='ltr'><strong>AREOPACITE</strong></span> 
     </span>
    </p>
   </div>
   <div class='ocr_carea' id='block_1_2' title="bbox 3478 265 3609 319">
    <p class='ocr_par' dir='ltr' id='par_1_2' title="bbox 3478 265 3609 319">
     <span class='ocr_line' id='line_1_2' title="bbox 3478 265 3609 319; baseline 0 0"><span class='ocrx_word' id='word_1_5' title='bbox 3478 265 3609 319; x_wconf 58' lang='grc' dir='ltr'>εει)</span> 
     </span>
    </p>
   </div>
   <div class='ocr_carea' id='block_1_3' title="bbox 331 375 1801 449">
    <p class='ocr_par' dir='ltr' id='par_1_3' title="bbox 331 376 1799 448">
     <span class='ocr_line' id='line_1_3' title="bbox 331 376 1799 448; baseline 0.002 -19"><span class='ocrx_word' id='word_1_6' title='bbox 331 388 501 429; x_wconf 77' lang='lat' dir='ltr'><strong>stram</strong></span> <span class='ocrx_word' id='word_1_7' title='bbox 521 376 807 431; x_wconf 84' lang='lat' dir='ltr'><strong>obscurior</strong></span> <span class='ocrx_word' id='word_1_8' title='bbox 829 384 883 431; x_wconf 89' lang='lat' dir='ltr'><strong>et</strong></span> <span class='ocrx_word' id='word_1_9' title='bbox 905 376 1192 443; x_wconf 89' lang='lat' dir='ltr'><strong>occultior,</strong></span> <span class='ocrx_word' id='word_1_10' title='bbox 1216 378 1375 435; x_wconf 84' lang='lat' dir='ltr'><strong>simul</strong></span> <span class='ocrx_word' id='word_1_11' title='bbox 1398 388 1577 433; x_wconf 87' lang='lat' dir='ltr'><strong>tamen</strong></span> <span class='ocrx_word' id='word_1_12' title='bbox 1606 380 1703 442; x_wconf 87' lang='lat' dir='ltr'><strong>illi,</strong></span> <span class='ocrx_word' id='word_1_13' title='bbox 1729 395 1799 448; x_wconf 88' lang='lat' dir='ltr'><strong>qn</strong></span> 
     </span>
    </p>
   </div>
   <div class='ocr_carea' id='block_1_4' title="bbox 2144 375 3614 449">
    <p class='ocr_par' dir='ltr' id='par_1_4' title="bbox 2144 375 3614 449">
     <span class='ocr_line' id='line_1_4' title="bbox 2144 375 3614 449; baseline 0 -21"><span class='ocrx_word' id='word_1_14' title='bbox 2144 379 2160 428; x_wconf 80' lang='grc' dir='ltr'><strong>ι</strong></span> <span class='ocrx_word' id='word_1_15' title='bbox 2190 377 2250 429; x_wconf 86' lang='grc' dir='ltr'><strong>τὸ</strong></span> <span class='ocrx_word' id='word_1_16' title='bbox 2281 376 2389 429; x_wconf 82' lang='grc' dir='ltr'><strong>τῶν</strong></span> <span class='ocrx_word' id='word_1_17' title='bbox 2416 377 2821 447; x_wconf 74' lang='grc' dir='ltr'><strong>ὑποδεχομένων</strong></span> <span class='ocrx_word' id='word_1_18' title='bbox 2850 379 3032 441; x_wconf 85' lang='grc' dir='ltr'>ποσῶς</span> <span class='ocrx_word' id='word_1_19' title='bbox 3064 375 3465 449; x_wconf 59' lang='grc' dir='ltr'>παραλλάττον</span> <span class='ocrx_word' id='word_1_20' title='bbox 3499 383 3614 432; x_wconf 58' lang='grc' dir='ltr'><strong>δια</strong></span> 
     </span>
    </p>
   </div>
   <div class='ocr_carea' id='block_1_5' title="bbox 330 467 1901 540">
    <p class='ocr_par' dir='ltr' id='par_1_5' title="bbox 330 467 1901 540">
     <span class='ocr_line' id='line_1_5' title="bbox 330 467 1901 540; baseline 0.003 -23"><span class='ocrx_word' id='word_1_21' title='bbox 330 467 701 522; x_wconf 80' lang='lat' dir='ltr'><strong>lustrationem</strong></span> <span class='ocrx_word' id='word_1_22' title='bbox 725 482 842 520; x_wconf 88' lang='lat' dir='ltr'><strong>eam</strong></span> <span class='ocrx_word' id='word_1_23' title='bbox 868 468 1091 536; x_wconf 85' lang='lat' dir='ltr'><strong>excipit,</strong></span> <span class='ocrx_word' id='word_1_24' title='bbox 1118 469 1477 531; x_wconf 81' lang='lat' dir='ltr'><strong>manifestior;</strong></span> <span class='ocrx_word' id='word_1_25' title='bbox 1503 471 1769 540; x_wconf 84' lang='lat' dir='ltr'><strong>siquidem</strong></span> <span class='ocrx_word' id='word_1_26' title='bbox 1796 470 1901 538; x_wconf 90' lang='lat' dir='ltr'><strong>pri-</strong></span> 
     </span>
    </p>
   </div>
   <div class='ocr_carea' id='block_1_6' title="bbox 331 557 1901 629">
    <p class='ocr_par' dir='ltr' id='par_1_6' title="bbox 331 557 1901 629">
     <span class='ocr_line' id='line_1_6' title="bbox 331 557 1901 629; baseline 0.004 -19"><span class='ocrx_word' id='word_1_27' title='bbox 331 559 558 624; x_wconf 58' lang='lat' dir='ltr'><strong>migenia</strong></span> <span class='ocrx_word' id='word_1_28' title='bbox 592 557 983 627; x_wconf 86' lang='lat' dir='ltr'><strong>primilucaque</strong></span> <span class='ocrx_word' id='word_1_29' title='bbox 1005 569 1060 613; x_wconf 93' lang='lat' dir='ltr'><strong>et</strong></span> <span class='ocrx_word' id='word_1_30' title='bbox 1077 560 1337 629; x_wconf 71' lang='lat' dir='ltr'><strong>integrior</strong></span> <span class='ocrx_word' id='word_1_31' title='bbox 1356 569 1439 615; x_wconf 91' lang='lat' dir='ltr'><strong>est</strong></span> <span class='ocrx_word' id='word_1_32' title='bbox 1460 562 1751 616; x_wconf 79' lang='lat' dir='ltr'><strong>illustratio</strong></span> <span class='ocrx_word' id='word_1_33' title='bbox 1779 578 1901 629; x_wconf 68' lang='lat' dir='ltr'><strong>qua:</strong></span> 
     </span>
    </p>
   </div>
   <div class='ocr_carea' id='block_1_7' title="bbox 333 644 1903 720">
    <p class='ocr_par' dir='ltr' id='par_1_7' title="bbox 333 644 1903 720">
     <span class='ocr_line' id='line_1_7' title="bbox 333 644 1903 720; baseline 0.007 -24"><span class='ocrx_word' id='word_1_34' title='bbox 333 645 398 697; x_wconf 85' lang='lat' dir='ltr'><strong>ad</strong></span> <span class='ocrx_word' id='word_1_35' title='bbox 417 660 535 698; x_wconf 90' lang='lat' dir='ltr'><strong>eam</strong></span> <span class='ocrx_word' id='word_1_36' title='bbox 560 644 895 700; x_wconf 72' lang='lat' dir='ltr'><strong>diliunditur.</strong></span> <span class='ocrx_word' id='word_1_37' title='bbox 918 646 1030 701; x_wconf 88' lang='lat' dir='ltr'><strong>Etsi</strong></span> <span class='ocrx_word' id='word_1_38' title='bbox 1052 657 1230 703; x_wconf 90' lang='lat' dir='ltr'><strong>autem</strong></span> <span class='ocrx_word' id='word_1_39' title='bbox 1251 650 1360 720; x_wconf 89' lang='lat' dir='ltr'><strong>ipsa</strong></span> <span class='ocrx_word' id='word_1_40' title='bbox 1380 651 1699 719; x_wconf 85' lang='lat' dir='ltr'><strong>superplena</strong></span> <span class='ocrx_word' id='word_1_41' title='bbox 1718 652 1808 713; x_wconf 84' lang='lat' dir='ltr'><strong>sit.</strong></span> <span class='ocrx_word' id='word_1_42' title='bbox 1828 662 1903 707; x_wconf 86' lang='lat' dir='ltr'><strong>at-</strong></span> 
     </span>
    </p>
   </div>
   <div class='ocr_carea' id='block_1_8' title="bbox 332 736 1901 802">
    <p class='ocr_par' dir='ltr' id='par_1_8' title="bbox 332 736 1901 802">
     <span class='ocr_line' id='line_1_8' title="bbox 332 736 1901 802; baseline 0.009 -20"><span class='ocrx_word' id='word_1_43' title='bbox 332 744 508 788; x_wconf 87' lang='lat' dir='ltr'><strong>tamen</strong></span> <span class='ocrx_word' id='word_1_44' title='bbox 528 749 625 802; x_wconf 89' lang='lat' dir='ltr'><strong>pro</strong></span> <span class='ocrx_word' id='word_1_45' title='bbox 641 736 1048 799; x_wconf 84' lang='lat' dir='ltr'><strong>suscipientium</strong></span> <span class='ocrx_word' id='word_1_46' title='bbox 1068 739 1378 794; x_wconf 90' lang='lat' dir='ltr'><strong>conditione</strong></span> <span class='ocrx_word' id='word_1_47' title='bbox 1394 742 1674 797; x_wconf 80' lang='lat' dir='ltr'><strong>variatur:</strong></span> <span class='ocrx_word' id='word_1_48' title='bbox 1697 745 1901 798; x_wconf 90' lang='lat' dir='ltr'><strong>idcirco</strong></span> 
     </span>
    </p>
   </div>
   <div class='ocr_carea' id='block_1_9' title="bbox 330 826 1898 901">
    <p class='ocr_par' dir='ltr' id='par_1_9' title="bbox 330 826 1898 901">
     <span class='ocr_line' id='line_1_9' title="bbox 330 826 1898 901; baseline 0.006 -22"><span class='ocrx_word' id='word_1_49' title='bbox 330 827 471 880; x_wconf 83' lang='lat' dir='ltr'><strong>enim</strong></span> <span class='ocrx_word' id='word_1_50' title='bbox 491 826 727 882; x_wconf 82' lang='lat' dir='ltr'><strong>addidit:</strong></span> <span class='ocrx_word' id='word_1_51' title='bbox 752 827 983 897; x_wconf 85' lang='lat' dir='ltr'><strong>thuasi</strong></span> <span class='ocrx_word' id='word_1_52' title='bbox 1013 828 1300 899; x_wconf 88' lang='lat' dir='ltr'><strong>liquidior;</strong></span> <span class='ocrx_word' id='word_1_53' title='bbox 1343 842 1400 886; x_wconf 81' lang='grc' dir='ltr'><strong>ιιι</strong></span> <span class='ocrx_word' id='word_1_54' title='bbox 1424 834 1685 888; x_wconf 87' lang='lat' dir='ltr'><strong>indicaret</strong></span> <span class='ocrx_word' id='word_1_55' title='bbox 1718 834 1898 901; x_wconf 85' lang='lat' dir='ltr'><strong>subje-</strong></span> 
     </span>
    </p>
   </div>
   <div class='ocr_carea' id='block_1_10' title="bbox 329 918 1902 994">
    <p class='ocr_par' dir='ltr' id='par_1_10' title="bbox 329 918 1902 994">
     <span class='ocr_line' id='line_1_10' title="bbox 329 918 1902 994; baseline 0.008 -27"><span class='ocrx_word' id='word_1_56' title='bbox 329 928 537 970; x_wconf 83' lang='lat' dir='ltr'><strong>ctorum</strong></span> <span class='ocrx_word' id='word_1_57' title='bbox 557 918 947 981; x_wconf 81' lang='lat' dir='ltr'><strong>diversitatem,</strong></span> <span class='ocrx_word' id='word_1_58' title='bbox 964 924 1318 979; x_wconf 84' lang='lat' dir='ltr'><strong>variationem</strong></span> <span class='ocrx_word' id='word_1_59' title='bbox 1332 928 1619 994; x_wconf 79' lang='lat' dir='ltr'><strong>quamdam</strong></span> <span class='ocrx_word' id='word_1_60' title='bbox 1638 926 1830 980; x_wconf 80' lang='lat' dir='ltr'><strong>aﬂ&#39;erre</strong></span> <span class='ocrx_word' id='word_1_61' title='bbox 1846 926 1902 979; x_wconf 88' lang='lat' dir='ltr'><strong>il-</strong></span> 
     </span>
    </p>
   </div>
   <div class='ocr_carea' id='block_1_11' title="bbox 332 1007 1898 1085">
    <p class='ocr_par' dir='ltr' id='par_1_11' title="bbox 332 1007 1898 1085">
     <span class='ocr_line' id='line_1_11' title="bbox 332 1007 1898 1085; baseline 0.009 -28"><span class='ocrx_word' id='word_1_62' title='bbox 332 1007 662 1062; x_wconf 84' lang='lat' dir='ltr'><strong>lustrationi.</strong></span> <span class='ocrx_word' id='word_1_63' title='bbox 686 1008 767 1064; x_wconf 86' lang='lat' dir='ltr'><strong>Ab</strong></span> <span class='ocrx_word' id='word_1_64' title='bbox 792 1011 895 1065; x_wconf 86' lang='lat' dir='ltr'><strong>hac</strong></span> <span class='ocrx_word' id='word_1_65' title='bbox 915 1023 1091 1066; x_wconf 87' lang='lat' dir='ltr'><strong>autem</strong></span> <span class='ocrx_word' id='word_1_66' title='bbox 1115 1015 1286 1081; x_wconf 90' lang='lat' dir='ltr'><strong>prima</strong></span> <span class='ocrx_word' id='word_1_67' title='bbox 1310 1016 1679 1085; x_wconf 82' lang='lat' dir='ltr'><strong>dispositione.</strong></span> <span class='ocrx_word' id='word_1_68' title='bbox 1701 1018 1898 1072; x_wconf 86' lang='lat' dir='ltr'><strong>iterum</strong></span> 
     </span>
    </p>
   </div>
   <div class='ocr_carea' id='block_1_12' title="bbox 328 1100 1895 1173">
    <p class='ocr_par' dir='ltr' id='par_1_12' title="bbox 328 1100 1895 1173">
     <span class='ocr_line' id='line_1_12' title="bbox 328 1100 1895 1173; baseline 0.006 -21"><span class='ocrx_word' id='word_1_69' title='bbox 328 1100 565 1152; x_wconf 71' lang='lat' dir='ltr'><strong>Secunda</strong></span> <span class='ocrx_word' id='word_1_70' title='bbox 598 1115 699 1170; x_wconf 91' lang='lat' dir='ltr'><strong>pro</strong></span> <span class='ocrx_word' id='word_1_71' title='bbox 728 1116 824 1157; x_wconf 89' lang='lat' dir='ltr'><strong>sua</strong></span> <span class='ocrx_word' id='word_1_72' title='bbox 856 1104 1125 1173; x_wconf 90' lang='lat' dir='ltr'><strong>portione,</strong></span> <span class='ocrx_word' id='word_1_73' title='bbox 1165 1112 1218 1159; x_wconf 77' lang='lat' dir='ltr'><strong>et</strong></span> <span class='ocrx_word' id='word_1_74' title='bbox 1254 1120 1283 1158; x_wconf 87' lang='lat' dir='ltr'><strong>a</strong></span> <span class='ocrx_word' id='word_1_75' title='bbox 1310 1107 1548 1162; x_wconf 85' lang='lat' dir='ltr'><strong>secunda</strong></span> <span class='ocrx_word' id='word_1_76' title='bbox 1576 1108 1753 1168; x_wconf 87' lang='lat' dir='ltr'><strong>tertia.</strong></span> <span class='ocrx_word' id='word_1_77' title='bbox 1786 1118 1840 1161; x_wconf 92' lang='lat' dir='ltr'><strong>et</strong></span> <span class='ocrx_word' id='word_1_78' title='bbox 1868 1124 1895 1160; x_wconf 88' lang='lat' dir='ltr'><strong>a</strong></span> 
     </span>
    </p>
   </div>
   <div class='ocr_carea' id='block_1_13' title="bbox 332 1190 1896 1268">
    <p class='ocr_par' dir='ltr' id='par_1_13' title="bbox 332 1190 1896 1268">
     <span class='ocr_line' id='line_1_13' title="bbox 332 1190 1896 1268; baseline 0.011 -30"><span class='ocrx_word' id='word_1_79' title='bbox 332 1190 486 1243; x_wconf 86' lang='lat' dir='ltr'><strong>tertia</strong></span> <span class='ocrx_word' id='word_1_80' title='bbox 518 1201 700 1247; x_wconf 88' lang='lat' dir='ltr'><strong>nostra</strong></span> <span class='ocrx_word' id='word_1_81' title='bbox 741 1193 854 1248; x_wconf 65' lang='lat' dir='ltr'><strong>btec</strong></span> <span class='ocrx_word' id='word_1_82' title='bbox 903 1196 1232 1259; x_wconf 85' lang='lat' dir='ltr'><strong>hierarchia,</strong></span> <span class='ocrx_word' id='word_1_83' title='bbox 1264 1214 1426 1268; x_wconf 90' lang='lat' dir='ltr'><strong>quam</strong></span> <span class='ocrx_word' id='word_1_84' title='bbox 1476 1215 1579 1255; x_wconf 91' lang='lat' dir='ltr'><strong>non</strong></span> <span class='ocrx_word' id='word_1_85' title='bbox 1607 1202 1896 1255; x_wconf 76' lang='lat' dir='ltr'><strong>humanam</strong></span> 
     </span>
    </p>
   </div>
   <div class='ocr_carea' id='block_1_14' title="bbox 329 1282 1900 1361">
    <p class='ocr_par' dir='ltr' id='par_1_14' title="bbox 329 1282 1900 1361">
     <span class='ocr_line' id='line_1_14' title="bbox 329 1282 1900 1361; baseline 0.01 -30"><span class='ocrx_word' id='word_1_86' title='bbox 329 1282 450 1334; x_wconf 89' lang='lat' dir='ltr'><strong>dico</strong></span> <span class='ocrx_word' id='word_1_87' title='bbox 480 1282 758 1351; x_wconf 85' lang='lat' dir='ltr'><strong>(quoniam</strong></span> <span class='ocrx_word' id='word_1_88' title='bbox 790 1294 843 1339; x_wconf 88' lang='lat' dir='ltr'><strong>et</strong></span> <span class='ocrx_word' id='word_1_89' title='bbox 879 1287 992 1357; x_wconf 87' lang='lat' dir='ltr'><strong>ipsa</strong></span> <span class='ocrx_word' id='word_1_90' title='bbox 1026 1289 1210 1343; x_wconf 84' lang='lat' dir='ltr'><strong>divina</strong></span> <span class='ocrx_word' id='word_1_91' title='bbox 1239 1299 1342 1355; x_wconf 88' lang='lat' dir='ltr'><strong>est,</strong></span> <span class='ocrx_word' id='word_1_92' title='bbox 1373 1290 1692 1361; x_wconf 76' lang='lat' dir='ltr'><strong>divitiasque</strong></span> <span class='ocrx_word' id='word_1_93' title='bbox 1722 1293 1900 1349; x_wconf 86' lang='lat' dir='ltr'><strong>susci-</strong></span> 
     </span>
    </p>
   </div>
   <div class='ocr_carea' id='block_1_15' title="bbox 331 1376 1899 1453">
    <p class='ocr_par' dir='ltr' id='par_1_15' title="bbox 331 1376 1899 1453">
     <span class='ocr_line' id='line_1_15' title="bbox 331 1376 1899 1453; baseline 0.011 -26"><span class='ocrx_word' id='word_1_94' title='bbox 331 1376 406 1443; x_wconf 90' lang='lat' dir='ltr'><strong>pit</strong></span> <span class='ocrx_word' id='word_1_95' title='bbox 438 1376 850 1450; x_wconf 87' lang='lat' dir='ltr'><strong>illttstrationes)</strong></span> <span class='ocrx_word' id='word_1_96' title='bbox 902 1384 995 1436; x_wconf 90' lang='lat' dir='ltr'><strong>sed</strong></span> <span class='ocrx_word' id='word_1_97' title='bbox 1027 1399 1146 1437; x_wconf 86' lang='lat' dir='ltr'><strong>eam</strong></span> <span class='ocrx_word' id='word_1_98' title='bbox 1180 1400 1301 1453; x_wconf 71' lang='lat' dir='ltr'><strong>qua:</strong></span> <span class='ocrx_word' id='word_1_99' title='bbox 1343 1387 1481 1452; x_wconf 89' lang='lat' dir='ltr'><strong>apud</strong></span> <span class='ocrx_word' id='word_1_100' title='bbox 1515 1403 1613 1442; x_wconf 92' lang='lat' dir='ltr'><strong>nos</strong></span> <span class='ocrx_word' id='word_1_101' title='bbox 1651 1388 1899 1444; x_wconf 82' lang='lat' dir='ltr'><strong>homines</strong></span> 
     </span>
    </p>
   </div>
   <div class='ocr_carea' id='block_1_16' title="bbox 331 1470 1897 1547">
    <p class='ocr_par' dir='ltr' id='par_1_16' title="bbox 331 1470 1897 1547">
     <span class='ocr_line' id='line_1_16' title="bbox 331 1470 1897 1547; baseline 0.009 -26"><span class='ocrx_word' id='word_1_102' title='bbox 331 1470 510 1522; x_wconf 84' lang='lat' dir='ltr'><strong>divina</strong></span> <span class='ocrx_word' id='word_1_103' title='bbox 542 1472 713 1540; x_wconf 83' lang='lat' dir='ltr'><strong>gratia</strong></span> <span class='ocrx_word' id='word_1_104' title='bbox 744 1486 1118 1530; x_wconf 88' lang='lat' dir='ltr'><strong>consecratur.</strong></span> <span class='ocrx_word' id='word_1_105' title='bbox 1164 1478 1301 1544; x_wconf 87' lang='lat' dir='ltr'><strong>Quid</strong></span> <span class='ocrx_word' id='word_1_106' title='bbox 1341 1494 1506 1545; x_wconf 91' lang='lat' dir='ltr'><strong>porro</strong></span> <span class='ocrx_word' id='word_1_107' title='bbox 1535 1496 1563 1533; x_wconf 92' lang='lat' dir='ltr'><strong>a</strong></span> <span class='ocrx_word' id='word_1_108' title='bbox 1598 1480 1771 1547; x_wconf 86' lang='lat' dir='ltr'><strong>prima</strong></span> <span class='ocrx_word' id='word_1_109' title='bbox 1808 1496 1897 1536; x_wconf 91' lang='lat' dir='ltr'><strong>se-</strong></span> 
     </span>
    </p>
   </div>
   <div class='ocr_carea' id='block_1_17' title="bbox 329 1560 1895 1633">
    <p class='ocr_par' dir='ltr' id='par_1_17' title="bbox 329 1560 1895 1633">
     <span class='ocr_line' id='line_1_17' title="bbox 329 1560 1895 1633; baseline 0.011 -26"><span class='ocrx_word' id='word_1_110' title='bbox 329 1560 529 1620; x_wconf 77' lang='lat' dir='ltr'><strong>cunda,</strong></span> <span class='ocrx_word' id='word_1_111' title='bbox 564 1571 619 1615; x_wconf 92' lang='lat' dir='ltr'><strong>et</strong></span> <span class='ocrx_word' id='word_1_112' title='bbox 651 1562 717 1613; x_wconf 84' lang='lat' dir='ltr'><strong>ab</strong></span> <span class='ocrx_word' id='word_1_113' title='bbox 741 1562 843 1616; x_wconf 88' lang='lat' dir='ltr'><strong>bac</strong></span> <span class='ocrx_word' id='word_1_114' title='bbox 877 1565 1056 1633; x_wconf 79' lang='lat' dir='ltr'><strong>tertia,</strong></span> <span class='ocrx_word' id='word_1_115' title='bbox 1090 1576 1143 1620; x_wconf 93' lang='lat' dir='ltr'><strong>et</strong></span> <span class='ocrx_word' id='word_1_116' title='bbox 1173 1568 1239 1621; x_wconf 91' lang='lat' dir='ltr'><strong>ab</strong></span> <span class='ocrx_word' id='word_1_117' title='bbox 1270 1568 1357 1621; x_wconf 90' lang='lat' dir='ltr'><strong>illa</strong></span> <span class='ocrx_word' id='word_1_118' title='bbox 1400 1577 1579 1623; x_wconf 91' lang='lat' dir='ltr'><strong>nostra</strong></span> <span class='ocrx_word' id='word_1_119' title='bbox 1613 1570 1725 1624; x_wconf 70' lang='lat' dir='ltr'><strong>lucc</strong></span> <span class='ocrx_word' id='word_1_120' title='bbox 1747 1572 1895 1625; x_wconf 75' lang='lat' dir='ltr'><strong>acri-</strong></span> 
     </span>
    </p>
   </div>
   <div class='ocr_carea' id='block_1_18' title="bbox 331 1652 1898 1730">
    <p class='ocr_par' dir='ltr' id='par_1_18' title="bbox 331 1652 1898 1730">
     <span class='ocr_line' id='line_1_18' title="bbox 331 1652 1898 1730; baseline 0.008 -28"><span class='ocrx_word' id='word_1_121' title='bbox 331 1652 448 1719; x_wconf 91' lang='lat' dir='ltr'><strong>pit?</strong></span> <span class='ocrx_word' id='word_1_122' title='bbox 479 1652 631 1717; x_wconf 87' lang='lat' dir='ltr'><strong>Quod</strong></span> <span class='ocrx_word' id='word_1_123' title='bbox 684 1654 733 1708; x_wconf 91' lang='lat' dir='ltr'><strong>in</strong></span> <span class='ocrx_word' id='word_1_124' title='bbox 764 1656 939 1711; x_wconf 90' lang='lat' dir='ltr'><strong>sacris</strong></span> <span class='ocrx_word' id='word_1_125' title='bbox 985 1659 1208 1721; x_wconf 88' lang='lat' dir='ltr'><strong>omnino</strong></span> <span class='ocrx_word' id='word_1_126' title='bbox 1252 1660 1536 1730; x_wconf 79' lang='lat' dir='ltr'><strong>dirigatur.</strong></span> <span class='ocrx_word' id='word_1_127' title='bbox 1590 1661 1736 1715; x_wconf 83' lang='lat' dir='ltr'><strong>Bona</strong></span> <span class='ocrx_word' id='word_1_128' title='bbox 1768 1677 1898 1716; x_wconf 82' lang='lat' dir='ltr'><strong>vero</strong></span> 
     </span>
    </p>
   </div>
   <div class='ocr_carea' id='block_1_19' title="bbox 2005 467 3612 541">
    <p class='ocr_par' dir='ltr' id='par_1_19' title="bbox 2005 467 3612 541">
     <span class='ocr_line' id='line_1_19' title="bbox 2005 467 3612 541; baseline 0.002 -23"><span class='ocrx_word' id='word_1_129' title='bbox 2005 467 2159 520; x_wconf 90' lang='grc' dir='ltr'>τοῦτο</span> <span class='ocrx_word' id='word_1_130' title='bbox 2184 468 2291 537; x_wconf 80' lang='grc' dir='ltr'>γὰρ</span> <span class='ocrx_word' id='word_1_131' title='bbox 2327 468 2486 538; x_wconf 79' lang='grc' dir='ltr'>ἐτέθη</span> <span class='ocrx_word' id='word_1_132' title='bbox 2511 508 2525 531; x_wconf 93' lang='grc'><strong>,</strong></span> <span class='ocrx_word' id='word_1_133' title='bbox 2577 470 2683 521; x_wconf 74' lang='grc' dir='ltr'><strong>Καὶ</strong></span> <span class='ocrx_word' id='word_1_134' title='bbox 2704 469 2778 531; x_wconf 84' lang='grc' dir='ltr'>ὼς</span> <span class='ocrx_word' id='word_1_135' title='bbox 2815 468 2981 539; x_wconf 86' lang='grc' dir='ltr'>διειδῆ</span> <span class='ocrx_word' id='word_1_136' title='bbox 3008 510 3021 533; x_wconf 91' lang='grc'><strong>,</strong></span> <span class='ocrx_word' id='word_1_137' title='bbox 3071 470 3157 522; x_wconf 83' lang='grc' dir='ltr'>ἵνα</span> <span class='ocrx_word' id='word_1_138' title='bbox 3197 467 3367 541; x_wconf 78' lang='grc' dir='ltr'>δείξῃ,</span> <span class='ocrx_word' id='word_1_139' title='bbox 3415 470 3498 521; x_wconf 82' lang='grc' dir='ltr'>ὃτι</span> <span class='ocrx_word' id='word_1_140' title='bbox 3530 468 3612 521; x_wconf 81' lang='grc' dir='ltr'><strong>τὸ</strong></span> 
     </span>
    </p>
   </div>
   <div class='ocr_carea' id='block_1_20' title="bbox 2004 555 3596 628">
    <p class='ocr_par' dir='ltr' id='par_1_20' title="bbox 2004 555 3596 628">
     <span class='ocr_line' id='line_1_20' title="bbox 2004 555 3596 628; baseline 0.001 -21"><span class='ocrx_word' id='word_1_141' title='bbox 2004 555 2113 609; x_wconf 82' lang='grc' dir='ltr'><strong>τῶν</strong></span> <span class='ocrx_word' id='word_1_142' title='bbox 2145 557 2516 628; x_wconf 83' lang='grc' dir='ltr'>ὑποκειμένων</span> <span class='ocrx_word' id='word_1_143' title='bbox 2537 557 2811 627; x_wconf 68' lang='grc' dir='ltr'>διάφορον,</span> <span class='ocrx_word' id='word_1_144' title='bbox 2844 557 3061 610; x_wconf 85' lang='grc' dir='ltr'>ἀλλοίαν</span> <span class='ocrx_word' id='word_1_145' title='bbox 3090 556 3189 628; x_wconf 84' lang='grc' dir='ltr'>τὴν</span> <span class='ocrx_word' id='word_1_146' title='bbox 3216 555 3480 626; x_wconf 74' lang='grc' dir='ltr'>ἔλλαμψιν</span> <span class='ocrx_word' id='word_1_147' title='bbox 3506 557 3596 609; x_wconf 55' lang='grc' dir='ltr'>τί-</span> 
     </span>
    </p>
   </div>
   <div class='ocr_carea' id='block_1_21' title="bbox 2006 649 3614 723">
    <p class='ocr_par' dir='ltr' id='par_1_21' title="bbox 2006 649 3614 723">
     <span class='ocr_line' id='line_1_21' title="bbox 2006 649 3614 723; baseline 0 -20"><span class='ocrx_word' id='word_1_148' title='bbox 2006 649 2149 723; x_wconf 87' lang='grc' dir='ltr'>θησι.</span> <span class='ocrx_word' id='word_1_149' title='bbox 2200 651 2358 723; x_wconf 85' lang='grc' dir='ltr'><strong>Παρὰ</strong></span> <span class='ocrx_word' id='word_1_150' title='bbox 2407 651 2609 722; x_wconf 77' lang='grc' dir='ltr'><strong>ταύτης</strong></span> <span class='ocrx_word' id='word_1_151' title='bbox 2655 650 2711 703; x_wconf 83' lang='grc' dir='ltr'><strong>δὲ</strong></span> <span class='ocrx_word' id='word_1_152' title='bbox 2760 650 2925 704; x_wconf 84' lang='grc' dir='ltr'>πάλιν</span> <span class='ocrx_word' id='word_1_153' title='bbox 2968 650 3069 720; x_wconf 83' lang='grc' dir='ltr'>τῆς</span> <span class='ocrx_word' id='word_1_154' title='bbox 3117 649 3344 722; x_wconf 80' lang='grc' dir='ltr'>πρώτης</span> <span class='ocrx_word' id='word_1_155' title='bbox 3386 650 3614 715; x_wconf 82' lang='grc' dir='ltr'>τάξεως</span> 
     </span>
    </p>
   </div>
   <div class='ocr_carea' id='block_1_22' title="bbox 2006 742 3611 815">
    <p class='ocr_par' dir='ltr' id='par_1_22' title="bbox 2006 742 3611 815">
     <span class='ocr_line' id='line_1_22' title="bbox 2006 742 3611 815; baseline 0.001 -20"><span class='ocrx_word' id='word_1_156' title='bbox 2006 743 2283 812; x_wconf 84' lang='grc' dir='ltr'><strong>ἀναλόγως</strong></span> <span class='ocrx_word' id='word_1_157' title='bbox 2316 746 2348 815; x_wconf 84' lang='grc' dir='ltr'>ἡ</span> <span class='ocrx_word' id='word_1_158' title='bbox 2379 744 2625 815; x_wconf 88' lang='grc' dir='ltr'>δευτέρα,</span> <span class='ocrx_word' id='word_1_159' title='bbox 2646 744 2738 797; x_wconf 86' lang='lat' dir='ltr'><strong>xui</strong></span> <span class='ocrx_word' id='word_1_160' title='bbox 2762 742 2911 815; x_wconf 86' lang='grc' dir='ltr'><strong>παρά</strong></span> <span class='ocrx_word' id='word_1_161' title='bbox 2940 744 3037 814; x_wconf 79' lang='grc' dir='ltr'><strong>τῆς</strong></span> <span class='ocrx_word' id='word_1_162' title='bbox 3060 743 3316 815; x_wconf 82' lang='grc' dir='ltr'><strong>δευτέρας</strong></span> <span class='ocrx_word' id='word_1_163' title='bbox 3349 745 3383 814; x_wconf 77' lang='grc' dir='ltr'><strong>ἡ</strong></span> <span class='ocrx_word' id='word_1_164' title='bbox 3407 745 3611 815; x_wconf 80' lang='grc' dir='ltr'>τρίτη,</span> 
     </span>
    </p>
   </div>
   <div class='ocr_carea' id='block_1_23' title="bbox 2004 833 3613 905">
    <p class='ocr_par' dir='ltr' id='par_1_23' title="bbox 2004 833 3613 905">
     <span class='ocr_line' id='line_1_23' title="bbox 2004 833 3613 905; baseline -0.001 -20"><span class='ocrx_word' id='word_1_165' title='bbox 2004 834 2096 885; x_wconf 80' lang='grc' dir='ltr'>καὶ</span> <span class='ocrx_word' id='word_1_166' title='bbox 2133 833 2282 905; x_wconf 86' lang='grc' dir='ltr'><strong>παρά</strong></span> <span class='ocrx_word' id='word_1_167' title='bbox 2316 835 2416 905; x_wconf 80' lang='grc' dir='ltr'><strong>τῆς</strong></span> <span class='ocrx_word' id='word_1_168' title='bbox 2436 834 2626 905; x_wconf 78' lang='grc' dir='ltr'><strong>τρίτης</strong></span> <span class='ocrx_word' id='word_1_169' title='bbox 2656 836 2687 905; x_wconf 79' lang='grc' dir='ltr'>ἡ</span> <span class='ocrx_word' id='word_1_170' title='bbox 2718 834 2838 888; x_wconf 83' lang='grc' dir='ltr'>καθ’</span> <span class='ocrx_word' id='word_1_171' title='bbox 2868 837 3018 905; x_wconf 79' lang='grc' dir='ltr'>ἡμᾶς</span> <span class='ocrx_word' id='word_1_172' title='bbox 3043 833 3182 904; x_wconf 85' lang='grc' dir='ltr'>αῦτη</span> <span class='ocrx_word' id='word_1_173' title='bbox 3208 834 3486 905; x_wconf 86' lang='grc' dir='ltr'>ἱεραρχία,</span> <span class='ocrx_word' id='word_1_174' title='bbox 3527 836 3613 905; x_wconf 82' lang='grc' dir='ltr'>ἦν</span> 
     </span>
    </p>
   </div>
   <div class='ocr_carea' id='block_1_24' title="bbox 2003 925 3612 997">
    <p class='ocr_par' dir='ltr' id='par_1_24' title="bbox 2003 925 3612 997">
     <span class='ocr_line' id='line_1_24' title="bbox 2003 925 3612 997; baseline 0.002 -21"><span class='ocrx_word' id='word_1_175' title='bbox 2003 926 2101 979; x_wconf 84' lang='grc' dir='ltr'><strong>οὐκ</strong></span> <span class='ocrx_word' id='word_1_176' title='bbox 2136 925 2482 997; x_wconf 74' lang='grc' dir='ltr'>ἀνθρωπίνην</span> <span class='ocrx_word' id='word_1_177' title='bbox 2517 928 2662 996; x_wconf 78' lang='grc' dir='ltr'>φημὶ</span> <span class='ocrx_word' id='word_1_178' title='bbox 2692 925 2832 995; x_wconf 83' lang='grc' dir='ltr'>(Θεία</span> <span class='ocrx_word' id='word_1_179' title='bbox 2856 925 2966 996; x_wconf 81' lang='grc' dir='ltr'>γὰρ</span> <span class='ocrx_word' id='word_1_180' title='bbox 2999 927 3091 979; x_wconf 84' lang='lat' dir='ltr'><strong>xui</strong></span> <span class='ocrx_word' id='word_1_181' title='bbox 3124 926 3284 997; x_wconf 81' lang='grc' dir='ltr'>αῦτη,</span> <span class='ocrx_word' id='word_1_182' title='bbox 3316 927 3410 979; x_wconf 88' lang='lat' dir='ltr'><strong>xui</strong></span> <span class='ocrx_word' id='word_1_183' title='bbox 3444 928 3612 989; x_wconf 84' lang='grc' dir='ltr'>Θείας</span> 
     </span>
    </p>
   </div>
   <div class='ocr_carea' id='block_1_25' title="bbox 2002 1016 3613 1090">
    <p class='ocr_par' dir='ltr' id='par_1_25' title="bbox 2002 1016 3613 1090">
     <span class='ocr_line' id='line_1_25' title="bbox 2002 1016 3613 1090; baseline 0.001 -21"><span class='ocrx_word' id='word_1_184' title='bbox 2002 1016 2295 1089; x_wconf 71' lang='grc' dir='ltr'>ὲλλάμψεις</span> <span class='ocrx_word' id='word_1_185' title='bbox 2317 1017 2529 1087; x_wconf 86' lang='grc' dir='ltr'>δέχεται</span> <span class='ocrx_word' id='word_1_186' title='bbox 2622 1018 2757 1071; x_wconf 84' lang='grc' dir='ltr'><strong>ἀλλά</strong></span> <span class='ocrx_word' id='word_1_187' title='bbox 2785 1018 2883 1090; x_wconf 80' lang='grc' dir='ltr'>τὴν</span> <span class='ocrx_word' id='word_1_188' title='bbox 2910 1017 3034 1071; x_wconf 90' lang='grc' dir='ltr'>καθ’</span> <span class='ocrx_word' id='word_1_189' title='bbox 3063 1020 3211 1089; x_wconf 80' lang='grc' dir='ltr'>ἡμᾶς</span> <span class='ocrx_word' id='word_1_190' title='bbox 3235 1020 3363 1081; x_wconf 80' lang='grc' dir='ltr'>τοὺς</span> <span class='ocrx_word' id='word_1_191' title='bbox 3392 1016 3613 1089; x_wconf 82' lang='grc' dir='ltr'>ἀνθρώ-</span> 
     </span>
    </p>
   </div>
   <div class='ocr_carea' id='block_1_26' title="bbox 2002 1107 3613 1182">
    <p class='ocr_par' dir='ltr' id='par_1_26' title="bbox 2002 1107 3613 1182">
     <span class='ocr_line' id='line_1_26' title="bbox 2002 1107 3613 1182; baseline 0.001 -22"><span class='ocrx_word' id='word_1_192' title='bbox 2002 1125 2137 1172; x_wconf 90' lang='grc' dir='ltr'>πους</span> <span class='ocrx_word' id='word_1_193' title='bbox 2170 1110 2567 1181; x_wconf 75' lang='grc' dir='ltr'>ἐνεργουμένην</span> <span class='ocrx_word' id='word_1_194' title='bbox 2608 1112 2675 1180; x_wconf 81' lang='grc' dir='ltr'>τῇ</span> <span class='ocrx_word' id='word_1_195' title='bbox 2705 1107 2799 1162; x_wconf 87' lang='grc' dir='ltr'><strong>τοῦ</strong></span> <span class='ocrx_word' id='word_1_196' title='bbox 2834 1109 2968 1162; x_wconf 82' lang='grc' dir='ltr'>Θεοῦ</span> <span class='ocrx_word' id='word_1_197' title='bbox 3004 1111 3207 1182; x_wconf 86' lang='grc' dir='ltr'>χάριτι.</span> <span class='ocrx_word' id='word_1_198' title='bbox 3246 1111 3311 1163; x_wconf 90' lang='grc' dir='ltr'><strong>Τί</strong></span> <span class='ocrx_word' id='word_1_199' title='bbox 3355 1109 3413 1163; x_wconf 87' lang='grc' dir='ltr'>δὲ</span> <span class='ocrx_word' id='word_1_200' title='bbox 3446 1112 3613 1180; x_wconf 77' lang='grc' dir='ltr'>παρὰ</span> 
     </span>
    </p>
   </div>
   <div class='ocr_carea' id='block_1_27' title="bbox 2001 1197 3610 1269">
    <p class='ocr_par' dir='ltr' id='par_1_27' title="bbox 2001 1197 3610 1269">
     <span class='ocr_line' id='line_1_27' title="bbox 2001 1197 3610 1269; baseline 0.001 -21"><span class='ocrx_word' id='word_1_201' title='bbox 2001 1198 2102 1269; x_wconf 85' lang='grc' dir='ltr'>τῆς</span> <span class='ocrx_word' id='word_1_202' title='bbox 2144 1197 2367 1268; x_wconf 79' lang='grc' dir='ltr'><strong>πρώτης</strong></span> <span class='ocrx_word' id='word_1_203' title='bbox 2408 1200 2440 1269; x_wconf 78' lang='grc' dir='ltr'><strong>ἡ</strong></span> <span class='ocrx_word' id='word_1_204' title='bbox 2474 1198 2721 1269; x_wconf 85' lang='grc' dir='ltr'>δευτέρα,</span> <span class='ocrx_word' id='word_1_205' title='bbox 2754 1199 2845 1250; x_wconf 86' lang='lat' dir='ltr'><strong>xui</strong></span> <span class='ocrx_word' id='word_1_206' title='bbox 2878 1199 3007 1268; x_wconf 83' lang='grc' dir='ltr'>παρ’</span> <span class='ocrx_word' id='word_1_207' title='bbox 3041 1199 3210 1268; x_wconf 80' lang='grc' dir='ltr'>αὐτῆς</span> <span class='ocrx_word' id='word_1_208' title='bbox 3232 1200 3265 1268; x_wconf 79' lang='grc' dir='ltr'><strong>ἡ</strong></span> <span class='ocrx_word' id='word_1_209' title='bbox 3287 1197 3473 1268; x_wconf 85' lang='grc' dir='ltr'>τρίτη,</span> <span class='ocrx_word' id='word_1_210' title='bbox 3504 1198 3610 1250; x_wconf 74' lang='grc' dir='ltr'><strong>καὶ</strong></span> 
     </span>
    </p>
   </div>
   <div class='ocr_carea' id='block_1_28' title="bbox 2001 1290 3611 1363">
    <p class='ocr_par' dir='ltr' id='par_1_28' title="bbox 2001 1290 3611 1363">
     <span class='ocr_line' id='line_1_28' title="bbox 2001 1290 3611 1363; baseline 0 -20"><span class='ocrx_word' id='word_1_211' title='bbox 2001 1292 2130 1362; x_wconf 83' lang='grc' dir='ltr'>παρ’</span> <span class='ocrx_word' id='word_1_212' title='bbox 2170 1292 2385 1362; x_wconf 75' lang='grc' dir='ltr'>ἐκείνης</span> <span class='ocrx_word' id='word_1_213' title='bbox 2414 1293 2447 1362; x_wconf 83' lang='grc' dir='ltr'><strong>ή</strong></span> <span class='ocrx_word' id='word_1_214' title='bbox 2481 1291 2599 1345; x_wconf 78' lang='grc' dir='ltr'>καθ’</span> <span class='ocrx_word' id='word_1_215' title='bbox 2630 1293 2777 1363; x_wconf 77' lang='grc' dir='ltr'>ἡμᾶς</span> <span class='ocrx_word' id='word_1_216' title='bbox 2806 1290 3108 1362; x_wconf 77' lang='grc' dir='ltr'>λαμϐάνει;</span> <span class='ocrx_word' id='word_1_217' title='bbox 3146 1292 3373 1354; x_wconf 83' lang='grc' dir='ltr'>Πάντως</span> <span class='ocrx_word' id='word_1_218' title='bbox 3410 1292 3611 1363; x_wconf 79' lang='grc' dir='ltr'>ἱεραρ-</span> 
     </span>
    </p>
   </div>
   <div class='ocr_carea' id='block_1_29' title="bbox 2000 1381 3608 1453">
    <p class='ocr_par' dir='ltr' id='par_1_29' title="bbox 2000 1381 3608 1453">
     <span class='ocr_line' id='line_1_29' title="bbox 2000 1381 3608 1453; baseline 0.001 -20"><span class='ocrx_word' id='word_1_219' title='bbox 2000 1383 2195 1450; x_wconf 82' lang='grc' dir='ltr'>χεῖται.</span> <span class='ocrx_word' id='word_1_220' title='bbox 2217 1381 2299 1434; x_wconf 86' lang='grc' dir='ltr'><strong>Τὰ</strong></span> <span class='ocrx_word' id='word_1_221' title='bbox 2324 1382 2380 1434; x_wconf 85' lang='grc' dir='ltr'>δὲ</span> <span class='ocrx_word' id='word_1_222' title='bbox 2414 1382 2511 1451; x_wconf 83' lang='grc' dir='ltr'>τῆς</span> <span class='ocrx_word' id='word_1_223' title='bbox 2542 1382 2819 1453; x_wconf 85' lang='grc' dir='ltr'>ἱεραρχίας</span> <span class='ocrx_word' id='word_1_224' title='bbox 2849 1381 3007 1447; x_wconf 82' lang='grc' dir='ltr'>καλὰ,</span> <span class='ocrx_word' id='word_1_225' title='bbox 3041 1382 3140 1452; x_wconf 82' lang='grc' dir='ltr'><strong>τὴν</strong></span> <span class='ocrx_word' id='word_1_226' title='bbox 3174 1382 3469 1453; x_wconf 83' lang='grc' dir='ltr'>κάθαρσιν,</span> <span class='ocrx_word' id='word_1_227' title='bbox 3505 1383 3608 1436; x_wconf 79' lang='grc' dir='ltr'><strong>τὸν</strong></span> 
     </span>
    </p>
   </div>
   <div class='ocr_carea' id='block_1_30' title="bbox 2001 1473 3609 1547">
    <p class='ocr_par' dir='ltr' id='par_1_30' title="bbox 2001 1473 3609 1547">
     <span class='ocr_line' id='line_1_30' title="bbox 2001 1473 3609 1547; baseline 0.002 -22"><span class='ocrx_word' id='word_1_228' title='bbox 2001 1474 2300 1543; x_wconf 83' lang='grc' dir='ltr'>φωτισμὸν,</span> <span class='ocrx_word' id='word_1_229' title='bbox 2324 1474 2423 1544; x_wconf 84' lang='grc' dir='ltr'>τὴν</span> <span class='ocrx_word' id='word_1_230' title='bbox 2462 1473 2759 1536; x_wconf 87' lang='grc' dir='ltr'>τελείωσιν,</span> <span class='ocrx_word' id='word_1_231' title='bbox 2788 1475 2989 1547; x_wconf 80' lang='grc' dir='ltr'>ἑκάστη</span> <span class='ocrx_word' id='word_1_232' title='bbox 3026 1473 3175 1547; x_wconf 82' lang='grc' dir='ltr'>παρὰ</span> <span class='ocrx_word' id='word_1_233' title='bbox 3198 1474 3336 1528; x_wconf 90' lang='grc' dir='ltr'>Θεοῦ</span> <span class='ocrx_word' id='word_1_234' title='bbox 3366 1475 3461 1529; x_wconf 87' lang='grc' dir='ltr'><strong>διά</strong></span> <span class='ocrx_word' id='word_1_235' title='bbox 3488 1476 3609 1530; x_wconf 82' lang='grc' dir='ltr'>τῶν</span> 
     </span>
    </p>
   </div>
   <div class='ocr_carea' id='block_1_31' title="bbox 1999 1563 3609 1638">
    <p class='ocr_par' dir='ltr' id='par_1_31' title="bbox 1999 1563 3609 1638">
     <span class='ocr_line' id='line_1_31' title="bbox 1999 1563 3609 1638; baseline 0.003 -23"><span class='ocrx_word' id='word_1_236' title='bbox 1999 1564 2104 1634; x_wconf 80' lang='grc' dir='ltr'><strong>πρὸ</strong></span> <span class='ocrx_word' id='word_1_237' title='bbox 2133 1564 2337 1635; x_wconf 82' lang='grc' dir='ltr'>ταύτης</span> <span class='ocrx_word' id='word_1_238' title='bbox 2370 1563 2653 1635; x_wconf 76' lang='grc' dir='ltr'>λαμϐάνει.</span> <span class='ocrx_word' id='word_1_239' title='bbox 2683 1565 2756 1617; x_wconf 80' lang='grc' dir='ltr'><strong>Τὸ</strong></span> <span class='ocrx_word' id='word_1_240' title='bbox 2786 1565 2916 1634; x_wconf 83' lang='grc' dir='ltr'>γοῦν</span> <span class='ocrx_word' id='word_1_241' title='bbox 2951 1566 3098 1637; x_wconf 78' lang='grc' dir='ltr'>παρὰ</span> <span class='ocrx_word' id='word_1_242' title='bbox 3127 1567 3227 1638; x_wconf 81' lang='grc' dir='ltr'><strong>τῆς</strong></span> <span class='ocrx_word' id='word_1_243' title='bbox 3264 1566 3495 1637; x_wconf 81' lang='grc' dir='ltr'>πρώτης</span> <span class='ocrx_word' id='word_1_244' title='bbox 3525 1570 3609 1621; x_wconf 89' lang='grc' dir='ltr'><strong>ἱε-</strong></span> 
     </span>
    </p>
   </div>
   <div class='ocr_carea' id='block_1_32' title="bbox 2002 1652 3609 1730">
    <p class='ocr_par' dir='ltr' id='par_1_32' title="bbox 2002 1652 3609 1730">
     <span class='ocr_line' id='line_1_32' title="bbox 2002 1652 3609 1730; baseline 0.003 -23"><span class='ocrx_word' id='word_1_245' title='bbox 2002 1656 2318 1727; x_wconf 85' lang='grc' dir='ltr'>ραρχεῖσθαι</span> <span class='ocrx_word' id='word_1_246' title='bbox 2348 1657 2446 1727; x_wconf 82' lang='grc' dir='ltr'>τὴν</span> <span class='ocrx_word' id='word_1_247' title='bbox 2465 1656 2739 1728; x_wconf 81' lang='grc' dir='ltr'>δευτέραν,</span> <span class='ocrx_word' id='word_1_248' title='bbox 2764 1657 3057 1725; x_wconf 85' lang='grc' dir='ltr'>ἀνάγεσθαι</span> <span class='ocrx_word' id='word_1_249' title='bbox 3086 1652 3237 1711; x_wconf 81' lang='grc' dir='ltr'>εἶπεν</span> <span class='ocrx_word' id='word_1_250' title='bbox 3268 1660 3609 1730; x_wconf 78' lang='grc' dir='ltr'>ἱεραρχικῷς</span> 
     </span>
    </p>
   </div>
   <div class='ocr_carea' id='block_1_33' title="bbox 333 1743 1803 1822">
    <p class='ocr_par' dir='ltr' id='par_1_33' title="bbox 333 1743 1803 1822">
     <span class='ocr_line' id='line_1_33' title="bbox 333 1743 1803 1822; baseline 0.008 -27"><span class='ocrx_word' id='word_1_251' title='bbox 333 1743 652 1799; x_wconf 71' lang='lat' dir='ltr'><strong>bicrarcltire</strong></span> <span class='ocrx_word' id='word_1_252' title='bbox 676 1749 1062 1817; x_wconf 80' lang='lat' dir='ltr'><strong>expiationem,</strong></span> <span class='ocrx_word' id='word_1_253' title='bbox 1095 1752 1567 1819; x_wconf 81' lang='lat' dir='ltr'><strong>illuminationem,</strong></span> <span class='ocrx_word' id='word_1_254' title='bbox 1606 1754 1803 1822; x_wconf 79' lang='lat' dir='ltr'><strong>perfeCI</strong></span> 
     </span>
    </p>
   </div>
   <div class='ocr_carea' id='block_1_34' title="bbox 2136 1743 3606 1822">
    <p class='ocr_par' dir='ltr' id='par_1_34' title="bbox 2166 1749 3606 1821">
     <span class='ocr_line' id='line_1_34' title="bbox 2166 1749 3606 1821; baseline 0.001 -20"><span class='ocrx_word' id='word_1_255' title='bbox 2166 1749 2334 1820; x_wconf 73' lang='grc' dir='ltr'>αὐτὴν</span> <span class='ocrx_word' id='word_1_256' title='bbox 2367 1749 2463 1820; x_wconf 84' lang='grc' dir='ltr'><strong>τὴν</strong></span> <span class='ocrx_word' id='word_1_257' title='bbox 2498 1750 2832 1820; x_wconf 84' lang='grc' dir='ltr'>ύπεράρχιον</span> <span class='ocrx_word' id='word_1_258' title='bbox 2860 1750 3052 1821; x_wconf 84' lang='grc' dir='ltr'>ἀρχὴν,</span> <span class='ocrx_word' id='word_1_259' title='bbox 3091 1751 3184 1803; x_wconf 72' lang='grc' dir='ltr'><strong>καὶ</strong></span> <span class='ocrx_word' id='word_1_260' title='bbox 3216 1751 3404 1821; x_wconf 81' lang='grc' dir='ltr'>πάσης</span> <span class='ocrx_word' id='word_1_261' title='bbox 3432 1752 3606 1803; x_wconf 75' lang='grc' dir='ltr'>εὐκο-</span> 
     </span>
    </p>
   </div>
   <div class='ocr_carea' id='block_1_35' title="bbox 334 1838 1897 1912">
    <p class='ocr_par' dir='ltr' id='par_1_35' title="bbox 334 1838 1897 1912">
     <span class='ocr_line' id='line_1_35' title="bbox 334 1838 1897 1912; baseline 0.008 -25"><span class='ocrx_word' id='word_1_262' title='bbox 334 1854 478 1900; x_wconf 90' lang='lat' dir='ltr'><strong>nem,</strong></span> <span class='ocrx_word' id='word_1_263' title='bbox 503 1838 754 1905; x_wconf 82' lang='lat' dir='ltr'><strong>quaelibet</strong></span> <span class='ocrx_word' id='word_1_264' title='bbox 784 1856 812 1893; x_wconf 89' lang='lat' dir='ltr'><strong>a</strong></span> <span class='ocrx_word' id='word_1_265' title='bbox 843 1841 950 1895; x_wconf 91' lang='lat' dir='ltr'><strong>Deo</strong></span> <span class='ocrx_word' id='word_1_266' title='bbox 969 1856 1066 1909; x_wconf 87' lang='lat' dir='ltr'><strong>per</strong></span> <span class='ocrx_word' id='word_1_267' title='bbox 1092 1842 1321 1910; x_wconf 87' lang='lat' dir='ltr'><strong>primam</strong></span> <span class='ocrx_word' id='word_1_268' title='bbox 1350 1845 1567 1912; x_wconf 74' lang='lat' dir='ltr'><strong>accipit.</strong></span> <span class='ocrx_word' id='word_1_269' title='bbox 1594 1845 1897 1900; x_wconf 80' lang='lat' dir='ltr'><strong>Secundam</strong></span> 
     </span>
    </p>
   </div>
   <div class='ocr_carea' id='block_1_36' title="bbox 334 1927 1899 2000">
    <p class='ocr_par' dir='ltr' id='par_1_36' title="bbox 334 1927 1899 2000">
     <span class='ocr_line' id='line_1_36' title="bbox 334 1927 1899 2000; baseline 0.008 -23"><span class='ocrx_word' id='word_1_270' title='bbox 334 1927 513 1994; x_wconf 88' lang='lat' dir='ltr'><strong>itaque</strong></span> <span class='ocrx_word' id='word_1_271' title='bbox 543 1945 570 1979; x_wconf 86' lang='lat' dir='ltr'><strong>a</strong></span> <span class='ocrx_word' id='word_1_272' title='bbox 605 1929 778 1991; x_wconf 86' lang='lat' dir='ltr'><strong>prima</strong></span> <span class='ocrx_word' id='word_1_273' title='bbox 815 1930 866 1983; x_wconf 93' lang='lat' dir='ltr'><strong>in</strong></span> <span class='ocrx_word' id='word_1_274' title='bbox 902 1932 1075 1986; x_wconf 89' lang='lat' dir='ltr'><strong>sacris</strong></span> <span class='ocrx_word' id='word_1_275' title='bbox 1100 1932 1230 2000; x_wconf 82' lang='lat' dir='ltr'><strong>regi,</strong></span> <span class='ocrx_word' id='word_1_276' title='bbox 1258 1943 1415 1987; x_wconf 78' lang='lat' dir='ltr'><strong>voc:tt</strong></span> <span class='ocrx_word' id='word_1_277' title='bbox 1443 1934 1781 1992; x_wconf 83' lang='lat' dir='ltr'><strong>hierarcltice</strong></span> <span class='ocrx_word' id='word_1_278' title='bbox 1805 1938 1899 1989; x_wconf 82' lang='lat' dir='ltr'><strong>ad—</strong></span> 
     </span>
    </p>
   </div>
   <div class='ocr_carea' id='block_1_37' title="bbox 330 2018 1899 2097">
    <p class='ocr_par' dir='ltr' id='par_1_37' title="bbox 330 2018 1899 2097">
     <span class='ocr_line' id='line_1_37' title="bbox 330 2018 1899 2097; baseline 0.008 -28"><span class='ocrx_word' id='word_1_279' title='bbox 330 2018 451 2071; x_wconf 90' lang='lat' dir='ltr'><strong>duci</strong></span> <span class='ocrx_word' id='word_1_280' title='bbox 491 2020 557 2072; x_wconf 89' lang='lat' dir='ltr'><strong>ad</strong></span> <span class='ocrx_word' id='word_1_281' title='bbox 591 2022 1058 2091; x_wconf 89' lang='lat' dir='ltr'><strong>superprincipale</strong></span> <span class='ocrx_word' id='word_1_282' title='bbox 1105 2026 1453 2095; x_wconf 85' lang='lat' dir='ltr'><strong>principium,</strong></span> <span class='ocrx_word' id='word_1_283' title='bbox 1510 2038 1672 2097; x_wconf 90' lang='lat' dir='ltr'><strong>atque</strong></span> <span class='ocrx_word' id='word_1_284' title='bbox 1718 2027 1899 2082; x_wconf 90' lang='lat' dir='ltr'><strong>omnis</strong></span> 
     </span>
    </p>
   </div>
   <div class='ocr_carea' id='block_1_38' title="bbox 334 2113 1890 2173">
    <p class='ocr_par' dir='ltr' id='par_1_38' title="bbox 334 2113 1890 2173">
     <span class='ocr_line' id='line_1_38' title="bbox 334 2113 1890 2173; baseline 0.009 -15"><span class='ocrx_word' id='word_1_285' title='bbox 334 2121 495 2163; x_wconf 72' lang='lat' dir='ltr'><strong>recta:</strong></span> <span class='ocrx_word' id='word_1_286' title='bbox 560 2113 922 2168; x_wconf 84' lang='lat' dir='ltr'><strong>ordinationis</strong></span> <span class='ocrx_word' id='word_1_287' title='bbox 971 2119 1494 2172; x_wconf 87' lang='lat' dir='ltr'><strong>consummationem</strong></span> <span class='ocrx_word' id='word_1_288' title='bbox 1566 2134 1581 2171; x_wconf 92' lang='lat'><strong>:</strong></span> <span class='ocrx_word' id='word_1_289' title='bbox 1646 2120 1890 2173; x_wconf 85' lang='lat' dir='ltr'><strong>divinum</strong></span> 
     </span>
    </p>
   </div>
   <div class='ocr_carea' id='block_1_39' title="bbox 330 2201 1885 2279">
    <p class='ocr_par' dir='ltr' id='par_1_39' title="bbox 330 2201 1885 2279">
     <span class='ocr_line' id='line_1_39' title="bbox 330 2201 1885 2279; baseline 0.006 -26"><span class='ocrx_word' id='word_1_290' title='bbox 330 2204 473 2253; x_wconf 90' lang='lat' dir='ltr'><strong>enim</strong></span> <span class='ocrx_word' id='word_1_291' title='bbox 498 2201 704 2257; x_wconf 85' lang='lat' dir='ltr'><strong>Numen</strong></span> <span class='ocrx_word' id='word_1_292' title='bbox 737 2206 874 2259; x_wconf 84' lang='lat' dir='ltr'><strong>bona</strong></span> <span class='ocrx_word' id='word_1_293' title='bbox 908 2218 1100 2261; x_wconf 89' lang='lat' dir='ltr'><strong>cuncta</strong></span> <span class='ocrx_word' id='word_1_294' title='bbox 1135 2209 1406 2272; x_wconf 77' lang='lat' dir='ltr'><strong>terminat,</strong></span> <span class='ocrx_word' id='word_1_295' title='bbox 1434 2225 1496 2264; x_wconf 85' lang='lat' dir='ltr'><strong>ac</strong></span> <span class='ocrx_word' id='word_1_296' title='bbox 1524 2211 1729 2272; x_wconf 84' lang='lat' dir='ltr'><strong>delinit,</strong></span> <span class='ocrx_word' id='word_1_297' title='bbox 1756 2211 1885 2279; x_wconf 87' lang='lat' dir='ltr'><strong>quia</strong></span> 
     </span>
    </p>
   </div>
   <div class='ocr_carea' id='block_1_40' title="bbox 333 2292 1892 2370">
    <p class='ocr_par' dir='ltr' id='par_1_40' title="bbox 333 2292 1892 2370">
     <span class='ocr_line' id='line_1_40' title="bbox 333 2292 1892 2370; baseline 0.006 -24"><span class='ocrx_word' id='word_1_298' title='bbox 333 2292 466 2347; x_wconf 84' lang='lat' dir='ltr'><strong>nihil</strong></span> <span class='ocrx_word' id='word_1_299' title='bbox 498 2306 650 2348; x_wconf 80' lang='lat' dir='ltr'><strong>extra</strong></span> <span class='ocrx_word' id='word_1_300' title='bbox 682 2297 859 2363; x_wconf 88' lang='lat' dir='ltr'><strong>ipsum</strong></span> <span class='ocrx_word' id='word_1_301' title='bbox 889 2299 1017 2351; x_wconf 91' lang='lat' dir='ltr'><strong>boni</strong></span> <span class='ocrx_word' id='word_1_302' title='bbox 1042 2308 1145 2361; x_wconf 89' lang='lat' dir='ltr'><strong>est,</strong></span> <span class='ocrx_word' id='word_1_303' title='bbox 1181 2300 1262 2353; x_wconf 83' lang='lat' dir='ltr'><strong>vel</strong></span> <span class='ocrx_word' id='word_1_304' title='bbox 1290 2300 1511 2365; x_wconf 79' lang='lat' dir='ltr'><strong>dicitur,</strong></span> <span class='ocrx_word' id='word_1_305' title='bbox 1541 2302 1623 2355; x_wconf 74' lang='lat' dir='ltr'><strong>vel</strong></span> <span class='ocrx_word' id='word_1_306' title='bbox 1656 2318 1892 2370; x_wconf 82' lang='lat' dir='ltr'><strong>unquam</strong></span> 
     </span>
    </p>
   </div>
   <div class='ocr_carea' id='block_1_41' title="bbox 333 2388 1892 2459">
    <p class='ocr_par' dir='ltr' id='par_1_41' title="bbox 333 2388 1892 2459">
     <span class='ocr_line' id='line_1_41' title="bbox 333 2388 1892 2459; baseline 0.006 -20"><span class='ocrx_word' id='word_1_307' title='bbox 333 2388 626 2456; x_wconf 75' lang='lat' dir='ltr'><strong>cogitatur.</strong></span> <span class='ocrx_word' id='word_1_308' title='bbox 666 2388 752 2442; x_wconf 86' lang='lat' dir='ltr'><strong>Fit</strong></span> <span class='ocrx_word' id='word_1_309' title='bbox 786 2398 966 2443; x_wconf 89' lang='lat' dir='ltr'><strong>autem</strong></span> <span class='ocrx_word' id='word_1_310' title='bbox 997 2392 1097 2445; x_wconf 92' lang='lat' dir='ltr'><strong>hoc</strong></span> <span class='ocrx_word' id='word_1_311' title='bbox 1122 2391 1278 2459; x_wconf 72' lang='lat' dir='ltr'><strong>juxta</strong></span> <span class='ocrx_word' id='word_1_312' title='bbox 1324 2395 1459 2447; x_wconf 83' lang='lat' dir='ltr'><strong>bene</strong></span> <span class='ocrx_word' id='word_1_313' title='bbox 1486 2394 1719 2447; x_wconf 87' lang='lat' dir='ltr'><strong>ordinati</strong></span> <span class='ocrx_word' id='word_1_314' title='bbox 1750 2394 1892 2448; x_wconf 86' lang='lat' dir='ltr'><strong>ordi-</strong></span> 
     </span>
    </p>
   </div>
   <div class='ocr_carea' id='block_1_42' title="bbox 333 2477 1903 2550">
    <p class='ocr_par' dir='ltr' id='par_1_42' title="bbox 333 2477 1903 2550">
     <span class='ocr_line' id='line_1_42' title="bbox 333 2477 1903 2550; baseline 0.006 -22"><span class='ocrx_word' id='word_1_315' title='bbox 333 2478 416 2529; x_wconf 82' lang='lat' dir='ltr'><strong>nis</strong></span> <span class='ocrx_word' id='word_1_316' title='bbox 442 2477 784 2547; x_wconf 83' lang='lat' dir='ltr'><strong>principatus</strong></span> <span class='ocrx_word' id='word_1_317' title='bbox 814 2482 1151 2535; x_wconf 87' lang='lat' dir='ltr'><strong>sanctionem</strong></span> <span class='ocrx_word' id='word_1_318' title='bbox 1179 2498 1194 2536; x_wconf 89' lang='lat'><strong>:</strong></span> <span class='ocrx_word' id='word_1_319' title='bbox 1226 2483 1350 2550; x_wconf 87' lang='lat' dir='ltr'><strong>quia</strong></span> <span class='ocrx_word' id='word_1_320' title='bbox 1378 2483 1499 2537; x_wconf 80' lang='lat' dir='ltr'><strong>licet</strong></span> <span class='ocrx_word' id='word_1_321' title='bbox 1532 2486 1600 2538; x_wconf 90' lang='lat' dir='ltr'><strong>ab</strong></span> <span class='ocrx_word' id='word_1_322' title='bbox 1627 2486 1712 2539; x_wconf 90' lang='lat' dir='ltr'><strong>his</strong></span> <span class='ocrx_word' id='word_1_323' title='bbox 1736 2485 1903 2538; x_wconf 88' lang='lat' dir='ltr'><strong>addu-</strong></span> 
     </span>
    </p>
   </div>
   <div class='ocr_carea' id='block_1_43' title="bbox 333 2574 1903 2644">
    <p class='ocr_par' dir='ltr' id='par_1_43' title="bbox 333 2574 1903 2644">
     <span class='ocr_line' id='line_1_43' title="bbox 333 2574 1903 2644; baseline 0.006 -22"><span class='ocrx_word' id='word_1_324' title='bbox 333 2578 545 2633; x_wconf 78' lang='lat' dir='ltr'><strong>Cantnr,</strong></span> <span class='ocrx_word' id='word_1_325' title='bbox 578 2582 815 2625; x_wconf 84' lang='lat' dir='ltr'><strong>attamen</strong></span> <span class='ocrx_word' id='word_1_326' title='bbox 845 2574 911 2626; x_wconf 88' lang='lat' dir='ltr'><strong>ab</strong></span> <span class='ocrx_word' id='word_1_327' title='bbox 942 2574 1061 2641; x_wconf 78' lang='lat' dir='ltr'><strong>ipso</strong></span> <span class='ocrx_word' id='word_1_328' title='bbox 1100 2574 1329 2630; x_wconf 83' lang='lat' dir='ltr'><strong>Numine</strong></span> <span class='ocrx_word' id='word_1_329' title='bbox 1361 2577 1633 2644; x_wconf 86' lang='lat' dir='ltr'><strong>accipiunt</strong></span> <span class='ocrx_word' id='word_1_330' title='bbox 1664 2578 1903 2632; x_wconf 83' lang='lat' dir='ltr'><strong>illustra-</strong></span> 
     </span>
    </p>
   </div>
   <div class='ocr_carea' id='block_1_44' title="bbox 336 2662 1902 2738">
    <p class='ocr_par' dir='ltr' id='par_1_44' title="bbox 336 2662 1902 2738">
     <span class='ocr_line' id='line_1_44' title="bbox 336 2662 1902 2738; baseline 0.008 -27"><span class='ocrx_word' id='word_1_331' title='bbox 336 2662 532 2723; x_wconf 83' lang='lat' dir='ltr'><strong>tiones,</strong></span> <span class='ocrx_word' id='word_1_332' title='bbox 565 2664 707 2731; x_wconf 89' lang='lat' dir='ltr'><strong>quod</strong></span> <span class='ocrx_word' id='word_1_333' title='bbox 739 2673 822 2717; x_wconf 83' lang='lat' dir='ltr'><strong>est</strong></span> <span class='ocrx_word' id='word_1_334' title='bbox 853 2666 1179 2734; x_wconf 86' lang='lat' dir='ltr'><strong>principium</strong></span> <span class='ocrx_word' id='word_1_335' title='bbox 1211 2676 1264 2719; x_wconf 90' lang='lat' dir='ltr'><strong>et</strong></span> <span class='ocrx_word' id='word_1_336' title='bbox 1284 2684 1448 2721; x_wconf 87' lang='lat' dir='ltr'><strong>causa</strong></span> <span class='ocrx_word' id='word_1_337' title='bbox 1472 2670 1647 2723; x_wconf 87' lang='lat' dir='ltr'><strong>omnis</strong></span> <span class='ocrx_word' id='word_1_338' title='bbox 1668 2670 1902 2738; x_wconf 85' lang='lat' dir='ltr'><strong>ordinis,</strong></span> 
     </span>
    </p>
   </div>
   <div class='ocr_carea' id='block_1_45' title="bbox 335 2757 1903 2830">
    <p class='ocr_par' dir='ltr' id='par_1_45' title="bbox 335 2757 1903 2830">
     <span class='ocr_line' id='line_1_45' title="bbox 335 2757 1903 2830; baseline 0.008 -26"><span class='ocrx_word' id='word_1_339' title='bbox 335 2768 440 2805; x_wconf 92' lang='lat' dir='ltr'><strong>non</strong></span> <span class='ocrx_word' id='word_1_340' title='bbox 475 2764 684 2808; x_wconf 88' lang='lat' dir='ltr'><strong>tantum</strong></span> <span class='ocrx_word' id='word_1_341' title='bbox 729 2757 913 2823; x_wconf 90' lang='lat' dir='ltr'><strong>primi,</strong></span> <span class='ocrx_word' id='word_1_342' title='bbox 962 2762 1059 2812; x_wconf 87' lang='lat' dir='ltr'><strong>sed</strong></span> <span class='ocrx_word' id='word_1_343' title='bbox 1115 2769 1169 2812; x_wconf 91' lang='lat' dir='ltr'><strong>et</strong></span> <span class='ocrx_word' id='word_1_344' title='bbox 1208 2762 1454 2823; x_wconf 84' lang='lat' dir='ltr'><strong>secundi,</strong></span> <span class='ocrx_word' id='word_1_345' title='bbox 1486 2772 1541 2816; x_wconf 91' lang='lat' dir='ltr'><strong>et</strong></span> <span class='ocrx_word' id='word_1_346' title='bbox 1568 2763 1735 2830; x_wconf 87' lang='lat' dir='ltr'><strong>tertii,</strong></span> <span class='ocrx_word' id='word_1_347' title='bbox 1779 2771 1834 2817; x_wconf 86' lang='lat' dir='ltr'><strong>et</strong></span> <span class='ocrx_word' id='word_1_348' title='bbox 1856 2763 1903 2818; x_wconf 92' lang='lat' dir='ltr'><strong>si</strong></span> 
     </span>
    </p>
   </div>
   <div class='ocr_carea' id='block_1_46' title="bbox 332 2836 1903 2919">
    <p class='ocr_par' dir='ltr' id='par_1_46' title="bbox 332 2836 1903 2919">
     <span class='ocr_line' id='line_1_46' title="bbox 332 2836 1903 2919; baseline 0.01 -27"><span class='ocrx_word' id='word_1_349' title='bbox 332 2845 453 2909; x_wconf 88' lang='lat' dir='ltr'><strong>quis</strong></span> <span class='ocrx_word' id='word_1_350' title='bbox 482 2845 548 2898; x_wconf 92' lang='lat' dir='ltr'><strong>sit</strong></span> <span class='ocrx_word' id='word_1_351' title='bbox 584 2846 741 2898; x_wconf 89' lang='lat' dir='ltr'><strong>alius.</strong></span> <span class='ocrx_word' id='word_1_352' title='bbox 776 2846 882 2900; x_wconf 89' lang='lat' dir='ltr'><strong>Ista</strong></span> <span class='ocrx_word' id='word_1_353' title='bbox 912 2848 1056 2901; x_wconf 89' lang='lat' dir='ltr'><strong>enim</strong></span> <span class='ocrx_word' id='word_1_354' title='bbox 1086 2849 1166 2902; x_wconf 80' lang='lat' dir='ltr'><strong>lex</strong></span> <span class='ocrx_word' id='word_1_355' title='bbox 1202 2858 1307 2915; x_wconf 85' lang='lat' dir='ltr'><strong>est,</strong></span> <span class='ocrx_word' id='word_1_356' title='bbox 1352 2860 1408 2903; x_wconf 87' lang='lat' dir='ltr'><strong>ut</strong></span> <span class='ocrx_word' id='word_1_357' title='bbox 1458 2852 1527 2904; x_wconf 91' lang='lat' dir='ltr'><strong>ita</strong></span> <span class='ocrx_word' id='word_1_358' title='bbox 1570 2854 1692 2919; x_wconf 84' lang='lat' dir='ltr'><strong>quis</strong></span> <span class='ocrx_word' id='word_1_359' title='bbox 1718 2836 1903 2917; x_wconf 40' lang='lat' dir='ltr'><strong>‘dicat,</strong></span> 
     </span>
    </p>
   </div>
   <div class='ocr_carea' id='block_1_47' title="bbox 2006 1838 3610 1911">
    <p class='ocr_par' dir='ltr' id='par_1_47' title="bbox 2006 1838 3610 1911">
     <span class='ocr_line' id='line_1_47' title="bbox 2006 1838 3610 1911; baseline 0.002 -20"><span class='ocrx_word' id='word_1_360' title='bbox 2006 1838 2169 1908; x_wconf 86' lang='grc' dir='ltr'>σμίας</span> <span class='ocrx_word' id='word_1_361' title='bbox 2203 1839 2510 1909; x_wconf 85' lang='grc' dir='ltr'>περάτωσιν</span> <span class='ocrx_word' id='word_1_362' title='bbox 2530 1856 2542 1868; x_wconf 90' lang='grc'><strong>·</strong></span> <span class='ocrx_word' id='word_1_363' title='bbox 2582 1840 2758 1893; x_wconf 85' lang='grc' dir='ltr'>πάντα</span> <span class='ocrx_word' id='word_1_364' title='bbox 2791 1838 2899 1911; x_wconf 81' lang='grc' dir='ltr'><strong>γάρ</strong></span> <span class='ocrx_word' id='word_1_365' title='bbox 2930 1840 3001 1893; x_wconf 87' lang='grc' dir='ltr'>τὰ</span> <span class='ocrx_word' id='word_1_366' title='bbox 3024 1840 3202 1909; x_wconf 85' lang='grc' dir='ltr'>ἀγαθά</span> <span class='ocrx_word' id='word_1_367' title='bbox 3235 1844 3472 1911; x_wconf 86' lang='grc' dir='ltr'>περατοῖ</span> <span class='ocrx_word' id='word_1_368' title='bbox 3505 1845 3610 1895; x_wconf 89' lang='lat' dir='ltr'><strong>xui</strong></span> 
     </span>
    </p>
   </div>
   <div class='ocr_carea' id='block_1_48' title="bbox 2002 1930 3607 2002">
    <p class='ocr_par' dir='ltr' id='par_1_48' title="bbox 2002 1930 3607 2002">
     <span class='ocr_line' id='line_1_48' title="bbox 2002 1930 3607 2002; baseline 0.001 -19"><span class='ocrx_word' id='word_1_369' title='bbox 2002 1930 2173 2002; x_wconf 80' lang='grc' dir='ltr'>ὁρίζει</span> <span class='ocrx_word' id='word_1_370' title='bbox 2206 1931 2266 1983; x_wconf 88' lang='grc' dir='ltr'><strong>τὸ</strong></span> <span class='ocrx_word' id='word_1_371' title='bbox 2292 1930 2464 1995; x_wconf 84' lang='grc' dir='ltr'>Θεῖον,</span> <span class='ocrx_word' id='word_1_372' title='bbox 2491 1932 2573 1984; x_wconf 83' lang='grc' dir='ltr'><strong>ὅτι</strong></span> <span class='ocrx_word' id='word_1_373' title='bbox 2596 1931 2749 1984; x_wconf 79' lang='grc' dir='ltr'>οὐδὲν</span> <span class='ocrx_word' id='word_1_374' title='bbox 2776 1931 2976 2000; x_wconf 78' lang='grc' dir='ltr'>ἀγαθὸν</span> <span class='ocrx_word' id='word_1_375' title='bbox 3009 1932 3206 1999; x_wconf 78' lang='grc' dir='ltr'>ἔξωθεν</span> <span class='ocrx_word' id='word_1_376' title='bbox 3231 1933 3391 1986; x_wconf 85' lang='grc' dir='ltr'>τοῦτό</span> <span class='ocrx_word' id='word_1_377' title='bbox 3421 1936 3607 1997; x_wconf 81' lang='grc' dir='ltr'>ἐστιν,</span> 
     </span>
    </p>
   </div>
   <div class='ocr_carea' id='block_1_49' title="bbox 2001 2022 3607 2095">
    <p class='ocr_par' dir='ltr' id='par_1_49' title="bbox 2001 2022 3607 2095">
     <span class='ocr_line' id='line_1_49' title="bbox 2001 2022 3607 2095; baseline 0.001 -20"><span class='ocrx_word' id='word_1_378' title='bbox 2001 2022 2034 2093; x_wconf 77' lang='grc' dir='ltr'>ἢ</span> <span class='ocrx_word' id='word_1_379' title='bbox 2069 2023 2306 2091; x_wconf 79' lang='grc' dir='ltr'>λέγεται,</span> <span class='ocrx_word' id='word_1_380' title='bbox 2340 2023 2448 2076; x_wconf 79' lang='grc' dir='ltr'>οὐδ’</span> <span class='ocrx_word' id='word_1_381' title='bbox 2478 2022 2542 2076; x_wconf 84' lang='grc' dir='ltr'>ἂν</span> <span class='ocrx_word' id='word_1_382' title='bbox 2577 2023 2850 2095; x_wconf 81' lang='grc' dir='ltr'>ἐννοηθείη</span> <span class='ocrx_word' id='word_1_383' title='bbox 2889 2024 3037 2077; x_wconf 83' lang='grc' dir='ltr'>ποτέ.</span> <span class='ocrx_word' id='word_1_384' title='bbox 3076 2024 3285 2077; x_wconf 86' lang='grc' dir='ltr'>Γίνεται</span> <span class='ocrx_word' id='word_1_385' title='bbox 3324 2025 3381 2077; x_wconf 85' lang='grc' dir='ltr'><strong>δὲ</strong></span> <span class='ocrx_word' id='word_1_386' title='bbox 3415 2024 3607 2087; x_wconf 89' lang='grc' dir='ltr'>τοῦτο,</span> 
     </span>
    </p>
   </div>
   <div class='ocr_carea' id='block_1_50' title="bbox 2001 2114 3608 2187">
    <p class='ocr_par' dir='ltr' id='par_1_50' title="bbox 2001 2114 3608 2187">
     <span class='ocr_line' id='line_1_50' title="bbox 2001 2114 3608 2187; baseline 0.001 -19"><span class='ocrx_word' id='word_1_387' title='bbox 2001 2114 2141 2168; x_wconf 87' lang='grc' dir='ltr'><strong>κατά</strong></span> <span class='ocrx_word' id='word_1_388' title='bbox 2171 2116 2261 2168; x_wconf 86' lang='grc' dir='ltr'>τὸν</span> <span class='ocrx_word' id='word_1_389' title='bbox 2285 2115 2444 2167; x_wconf 81' lang='grc' dir='ltr'>αὑτὸν</span> <span class='ocrx_word' id='word_1_390' title='bbox 2469 2116 2667 2185; x_wconf 87' lang='grc' dir='ltr'>θεσμὸν</span> <span class='ocrx_word' id='word_1_391' title='bbox 2700 2115 2801 2185; x_wconf 82' lang='grc' dir='ltr'><strong>τῆς</strong></span> <span class='ocrx_word' id='word_1_392' title='bbox 2826 2116 3102 2186; x_wconf 73' lang='grc' dir='ltr'>εὐκόσμου</span> <span class='ocrx_word' id='word_1_393' title='bbox 3128 2117 3475 2187; x_wconf 65' lang='grc' dir='ltr'>ταξιαρχίας</span> <span class='ocrx_word' id='word_1_394' title='bbox 3514 2118 3608 2170; x_wconf 87' lang='grc' dir='ltr'>ὃτι</span> 
     </span>
    </p>
   </div>
   <div class='ocr_carea' id='block_1_51' title="bbox 2002 2205 3609 2279">
    <p class='ocr_par' dir='ltr' id='par_1_51' title="bbox 2002 2205 3609 2279">
     <span class='ocr_line' id='line_1_51' title="bbox 2002 2205 3609 2279; baseline 0.002 -21"><span class='ocrx_word' id='word_1_395' title='bbox 2002 2208 2050 2258; x_wconf 83' lang='grc' dir='ltr'>εἰ</span> <span class='ocrx_word' id='word_1_396' title='bbox 2078 2209 2169 2259; x_wconf 73' lang='grc' dir='ltr'><strong>καὶ</strong></span> <span class='ocrx_word' id='word_1_397' title='bbox 2201 2205 2287 2259; x_wconf 78' lang='grc' dir='ltr'>διὰ</span> <span class='ocrx_word' id='word_1_398' title='bbox 2313 2206 2516 2259; x_wconf 89' lang='grc' dir='ltr'>τούτων</span> <span class='ocrx_word' id='word_1_399' title='bbox 2538 2206 2847 2275; x_wconf 78' lang='grc' dir='ltr'>ἀνάγονται,</span> <span class='ocrx_word' id='word_1_400' title='bbox 2875 2207 3010 2258; x_wconf 74' lang='grc' dir='ltr'>ἀλλὰ</span> <span class='ocrx_word' id='word_1_401' title='bbox 3036 2206 3185 2279; x_wconf 72' lang='grc' dir='ltr'>παρὰ</span> <span class='ocrx_word' id='word_1_402' title='bbox 3216 2207 3309 2259; x_wconf 88' lang='grc' dir='ltr'><strong>τοῦ</strong></span> <span class='ocrx_word' id='word_1_403' title='bbox 3334 2208 3496 2260; x_wconf 85' lang='grc' dir='ltr'>Θείου</span> <span class='ocrx_word' id='word_1_404' title='bbox 3523 2208 3609 2261; x_wconf 80' lang='grc' dir='ltr'>δέ·</span> 
     </span>
    </p>
   </div>
   <div class='ocr_carea' id='block_1_52' title="bbox 2003 2296 3607 2369">
    <p class='ocr_par' dir='ltr' id='par_1_52' title="bbox 2003 2296 3607 2369">
     <span class='ocr_line' id='line_1_52' title="bbox 2003 2296 3607 2369; baseline 0.002 -18"><span class='ocrx_word' id='word_1_405' title='bbox 2003 2316 2185 2369; x_wconf 89' lang='grc' dir='ltr'>χονται</span> <span class='ocrx_word' id='word_1_406' title='bbox 2218 2298 2318 2364; x_wconf 79' lang='grc' dir='ltr'><strong>τὰς</strong></span> <span class='ocrx_word' id='word_1_407' title='bbox 2353 2298 2665 2369; x_wconf 74' lang='grc' dir='ltr'>ὲλλάμψεις,</span> <span class='ocrx_word' id='word_1_408' title='bbox 2699 2296 2799 2367; x_wconf 79' lang='grc' dir='ltr'><strong>τῆς</strong></span> <span class='ocrx_word' id='word_1_409' title='bbox 2833 2298 3007 2369; x_wconf 80' lang='grc' dir='ltr'>ἀρχῆς</span> <span class='ocrx_word' id='word_1_410' title='bbox 3058 2300 3149 2352; x_wconf 87' lang='lat' dir='ltr'><strong>xui</strong></span> <span class='ocrx_word' id='word_1_411' title='bbox 3192 2302 3370 2363; x_wconf 83' lang='grc' dir='ltr'>αἰτίας</span> <span class='ocrx_word' id='word_1_412' title='bbox 3414 2301 3607 2368; x_wconf 80' lang='grc' dir='ltr'>πάσης</span> 
     </span>
    </p>
   </div>
   <div class='ocr_carea' id='block_1_53' title="bbox 2002 2390 3608 2463">
    <p class='ocr_par' dir='ltr' id='par_1_53' title="bbox 2002 2390 3608 2463">
     <span class='ocr_line' id='line_1_53' title="bbox 2002 2390 3608 2463; baseline -0.001 -16"><span class='ocrx_word' id='word_1_413' title='bbox 2002 2392 2228 2457; x_wconf 85' lang='grc' dir='ltr'>τάξεως,</span> <span class='ocrx_word' id='word_1_414' title='bbox 2270 2393 2343 2463; x_wconf 85' lang='grc' dir='ltr'>μὴ</span> <span class='ocrx_word' id='word_1_415' title='bbox 2382 2392 2541 2463; x_wconf 81' lang='grc' dir='ltr'>μόνον</span> <span class='ocrx_word' id='word_1_416' title='bbox 2574 2391 2674 2461; x_wconf 85' lang='grc' dir='ltr'>τῆς</span> <span class='ocrx_word' id='word_1_417' title='bbox 2707 2390 2929 2463; x_wconf 84' lang='grc' dir='ltr'>πρώτης</span> <span class='ocrx_word' id='word_1_418' title='bbox 2956 2432 2971 2456; x_wconf 96' lang='grc'><strong>,</strong></span> <span class='ocrx_word' id='word_1_419' title='bbox 3006 2392 3139 2444; x_wconf 86' lang='grc' dir='ltr'><strong>ἀλλά</strong></span> <span class='ocrx_word' id='word_1_420' title='bbox 3173 2394 3264 2445; x_wconf 82' lang='lat' dir='ltr'><strong>xui</strong></span> <span class='ocrx_word' id='word_1_421' title='bbox 3287 2392 3388 2462; x_wconf 77' lang='grc' dir='ltr'>τῆς</span> <span class='ocrx_word' id='word_1_422' title='bbox 3417 2393 3608 2446; x_wconf 87' lang='grc' dir='ltr'>δευτέ-</span> 
     </span>
    </p>
   </div>
   <div class='ocr_carea' id='block_1_54' title="bbox 2008 2482 3607 2555">
    <p class='ocr_par' dir='ltr' id='par_1_54' title="bbox 2008 2482 3607 2555">
     <span class='ocr_line' id='line_1_54' title="bbox 2008 2482 3607 2555; baseline -0.001 -19"><span class='ocrx_word' id='word_1_423' title='bbox 2008 2501 2129 2555; x_wconf 89' lang='grc' dir='ltr'>ρας,</span> <span class='ocrx_word' id='word_1_424' title='bbox 2156 2486 2251 2536; x_wconf 82' lang='lat' dir='ltr'><strong>xui</strong></span> <span class='ocrx_word' id='word_1_425' title='bbox 2282 2483 2383 2553; x_wconf 81' lang='grc' dir='ltr'>τῆς</span> <span class='ocrx_word' id='word_1_426' title='bbox 2415 2484 2623 2554; x_wconf 84' lang='grc' dir='ltr'>τρίτης,</span> <span class='ocrx_word' id='word_1_427' title='bbox 2661 2486 2749 2536; x_wconf 83' lang='grc' dir='ltr'><strong>καὶ</strong></span> <span class='ocrx_word' id='word_1_428' title='bbox 2776 2483 2933 2545; x_wconf 81' lang='grc' dir='ltr'>εἴτις</span> <span class='ocrx_word' id='word_1_429' title='bbox 2960 2482 3091 2552; x_wconf 83' lang='grc' dir='ltr'>ἄλλη</span> <span class='ocrx_word' id='word_1_430' title='bbox 3126 2483 3253 2538; x_wconf 73' lang='grc' dir='ltr'>ἐστί.</span> <span class='ocrx_word' id='word_1_431' title='bbox 3280 2482 3453 2535; x_wconf 87' lang='grc' dir='ltr'>Τοῦτο</span> <span class='ocrx_word' id='word_1_432' title='bbox 3486 2484 3607 2555; x_wconf 90' lang='grc' dir='ltr'><strong>γάρ</strong></span> 
     </span>
    </p>
   </div>
   <div class='ocr_carea' id='block_1_55' title="bbox 2006 2572 3607 2646">
    <p class='ocr_par' dir='ltr' id='par_1_55' title="bbox 2006 2572 3607 2646">
     <span class='ocr_line' id='line_1_55' title="bbox 2006 2572 3607 2646; baseline -0.003 -16"><span class='ocrx_word' id='word_1_433' title='bbox 2006 2579 2123 2630; x_wconf 68' lang='grc' dir='ltr'>ἐστι</span> <span class='ocrx_word' id='word_1_434' title='bbox 2158 2576 2340 2646; x_wconf 82' lang='grc' dir='ltr'>νόμος,</span> <span class='ocrx_word' id='word_1_435' title='bbox 2387 2574 2462 2637; x_wconf 83' lang='grc' dir='ltr'>ὡς</span> <span class='ocrx_word' id='word_1_436' title='bbox 2496 2574 2559 2627; x_wconf 82' lang='grc' dir='ltr'>ἄν</span> <span class='ocrx_word' id='word_1_437' title='bbox 2593 2592 2677 2637; x_wconf 87' lang='grc' dir='ltr'><strong>τις</strong></span> <span class='ocrx_word' id='word_1_438' title='bbox 2710 2572 2871 2636; x_wconf 76' lang='grc' dir='ltr'>εἴποι,</span> <span class='ocrx_word' id='word_1_439' title='bbox 2906 2573 2999 2625; x_wconf 88' lang='grc' dir='ltr'><strong>τοῦ</strong></span> <span class='ocrx_word' id='word_1_440' title='bbox 3036 2574 3409 2643; x_wconf 84' lang='grc' dir='ltr'>παραγωγέως</span> <span class='ocrx_word' id='word_1_441' title='bbox 3458 2574 3607 2643; x_wconf 80' lang='grc' dir='ltr'>ἀμε-</span> 
     </span>
    </p>
   </div>
   <div class='ocr_carea' id='block_1_56' title="bbox 2003 2648 3606 2734">
    <p class='ocr_par' dir='ltr' id='par_1_56' title="bbox 2003 2648 3606 2734">
     <span class='ocr_line' id='line_1_56' title="bbox 2003 2648 3606 2734; baseline -0.002 -16"><span class='ocrx_word' id='word_1_442' title='bbox 2003 2664 2226 2729; x_wconf 82' lang='grc' dir='ltr'>τάθετός</span> <span class='ocrx_word' id='word_1_443' title='bbox 2258 2682 2317 2717; x_wconf 94' lang='grc' dir='ltr'><strong>τε</strong></span> <span class='ocrx_word' id='word_1_444' title='bbox 2343 2664 2434 2717; x_wconf 90' lang='lat' dir='ltr'><strong>xui</strong></span> <span class='ocrx_word' id='word_1_445' title='bbox 2459 2663 2748 2734; x_wconf 77' lang='grc' dir='ltr'>εῦκοσμος,</span> <span class='ocrx_word' id='word_1_446' title='bbox 2783 2665 2842 2717; x_wconf 83' lang='grc' dir='ltr'>τὸ</span> <span class='ocrx_word' id='word_1_447' title='bbox 2874 2664 2941 2717; x_wconf 59' lang='lat' dir='ltr'><strong>ea:</strong></span> <span class='ocrx_word' id='word_1_448' title='bbox 2974 2665 3273 2734; x_wconf 83' lang='grc' dir='ltr'>πράγματα</span> <span class='ocrx_word' id='word_1_449' title='bbox 3308 2648 3606 2734; x_wconf 78' lang='grc' dir='ltr'>συντηρεῖν</span> 
     </span>
    </p>
   </div>
   <div class='ocr_carea' id='block_1_57' title="bbox 2004 2755 3606 2826">
    <p class='ocr_par' dir='ltr' id='par_1_57' title="bbox 2004 2755 3606 2826">
     <span class='ocr_line' id='line_1_57' title="bbox 2004 2755 3606 2826; baseline -0.002 -15"><span class='ocrx_word' id='word_1_450' title='bbox 2004 2775 2065 2811; x_wconf 89' lang='grc' dir='ltr'><strong>τε</strong></span> <span class='ocrx_word' id='word_1_451' title='bbox 2100 2759 2192 2810; x_wconf 85' lang='lat' dir='ltr'><strong>xui</strong></span> <span class='ocrx_word' id='word_1_452' title='bbox 2223 2756 2465 2809; x_wconf 79' lang='grc' dir='ltr'>τελειοῦν</span> <span class='ocrx_word' id='word_1_453' title='bbox 2508 2756 2600 2826; x_wconf 83' lang='grc' dir='ltr'><strong>ἀφ’</strong></span> <span class='ocrx_word' id='word_1_454' title='bbox 2655 2755 2868 2819; x_wconf 78' lang='grc' dir='ltr'>ἑαυτοῦ,</span> <span class='ocrx_word' id='word_1_455' title='bbox 2903 2758 2951 2808; x_wconf 81' lang='grc' dir='ltr'><strong>εί</strong></span> <span class='ocrx_word' id='word_1_456' title='bbox 2984 2756 3075 2809; x_wconf 83' lang='lat' dir='ltr'><strong>xui</strong></span> <span class='ocrx_word' id='word_1_457' title='bbox 3107 2756 3195 2811; x_wconf 90' lang='grc' dir='ltr'><strong>διά</strong></span> <span class='ocrx_word' id='word_1_458' title='bbox 3230 2774 3391 2810; x_wconf 90' lang='grc' dir='ltr'>τινων</span> <span class='ocrx_word' id='word_1_459' title='bbox 3419 2755 3606 2809; x_wconf 79' lang='grc' dir='ltr'>ἄλλων</span> 
     </span>
    </p>
   </div>
   <div class='ocr_carea' id='block_1_58' title="bbox 2005 2856 2852 2925">
    <p class='ocr_par' dir='ltr' id='par_1_58' title="bbox 2005 2856 2852 2925">
     <span class='ocr_line' id='line_1_58' title="bbox 2005 2856 2852 2925; baseline 0.001 -15"><span class='ocrx_word' id='word_1_460' title='bbox 2005 2859 2067 2912; x_wconf 86' lang='grc' dir='ltr'><strong>τδ</strong></span> <span class='ocrx_word' id='word_1_461' title='bbox 2098 2857 2336 2912; x_wconf 89' lang='grc' dir='ltr'>τοιοῦτον</span> <span class='ocrx_word' id='word_1_462' title='bbox 2362 2858 2453 2911; x_wconf 76' lang='grc' dir='ltr'><strong>ἐπί</strong></span> <span class='ocrx_word' id='word_1_463' title='bbox 2478 2874 2586 2910; x_wconf 86' lang='grc' dir='ltr'>τισι</span> <span class='ocrx_word' id='word_1_464' title='bbox 2618 2856 2852 2925; x_wconf 86' lang='grc' dir='ltr'>γίνεται.</span> 
     </span>
    </p>
   </div>
   <div class='ocr_carea' id='block_1_59' title="bbox 332 2938 3609 3021">
    <p class='ocr_par' dir='ltr' id='par_1_59' title="bbox 332 2938 3609 3021">
     <span class='ocr_line' id='line_1_59' title="bbox 332 2938 3609 3021; baseline 0.005 -34"><span class='ocrx_word' id='word_1_465' title='bbox 332 2938 674 2993; x_wconf 80' lang='lat' dir='ltr'><strong>adductionis</strong></span> <span class='ocrx_word' id='word_1_466' title='bbox 715 2939 1068 2994; x_wconf 81' lang='lat' dir='ltr'><strong>immutabilis</strong></span> <span class='ocrx_word' id='word_1_467' title='bbox 1120 2950 1177 2996; x_wconf 89' lang='lat' dir='ltr'><strong>ct</strong></span> <span class='ocrx_word' id='word_1_468' title='bbox 1224 2942 1361 2997; x_wconf 84' lang='lat' dir='ltr'><strong>bene</strong></span> <span class='ocrx_word' id='word_1_469' title='bbox 1414 2944 1684 3016; x_wconf 87' lang='lat' dir='ltr'><strong>ordinata,</strong></span> <span class='ocrx_word' id='word_1_470' title='bbox 1737 2956 1797 3001; x_wconf 93' lang='lat' dir='ltr'><strong>ut</strong></span> <span class='ocrx_word' id='word_1_471' title='bbox 1830 2948 1900 3003; x_wconf 84' lang='lat' dir='ltr'><strong>ab</strong></span> <span class='ocrx_word' id='word_1_472' title='bbox 1933 2949 2053 3021; x_wconf 86' lang='lat' dir='ltr'><strong>ipsa</strong></span> <span class='ocrx_word' id='word_1_473' title='bbox 2095 2967 2184 3008; x_wconf 92' lang='lat' dir='ltr'><strong>res</strong></span> <span class='ocrx_word' id='word_1_474' title='bbox 2206 2963 2603 3008; x_wconf 80' lang='lat' dir='ltr'><strong>conserventur</strong></span> <span class='ocrx_word' id='word_1_475' title='bbox 2648 2966 2714 3007; x_wconf 87' lang='lat' dir='ltr'><strong>ac</strong></span> <span class='ocrx_word' id='word_1_476' title='bbox 2744 2950 3116 3019; x_wconf 78' lang='lat' dir='ltr'><strong>perﬁciantur,</strong></span> <span class='ocrx_word' id='word_1_477' title='bbox 3144 2951 3248 3006; x_wconf 84' lang='lat' dir='ltr'><strong>etsi</strong></span> <span class='ocrx_word' id='word_1_478' title='bbox 3303 2965 3404 3021; x_wconf 88' lang='lat' dir='ltr'><strong>per</strong></span> <span class='ocrx_word' id='word_1_479' title='bbox 3455 2948 3609 3005; x_wconf 72' lang='lat' dir='ltr'><strong>alias</strong></span> 
     </span>
    </p>
   </div>
   <div class='ocr_carea' id='block_1_60' title="bbox 331 3032 1062 3103">
    <p class='ocr_par' dir='ltr' id='par_1_60' title="bbox 331 3032 1062 3103">
     <span class='ocr_line' id='line_1_60' title="bbox 331 3032 1062 3103; baseline 0.011 -24"><span class='ocrx_word' id='word_1_480' title='bbox 331 3032 593 3097; x_wconf 82' lang='lat' dir='ltr'><strong>quasdam</strong></span> <span class='ocrx_word' id='word_1_481' title='bbox 627 3032 677 3085; x_wconf 88' lang='lat' dir='ltr'><strong>id</strong></span> <span class='ocrx_word' id='word_1_482' title='bbox 709 3032 762 3086; x_wconf 89' lang='lat' dir='ltr'><strong>in</strong></span> <span class='ocrx_word' id='word_1_483' title='bbox 791 3034 922 3103; x_wconf 89' lang='lat' dir='ltr'><strong>ipsis</strong></span> <span class='ocrx_word' id='word_1_484' title='bbox 948 3034 1062 3087; x_wconf 83' lang='lat' dir='ltr'><strong>ﬁat.</strong></span> 
     </span>
    </p>
   </div>
   <div class='ocr_carea' id='block_1_61' title="bbox 406 3125 1876 3201">
    <p class='ocr_par' dir='ltr' id='par_1_61' title="bbox 406 3125 1876 3199">
     <span class='ocr_line' id='line_1_61' title="bbox 406 3125 1876 3199; baseline 0.005 -21"><span class='ocrx_word' id='word_1_485' title='bbox 406 3126 433 3197; x_wconf 84' lang='lat'>§</span> <span class='ocrx_word' id='word_1_486' title='bbox 468 3125 531 3181; x_wconf 91' lang='lat' dir='ltr'><strong>ll.</strong></span> <span class='ocrx_word' id='word_1_487' title='bbox 575 3126 991 3182; x_wconf 81' lang='lat' dir='ltr'><strong>Manifestatorii</strong></span> <span class='ocrx_word' id='word_1_488' title='bbox 1016 3138 1196 3184; x_wconf 90' lang='lat' dir='ltr'><strong>autem</strong></span> <span class='ocrx_word' id='word_1_489' title='bbox 1222 3140 1348 3185; x_wconf 91' lang='lat' dir='ltr'><strong>sunt</strong></span> <span class='ocrx_word' id='word_1_490' title='bbox 1375 3147 1587 3194; x_wconf 90' lang='lat' dir='ltr'><strong>omnes.</strong></span> <span class='ocrx_word' id='word_1_491' title='bbox 1616 3132 1779 3186; x_wconf 88' lang='lat' dir='ltr'><strong>etiam</strong></span> <span class='ocrx_word' id='word_1_492' title='bbox 1805 3132 1876 3199; x_wconf 78' lang='lat' dir='ltr'><strong>ips</strong></span> 
     </span>
    </p>
   </div>
   <div class='ocr_carea' id='block_1_62' title="bbox 2134 3125 3604 3201">
    <p class='ocr_par' dir='ltr' id='par_1_62' title="bbox 2149 3127 3604 3201">
     <span class='ocr_line' id='line_1_62' title="bbox 2149 3127 3604 3201; baseline 0.003 -20"><span class='ocrx_word' id='word_1_493' title='bbox 2149 3127 2215 3183; x_wconf 87' lang='lat' dir='ltr'><strong>ll.</strong></span> <span class='ocrx_word' id='word_1_494' title='bbox 2269 3129 2682 3201; x_wconf 78' lang='grc' dir='ltr'>Ἐκφαντορικοὶ</span> <span class='ocrx_word' id='word_1_495' title='bbox 2725 3128 2783 3181; x_wconf 82' lang='grc' dir='ltr'>δὲ</span> <span class='ocrx_word' id='word_1_496' title='bbox 2830 3128 3029 3191; x_wconf 86' lang='grc' dir='ltr'>πάντες</span> <span class='ocrx_word' id='word_1_497' title='bbox 3074 3129 3182 3182; x_wconf 79' lang='grc' dir='ltr'>εἰσὶ</span> <span class='ocrx_word' id='word_1_498' title='bbox 3227 3130 3322 3183; x_wconf 87' lang='lat' dir='ltr'><strong>xui</strong></span> <span class='ocrx_word' id='word_1_499' title='bbox 3368 3131 3526 3185; x_wconf 77' lang='grc' dir='ltr'>αὐτοὶ</span> <span class='ocrx_word' id='word_1_500' title='bbox 3551 3133 3604 3186; x_wconf 81' lang='grc' dir='ltr'>οῑ</span> 
     </span>
    </p>
   </div>
   <div class='ocr_carea' id='block_1_63' title="bbox 334 3218 1906 3292">
    <p class='ocr_par' dir='ltr' id='par_1_63' title="bbox 334 3218 1906 3292">
     <span class='ocr_line' id='line_1_63' title="bbox 334 3218 1906 3292; baseline 0.006 -23"><span class='ocrx_word' id='word_1_501' title='bbox 334 3218 535 3287; x_wconf 80' lang='lat' dir='ltr'><strong>angeli,</strong></span> <span class='ocrx_word' id='word_1_502' title='bbox 563 3220 675 3273; x_wconf 72' lang='lat' dir='ltr'><strong>sive</strong></span> <span class='ocrx_word' id='word_1_503' title='bbox 706 3220 840 3272; x_wconf 89' lang='lat' dir='ltr'><strong>ordo</strong></span> <span class='ocrx_word' id='word_1_504' title='bbox 872 3231 1214 3289; x_wconf 89' lang='lat' dir='ltr'><strong>postremus;</strong></span> <span class='ocrx_word' id='word_1_505' title='bbox 1242 3224 1640 3292; x_wconf 76' lang='lat' dir='ltr'><strong>progrediendo</strong></span> <span class='ocrx_word' id='word_1_506' title='bbox 1666 3224 1809 3277; x_wconf 91' lang='lat' dir='ltr'><strong>enim</strong></span> <span class='ocrx_word' id='word_1_507' title='bbox 1839 3226 1906 3278; x_wconf 88' lang='lat' dir='ltr'><strong>de</strong></span> 
     </span>
    </p>
   </div>
   <div class='ocr_carea' id='block_1_64' title="bbox 337 3310 1906 3381">
    <p class='ocr_par' dir='ltr' id='par_1_64' title="bbox 337 3310 1906 3381">
     <span class='ocr_line' id='line_1_64' title="bbox 337 3310 1906 3381; baseline 0.006 -20"><span class='ocrx_word' id='word_1_508' title='bbox 337 3310 471 3378; x_wconf 91' lang='lat' dir='ltr'><strong>ipsis</strong></span> <span class='ocrx_word' id='word_1_509' title='bbox 503 3310 715 3381; x_wconf 80' lang='lat' dir='ltr'><strong>angelis</strong></span> <span class='ocrx_word' id='word_1_510' title='bbox 757 3312 888 3366; x_wconf 90' lang='lat' dir='ltr'><strong>solis</strong></span> <span class='ocrx_word' id='word_1_511' title='bbox 930 3313 1190 3381; x_wconf 90' lang='lat' dir='ltr'><strong>loquitur,</strong></span> <span class='ocrx_word' id='word_1_512' title='bbox 1239 3316 1398 3368; x_wconf 91' lang='lat' dir='ltr'><strong>modo</strong></span> <span class='ocrx_word' id='word_1_513' title='bbox 1437 3324 1616 3369; x_wconf 88' lang='lat' dir='ltr'><strong>autem</strong></span> <span class='ocrx_word' id='word_1_514' title='bbox 1645 3316 1810 3369; x_wconf 88' lang='lat' dir='ltr'><strong>etiam</strong></span> <span class='ocrx_word' id='word_1_515' title='bbox 1837 3315 1906 3371; x_wconf 89' lang='lat' dir='ltr'><strong>de</strong></span> 
     </span>
    </p>
   </div>
   <div class='ocr_carea' id='block_1_65' title="bbox 337 3403 1905 3477">
    <p class='ocr_par' dir='ltr' id='par_1_65' title="bbox 337 3403 1905 3477">
     <span class='ocr_line' id='line_1_65' title="bbox 337 3403 1905 3477; baseline 0.005 -22"><span class='ocrx_word' id='word_1_516' title='bbox 337 3403 511 3456; x_wconf 89' lang='lat' dir='ltr'><strong>tribus</strong></span> <span class='ocrx_word' id='word_1_517' title='bbox 541 3403 846 3458; x_wconf 88' lang='lat' dir='ltr'><strong>ordinibus.</strong></span> <span class='ocrx_word' id='word_1_518' title='bbox 874 3403 1202 3474; x_wconf 88' lang='lat' dir='ltr'><strong>lutcrpretcs</strong></span> <span class='ocrx_word' id='word_1_519' title='bbox 1234 3407 1417 3477; x_wconf 87' lang='lat' dir='ltr'><strong>itaque</strong></span> <span class='ocrx_word' id='word_1_520' title='bbox 1448 3416 1573 3460; x_wconf 89' lang='lat' dir='ltr'><strong>sunt</strong></span> <span class='ocrx_word' id='word_1_521' title='bbox 1599 3422 1786 3461; x_wconf 91' lang='lat' dir='ltr'><strong>eorum</strong></span> <span class='ocrx_word' id='word_1_522' title='bbox 1812 3410 1905 3477; x_wconf 91' lang='lat' dir='ltr'><strong>qui</strong></span> 
     </span>
    </p>
   </div>
   <div class='ocr_carea' id='block_1_66' title="bbox 335 3495 1905 3567">
    <p class='ocr_par' dir='ltr' id='par_1_66' title="bbox 335 3495 1905 3567">
     <span class='ocr_line' id='line_1_66' title="bbox 335 3495 1905 3567; baseline 0.004 -20"><span class='ocrx_word' id='word_1_523' title='bbox 335 3495 688 3560; x_wconf 74' lang='lat' dir='ltr'><strong>przecedunt;</strong></span> <span class='ocrx_word' id='word_1_524' title='bbox 723 3496 1078 3551; x_wconf 83' lang='lat' dir='ltr'><strong>manifestam</strong></span> <span class='ocrx_word' id='word_1_525' title='bbox 1109 3500 1249 3551; x_wconf 91' lang='lat' dir='ltr'><strong>enim</strong></span> <span class='ocrx_word' id='word_1_526' title='bbox 1276 3514 1371 3567; x_wconf 89' lang='lat' dir='ltr'><strong>per</strong></span> <span class='ocrx_word' id='word_1_527' title='bbox 1399 3498 1535 3552; x_wconf 88' lang='lat' dir='ltr'><strong>alios</strong></span> <span class='ocrx_word' id='word_1_528' title='bbox 1572 3498 1905 3554; x_wconf 82' lang='lat' dir='ltr'><strong>voluntatem</strong></span> 
     </span>
    </p>
   </div>
   <div class='ocr_carea' id='block_1_67' title="bbox 340 3587 1908 3658">
    <p class='ocr_par' dir='ltr' id='par_1_67' title="bbox 340 3587 1908 3658">
     <span class='ocr_line' id='line_1_67' title="bbox 340 3587 1908 3658; baseline 0.004 -20"><span class='ocrx_word' id='word_1_529' title='bbox 340 3587 454 3649; x_wconf 74' lang='lat' dir='ltr'><strong>llei,</strong></span> <span class='ocrx_word' id='word_1_530' title='bbox 491 3602 611 3655; x_wconf 71' lang='lat' dir='ltr'><strong>qurc</strong></span> <span class='ocrx_word' id='word_1_531' title='bbox 639 3588 769 3654; x_wconf 89' lang='lat' dir='ltr'><strong>ipsis</strong></span> <span class='ocrx_word' id='word_1_532' title='bbox 800 3603 829 3639; x_wconf 85' lang='lat' dir='ltr'><strong>a</strong></span> <span class='ocrx_word' id='word_1_533' title='bbox 856 3589 1128 3656; x_wconf 87' lang='lat' dir='ltr'><strong>prioribus</strong></span> <span class='ocrx_word' id='word_1_534' title='bbox 1160 3600 1278 3642; x_wconf 84' lang='lat' dir='ltr'><strong>crat</strong></span> <span class='ocrx_word' id='word_1_535' title='bbox 1308 3590 1679 3658; x_wconf 81' lang='lat' dir='ltr'><strong>manifestata,</strong></span> <span class='ocrx_word' id='word_1_536' title='bbox 1735 3601 1790 3645; x_wconf 91' lang='lat' dir='ltr'><strong>et</strong></span> <span class='ocrx_word' id='word_1_537' title='bbox 1823 3593 1908 3645; x_wconf 87' lang='lat' dir='ltr'><strong>bis</strong></span> 
     </span>
    </p>
   </div>
   <div class='ocr_carea' id='block_1_68' title="bbox 338 3680 1908 3750">
    <p class='ocr_par' dir='ltr' id='par_1_68' title="bbox 338 3680 1908 3750">
     <span class='ocr_line' id='line_1_68' title="bbox 338 3680 1908 3750; baseline 0.006 -21"><span class='ocrx_word' id='word_1_538' title='bbox 338 3680 532 3733; x_wconf 85' lang='lat' dir='ltr'><strong>iterum</strong></span> <span class='ocrx_word' id='word_1_539' title='bbox 558 3696 655 3747; x_wconf 91' lang='lat' dir='ltr'><strong>per</strong></span> <span class='ocrx_word' id='word_1_540' title='bbox 674 3680 830 3733; x_wconf 77' lang='lat' dir='ltr'><strong>alios.</strong></span> <span class='ocrx_word' id='word_1_541' title='bbox 861 3680 939 3734; x_wconf 86' lang='lat' dir='ltr'><strong>Ac</strong></span> <span class='ocrx_word' id='word_1_542' title='bbox 977 3681 1139 3750; x_wconf 90' lang='lat' dir='ltr'><strong>pritui</strong></span> <span class='ocrx_word' id='word_1_543' title='bbox 1180 3682 1394 3749; x_wconf 90' lang='lat' dir='ltr'><strong>quidem</strong></span> <span class='ocrx_word' id='word_1_544' title='bbox 1424 3683 1744 3737; x_wconf 90' lang='lat' dir='ltr'><strong>internuntii</strong></span> <span class='ocrx_word' id='word_1_545' title='bbox 1777 3694 1908 3739; x_wconf 85' lang='lat' dir='ltr'><strong>sunt</strong></span> 
     </span>
    </p>
   </div>
   <div class='ocr_carea' id='block_1_69' title="bbox 338 3769 1905 3841">
    <p class='ocr_par' dir='ltr' id='par_1_69' title="bbox 338 3769 1905 3841">
     <span class='ocr_line' id='line_1_69' title="bbox 338 3769 1905 3841; baseline 0.006 -22"><span class='ocrx_word' id='word_1_546' title='bbox 338 3769 567 3821; x_wconf 87' lang='lat' dir='ltr'><strong>tnotoris</strong></span> <span class='ocrx_word' id='word_1_547' title='bbox 592 3770 671 3821; x_wconf 90' lang='lat' dir='ltr'><strong>sui</strong></span> <span class='ocrx_word' id='word_1_548' title='bbox 711 3769 837 3832; x_wconf 89' lang='lat' dir='ltr'><strong>Dei;</strong></span> <span class='ocrx_word' id='word_1_549' title='bbox 880 3780 1169 3838; x_wconf 76' lang='lat' dir='ltr'><strong>sequentes</strong></span> <span class='ocrx_word' id='word_1_550' title='bbox 1202 3770 1313 3840; x_wconf 81' lang='lat'><strong>99</strong></span> <span class='ocrx_word' id='word_1_551' title='bbox 1358 3788 1485 3827; x_wconf 85' lang='lat' dir='ltr'><strong>vero</strong></span> <span class='ocrx_word' id='word_1_552' title='bbox 1538 3788 1673 3841; x_wconf 90' lang='lat' dir='ltr'><strong>quos</strong></span> <span class='ocrx_word' id='word_1_553' title='bbox 1700 3786 1753 3827; x_wconf 86' lang='lat' dir='ltr'><strong>et</strong></span> <span class='ocrx_word' id='word_1_554' title='bbox 1779 3776 1905 3829; x_wconf 84' lang='lat' dir='ltr'><strong>reli-</strong></span> 
     </span>
    </p>
   </div>
   <div class='ocr_carea' id='block_1_70' title="bbox 332 3863 1910 3935">
    <p class='ocr_par' dir='ltr' id='par_1_70' title="bbox 332 3863 1910 3935">
     <span class='ocr_line' id='line_1_70' title="bbox 332 3863 1910 3935; baseline 0.006 -22"><span class='ocrx_word' id='word_1_555' title='bbox 332 3875 469 3929; x_wconf 69' lang='lat' dir='ltr'><strong>qoos</strong></span> <span class='ocrx_word' id='word_1_556' title='bbox 498 3872 653 3915; x_wconf 82' lang='lat' dir='ltr'><strong>vocat</strong></span> <span class='ocrx_word' id='word_1_557' title='bbox 680 3863 916 3931; x_wconf 88' lang='lat' dir='ltr'><strong>(scilicet</strong></span> <span class='ocrx_word' id='word_1_558' title='bbox 943 3864 1075 3917; x_wconf 89' lang='lat' dir='ltr'><strong>ordo</strong></span> <span class='ocrx_word' id='word_1_559' title='bbox 1100 3866 1391 3933; x_wconf 87' lang='lat' dir='ltr'><strong>secundus)</strong></span> <span class='ocrx_word' id='word_1_560' title='bbox 1427 3867 1753 3935; x_wconf 84' lang='lat' dir='ltr'><strong>interpretes</strong></span> <span class='ocrx_word' id='word_1_561' title='bbox 1782 3878 1910 3923; x_wconf 90' lang='lat' dir='ltr'><strong>sunt</strong></span> 
     </span>
    </p>
   </div>
   <div class='ocr_carea' id='block_1_71' title="bbox 336 3955 1909 4029">
    <p class='ocr_par' dir='ltr' id='par_1_71' title="bbox 336 3955 1909 4029">
     <span class='ocr_line' id='line_1_71' title="bbox 336 3955 1909 4029; baseline 0.005 -23"><span class='ocrx_word' id='word_1_562' title='bbox 336 3970 524 4009; x_wconf 84' lang='lat' dir='ltr'><strong>eorum</strong></span> <span class='ocrx_word' id='word_1_563' title='bbox 560 3955 649 4024; x_wconf 89' lang='lat' dir='ltr'><strong>qui</strong></span> <span class='ocrx_word' id='word_1_564' title='bbox 676 3972 739 4008; x_wconf 83' lang='lat' dir='ltr'><strong>cx</strong></span> <span class='ocrx_word' id='word_1_565' title='bbox 773 3955 884 4009; x_wconf 85' lang='lat' dir='ltr'><strong>Deo</strong></span> <span class='ocrx_word' id='word_1_566' title='bbox 915 3958 1044 4009; x_wconf 91' lang='lat' dir='ltr'><strong>moti</strong></span> <span class='ocrx_word' id='word_1_567' title='bbox 1075 3969 1224 4011; x_wconf 85' lang='lat' dir='ltr'><strong>sunt.</strong></span> <span class='ocrx_word' id='word_1_568' title='bbox 1252 3958 1428 4013; x_wconf 85' lang='lat' dir='ltr'><strong>Habes</strong></span> <span class='ocrx_word' id='word_1_569' title='bbox 1463 3960 1650 4029; x_wconf 90' lang='lat' dir='ltr'><strong>itaque</strong></span> <span class='ocrx_word' id='word_1_570' title='bbox 1685 3970 1791 4015; x_wconf 92' lang='lat' dir='ltr'><strong>tres</strong></span> <span class='ocrx_word' id='word_1_571' title='bbox 1820 3977 1909 4014; x_wconf 90' lang='lat' dir='ltr'><strong>or-</strong></span> 
     </span>
    </p>
   </div>
   <div class='ocr_carea' id='block_1_72' title="bbox 333 4046 1909 4105">
    <p class='ocr_par' dir='ltr' id='par_1_72' title="bbox 333 4046 1909 4105">
     <span class='ocr_line' id='line_1_72' title="bbox 333 4046 1909 4105; baseline 0.004 -7"><span class='ocrx_word' id='word_1_572' title='bbox 333 4048 490 4099; x_wconf 88' lang='lat' dir='ltr'><strong>dines</strong></span> <span class='ocrx_word' id='word_1_573' title='bbox 516 4046 817 4100; x_wconf 74' lang='lat' dir='ltr'><strong>ctelestinm</strong></span> <span class='ocrx_word' id='word_1_574' title='bbox 860 4048 1143 4101; x_wconf 79' lang='lat' dir='ltr'><strong>virtutum.</strong></span> <span class='ocrx_word' id='word_1_575' title='bbox 1178 4047 1408 4103; x_wconf 84' lang='lat' dir='ltr'><strong>Tantum</strong></span> <span class='ocrx_word' id='word_1_576' title='bbox 1435 4061 1615 4105; x_wconf 88' lang='lat' dir='ltr'><strong>autem</strong></span> <span class='ocrx_word' id='word_1_577' title='bbox 1644 4066 1788 4105; x_wconf 72' lang='lat' dir='ltr'><strong>curae</strong></span> <span class='ocrx_word' id='word_1_578' title='bbox 1810 4053 1909 4105; x_wconf 78' lang='lat' dir='ltr'><strong>fuit</strong></span> 
     </span>
    </p>
   </div>
   <div class='ocr_carea' id='block_1_73' title="bbox 336 4141 1909 4210">
    <p class='ocr_par' dir='ltr' id='par_1_73' title="bbox 336 4141 1909 4210">
     <span class='ocr_line' id='line_1_73' title="bbox 336 4141 1909 4210; baseline 0.004 -20"><span class='ocrx_word' id='word_1_579' title='bbox 336 4144 476 4192; x_wconf 83' lang='lat' dir='ltr'><strong>bono</strong></span> <span class='ocrx_word' id='word_1_580' title='bbox 510 4142 641 4200; x_wconf 85' lang='lat' dir='ltr'><strong>Deo,</strong></span> <span class='ocrx_word' id='word_1_581' title='bbox 674 4142 1136 4210; x_wconf 87' lang='lat' dir='ltr'><strong>superessentiali,</strong></span> <span class='ocrx_word' id='word_1_582' title='bbox 1180 4141 1424 4210; x_wconf 84' lang='lat' dir='ltr'><strong>inquam,</strong></span> <span class='ocrx_word' id='word_1_583' title='bbox 1455 4144 1809 4197; x_wconf 86' lang='lat' dir='ltr'><strong>concinnitati</strong></span> <span class='ocrx_word' id='word_1_584' title='bbox 1855 4153 1909 4197; x_wconf 85' lang='lat' dir='ltr'><strong>et</strong></span> 
     </span>
    </p>
   </div>
   <div class='ocr_carea' id='block_1_74' title="bbox 332 4230 1911 4301">
    <p class='ocr_par' dir='ltr' id='par_1_74' title="bbox 332 4230 1911 4301">
     <span class='ocr_line' id='line_1_74' title="bbox 332 4230 1911 4301; baseline 0.004 -20"><span class='ocrx_word' id='word_1_585' title='bbox 332 4230 511 4283; x_wconf 88' lang='lat' dir='ltr'><strong>ordini</strong></span> <span class='ocrx_word' id='word_1_586' title='bbox 545 4231 842 4301; x_wconf 73' lang='lat' dir='ltr'><strong>{principes</strong></span> <span class='ocrx_word' id='word_1_587' title='bbox 872 4233 1015 4285; x_wconf 90' lang='lat' dir='ltr'><strong>enim</strong></span> <span class='ocrx_word' id='word_1_588' title='bbox 1038 4247 1168 4285; x_wconf 89' lang='lat' dir='ltr'><strong>suos</strong></span> <span class='ocrx_word' id='word_1_589' title='bbox 1194 4231 1585 4288; x_wconf 68' lang='lat' dir='ltr'><strong>Lacedaztnonii</strong></span> <span class='ocrx_word' id='word_1_590' title='bbox 1616 4237 1911 4289; x_wconf 88' lang='lat' dir='ltr'><strong>concinna-</strong></span> 
     </span>
    </p>
   </div>
   <div class='ocr_carea' id='block_1_75' title="bbox 335 4320 1909 4388">
    <p class='ocr_par' dir='ltr' id='par_1_75' title="bbox 335 4320 1909 4388">
     <span class='ocr_line' id='line_1_75' title="bbox 335 4320 1909 4388; baseline 0.002 -17"><span class='ocrx_word' id='word_1_591' title='bbox 335 4331 481 4373; x_wconf 86' lang='lat' dir='ltr'><strong>tores</strong></span> <span class='ocrx_word' id='word_1_592' title='bbox 511 4320 873 4388; x_wconf 86' lang='lat' dir='ltr'><strong>appellabant,</strong></span> <span class='ocrx_word' id='word_1_593' title='bbox 909 4329 1165 4387; x_wconf 85' lang='lat' dir='ltr'><strong>tanquam</strong></span> <span class='ocrx_word' id='word_1_594' title='bbox 1216 4320 1483 4388; x_wconf 88' lang='lat' dir='ltr'><strong>quidlibet</strong></span> <span class='ocrx_word' id='word_1_595' title='bbox 1518 4321 1909 4374; x_wconf 86' lang='lat' dir='ltr'><strong>concinnantes</strong></span> 
     </span>
    </p>
   </div>
   <div class='ocr_carea' id='block_1_76' title="bbox 334 4412 1906 4482">
    <p class='ocr_par' dir='ltr' id='par_1_76' title="bbox 334 4412 1906 4482">
     <span class='ocr_line' id='line_1_76' title="bbox 334 4412 1906 4482; baseline 0.002 -19"><span class='ocrx_word' id='word_1_596' title='bbox 334 4428 398 4467; x_wconf 85' lang='lat' dir='ltr'><strong>ac</strong></span> <span class='ocrx_word' id='word_1_597' title='bbox 445 4413 787 4482; x_wconf 88' lang='lat' dir='ltr'><strong>ordinantes)</strong></span> <span class='ocrx_word' id='word_1_598' title='bbox 842 4413 1217 4465; x_wconf 85' lang='lat' dir='ltr'><strong>universorum</strong></span> <span class='ocrx_word' id='word_1_599' title='bbox 1265 4412 1448 4480; x_wconf 84' lang='lat' dir='ltr'><strong>itaque</strong></span> <span class='ocrx_word' id='word_1_600' title='bbox 1491 4413 1623 4479; x_wconf 90' lang='lat' dir='ltr'><strong>Deo,</strong></span> <span class='ocrx_word' id='word_1_601' title='bbox 1648 4414 1763 4481; x_wconf 89' lang='lat' dir='ltr'><strong>(qui</strong></span> <span class='ocrx_word' id='word_1_602' title='bbox 1798 4428 1906 4466; x_wconf 91' lang='lat' dir='ltr'><strong>non</strong></span> 
     </span>
    </p>
   </div>
   <div class='ocr_carea' id='block_1_77' title="bbox 2006 3227 3606 3301">
    <p class='ocr_par' dir='ltr' id='par_1_77' title="bbox 2006 3227 3606 3301">
     <span class='ocr_line' id='line_1_77' title="bbox 2006 3227 3606 3301; baseline 0.001 -18"><span class='ocrx_word' id='word_1_603' title='bbox 2006 3229 2245 3299; x_wconf 81' lang='grc' dir='ltr'>ἄγγελοι,</span> <span class='ocrx_word' id='word_1_604' title='bbox 2272 3232 2437 3301; x_wconf 80' lang='grc' dir='ltr'>ἥγουν</span> <span class='ocrx_word' id='word_1_605' title='bbox 2462 3231 2494 3300; x_wconf 79' lang='grc' dir='ltr'><strong>η</strong></span> <span class='ocrx_word' id='word_1_606' title='bbox 2519 3229 2723 3299; x_wconf 75' lang='grc' dir='ltr'>ἐσχάτη</span> <span class='ocrx_word' id='word_1_607' title='bbox 2743 3228 2914 3293; x_wconf 82' lang='grc' dir='ltr'>τάξις·</span> <span class='ocrx_word' id='word_1_608' title='bbox 2942 3227 3293 3299; x_wconf 86' lang='grc' dir='ltr'>παρακατιὼν</span> <span class='ocrx_word' id='word_1_609' title='bbox 3315 3229 3424 3301; x_wconf 84' lang='grc' dir='ltr'>γὰρ</span> <span class='ocrx_word' id='word_1_610' title='bbox 3450 3230 3606 3299; x_wconf 81' lang='grc' dir='ltr'>λέγει</span> 
     </span>
    </p>
   </div>
   <div class='ocr_carea' id='block_1_78' title="bbox 2006 3318 3606 3392">
    <p class='ocr_par' dir='ltr' id='par_1_78' title="bbox 2006 3318 3606 3392">
     <span class='ocr_line' id='line_1_78' title="bbox 2006 3318 3606 3392; baseline 0.001 -19"><span class='ocrx_word' id='word_1_611' title='bbox 2006 3321 2133 3392; x_wconf 62' lang='grc' dir='ltr'><strong>ἰτερλ⁸</strong></span> <span class='ocrx_word' id='word_1_612' title='bbox 2164 3321 2345 3375; x_wconf 73' lang='grc' dir='ltr'>αὐτῶν</span> <span class='ocrx_word' id='word_1_613' title='bbox 2383 3321 2557 3391; x_wconf 85' lang='grc' dir='ltr'>μόνων</span> <span class='ocrx_word' id='word_1_614' title='bbox 2590 3319 2699 3373; x_wconf 81' lang='grc' dir='ltr'>τῶν</span> <span class='ocrx_word' id='word_1_615' title='bbox 2744 3318 3011 3388; x_wconf 87' lang='grc' dir='ltr'>ἀγγέλων,</span> <span class='ocrx_word' id='word_1_616' title='bbox 3062 3318 3157 3372; x_wconf 91' lang='grc' dir='ltr'><strong>νῦν</strong></span> <span class='ocrx_word' id='word_1_617' title='bbox 3204 3318 3261 3371; x_wconf 85' lang='grc' dir='ltr'><strong>δὲ</strong></span> <span class='ocrx_word' id='word_1_618' title='bbox 3315 3321 3448 3392; x_wconf 77' lang='grc' dir='ltr'>περὶ</span> <span class='ocrx_word' id='word_1_619' title='bbox 3485 3322 3606 3375; x_wconf 83' lang='grc' dir='ltr'>τῶν</span> 
     </span>
    </p>
   </div>
   <div class='ocr_carea' id='block_1_79' title="bbox 2007 3409 3609 3482">
    <p class='ocr_par' dir='ltr' id='par_1_79' title="bbox 2007 3409 3609 3482">
     <span class='ocr_line' id='line_1_79' title="bbox 2007 3409 3609 3482; baseline 0 -17"><span class='ocrx_word' id='word_1_620' title='bbox 2007 3412 2179 3482; x_wconf 81' lang='grc' dir='ltr'>τριῶν</span> <span class='ocrx_word' id='word_1_621' title='bbox 2214 3428 2346 3481; x_wconf 83' lang='grc' dir='ltr'>φησι</span> <span class='ocrx_word' id='word_1_622' title='bbox 2379 3411 2605 3476; x_wconf 86' lang='grc' dir='ltr'>τάξεων.</span> <span class='ocrx_word' id='word_1_623' title='bbox 2647 3410 3207 3481; x_wconf 53' lang='grc' dir='ltr'>Ἐκφαντορικοὶηγοῦν</span> <span class='ocrx_word' id='word_1_624' title='bbox 3232 3409 3340 3463; x_wconf 84' lang='grc' dir='ltr'>τῶν</span> <span class='ocrx_word' id='word_1_625' title='bbox 3372 3412 3481 3482; x_wconf 87' lang='grc' dir='ltr'><strong>πρὸ</strong></span> <span class='ocrx_word' id='word_1_626' title='bbox 3505 3416 3609 3465; x_wconf 82' lang='grc' dir='ltr'>αὑ-</span> 
     </span>
    </p>
   </div>
   <div class='ocr_carea' id='block_1_80' title="bbox 2005 3501 3603 3574">
    <p class='ocr_par' dir='ltr' id='par_1_80' title="bbox 2005 3501 3603 3574">
     <span class='ocr_line' id='line_1_80' title="bbox 2005 3501 3603 3574; baseline 0.002 -19"><span class='ocrx_word' id='word_1_627' title='bbox 2005 3503 2113 3555; x_wconf 83' lang='grc' dir='ltr'><strong>τῶν</strong></span> <span class='ocrx_word' id='word_1_628' title='bbox 2132 3521 2144 3531; x_wconf 94' lang='grc'><strong>·</strong></span> <span class='ocrx_word' id='word_1_629' title='bbox 2182 3503 2495 3571; x_wconf 72' lang='grc' dir='ltr'>ἐκφαίνουσι</span> <span class='ocrx_word' id='word_1_630' title='bbox 2520 3503 2630 3574; x_wconf 91' lang='grc' dir='ltr'><strong>γάρ</strong></span> <span class='ocrx_word' id='word_1_631' title='bbox 2652 3504 2713 3555; x_wconf 85' lang='grc' dir='ltr'><strong>τὸ</strong></span> <span class='ocrx_word' id='word_1_632' title='bbox 2744 3502 2833 3555; x_wconf 85' lang='grc' dir='ltr'>διὰ</span> <span class='ocrx_word' id='word_1_633' title='bbox 2862 3501 2971 3555; x_wconf 82' lang='grc' dir='ltr'>τῶν</span> <span class='ocrx_word' id='word_1_634' title='bbox 2995 3502 3100 3573; x_wconf 79' lang='grc' dir='ltr'><strong>πρὸ</strong></span> <span class='ocrx_word' id='word_1_635' title='bbox 3130 3501 3333 3555; x_wconf 87' lang='grc' dir='ltr'>τούτων</span> <span class='ocrx_word' id='word_1_636' title='bbox 3357 3504 3603 3573; x_wconf 81' lang='grc' dir='ltr'>ὲκφανὲν</span> 
     </span>
    </p>
   </div>
   <div class='ocr_carea' id='block_1_81' title="bbox 2008 3593 3607 3665">
    <p class='ocr_par' dir='ltr' id='par_1_81' title="bbox 2008 3593 3607 3665">
     <span class='ocr_line' id='line_1_81' title="bbox 2008 3593 3607 3665; baseline 0 -17"><span class='ocrx_word' id='word_1_637' title='bbox 2008 3595 2173 3649; x_wconf 88' lang='grc' dir='ltr'>πάλιν</span> <span class='ocrx_word' id='word_1_638' title='bbox 2205 3596 2435 3658; x_wconf 77' lang='grc' dir='ltr'>ἐκείνοις</span> <span class='ocrx_word' id='word_1_639' title='bbox 2466 3595 2531 3648; x_wconf 85' lang='grc' dir='ltr'>δι’</span> <span class='ocrx_word' id='word_1_640' title='bbox 2559 3597 2754 3660; x_wconf 78' lang='grc' dir='ltr'>ἄλλων,</span> <span class='ocrx_word' id='word_1_641' title='bbox 2790 3598 2883 3649; x_wconf 88' lang='lat' dir='ltr'><strong>xui</strong></span> <span class='ocrx_word' id='word_1_642' title='bbox 2905 3595 3115 3657; x_wconf 84' lang='grc' dir='ltr'>τούτοις</span> <span class='ocrx_word' id='word_1_643' title='bbox 3140 3594 3206 3646; x_wconf 86' lang='grc' dir='ltr'>δι’</span> <span class='ocrx_word' id='word_1_644' title='bbox 3238 3593 3439 3658; x_wconf 77' lang='grc' dir='ltr'>ἄλλων,</span> <span class='ocrx_word' id='word_1_645' title='bbox 3472 3595 3607 3665; x_wconf 86' lang='grc' dir='ltr'>βού-</span> 
     </span>
    </p>
   </div>
   <div class='ocr_carea' id='block_1_82' title="bbox 2008 3685 3608 3757">
    <p class='ocr_par' dir='ltr' id='par_1_82' title="bbox 2008 3685 3608 3757">
     <span class='ocr_line' id='line_1_82' title="bbox 2008 3685 3608 3757; baseline 0.001 -20"><span class='ocrx_word' id='word_1_646' title='bbox 2008 3685 2156 3757; x_wconf 81' lang='grc' dir='ltr'>λημα</span> <span class='ocrx_word' id='word_1_647' title='bbox 2182 3686 2276 3738; x_wconf 88' lang='grc' dir='ltr'><strong>τοῦ</strong></span> <span class='ocrx_word' id='word_1_648' title='bbox 2311 3686 2466 3740; x_wconf 89' lang='grc' dir='ltr'>Θεοῦ.</span> <span class='ocrx_word' id='word_1_649' title='bbox 2500 3688 2610 3740; x_wconf 80' lang='grc' dir='ltr'><strong>Καὶ</strong></span> <span class='ocrx_word' id='word_1_650' title='bbox 2643 3689 2690 3740; x_wconf 80' lang='lat' dir='ltr'><strong>oi</strong></span> <span class='ocrx_word' id='word_1_651' title='bbox 2727 3688 2825 3756; x_wconf 80' lang='grc' dir='ltr'><strong>μὲν</strong></span> <span class='ocrx_word' id='word_1_652' title='bbox 2850 3686 3057 3757; x_wconf 82' lang='grc' dir='ltr'>πρῶτοι</span> <span class='ocrx_word' id='word_1_653' title='bbox 3089 3688 3154 3755; x_wconf 82' lang='grc' dir='ltr'>τῇ</span> <span class='ocrx_word' id='word_1_654' title='bbox 3188 3685 3359 3749; x_wconf 80' lang='grc' dir='ltr'>τάξει,</span> <span class='ocrx_word' id='word_1_655' title='bbox 3396 3687 3608 3756; x_wconf 79' lang='grc' dir='ltr'>ἐκφαν-</span> 
     </span>
    </p>
   </div>
   <div class='ocr_carea' id='block_1_83' title="bbox 2007 3776 3606 3849">
    <p class='ocr_par' dir='ltr' id='par_1_83' title="bbox 2007 3776 3606 3849">
     <span class='ocr_line' id='line_1_83' title="bbox 2007 3776 3606 3849; baseline 0 -18"><span class='ocrx_word' id='word_1_656' title='bbox 2007 3780 2216 3849; x_wconf 72' lang='grc' dir='ltr'>τορικοὶ</span> <span class='ocrx_word' id='word_1_657' title='bbox 2253 3778 2347 3831; x_wconf 91' lang='grc' dir='ltr'><strong>τοῦ</strong></span> <span class='ocrx_word' id='word_1_658' title='bbox 2400 3778 2675 3841; x_wconf 85' lang='grc' dir='ltr'>κινοῦντος</span> <span class='ocrx_word' id='word_1_659' title='bbox 2707 3779 2935 3841; x_wconf 84' lang='grc' dir='ltr'>τούτους</span> <span class='ocrx_word' id='word_1_660' title='bbox 2965 3776 3130 3829; x_wconf 86' lang='grc' dir='ltr'>Θεοῦ·</span> <span class='ocrx_word' id='word_1_661' title='bbox 3166 3778 3214 3829; x_wconf 91' lang='grc' dir='ltr'>οἱ</span> <span class='ocrx_word' id='word_1_662' title='bbox 3245 3777 3302 3829; x_wconf 84' lang='grc' dir='ltr'>δὲ</span> <span class='ocrx_word' id='word_1_663' title='bbox 3344 3778 3461 3847; x_wconf 78' lang='grc' dir='ltr'>μετ’</span> <span class='ocrx_word' id='word_1_664' title='bbox 3497 3779 3606 3831; x_wconf 80' lang='grc' dir='ltr'>αὑ-</span> 
     </span>
    </p>
   </div>
   <div class='ocr_carea' id='block_1_84' title="bbox 2008 3867 3605 3939">
    <p class='ocr_par' dir='ltr' id='par_1_84' title="bbox 2008 3867 3605 3939">
     <span class='ocr_line' id='line_1_84' title="bbox 2008 3867 3605 3939; baseline 0.002 -20"><span class='ocrx_word' id='word_1_665' title='bbox 2008 3868 2153 3931; x_wconf 79' lang='grc' dir='ltr'>τοὺς,</span> <span class='ocrx_word' id='word_1_666' title='bbox 2184 3868 2275 3931; x_wconf 78' lang='grc' dir='ltr'><strong>οῦς</strong></span> <span class='ocrx_word' id='word_1_667' title='bbox 2299 3867 2446 3935; x_wconf 82' lang='grc' dir='ltr'>λέγει</span> <span class='ocrx_word' id='word_1_668' title='bbox 2484 3870 2577 3922; x_wconf 83' lang='grc' dir='ltr'>καὶ</span> <span class='ocrx_word' id='word_1_669' title='bbox 2615 3869 2837 3931; x_wconf 82' lang='grc' dir='ltr'>λοιποὺς</span> <span class='ocrx_word' id='word_1_670' title='bbox 2874 3868 3073 3939; x_wconf 75' lang='grc' dir='ltr'>(ἧγουν</span> <span class='ocrx_word' id='word_1_671' title='bbox 3094 3870 3127 3938; x_wconf 84' lang='grc' dir='ltr'>ἠ</span> <span class='ocrx_word' id='word_1_672' title='bbox 3150 3867 3381 3938; x_wconf 79' lang='grc' dir='ltr'>δευτέρα</span> <span class='ocrx_word' id='word_1_673' title='bbox 3411 3868 3605 3939; x_wconf 87' lang='grc' dir='ltr'>τάξις)</span> 
     </span>
    </p>
   </div>
   <div class='ocr_carea' id='block_1_85' title="bbox 2007 3959 3603 4032">
    <p class='ocr_par' dir='ltr' id='par_1_85' title="bbox 2007 3959 3603 4032">
     <span class='ocr_line' id='line_1_85' title="bbox 2007 3959 3603 4032; baseline 0.001 -19"><span class='ocrx_word' id='word_1_674' title='bbox 2007 3961 2210 4013; x_wconf 88' lang='grc' dir='ltr'>τούτων</span> <span class='ocrx_word' id='word_1_675' title='bbox 2254 3961 2318 4032; x_wconf 88' lang='grc' dir='ltr'>δὴ</span> <span class='ocrx_word' id='word_1_676' title='bbox 2363 3960 2470 4013; x_wconf 83' lang='grc' dir='ltr'><strong>τῶν</strong></span> <span class='ocrx_word' id='word_1_677' title='bbox 2504 3961 2569 4011; x_wconf 86' lang='grc' dir='ltr'><strong>ὲκ</strong></span> <span class='ocrx_word' id='word_1_678' title='bbox 2602 3959 2737 4012; x_wconf 84' lang='grc' dir='ltr'>Θεοῦ</span> <span class='ocrx_word' id='word_1_679' title='bbox 2776 3960 3146 4030; x_wconf 84' lang='grc' dir='ltr'>κεκινημένων</span> <span class='ocrx_word' id='word_1_680' title='bbox 3192 3960 3603 4030; x_wconf 77' lang='grc' dir='ltr'>ὲκφαντορικοί.</span> 
     </span>
    </p>
   </div>
   <div class='ocr_carea' id='block_1_86' title="bbox 2013 4048 3604 4123">
    <p class='ocr_par' dir='ltr' id='par_1_86' title="bbox 2013 4048 3604 4123">
     <span class='ocr_line' id='line_1_86' title="bbox 2013 4048 3604 4123; baseline 0.001 -19"><span class='ocrx_word' id='word_1_681' title='bbox 2013 4054 2197 4122; x_wconf 88' lang='grc' dir='ltr'>Ἔχεις</span> <span class='ocrx_word' id='word_1_682' title='bbox 2228 4050 2514 4123; x_wconf 88' lang='grc' dir='ltr'>τοιγαροῦν</span> <span class='ocrx_word' id='word_1_683' title='bbox 2552 4050 2651 4113; x_wconf 79' lang='grc' dir='ltr'>τὰς</span> <span class='ocrx_word' id='word_1_684' title='bbox 2686 4053 2832 4120; x_wconf 85' lang='grc' dir='ltr'>τρεῖς</span> <span class='ocrx_word' id='word_1_685' title='bbox 2855 4048 3035 4112; x_wconf 85' lang='grc' dir='ltr'>τάξεις</span> <span class='ocrx_word' id='word_1_686' title='bbox 3067 4049 3174 4103; x_wconf 87' lang='grc' dir='ltr'><strong>τῶν</strong></span> <span class='ocrx_word' id='word_1_687' title='bbox 3200 4051 3468 4122; x_wconf 77' lang='grc' dir='ltr'>οὐρανίων</span> <span class='ocrx_word' id='word_1_688' title='bbox 3506 4052 3604 4105; x_wconf 82' lang='grc' dir='ltr'>δυ-</span> 
     </span>
    </p>
   </div>
   <div class='ocr_carea' id='block_1_87' title="bbox 2010 4137 3605 4214">
    <p class='ocr_par' dir='ltr' id='par_1_87' title="bbox 2010 4137 3605 4214">
     <span class='ocr_line' id='line_1_87' title="bbox 2010 4137 3605 4214; baseline 0 -18"><span class='ocrx_word' id='word_1_689' title='bbox 2010 4145 2245 4214; x_wconf 88' lang='grc' dir='ltr'>νάμεων.</span> <span class='ocrx_word' id='word_1_690' title='bbox 2281 4141 2546 4196; x_wconf 88' lang='grc' dir='ltr'>Τοσοῦτον</span> <span class='ocrx_word' id='word_1_691' title='bbox 2592 4139 2649 4193; x_wconf 85' lang='grc' dir='ltr'>δὲ</span> <span class='ocrx_word' id='word_1_692' title='bbox 2697 4139 2932 4209; x_wconf 77' lang='grc' dir='ltr'>ἐμέλησε</span> <span class='ocrx_word' id='word_1_693' title='bbox 2978 4137 3057 4209; x_wconf 81' lang='grc' dir='ltr'><strong>τῷ</strong></span> <span class='ocrx_word' id='word_1_694' title='bbox 3104 4138 3293 4209; x_wconf 87' lang='grc' dir='ltr'>ἀγαθῴ</span> <span class='ocrx_word' id='word_1_695' title='bbox 3336 4138 3480 4209; x_wconf 84' lang='grc' dir='ltr'>Θεῷ,</span> <span class='ocrx_word' id='word_1_696' title='bbox 3535 4144 3605 4212; x_wconf 77' lang='grc' dir='ltr'>τῇ</span> 
     </span>
    </p>
   </div>
   <div class='ocr_carea' id='block_1_88' title="bbox 2011 4230 3600 4304">
    <p class='ocr_par' dir='ltr' id='par_1_88' title="bbox 2011 4230 3600 4304">
     <span class='ocr_line' id='line_1_88' title="bbox 2011 4230 3600 4304; baseline -0.002 -18"><span class='ocrx_word' id='word_1_697' title='bbox 2011 4234 2319 4304; x_wconf 84' lang='grc' dir='ltr'>ύπερουσίῳ</span> <span class='ocrx_word' id='word_1_698' title='bbox 2350 4233 2493 4301; x_wconf 85' lang='grc' dir='ltr'>λέγω</span> <span class='ocrx_word' id='word_1_699' title='bbox 2523 4231 2757 4302; x_wconf 75' lang='grc' dir='ltr'>ἁρμονία</span> <span class='ocrx_word' id='word_1_700' title='bbox 2788 4232 2881 4283; x_wconf 88' lang='lat' dir='ltr'><strong>xui</strong></span> <span class='ocrx_word' id='word_1_701' title='bbox 2912 4230 3061 4297; x_wconf 81' lang='grc' dir='ltr'>τάξει</span> <span class='ocrx_word' id='word_1_702' title='bbox 3096 4230 3409 4301; x_wconf 77' lang='grc' dir='ltr'>(ἁρμοστὰς</span> <span class='ocrx_word' id='word_1_703' title='bbox 3448 4231 3562 4304; x_wconf 84' lang='grc' dir='ltr'><strong>γὰρ</strong></span> <span class='ocrx_word' id='word_1_704' title='bbox 3584 4271 3600 4295; x_wconf 95' lang='grc'><strong>,</strong></span> 
     </span>
    </p>
   </div>
   <div class='ocr_carea' id='block_1_89' title="bbox 2009 4318 3607 4391">
    <p class='ocr_par' dir='ltr' id='par_1_89' title="bbox 2009 4318 3607 4391">
     <span class='ocr_line' id='line_1_89' title="bbox 2009 4318 3607 4391; baseline 0.001 -19"><span class='ocrx_word' id='word_1_705' title='bbox 2009 4321 2135 4383; x_wconf 77' lang='grc' dir='ltr'>τοὺς</span> <span class='ocrx_word' id='word_1_706' title='bbox 2168 4320 2432 4389; x_wconf 87' lang='grc' dir='ltr'>ἄρχοντας</span> <span class='ocrx_word' id='word_1_707' title='bbox 2463 4321 2512 4371; x_wconf 81' lang='grc' dir='ltr'>οἱ</span> <span class='ocrx_word' id='word_1_708' title='bbox 2541 4319 2951 4389; x_wconf 85' lang='grc' dir='ltr'>Λακεδαιμόνιοι</span> <span class='ocrx_word' id='word_1_709' title='bbox 2985 4318 3186 4386; x_wconf 75' lang='grc' dir='ltr'>ἔλεγον,</span> <span class='ocrx_word' id='word_1_710' title='bbox 3220 4318 3295 4382; x_wconf 88' lang='grc' dir='ltr'>ὼς</span> <span class='ocrx_word' id='word_1_711' title='bbox 3328 4319 3607 4391; x_wconf 75' lang='grc' dir='ltr'>ἁρμόζον-</span> 
     </span>
    </p>
   </div>
   <div class='ocr_carea' id='block_1_90' title="bbox 2010 4408 3606 4479">
    <p class='ocr_par' dir='ltr' id='par_1_90' title="bbox 2010 4408 3606 4479">
     <span class='ocr_line' id='line_1_90' title="bbox 2010 4408 3606 4479; baseline 0.002 -17"><span class='ocrx_word' id='word_1_712' title='bbox 2010 4428 2109 4473; x_wconf 90' lang='grc' dir='ltr'><strong>τας</strong></span> <span class='ocrx_word' id='word_1_713' title='bbox 2159 4413 2252 4463; x_wconf 88' lang='lat' dir='ltr'><strong>xui</strong></span> <span class='ocrx_word' id='word_1_714' title='bbox 2296 4412 2587 4471; x_wconf 89' lang='grc' dir='ltr'>τάττοντας</span> <span class='ocrx_word' id='word_1_715' title='bbox 2633 4409 2902 4479; x_wconf 76' lang='grc' dir='ltr'>ἕκαστον)·</span> <span class='ocrx_word' id='word_1_716' title='bbox 2957 4408 3035 4479; x_wconf 84' lang='grc' dir='ltr'>τῷ</span> <span class='ocrx_word' id='word_1_717' title='bbox 3080 4408 3211 4477; x_wconf 86' lang='grc' dir='ltr'>γοῦν</span> <span class='ocrx_word' id='word_1_718' title='bbox 3249 4410 3345 4461; x_wconf 76' lang='grc' dir='ltr'><strong>ἐπὶ</strong></span> <span class='ocrx_word' id='word_1_719' title='bbox 3383 4410 3606 4465; x_wconf 83' lang='grc' dir='ltr'>πάντων</span> 
     </span>
    </p>
   </div>
   <div class='ocr_carea' id='block_1_91' title="bbox 335 4488 1805 4573">
    <p class='ocr_par' dir='ltr' id='par_1_91' title="bbox 335 4504 1805 4572">
     <span class='ocr_line' id='line_1_91' title="bbox 335 4504 1805 4572; baseline 0.001 -16"><span class='ocrx_word' id='word_1_720' title='bbox 335 4505 559 4571; x_wconf 75' lang='lat' dir='ltr'><strong>simplex</strong></span> <span class='ocrx_word' id='word_1_721' title='bbox 592 4505 948 4558; x_wconf 88' lang='lat' dir='ltr'><strong>concinnator</strong></span> <span class='ocrx_word' id='word_1_722' title='bbox 977 4514 1083 4566; x_wconf 89' lang='lat' dir='ltr'><strong>est,</strong></span> <span class='ocrx_word' id='word_1_723' title='bbox 1139 4504 1233 4557; x_wconf 89' lang='lat' dir='ltr'><strong>sed</strong></span> <span class='ocrx_word' id='word_1_724' title='bbox 1284 4505 1515 4572; x_wconf 80' lang='lat' dir='ltr'><strong>ipsumet</strong></span> <span class='ocrx_word' id='word_1_725' title='bbox 1561 4506 1805 4558; x_wconf 73' lang='lat' dir='ltr'><strong>00ncinni</strong></span> 
     </span>
    </p>
   </div>
   <div class='ocr_carea' id='block_1_92' title="bbox 2137 4488 3607 4573">
    <p class='ocr_par' dir='ltr' id='par_1_92' title="bbox 2137 4499 3607 4573">
     <span class='ocr_line' id='line_1_92' title="bbox 2137 4499 3607 4573; baseline 0 -19"><span class='ocrx_word' id='word_1_726' title='bbox 2137 4542 2149 4565; x_wconf 92' lang='lat'><strong>,</strong></span> <span class='ocrx_word' id='word_1_727' title='bbox 2202 4500 2303 4572; x_wconf 81' lang='grc' dir='ltr'><strong>(τῷ</strong></span> <span class='ocrx_word' id='word_1_728' title='bbox 2352 4500 2425 4572; x_wconf 80' lang='grc' dir='ltr'>μὴ</span> <span class='ocrx_word' id='word_1_729' title='bbox 2471 4499 2658 4562; x_wconf 81' lang='grc' dir='ltr'>ἁπλῶς</span> <span class='ocrx_word' id='word_1_730' title='bbox 2701 4502 2968 4572; x_wconf 81' lang='grc' dir='ltr'>ἁρμοστῇ,</span> <span class='ocrx_word' id='word_1_731' title='bbox 3014 4500 3148 4553; x_wconf 84' lang='grc' dir='ltr'>ἀλλὰ</span> <span class='ocrx_word' id='word_1_732' title='bbox 3190 4504 3255 4571; x_wconf 79' lang='grc' dir='ltr'>τῇ</span> <span class='ocrx_word' id='word_1_733' title='bbox 3292 4502 3607 4573; x_wconf 84' lang='grc' dir='ltr'>ὑπερουσίῳ</span> 
     </span>
    </p>
   </div>
   <div class='ocr_carea' id='block_1_93' title="bbox 333 4595 1904 4665">
    <p class='ocr_par' dir='ltr' id='par_1_93' title="bbox 333 4595 1904 4665">
     <span class='ocr_line' id='line_1_93' title="bbox 333 4595 1904 4665; baseline 0.001 -17"><span class='ocrx_word' id='word_1_734' title='bbox 333 4598 831 4665; x_wconf 71' lang='lat' dir='ltr'><strong>superessenlialis)</strong></span> <span class='ocrx_word' id='word_1_735' title='bbox 890 4608 1036 4651; x_wconf 89' lang='lat' dir='ltr'><strong>tanta</strong></span> <span class='ocrx_word' id='word_1_736' title='bbox 1094 4612 1225 4650; x_wconf 90' lang='lat' dir='ltr'><strong>cura</strong></span> <span class='ocrx_word' id='word_1_737' title='bbox 1270 4596 1371 4648; x_wconf 84' lang='lat' dir='ltr'><strong>fuit</strong></span> <span class='ocrx_word' id='word_1_738' title='bbox 1404 4595 1691 4665; x_wconf 79' lang='lat' dir='ltr'><strong>cujuslibet</strong></span> <span class='ocrx_word' id='word_1_739' title='bbox 1732 4611 1904 4649; x_wconf 67' lang='lat' dir='ltr'><strong>sacrae</strong></span> 
     </span>
    </p>
   </div>
   <div class='ocr_carea' id='block_1_94' title="bbox 333 4685 1906 4753">
    <p class='ocr_par' dir='ltr' id='par_1_94' title="bbox 333 4685 1906 4753">
     <span class='ocr_line' id='line_1_94' title="bbox 333 4685 1906 4753; baseline -0.004 -8"><span class='ocrx_word' id='word_1_740' title='bbox 333 4693 637 4745; x_wconf 70' lang='lat' dir='ltr'><strong>cwlestium</strong></span> <span class='ocrx_word' id='word_1_741' title='bbox 669 4688 1049 4753; x_wconf 86' lang='lat' dir='ltr'><strong>ordinationis,</strong></span> <span class='ocrx_word' id='word_1_742' title='bbox 1099 4697 1156 4739; x_wconf 91' lang='lat' dir='ltr'><strong>ut</strong></span> <span class='ocrx_word' id='word_1_743' title='bbox 1212 4687 1533 4740; x_wconf 88' lang='lat' dir='ltr'><strong>etordincm</strong></span> <span class='ocrx_word' id='word_1_744' title='bbox 1570 4685 1805 4739; x_wconf 84' lang='lat' dir='ltr'><strong>habeant</strong></span> <span class='ocrx_word' id='word_1_745' title='bbox 1851 4697 1906 4739; x_wconf 89' lang='lat' dir='ltr'><strong>et</strong></span> 
     </span>
    </p>
   </div>
   <div class='ocr_carea' id='block_1_95' title="bbox 336 4777 1902 4849">
    <p class='ocr_par' dir='ltr' id='par_1_95' title="bbox 336 4777 1902 4849">
     <span class='ocr_line' id='line_1_95' title="bbox 336 4777 1902 4849; baseline -0.003 -15"><span class='ocrx_word' id='word_1_746' title='bbox 336 4784 736 4842; x_wconf 87' lang='lat' dir='ltr'><strong>adductionem,</strong></span> <span class='ocrx_word' id='word_1_747' title='bbox 765 4792 822 4833; x_wconf 87' lang='lat' dir='ltr'><strong>ttt</strong></span> <span class='ocrx_word' id='word_1_748' title='bbox 841 4796 935 4848; x_wconf 92' lang='lat' dir='ltr'><strong>per</strong></span> <span class='ocrx_word' id='word_1_749' title='bbox 965 4780 1175 4849; x_wconf 88' lang='lat' dir='ltr'><strong>priores</strong></span> <span class='ocrx_word' id='word_1_750' title='bbox 1200 4777 1527 4847; x_wconf 89' lang='lat' dir='ltr'><strong>posteriores</strong></span> <span class='ocrx_word' id='word_1_751' title='bbox 1546 4777 1902 4831; x_wconf 88' lang='lat' dir='ltr'><strong>adducantur:</strong></span> 
     </span>
    </p>
   </div>
   <div class='ocr_carea' id='block_1_96' title="bbox 334 4870 1943 4945">
    <p class='ocr_par' dir='ltr' id='par_1_96' title="bbox 334 4870 1943 4945">
     <span class='ocr_line' id='line_1_96' title="bbox 334 4870 1943 4945; baseline -0.002 -18"><span class='ocrx_word' id='word_1_752' title='bbox 334 4876 593 4945; x_wconf 87' lang='lat' dir='ltr'><strong>quoniam</strong></span> <span class='ocrx_word' id='word_1_753' title='bbox 631 4875 922 4942; x_wconf 90' lang='lat' dir='ltr'><strong>unicuique</strong></span> <span class='ocrx_word' id='word_1_754' title='bbox 947 4872 1265 4925; x_wconf 76' lang='lat' dir='ltr'><strong>bierarchia:</strong></span> <span class='ocrx_word' id='word_1_755' title='bbox 1319 4882 1428 4923; x_wconf 88' lang='lat' dir='ltr'><strong>tres</strong></span> <span class='ocrx_word' id='word_1_756' title='bbox 1472 4884 1657 4923; x_wconf 86' lang='lat' dir='ltr'><strong>sacros</strong></span> <span class='ocrx_word' id='word_1_757' title='bbox 1687 4870 1907 4923; x_wconf 87' lang='lat' dir='ltr'><strong>ordines</strong></span> <span class='ocrx_word' id='word_1_758' title='bbox 1938 4877 1943 4882; x_wconf 84' lang='lat'>&#39;</span> 
     </span>
    </p>
   </div>
   <div class='ocr_carea' id='block_1_97' title="bbox 336 4960 1908 5033">
    <p class='ocr_par' dir='ltr' id='par_1_97' title="bbox 336 4960 1908 5033">
     <span class='ocr_line' id='line_1_97' title="bbox 336 4960 1908 5033; baseline -0.005 -12"><span class='ocrx_word' id='word_1_759' title='bbox 336 4969 643 5021; x_wconf 88' lang='lat' dir='ltr'><strong>constituit.</strong></span> <span class='ocrx_word' id='word_1_760' title='bbox 679 4966 850 5020; x_wconf 81' lang='lat' dir='ltr'><strong>Habet</strong></span> <span class='ocrx_word' id='word_1_761' title='bbox 880 4966 1022 5017; x_wconf 90' lang='lat' dir='ltr'><strong>enim</strong></span> <span class='ocrx_word' id='word_1_762' title='bbox 1054 4964 1225 5033; x_wconf 89' lang='lat' dir='ltr'><strong>prima</strong></span> <span class='ocrx_word' id='word_1_763' title='bbox 1264 4961 1509 5024; x_wconf 78' lang='lat' dir='ltr'><strong>thronos,</strong></span> <span class='ocrx_word' id='word_1_764' title='bbox 1544 4960 1826 5014; x_wconf 81' lang='lat' dir='ltr'><strong>cherubim</strong></span> <span class='ocrx_word' id='word_1_765' title='bbox 1855 4970 1908 5013; x_wconf 83' lang='lat' dir='ltr'><strong>et</strong></span> 
     </span>
    </p>
   </div>
   <div class='ocr_carea' id='block_1_98' title="bbox 333 5053 1909 5128">
    <p class='ocr_par' dir='ltr' id='par_1_98' title="bbox 333 5053 1909 5128">
     <span class='ocr_line' id='line_1_98' title="bbox 333 5053 1909 5128; baseline -0.006 -16"><span class='ocrx_word' id='word_1_766' title='bbox 333 5060 633 5128; x_wconf 81' lang='lat' dir='ltr'><strong>seraphim,</strong></span> <span class='ocrx_word' id='word_1_767' title='bbox 668 5070 721 5112; x_wconf 90' lang='lat' dir='ltr'><strong>et</strong></span> <span class='ocrx_word' id='word_1_768' title='bbox 759 5066 1051 5125; x_wconf 89' lang='lat' dir='ltr'><strong>sequentes</strong></span> <span class='ocrx_word' id='word_1_769' title='bbox 1082 5054 1199 5107; x_wconf 77' lang='lat' dir='ltr'><strong>alia:</strong></span> <span class='ocrx_word' id='word_1_770' title='bbox 1243 5053 1495 5107; x_wconf 89' lang='lat' dir='ltr'><strong>similiter</strong></span> <span class='ocrx_word' id='word_1_771' title='bbox 1529 5054 1821 5111; x_wconf 73' lang='lat' dir='ltr'><strong>exsistunt,</strong></span> <span class='ocrx_word' id='word_1_772' title='bbox 1852 5059 1909 5102; x_wconf 86' lang='lat' dir='ltr'><strong>et</strong></span> 
     </span>
    </p>
   </div>
   <div class='ocr_carea' id='block_1_99' title="bbox 337 5145 1915 5217">
    <p class='ocr_par' dir='ltr' id='par_1_99' title="bbox 337 5145 1915 5217">
     <span class='ocr_line' id='line_1_99' title="bbox 337 5145 1915 5217; baseline -0.004 -20"><span class='ocrx_word' id='word_1_773' title='bbox 337 5151 749 5217; x_wconf 72' lang='lat' dir='ltr'><strong>distinguuntur</strong></span> <span class='ocrx_word' id='word_1_774' title='bbox 807 5149 858 5200; x_wconf 88' lang='lat' dir='ltr'><strong>itt</strong></span> <span class='ocrx_word' id='word_1_775' title='bbox 910 5147 1114 5217; x_wconf 87' lang='lat' dir='ltr'><strong>primas</strong></span> <span class='ocrx_word' id='word_1_776' title='bbox 1162 5154 1215 5198; x_wconf 89' lang='lat' dir='ltr'><strong>et</strong></span> <span class='ocrx_word' id='word_1_777' title='bbox 1261 5145 1471 5198; x_wconf 88' lang='lat' dir='ltr'><strong>medias</strong></span> <span class='ocrx_word' id='word_1_778' title='bbox 1514 5154 1571 5197; x_wconf 90' lang='lat' dir='ltr'><strong>et</strong></span> <span class='ocrx_word' id='word_1_779' title='bbox 1609 5152 1915 5212; x_wconf 87' lang='lat' dir='ltr'><strong>postremas</strong></span> 
     </span>
    </p>
   </div>
   <div class='ocr_carea' id='block_1_100' title="bbox 334 5232 1910 5295">
    <p class='ocr_par' dir='ltr' id='par_1_100' title="bbox 334 5232 1910 5295">
     <span class='ocr_line' id='line_1_100' title="bbox 334 5232 1910 5295; baseline -0.001 -8"><span class='ocrx_word' id='word_1_780' title='bbox 334 5238 583 5289; x_wconf 59' lang='lat' dir='ltr'><strong>virtutes.</strong></span> <span class='ocrx_word' id='word_1_781' title='bbox 608 5237 686 5287; x_wconf 84' lang='lat' dir='ltr'><strong>Ad</strong></span> <span class='ocrx_word' id='word_1_782' title='bbox 714 5238 825 5289; x_wconf 68' lang='lat' dir='ltr'><strong>haec</strong></span> <span class='ocrx_word' id='word_1_783' title='bbox 848 5236 1154 5295; x_wconf 77' lang='lat' dir='ltr'><strong>considera,</strong></span> <span class='ocrx_word' id='word_1_784' title='bbox 1184 5234 1527 5288; x_wconf 88' lang='lat' dir='ltr'><strong>minutioretn</strong></span> <span class='ocrx_word' id='word_1_785' title='bbox 1549 5248 1669 5287; x_wconf 87' lang='lat' dir='ltr'><strong>esse</strong></span> <span class='ocrx_word' id='word_1_786' title='bbox 1698 5232 1910 5285; x_wconf 88' lang='lat' dir='ltr'><strong>illarum</strong></span> 
     </span>
    </p>
   </div>
   <div class='ocr_carea' id='block_1_101' title="bbox 335 5325 1911 5393">
    <p class='ocr_par' dir='ltr' id='par_1_101' title="bbox 335 5325 1911 5393">
     <span class='ocr_line' id='line_1_101' title="bbox 335 5325 1911 5393; baseline -0.002 -14"><span class='ocrx_word' id='word_1_787' title='bbox 335 5329 823 5389; x_wconf 82' lang='lat' dir='ltr'><strong>distributionem;</strong></span> <span class='ocrx_word' id='word_1_788' title='bbox 893 5326 1150 5393; x_wconf 87' lang='lat' dir='ltr'><strong>quoniam</strong></span> <span class='ocrx_word' id='word_1_789' title='bbox 1205 5325 1402 5378; x_wconf 87' lang='lat' dir='ltr'><strong>iterum</strong></span> <span class='ocrx_word' id='word_1_790' title='bbox 1472 5338 1911 5391; x_wconf 85' lang='lat' dir='ltr'><strong>unamquamque</strong></span> 
     </span>
    </p>
   </div>
   <div class='ocr_carea' id='block_1_102' title="bbox 334 5416 1907 5485">
    <p class='ocr_par' dir='ltr' id='par_1_102' title="bbox 334 5416 1907 5485">
     <span class='ocr_line' id='line_1_102' title="bbox 334 5416 1907 5485; baseline -0.003 -16"><span class='ocrx_word' id='word_1_791' title='bbox 334 5419 687 5485; x_wconf 81' lang='lat' dir='ltr'><strong>peculiariter</strong></span> <span class='ocrx_word' id='word_1_792' title='bbox 732 5420 1145 5485; x_wconf 81' lang='lat' dir='ltr'><strong>dispositionem</strong></span> <span class='ocrx_word' id='word_1_793' title='bbox 1197 5416 1421 5470; x_wconf 73' lang='lat' dir='ltr'><strong>abusive</strong></span> <span class='ocrx_word' id='word_1_794' title='bbox 1470 5416 1907 5469; x_wconf 70' lang='lat' dir='ltr'><strong>distributionem</strong></span> 
     </span>
    </p>
   </div>
   <div class='ocr_carea' id='block_1_103' title="bbox 334 5505 1911 5576">
    <p class='ocr_par' dir='ltr' id='par_1_103' title="bbox 334 5505 1911 5576">
     <span class='ocr_line' id='line_1_103' title="bbox 334 5505 1911 5576; baseline -0.001 -17"><span class='ocrx_word' id='word_1_795' title='bbox 334 5510 659 5576; x_wconf 82' lang='lat' dir='ltr'><strong>appellavit;</strong></span> <span class='ocrx_word' id='word_1_796' title='bbox 690 5511 803 5561; x_wconf 81' lang='lat' dir='ltr'><strong>sive</strong></span> <span class='ocrx_word' id='word_1_797' title='bbox 836 5520 1279 5574; x_wconf 76' lang='lat' dir='ltr'><strong>unumquemque</strong></span> <span class='ocrx_word' id='word_1_798' title='bbox 1332 5510 1578 5560; x_wconf 86' lang='lat' dir='ltr'><strong>ordinem</strong></span> <span class='ocrx_word' id='word_1_799' title='bbox 1623 5505 1911 5573; x_wconf 85' lang='lat' dir='ltr'><strong>cujuslibet</strong></span> 
     </span>
    </p>
   </div>
   <div class='ocr_carea' id='block_1_104' title="bbox 337 5599 1912 5667">
    <p class='ocr_par' dir='ltr' id='par_1_104' title="bbox 337 5599 1912 5667">
     <span class='ocr_line' id='line_1_104' title="bbox 337 5599 1912 5667; baseline -0.001 -14"><span class='ocrx_word' id='word_1_800' title='bbox 337 5604 461 5655; x_wconf 86' lang='lat' dir='ltr'><strong>trini</strong></span> <span class='ocrx_word' id='word_1_801' title='bbox 495 5603 705 5655; x_wconf 83' lang='lat' dir='ltr'><strong>ordinis</strong></span> <span class='ocrx_word' id='word_1_802' title='bbox 753 5604 939 5656; x_wconf 87' lang='lat' dir='ltr'><strong>iisdem</strong></span> <span class='ocrx_word' id='word_1_803' title='bbox 985 5600 1356 5667; x_wconf 79' lang='lat' dir='ltr'><strong>congruetttiis</strong></span> <span class='ocrx_word' id='word_1_804' title='bbox 1379 5600 1769 5666; x_wconf 78' lang='lat' dir='ltr'><strong>ordinibusque</strong></span> <span class='ocrx_word' id='word_1_805' title='bbox 1803 5599 1912 5651; x_wconf 83' lang='lat' dir='ltr'><strong>dis-</strong></span> 
     </span>
    </p>
   </div>
   <div class='ocr_carea' id='block_1_105' title="bbox 336 5691 1903 5757">
    <p class='ocr_par' dir='ltr' id='par_1_105' title="bbox 336 5691 1903 5757">
     <span class='ocr_line' id='line_1_105' title="bbox 336 5691 1903 5757; baseline 0 -11"><span class='ocrx_word' id='word_1_806' title='bbox 336 5695 499 5747; x_wconf 74' lang='lat' dir='ltr'><strong>tinxit</strong></span> <span class='ocrx_word' id='word_1_807' title='bbox 569 5691 679 5746; x_wconf 71' lang='lat' dir='ltr'><strong>Hoc</strong></span> <span class='ocrx_word' id='word_1_808' title='bbox 726 5704 906 5746; x_wconf 85' lang='lat' dir='ltr'><strong>autem</strong></span> <span class='ocrx_word' id='word_1_809' title='bbox 955 5701 1180 5746; x_wconf 76' lang='lat' dir='ltr'><strong>sanctus</strong></span> <span class='ocrx_word' id='word_1_810' title='bbox 1221 5694 1439 5757; x_wconf 48' lang='lat' dir='ltr'><strong>asserit,</strong></span> <span class='ocrx_word' id='word_1_811' title='bbox 1484 5692 1903 5746; x_wconf 84' lang='lat' dir='ltr'><strong>demonstratio-</strong></span> 
     </span>
    </p>
   </div>
   <div class='ocr_carea' id='block_1_106' title="bbox 2010 4590 3604 4663">
    <p class='ocr_par' dir='ltr' id='par_1_106' title="bbox 2010 4590 3604 4663">
     <span class='ocr_line' id='line_1_106' title="bbox 2010 4590 3604 4663; baseline 0.002 -19"><span class='ocrx_word' id='word_1_812' title='bbox 2010 4591 2371 4663; x_wconf 68' lang='grc' dir='ltr'>αύθαρμονία)</span> <span class='ocrx_word' id='word_1_813' title='bbox 2434 4590 2685 4643; x_wconf 85' lang='grc' dir='ltr'>τοσοῦτον</span> <span class='ocrx_word' id='word_1_814' title='bbox 2740 4592 2971 4662; x_wconf 82' lang='grc' dir='ltr'>ἐμέλησε</span> <span class='ocrx_word' id='word_1_815' title='bbox 3016 4592 3115 4661; x_wconf 81' lang='grc' dir='ltr'>τῆς</span> <span class='ocrx_word' id='word_1_816' title='bbox 3168 4592 3317 4661; x_wconf 84' lang='grc' dir='ltr'>ίερᾶς</span> <span class='ocrx_word' id='word_1_817' title='bbox 3366 4594 3604 4647; x_wconf 82' lang='grc' dir='ltr'>ἑκάστου</span> 
     </span>
    </p>
   </div>
   <div class='ocr_carea' id='block_1_107' title="bbox 2010 4681 3605 4756">
    <p class='ocr_par' dir='ltr' id='par_1_107' title="bbox 2010 4681 3605 4756">
     <span class='ocr_line' id='line_1_107' title="bbox 2010 4681 3605 4756; baseline -0.001 -19"><span class='ocrx_word' id='word_1_818' title='bbox 2010 4686 2119 4737; x_wconf 82' lang='grc' dir='ltr'><strong>τῶν</strong></span> <span class='ocrx_word' id='word_1_819' title='bbox 2161 4684 2423 4756; x_wconf 75' lang='grc' dir='ltr'>οὐρανίων</span> <span class='ocrx_word' id='word_1_820' title='bbox 2457 4682 2767 4753; x_wconf 79' lang='grc' dir='ltr'>εὐκοσμίας,</span> <span class='ocrx_word' id='word_1_821' title='bbox 2802 4682 2981 4745; x_wconf 81' lang='grc' dir='ltr'>καθὼς</span> <span class='ocrx_word' id='word_1_822' title='bbox 3015 4682 3198 4751; x_wconf 78' lang='grc' dir='ltr'>έχουσι</span> <span class='ocrx_word' id='word_1_823' title='bbox 3230 4681 3461 4746; x_wconf 81' lang='grc' dir='ltr'>τάξεως,</span> <span class='ocrx_word' id='word_1_824' title='bbox 3509 4684 3605 4735; x_wconf 87' lang='lat' dir='ltr'><strong>xui</strong></span> 
     </span>
    </p>
   </div>
   <div class='ocr_carea' id='block_1_108' title="bbox 2010 4769 3607 4842">
    <p class='ocr_par' dir='ltr' id='par_1_108' title="bbox 2010 4769 3607 4842">
     <span class='ocr_line' id='line_1_108' title="bbox 2010 4769 3607 4842; baseline 0 -18"><span class='ocrx_word' id='word_1_825' title='bbox 2010 4772 2318 4842; x_wconf 82' lang='grc' dir='ltr'>ἀναγωγῆς,</span> <span class='ocrx_word' id='word_1_826' title='bbox 2364 4770 2542 4833; x_wconf 86' lang='grc' dir='ltr'>καθὼς</span> <span class='ocrx_word' id='word_1_827' title='bbox 2588 4770 2874 4837; x_wconf 82' lang='grc' dir='ltr'>ἀνάγονται</span> <span class='ocrx_word' id='word_1_828' title='bbox 2920 4769 3008 4822; x_wconf 81' lang='grc' dir='ltr'>διὰ</span> <span class='ocrx_word' id='word_1_829' title='bbox 3048 4769 3156 4821; x_wconf 83' lang='grc' dir='ltr'><strong>τῶν</strong></span> <span class='ocrx_word' id='word_1_830' title='bbox 3204 4772 3493 4841; x_wconf 83' lang='grc' dir='ltr'>προτέρων</span> <span class='ocrx_word' id='word_1_831' title='bbox 3536 4772 3607 4824; x_wconf 78' lang='grc' dir='ltr'><strong>τά</strong></span> 
     </span>
    </p>
   </div>
   <div class='ocr_carea' id='block_1_109' title="bbox 2015 4861 3605 4936">
    <p class='ocr_par' dir='ltr' id='par_1_109' title="bbox 2015 4861 3605 4936">
     <span class='ocr_line' id='line_1_109' title="bbox 2015 4861 3605 4936; baseline -0.007 -19"><span class='ocrx_word' id='word_1_832' title='bbox 2015 4864 2244 4936; x_wconf 85' lang='grc' dir='ltr'>ῦστερα·</span> <span class='ocrx_word' id='word_1_833' title='bbox 2275 4865 2358 4916; x_wconf 83' lang='grc' dir='ltr'><strong>ὃτι</strong></span> <span class='ocrx_word' id='word_1_834' title='bbox 2392 4862 2485 4915; x_wconf 81' lang='lat' dir='ltr'><strong>xui</strong></span> <span class='ocrx_word' id='word_1_835' title='bbox 2522 4865 2619 4933; x_wconf 80' lang='grc' dir='ltr'>μιᾷ</span> <span class='ocrx_word' id='word_1_836' title='bbox 2641 4864 2841 4931; x_wconf 82' lang='grc' dir='ltr'>ἑκάστῃ</span> <span class='ocrx_word' id='word_1_837' title='bbox 2880 4862 3130 4933; x_wconf 68' lang='grc' dir='ltr'><strong>ἱεραρχίᾳ⁵</strong></span> <span class='ocrx_word' id='word_1_838' title='bbox 3162 4865 3310 4933; x_wconf 85' lang='grc' dir='ltr'>τρεῖς</span> <span class='ocrx_word' id='word_1_839' title='bbox 3336 4861 3492 4933; x_wconf 80' lang='grc' dir='ltr'>ἱεράς</span> <span class='ocrx_word' id='word_1_840' title='bbox 3515 4864 3605 4917; x_wconf 82' lang='grc' dir='ltr'><strong>τά.</strong></span> 
     </span>
    </p>
   </div>
   <div class='ocr_carea' id='block_1_110' title="bbox 2013 4953 3601 5025">
    <p class='ocr_par' dir='ltr' id='par_1_110' title="bbox 2013 4953 3601 5025">
     <span class='ocr_line' id='line_1_110' title="bbox 2013 4953 3601 5025; baseline -0.001 -17"><span class='ocrx_word' id='word_1_841' title='bbox 2013 4956 2123 5022; x_wconf 87' lang='grc' dir='ltr'>ξεις</span> <span class='ocrx_word' id='word_1_842' title='bbox 2164 4956 2334 5008; x_wconf 77' lang='grc' dir='ltr'>ἔθετο.</span> <span class='ocrx_word' id='word_1_843' title='bbox 2374 4957 2525 5023; x_wconf 83' lang='grc' dir='ltr'>Ἔχει</span> <span class='ocrx_word' id='word_1_844' title='bbox 2573 4954 2680 5023; x_wconf 86' lang='grc' dir='ltr'><strong>γάρ</strong></span> <span class='ocrx_word' id='word_1_845' title='bbox 2714 4955 2747 5024; x_wconf 77' lang='grc' dir='ltr'><strong>ἡ</strong></span> <span class='ocrx_word' id='word_1_846' title='bbox 2781 4953 2969 5024; x_wconf 88' lang='grc' dir='ltr'>πρώτη</span> <span class='ocrx_word' id='word_1_847' title='bbox 3022 4954 3262 5025; x_wconf 86' lang='grc' dir='ltr'>θρόνους,</span> <span class='ocrx_word' id='word_1_848' title='bbox 3309 4956 3601 5025; x_wconf 71' lang='grc' dir='ltr'>χερουϐιμ,</span> 
     </span>
    </p>
   </div>
   <div class='ocr_carea' id='block_1_111' title="bbox 2010 5044 3604 5121">
    <p class='ocr_par' dir='ltr' id='par_1_111' title="bbox 2010 5044 3604 5121">
     <span class='ocr_line' id='line_1_111' title="bbox 2010 5044 3604 5121; baseline -0.002 -19"><span class='ocrx_word' id='word_1_849' title='bbox 2010 5053 2102 5103; x_wconf 80' lang='lat' dir='ltr'><strong>xui</strong></span> <span class='ocrx_word' id='word_1_850' title='bbox 2138 5050 2409 5121; x_wconf 72' lang='grc' dir='ltr'>σεραφίμο</span> <span class='ocrx_word' id='word_1_851' title='bbox 2456 5048 2547 5100; x_wconf 84' lang='lat' dir='ltr'><strong>xui</strong></span> <span class='ocrx_word' id='word_1_852' title='bbox 2587 5046 2821 5115; x_wconf 80' lang='grc' dir='ltr'>καθεξῆς</span> <span class='ocrx_word' id='word_1_853' title='bbox 2866 5049 2920 5098; x_wconf 83' lang='grc' dir='ltr'><strong>αἱ</strong></span> <span class='ocrx_word' id='word_1_854' title='bbox 2958 5046 3111 5099; x_wconf 86' lang='grc' dir='ltr'>ἄλλαι</span> <span class='ocrx_word' id='word_1_855' title='bbox 3143 5044 3314 5107; x_wconf 78' lang='grc' dir='ltr'>οὕτως</span> <span class='ocrx_word' id='word_1_856' title='bbox 3341 5048 3471 5109; x_wconf 76' lang='grc' dir='ltr'>εἰσὶ,</span> <span class='ocrx_word' id='word_1_857' title='bbox 3509 5050 3604 5101; x_wconf 82' lang='grc' dir='ltr'><strong>καὶ</strong></span> 
     </span>
    </p>
   </div>
   <div class='ocr_carea' id='block_1_112' title="bbox 2012 5139 3603 5213">
    <p class='ocr_par' dir='ltr' id='par_1_112' title="bbox 2012 5139 3603 5213">
     <span class='ocr_line' id='line_1_112' title="bbox 2012 5139 3603 5213; baseline -0.001 -19"><span class='ocrx_word' id='word_1_858' title='bbox 2012 5141 2341 5213; x_wconf 86' lang='grc' dir='ltr'>διαιροῦνται</span> <span class='ocrx_word' id='word_1_859' title='bbox 2388 5141 2468 5203; x_wconf 83' lang='grc' dir='ltr'>εἰς</span> <span class='ocrx_word' id='word_1_860' title='bbox 2518 5140 2738 5211; x_wconf 85' lang='grc' dir='ltr'>πρώτας</span> <span class='ocrx_word' id='word_1_861' title='bbox 2788 5141 2882 5192; x_wconf 78' lang='grc' dir='ltr'><strong>καὶ</strong></span> <span class='ocrx_word' id='word_1_862' title='bbox 2932 5140 3101 5209; x_wconf 84' lang='grc' dir='ltr'>μέσας</span> <span class='ocrx_word' id='word_1_863' title='bbox 3146 5139 3238 5193; x_wconf 84' lang='lat' dir='ltr'><strong>xui</strong></span> <span class='ocrx_word' id='word_1_864' title='bbox 3281 5140 3603 5203; x_wconf 85' lang='grc' dir='ltr'>τελευταίας</span> 
     </span>
    </p>
   </div>
   <div class='ocr_carea' id='block_1_113' title="bbox 2014 5229 3603 5303">
    <p class='ocr_par' dir='ltr' id='par_1_113' title="bbox 2014 5229 3603 5303">
     <span class='ocr_line' id='line_1_113' title="bbox 2014 5229 3603 5303; baseline -0.001 -18"><span class='ocrx_word' id='word_1_865' title='bbox 2014 5233 2288 5303; x_wconf 84' lang='grc' dir='ltr'>δυνάμεις.</span> <span class='ocrx_word' id='word_1_866' title='bbox 2329 5232 2437 5285; x_wconf 74' lang='grc' dir='ltr'><strong>Καὶ</strong></span> <span class='ocrx_word' id='word_1_867' title='bbox 2460 5231 2537 5283; x_wconf 78' lang='grc' dir='ltr'><strong>ἔτι</strong></span> <span class='ocrx_word' id='word_1_868' title='bbox 2569 5230 2675 5282; x_wconf 82' lang='grc' dir='ltr'>νόει</span> <span class='ocrx_word' id='word_1_869' title='bbox 2708 5229 3032 5299; x_wconf 82' lang='grc' dir='ltr'>λεπτοτέραν</span> <span class='ocrx_word' id='word_1_870' title='bbox 3051 5230 3147 5301; x_wconf 82' lang='grc' dir='ltr'><strong>τὴν</strong></span> <span class='ocrx_word' id='word_1_871' title='bbox 3168 5230 3468 5298; x_wconf 79' lang='grc' dir='ltr'>εὐκοσμίαν</span> <span class='ocrx_word' id='word_1_872' title='bbox 3503 5232 3603 5284; x_wconf 79' lang='grc' dir='ltr'><strong>αὑ-</strong></span> 
     </span>
    </p>
   </div>
   <div class='ocr_carea' id='block_1_114' title="bbox 2014 5322 3599 5393">
    <p class='ocr_par' dir='ltr' id='par_1_114' title="bbox 2014 5322 3599 5393">
     <span class='ocr_line' id='line_1_114' title="bbox 2014 5322 3599 5393; baseline -0.001 -16"><span class='ocrx_word' id='word_1_873' title='bbox 2014 5324 2144 5389; x_wconf 81' lang='grc' dir='ltr'>τῶν,</span> <span class='ocrx_word' id='word_1_874' title='bbox 2180 5326 2262 5377; x_wconf 83' lang='grc' dir='ltr'>ὅτι</span> <span class='ocrx_word' id='word_1_875' title='bbox 2308 5324 2468 5377; x_wconf 85' lang='grc' dir='ltr'>πάλιν</span> <span class='ocrx_word' id='word_1_876' title='bbox 2528 5323 2650 5392; x_wconf 84' lang='grc' dir='ltr'>μίαν</span> <span class='ocrx_word' id='word_1_877' title='bbox 2699 5323 2934 5393; x_wconf 76' lang='grc' dir='ltr'>ἑκάστην</span> <span class='ocrx_word' id='word_1_878' title='bbox 2980 5322 3162 5385; x_wconf 83' lang='grc' dir='ltr'>ίδικῶς</span> <span class='ocrx_word' id='word_1_879' title='bbox 3210 5322 3599 5392; x_wconf 84' lang='grc' dir='ltr'>διακόσμησιν,</span> 
     </span>
    </p>
   </div>
   <div class='ocr_carea' id='block_1_115' title="bbox 2016 5411 3600 5487">
    <p class='ocr_par' dir='ltr' id='par_1_115' title="bbox 2016 5411 3600 5487">
     <span class='ocr_line' id='line_1_115' title="bbox 2016 5411 3600 5487; baseline -0.001 -20"><span class='ocrx_word' id='word_1_880' title='bbox 2016 5418 2464 5487; x_wconf 78' lang='grc' dir='ltr'>καταχρηστικῶς</span> <span class='ocrx_word' id='word_1_881' title='bbox 2485 5411 2602 5466; x_wconf 85' lang='grc' dir='ltr'>εἷπε</span> <span class='ocrx_word' id='word_1_882' title='bbox 2625 5413 2684 5464; x_wconf 78' lang='grc' dir='ltr'>τὸ</span> <span class='ocrx_word' id='word_1_883' title='bbox 2707 5413 3082 5484; x_wconf 73' lang='grc' dir='ltr'>διακόσμησιν,</span> <span class='ocrx_word' id='word_1_884' title='bbox 3108 5414 3270 5483; x_wconf 75' lang='grc' dir='ltr'>ἤγουν</span> <span class='ocrx_word' id='word_1_885' title='bbox 3287 5412 3343 5465; x_wconf 82' lang='grc' dir='ltr'>ἓν</span> <span class='ocrx_word' id='word_1_886' title='bbox 3365 5413 3600 5467; x_wconf 76' lang='grc' dir='ltr'>ἕκαστον</span> 
     </span>
    </p>
   </div>
   <div class='ocr_carea' id='block_1_116' title="bbox 2015 5504 3603 5581">
    <p class='ocr_par' dir='ltr' id='par_1_116' title="bbox 2015 5504 3603 5581">
     <span class='ocr_line' id='line_1_116' title="bbox 2015 5504 3603 5581; baseline -0.003 -22"><span class='ocrx_word' id='word_1_887' title='bbox 2015 5510 2200 5579; x_wconf 88' lang='grc' dir='ltr'>τάγμα</span> <span class='ocrx_word' id='word_1_888' title='bbox 2225 5510 2323 5579; x_wconf 79' lang='grc' dir='ltr'>τῆς</span> <span class='ocrx_word' id='word_1_889' title='bbox 2351 5511 2476 5579; x_wconf 73' lang='grc' dir='ltr'>μιᾶς</span> <span class='ocrx_word' id='word_1_890' title='bbox 2501 5505 2776 5581; x_wconf 81' lang='grc' dir='ltr'>τριαδικῆς</span> <span class='ocrx_word' id='word_1_891' title='bbox 2797 5505 3020 5571; x_wconf 78' lang='grc' dir='ltr'>τάξεως,</span> <span class='ocrx_word' id='word_1_892' title='bbox 3055 5507 3174 5566; x_wconf 89' lang='grc' dir='ltr'>ταῖς</span> <span class='ocrx_word' id='word_1_893' title='bbox 3204 5504 3395 5567; x_wconf 77' lang='grc' dir='ltr'>αὑταῖς</span> <span class='ocrx_word' id='word_1_894' title='bbox 3417 5504 3603 5575; x_wconf 88' lang='grc' dir='ltr'>διεχώ-</span> 
     </span>
    </p>
   </div>
   <div class='ocr_carea' id='block_1_117' title="bbox 2019 5595 3600 5671">
    <p class='ocr_par' dir='ltr' id='par_1_117' title="bbox 2019 5595 3600 5671">
     <span class='ocr_line' id='line_1_117' title="bbox 2019 5595 3600 5671; baseline -0.001 -20"><span class='ocrx_word' id='word_1_895' title='bbox 2019 5617 2168 5670; x_wconf 89' lang='grc' dir='ltr'>ρισεν</span> <span class='ocrx_word' id='word_1_896' title='bbox 2197 5602 2481 5671; x_wconf 75' lang='grc' dir='ltr'>ἁρμονίαις</span> <span class='ocrx_word' id='word_1_897' title='bbox 2509 5600 2599 5650; x_wconf 86' lang='lat' dir='ltr'><strong>xui</strong></span> <span class='ocrx_word' id='word_1_898' title='bbox 2631 5597 2968 5668; x_wconf 81' lang='grc' dir='ltr'>εὐκοσμίαις.</span> <span class='ocrx_word' id='word_1_899' title='bbox 3000 5596 3168 5649; x_wconf 88' lang='grc' dir='ltr'>Τοῦτο</span> <span class='ocrx_word' id='word_1_900' title='bbox 3201 5596 3256 5648; x_wconf 85' lang='grc' dir='ltr'><strong>δὲ</strong></span> <span class='ocrx_word' id='word_1_901' title='bbox 3288 5595 3435 5663; x_wconf 89' lang='grc' dir='ltr'>λέγει</span> <span class='ocrx_word' id='word_1_902' title='bbox 3470 5598 3499 5649; x_wconf 91' lang='grc' dir='ltr'>ὁ</span> <span class='ocrx_word' id='word_1_903' title='bbox 3533 5596 3600 5649; x_wconf 83' lang='grc' dir='ltr'><strong>ἆ-</strong></span> 
     </span>
    </p>
   </div>
   <div class='ocr_carea' id='block_1_118' title="bbox 2016 5686 3596 5763">
    <p class='ocr_par' dir='ltr' id='par_1_118' title="bbox 2016 5686 3596 5763">
     <span class='ocr_line' id='line_1_118' title="bbox 2016 5686 3596 5763; baseline -0.001 -22"><span class='ocrx_word' id='word_1_904' title='bbox 2016 5706 2151 5755; x_wconf 75' lang='grc' dir='ltr'>γιος.</span> <span class='ocrx_word' id='word_1_905' title='bbox 2197 5691 2481 5763; x_wconf 77' lang='grc' dir='ltr'>λαμϐάνων</span> <span class='ocrx_word' id='word_1_906' title='bbox 2533 5692 2626 5761; x_wconf 80' lang='grc' dir='ltr'><strong>τὴν</strong></span> <span class='ocrx_word' id='word_1_907' title='bbox 2669 5688 2937 5754; x_wconf 78' lang='grc' dir='ltr'>ἀπόδειξιν</span> <span class='ocrx_word' id='word_1_908' title='bbox 2978 5690 3041 5740; x_wconf 81' lang='grc' dir='ltr'>ἐκ</span> <span class='ocrx_word' id='word_1_909' title='bbox 3080 5688 3175 5756; x_wconf 80' lang='grc' dir='ltr'>τῆς</span> <span class='ocrx_word' id='word_1_910' title='bbox 3222 5686 3314 5740; x_wconf 85' lang='grc' dir='ltr'><strong>τοῦ</strong></span> <span class='ocrx_word' id='word_1_911' title='bbox 3369 5688 3596 5741; x_wconf 85' lang='grc' dir='ltr'><strong>Ἡσαῖου</strong></span> 
     </span>
    </p>
   </div>
  </div>
