3734 6308
99 258 215 313 εει

638 265 727 322 DE
761 269 1089 329 C(ELESTI
1124 274 1576 345 HIERARCHIA,
1609 282 1765 340 CAP.
1806 286 1869 343 Χ.
1906 319 1977 329 —-
2009 289 2359 352 PARAPHR.
2396 297 2876 362 PACHYMERzE.

3289 303 3395 370 2.73%
3484 336 3495 387 ξ

3483 389 3489 407 )

104 374 495 491 πὲοοφητείας·
524 379 573 432 οἱ
612 381 723 453 γὰρ
756 383 1022 441 θειότατοι
1063 393 1305 463 σεραφὶμ
1354 395 1539 467 ἕτερος
1581 400 1704 469 πρὸς

1841 418 1941 457 tem
1972 410 2269 463 mutuando
2297 427 2361 466 ex
2392 416 2673 483 prophetia
2699 418 2849 473 Isaia:
2873 437 2886 484 ;
2911 425 3168 491 quoniam
3202 428 3275 482 ibi
3309 434 3393 484 di-

99 462 203 515 τὺν
260 468 449 538 ἕτερον
483 474 676 542 κράζει
708 478 808 548 τὴν
840 480 1258 540 ἀκατάπαυστον
1306 489 1518 561 ἐκείνην
1554 493 1709 563 ὑμνο-

100 556 325 627 λογίαν,
362 563 650 635 δηλοῦντος
683 572 931 630 ἐντεῦθεν
964 578 1058 632 τοῦ
1090 580 1270 649 λόγου,
1296 583 1378 636 ὅτι
1409 556 1503 638 ml
1527 556 1706 642 αὐτῶν

100 650 223 703 τῶν
275 652 604 724 θεολογικῶν
658 663 909 732 γνώσεων
943 670 991 723 οἱ
1026 672 1232 743 πρῶτοι
1272 678 1386 740 τοῖς
1434 678 1707 753 δευτέροις

106 749 483 843 μεταδιδόασι.
538 755 864 834 Θεολογικὴν
915 764 979 837 δὴ
1031 767 1232 835 γνῶσιν
1278 770 1368 823 τὸν
1422 749 1707 843 τρισάγιον

104 838 286 910 ὕμνον
321 842 470 913 λέγει
491 864 505 877 ·
536 852 633 915 »καὶ
658 851 766 924 γὰρ
786 855 885 919 τὰς
899 860 1047 927 τρεῖς
1068 860 1228 927 ἀγίας
1243 838 1609 927 ’Υποστάσεις-
1625 868 1706 930 εἰς

107 931 246 1001 μίαν
282 938 584 1011 κυριότητα
610 942 704 996 κα)⁸
719 945 961 1018 Θεότητα
982 950 1286 1016 συνιούσας,
1308 954 1549 1009 κάκεῖνοι
1572 956 1596 1008 ἕ
1604 974 1707 1027 μα-

104 1022 225 1088 θον,
256 1026 354 1080 καὶ
377 1031 539 1100 ἡμεῖς
561 1032 627 1084 δι’
660 1034 882 1090 ἐκείνων
918 1038 1277 1113 μανθάνομεν.

178 1211 209 1283 ς
254 1212 344 1268 ΙΙΙ.
388 1216 509 1271 Ἔτι
559 1223 880 1296 προστίθησι
931 1228 1024 1282 ml
1060 1230 1389 1305 λεπτοτέραν
1429 1234 1704 1305 ἀπόδειξιν

100 1302 209 1373 τῆς
243 1306 514 1362 εὐτάκτου
548 1312 641 1366 ἐπὶ
674 1316 808 1369 πᾶσι
841 1323 1245 1390 καταστάσεως,
1272 1325 1365 1379 καί
1391 1344 1576 1398 φησιν,
1612 1331 1699 1383 ὅτι

104 1396 200 1490 ml.
245 1398 372 1490 καθ’
404 1402 568 1456 αὑτὸν
602 1406 832 1473 ἕκαστος
860 1411 1111 1482 οὐράνιός
1142 1433 1202 1469 τε
1236 1420 1328 1471 ml
1364 1396 1705 1490 ἀνθρώπινος

101 1486 233 1550 νοῦς
257 1489 437 1554 tam;
460 1493 574 1564 ἔχει
601 1498 821 1570 πρώτας
852 1505 943 1555 ml
972 1505 1140 1574 μέσας
1166 1506 1259 1560 ml.
1286 1486 1599 1575 τελευταίας
1621 1514 1705 1567 δυ-

100 1577 307 1648 νάμεις
336 1585 473 1654 πρὸς
504 1585 605 1650 τὰς
630 1591 924 1662 εἰρημένας
958 1595 1245 1665 ἀναγωγάς
1273 1600 1365 1652 ml
1390 1603 1698 1671 ἐκφάνσεις·

102 1670 213 1724 νόει
250 1674 309 1727 δὲ
345 1676 445 1747 τὴν
476 1679 760 1752 κάθαρσιν,
808 1684 899 1737 τὸν
932 1688 1231 1758 φωτισμὸν,
1265 1690 1365 1761 τὴν
1391 1670 1697 1747 τελείωσιν·

1816 496 2083 551 vinissimi
2110 502 2388 569 serapbim
2419 506 2561 561 alter
2587 510 2652 560 ad
2682 511 2914 568 alterum
2948 515 3187 570 clamant
3212 520 3393 573 inces~

1810 588 2036 644 sabilcm
2066 592 2212 645 illam
2236 594 2664 669 hynmologiam,
2701 603 2984 674 Scriptura
3013 609 3141 663 hinc
3172 610 3395 665 demon-

1809 691 2037 750 strante,
2092 686 2301 755 primos
2332 696 2690 759 sequentibus
2735 699 3069 767 theologicas
3108 704 3255 772 ipsas
3296 721 3393 759 no-

1809 773 1985 829 tiones
2014 781 2446 837 communicare.
2480 785 2865 859 Theologicam
2890 803 3069 848 autem
3102 796 3389 850 notionem

1807 877 1966 922 vocat
1996 869 2255 938 hymnum
2284 872 2455 943 illum,
2485 876 2537 931 in
2565 894 2672 947 quo
2702 892 2785 935 ter
2813 881 3051 939 Sanctus
3074 888 3393 954 pronuntia-

1808 963 1895 1009 tur
1936 974 1951 1010 :
2002 961 2203 1015 etenim
2252 971 2363 1021 tres
2412 979 2634 1022 sanctas
2685 969 3014 1040 llypostases
3067 979 3121 1029 in
3171 977 3386 1031 unicam

1806 1047 2231 1107 dominationem
2260 1071 2324 1111 ac
2350 1057 2620 1115 Deitatem
2652 1075 2911 1121 coeuntes
2931 1067 3028 1139 ipsi
3050 1068 3382 1134 didicerunt,

1804 1148 1861 1192 et
1887 1157 1985 1196 nos
2010 1158 2107 1212 per
2134 1145 2253 1200 illos
2284 1149 2571 1206 discimus.
3228 1174 3231 1177 ‘

1878 1236 1905 1308 §
1936 1236 2022 1290 ill.
2057 1238 2137 1293 Ad
2157 1240 2270 1295 huc
2295 1244 2444 1297 addit
2470 1246 2637 1300 etiam
2666 1250 3006 1308 subtiliorem
3045 1254 3388 1311 demonstra-

1806 1328 2008 1383 tionem
2058 1331 2198 1387 bene
2245 1335 2511 1391 ordinatae
2555 1339 2608 1392 in
2655 1342 2912 1396 omnibus
2956 1346 3383 1414 constitutionis,

1804 1420 2010 1491 aitque,
2060 1426 2363 1493 quamlibet
2402 1444 2500 1498 per
2542 1445 2601 1484 se
2646 1433 2925 1489 cmlestem
2980 1450 3043 1491 ac
3093 1438 3384 1495 humanam

1803 1522 2041 1568 mentem
2093 1516 2400 1584 peculiares
2462 1518 2665 1576 habere
2718 1525 2924 1592 primas
2961 1538 3018 1580 et
3059 1529 3269 1583 medias
3319 1546 3384 1584 ac

1802 1614 2111 1670 postremas
2136 1608 2389 1677 virtutes,
2422 1610 2475 1665 in
2515 1614 2711 1669 ordine
2741 1618 2811 1669 ad
2836 1616 3013 1672 dictas
3033 1620 3385 1676 adductiones

1802 1703 1865 1742 ac
1890 1691 2361 1751 man-ifestationes
2395 1715 2410 1751 :
2446 1699 2692 1771 intellige
2740 1705 3131 1774 expiationem,
3182 1709 3383 1763 illumi-

99 1764 249 1818 οὕτω
294 1767 407 1839 γὰρ
452 1771 543 1823 ml
593 1773 867 1843 ἀναλόγως
904 1779 959 1829 αἱ
1002 1778 1298 1851 ὲλλάμψεις
1342 1786 1704 1853 ὲκφαίνονται,

1841 1785 2087 1838 lationem
2121 1801 2186 1840 ac
2215 1787 2640 1859 perfectionem;
2667 1794 2747 1849 sic
2778 1797 2922 1850 enim
2956 1799 3122 1853 etiam
3156 1816 3383 1869 prepor-

100 1859 225 1912 καθ’
259 1860 331 1923 ἃς
365 1862 592 1927 ’ἕκαστος
631 1868 689 1918 ὲν
724 1870 983 1941 μετουσίᾳ
1008 1872 1218 1940 γίνεται
1265 1876 1407 1929 κατά
1450 1879 1511 1932 τὸ
1542 1881 1691 1952 αὑτῷ

101 1953 331 2023 θεμιτὸν
358 1958 449 2009 καὶ
482 1957 720 2027 ἐφικτόν.
762 1962 924 2035 Ὅσον
963 1963 1071 2036 γὰρ
1105 1966 1294 2039 ἀνήκει
1333 1974 1399 2041 τῇ
1430 1971 1536 2041 ἰδίᾳ
1563 1973 1691 2026 ἑκά-

100 2063 226 2098 στου
256 2047 436 2113 τάξει,
462 2050 618 2103 τόσον
644 2052 738 2104 ml
771 2053 1069 2122 ἐφικνεῖται
1100 2058 1199 2129 τῆς
1224 2060 1560 2133 καθάρσεως,
1594 2064 1688 2118 τοῦ

99 2140 416 2205 φωτισμοῦ,
455 2142 547 2194 ml.
578 2144 676 2214 τῆς
700 2143 1048 2211 τελειώσεως,
1083 2151 1247 2204 αὐτοῦ
1270 2153 1331 2225 δὴ
1358 2154 1451 2208 τοῦ
1485 2157 1687 2225 ἀγαθοῦ

93 2230 256 2284 θεοῦ.
282 2232 439 2296 Τέως
456 2232 511 2286 δέ
536 2236 651 2288 ἐστι
676 2238 768 2289 καὶ
791 2240 823 2308 ἡ
850 2238 1113 2311 κάθαρσις
1137 2243 1569 2320 ὑπεραγνοτάτη,
1597 2252 1689 2304 καὶ

94 2323 157 2375 τὸ
213 2324 338 2392 φῶς
377 2327 751 2399 ὑπερπλῆρες,
804 2332 896 2383 ml
953 2334 1263 2404 προτέλειος
1307 2340 1339 2409 ἡ
1390 2340 1684 2406 τελείωσις.

108 2416 262 2469 Ἐπεὶ
295 2417 356 2469 δὲ
398 2419 456 2470 αἱ
489 2418 693 2472 εὐθεῖαι
747 2420 1039 2492 ὲλλάμψεις
1082 2425 1316 2499 ἄπειροι,
1374 2432 1513 2486 κατά
1562 2434 1687 2505 μίαν

92 2507 339 2579 ἑκάστην
396 2508 659 2582 ἔλλαμψιν
710 2513 939 2577 ἕκαστος
987 2517 1237 2587 οὐράνιος
1288 2523 1416 2587 νοῦς
1472 2526 1687 2596 πρῶτον

94 2601 442 2673 καθαίρεται,
469 2600 587 2657 εἶτα
613 2611 923 2677 φωτίζεται,
953 2615 1141 2671 ἔπειτα
1160 2617 1484 2672 τελειοῦται.
1521 2617 1687 2673 Οὐδὲν

91 2693 202 2765 γὰρ
235 2696 487 2760 ἀπεικὸς,
512 2700 560 2750 εί
585 2702 613 2752 6
634 2704 775 2758 κατά
805 2722 859 2757 τι
884 2706 1108 2771 τέλειος,
1134 2710 1250 2762 κατ’
1285 2708 1411 2764 ἄλλο
1433 2712 1688 2783 καθαίρε-

89 2804 211 2839 ται·
252 2788 349 2840 καὶ
387 2790 435 2841 εἰ
474 2792 502 2842 ό
539 2794 683 2847 κατά
707 2812 759 2847 τι
797 2802 1227 2871 πεφωτισμένος,
1264 2806 1384 2857 κατ’
1418 2805 1549 2859 αὐτὸ
1586 2806 1685 2877 μὲν

88 2881 421 2947 τελειοῦται,
457 2886 578 2936 κατ’
612 2886 739 2939 ἄλλο
771 2888 829 2941 δὲ
864 2892 1024 2945 πάλιν
1048 2893 1342 2964 καθαρθεὶς
1366 2898 1676 2965 φωτίζεται·

84 2971 241 3023 οὐδὲν
269 2971 381 3043 γὰρ
416 2974 757 3047 αὐτοτελὲςῆ
794 2979 1092 3051 ἀπροσδεὲς
1124 2981 1474 3053 τελειότητος,
1524 2985 1573 3036 εί
1609 2984 1683 3057 μὴ

84 3065 147 3116 τὸ
178 3066 359 3129 ὅντως
388 3068 690 3138 αὐτοτελὲς,
725 3072 787 3124 τὸ
821 3072 988 3136 ὅντως
1021 3074 1351 3146 προτέλειον.
1387 3077 1497 3131 Kal
1540 3077 1683 3130 οὕτω

88 3158 191 3227 μὲν
225 3161 256 3211 6
287 3159 539 3231 οὐράνιος
562 3162 685 3227 νοῦς
714 3164 887 3228 ίδικάς
913 3166 1024 3236 ἔχει
1051 3168 1150 3231 τὰς
1181 3172 1331 3240 τρεῖς
1353 3168 1555 3233 ταύτας
1586 3171 1680 3224 τά-

86 3254 201 3317 ξεις
226 3267 289 3302 τε
318 3252 411 3304 καὶ
441 3252 716 3325 δυνάμεις.
753 3257 877 3320 Πῶς
902 3257 959 3309 δὲ
1000 3258 1095 3311 ml
1125 3262 1153 3312 6
1184 3259 1520 3332 ἀνθρώπειος
1558 3262 1683 3326 νοῦς

84 3341 295 3404 ταύτας
328 3341 461 3411 ἔχει,
490 3342 628 3415 πλὴν
654 3347 745 3398 ml
780 3346 939 3410 αὐτὸς
973 3348 1054 3410 εἰς
1084 3349 1182 3420 τὴν
1208 3349 1348 3403 κατά
1370 3351 1502 3404 Θεὸν
1526 3352 1683 3423 κίνη-

85 3449 208 3497 σιν;
247 3431 372 3484 οὐδὲ
412 3431 521 3503 γάρ
557 3434 685 3505 περὶ
720 3434 829 3488 τῶν
868 3438 1150 3508 κοσμικῶν
1182 3442 1449 3512 κινήσεων
1474 3440 1503 3493 6
1527 3441 1683 3510 λόγος

82 3529 238 3581 ἐστὶν
271 3530 427 3598 ἡμῖν.
460 3530 599 3600 Ἤδη
620 3530 869 3603 λέγομεν,
888 3533 996 3595 πᾶς
1019 3532 1143 3597 νοῦς
1170 3534 1283 3606 ἔχει
1315 3537 1523 3601 οὐσίαν,
1558 3538 1679 3591 καθ’

82 3620 149 3688 ἣν
174 3619 401 3691 πρῶτόν
428 3622 574 3673 ἐστιν
592 3638 606 3650 ο
644 3617 763 3675 εἶτα
794 3624 893 3676 καὶ
925 3625 1179 3697 δύναμιν,
1205 3628 1325 3682 καθ’
1349 3629 1414 3699 ἢν
1438 3630 1675 3703 διαρκεῖ.

80 3711 407 3767 τελευταίαν
444 3713 503 3767 δὲ
522 3714 826 3787 ἐνέργειαν,
862 3718 1054 3790 καθ’ἥν
1098 3720 1167 3774 τὰ
1210 3722 1383 3778 οἰκεῖα
1424 3724 1679 3794 πράττων

82 3808 340 3860 εὐσεϐεῖ·
374 3806 545 3860 ταῦτα
571 3808 666 3861 ml
703 3809 761 3861 ἐν
795 3809 874 3880 τῷ
907 3810 1034 3881 ἑξῆς
1071 3811 1349 3884 κεφαλαίῳ
1372 3800 1675 3885 σαφηνίζει.

87 3900 304 3963 Ἄλλως
338 3916 397 3952 τε
424 3900 479 3953 δὲ
514 3901 703 3954 οὐδένα
725 3902 834 3955 τῶν
869 3903 1172 3974 ἀνθρώπων
1207 3905 1364 3974 ἴσμεν
1385 3906 1507 3959 οὔτε
1540 3926 1676 3979 προ-

84 3999 287 4068 φήτην,
315 3994 442 4049 οὔτε
462 3996 688 4061 δίκαιον,
728 4000 801 4069 μὴ
823 3998 1081 4069 δεηθέντα
1104 4001 1202 4070 τῆς
1234 3999 1441 4063 οἰκείας
1468 4002 1678 4071 προφά“

85 4104 223 4150 eam;
243 4088 325 4150 είς
347 4088 409 4140 τὸ
444 4088 739 4160 πλησιάσαι
773 4090 912 4160 Θεῷ.
943 4092 1084 4163 Ὅρα
1115 4091 1223 4160 γάρ
1244 4091 1295 4143 τί
1322 4109 1485 4163 φησιν
1523 4095 1551 4145 6
1575 4094 1677 4156 ἕως

80 4179 272 4249 τρίτου
297 4180 532 4251 οὐρανοῦ
568 4182 811 4251 φθάσας·
860 4183 1197 4243 ’Υπωπιάζω
1231 4202 1351 4253 μου
1386 4183 1451 4237 τὸ
1483 4185 1673 4254 σῶμα,

81 4274 179 4325 καὶ
237 4272 629 4343 δουλαγωγῶ,
657 4274 871 4346 μήπως
918 4276 1133 4342 ἄλλοις
1179 4277 1465 4345 κηρύξας,
1494 4277 1676 4345 αὐτὸς

79 4364 369 4433 ἀδόκιμος
403 4364 676 4434 γένωμαι.
711 4368 821 4420 Καὶ
844 4367 1017 4423 ταῦτά
1048 4371 1184 4423 εἰσιν
1219 4373 1252 4441 ἡ
1298 4370 1492 4441 πρώτη
1522 4370 1676 4437 τάξις

1794 1875 1945 1928 tione
1967 1889 2228 1944 apparent
2258 1879 2679 1948 illustrationes,
2722 1891 3021 1941 secundum
3048 1905 3197 1959 quas
3218 1892 3381 1960 quili-

1793 1965 1903 2033 bet,
1928 1969 2106 2036 quoad
2141 1969 2217 2022 illi
2251 1969 2334 2024 fas
2361 1987 2425 2026 ac
2456 1974 2717 2042 possibile
2748 1989 2853 2041 est,
2881 1981 3150 2051 particeps
3178 1983 3235 2035 tit
3260 1985 3374 2037 Dei.

1793 2053 2064 2121 Quantum
2121 2058 2266 2112 enim
2318 2064 2543 2129 proprio
2600 2065 2798 2134 cuique
2854 2070 3034 2123 ordini
3088 2074 3376 2141 competit,

1794 2151 2129 2204 tantumdem
2155 2151 2323 2206 etiam
2353 2152 2422 2207 de
2457 2155 2737 2223 ipsiusmet
2763 2159 2889 2214 boni
2921 2160 3013 2215 Dei
3037 2164 3372 2232 expiatione,

1792 2241 2213 2307 illumina'tione,
2260 2261 2324 2300 ac
2356 2248 2689 2315 perfectione
2714 2254 3089 2321 consequitur.
3138 2255 3234 2309 Est
3271 2257 3377 2309 ita-

1790 2349 1900 2402 que
1934 2334 2027 2389 Dei
2059 2352 2277 2405 quoque
2306 2340 2553 2407 expiatio
2588 2341 2705 2409 plus
2732 2361 2895 2415 quam
2924 2348 3237 2413 purissima,
3293 2348 3373 2400 lu-

1790 2441 2023 2496 menque
2050 2444 2215 2498 supra
2247 2445 2411 2497 quam
2444 2433 2683 2502 plenum,
2717 2435 3096 2507 perfectioque
3137 2455 3371 2509 praiper-

1789 2520 1955 2577 lecta.
1981 2521 2114 2576 Cum
2142 2537 2323 2579 autem
2352 2534 2516 2580 rectae
2559 2528 2955 2585 illustrationes
2990 2531 3218 2586 inﬁnita:
3242 2532 3371 2601 sint,

1789 2616 2088 2669 secundum
2119 2618 2278 2687 ιοο
2302 2634 2744 2691 unamquamque
2774 2622 3188 2678 illustrationem
3219 2639 3372 2697 quas-

1788 2708 1921 2763 libet
1968 2725 2120 2764 tuens
2150 2710 2390 2766 caelestis
2428 2714 2661 2781 primum
2699 2715 2971 2784 expiatur,
3017 2716 3209 2772 deinde
3248 2718 3373 2772 illu-

1786 2808 2017 2865 stratur,
2044 2814 2107 2855 ac
2136 2811 2323 2870 postea
2354 2802 2651 2871 perficitur.
2680 2802 2823 2857 Nihil
2849 2806 2993 2858 enim
3019 2807 3236 2859 absurdi
3265 2816 3366 2871 est,

1786 2890 1831 2947 si
1869 2890 1914 2944 is
1955 2891 2047 2960 qui
2078 2893 2392 2946 secundum
2442 2893 2571 2963 quid
2612 2893 2888 2963 perfectus
2928 2905 3032 2958 est,
3067 2897 3367 2950 secundum

1786 2982 1935 3037 aliud
1992 2983 2286 3052 expiatur;
2335 2993 2392 3038 et
2430 2985 2473 3038 si
2522 2988 2823 3043 secundum
2870 2986 2999 3054 quid
3044 2986 3366 3054 illustratus,

1789 3074 2092 3129 secundum
2132 3074 2273 3128 idem
2300 3076 2518 3143 quidem
2553 3078 2856 3145 perlicitur,
2889 3078 3189 3131 secundum
3222 3079 3367 3132 aliud

1786 3179 1916 3219 vero
1970 3165 2167 3219 iterum
2216 3168 2464 3235 espiatus
2510 3168 2876 3236 tlluminatur;
2938 3172 3073 3226 nihil
3094 3174 3239 3227 enim
3272 3190 3369 3244 per

1784 3272 1843 3311 se
1904 3257 2223 3327 perfectum.
2280 3261 2364 3314 vel
2409 3262 2553 3330 quod
2596 3278 2700 3316 non
2744 3264 2980 3333 indigeat
3032 3266 3370 3335 perfectione

1784 3351 1887 3403 nisi
1913 3351 2056 3419 quod
2080 3366 2177 3419 per
2205 3368 2264 3406 se
2290 3367 2416 3407 vere
2444 3352 2770 3421 perfectum,
2799 3371 2926 3410 vere
2948 3358 3365 3427 pracperfectum

1783 3452 1887 3499 est.
1936 3445 2117 3513 Atque
2160 3445 2231 3498 ita
2266 3448 2485 3514 quidem
2540 3463 2695 3502 mens
2738 3450 2977 3506 cmlestis
3008 3454 3367 3521 particulares

1783 3537 1883 3591 hos
1914 3550 2023 3592 tres
2051 3539 2271 3593 ordines
2310 3540 2477 3594 habet
2505 3552 2667 3611 atque
2693 3544 2944 3599 virtutes.
2988 3546 3056 3599 At
3096 3548 3368 3616 quomodo

1781 3628 1944 3681 etiam
1995 3644 2149 3683 mens
2194 3630 2427 3684 humana
2466 3631 2538 3685 iis
2582 3631 2804 3700 prwdita
2848 3643 2955 3699 est,
2984 3649 3106 3687 cum
3136 3634 3367 3688 exsistat

1743 3720 1757 3731 '
1782 3732 1998 3787 quoque
2024 3721 2325 3773 secundum
2363 3731 2566 3774 motum
2593 3720 2729 3775 Dei?
2755 3739 2930 3791 neque
2952 3724 3096 3778 enitn
3120 3726 3186 3779 de
3208 3740 3367 3778 mun-

1781 3811 1937 3864 danis
1994 3810 2229 3865 motibus
2286 3812 2444 3865 nobis
2503 3826 2683 3866 sermo
2732 3824 2835 3867 est.
2890 3813 3048 3869 Modo
3107 3816 3362 3880 dicimus,

1779 3918 1997 3957 Omnem
2027 3913 2263 3958 mentem
2291 3905 2497 3959 habere
2521 3904 2837 3968 essentiam,
2868 3908 3169 3961 secundum
3199 3925 3361 3977 quam

1779 3999 2017 4066 primum
2078 4008 2195 4065 est;
2248 4001 2445 4056 deinde
2490 4003 2659 4056 etiam
2717 4003 2994 4071 virtutem,
3062 4010 3360 4062 secundum

1778 4107 1939 4161 quam
1990 4103 2183 4162 potens
2234 4103 2336 4157 es],
2392 4103 2728 4163 postremum
2786 4112 2919 4152 vero
2963 4100 3354 4166 operationem,

1777 4186 2076 4240 secundum
2104 4200 2288 4253 quam,
2329 4200 2391 4239 ea
2434 4201 2555 4255 quae
2577 4185 2678 4240 sibi
2712 4191 2928 4257 propria
2959 4198 3088 4244 sunt
3128 4191 3356 4260 agendo,

1777 4278 1863 4346 pia
1894 4286 2006 4344 est;
2038 4277 2153 4332 hare
2187 4278 2354 4332 etiam
2387 4280 2439 4333 in
2473 4283 2720 4349 sequenti
2753 4283 2932 4351 capite
2956 4284 3218 4338 declarat.
3253 4286 3363 4339 Ca:—

1780 4380 1954 4423 terum
1988 4372 2260 4425 neminem
2292 4373 2536 4439 omnino,
2584 4389 2759 4445 neque
2806 4379 3149 4446 prophetam,
3186 4393 3362 4447 neque

83 4458 173 4508 ml.
216 4456 357 4527 μέση
380 4473 393 4485 ·
431 4458 459 4508 ὀ
493 4457 600 4528 γὰρ
636 4459 994 4530 ὑπωπιασμὸς
1027 4462 1125 4532 τῆς
1158 4462 1359 4533 σαρκὸς
1393 4460 1602 4532 πρώτη,
1638 4464 1671 4533 ή
1703 4525 1704 4528 η

1841 4468 1976 4515 stum
2019 4465 2422 4531 cognoscimus,
2476 4466 2568 4535 qui
2603 4483 2708 4521 non
2739 4482 2878 4537 opus
2907 4470 3106 4523 habeat
3139 4471 3357 4539 propria

80 4546 132 4598 δὲ
164 4523 513 4614 δουλαγωγία
533 4523 630 4617 τῆς
652 4523 933 4618 ὲμπαθοῦνς
962 4523 1216 4620 ὀρέξεως,
1233 4523 1498 4623 ’δευτέραη
1523 4523 1596 4604 τό.
1703 4525 1704 4528 Ἴ

1843 4556 2163 4621 operatione
2188 4566 2353 4624 atque
2384 4558 2657 4624 oratione,
2695 4569 2754 4613 ut
2796 4562 3192 4630 appropinqnet
3224 4564 3355 4617 Deo.

80 4637 324 4708 δόκιμον,
346 4638 653 4692 τελευταῖον
684 4640 777 4693 καὶ
798 4639 1020 4695 τέλειον.
1052 4643 1124 4695 Ἦ
1146 4643 1228 4695 ὅτι
1252 4643 1317 4695 ὲκ
1339 4644 1447 4696 τῶν
1471 4644 1673 4697 ἁπλου-

1845 4648 2017 4701 lverte
2049 4649 2192 4702 enim
2237 4650 2369 4718 quid
2420 4651 2564 4705 dicat
2608 4652 2653 4705 is
2680 4654 2770 4721 qui
2812 4656 2877 4706 ad
2930 4656 3145 4707 tertium
3187 4672 3358 4723 usque

82 4730 291 4800 στέρων
329 4730 603 4800 μυήσεων,
632 4732 768 4803 ὅπερ
810 4733 1077 4800 γάλακτος
1123 4735 1383 4806 ποτισμὸν
1415 4736 1672 4789 ἐκάλεσεν

1841 4740 1976 4792 elum
2002 4754 2371 4808 pervenerat:
2401 4742 2615 4808 Castigo
2650 4760 2839 4808 corpus
2865 4762 3060 4811 meum,
3094 4757 3140 4797 el
3163 4748 3215 4799 in
3246 4764 3355 4799 ser-

79 4822 103 4871 6
137 4822 488 4886 ’Λπὸστολος,
532 4827 658 4895 περὶ
688 4826 757 4879 τὰ
794 4828 954 4897 μέσα,
991 4828 1086 4881 ml
1124 4829 1191 4881 ἐκ
1217 4830 1417 4883 τούτων
1446 4830 1583 4902 πρὸς
1604 4830 1673 4884 τὰ

1841 4843 1991 4885 :utem
2018 4832 2233 4901 redigo;
2261 4849 2325 4886 ne
2358 4833 2495 4901 forte
2520 4851 2637 4887 cum
2660 4834 2783 4887 aliis
2804 4837 3218 4904 pra'dicaverint,
3248 4840 3356 4906 ipse

85 4913 327 4979 μείζονα,
354 4916 524 4984 ἤγουν
565 4918 663 4987 τὴν
694 4918 804 4971 τῶν
840 4919 1061 4973 τελείων
1096 4921 1302 4994 τροφὴν
1336 4923 1671 4994 ἁναγόμεθα,

1841 4928 2030 4986 probus
2057 4926 2253 4995 cﬁiciar
2285 4938 2334 4979 κ.
2366 4926 2542 4994 Atque
2576 4927 2662 4981 hic
2695 4938 2778 4982 est
2807 4928 3014 4998 primus
3063 4937 3118 4981 et
3144 4930 3353 4985 medius

79 5005 103 5055 ὅ
131 5009 230 5059 καὶ
254 5010 312 5059 ὲν
332 5008 686 5076 Εὑαγγελίοις
708 5014 735 5065 6
758 5012 962 5083 Κύριος
984 5014 1155 5085 δηλοῖ,
1184 5015 1356 5083 λέγων
1381 5015 1518 5087 πρὸς
1542 5016 1671 5079 τοὺς

1841 5017 1914 5071 ’(Ιυ
1947 5032 1963 5071 :
2008 5034 2133 5072 nam
2179 5021 2465 5088 castigatio
2492 5022 2673 5075 carnis
2712 5022 2919 5089 primus
2941 5028 3043 5083 est,
3075 5023 3352 5077 secundus

80 5097 266 5163 ἁγίους
290 5098 648 5163 ἀποστόλους.
679 5104 885 5156 Πολλὰ
905 5104 1023 5171 ἔχω
1042 5104 1243 5174 λέγειν
1257 5104 1421 5173 ἡμῖν,
1438 5106 1577 5159 ἀλλ’
1597 5108 1668 5161 οὐ

80 5185 345 5243 δύνασθε
373 5189 702 5254 βαστάζειν
733 5192 883 5260 ἄρτι.
922 5196 983 5247 Εἰ
1008 5196 1065 5248 δὲ
1096 5195 1288 5262 θέλεις,
1317 5197 1420 5268 ὅρα
1452 5198 1545 5250 ml
1570 5197 1667 5270 τὴν

82 5281 395 5351 παραδοχὴν
429 5281 525 5334 τοῦ
554 5284 820 5352 παναγίου
848 5285 1165 5357 Πνεύματος
1196 5288 1254 5340 ὲν
1284 5290 1398 5351 τοῖς
1429 5289 1663 5343 ἀποστό-

81 5370 210 5437 λοις·
252 5375 411 5443 ἐδόθη
446 5374 556 5446 γὰρ
578 5376 754 5439 τοῦτο,
790 5365 1005 5448 πρῶτον
1043 5382 1140 5450 μὲν
1172 5381 1252 5444 εἰς
1286 5385 1508 5453 σημεῖα,
1549 5384 1668 5437 δεύ-

83 5479 232 5536 τεροι
278 5467 339 5520 δὲ
384 5467 453 5520 δι’
498 5470 890 5541 ὲμφυσήσεως,
944 5473 1039 5525 ml
1081 5473 1261 5544 τρίτον
1306 5475 1365 5528 ὲν
1414 5477 1670 5548 πυρίναις

87 5558 376 5624 γλώσσαις,
411 5561 719 5632 οὐσιωδῶς,
754 5564 829 5628 ὡς
862 5565 927 5619 ἂν
960 5568 1104 5621 εἴποι
1136 5586 1239 5633 τις,
1277 5568 1416 5623 κατὰ
1447 5572 1538 5625 τὸν
1574 5572 1669 5642 μέ-

152 5754 174 5781 !
204 5738 219 5790 ἲ
253 5737 385 5793 Cor.
439 5754 514 5807 Ix,
564 5740 654 5796 9-7.

1776 5125 1907 5166 vero
1942 5113 2193 5166 subactio
2221 5113 2501 5168 effrenata:
2531 5117 2869 5183 cupiditatis,
2923 5116 3166 5184 probitas
3220 5132 3350 5171 vero

1775 5210 2087 5269 postremus
2115 5212 2282 5272 atque
2310 5204 2608 5272 perfectus.
2644 5205 2737 5259 Vel
2770 5206 2933 5258 etiam
2959 5206 3050 5272 qui
3077 5220 3105 5257 a
3141 5207 3349 5274 simpli-

1774 5296 2017 5349 cioribus
2063 5297 2347 5360 doctrinis,
2398 5311 2536 5365 quas
2568 5296 2722 5359 lactis
2752 5297 3026 5366 potionem
3054 5298 3346 5365 Apostolus

1776 5388 2010 5452 vocavit,
2040 5390 2106 5441 ad
2136 5390 2366 5454 medias,
2393 5400 2447 5442 et
2471 5405 2539 5443 ex
2565 5390 2671 5454 his,
2706 5389 2769 5442 ad
2805 5391 3039 5457 majores
3072 5395 3187 5445 sive
3219 5405 3342 5458 per-

1774 5480 2042 5535 fecturum
2068 5480 2249 5535 cibum
2280 5483 2629 5549 adducimur;
2661 5481 2805 5552 quod
2830 5482 2993 5535 etiam
3019 5484 3071 5536 in
3100 5485 3343 5552 Evange-

1772 5575 1859 5631 liis
1884 5574 2150 5630 Dominus
2174 5574 2447 5646 signiﬁcat
2471 5575 2537 5629 ad
2568 5586 2787 5629 sanctos
2815 5577 3086 5638 apostolos
3117 5578 3340 5633 «licens:

1706 5766 1802 5776 κομιο·
