3734 6298
336 253 444 310 283

1530 265 1587 322 s.
1628 266 1931 323 DIONYSII
1966 246 2435 329 AREOPAGITJE

3512 290 3613 340 ’⁸3154

338 370 512 425 Multa
554 374 719 427 habeo
767 375 910 429 vobis
961 377 1157 443 dicere,
1201 380 1292 433 sed
1326 397 1430 433 non
1456 383 1675 448 potestis
1701 394 1905 450 portare

2082 408 2124 443 ιν
2150 390 2410 458 Θεολόγον
2442 352 2760 463 Γρηγὸριον.
2792 393 2961 448 Τοῦτο
2988 395 3043 448 δὲ
3068 398 3100 467 ἡ
3126 398 3422 463 τελείωσις.
3456 402 3613 454 Ἔστι

336 467 494 518 modo
516 474 568 518 1.
585 467 824 523 Observa
847 485 1083 538 quoque.
1100 472 1143 525 si
1171 473 1369 542 placet,
1388 478 1727 531 sacrosancti
1754 479 1921 548 Spiri-

343 564 428 609 tus
463 555 515 608 in
543 558 802 623 apostolis
829 563 1267 630 susceptionem;
1303 565 1463 618 datus
1486 568 1630 619 enim
1662 568 1764 622 fuit
1800 572 1919 637 pri-

337 662 484 700 mum
518 660 737 718 propter
764 653 944 722 signa,
968 655 1164 709 deinde
1189 671 1319 710 vero
1348 674 1443 727 per
1477 659 1915 728 insumationem,

340 753 405 792 ac
429 744 585 793 tertia
617 743 733 796 vice
760 743 813 798 in
847 745 1046 813 linguis
1078 750 1250 815 igneis
1279 754 1733 816 substantialiter.
1757 767 1813 809 ut
1846 759 1919 812 ita

334 832 458 898 quis
489 834 655 900 dicat,
687 839 988 893 secundum
1024 856 1283 911 magnum
1313 843 1645 916 Theologum
1704 847 1914 919 Grego-

336 923 497 977 rium.
548 924 673 981 l‘lzec
722 937 901 983 autem
950 941 1035 985 est
1080 934 1363 1000 perfectio.
1401 937 1589 992 Liceat
1620 939 1673 992 id
1700 955 1916 1008 quoque

334 1016 494 1070 aliter
532 1019 907 1087 considerare,
936 1038 1001 1077 ac
1036 1027 1269 1093 primum
1299 1031 1514 1096 quidem
1553 1031 1799 1085 ordinem
1829 1033 1914 1085 di—

330 1121 480 1169 cere,
516 1110 583 1162 ad
633 1109 685 1163 id
743 1113 886 1179 quod
944 1116 1198 1183 superius
1228 1127 1333 1184 est,
1365 1120 1772 1189 extensionem;
1803 1138 1918 1177 me-

331 1202 480 1257 dium
513 1220 665 1271 vero,
703 1208 769 1262 ad
802 1209 939 1263 idem
973 1212 1389 1268 conversionem
1429 1225 1593 1285 atque
1633 1217 1915 1272 collectio-

330 1308 485 1360 nem;
519 1306 854 1366 postremum
885 1316 1012 1360 vero
1042 1318 1185 1369 eum,
1215 1304 1304 1373 qui
1330 1306 1472 1373 quod
1495 1307 1783 1363 demissius
1808 1320 1914 1374 est,

327 1384 511 1455 erigit.
547 1385 661 1442 Nisi
683 1391 827 1444 enim
860 1392 983 1461 quis
1005 1397 1235 1450 amando
1265 1399 1331 1449 ad
1356 1398 1540 1451 divina
1561 1401 1910 1465 extendatur,

330 1492 437 1531 non
480 1480 549 1533 ad
599 1481 689 1536 illa
738 1495 1091 1540 convertatur
1128 1503 1193 1542 ac
1235 1490 1543 1558 colligetur,
1575 1502 1740 1561 atque
1775 1494 1912 1548 adeo

327 1569 491 1623 etiam
512 1587 618 1627 non
651 1576 802 1645 ιοι
829 1577 1147 1633 adducetur.
1177 1578 1311 1633 Nam
1338 1582 1441 1634 nisi
1470 1596 1565 1636 cor
1585 1582 1906 1639 calefactum

2025 480 2083 533 δὲ
2115 480 2209 534 καὶ
2242 481 2444 553 ἑτέρως
2479 482 2637 534 τοῦτο
2663 483 2869 553 νοῆσαι,
2906 487 3001 538 καὶ¹
3027 483 3249 558 πρώτην
3284 490 3382 559 μὲν
3408 490 3612 551 εἰπεῖν,

2024 573 2124 643 τὴν
2156 572 2292 643 πρὸς
2318 572 2379 625 τὸ
2415 574 2807 645 ὑπερκείμενον
2854 577 3113 631 ἀνάτασιν
3195 580 3368 651 μέσην
3411 581 3500 640 δὲ,
3522 583 3613 652 τὴν

2028 668 2155 737 περὶ
2188 665 2318 719 αὐτὸ
2354 668 2592 738 στροφὴν
2619 668 2711 719 καὶ
2746 667 3037 731 ωνέλιξινι
3066 670 3379 724 τελευταίαν
3399 672 3482 734 δὲ,
3521 671 3615 741 τὴν

2022 760 2083 811 τὸ
2115 760 2501 832 ὑποδεέστερον
2526 763 2852 830 άνάγουσαν.
2884 766 2947 817 Εἰ
2979 765 3050 836 μὴ
3078 765 3187 837 γὰρ
3209 767 3513 835 ἀγαπήσας
3536 784 3613 828 τις

2025 853 2313 925 ἁναταθείη
2349 854 2483 924 πρὸς
2515 854 2582 906 τὰ
2616 855 2731 907 Θεία
2751 895 2765 917 ,
2813 850 2914 911 οὐκ
2948 857 3013 910 ἂν
3047 858 3175 930 περὶ
3223 860 3405 911 ἐκεῖνα
3443 874 3611 928 στρα-

2023 945 2147 1015 φείη
2183 946 2276 998 καὶ
2311 945 2676 1017 συνελιχθείη·
2728 948 2776 999 εἰ
2808 947 2863 1000 δὲ
2914 948 2987 1018 μὴ
3023 949 3198 1013 τοῦτο,
3240 950 3338 1000 οὐκ
3379 950 3447 1002 ἂν
3487 950 3616 1001 άνα-

2023 1034 2197 1106 χθείη.
2228 1036 2290 1088 Εἰ
2328 1036 2400 1107 μὴ
2439 1036 2547 1107 γὰρ
2586 1038 2618 1106 ἡ
2653 1037 2847 1108 καρδία
2882 1038 3206 1110 θερμανθείη
3251 1041 3313 1091 ἐκ
3349 1040 3453 1109 τῆς
3493 1056 3616 1091 συν-

2023 1126 2180 1196 εχοῦς
2215 1128 2344 1198 περὶ
2374 1127 2434 1180 τὸ
2462 1127 2825 1198 ἀγαπώμενον
2855 1129 3081 1201 μελέτης
3108 1131 3201 1182 καὶ
3236 1130 3487 1200 στροφῆς
3524 1132 3614 1181 καὶ

2024 1217 2261 1283 ἑλίξεως,
2298 1220 2397 1271 οὐκ
2431 1219 2496 1272 ἂν
2528 1221 2819 1293 ἐγκαυοείη
2855 1222 2914 1275 τὸ
2939 1222 3039 1292 τῆς
3072 1221 3363 1290 ἀναγωγῆς
3398 1222 3500 1274 καὶ
3533 1239 3615 1273 τε-

2022 1308 2289 1373 λειώσεως
2319 1310 2451 1381 πῦρ,
2484 1309 2624 1363 κατά
2650 1312 2737 1370 τὸ,
2790 1312 3148 1381 Ἑθερμάνθη
3181 1315 3217 1380 ἡ
3254 1313 3473 1379 καρδιά
3494 1331 3613 1381 μου

2019 1402 2193 1467 ἐντός
2219 1419 2359 1470 μου,
2402 1402 2499 1454 καὶ
2531 1403 2600 1455 ἐν
2631 1402 2706 1470 τῇ
2739 1402 2962 1472 μελέτῃ
3002 1422 3121 1471 μου
3169 1404 3614 1471 ἐγκαυθήσεται

2018 1494 2170 1561 πῦρ·
2247 1494 2404 1547 τοῦτο
2463 1494 2698 1566 ἁρμόσαι
2766 1494 2831 1548 ἂν
2895 1495 2990 1565 καὶ
3040 1496 3132 1547 ἐπὶ
3186 1494 3279 1548 τοῦ
3348 1496 3611 1566 οὐρανίου

2016 1601 2155 1647 νοος.

329 1662 495 1715 fuerit
523 1678 589 1717 ex
622 1669 840 1723 assidua
876 1669 1019 1723 circa
1048 1686 1160 1726 rem
1186 1672 1437 1727 dilectam
1497 1676 1853 1732 meditatione
1903 1685 1959 1731 et
1993 1677 2348 1731 conversione
2409 1677 2855 1749 collectioncque,
2925 1696 3032 1734 non
3074 1681 3406 1735 accendetur
3472 1683 3615 1751 ignis

328 1752 654 1812 elevationis
686 1775 750 1814 ac
791 1760 1158 1829 perfectionis,
1192 1765 1347 1833 juxta
1382 1766 1511 1822 illud
1552 1785 1568 1823 :
1612 1768 1937 1838 Calefactum
1968 1778 2041 1823 est
2080 1786 2172 1822 cor
2218 1787 2391 1825 meum
2429 1774 2571 1825 intra
2623 1791 2723 1838 me,
2784 1782 2833 1828 et
2877 1776 2929 1828 in
2972 1775 3307 1828 meditatione
3355 1790 3481 1827 mea
3518 1789 3613 1827 ex-

328 1846 561 1900 ardescet
597 1850 730 1919 ignis
760 1860 781 1888 κ
817 1866 833 1905 :
864 1856 1007 1922 quod
1066 1858 1232 1911 menti
1279 1873 1495 1927 quoque
1531 1861 1737 1915 caelesti
1772 1862 2084 1931 quadrabit.

358 2002 3564 2040 ...α-Ἠ

804 2163 1183 2255 CAPUT
1249 2170 1428 2257 ΧΙ.

331 2293 440 2348 ειν·
467 2312 643 2350 omnes
669 2302 898 2352 calestes
962 2312 1165 2354 ηιιιιιναε
1195 2306 1460 2358 communi
1498 2307 1705 2362 nomine
1742 2307 1904 2363 virtu-

760 2378 834 2421 tes
874 2369 1105 2425 caeleues
1130 2374 1485 2441 appellantur.

2390 2169 3035 2267 ΚΕΦΑΛΑΙΟΝ
3076 2170 3235 2279 ΙΑζ.

2015 2303 2118 2357 Διὰ
2164 2304 2221 2357 τί
2263 2302 2452 2358 πᾶσαι
2495 2307 2554 2357 αἱ
2599 2304 2867 2371 οὐράνιαι
2910 2309 3144 2371 οὐσίαι,
3197 2312 3346 2363 κατὰ
3392 2309 3607 2364 κοινοῖ

2333 2374 2613 2445 δύναμεις
2635 2375 2903 2443 οὐράνιαι
2930 2380 3274 2433 καλοῦνται.

1634 2507 1965 2565 SYNOPSIS
2003 2508 2295 2564 CAPITIS.

324 2682 362 2732 Ι.
394 2682 555 2765 Docet,
582 2682 793 2734 cmlestes
810 2698 981 2765 omnes
999 2685 1203 2765 ερὶνίειιε
1235 2702 1329 2739 non
1353 2690 1525 2741 eadem
1545 2689 1731 2765 ratione
1752 2689 1968 2765 riuales,
1987 2705 2082 2765 qua
2104 2689 2300 2758 angelos
2318 2692 2497 2765 vocari.
2516 2694 2584 2765 .Il.
2611 2697 2797 2765 Nomen
2829 2693 2930 2765 hoc.
2943 2707 3193 2765 commune
3229 2693 3460 2765 virtutum
3510 2714 3605 2748 non

389 2741 693 2821 introducere
715 2741 1287 2821 conlusionen'tordinnm
1304 2766 1364 2800 ac
1383 2741 1863 2821 proprietqtudgﬁsed
1897 2741 2654 2821 sicatomné'sessentia,virtute
2675 2764 2719 2807 et
2742 2755 3021 2821 operatione
3061 2762 3296 2819 constant,
3346 2756 3415 2807 ita
3453 2765 3604 2811 mede

382 2802 579 2868 quidem
598 2802 847 2870 essentia's,
871 2808 1017 2861 modo
1038 2824 1151 2862 vero
1175 2802 1687 2893 virtutes'et’énergias
1713 2802 2000 2882 nioicupa'ﬁ;

1886 2970 1997 3042 δι.

400 3102 494 3157 liis
546 3104 619 3156 ita
673 3103 936 3170 deﬁnitis,
996 3105 1129 3160 illud
1179 3108 1628 3165 consideratione
1658 3110 1905 3180 ilignum,

322 3211 421 3249 cur
476 3209 668 3248 omnes
724 3196 891 3248 simul
945 3198 1222 3266 angelicas
1295 3204 1603 3267 essentias,
1669 3203 1905 3258 virtutes

320 3288 573 3342 cwlestes
620 3288 891 3355 appellare
942 3290 1211 3345 soleamus
1229 3304 1279 3347 ι.
1313 3292 1499 3363 Neque
1552 3296 1721 3361 enim,
1760 3296 1899 3349 utin

324 3379 537 3447 angelis
560 3380 745 3434 dicere
774 3396 1088 3447 possumus,
1113 3394 1427 3439 sanctarum
1459 3386 1606 3440 illam
1635 3389 1897 3441 virtutum

323 3475 674 3530 novissimam
704 3491 824 3529 esse
854 3477 1288 3533 distributionem
1327 3498 1341 3534 :
1373 3492 1534 3551 atque
1557 3485 1897 3554 superiorum

320 3568 537 3637 quidem
578 3569 938 3623 essentiarum
988 3570 1397 3640 dispositiones,
1427 3586 1676 3630 sanctam
1720 3590 1773 3634 et
1801 3581 1897 3634 de-

320 3676 506 3713 coram
565 3662 986 3715 novissimarum
1059 3663 1478 3721 illustrationem
1540 3672 1894 3742 participare,

315 3766 474 3806 secus
500 3768 663 3821 quam
695 3754 897 3808 ultimae
929 3755 1249 3824 primarum.
1284 3758 1365 3814 Ob
1388 3776 1619 3831 eamque
1650 3779 1893 3830 causam,

318 3845 579 3900 «mlestes
610 3846 831 3917 quidem
878 3848 1110 3903 virtutes
1151 3865 1367 3915 omnes,
1417 3854 1631 3910 divinos
1668 3857 1930 3931 spiritus.

314 3937 598 4004 appellari,
627 3938 903 4006 scraphim
938 3949 1120 3994 autem
1149 3951 1203 3997 et
1237 3944 1465 3999 thronos
1506 3955 1671 4016 atque
1717 3949 1896 4004 donti-

316 4030 571 4085 nationes
602 4031 756 4085 nullo
788 4033 977 4098 modo;
1014 4035 1322 4091 novissimae
1346 4039 1614 4108 siquidem
1647 4045 1895 4111 superio-

318 4136 438 4175 rum
467 4125 834 4193 proprietates
866 4127 1009 4181 ltaud
1045 4130 1342 4184 universim
1372 4134 1722 4205 participant.
1779 4135 1896 4189 An-

312 4213 414 4280 εθιιί
448 4214 655 4284 itaque,
683 4226 738 4270 et
768 4225 896 4271 ante
922 4221 1151 4288 angelos
1189 4222 1501 4290 archangeli
1535 4236 1590 4279 et
1618 4228 1895 4297 principa-

314 4312 402 4356 tus
449 4318 515 4356 ac
570 4316 891 4373 potesmtes,
941 4322 1067 4361 cmn
1105 4320 1232 4379 post
1263 4312 1490 4368 virtutes
1532 4330 1563 4367 a
1622 4317 1890 4388 theologia

314 4395 670 4462 collocentur,
708 4397 1027 4465 frequenter
1075 4416 1104 4452 a
1138 4401 1293 4455 nobis
1331 4418 1435 4456 una
1476 4420 1599 4459 cum
1640 4407 1761 4462 aliis
1790 4426 1888 4463 na-

314 4486 450 4541 turis
477 4490 704 4555 sanctis,
733 4488 983 4545 caelestes
1013 4492 1218 4561 passim
1252 4492 1494 4549 Virtutes
1524 4498 1886 4565 appellantur.

2082 3111 2299 3165 Τούτων
2330 3112 2386 3166 δὲ
2419 3113 2809 3186 διωρισμένων,
2844 3120 3020 3176 ἐκεῖνο
3051 3123 3199 3190 ἄξιον
3229 3127 3505 3197 ἐννοῆσαι,
3532 3132 3599 3185 δι’

2007 3204 2075 3275 ἢν
2106 3204 2283 3257 αἰτίαν
2311 3207 2529 3270 ἁπάσας
2567 3208 2702 3278 όμοῦ
2732 3210 2830 3273 τὰς
2869 3213 3166 3282 ἀγγελικάς
3206 3219 3392 3283 οὐσίας
3430 3222 3597 3277 δυνά-

2009 3314 2132 3365 μεις
2164 3297 2417 3368 οὐρανίας
2451 3299 2633 3353 καλεῖν
2666 3301 2955 3372 εἰώθαμεν.
2984 3307 3057 3358 Οὐ
3093 3308 3200 3379 γάρ
3222 3309 3368 3363 ἔστιν
3392 3315 3595 3377 εἰπεῖν,

2003 3386 2078 3449 ὡς
2110 3387 2201 3441 ἐπὶ
2232 3389 2340 3441 τῶν
2374 3391 2638 3459 ἀγγέλων,
2686 3395 2767 3446 ὅτι
2820 3397 3010 3450 πασῶν
3059 3400 3205 3453 ἐστιν
3238 3404 3443 3477 ἐσχάτη
3477 3407 3600 3460 δια-

2006 3478 2292 3549 κόσμησις,
2393 3481 2499 3534 τῶν
2532 3483 2701 3551 ἁγίων
2733 3485 3033 3558 δυνάμεων,
3075 3491 3167 3543 καὶ
3200 3494 3299 3562 τῆς
3336 3496 3435 3565 μὲν
3482 3499 3594 3550 τῶν

2004 3569 2249 3638 ἐσχάτων
2284 3571 2651 3642 άγιοπρεποῦς
2684 3574 3002 3646 ὲλλάμψεως
3024 3619 3039 3641 ,
3094 3584 3149 3634 αἱ
3182 3583 3290 3635 τῶν
3326 3586 3593 3657 ὑπερκεια

2005 3661 2181 3729 μένων
2230 3662 2426 3715 οὐσιῶν
2466 3663 2853 3735 διακοσμήσεις
2894 3670 3241 3741 μετέχουσιν,
3295 3679 3349 3730 αἱ
3400 3678 3592 3732 τελευ-

1998 3756 2147 3805 ταῖαι
2186 3753 2242 3806 δὲ
2284 3753 2393 3807 τῶν
2434 3754 2665 3824 πρώτων
2711 3758 2987 3829 οὐδαμῶς·
3034 3765 3128 3816 καὶ
3172 3767 3363 3820 τούτου
3404 3771 3590 3841 χάριν,

1997 3845 2245 3916 οὐράνιαι
2282 3845 2379 3915 μὲν
2412 3846 2686 3916 δυνάμεις,
2723 3849 2959 3915 ἅπαντες
2990 3856 3038 3906 οί
3074 3854 3206 3909 θεῖοι
3240 3858 3359 3922 νόες
3386 3861 3591 3932 ὀνομά-

1996 3935 2200 4000 ζονται,
2233 3938 2476 4007 σεραφὶμ
2506 3937 2583 4003 δὲ,
2621 3941 2716 3993 καὶ
2757 3940 2957 4011 θρόνοι,
2994 3946 3087 3997 καὶ
3122 3950 3462 4021 κυριότητες,
3498 3955 3591 4006 οὐ-

1993 4025 2181 4095 δαμῶς
2200 4044 2212 4057 ·
2250 4027 2542 4097 ἀμέοεκτοι
2576 4028 2683 4101 γὰρ
2710 4034 2765 4084 αἱ
2793 4033 3096 4090 τελευταῖαι
3124 4038 3233 4091 τῶν
3264 4041 3589 4113 ὐπερτάτων

1994 4119 2134 4170 εἰσιν
2166 4118 2362 4171 ὃλικῶν
2398 4119 2695 4191 ἱδιοτήτων.
2737 4126 2798 4176 OE
2825 4124 2934 4196 γάρ
2960 4125 3178 4195 ἄγγελοι
3207 4133 3301 4185 καὶ
3337 4134 3445 4204 πρὸ
3475 4137 3589 4189 τῶν

1994 4206 2237 4275 ἀγγέλων
2264 4208 2593 4279 ἀρχάγγελοι
2618 4252 2632 4275 ,
2669 4214 2764 4266 καὶ
2790 4215 2981 4286 ἀρχαὶ,
3035 4220 3129 4273 καὶ
3172 4220 3409 4286 ἐξουσίαι
3445 4226 3589 4294 μετὰ

1991 4297 2089 4362 τὰς
2131 4300 2397 4369 Δυνάμεις
2431 4302 2534 4355 ὑπὸ
2571 4304 2672 4373 τῆς
2713 4305 2989 4376 θεολογίας
3034 4314 3385 4382 ταττόμενοι,
3439 4318 3586 4371 κατὰ

1999 4389 2175 4443 κοινοῦ
2204 4389 2459 4454 πολλάκις
2493 4394 2583 4463 ὑφ’
2626 4395 2780 4465 ἡμῶν
2828 4399 2961 4468 ὁμοῦ
3008 4404 3129 4465 ταῖς
3174 4403 3361 4469 ἄλλαις
3398 4407 3585 4476 ἁγίαις

1999 4481 2213 4545 οὐσίαις
2237 4519 2252 4544 ,
2296 4482 2539 4554 οὐράνιαι
2571 4484 2828 4557 δυνάμεις
2860 4489 3278 4546 ἀποκαλοῦνται.

1848 4662 1989 4737 gn.

382 4791 761 4850 Verumtamen
801 4810 1085 4866 negamus,
1119 4813 1237 4867 nos,
1281 4815 1406 4854 cum
1454 4802 1731 4856 communi
1770 4817 1881 4858 co;-

2082 4806 2239 4877 ἷιαμὲν
2263 4807 2338 4871 δὲ,
2367 4807 2446 4861 ὅτι
2479 4811 2674 4875 κοινῶς
2724 4813 2816 4866 ἐπὶ
2848 4817 3048 4882 πάσαις
3068 4820 3111 4852 ⁸⁸
3147 4824 3477 4894 κεχρημένοι
3506 4832 3575 4901 τῇ

310 4882 524 4940 lestium
563 4889 823 4942 virtutum
853 4892 1071 4945 nomine
1104 4891 1158 4945 in
1192 4892 1450 4947 omnibus
1480 4894 1717 4957 utimur,
1748 4910 1882 4949 con-

3309 4882 3340 4894 ..
3549 4882 3575 4901 ..

2082 4917 2093 4950 l
2128 4901 2391 4972 οὐρανίων
2418 4904 2702 4975 ἐπωνυμίᾳ
2725 4906 3028 4978 δυνάμεων,
3059 4912 3119 4962 οὐ
3162 4912 3425 4984 σύγχυσίν
3454 4934 3577 4971 τινα

308 4973 575 5030 fusionem
600 4978 761 5033 ullam
786 4981 1049 5049 cujusque
1068 4982 1273 5037 ordinis
1298 4985 1689 5053 proprietatum
1714 4985 1883 5042 intro-

1985 4988 2093 5039 τῶν
2159 4990 2396 5062 ἑκάστης
2452 4991 2861 5065 διακοσμήσεως
2918 4998 3193 5070 ίδιοτήτων
3246 5005 3573 5077 εἰσάγομενο

308 5066 546 5133 ducere;
572 5072 667 5125 sed
706 5074 964 5141 quoniam
1002 5075 1054 5127 in
1084 5076 1187 5129 tria
1218 5091 1410 5131 omnes
1436 5078 1633 5133 divina:
1673 5090 1883 5134 mentes

2087 5082 2099 5099 ’
2134 5081 2319 5151 ἐπειδὴ
2348 5084 2427 5145 είς
2458 5084 2585 5151 τρία
2611 5084 2899 5156 διῄρηνται
2925 5088 3002 5159 τῷ
3030 5066 3151 5144 κατ’
3177 5066 3577 5169 αὐτοὺς-ὑπερ-

309 5160 516 5212 cmlesti
558 5162 767 5217 ratione
792 5179 887 5218 sua
912 5165 1100 5221 divisae
1129 5176 1277 5232 sunt,
1312 5170 1362 5222 in
1405 5170 1698 5224 essentiam
1740 5169 1885 5225 vide-

2082 5172 2195 5241 μίῳ
2220 5172 2363 5243 λόγῳ
2390 5174 2589 5237 πάντες
2630 5176 2760 5229 Θεῖοι
2793 5180 2912 5243 νόες
2932 5220 2945 5243 ,
2981 5184 3062 5243 είς
3099 5184 3307 5250 οὐσίαν,
3350 5189 3445 5240 καὶ
3476 5189 3568 5241 δύο

309 5243 457 5312 licet,
483 5258 538 5302 et
564 5249 616 5305 in
644 5252 919 5319 virtutem,
939 5266 992 5309 ct
1021 5257 1073 5308 in
1101 5258 1497 5324 operationem,
1523 5276 1877 5324 cumomnes,

1985 5279 2167 5332 ναμιν,
2204 5267 2296 5317 καὶ
2329 5265 2626 5336 ἐνέργειαν,
2663 5269 2790 5322 ὅταν
2817 5270 3063 5337 ἅπαντας
3083 5317 3097 5340 ,
3142 5276 3173 5345 ἢ
3203 5277 3356 5342 τινὰς
3390 5281 3569 5333 αὐτῶν

309 5344 402 5387 aut
433 5337 645 5407 aliquas
670 5357 880 5408 earum,
910 5346 1384 5403 indiscriminatim
1414 5351 1663 5406 caelestes
1688 5366 1878 5406 essen-

2082 5358 2420 5427 ιρατηρήτως
2445 5359 2699 5430 οὐρανίας
2720 5362 2927 5429 οὐσίας,
2961 5365 2995 5436 ἦ
3023 5337 3278 5437 οὐρανίας
3310 5337 3566 5443 mdvig-.4

413 5463 442 5503 1
469 5455 624 5514 Jnan.
652 5475 763 5527 xvi,
804 5461 887 5516 l2.
967 5469 989 5497 ι
1030 5460 1173 5515 Psal.
1211 5478 1438 5528 xxxvttt,
1470 5464 1524 5519 4.
1638 5461 1843 5518 αΡεηΙ.
1874 5481 1905 5519 x

2082 5484 2245 5532 .xxix,
2297 5484 2389 5526 cu.

967 5469 989 5497 ι
1030 5460 1173 5515 Psal.
1211 5478 1438 5528 xxxvttt,
1470 5464 1524 5519 4.

1605 5623 1839 5679 VARLE
1877 5623 2275 5683 LECTIONES.

387 5728 432 5761 ἰ
467 5729 587 5785 Alia
630 5732 791 5789 lectio
839 5746 1055 5794 notatur
1094 5739 1146 5797 in
1187 5741 1283 5796 Ch.
1319 5742 1411 5797 ἐπὶ
1447 5744 1599 5798 πᾶσι.
