3734 6310
57 305 191 363 285
758 303 847 361 DE
877 302 1204 363 ωειιεετι
1237 303 1683 373 HIERARCHIA,
1717 308 1875 365 CAP.
1915 307 2007 364 XI.
2042 340 2114 348 —
2146 307 2474 367 CORDERII
2502 308 2732 368 ΝΟΤᾸΞ.
3269 313 3374 367 Ξῗϐ

61 421 483 495 ἀωκαλοῦμεν
504 423 574 487 ³⁸,
609 422 806 486 αὐτοὺς
840 424 1287 495 περιφραστικῶς
1316 426 1441 488 τοὺς
1465 441 1532 478 πε

1900 446 1927 489 ῑ,
1984 424 2071 478 vel
2125 423 2382 480 caelestes
2432 425 2664 480 virtutes
2719 426 3074 496 appellamus,
3129 441 3243 491 cas,
3309 432 3374 483 de

57 520 88 569 ὁ
119 516 301 585 λόγος
336 516 624 589 ἐμφαίνειν
656 516 802 587 ἡμᾶς
836 516 1046 586 οἰητέον
1078 517 1142 570 ὲκ
1172 517 1269 587 τῆς
1308 516 1431 569 καθ’
1458 517 1531 569 ’ἐκέ

1897 519 1990 573 bus
2036 531 2217 572 sermo
2249 525 2354 581 est,
2406 517 2734 573 circuitione
2781 519 3093 574 describere
3150 524 3371 591 putandi

60 609 271 661 αὐτῶν
305 609 497 673 οὐσίας
521 608 555 679 ἢ
583 608 895 679 δυνάμεως’
925 609 1047 661 οὐδὲ
1090 609 1199 680 γὰρ
1231 610 1329 681 τὴν
1358 612 1534 683 ὑπερκ

1896 623 2002 673 ius,
2024 622 2089 661 ex
2120 623 2183 661 ea
2216 622 2339 676 qme
2369 608 2526 677 102
2559 607 2786 677 singulis
2809 625 2995 664 earum
3025 612 3163 666 inest
3188 627 3370 667 essen-

62 719 178 771 νην
246 701 488 773 ἰδιότητα
543 701 653 754 τῶν
698 701 798 772 ἤδη
856 700 1036 764 καλῶς
1083 703 1213 772 ἡμῖν
1258 703 1536 774 διακεκριρ

1944 700 2032 754 vel
2094 700 2311 753 virtute.
2362 698 2549 765 Neque
2593 698 2738 753 enim
2795 700 2876 755 l'as
2925 703 2996 755 sit
3041 704 3370 758 eminentem

66 791 267 859 ἁγίων
295 790 605 861 δυνάμεων,
642 791 736 843 καὶ
775 793 896 853 ταῖς
940 792 1257 861 ὑφειμέναις
1288 791 1483 855 ὁλικῶς
1516 810 1540 844 τ

1898 808 1941 846 m
1993 801 2311 846 sanctarum
2375 792 2637 845 virtutum
2687 794 3071 861 proprietatem
3130 812 3159 847 a
3218 798 3372 851 nobis

68 883 292 935 ἅπτειν
340 882 582 948 οὐσίαις,
636 883 723 935 ἐπ’
758 884 1038 954 ἀνατροπῇ
1084 884 1182 954 τῆς
1228 883 1532 954 ἀσυγχύτου

1895 885 2039 939 irite
2084 885 2372 954 digestam,
2418 882 2770 940 inferioribus
2816 887 3027 940 naturis
3073 888 3369 944 universim

68 974 408 1043 ἀγγελικῶν
458 974 767 1044 διακόσμων
815 975 1155 1045 ταξιαρχίας.
1215 974 1373 1028 Κατὰ
1435 974 1542 1046 γὰρ

1898 975 2122 1037 'ibuere,
2147 976 2291 1030 mide
2325 976 2644 1031 inconfusus
2672 979 2759 1031 ille
2786 980 3152 1047 angelicarum
3180 981 3372 1033 distin-

71 1068 363 1131 πολλάκις
412 1070 545 1139 ἡμῖν
594 1068 771 1139 ὀρθῶς
818 1068 1151 1122 ἀποδοθέντα
1202 1069 1359 1138 λόγον
1384 1110 1398 1135 ,
1472 1071 1527 1123 αἱ

1895 1082 2035 1120 mum
2068 1066 2203 1120 ordo
2236 1068 2674 1136 perturliaretiir.
2710 1067 2871 1122 Juxta
2912 1070 3056 1122 enim
3106 1072 3369 1123 rationem

74 1161 539 1233 ὐπερὸεὸηκυῖαι
588 1161 978 1233 διακοσμήσεις
1034 1162 1307 1233 περισσῶς
1350 1162 1533 1233 ἔχουσι

1897 1176 1903 1211 ι
1936 1174 1966 1212 a
1993 1158 2149 1212 nobis
2180 1173 2323 1227 saepe
2353 1159 2645 1224 redditam,
2684 1160 2996 1229 superiores
3034 1162 3148 1216 ista:
3174 1148 3371 1217 distiu-

72 1254 188 1316 τὰς
232 1252 348 1306 τῶν
383 1253 689 1323 ὑφειμένων
716 1252 867 1323 ἱερὰς
898 1252 1183 1324 ἰδιάτητας,
1220 1255 1275 1307 αἱ
1305 1254 1361 1306 δὲ
1385 1254 1546 1306 τελευι

1897 1265 2008 1305 mes
2036 1250 2357 1305 inferiorum
2394 1266 2613 1320 quoque
2644 1266 2833 1306 sacras
2872 1254 3232 1321 proprietates
3275 1255 3371 1308 ab-

72 1346 191 1408 τὰς
246 1344 362 1398 τῶν
408 1344 792 1415 πρεσϐυτέριον
837 1345 1238 1416 ὑπερκειμένας
1282 1345 1539 1417 ὁλότητας

1892 1344 1940 1397 Ie
1980 1344 2285 1408 continent,
2320 1344 2630 1400 novis'siinai
2662 1360 2793 1399 vero
2820 1346 3188 1414 antiquiorum
3234 1350 3366 1401 emi-

76 1438 315 1508 ἔχουσι,
355 1437 596 1508 μερικῶς
633 1439 713 1500 εἰς
742 1436 911 1501 αὑτὰς
945 1436 1053 1489 τῶν
1088 1438 1458 1509 πρωτοφανῶν
1487 1437 1550 1490 ex

1898 1438 2054 1492 ilibus
2076 1438 2198 1493 istis
2220 1438 2669 1493 universitatibus
2695 1449 2910 1501 carent,
2944 1440 3234 1509 primitivis
3254 1442 3372 1497 istis

74 1530 242 1599 ψεων
276 1530 370 1583 διὰ
400 1528 509 1584 τῶν
542 1528 774 1601 πρώτων
806 1529 1081 1599 ἀναλόγως
1104 1530 1293 1592 αὑταῖς
1319 1529 1546 1601 διαπορο

1895 1532 2255 1588 strationibus
2301 1531 2355 1586 in
2388 1531 2512 1587 illas
2550 1546 2651 1601 pro
2678 1531 2941 1601 cujusque
2969 1543 3128 1602 captu
3162 1534 3363 1602 partili-

78 1625 330 1694 ομένων.

1801 1632 1887 1677 ter
1913 1622 2196 1679 derivatis.

1270 1869 1815 1928 ADNOTATIONES
1850 1872 2201 1928 CORDERII.

162 2009 195 2083 ᾗ
226 2008 285 2083 1.Δ
305 2006 617 2083 Notandum
648 2006 739 2083 liic
767 2020 835 2061 ex
866 2005 1150 2083 Dionysio,
1183 2007 1329 2083 quod
1380 2008 1610 2083 virtutes
1657 2010 1709 2063 in
1740 2009 1950 2082 angelis
1989 2010 2245 2083 dicantur
2268 2010 2560 2079 dupliciter
2594 2026 2610 2067 :
2640 2011 2972 2083 quandoque
2994 2013 3139 2068 enim
3176 2028 3372 2069 nomen

84 2077 321 2136 virtutis
360 2080 453 2133 uni
484 2077 661 2132 ordini
693 2079 1079 2148 appropriatur
1105 2080 1197 2146 qui
1230 2080 1533 2133 secundum
1562 2080 1736 2148 ipsum
1766 2077 1850 2135 es't
1890 2082 2103 2135 mediiis
2131 2083 2320 2136 mediae
2345 2077 2695 2146 'liierarcliiaé,
2719 2077 3022 2138 secundum
3077 2100 3206 2138 vero
3237 2084 3356 2139 Gre-

88 2154 345 2221 gorium,
371 2150 520 2204 liom.
549 2149 636 2221 HA,
668 2149 743 2221 inv
764 2146 1071 2221 Evangelia,
1100 2157 1183 2202 est
1209 2163 1501 2217 supremus
1528 2146 1725 2204 inﬁmae
1754 2150 2105 2206 liierarcbim.
2140 2151 2261 2206 Alio
2298 2154 2460 2206 modo
2482 2154 2717 2206 sumitur
2744 2155 3130 2217 communiter,
3166 2155 3374 2210 scilicet

88 2217 195 2292 pro
227 2221 489 2277 omnibus
520 2217 1170 2292 QtﬁlC§libllS__Spll‘lllll_llS,
1199 2230 1468 2292 quatenus
1516 2222 1776 2275 nimirum
1807 2231 1935 2274 sunt
1966 2221 2019 2274 in
2051 2222 2471 2291 participatione
2504 2224 2721 2277 virtutis
2747 2223 2966 2289 divinze.
3000 2223 3149 2278 llanc
3180 2226 3361 2278 distiu-

86 2284 343 2349 ctionem
374 2284 601 2364 seculii_s_
624 2289 781 2342 divus
820 2284 1054 2364 Thomas
1082 2290 1135 2342 in
1173 2284 1345 2364 prima
1374 2300 1785 2364 parte,»qu:nst.
1850 2292 1973 2351 108.
2011 2284 2190 2364 artic.
2214 2284 2269 2364 5,
2302 2294 2372 2345 ad
2418 2292 2441 2345 l
2484 2311 2497 2347 :
2536 2313 2554 2344 ι
2601 2288 2815 2357 Virtus,
2860 2294 3058 2364 inquit,
3084 2294 3371 2362 dupliciter

86 2364 271 2432 accipi
315 2358 679 2432 potest._Uno
717 2360 878 2432 modo
934 2361 1318 2432 communiter,
1375 2358 1677 2432 secundum
1728 2365 1870 2430 quod
1926 2370 2010 2416 est
2054 2363 2227 2416 media
2260 2363 2407 2417 inter
2435 2365 2729 2418 essentiam
2765 2372 2820 2416 et
2859 2358 3237 2432 operationem
3278 2388 3287 2419 :
3320 2376 3371 2421 et

88 2437 174 2490 sic
217 2429 420 2486 omnes
452 2430 702 2485 caelestes
745 2430 991 2498 spiritus,
1031 2429 1283 2484 caelestes
1336 2430 1569 2485 virtutes
1617 2429 2021 2497 nuncupantur,
2075 2433 2220 2486 sicut
2244 2442 2301 2486 et
2335 2432 2585 2488 caelestes
2609 2429 3047 2490 essentiarfAlio
3073 2436 3253 2495 modo.
3288 2452 3376 2489 se-

90 2506 341 2561 cundum
399 2500 542 2570 quod
589 2500 846 2572 importat
895 2500 1196 2572 quemdam
1228 2516 1514 2555 excessum
1582 2501 1916 2557 fortitudinis
1964 2520 1978 2556 :
2022 2511 2093 2572 et
2145 2502 2225 2557 sic
2253 2511 2338 2557 est
2384 2505 2662 2572 proprium
2698 2519 2892 2559 nomen
2936 2506 3168 2561 ordinis.
3220 2505 3372 2560 Unde

91 2573 571 2645 Dionysiiis__cap.
620 2571 678 2645 8_,
721 2572 859 2625 dixit
909 2584 1107 2645 nomen
1152 2571 1410 2645 virtutum
1468 2572 1781 2645 signilicare
1836 2571 2125 2645 quamdam
2170 2571 2497 2645 virileniﬁet’
2538 2576 2917 2630 inconcussam
2966 2576 3371 2639 fortitudinem,

90 2640 275 2727 primo
328 2641 546 2727 qnidem
592 2643 659 2695 ad
711 2656 901 2727 omnes
946 2640 1159 2694 divinas
1194 2641 1540 2727 operationes
1573 2642 1705 2711 ipsis
1728 2644 2126 2727 convenientes
2154 2661 2167 2696 :
2194 2644 2437 2727 secundo
2476 2647 2543 2727 ad
2586 2646 2771 2727 divina
2795 2646 3172 2727 suscipienda,
3202 2656 3369 2727 atque

92 2711 170 2771 iia
224 2714 505 2783 significat
552 2725 648 2766 eas
686 2714 803 2768 sine
848 2714 1045 2766 timore
1069 2712 1288 2781 aggredi
1318 2711 1499 2765 divina
1528 2727 1649 2782 qua:
1675 2713 1743 2767 ad
1781 2712 1929 2783 ipsas
1954 2714 2250 2783 pertinent,
2284 2715 2429 2784 quod
2452 2715 2670 2770 videtur
2697 2717 2765 2771 ad
2791 2711 3170 2771 fortitudinem
3206 2711 3372 2769 animi

144 2787 396 2841 :rtinere.
446 2801 465 2834 ι

92 2806 493 2930 μξιᾟῗὲἷόιξ,
541 2867 639 2922 per
662 2852 896 2930 virtutes
924 2864 983 2930 et
1004 2851 1261 2930 energies
1303 2868 1399 2908 seu
1431 2853 1809 2930 operationes,
1847 2868 1953 2930 non
1984 2863 2046 2930 _ut
2091 2854 2144 2907 in
2190 2854 2347 2930 nobis
2376 2855 2674 2930 qualitates
2726 2856 2943 2924 aliquas
2973 2856 3371 2930 accidentarias

93 2922 361 2995 iiil'elligi,
388 2924 482 2978 sed
511 2933 571 2977 ιιι
596 2932 817 2995 sanctus
849 2922 1119 2980 Maximus
1142 2922 1209 2977 ad
1250 2935 1412 2993 caput
1436 2922 1689 2994 quartum
1720 2924 1796 2978 De
1828 2924 2023 2978 divinis
2076 2922 2517 2990 nominibus'ait,
2551 2927 2796 2995 ipstemet
2823 2922 3017 2979 omnes
3046 2936 3255 2981 mentes
3293 2928 3364 2980 in-

95 2994 415 3060 tellectiles,
443 3001 500 3048 et
524 2994 915 3066 intelligeiites,
941 2996 1362 3057 etsiihstantiie,
1395 3007 1451 3048 et
1476 2996 1729 3058 virtutes,
1752 3004 1807 3048 et
1839 2997 2075 3065 energire
2101 3004 2229 3049 sunt
2264 3012 2278 3047 :
2311 2994 2619 3066 intelligunt
2640 2999 2783 3050 enim
2815 3006 2872 3049 et
2918 2997 3070 3064 ipsie,
3095 2997 3222 3065 quia
3256 3012 3374 3050 oni-

95 3085 190 3124 nes
227 3073 614 3137 suntmenles,
645 3068 1085 3137 etisubstantiaz.
1121 3068 1265 3137 vitai,
1297 3081 1327 3118 a
1360 3076 1543 3119 mente
1590 3079 1841 3137 suprema
1877 3079 2104 3137 creatis.
2127 3066 2237 3118 imo
2264 3075 2319 3119 et
2349 3068 2587 3137 energiaa
2638 3067 2745 3121 illic
2781 3082 2878 3135 per
2920 3082 2979 3120 se
3011 3067 3370 3120 subsistentes

94 3152 228 3194 sunt
251 3146 308 3190 et
336 3135 677 3206 substantiae.
710 3136 777 3191 Et
806 3138 873 3191 ad
902 3153 1031 3206 cap..
1054 3137 1085 3189 7
1111 3205 1114 3206 ν
1139 3134 1372 3189 Caelestis
1404 3134 1715 3189 hierarchia:
1761 3136 2019 3206 aitidem
2060 3134 2345 3197 Maximus,
2383 3134 2638 3192 non'esse
2667 3134 2889 3191 lial-itus
2923 3137 2976 3189 in
3013 3138 3229 3206 angelis
3256 3148 3360 3189 tati-

92 3223 267 3278 quam
300 3205 559 3278 accidens
582 3205 635 3258 in
667 3208 947 3278 subjecto;
976 3205 1121 3277 quod
1160 3220 1265 3259 non
1297 3207 1472 3259 solum
1508 3222 1697 3278 verum
1722 3215 1807 3278 est
1852 3205 1906 3259 iii
1949 3207 2238 3278 liabitibus
2267 3210 2667 3273 materialihus,
2696 3217 2752 3261 ut
2778 3216 3007 3262 sanctus
3053 3205 3293 3260 Thomas
3318 3207 3371 3259 in

97 3273 149 3344 ι’,
184 3294 250 3343 ιι,
300 3274 462 3347 (μδ,
496 3273 551 3328 in
589 3291 731 3347 resp.
761 3273 827 3331 ad
859 3277 912 3344 l,
953 3273 1348 3345 interpretatus
1379 3287 1483 3341 est,
1508 3280 1636 3345 quia
1670 3276 1978 3344 liujusmodi
2035 3278 2276 3342 habitus,
2313 3288 2369 3330 ut
2402 3280 2542 3333 idem
2576 3279 2673 3343 ait,
2719 3288 2847 3332 sunt
2879 3278 3271 3347 dispositiones
3304 3278 3371 3330 ad

93 3365 219 3405 esse
244 3344 531 3411 naturale;
567 3346 867 3413 cuiusmodi
902 3344 1123 3401 habitus
1151 3363 1255 3399 non
1283 3348 1485 3402 habent
1513 3344 1690 3401 locum
1736 3348 1789 3399 in
1823 3348 2055 3417 angelis,
2087 3348 2215 3416 quia
2248 3351 2480 3402 materia
2507 3358 2718 3409 carent,
2753 3348 2941 3417 quales
2969 3344 3097 3401 sunt
3128 3348 3369 3417 proprie-

95 3432 242 3475 tates
275 3418 528 3487 quaedam
570 3418 875 3481 naturales,
927 3434 1046 3487 qua:
1074 3418 1127 3470 in
1178 3418 1433 3471 animatis
1462 3428 1518 3471 et
1563 3416 1883 3470 iiianiuiatis
1910 3418 2280 3487 reperiuntur,
2312 3427 2368 3472 et
2399 3423 2465 3472 ad
2508 3416 2801 3473 secundam
2831 3419 3067 3486 speciem
3091 3416 3371 3487 qualitatis

95 3490 399 3561 pertinent,
422 3502 543 3555 quae
580 3487 837 3561 potentia;
874 3492 1040 3543 etiam
1071 3489 1351 3561 naturales
1381 3489 1671 3561 dicuntur;
1708 3505 1813 3542 non
1844 3489 2042 3561 solum,
2096 3489 2340 3558 inquam,
2385 3491 2435 3542 iii
2484 3490 2792 3556 huiusmodi
2828 3489 3105 3542 habilibus
3128 3499 3184 3541 et
3214 3489 3367 3543 acci-

96 3558 358 3615 dentibus
380 3572 568 3610 verum
592 3566 710 3621 est,
735 3558 831 3612 sed
857 3561 1022 3613 etiam
1078 3558 1131 3612 iii
1164 3559 1445 3629 habilibus
1488 3560 1579 3629 qui
1610 3569 1736 3611 sunt
1772 3559 2088 3626 qualitates,
2119 3572 2177 3612 et
2214 3561 2281 3613 ad
2307 3561 2535 3627 primaut
2577 3563 2819 3628 speciem
2850 3561 2904 3612 iii
2948 3561 3375 3627 praedicauieuto

95 3629 383 3701 qualitatis
408 3629 727 3701 pertinent;
760 3644 909 3701 quos
930 3630 1070 3683 idem
1113 3640 1339 3683 sanctus
1370 3627 1611 3701 Thomas
1638 3630 1779 3681 dixit
1816 3630 2041 3701 excludi
2062 3647 2092 3683 a
2138 3641 2332 3684 sancto
2364 3627 2681 3684 Maximoiin
2712 3630 3119 3701 angelistQuod
3145 3631 3368 3701 quidem

100 3696 206 3756 non
236 3701 478 3771 iiaesse,
503 3714 568 3752 ex
607 3696 1106 3771 Scholiiiejusdem
1155 3701 1335 3753 sancti
1364 3700 1583 3771 Maximi
1616 3701 1687 3771 in
1721 3703 1970 3753 eumdem
2008 3699 2328 3771 Dionysium
2391 3702 2629 3770 perspici
2666 3696 2862 3771 potest.
2922 3699 3020 3754 Ubi
3054 3696 3203 3771 enim
3237 3699 3372 3752 dicit

101 3770 420 3841 Dionysius,
449 3784 608 3841 quem
636 3770 793 3841 divus
818 3768 1065 3841 Thomas
1080 3771 1234 3833 citat,
1270 3771 1323 3824 in
1353 3768 1905 3841 Cwlesliliierarcliia
1952 3784 2077 3837 cap.
2111 3768 2165 3833 7,
2198 3786 2320 3841 esse
2371 3768 2588 3824 liabitus
2621 3768 2679 3824 iii
2731 3771 2937 3841 angelis
2967 3770 3371 3841 deiforines,‘iil

98 3837 431 3911 estquibus
455 3839 567 3911 Deo
613 3840 1007 3911 assiinilaniur,
1045 3840 1327 3911 Sclioliuni
1367 3844 1452 3895 his
1480 3856 1572 3894 ver

1902 3850 1922 3911 ι
1962 3860 1973 3894 :
2002 3860 2021 3890 ι
2051 3840 2399 3911 *Σημείῳσαῃ
2435 3842 2517 3893 ὅτι
2549 3843 2605 3894 αἱ
2640 3841 2786 3911 θεῖαι
2809 3837 3070 3910 δυνάμεις
3104 3840 3223 3892 καθ’
3259 3837 3370 3905 ἕξιν

104 3933 122 3963 ι
165 3906 353 3983 ἔχουσι
386 3909 448 3962 τὸ
481 3908 879 3983 βεοειδέςζὲξις
909 3910 1107 3983 δέν-ἐστι
1141 3910 1363 3981 ποιότης
1403 3911 1657 3983 ἔμμονος.
1706 3906 1994 3983 Ἐνκιξεὶἷιοεν⁸
2017 3906 2109 3962 οὖν
2132 3906 2413 3983 δηλοῦται,
2455 3913 2537 3963 ὅτι
2570 3910 2903 3983 αὑτεξοήσιοί
2944 3906 3102 3983 εἰσιν,
3132 3910 3242 3975 ἕξει
3270 3926 3373 3983 fu;

104 4004 122 4035 ι
162 3978 697 4055 ἀρετὰς-κτώμεναι.
734 3980 903 4033 Τοῦτο
936 3980 1270 4055 πλατιξτερον
1304 3978 1543 4055 παρισέᾷ
1566 3980 1811 4055 Δ’Ἄμμων
1843 3981 1871 4031 ὁ
1916 3978 2383 4055 ξΑδριανοπολίτης
2424 3983 2482 4032 ὲν
2512 3984 2625 4043 τοῖς
2668 3980 2809 4055 ’περι
2850 3980 3196 4055 ἀναστάσεως
3223 3979 3369 4055 αὐτῷ

107 4076 123 4104 ι
164 4050 310 4106 κατὰ
346 4050 651 4121 Ὠριγένους
672 4051 1079 4122 γεγραμμένοις
1098 4050 1297 4120 λὸῨοις.
1326 4070 1345 4103 ι
1379 4050 1537 4115 Nota,
1566 4051 1579 4104 i

1894 4053 1930 4104 id
1955 4052 2148 4103 divitiie
2171 4061 2470 4122 potestates
2498 4050 2746 4121 (angelos
2768 4052 2923 4117 dicit)
2952 4052 3368 4103 similitudinem

104 4127 195 4177 Dei
240 4123 547 4178 secundum
596 4123 843 4176 habitum
881 4122 1113 4185 habent;
1140 4124 1360 4177 habitus
1382 4132 1563 4176 autem
1590 4122 2155 4191 estqualitasstahilis
2173 4130 2226 4173 et
2256 4123 2383 4173 lixa.
2415 4121 2550 4175 llinc
2573 4122 2739 4191 igitur
2763 4124 2972 4189 patelit,
3008 4125 3370 4187 quemadmo-

102 4206 233 4248 dum
280 4192 437 4246 liberi
468 4192 681 4248 arbitrii
723 4202 870 4260 stint,
899 4194 1169 4261 siquidem
1215 4192 1447 4247 virtutes
1498 4186 2015 4246 liabeiitsecunduin
2066 4190 2285 4245 habitus
2315 4186 2635 4260 sicquisitas.
2663 4186 2817 4258 Quod
2842 4186 3112 4259 copiosius
3138 4193 3370 4244 Ammon

101 4262 620 4330 Adrianopolitanus
666 4264 824 4317 docet
852 4266 902 4317 in
948 4260 1013 4317 iis
1048 4279 1170 4331 quae
1218 4274 1409 4317 contra
1434 4262 1726 4332 Origenem
1758 4264 1824 4315 de
1856 4264 2255 4315 resurrectione
2280 4264 2499 4332 scripsit
2534 4304 2547 4317 .
2588 4282 2605 4314 ι
2640 4262 2920 4316 Hactenus
2945 4274 3167 4316 sanctus
3197 4260 3362 4314 Maxi-

104 4351 247 4390 mus.
280 4332 393 4387 Hos
419 4348 549 4401 ergo
581 4333 799 4386 habitus
831 4334 963 4389 dicit
992 4342 1215 4389 sanctus
1246 4332 1514 4387 Maximus
1562 4348 1668 4386 non
1722 4346 1844 4386 esse
1875 4343 2136 4400 tanquam
2166 4334 2427 4387 accidens
2456 4335 2508 4385 in
2534 4333 2805 4401 subjecto,
2838 4334 2982 4386 sicut
3010 4332 3062 4386 iii
3094 4333 3289 4395 nobis;
3317 4343 3369 4386 et

105 4407 375 4459 rationem
410 4402 683 4469 reddidit,
709 4403 836 4472 quia
865 4404 1043 4474 angeli
1071 4415 1263 4458 carent
1293 4406 1519 4458 materia
1559 4414 1613 4457 et
1648 4404 1795 4456 omni
1838 4402 2124 4471 materiali‘g
2147 4405 2563 4471 compositione.
2631 4403 2788 4473 103
2848 4405 3145 4457 Dicendum
3208 4404 3370 4474 igitur

103 4486 184 4531 est
231 4474 579 4544 summatim,
634 4478 907 4542 quomodo
949 4473 1005 4527 iii
1058 4476 1215 4529 nobis
1260 4476 1371 4529 sint
1411 4476 1631 4529 habitus
1679 4474 1917 4526 scientia:
1960 4483 2017 4526 et
2051 4476 2340 4544 virtutum,
2402 4485 2656 4544 tanquam
2686 4476 2993 4529 accidentia
3021 4476 3075 4526 iii
3098 4473 3368 4539 subjecto,

106 4558 161 4599 ut
189 4555 416 4600 sanctus
448 4542 716 4598 Maximus
743 4553 892 4599 recte
916 4546 1071 4599 dixit.
1100 4546 1327 4599 llabitus
1353 4546 1597 4599 scientia:
1629 4547 1680 4597 iu
1712 4543 1870 4597 nobis
1903 4543 2205 4610 acquiritur
2229 4546 2498 4613 principio
2512 4542 2615 4615 per
2638 4547 3056 4600 conversionem
3092 4546 3157 4595 ad
3191 4548 3368 4610 phan-

108 4626 359 4677 tasmala,
404 4630 524 4683 qua:
553 4625 679 4668 sunt
712 4616 763 4668 in
811 4617 1071 4681 potentiis
1118 4616 1493 4670 materialibus
1544 4630 1820 4686 sensuum,
1874 4615 2020 4686 unde
2065 4615 2419 4686 materialiter
2445 4626 2499 4670 et
2534 4617 2876 4686 dispositive,
2923 4625 2980 4668 ut
3011 4616 3106 4686 ait
3137 4624 3365 4686 sanctus

107 4688 367 4749 Thomas,
400 4697 577 4747 aetiis,
606 4701 671 4739 ex
710 4700 817 4754 quo
849 4687 1065 4742 habitus
1095 4698 1407 4756 generatur,
1437 4688 1489 4740 in
1534 4684 1793 4755 potentiis
1836 4684 2109 4738 sensitivis
2135 4694 2237 4739 est.
2276 4685 2481 4741 Idcirco
2503 4684 2775 4755 corrumpi
2803 4697 2981 4754 potest
3007 4684 3058 4737 iii
3089 4684 3364 4756 intellectu

109 4759 323 4812 habitus
358 4756 602 4809 scientiae
635 4771 730 4824 per
761 4754 1181 4811 oblivionem'ex
1227 4770 1384 4825 parte
1432 4754 1731 4821 inemoriai,
1762 4756 1815 4808 in
1850 4771 1957 4823 qua
2003 4764 2293 4810 servantur
2334 4754 2737 4824 phantasmata
2767 4758 3071 4817 Sensihum,
3103 4772 3132 4805 a
3167 4754 3366 4825 quibus

107 4829 316 4894 species
346 4825 688 4897 intellectiles
718 4828 1111 4881 abstrahuntur
1143 4850 1155 4882 ;
1185 4824 1241 4882 et
1270 4843 1367 4897 per
1414 4828 1790 4896 deceptioiiem
1839 4828 1988 4879 falsa:
2032 4828 2546 4895 argumentationis,
2580 4843 2684 4893 qua
2710 4830 2989 4897 suadetur
3023 4824 3361 4877 contrarium

106 4903 213 4967 ejus
246 4896 401 4967 quod
427 4896 580 4965 prius
607 4898 906 4967 sciebatur.
935 4898 1196 4952 Neutrum
1229 4896 1409 4951 autem
1456 4899 1651 4951 horum
1687 4896 1740 4949 in
1770 4898 1966 4965 angelo
1990 4898 2226 4967 evenire
2260 4908 2464 4967 potest,
2494 4901 2584 4966 qui
2620 4916 2718 4952 nec
2746 4896 2995 4951 oblivisci
3045 4902 3239 4967 potest,
3271 4908 3365 4967 ne-

107 4963 205 5037 que
226 4963 443 5038 decipi;
473 4968 603 5035 quia
636 4966 773 5021 liber
797 4971 861 5021 ab
896 4969 1043 5021 omni
1078 4972 1304 5023 materia
1329 4984 1428 5038 per
1454 4970 1663 5037 species
1694 4963 1875 5020 rerum
1909 4982 1938 5019 a
1982 4966 2094 5021 Deo
2141 4963 2340 5023 iudiias
2369 4978 2423 5022 et
2449 4963 2809 5036 'congeiiitas,
2840 4970 3037 5037 quibus
3068 4963 3365 5038 habituali-

109 5052 208 5101 ter,
242 5046 306 5090 ut
349 5036 438 5108 ait
479 5047 704 5092 sanctus
757 5038 1018 5102 Thomas,
1070 5036 1372 5108 perlicitur,
1420 5036 1611 5103 omnes
1650 5047 1872 5092 naturas
1919 5053 2100 5091 rerum
2152 5042 2296 5093 seire
2332 5050 2530 5107 potest.
2571 5046 2753 5105 Quare
2805 5036 3112 5105 hujusiiiodi
3148 5036 3367 5087 habitus

108 5126 205 5161 non
234 5119 322 5161 est
347 5107 400 5158 in
423 5122 489 5161 eo
512 5109 623 5181 tale
652 5109 905 5181 accidens
929 5107 1088 5177 quale
1115 5114 1172 5163 iu
1208 5113 1383 5175 nobis,
1416 5121 1475 5163 ut
1505 5111 1644 5163 dixit
1675 5121 1899 5181 sanctus
1928 5108 2218 5175 Maximus,
2252 5127 2352 5164 nec
2396 5113 2512 5180 ipse
2542 5112 2767 5181 angelus
2794 5107 3107 5181 huiusmodi
3134 5108 3364 5181 habitus

110 5190 364 5247 tanquam
407 5178 704 5250 accidentis
729 5176 1034 5249 subjectum
1064 5191 1184 5246 est;
1230 5183 1322 5235 sed
1355 5182 1537 5250 potius
1584 5182 1665 5234 sic
1690 5180 1998 5248 hujusmodi
2032 5181 2252 5234 habitus
2283 5182 2337 5235 in
2380 5176 2447 5235 eo
2479 5194 2581 5245 est,
2618 5176 2683 5236 Ῑιι
2722 5185 2896 5235 virtus
2919 5176 3273 5231 calefaciendi
3304 5191 3361 5228 ιιι

110 5266 241 5322 igne,
280 5257 343 5322 ut
374 5250 451 5301 ait
476 5248 878 5322 ideinsaiigtus
908 5250 1199 5322 Maximus.
1242 5248 1507 5305 Similiter
1540 5252 1760 5305 habitus
1788 5253 2045 5322 virtutum
2085 5265 2222 5319 quas
2254 5267 2349 5322 per
2376 5269 2595 5306 sensum
2644 5255 2908 5320 capimus,
2947 5262 3004 5301 ut
3029 5252 3104 5301 ait
3140 5258 3362 5301 sanctus

110 5319 439 5383 biadocbus,
473 5320 527 5371 in
583 5319 723 5371 libro
748 5318 823 5374 De
850 5321 1172 5389 perfectione
1202 5324 1457 5387 spiritali,
1488 5325 1539 5375 id
1574 5333 1657 5375 est
1698 5336 1795 5391 per
1828 5320 2035 5386 justum
2079 5318 2233 5375 usum
2255 5318 2563 5384 'seiisuuni,
2591 5334 2646 5376 et
2676 5318 2864 5376 earum
2899 5335 3079 5373 rerum
3113 5334 3232 5386 qua:
3258 5322 3363 5370 sul-

113 5403 296 5465 seiistts
348 5392 574 5465 cadunt,
605 5403 742 5457 quas
774 5393 926 5465 Isaac
978 5393 1151 5464 Syrus
1184 5393 1456 5465 ὲξωτέρας
1488 5392 1717 5458 τάξεως,
1768 5392 1973 5465 idest,
2023 5395 2303 5447 exterioris
2358 5397 2558 5448 ordinis
2592 5406 2769 5456 vocat,
2805 5393 2859 5445 in
2898 5394 3056 5445 nobis
3102 5403 3361 5465 tanquam

114 5459 403 5515 accidentia
436 5462 630 5515 adesse
678 5472 734 5514 et
761 5462 953 5517 abesse
980 5459 1247 5534 pessum;
1280 5459 1403 5535 quia
1445 5478 1573 5522 sunt
1604 5462 1967 5518 materialiter
2007 5467 2061 5519 iii
2114 5468 2369 5536 potentiis
2400 5466 2678 5523 seiisitivis
2702 5504 2718 5532 ,
2772 5475 2828 5518 et
2859 5472 3115 5532 tanquam
3150 5464 3201 5514 iii
3231 5466 3360 5514 sub-

1419 5625 1648 5683 VABIA‘J
1690 5629 2092 5688 LECTIONES.

176 5781 218 5813 “
267 5782 387 5845 lcgc
432 5777 817 5847 ἀποκαλῶμεν.
