3734 6312
66 319 189 375 289

592 318 682 375 DE
713 318 1040 376 (ἰοειιῖδτι
1076 318 1522 391 IIIERARCHIA,
1558 323 1710 380 CAP.
1748 323 1837 379 XI.
1875 356 1945 366 —
1978 324 2329 383 PARAPHR.
2367 326 2847 385 PACHYMERAE.

3269 326 3374 383 290

70 440 271 511 ἱερεὺς
309 438 539 491 δὺναται
579 441 754 491 ποιεῖν
790 439 886 492 ὅλα
920 441 1073 512 παρὰ
1113 438 1183 492 τὰ
1230 439 1339 492 τῶν
1373 439 1684 493 ὑποδεεστέ-

1862 440 1919 494 ιίιι
1972 441 2253 497 caelestem
2311 443 2563 498 ordinem
2620 444 2893 498 innitatur.
2924 441 3081 498 Nam‘
3118 446 3373 497 sacerdos

68 550 216 603 ρων,
254 532 426 601 ἦγουν
448 529 713 583 διακόνων
748 532 841 584 καὶ
869 532 979 584 τῶν
1009 531 1155 602 ἑξῆς*
1192 534 1219 585 ό
1251 532 1306 585 δὲ
1338 532 1583 593 διάκονος
1622 529 1691 583 τά

67 622 189 675 τῶν
239 622 437 694 ίερέων
471 623 575 675 οὐκ
623 622 1017 693 ἐπιτέτραπται
1064 626 1255 676 ποιεῖν.
1298 623 1390 694 Μὴ
1438 622 1569 691 γοῦν
1603 622 1691 675 διὰ

68 711 244 764 τοῦτο
275 710 492 783 οἰηθείη
518 729 623 775 τις,
660 712 881 776 ἁπάσας
911 712 1013 776 τὰς
1047 712 1346 781 ἀγγελικάς
1378 713 1569 767 οὐσίας
1592 712 1689 765 δυ·-

68 803 280 871 νάμεις
304 801 583 869 λέγεσθαι,
626 801 708 853 ὅτι
731 802 868 870 τάχα
905 804 958 855 αἱ
996 802 1259 873 δυνάμεις
1289 804 1478 874 τάγμα
1499 803 1687 855 τελευ-

67 895 228 947 ταῖόν
253 896 427 947 ἐστιν·
465 897 514 947 oi
538 895 646 966 7&9
666 895 906 963 ἄγγελοι,
924 896 1016 949 καὶ
1039 896 1143 967 πρὸ
1167 896 1373 949 τούτων
1395 898 1442 949 oi
1474 897 1689 967 ἀρχάγ-

70 995 251 1062 γελοι,
289 995 387 1048 καὶ
419 997 474 1049 αί
500 996 683 1067 ἀρχαὶ,
702 996 792 1048 καὶ
818 995 897 1048 ἔτι.
931 996 1039 1049 ἀπὸ
1061 998 1160 1067 τῆς
1178 996 1435 1067 δευτέρας
1464 997 1687 1067 τριάδος

70 1090 131 1139 αἱ
168 1087 456 1153 ἐξουσίαι,
498 1088 635 1158 μετὰ
680 1090 781 1151 τὰς
814 1089 1073 1159 δυνάμεις
1111 1090 1215 1143 ὑπὸ
1265 1092 1364 1161 τῆς
1407 1089 1689 1157 θεολογίας

72 1180 395 1233 τάττονταιο
425 1179 538 1234 ἀλλ’
570 1182 719 1251 ὅμως
754 1181 947 1244 κοινῶς
978 1184 1071 1235 καὶ
1104 1182 1276 1235 ταῦτα
1312 1182 1381 1235 τά
1422 1183 1681 1235 ὑποκάτω

72 1273 347 1341 τάγματα
367 1272 624 1343 δυνάμεις
654 1272 945 1325 καλοῦνται
959 1312 971 1325 .

152 1454 184 1527 §
224 1456 293 1508 Ιῐ.
332 1454 578 1527 Λέγομεν
601 1453 797 1519 τοίνυν,
822 1456 924 1519 ὅτι,
950 1455 1147 1519 κοινῶς
1172 1456 1267 1509 ἐπὶ
1301 1458 1432 1511 πᾶσι
1469 1474 1684 1529 κεχρη-

80 1549 239 1618 μένοι
279 1548 361 1619 τῷ
404 1549 503 1619 τῆς
547 1548 828 1619 δυνάμεως
862 1549 1126 1620 ὀνόματι,
1168 1551 1230 1602 οὐ
1268 1550 1531 1621 σύγχυσίν
1562 1568 1681 1604 τινα

78 1642 320 1696 ἑκάστου
348 1642 639 1712 εἰσάγομεν
666 1642 967 1713 τάγματος,
988 1642 1064 1705 ῶς
1085 1643 1215 1714 φέρε
1252 1644 1448 1706 εἰπεῖν,
1469 1643 1564 1695 νῦν
1585 1644 1683 1714 μὲν

76 1729 345 1799 λέγεσθαι
374 1730 519 1793 ίδίως
548 1730 647 1794 τὰς
686 1731 745 1783 ἐν
778 1732 844 1801 τῇ
878 1730 1107 1803 δευτέρα
1139 1732 1318 1804 τριάδι
1364 1733 1507 1787 κατὰ
1530 1732 1682 1796 τάξιν

1792 540 1973 599 potest
2004 529 2187 586 facere
2214 546 2551 602 qurecunque
2577 534 2799 588 ordines
2826 532 3140 596 inferiores,
3166 532 3374 586 scilicet

1791 623 2007 677 diaconi
2049 631 2106 677 et
2135 633 2425 693 sequentes
2456 664 2471 689 ,
2523 640 2713 678 verum
2762 640 2866 679 non
2922 624 3246 694 permissum
3291 632 3373 677 est

1791 712 2025 767 diacono
2055 715 2401 767 sacerdotum
2433 712 2616 769 munia
2669 729 2958 785 peragere.
3015 712 3133 769 Non
3186 713 3370 782 itaque

1791 802 1998 857 idcirco
2025 805 2151 872 quis
2173 803 2450 859 existimet
2477 844 2492 869 ,
2543 821 2737 861 omnes
2783 807 3056 877 angelicas
3099 805 3372 861 essential

1789 894 2025 949 virtutes
2057 896 2344 966 appellari,
2385 899 2530 968 quod
2574 898 2717 953 forte
2760 899 2990 954 virtutes
3030 899 3209 953 ultimi
3256 896 3365 953 sint

1788 985 2039 1045 ordinis:
2073 1002 2199 1042 nam
2247 988 2470 1058 angeli,
2514 997 2571 1044 et
2626 998 2753 1043 ante
2804 989 2904 1044 hos
2954 990 3267 1061 archangeli
3313 1000 3369 1044 et

1791 1079 2171 1149 principatus,
2229 1092 2395 1153 atque
2452 1084 2676 1153 insuper
2728 1084 2779 1137 in
2834 1085 3077 1139 secundo
3130 1086 3369 1140 ternario

1790 1182 2112 1240 potestates,
2146 1184 2265 1244 post
2292 1177 2522 1231 virtutes
2571 1191 2600 1229 a
2654 1177 2926 1247 theologia
2979 1179 3368 1249 collocantur;

1789 1274 2032 1321 attamen
2067 1268 2121 1321 in
2148 1270 2429 1324 communi
2466 1269 2630 1325 etiam
2685 1269 2740 1324 hi
2789 1272 3011 1326 ordines
3058 1272 3367 1340 inferiores,

1790 1357 2021 1413 virtutes
2049 1359 2418 1429 appellantur.

1862 1447 1975 1518 §ll.
2019 1449 2258 1503 Dicimus
2282 1450 2470 1520 itaque
2506 1465 2606 1505 nos
2631 1490 2644 1515 ,
2677 1466 2798 1505 cum
2837 1455 3107 1507 communi
3150 1456 3370 1511 virtutis

1789 1539 2007 1593 nomine
2064 1540 2117 1593 in
2171 1541 2430 1595 omnibus
2492 1542 2739 1605 utimur,
2799 1544 3005 1597 nullam
3090 1549 3367 1603 confusio-

1789 1644 1915 1683 nem
1966 1628 2180 1686 ordinis
2244 1631 2571 1701 cujusquam
2656 1634 3043 1701 introducere,
3102 1648 3161 1693 ut
3214 1643 3366 1697 verbi

1787 1721 2003 1789 gratia,
2058 1722 2218 1777 modo
2295 1724 2513 1792 quidem
2589 1726 2809 1794 proprie
2880 1727 3114 1785 virtutes
3179 1734 3368 1801 appel—

77 1794 515 1890 δεύτερευοὺσας
544 1794 843 1890 5uv&p.5tg,"
862 1819 957 1874 νῦν
990 1794 1051 1874 δέ
1083 1794 1303 1876 ’ἅπαντα
1344 1822 1414 1876 τὰ
1454 1794 1679 1895 οὐράνια

1862 1826 1960 1867 nus
2009 1810 2167 1882 105
2228 1828 2322 1869 eas
2347 1829 2469 1882 qua:
2501 1815 2555 1869 in
2588 1818 2828 1871 secundo
2876 1819 3071 1872 ordine
3118 1794 3369 1877 secundm

78 1911 365 1981 τάγματα’
404 1910 520 1963 ἀλλ’
542 1910 831 1982 ὁμώνυμόν
856 1913 1003 1965 ἐστιν
1026 1913 1195 1985 ὄνομα
1218 1916 1275 1967 αί
1297 1914 1573 1985 δυνάμεις·
1592 1916 1681 1969 λέ-

80 2018 249 2069 γεται
294 2001 407 2073 7&9
457 2001 601 2056 οὑτω
646 2004 739 2056 καὶ
782 2004 845 2056 τὸ
893 2005 1059 2058 ίδικὸν
1108 2007 1313 2078 τάγμα,
1360 2009 1453 2061 καὶ
1486 2009 1681 2073 κοινῶς

82 2090 270 2145 πάντα
301 2091 373 2144 τὰ
403 2092 677 2163 τάγματα,
711 2092 786 2157 ὡς
818 2093 1045 2165 δύναμιν
1074 2094 1265 2166 ἔχοντά
1286 2113 1425 2149 τινα.
1466 2097 1682 2169 Ἐπειδὴ

81 2190 272 2244 τοίνυν
306 2192 387 2254 εἰς
412 2190 539 2261 τρία
568 2190 855 2261 διῄρηνται
889 2191 967 2262 τῷ
994 2193 1115 2244 κατ’
1144 2193 1344 2256 αὐτοὺς
1371 2192 1559 2265 ὑψηλῷ
1591 2192 1680 2246 λό-

84 2299 169 2353 γῳ
195 2282 289 2353 (τὰ
315 2282 425 2353 7&9
459 2282 641 2355 ὑψηλὰ
665 2283 906 2355 ὑψηλῶς,
945 2282 1130 2336 καὶτὰ
1150 2284 1495 2355 ὑπερκόσμια
1512 2286 1683 2357 ὑπερ-

84 2373 336 2445 κοσμίως
380 2374 652 2443 ὀφείλουσι
694 2373 1033 2447 λέγεσθαι),
1067 2375 1360 2446 διῄρηνται
1403 2376 1582 2429 τοίνυν
1631 2379 1680 2430 οί

86 2465 222 2518 Ocior.
256 2465 375 2528 νόες
408 2467 487 2529 είς
519 2466 728 2529 οὐσίαν,
757 2466 837 2529 είς
868 2465 1115 2536 δύναμιν,
1146 2466 1238 2519 καὶ
1274 2466 1575 2537 ἐνέργειαν,
1603 2466 1681 2530 ὡς

86 2556 145 2608 ἐν
173 2555 557 2626 ὑποδείγματι,
592 2555 779 2609 οὐσίαν
820 2557 917 2627 μὲν
949 2552 1086 2609 εἶναι
1119 2556 1220 2627 τὴν
1254 2556 1349 2609 τοῦ
1386 2557 1555 2628 πυρὸς
1576 2557 1679 2627 φύ-

89 2664 198 2710 σιν,
224 2646 455 2717 δὺναμιν
477 2648 535 2701 δέ
566 2648 771 2719 ταύτης
797 2648 858 2700 τὸ
896 2648 1220 2718 φωτιστικὸν
1247 2650 1340 2701 καὶ
1365 2648 1425 2701 τὸ
1458 2666 1682 2703 καυστι-

89 2742 205 2808 κὺν,
234 2744 515 2815 ἐνέργειαν
538 2744 595 2797 δὲ
626 2744 688 2797 τὸ
718 2744 818 2814 τῆς
860 2743 1141 2814 δυνάμεως
1175 2743 1541 2817 ἀποτέλεσμα,
1570 2738 1680 2796 οἷον

89 2836 151 2889 τὸ
184 2835 446 2906 φωτίζειν
492 2837 586 2889 καὶ
630 2836 691 2889 τδ
734 2835 933 2889 καίειν.
982 2835 1198 2907 Ἐπειδὴ
1230 2834 1403 2888 ταῦτα
1454 2836 1548 2888 καὶ
1582 2853 1681 2888 κα-

90 2926 312 2979 λοῦνται
348 2925 607 2989 πολλάκις
652 2926 747 2978 καὶ
784 2927 847 2977 ἐκ
884 2925 981 2995 τῆς
1026 2925 1246 2990 οὐσίας,
1300 2925 1389 2978 ὅτε
1436 2924 1680 2993 λέγονται

94 3020 263 3088 νόεςῆ
291 3018 595 3088 πνεύματα·
642 3017 932 3071 καλοῦνται
974 3018 1067 3069 καὶ
1102 3016 1211 3069 ἀπὸ
1246 3017 1344 3087 τῆς
1378 3016 1679 3088 ἐνεργείας,

91 3114 179 3165 ὅτε
215 3111 439 3180 ἄγγελοι
482 3112 750 3179 λέγονται·
786 3111 889 3163 οὐκ
921 3110 1225 3173 ἀπεικότως
1258 3109 1545 3163 καλοῦνται
1585 3110 1680 3164 καὶ

94 3204 201 3257 ἀπὸ
234 3204 335 3273 τῆς
356 3202 641 3272 δυνάμεως
671 3200 950 3271 δυνάμεις.
990 3201 1119 3252 Ὅτε
1149 3199 1327 3251 τοίνυν
1370 3198 1613 3261 ἅπαντας
1644 3196 1677 3269 ἢ

94 3294 246 3357 τινάς
279 3292 479 3357 αὐτῶν,
507 3292 629 3363 δίχα
659 3292 803 3355 τινὸς
836 3292 1288 3364 παρατηρήσεως,
1312 3289 1569 3361 οὐρανίας
1591 3290 1681 3341 οὑ-

96 3386 216 3450 σίας
258 3386 292 3457 ἦ
320 3384 578 3456 οὐρανίας
616 3384 873 3455 δυνάμεις
906 3380 1321 3452 άποκαλοὺμεν,
1360 3380 1566 3451 οἰητέον
1589 3381 1683 3450 ἐμ-

98 3480 311 3546 φαίνειν
345 3477 441 3529 καὶ
462 3475 793 3554 ἐκδεικνὺειν
827 3476 975 3546 ἡμᾶς
1008 3474 1206 3537 αὐτοὺς
1237 3473 1363 3537 τοὺς
1388 3472 1516 3544 περὶ
1547 3466 1620 3525 ὧν
1653 3473 1683 3525 ό

98 3568 269 3638 λόγος,
306 3569 449 3622 κατά
474 3585 594 3620 τινα
623 3568 887 3639 περισσὴν
914 3567 1136 3637 φράσινο
1177 3566 1298 3619 ἀντὶ
1331 3563 1438 3635 7&9
1470 3562 1563 3616 τοῦ
1605 3565 1683 3616 εί-

102 3668 216 3717 πεῖν
248 3662 535 3732 ἀγγέλους,
569 3661 800 3732 λέγομεν
830 3659 1085 3730 οὐρανίας
1117 3657 1323 3720 οὐσίας,
1359 3656 1391 3727 ἢ
1425 3656 1683 3726 οὐρανίας

98 3758 373 3828 δυνάμεις,
415 3757 479 3808 ἐκ
509 3755 608 3825 τῆς
648 3754 835 3824 κοινῆς
874 3751 1054 3806 αὐτῶν
1089 3750 1297 3814 οὐσίας,
1336 3749 1368 3820 ἦ
1407 3750 1499 3801 καὶ
1521 3748 1681 3801 δυνά-

102 3866 262 3919 μεως,
288 3848 390 3917 τῆς
415 3845 537 3898 καθ’
561 3845 789 3898 ἕκαστον
819 3842 1223 3913 ἐμφαινομένης
1255 3839 1452 3893 αὐτῶν.
1478 3840 1553 3891 Οὐ
1576 3839 1682 3909 μὴν

101 3944 155 3995 δέ
176 3940 409 4013 οἰητέον,
448 3938 783 4009 προσάπτειν
816 3935 964 4005 ἡμᾶς
994 3937 1113 3997 ταῖς
1148 3930 1574 4002 ὑποϐεϐηκυίαις
1593 3930 1683 3981 οὑ-

104 4034 241 4098 σὶαις
282 4032 383 4104 τὴν
422 4030 658 4101 ἰδιότητα
698 4027 808 4081 τῶν
840 4028 1020 4090 καλῶς
1050 4024 1479 4096 διακεκριμένων
1514 4022 1683 4090 ἁγίων

104 4127 379 4198 δυνάμεων
427 4123 447 4195 (
466 4124 522 4175 αἳ
557 4123 622 4195 δὴ
658 4122 810 4190 ἅγιαι
856 4119 1115 4190 δυνάμεις
1145 4114 1538 4189 ὑπερκείμεναί
1576 4115 1683 4167 εἰσι

106 4220 229 4291 πρὸς
258 4218 331 4272 τά
370 4214 678 4286 ὑφειμένα).
722 4212 891 4266 Τοῦτο
927 4211 1036 4284 7&9
1083 4211 1205 4281 ἐμοὶ
1258 4209 1434 4277 λόγος,
1477 4207 1566 4259 ἵνα
1606 4204 1681 4277 μὴ

105 4310 299 4382 οἰηθείη
326 4308 412 4371 τίς
447 4324 501 4360 τι
537 4303 796 4368 τοιοῦτον,
832 4304 914 4355 ὅτι
948 4299 1337 4372 προσάπτομεν
1372 4299 1493 4359 ταῖς
1527 4296 1681 4365 ὑφει-

110 4405 285 4477 μέναις
308 4400 378 4454 τά
411 4398 802 4470 ὑπερκείμενα.
826 4397 934 4449 Καὶ
957 4393 1155 4464 λύομεν
1171 4391 1416 4445 ἐντεῦθεν
1440 4391 1539 4460 τὴν
1556 4387 1684 4459 περὶ

1784 1912 1933 1968 sunt,
1960 1906 2124 1960 modo
2150 1920 2282 1960 vero
2324 1921 2515 1962 omnes
2557 1908 2779 1963 ordines
2827 1911 3124 1967 caelestes:
3175 1929 3364 1971 verum

1786 1998 1887 2052 hoc
1919 2014 2119 2054 nomen
2166 1999 2388 2054 virtutis
2414 2010 2499 2056 est
2526 2003 2907 2071 equivocum;
2940 2020 3063 2059 nam
3098 2014 3205 2060 tam
3230 2011 3365 2063 ordo

1782 2088 2037 2159 proprius
2065 2104 2234 2160 quam
2274 2090 2327 2144 in
2365 2091 2647 2146 communi
2679 2106 2873 2148 omnes
2898 2094 3119 2149 ordines
3152 2097 3224 2150 ita
3259 2113 3359 2151 no-

1784 2180 2083 2246 minantur,
2110 2191 2299 2251 utpote
2321 2182 2502 2252 aliqua
2528 2183 2735 2237 virtute
2761 2184 2992 2253 pra-diti.
3018 2187 3151 2241 Cum
3182 2190 3364 2259 itaque

1781 2287 1883 2341 pro
1914 2273 2136 2327 sublimi
2168 2291 2264 2329 sua
2300 2276 2514 2331 ratione
2564 2278 2617 2330 in
2676 2278 2781 2330 tria
2831 2278 3167 2345 dividantur,
3201 2278 3361 2351 (nam

1781 2365 2036 2419 sublimia
2087 2366 2399 2422 sublimiter
2430 2380 2485 2423 et
2527 2369 2974 2437 supermundalia
3029 2386 3363 2440 supramun~

1781 2456 2000 2512 dialiter
2029 2458 2289 2527 distingui
2321 2457 2556 2531 debent)
2588 2462 2906 2515 dividuntur
2934 2502 2948 2526 ,
2980 2462 3199 2531 inquam
3226 2502 3243 2529 ,
3276 2463 3361 2516 di-

1780 2555 1923 2608 vinae
1948 2564 2163 2609 mentes
2225 2556 2280 2608 in
2334 2556 2651 2621 essentiam,
2684 2557 2738 2610 in
2771 2556 3052 2622 virtutem,
3082 2566 3138 2613 et
3166 2573 3362 2627 opera-

1784 2647 2021 2712 tionem;
2060 2647 2133 2701 ita
2173 2655 2253 2709 ut,
2283 2648 2516 2718 exempli
2548 2649 2746 2719 gratia,
2779 2652 3017 2704 essentia
3041 2651 3260 2719 quidem
3293 2652 3366 2707 sit

1783 2750 1978 2795 natura
2006 2740 2171 2811 ignis,
2204 2741 2378 2795 virtus
2404 2756 2536 2795 vero
2572 2743 2654 2797 vis
2682 2742 3028 2796 illuutinaudi
3061 2753 3117 2797 et
3146 2746 3361 2810 urendi,

1780 2832 2028 2901 operatio
2057 2833 2294 2901 denique
2328 2834 2547 2886 virtutis
2579 2834 3067 2903 complementum,
3096 2835 3255 2904 quale
3276 2846 3362 2889 est

1782 2924 2092 2979 illuminare
2120 2934 2174 2979 et
2205 2939 2387 2979 urere.
2414 2924 2550 2979 Cum
2584 2925 2767 2994 itaque
2796 2941 3171 2993 saepenumero
3195 2930 3362 2982 etiam

1784 3017 1850 3071 ab
1875 3016 2113 3071 essentia
2149 3031 2344 3070 nomen
2378 3016 2673 3085 accipiant,
2704 3026 2761 3070 ut
2784 3019 3005 3086 quando
3039 3030 3251 3075 mentes
3277 3024 3361 3077 vel

1784 3109 2012 3178 spiritus
2042 3116 2310 3169 vocatur;
2344 3107 2673 3176 quandoque
2710 3109 2875 3161 etiam
2928 3111 2996 3163 ab
3044 3113 3363 3181 operatione

1785 3202 2159 3268 nominentur,
2191 3210 2249 3255 ut
2276 3217 2397 3255 cum
2427 3199 2604 3268 angeli
2655 3210 3079 3268 nuneupantur:
3123 3219 3227 3256 non
3263 3204 3364 3257 im-

1785 3294 1983 3349 merito
2008 3294 2175 3348 etiam
2209 3309 2239 3347 a
2264 3294 2468 3347 virtute
2495 3293 2725 3347 virtutes
2751 3293 3111 3362 appellantur.
3138 3294 3364 3361 Quando

1785 3388 1955 3460 igitur
1986 3402 2180 3443 omnes
2212 3386 2299 3441 vel
2327 3387 2539 3457 aliquas
2567 3399 2757 3439 earum
2796 3386 2915 3440 sine
2951 3386 3056 3439 ulla
3098 3388 3364 3444 observa-

1788 3482 1934 3537 tione
1962 3480 2216 3537 caelestes
2238 3480 2506 3534 essentias
2537 3478 2621 3532 vel
2652 3477 2908 3532 caelestes
2941 3479 3178 3532 virtutes
3199 3486 3383 3552 appel-

1785 3570 1995 3637 lamus,
2032 3568 2455 3625 existimandum
2505 3576 2624 3631 est,
2655 3582 2753 3623 nos
2797 3568 2920 3623 illos
2967 3567 3250 3623 insinuare
3298 3583 3364 3623 ac

1784 3664 2165 3717 demonstrare
2188 3662 2254 3715 de
2281 3661 2480 3731 quibus
2511 3660 2665 3713 nobis
2699 3674 2880 3714 sermo
2904 3670 2986 3714 est
3009 3702 3025 3728 ,
3060 3662 3361 3714 secundum

1784 3754 2026 3822 phrasim
2070 3751 2311 3821 aliquam
2361 3751 2727 3804 abundantem
2759 3762 2775 3801 :
2811 3764 2909 3818 pro
2938 3765 3004 3805 eo
3037 3754 3179 3805 enim
3217 3753 3361 3821 quod

1783 3845 2092 3899 diceremus
2125 3842 2369 3912 angelos,
2405 3843 2642 3897 dicimus
2664 3842 2919 3897 cmlestes
2950 3843 3245 3908 essentias,
3279 3844 3362 3898 vel

1786 3940 2039 3994 cmlestes
2070 3940 2407 4000 virtutes,ex
2438 3937 2712 3990 communi
2743 3936 2958 3990 illorum
2993 3942 3253 4002 essentia,
3278 3941 3360 3994 vel

1782 4031 1949 4084 etiam
1998 4029 2203 4083 virtute
2226 4042 2348 4097 qua:
2383 4028 2433 4081 in
2466 4028 2696 4097 singulis
2741 4027 2969 4082 relucet.
3001 4026 3359 4098 Nequaquam

1784 4131 1966 4177 autem
2000 4119 2429 4177 existimandum
2462 4127 2567 4184 est,
2598 4132 2696 4171 nos
2725 4117 2824 4173 rite
2852 4119 3191 4189 digestarum
3224 4136 3356 4175 san-

1784 4223 1995 4269 ctarum
2028 4216 2289 4266 virtutum
2320 4211 2711 4281 proprietatem
2736 4210 3085 4266 inferioribus
3108 4216 3363 4270 essentiis

1783 4305 2091 4358 attribuere
2118 4302 2497 4374 (superpositae
2526 4301 2714 4369 utique
2746 4310 2873 4355 sunt
2906 4304 3219 4372 superiores
3246 4307 3356 4358 vir-

1787 4405 1930 4451 tutes
1958 4394 2311 4449 inferioribus
2330 4395 2373 4464 ).
2402 4392 2516 4448 Hoc
2545 4396 2691 4447 enim
2736 4394 2857 4447 dico
2881 4434 2897 4460 ,
2934 4410 3002 4450 ne
3054 4398 3178 4464 quis
3229 4398 3359 4469 quid

106 4495 207 4560 τοὺ,
241 4494 361 4555 πῶς
392 4489 588 4554 κοινῶς
618 4489 687 4543 τά
717 4488 941 4561 οὐράνια
959 4488 1214 4557 τάγματα
1235 4485 1480 4553 λέγονται
1513 4485 1679 4550 ἄγγε-

1862 4488 1966 4543 nile
1987 4486 2285 4553 existimet,
2313 4487 2469 4555 quasi
2499 4484 2849 4541 inferioribus
2881 4490 3193 4555 superiores
3219 4507 3360 4544 com-

108 4583 208 4645 λοι,
248 4578 617 4636 διδασκαλίαν.
660 4578 797 4648 Περὶ¹
847 4576 904 4630 δὲ
950 4576 1060 4629 τῶν
1108 4572 1520 4647 ὑπερκειμένων
1583 4569 1675 4623 καὶ

110 4675 262 4738 αὑτάς
292 4673 394 4736 τάς
420 4672 698 4741 δυνάμεις,
732 4669 906 4734 οὐδείς
946 4687 1036 4741 μοι
1075 4668 1252 4737 λόγος,
1292 4668 1341 4719 εἰ
1377 4666 1472 4717 καὶ
1502 4661 1676 4715 ταῦτα

106 4764 349 4835 δυνάμεις
391 4759 702 4815 καλοῦνταιο
752 4759 890 4812 αὐτὰ
930 4758 1039 4830 7&9
1070 4758 1147 4821 ὡς
1193 4755 1564 4828 ὑπερκείμενα
1607 4751 1677 4805 τά

109 4854 361 4924 προσόντα
395 4852 509 4913 τοῖς
542 4849 854 4919 ὑφειμένοις
876 4848 1072 4911 ὑλικῶς
1106 4847 1308 4916 ἔχουσι,
1342 4844 1410 4898 τά
1432 4845 1490 4897 δὲ
1526 4846 1679 4912 ὑφει-

112 4943 231 5010 μένα
253 4943 323 4995 τά
355 4941 466 4994 τῶν
501 4940 912 5013 ὑπερκειμένων
944 4940 1042 5010 οὐχ
1063 4938 1257 5002 ὑλικῶς
1282 4938 1516 5007 ἔχουσιν,
1542 4933 1677 4987 ἀλλὰ

114 5036 354 5107 μερικῶς.
377 5036 539 5088 Ὅθεν
562 5034 662 5085 οὐκ
685 5032 1063 5102 άνατρέπομεν
1077 5032 1176 5103 τὴν
1192 5031 1467 5101 ἡμετέραν
1494 5032 1675 5081 ὁπωσ-

112 5129 191 5182 οῦν
218 5128 586 5183 διδασκαλίαν·
626 5125 766 5178 κατὰ
803 5125 910 5196 γὰρ
953 5125 1044 5176 τὸν
1079 5123 1338 5185 πολλάκις
1365 5125 1495 5194 ἡμῖν
1537 5123 1675 5174 ἁπο-

113 5218 313 5273 ὼϋέντα
344 5219 501 5286 λόγον
530 5218 656 5287 περὶ
690 5214 888 5277 αὐτῶν,
925 5217 978 5267 αἱ
999 5215 1097 5285 μὲν
1126 5212 1555 5285 ὑπερϐεϐηκυῖαι
1576 5212 1674 5276 τὰς

114 5312 206 5365 τῶν
238 5311 541 5383 ὑφειμένων
562 5309 775 5379 ἔχουσιν
804 5308 1091 5377 ἰδιότητας,
1122 5307 1258 5360 ἀλλὰ
1281 5306 1578 5378 περισσῶς,
1601 5306 1677 5368 ὡς

116 5405 196 5456 καὶ
224 5402 376 5455 πλέον
403 5418 456 5454 τι
484 5400 722 5470 ἔχουσαι·
752 5400 806 5451 αξ
831 5399 887 5451 δὲ
908 5399 1217 5451 τελευταῖαι
1237 5399 1336 5462 τὰς
1368 5397 1478 5450 τῶν
1507 5399 1677 5468 ὑπερ-

114 5502 397 5574 ὃεῆηκυιῶν
419 5500 679 5571 όλότητας
710 5499 979 5569 οὐδαμῶς,
1018 5500 1259 5571 μερικῶς
1294 5502 1351 5553 δὲ
1385 5502 1464 5565 είς
1508 5500 1677 5563 αὑτὰς

118 5598 162 5648 αἱ
186 5596 551 5667 πρωτοφανεῖς
584 5591 879 5662 ἐλλάμψεις
900 5590 987 5643 διὰ
1007 5590 1115 5643 τῶν
1152 5591 1382 5663 πρώτων
1399 5592 1676 5661 ἀναλόγως

119 5692 211 5750 tsi;
242 5689 616 5759 ὑποκειμένοις
637 5684 1144 5757 διαπορθμεὺονται.
1172 5689 1331 5739 Δοκεῖ
1352 5687 1407 5739 δέ
1436 5704 1554 5750 πως
1587 5689 1675 5740 ὲν-

120 5779 268 5832 tat-39:
286 5782 483 5849 λέγειν,
519 5782 599 5834 ὅτι
634 5782 754 5834 κατ’
788 5780 942 5846 ἀξίαν
978 5782 1029 5832 αἱ
1065 5780 1350 5847 ἀγγελικαὶ
1376 5780 1676 5851 διακοσμή-

1785 4595 2037 4651 queinus.
2087 4580 2265 4648 Atque
2318 4578 2445 4633 hinc
2492 4578 2754 4632 solvimus
2796 4577 2939 4632 illam
2998 4582 3358 4648 qua-stionun

1780 4674 1895 4728 sive
1932 4671 2270 4735 doctrinam,
2304 4670 2579 4739 quomodo
2623 4670 2876 4724 cmlestes
2904 4664 3150 4725 ordines
3202 4674 3359 4740 vulgo

1780 4763 1960 4835 angeli
1991 4763 2351 4834 appellentur.
2379 4762 2454 4816 De
2489 4762 2866 4832 superioribus
2888 4773 3091 4825 autem,
3115 4765 3358 4831 adeoque

1781 4861 1847 4914 de
1879 4858 2011 4928 ipsis
2042 4857 2362 4922 virtutibus,
2400 4855 2579 4909 nullus
2611 4856 2740 4909 mibi
2774 4871 2957 4910 sermo
2984 4866 3067 4910 est
3090 4897 3106 4921 ,
3142 4860 3354 4909 tametsi

1782 4952 1863 5005 lue
1896 4965 2115 5021 quoque
2154 4950 2385 5003 virtutes
2430 4959 2859 5014 mancupentur:
2910 4949 3036 5017 ipsa:
3085 4949 3353 5017 siquidem

1785 5052 2042 5109 tanquam
2071 5040 2380 5108 superiores
2432 5052 2496 5091 ea
2550 5052 2670 5106 qua:
2722 5047 2850 5091 sunt
2902 5039 2953 5091 in
3003 5036 3356 5092 inferioribus

1783 5133 2084 5185 universim
2133 5134 2373 5196 habent,
2426 5146 2615 5185 verum
2672 5130 2958 5186 inferiores
3011 5145 3351 5198 nequaquam

1784 5223 2109 5285 universim,
2135 5222 2226 5275 sed
2258 5232 2465 5274 tantum
2498 5236 2566 5275 ex
2600 5231 2753 5290 parte
2785 5222 2989 5275 habent
3015 5238 3076 5274 ea
3111 5238 3230 5289 quze
3261 5238 3355 5274 su-

1781 5317 2053 5385 periorum
2100 5324 2247 5370 sunt.
2285 5313 2439 5369 Unde
2474 5330 2579 5368 non
2612 5316 2910 5369 evertimus
2943 5315 3082 5369 hanc
3115 5326 3354 5369 nostram

1780 5408 2217 5477 qualemcunque
2288 5408 2644 5472 doctrinam;
2714 5422 2837 5460 nam
2879 5408 3030 5476 juxta
3092 5408 3353 5461 rationem

1782 5516 1947 5571 quam
1982 5515 2126 5569 saepe
2159 5499 2224 5553 de
2257 5499 2342 5552 his
2367 5499 2647 5562 dedimus,
2678 5500 2990 5569 superiores
3020 5499 3236 5568 quidem
3270 5499 3355 5552 in-

1783 5593 2044 5647 feriorqu
2091 5591 2459 5660 proprietates
2487 5591 2714 5656 habent,
2732 5605 2919 5643 verum
2947 5591 3274 5658 eminenter,
3298 5600 3355 5643 ut

1780 5684 1945 5738 etiam
1977 5681 2107 5751 quid
2140 5682 2379 5751 amplius
2412 5684 2688 5738 habeant:
2737 5694 3027 5752 postremae
3051 5694 3230 5739 autem
3258 5699 3354 5739 su-

1782 5779 2056 5847 periorum
2101 5775 2343 5847 totaliter
2397 5790 2746 5846 nequaquam
2789 5779 3077 5844 obtinent,
3116 5781 3209 5834 sed
3259 5794 3358 5847 per
