3734 6342
122 336 225 392 295

744 330 834 386 DE
865 329 1188 388 COELESTI
1222 327 1665 395 IilEBARCHlA,
1699 327 1853 385 CAP.
1888 326 2004 384 XII.
2038 361 2111 372 ——
2139 328 2471 385 CORDER“
2499 320 2733 387 NOTJE.

3267 334 3376 391 20$

121 469 225 514 τως
250 451 281 521 ἢ
312 449 579 519 δευτέρως
617 448 713 500 καὶ
741 446 1049 518 ὑφειμένως
1076 445 1259 499 οὐκέτι
1280 446 1323 476 θ’
1352 446 1551 508 κοινὸν,
1578 444 1693 497 ἀλλ’

1876 447 2077 513 ιιιὶειιιιθ
2090 445 2411 513 participem
2426 446 2710 510 exsistere,
2729 460 3021 502 commune
3034 460 3115 504 cst
3131 451 3381 504 omnibus

121 546 194 607 ὡς
215 543 428 612 ἑκάστῳ
448 539 583 613 πρὸς
602 541 702 611 τῆς
722 540 932 604 οἰκείας
952 539 1241 608 ἀναλογίας
1257 538 1505 609 ὥρισται.
1530 536 1702 590 Τοῦτο

122 638 173 691 δὲ
198 639 289 690 καὶ
312 635 439 707 περὶ
471 634 687 687 πάντων
722 632 831 685 τῶν
854 633 1013 686 Θείων
1039 631 1177 685 νοῶν
1204 633 1302 684 οὐκ
1315 632 1387 686 ἄν
1414 649 1497 694 τις
1528 631 1697 702 ἡμαρ-

121 726 365 798 τημένως
396 726 657 799 ὁρίσαιτο·
690 726 783 777 καὶ
817 724 926 794 γὰρ
956 723 1144 794 ὥσπερ
1181 724 1229 776 οἱ
1265 721 1471 793 πρῶτοι
1506 738 1698 793 περισ-

124 818 229 882 σῶς
254 818 434 888 ἔχουσι
460 816 559 889 τὰς
586 816 696 869 τῶν
719 815 1024 887 ὑφειμένων
1040 817 1394 887 ἁγιοπρεπεῖς
1411 814 1698 885 ἰδιότητας,

122 909 289 973 οὕτως
333 909 546 979 ἔχουσιν
590 910 639 961 οἱ
668 907 965 960 τελευταῖοι
1003 906 1101 968 τὰς
1134 904 1244 958 τῶν
1287 904 1588 977 προτέρων,
1637 904 1699 957 οὐ

126 998 227 1070 μὴν
250 1000 471 1069 ὁμοίως,
503 998 618 1051 ἀλλ’
648 998 974 1068 ὑφειμένως.
1003 998 1169 1050 Οὐδὲν
1194 993 1310 1061 οὖν,
1343 996 1419 1059 ὼς
1440 991 1612 1067 οἶμαι,
1638 996 1700 1049 τὸ

122 1094 336 1156 ἄτοπον,
374 1094 423 1144 εἰ
462 1093 556 1145 καὶ
592 1091 684 1145 τὸν
720 1092 841 1145 καθ’
885 1093 1032 1162 ἡμᾶς
1071 1091 1354 1164 ἱεράρχην,
1404 1090 1633 1159 ἄγγελον
1666 1093 1701 1162 ἡ

126 1185 368 1254 θεολογία
406 1186 562 1238 καλεί
591 1185 685 1238 τὸν
721 1183 863 1237 κατὰ
905 1185 1134 1255 δύναμιν
1172 1183 1378 1238 οἰκείαν
1411 1184 1704 1254 μετέχοντα

122 1278 219 1348 τῆς
251 1276 359 1328 τῶν
388 1275 633 1344 ἀγγέλων
658 1276 1003 1347 ὑποφητικῆς
1027 1276 1308 1347 ἰδιότητος,
1334 1276 1428 1328 καὶ⁴
1456 1276 1590 1346 πρὸς
1607 1274 1704 1345 τὴν

123 1371 517 1441 ὲκφαντορικὴν
549 1368 729 1421 αὐτῶν
744 1368 1021 1440 ὁμοίωσιν,
1039 1369 1113 1432 ὼς
1138 1368 1358 1438 ἐφικτὸν
1374 1368 1470 1421 ἀνθ
1477 1366 1702 1440 ρώποις,

122 1462 367 1516 ἁνατεινό
375 1479 553 1533 μενον.

1808 538 2167 593 deiformibus
2216 537 2632 607 intelligentiis;
2689 554 2876 593 verum
2937 545 3287 595 continenter
3323 553 3380 597 et
3467 585 3478 598 .

1807 629 2163 694 immediate,
2230 629 2478 697 primove
2553 630 2637 682 vel
2705 631 2947 685 secundo
3017 633 3380 702 inferioriqne

1806 723 2003 789 gradu,
2035 738 2139 776 non
2175 734 2259 777 est
2282 722 2394 792 jam
2437 737 2762 789 commune,
2813 725 2907 779 sed
2955 734 3114 794 prout
3154 724 3381 779 cuilibet

1806 827 1909 882 pro
1944 815 2207 884 cujusque
2242 824 2404 886 captu
2440 814 2607 870 fuerit
2638 817 3018 871 distributum.
3050 816 3163 873 Hoc
3193 820 3380 889 utique

1807 907 1875 961 de
1900 909 2153 962 omnibus
2182 922 2397 978 quoque
2433 910 2709 964 mentibus
2740 908 2938 964 divinis
2969 909 3059 979 qui
3091 910 3377 974 statuerit,

1806 999 2030 1053 minime
2054 1001 2295 1066 errabit;
2330 1000 2472 1055 sicut
2498 1001 2642 1056 enim
2694 1001 2883 1070 prima:
2931 1001 3236 1063 eminenter
3287 1016 3381 1054 sa-

1808 1104 2132 1150 crosanctas
2173 1094 2492 1149 inferiorum
2544 1094 2832 1149 continent
2883 1097 3264 1164 proprietates,
3298 1094 3377 1150 ita

1803 1202 2019 1257 quoque
2038 1186 2241 1241 ultima:
2270 1188 2538 1256 priorum.
2558 1186 2683 1240 licet
2708 1202 2811 1240 non
2838 1186 2977 1254 pari,
3003 1186 3100 1239 sed
3130 1185 3375 1240 inferiori

1802 1280 1999 1348 gradu.
2030 1279 2177 1335 Nihil
2208 1280 2377 1351 igitur
2409 1279 2633 1337 absurdi
2656 1280 2765 1347 sit,
2812 1287 2870 1333 ut
2906 1290 3040 1348 puto
3063 1318 3079 1344 ,
3122 1279 3166 1333 si
3206 1279 3376 1332 nostri

1803 1371 2016 1426 ordinis
2045 1372 2354 1427 antistitem
2388 1372 2660 1442 theologia
2714 1386 2929 1440 quoque
2976 1372 3227 1440 angelum
3277 1386 3377 1440 ap-

1803 1462 1990 1531 pellet,
2027 1471 2086 1515 ut
2117 1464 2209 1532 qui
2242 1477 2342 1532 pro
2372 1462 2518 1518 virili
2552 1458 2709 1531 parte
2750 1462 3047 1532 angelicam
3089 1464 3253 1519 etiam
3284 1461 3379 1515 do-

127 1556 304 1609 cendo
383 1556 677 1625 participet
731 1554 1161 1625 proprietatem,
1220 1561 1384 1622 atque
1433 1551 1499 1605 ad
1548 1562 1736 1606 eorum
1769 1552 2226 1621 Similitudinem,
2284 1564 2549 1625 quantum
2602 1552 2656 1608 in
2727 1552 3041 1609 hominibus
3103 1561 3231 1618 est,
3286 1566 3382 1621 per

125 1646 521 1715 interpretandi
568 1661 766 1699 munus
808 1645 1055 1699 accedat.

1674 1800 1703 1873 §
1742 1797 1860 1860 lli.

195 1950 461 2021 Εὑρήσεις
500 1947 577 2013 δὲ,
597 1949 679 2002 ὅτι
710 1948 806 2002 καὶ
832 1948 989 2011 Θεοὺς
1014 1949 1048 2019 ἡ
1079 1946 1325 2016 θεολογία
1351 1947 1505 2000 καλεῖ
1532 1946 1631 2008 τάς
1645 1963 1702 1998 τε

123 2042 378 2114 οὐρανίας
408 2042 501 2094 καὶ
518 2042 660 2113 ὑπὲρ
676 2043 823 2113 ἡμᾶς
838 2042 1045 2105 οὐσίας,
1074 2040 1169 2093 καὶ
1190 2040 1316 2102 τοὺς
1331 2040 1462 2110 παρ’
1487 2040 1518 2108 ἡ
1527 2038 1641 2108 μῶν
1656 2037 1702 2069 ⁸⁸

124 2132 550 2203 φιλοθεωτάτους
618 2137 712 2188 καὶ
772 2136 950 2207 ἱεροὺς
1014 2136 1246 2208 ἄνδρας,
1306 2134 1401 2187 καί
1467 2152 1546 2187 τοι
1605 2134 1705 2205 τῆς

124 2225 420 2297 θεαρχικῆς
442 2228 803 2298 κρυφιότητος
847 2228 1183 2300 ὑπερουσίως
1227 2227 1481 2282 ἁπάντων
1505 2224 1705 2299 ἐξῃρη-

126 2316 293 2387 μένης
320 2334 378 2369 τε
409 2318 504 2370 καὶ
544 2318 1001 2391 ὑπεριδρυμένης,
1033 2318 1126 2373 καὶ
1168 2319 1395 2391 μηδενὸς
1423 2319 1560 2390 αὐτῇ
1594 2317 1705 2370 τῶν

124 2408 289 2461 ὅντων
330 2407 604 2480 ἐμφεροῦς
634 2410 991 2481 ὀνομάζεσθαι
1030 2410 1233 2482 κυρίως
1261 2411 1352 2463 καὶ
1393 2408 1589 2473 ὑλικῶς
1617 2408 1707 2462 δυ-

125 2502 379 2572 ναμένου·
420 2501 558 2574 πλὴν
592 2504 692 2555 ὅσα
719 2502 827 2555 τῶν
858 2502 1058 2574 vosva
1082 2519 1142 2555 τε
1172 2490 1266 2555 καὶ
1300 2501 1533 2570 λογικῶν
1568 2500 1706 2573 πρὸς

126 2599 223 2664 τὴν
248 2593 444 2645 ἕνωσιν
467 2593 658 2664 αὐτῆς,
683 2595 781 2666 ὅση
808 2594 1056 2664 δύναμις,
1094 2592 1289 2657 ὑλικῶς
1310 2593 1704 2663 ὲπέστραπται,

128 2684 387 2758 καὶπρὸς
411 2684 511 2749 τὰς
552 2686 703 2749 θείας
748 2687 920 2757 αὐτῆς
959 2686 1287 2757 ὲλλάμψεις,
1337 2685 1415 2748 ὡς
1462 2683 1703 2754 ἐφικτὸν,

128 2777 521 2849 ἁκαταλήκτως
541 2778 898 2841 ἀνατείνεται,
931 2782 998 2849 τῇ
1028 2777 1169 2830 κατὰ
1192 2777 1439 2848 δύναμιν,
1467 2777 1515 2829 εί
1550 2775 1707 2845 θέμις

130 2867 322 2933 εἰπεῖν,
343 2870 494 2941 Θεομι
505 2871 697 2942 μησίᾳ,
720 2870 928 2941 καὶτῆς
945 2869 1132 2940 θεῖκῆς
1147 2868 1191 2900 ⁸⁸
1208 2866 1527 2939 ὁμωνυμίας
1547 2866 1710 2938 ἠξίω-

130 2977 235 3015 ται.

1876 1943 2134 2010 Quinimo
2166 1944 2409 2013 reperias
2433 1943 2460 1983 ά
2480 1986 2495 2010 ,
2530 1946 2852 2015 theologiam
2885 1962 3101 2017 quoque
3133 1950 3263 2005 deos
3284 1964 3382 2019 ap-

1808 2036 2009 2106 pellare
2037 2036 2287 2091 cmlestes
2318 2038 2437 2090 illas
2465 2052 2837 2108 supernasque
2873 2039 3211 2097 substantias
3237 2083 3254 2108 ,
3305 2044 3379 2097 nti

1805 2137 1865 2191 et
1893 2138 2134 2192 sanctos,
2168 2129 2261 2197 qui
2290 2129 2433 2197 apud
2466 2144 2567 2183 nos
2601 2141 2721 2184 sunt
2744 2169 2761 2194 ,
2796 2131 2940 2185 viros
2978 2132 3196 2202 Deoque
3242 2136 3380 2189 ami-

1806 2220 2056 2275 cissimos
2083 2237 2099 2285 ;
2132 2236 2253 2274 cum
2287 2229 2469 2276 tamen
2502 2237 2735 2276 arcanus
2767 2222 2857 2277 ille
2902 2223 2995 2278 Dei
3044 2227 3383 2295 principatus

1807 2315 2345 2384 superessentialiter
2371 2315 2625 2369 omnibus
2648 2316 2910 2384 emineat,
2937 2326 2995 2371 ut
3016 2332 3175 2388 supra
3202 2320 3382 2374 omnia

1808 2406 2041 2471 iocatus,
2076 2406 2317 2476 nihilque
2345 2405 2419 2460 illi
2457 2408 2676 2477 pr0prie
2716 2420 2879 2477 atque
2926 2425 2996 2464 ex
3042 2420 3158 2466 tuto
3207 2412 3386 2467 simile

1807 2499 1859 2554 in
1887 2500 2050 2553 rebus
2081 2498 2165 2553 vel
2196 2514 2335 2561 esse,
2371 2498 2453 2552 Vel
2486 2501 2757 2554 nominari
2784 2502 2984 2571 possit;
3017 2515 3385 2558 verumtamen

1808 2606 2149 2661 quaecunque
2174 2607 2269 2647 seu
2297 2590 2628 2661 spiritalium
2658 2608 2753 2648 seu
2785 2595 3135 2650 rationalium
3169 2608 3388 2650 creatu-

1810 2697 1995 2737 rarum
2026 2685 2090 2738 ad
2120 2684 2237 2755 ejus
2286 2687 2545 2743 unionem
2572 2728 2588 2752 ,
2620 2696 2886 2757 quantum
2936 2687 3123 2752 valet,
3175 2687 3389 2755 integre

1808 2786 2071 2828 conversa
2118 2775 2316 2837 fuerit.
2351 2786 2405 2831 et
2435 2778 2501 2831 ad
2548 2778 2762 2832 divinas
2804 2776 2921 2844 ejus
2968 2777 3389 2841 illustrationes,

1815 2867 1996 2935 quoad
2024 2878 2222 2937 potest,
2253 2869 2625 2926 indesinenter
2655 2869 2969 2931 intenderit,
3011 2869 3155 2938 quod
3186 2884 3285 2939 pro
3311 2868 3391 2922 vi-

1818 2959 1929 3025 rili,
1963 2959 2007 3014 si
2040 2960 2188 3015 dictu
2224 2961 2305 3014 l'as
2336 2970 2437 3024 est,
2479 2960 2648 3015 Deum
2681 2961 2945 3027 imitetur,
2971 2962 3152 3017 divino
3174 2975 3390 3032 quoque

1818 3055 2037 3107 nomine
2066 3056 2481 3110 condecoratur.

1315 3205 1851 3263 ADNOTATIONES
1888 3207 2239 3265 CORDERII.

200 3366 229 3440 ᾗ
266 3366 486 3443 i._Nota
518 3382 585 3421 cx
616 3367 676 3421 Ρ.
704 3367 958 3423 Cornelio
1002 3369 1069 3425 ad
1119 3368 1302 3425 locum
1349 3368 1629 3425 Malachiae
1676 3370 1902 3425 citatum
1958 3378 2165 3440 septem
2209 3368 2479 3435 rationes,
2506 3370 2575 3425 ob
2603 3385 2740 3443 quas
2767 3370 3026 3428 sacerdos
3053 3372 3266 3428 dicatur
3294 3389 3394 3428 an-

135 3446 288 3510 gelus
324 3440 445 3494 Dei.

200 3508 406 3583 Prima,
438 3508 564 3583 quia
599 3518 683 3563 est
717 3511 945 3583 nuntius
972 3509 1067 3565 Dei
1098 3510 1165 3564 ad
1201 3511 1492 3583 homines;
1524 3514 1667 3583 unde
1697 3511 1961 3582 Tigurina
1995 3512 2159 3583 vertit
2187 3511 2462 3583 :Legatas
2514 3512 2652 3565 enim
2681 3522 2755 3565 est
2791 3513 3005 3567 Domini
3042 3514 3391 3571 exercituum.

134 3581 287 3634 Sicut
314 3581 463 3635 enim
495 3579 709 3652 legatus
740 3596 844 3634 non
878 3581 1024 3635 aliud
1055 3597 1217 3651 quam
1267 3582 1526 3652 principis
1555 3598 1613 3637 se
1643 3579 1876 3651 legantis
1920 3581 2255 3636 voluntatem
2303 3579 2631 3647 annuntiat,
2661 3583 2826 3651 eique
2875 3585 3006 3637 nihil
3056 3586 3254 3638 addere
3299 3597 3393 3637 ant

133 3654 355 3705 demere
401 3660 617 3723 potest;
649 3651 721 3703 ita
753 3656 1084 3706 etsacerdos
1114 3653 1206 3723 Dei
1236 3651 1567 3723 voluntatem
1588 3722 1599 3723 ί
1619 3654 1905 3707 annuntiat
1951 3654 2165 3722 populo,
2197 3653 2357 3723 eique
2390 3653 2520 3708 nihil
2552 3654 2753 3706 addere
2797 3664 2890 3707 aut
2933 3658 3151 3707 demere
3195 3665 3393 3722 potest,

134 3723 205 3794 ait
234 3731 462 3775 sanctus
485 3720 908 3794 Chrysostonius
935 3723 1082 3793 hom.
1112 3722 1165 3782 2,
1192 3724 1245 3777 in
1278 3722 1450 3790 Epist.
1472 3725 1545 3794 ad
1579 3722 1730 3777 Rom.
1757 3723 1834 3776 Ac
1864 3720 2099 3777 vicissim
2128 3733 2248 3778 vota
2270 3720 2462 3794 populi
2500 3724 2664 3777 rel‘ert
2688 3724 2755 3775 ad
2792 3723 2981 3777 Deum.
3015 3723 3106 3777 Est
3130 3720 3257 3793 ergo
3282 3736 3391 3778 tam

134 3792 341 3861 legatus
373 3794 553 3860 populi
584 3792 649 3863 ad
682 3791 871 3855 Deum,
903 3791 1065 3862 quam
1099 3794 1191 3847 Dei
1226 3795 1291 3847 ad
1324 3792 1603 3863 p0pulmn,
1632 3804 1760 3862 puta
1795 3795 1938 3847 inter
1967 3805 2256 3862 utrumque
2282 3791 2675 3857 internuntius,
2709 3794 2975 3847 mediator
3004 3802 3059 3845 et
3083 3791 3387 3863 sequester.

201 3863 505 3932 Secunda,
544 3862 671 3929 quia
716 3863 857 3917 sicut
889 3864 1068 3932 angeli
1114 3864 1429 3918 ministrant
1471 3863 1582 3918 Deo
1607 3905 1620 3928 ,
1658 3864 1730 3916 ita
1763 3874 1817 3917 et
1847 3867 2199 3927 Sacerdotes;
2238 3869 2379 3918 unde
2428 3864 2713 3917 Chaldqu
2744 3867 2944 3916 vertit:
2986 3865 3123 3927 Quia
3156 3866 3394 3918 minister

132 3943 200 3986 est
222 3948 407 3986 coram
442 3931 667 3986 Domino
694 3931 1033 3988 eaercitaum.
1066 3934 1207 3988 Deus
1240 3945 1440 3999 autem,
1475 3936 1650 4003 inquit
1682 3934 2045 3988 Tertullianus
2078 3936 2169 3990 lib.
2209 3945 2390 3988 contra
2419 3933 2666 3998 Jadwos,
2695 3949 2817 4002 cap.
2842 3935 2895 3997 9,
2915 3950 3007 3987 eos
3036 3948 3231 3988 vocare
3263 3949 3395 4001 con-

133 4005 316 4058 suevit
349 4003 593 4072 angelos,
630 4019 768 4071 quos
799 4004 1019 4058 virtutis
1047 4020 1159 4060 suae
1189 4006 1469 4058 ministros
1509 4005 1773 4072 praefecit.

1548 4021 1583 4056 r-
1623 4021 1672 4057 te
1712 4021 1773 4059 ιι.

1502 4021 1618 4129 De:
1643 4021 1791 4128 ilium
1818 4074 2217 4138 collaudantes,
2254 4074 2327 4128 ita
2359 4086 2413 4129 et
2444 4073 2701 4128 sacerdos
2725 4073 2930 4144 jugiter
2953 4088 3113 4126 orare
3156 4083 3212 4128 et
3245 4071 3389 4144 psal-

201 4074 417 4135 Tertia,
449 4075 577 4142 quia
608 4075 750 4128 sicut
776 4075 957 4144 angeli
982 4074 1185 4144 jngiter
1214 4076 1477 4129 assistunt

133 4144 242 4199 lere
270 4146 460 4207 debet,
486 4145 638 4213 juxta
670 4144 797 4197 illud
830 4143 972 4199 Psal.
1006 4143 1225 4200 cirxxvn
1251 4159 1265 4197 :
1297 4145 1362 4198 In
1393 4155 1674 4213 conspectu
1704 4145 2009 4214 angelorum
2035 4145 2260 4213 psallam
2285 4145 2401 4199 tibi.

200 4217 441 4283 Quarta,
472 4212 598 4282 quia
625 4217 944 4283 angelorum
993 4220 1249 4286 virtutem
1303 4232 1365 4269 ac
1410 4216 1703 4284 puritatem
1758 4212 1957 4269 imitari
2010 4212 2209 4286 debet;
2263 4219 2405 4269 unde
2450 4215 2727 4281 lsidorns,
2783 4212 3040 4269 Dorothci
3091 4215 3393 4286 presbyteri

138 4287 413 4340 levitatem
445 4290 739 4353 castigans,
776 4287 870 4356 lib.
898 4298 945 4352 ι,
969 4286 1131 4355 epist.
1160 4284 1288 4351 519,
1322 4287 1437 4339 ait:
1477 4304 1495 4335 ι
1529 4285 1797 4341 Sacerdos
1816 4287 1959 4340 enim
2007 4284 2222 4339 Domini
2271 4288 2660 4356 omnipotentis
2719 4288 2945 4356 angelus
2993 4296 3118 4351 est;
3168 4284 3394 4356 angelus

141 4369 314 4410 autem
351 4358 519 4409 risum
547 4358 743 4420 nescit,
772 4355 883 4411 Deo
916 4374 1038 4410 cum
1074 4367 1218 4410 metu
1253 4369 1307 4410 et
1337 4371 1538 4424 pavore
1562 4357 1899 4411 ministrans.
1927 4373 1946 4407 ι

207 4427 376 4497 108
395 4427 617 4500 Quinta,
649 4434 907 4483 sacerdos
932 4427 1157 4497 angelus
1174 4428 1688 4500 estconsccralione
1713 4427 1924 4500 divina,
1957 4440 2085 4500 ‘qua
2138 4427 2398 4497 majorem
2431 4438 2752 4497 potestatem
2776 4431 2983 4500 accepit
3005 4444 3166 4499 quam
3194 4427 3394 4497 angeli,

141 4510 195 4549 ut
216 4496 461 4567 pulchre
493 4513 556 4550 ac
593 4498 711 4551 {use
741 4500 936 4567 probat
958 4496 1186 4551 sanctus
1214 4498 1641 4568 Chrysostomns
1675 4500 1726 4549 in
1757 4498 1911 4551 libris
1946 4496 2017 4568 De
2076 4500 2396 4553 sacerdotio.

205 4572 421 4694 Sciam,
448 4568 574 4637 quia
611 4570 926 4636 angelorum
960 4572 1062 4625 tria
1086 4580 1215 4623 sant
1248 4567 1455 4634 munia,
1487 4568 1696 4623 scilicet
1716 4582 1971 4639 purgare,
2005 4567 2331 4639 illuminare,
2350 4579 2405 4623 et
2432 4570 2720 4640 perlicere,
2747 4584 2868 4639 qua:
2901 4570 3029 4625 item
3055 4578 3183 4623 sunt
3214 4568 3395 4622 munia

205 4655 292 4694 cer
333 4651 463 4693 ous.

144 4651 463 4694 sacerdotis.

207 4711 480 4780 Septima,
506 4711 631 4779 quia
657 4710 972 4779 angelorum
1015 4718 1099 4765 est
1131 4724 1484 4778 perseverare
1536 4711 1587 4764 in
1638 4709 1930 4764 sanctitate
1976 4725 2040 4764 ac
2089 4711 2523 4766 sanctificatione
2548 4752 2563 4777 ,
2590 4724 2649 4765 ut
2678 4712 2756 4764 ait
2800 4711 3052 4775 Basilius,
3086 4708 3273 4763 liomil.
3318 4706 3397 4759 De

144 4782 343 4848 Spiritu
373 4792 599 4844 sancto;
626 4784 714 4850 qui
745 4782 889 4835 enim
917 4782 969 4835 in
1000 4796 1061 4837 ea
1095 4798 1200 4834 non
1231 4789 1735 4851 perseveraverunt,
1765 4780 1893 4833 facti
1926 4793 2051 4835 sunt
2078 4784 2351 4837 daein-ones
2376 4800 2390 4847 ;
2420 4784 2495 4836 ita
2526 4783 2798 4836 sacerdoti
2833 4784 3138 4835 tteces‘Saria
3169 4788 3252 4851 est
3281 4793 3407 4845 pcr-

145 4847 449 4906 severantia
482 4852 536 4905 in
565 4847 664 4906 suo
693 4867 859 4919 opere
885 4863 940 4905 et
966 4852 1148 4906 cilicio
1178 4867 1192 4915 ;
1222 4847 1288 4907 de
1319 4852 1518 4921 quibus
1540 4866 1706 4903 aurea
1755 4862 1840 4904 est
1880 4854 2150 4906 sententia
2201 4856 2374 4907 sancti
2419 4852 2666 4921 Gregorii
2706 4853 3032 4906 Nazianzem
3067 4868 3115 4902 in
3140 4847 3309 4921 Apol.
3339 4863 3354 4900 ι
3384 4861 3398 4897 :

146 4940 163 4971 ι
202 4921 481 4987 Veritatis,
513 4922 610 4987 ait,
649 4917 881 4977 antistes
910 4932 966 4976 et
995 4917 1367 4992 propugnator
1396 4937 1520 4975 cum
1552 4921 1872 4991 angelorum
1901 4923 2073 4978 classe
2100 4932 2262 4992 atque
2297 4925 2489 4977 ordine
2520 4917 2603 4977 est
2626 4962 2641 4984 ,
2670 4939 2795 4976 cum
2839 4920 3180 4989 arcliangelis
3228 4917 3395 4969 Demn

146 4994 403 5054 celebrat,
431 4994 500 5066 ad
533 5009 830 5061 supernum
863 4994 1037 5066 altare
1071 4996 1342 5066 sacrilicia
1375 4993 1721 5051 transmittit.
1756 4992 2026 5061 simulque
2056 5010 2178 5048 cum
2206 4994 2423 5047 Christo
2446 4995 2686 5063 iungitur
2712 4993 3041 5066 sacerdotio,
3081 4992 3394 5066 tiginentuni

147 5075 445 5129 instaurat,
492 5065 889 5134 imagineinque
934 5064 1177 5117 Creatori
1225 5064 1410 5129 sistit,
1453 5072 1508 5117 et
1560 5077 1856 5131 supernum
1902 5066 2105 5119 mundo
2161 5068 2410 5134 opiiieem
2460 5067 2609 5134 agit,
2656 5075 2748 5129 et,
2789 5078 2845 5118 ut
2873 5064 3014 5129 quod
3068 5064 3242 5126 majus
3290 5068 3396 5120 εει»

148 5134 345 5204 dii-am,
372 5135 517 5187 Deus
543 5133 647 5198 est,
683 5137 928 5204 aliosque
967 5137 1096 5188 deos
1123 5133 1335 5188 ellieit.»

217 5202 247 5275 δ
280 5206 344 5257 tl.
378 5197 699 5259 Sanctorum
728 5197 994 5278 cherubim
1021 5206 1446 5278 ordo_sapientiaz
1463 5204 1795 5278 scientiaque
1818 5202 2026 5258 altioris
2052 5216 2126 5259 est
2150 5207 2431 5273 particeps,
2468 5214 2574 5262 etc.
2601 5206 2678 5260 Ex
2705 5204 2808 5259 hoc
2836 5202 2956 5258 loco
2979 5200 3138 5278 divus
3162 5197 3399 5278 Tlititiias

153 5270 316 5335 pinna
341 5290 517 5344 parte,
537 5280 837 5344 qnazstione
864 5276 952 5341 55,
974 5280 1129 5331 artic.
1149 5276 1204 5339 5,
1228 5270 1422 5345 probat
1438 5276 1681 5344 angelos,
1701 5285 1905 5341 quanto
1927 5270 2241 5344 superiores
2271 5270 2421 5341 sunt,
2448 5286 2599 5331 tanto
2620 5293 2715 5348 per
2746 5278 2953 5345 species
2970 5270 3397 5348 Διιιιὶγιειειιιιυιηςδ

153 5343 471 5415 intelligere.
512 5366 531 5398 ι
555 5343 677 5403 illoc
705 5350 875 5413 enim,
903 5351 1100 5417 inquit,
1129 5343 1257 5402 sunt
1284 5349 1338 5400 in
1380 5343 1544 5401 rebus
1574 5348 1757 5414 aliqua
1786 5343 2093 5413 superiora,
2121 5363 2227 5418 quo
2254 5359 2380 5403 sunt
2412 5350 2502 5402 uni
2533 5343 2708 5418 prmio
2727 5387 2743 5414 ,
2774 5343 2918 5417 quod
2966 5343 3105 5398 Deus
3129 5352 3235 5409 est,
3270 5352 3398 5408 pro-

220 5437 243 5474 ά
270 5439 407 5494 Pani.
437 5457 583 5509 χειν,
609 5457 773 5497 um
796 5458 810 5509 ;
835 5440 971 5497 Gen.
1012 5458 1165 5497 χχχιι
1194 5460 1207 5509 ;
1236 5441 1407 5499 Exod.
1438 5453 1537 5495 vit.

1399 5597 1631 5653 VARUS
1671 5595 2074 5655 LECTIONES.

219 5723 260 5755 ⁸⁷
292 5740 380 5797 γρ.
434 5724 535 5776 οὐκ
564 5722 696 5777 ἔστι.
772 5722 817 5755 ⁸⁸
850 5720 981 5793 παρ’
1016 5721 1167 5793 ἡμῖν,
1201 5718 1300 5777 Ch.
1331 5718 1432 5776 SP.
1461 5718 1525 5775 D.
1558 5719 1649 5775 Sc.
1680 5718 1804 5775 Sar.
1830 5714 1955 5772 Ver.
2030 5714 2075 5748 ⁸⁸
2110 5713 2208 5769 Ch.
2241 5712 2334 5766 καὶ
2356 5709 2456 5784 τῆς
2490 5706 2660 5768 θείας.
