  <div class='ocr_page' id='page_1' title='image "/cluster/home/n/w/nwhite01/storage/ocr_20150623/3/hvd.32044014713192/155.png"; bbox 0 0 3734 6304; ppageno 0'>
   <div class='ocr_carea' id='block_1_1' title="bbox 385 292 3614 363">
    <p class='ocr_par' dir='ltr' id='par_1_1' title="bbox 385 292 3614 363">
     <span class='ocr_line' id='line_1_1' title="bbox 385 292 3614 363; baseline -0.005 -3"><span class='ocrx_word' id='word_1_1' title='bbox 385 307 496 363; x_wconf 70' lang='grc' dir='ltr'><strong>9.θὸ</strong></span> <span class='ocrx_word' id='word_1_2' title='bbox 1578 299 1637 354; x_wconf 87' lang='lat' dir='ltr'><strong>S.</strong></span> <span class='ocrx_word' id='word_1_3' title='bbox 1675 296 1975 353; x_wconf 77' lang='lat' dir='ltr'><strong>DIONYSII</strong></span> <span class='ocrx_word' id='word_1_4' title='bbox 2009 294 2478 352; x_wconf 63' lang='lat' dir='ltr'><strong>AREOPAGITAE</strong></span> <span class='ocrx_word' id='word_1_5' title='bbox 3531 292 3614 346; x_wconf 67' lang='lat'><strong>29%</strong></span> 
     </span>
    </p>
   </div>
   <div class='ocr_carea' id='block_1_2' title="bbox 423 408 3594 488">
    <p class='ocr_par' dir='ltr' id='par_1_2' title="bbox 423 408 3594 488">
     <span class='ocr_line' id='line_1_2' title="bbox 423 408 3594 488; baseline -0.003 -15"><span class='ocrx_word' id='word_1_6' title='bbox 423 420 676 488; x_wconf 84' lang='lat' dir='ltr'><strong>iuquiora</strong></span> <span class='ocrx_word' id='word_1_7' title='bbox 732 425 785 471; x_wconf 89' lang='lat' dir='ltr'><strong>et</strong></span> <span class='ocrx_word' id='word_1_8' title='bbox 820 415 1103 488; x_wconf 82' lang='lat' dir='ltr'><strong>similiora.</strong></span> <span class='ocrx_word' id='word_1_9' title='bbox 1127 436 1145 468; x_wconf 79' lang='grc' dir='ltr'>ι</span> <span class='ocrx_word' id='word_1_10' title='bbox 1177 414 1232 468; x_wconf 87' lang='lat' dir='ltr'><strong>In</strong></span> <span class='ocrx_word' id='word_1_11' title='bbox 1263 415 1372 468; x_wconf 90' lang='lat' dir='ltr'><strong>Deo</strong></span> <span class='ocrx_word' id='word_1_12' title='bbox 1399 422 1579 488; x_wconf 89' lang='lat' dir='ltr'><strong>ante_m</strong></span> <span class='ocrx_word' id='word_1_13' title='bbox 1616 422 1724 467; x_wconf 89' lang='lat' dir='ltr'><strong>tota</strong></span> <span class='ocrx_word' id='word_1_14' title='bbox 1757 411 2036 488; x_wconf 82' lang='lat' dir='ltr'><strong>plenitudo</strong></span> <span class='ocrx_word' id='word_1_15' title='bbox 2075 412 2453 488; x_wconf 63' lang='lat' dir='ltr'><strong>intellectualis</strong></span> <span class='ocrx_word' id='word_1_16' title='bbox 2500 409 2833 488; x_wconf 77' lang='lat' dir='ltr'><strong>cognitionis</strong></span> <span class='ocrx_word' id='word_1_17' title='bbox 2845 409 3187 488; x_wconf 79' lang='lat' dir='ltr'><strong>__co_n_ti_nett_tr</strong></span> <span class='ocrx_word' id='word_1_18' title='bbox 3227 408 3292 488; x_wconf 86' lang='lat' dir='ltr'><strong>_in</strong></span> <span class='ocrx_word' id='word_1_19' title='bbox 3324 424 3493 488; x_wconf 77' lang='lat' dir='ltr'><strong>_nno,</strong></span> <span class='ocrx_word' id='word_1_20' title='bbox 3531 414 3594 488; x_wconf 62' lang='grc' dir='ltr'><strong>εις-ᾔ</strong></span> 
     </span>
    </p>
   </div>
   <div class='ocr_carea' id='block_1_3' title="bbox 385 437 3612 553">
    <p class='ocr_par' dir='ltr' id='par_1_3' title="bbox 385 437 3612 553">
     <span class='ocr_line' id='line_1_3' title="bbox 425 437 3594 488; baseline -0.003 -15"><span class='ocrx_word' id='word_1_21' title='bbox 425 437 676 488; x_wconf 83' lang='lat' dir='ltr'><strong>tnqtttnra</strong></span> <span class='ocrx_word' id='word_1_22' title='bbox 732 437 785 471; x_wconf 84' lang='lat' dir='ltr'><strong>el.</strong></span> <span class='ocrx_word' id='word_1_23' title='bbox 820 437 1103 471; x_wconf 77' lang='lat' dir='ltr'><strong>Slmlllora.</strong></span> <span class='ocrx_word' id='word_1_24' title='bbox 1127 437 1145 468; x_wconf 74' lang='grc' dir='ltr'>ι</span> <span class='ocrx_word' id='word_1_25' title='bbox 1180 437 1232 468; x_wconf 88' lang='lat' dir='ltr'><strong>Ill</strong></span> <span class='ocrx_word' id='word_1_26' title='bbox 1264 437 1372 468; x_wconf 79' lang='lat' dir='ltr'><strong>ucu</strong></span> <span class='ocrx_word' id='word_1_27' title='bbox 1399 437 1579 468; x_wconf 74' lang='lat' dir='ltr'><strong>amem</strong></span> <span class='ocrx_word' id='word_1_28' title='bbox 1617 437 1724 467; x_wconf 73' lang='lat' dir='ltr'><strong>tum</strong></span> <span class='ocrx_word' id='word_1_29' title='bbox 1757 437 2036 481; x_wconf 75' lang='lat' dir='ltr'><strong>ptcutumu</strong></span> <span class='ocrx_word' id='word_1_30' title='bbox 2076 437 2453 467; x_wconf 71' lang='lat' dir='ltr'><strong>Iutcltcutuuus</strong></span> <span class='ocrx_word' id='word_1_31' title='bbox 2500 437 2828 479; x_wconf 66' lang='lat' dir='ltr'><strong>cugmuums</strong></span> <span class='ocrx_word' id='word_1_32' title='bbox 2875 437 3186 466; x_wconf 75' lang='lat' dir='ltr'><strong>rummcmr</strong></span> <span class='ocrx_word' id='word_1_33' title='bbox 3241 437 3292 462; x_wconf 87' lang='grc' dir='ltr'>ιιι</span> <span class='ocrx_word' id='word_1_34' title='bbox 3345 437 3454 463; x_wconf 88' lang='grc' dir='ltr'>ιιιιυ</span> <span class='ocrx_word' id='word_1_35' title='bbox 3480 451 3493 475; x_wconf 84' lang='lat'><strong>,</strong></span> <span class='ocrx_word' id='word_1_36' title='bbox 3531 437 3594 465; x_wconf 63' lang='grc' dir='ltr'>εις-ι</span> 
     </span>
     <span class='ocr_line' id='line_1_4' title="bbox 385 437 3612 553; baseline -0.003 -10"><span class='ocrx_word' id='word_1_37' title='bbox 385 437 517 544; x_wconf 69' lang='lat' dir='ltr'><strong>licet</strong></span> <span class='ocrx_word' id='word_1_38' title='bbox 572 491 623 541; x_wconf 91' lang='lat' dir='ltr'><strong>in</strong></span> <span class='ocrx_word' id='word_1_39' title='bbox 656 488 891 542; x_wconf 75' lang='lat' dir='ltr'><strong>essentia</strong></span> <span class='ocrx_word' id='word_1_40' title='bbox 944 487 1151 547; x_wconf 88' lang='lat' dir='ltr'><strong>divina,</strong></span> <span class='ocrx_word' id='word_1_41' title='bbox 1190 502 1285 553; x_wconf 78' lang='lat' dir='ltr'><strong>per</strong></span> <span class='ocrx_word' id='word_1_42' title='bbox 1320 502 1483 552; x_wconf 86' lang='lat' dir='ltr'><strong>quam</strong></span> <span class='ocrx_word' id='word_1_43' title='bbox 1516 484 1655 537; x_wconf 89' lang='lat' dir='ltr'><strong>Deus</strong></span> <span class='ocrx_word' id='word_1_44' title='bbox 1707 484 1888 535; x_wconf 81' lang='lat' dir='ltr'><strong>omnia</strong></span> <span class='ocrx_word' id='word_1_45' title='bbox 1936 483 2237 551; x_wconf 85' lang='lat' dir='ltr'><strong>cognoscit.</strong></span> <span class='ocrx_word' id='word_1_46' title='bbox 2267 483 2398 549; x_wconf 65' lang='lat' dir='ltr'><strong>Quae</strong></span> <span class='ocrx_word' id='word_1_47' title='bbox 2432 484 2651 553; x_wconf 92' lang='lat' dir='ltr'><strong>quidem</strong></span> <span class='ocrx_word' id='word_1_48' title='bbox 2702 481 3064 550; x_wconf 82' lang='lat' dir='ltr'><strong>iutelligibilis</strong></span> <span class='ocrx_word' id='word_1_49' title='bbox 3096 479 3375 553; x_wconf 69' lang='lat' dir='ltr'><strong>plenitudo</strong></span> <span class='ocrx_word' id='word_1_50' title='bbox 3401 481 3452 533; x_wconf 84' lang='lat' dir='ltr'><strong>in</strong></span> <span class='ocrx_word' id='word_1_51' title='bbox 3481 482 3612 533; x_wconf 85' lang='lat' dir='ltr'><strong>intel-</strong></span> 
     </span>
    </p>
   </div>
   <div class='ocr_carea' id='block_1_4' title="bbox 388 550 3613 626">
    <p class='ocr_par' dir='ltr' id='par_1_4' title="bbox 388 550 3613 626">
     <span class='ocr_line' id='line_1_5' title="bbox 388 550 3613 626; baseline -0.004 -13"><span class='ocrx_word' id='word_1_52' title='bbox 388 560 691 626; x_wconf 82' lang='lat' dir='ltr'><strong>ligibilibus</strong></span> <span class='ocrx_word' id='word_1_53' title='bbox 720 557 992 610; x_wconf 75' lang='lat' dir='ltr'><strong>creaturis</strong></span> <span class='ocrx_word' id='word_1_54' title='bbox 1024 550 1268 609; x_wconf 81' lang='lat' dir='ltr'><strong>infcriori</strong></span> <span class='ocrx_word' id='word_1_55' title='bbox 1308 550 1475 609; x_wconf 67' lang='lat' dir='ltr'><strong>eundo</strong></span> <span class='ocrx_word' id='word_1_56' title='bbox 1504 564 1561 608; x_wconf 88' lang='lat' dir='ltr'><strong>et</strong></span> <span class='ocrx_word' id='word_1_57' title='bbox 1600 554 1778 606; x_wconf 89' lang='lat' dir='ltr'><strong>minus</strong></span> <span class='ocrx_word' id='word_1_58' title='bbox 1806 550 2136 626; x_wconf 84' lang='lat' dir='ltr'><strong>simpliciter</strong></span> <span class='ocrx_word' id='word_1_59' title='bbox 2169 550 2460 620; x_wconf 73' lang='lat' dir='ltr'><strong>reperitur.</strong></span> <span class='ocrx_word' id='word_1_60' title='bbox 2498 552 2650 626; x_wconf 85' lang='lat' dir='ltr'><strong>Unde</strong></span> <span class='ocrx_word' id='word_1_61' title='bbox 2679 561 2893 618; x_wconf 87' lang='lat' dir='ltr'><strong>oportet</strong></span> <span class='ocrx_word' id='word_1_62' title='bbox 2929 568 2991 605; x_wconf 86' lang='lat' dir='ltr'><strong>ea</strong></span> <span class='ocrx_word' id='word_1_63' title='bbox 3025 568 3143 626; x_wconf 50' lang='lat' dir='ltr'><strong>quae</strong></span> <span class='ocrx_word' id='word_1_64' title='bbox 3176 550 3320 626; x_wconf 72' lang='lat' dir='ltr'><strong>Deus</strong></span> <span class='ocrx_word' id='word_1_65' title='bbox 3363 558 3613 626; x_wconf 77' lang='lat' dir='ltr'><strong>cognoscit</strong></span> 
     </span>
    </p>
   </div>
   <div class='ocr_carea' id='block_1_5' title="bbox 390 620 3609 697">
    <p class='ocr_par' dir='ltr' id='par_1_5' title="bbox 390 620 3609 697">
     <span class='ocr_line' id='line_1_6' title="bbox 390 620 3609 697; baseline -0.003 -16"><span class='ocrx_word' id='word_1_66' title='bbox 390 620 488 697; x_wconf 64' lang='lat' dir='ltr'><strong>pér</strong></span> <span class='ocrx_word' id='word_1_67' title='bbox 512 645 705 691; x_wconf 86' lang='lat' dir='ltr'><strong>unum,</strong></span> <span class='ocrx_word' id='word_1_68' title='bbox 737 626 1053 697; x_wconf 78' lang='lat' dir='ltr'><strong>inferiorem</strong></span> <span class='ocrx_word' id='word_1_69' title='bbox 1104 626 1437 697; x_wconf 88' lang='lat' dir='ltr'><strong>intellectum</strong></span> <span class='ocrx_word' id='word_1_70' title='bbox 1477 639 1812 697; x_wconf 79' lang='lat' dir='ltr'><strong>cognoscere</strong></span> <span class='ocrx_word' id='word_1_71' title='bbox 1841 638 1939 697; x_wconf 74' lang='lat' dir='ltr'><strong>per</strong></span> <span class='ocrx_word' id='word_1_72' title='bbox 1968 623 2161 685; x_wconf 87' lang='lat' dir='ltr'><strong>multa,</strong></span> <span class='ocrx_word' id='word_1_73' title='bbox 2192 634 2245 676; x_wconf 84' lang='lat' dir='ltr'><strong>et</strong></span> <span class='ocrx_word' id='word_1_74' title='bbox 2273 640 2369 692; x_wconf 92' lang='lat' dir='ltr'><strong>per</strong></span> <span class='ocrx_word' id='word_1_75' title='bbox 2402 636 2552 697; x_wconf 81' lang='lat' dir='ltr'><strong>tanto</strong></span> <span class='ocrx_word' id='word_1_76' title='bbox 2580 622 2761 697; x_wconf 74' lang='lat' dir='ltr'><strong>plura,</strong></span> <span class='ocrx_word' id='word_1_77' title='bbox 2791 635 2999 691; x_wconf 90' lang='lat' dir='ltr'><strong>quanto</strong></span> <span class='ocrx_word' id='word_1_78' title='bbox 3032 620 3456 697; x_wconf 70' lang='lat' dir='ltr'><strong>it_tlerior_l_&#39;ue_rtt</strong></span> <span class='ocrx_word' id='word_1_79' title='bbox 3480 621 3609 697; x_wconf 72' lang='lat' dir='ltr'><strong>ittlrl-</strong></span> 
     </span>
    </p>
   </div>
   <div class='ocr_carea' id='block_1_6' title="bbox 303 687 3617 767">
    <p class='ocr_par' dir='ltr' id='par_1_6' title="bbox 303 687 3617 767">
     <span class='ocr_line' id='line_1_7' title="bbox 303 687 3617 767; baseline -0.004 -12"><span class='ocrx_word' id='word_1_80' title='bbox 390 687 585 754; x_wconf 78' lang='lat' dir='ltr'><strong>iectus.</strong></span> <span class='ocrx_word' id='word_1_81' title='bbox 618 687 707 752; x_wconf 84' lang='lat' dir='ltr'><strong>Sic</strong></span> <span class='ocrx_word' id='word_1_82' title='bbox 734 696 933 764; x_wconf 82' lang='lat' dir='ltr'><strong>igitur,</strong></span> <span class='ocrx_word' id='word_1_83' title='bbox 969 708 1176 767; x_wconf 90' lang='lat' dir='ltr'><strong>quanto</strong></span> <span class='ocrx_word' id='word_1_84' title='bbox 1207 696 1430 764; x_wconf 80' lang='lat' dir='ltr'><strong>angelus</strong></span> <span class='ocrx_word' id='word_1_85' title='bbox 1486 687 1648 749; x_wconf 69' lang='lat' dir='ltr'><strong>fuerit</strong></span> <span class='ocrx_word' id='word_1_86' title='bbox 1676 687 1964 767; x_wconf 71' lang='lat' dir='ltr'><strong>superior,</strong></span> <span class='ocrx_word' id='word_1_87' title='bbox 1997 702 2146 767; x_wconf 82' lang='lat' dir='ltr'><strong>tanto</strong></span> <span class='ocrx_word' id='word_1_88' title='bbox 2171 687 2819 767; x_wconf 34' lang='lat' dir='ltr'><strong>per&#39;paueiores&#39;species</strong></span> <span class='ocrx_word' id='word_1_89' title='bbox 2851 709 3029 745; x_wconf 88' lang='lat' dir='ltr'><strong>rerum</strong></span> <span class='ocrx_word' id='word_1_90' title='bbox 3062 687 3485 767; x_wconf 76' lang='lat' dir='ltr'><strong>intelligibilium</strong></span> <span class='ocrx_word' id='word_1_91' title='bbox 3518 694 3617 742; x_wconf 84' lang='lat' dir='ltr'><strong>nui-</strong></span> 
     </span>
    </p>
   </div>
   <div class='ocr_carea' id='block_1_7' title="bbox 389 761 3617 835">
    <p class='ocr_par' dir='ltr' id='par_1_7' title="bbox 389 761 3617 835">
     <span class='ocr_line' id='line_1_8' title="bbox 389 761 3617 835; baseline -0.003 -13"><span class='ocrx_word' id='word_1_92' title='bbox 389 770 707 823; x_wconf 83' lang='lat' dir='ltr'><strong>versitatem</strong></span> <span class='ocrx_word' id='word_1_93' title='bbox 758 761 963 835; x_wconf 75' lang='lat' dir='ltr'><strong>poterit.</strong></span> <span class='ocrx_word' id='word_1_94' title='bbox 986 761 1450 835; x_wconf 56' lang='lat' dir='ltr'><strong>apprehendere,</strong></span> <span class='ocrx_word' id='word_1_95' title='bbox 1482 763 1796 835; x_wconf 87' lang='lat' dir='ltr'><strong>atqueideo</strong></span> <span class='ocrx_word' id='word_1_96' title='bbox 1832 773 2045 832; x_wconf 84' lang='lat' dir='ltr'><strong>oportet</strong></span> <span class='ocrx_word' id='word_1_97' title='bbox 2077 764 2198 835; x_wconf 79' lang='lat' dir='ltr'><strong>ejus</strong></span> <span class='ocrx_word' id='word_1_98' title='bbox 2229 761 2432 819; x_wconf 76' lang='lat' dir='ltr'><strong>formas</strong></span> <span class='ocrx_word' id='word_1_99' title='bbox 2460 780 2557 819; x_wconf 90' lang='lat' dir='ltr'><strong>seu</strong></span> <span class='ocrx_word' id='word_1_100' title='bbox 2588 765 2801 831; x_wconf 81' lang='lat' dir='ltr'><strong>species</strong></span> <span class='ocrx_word' id='word_1_101' title='bbox 2828 779 2949 818; x_wconf 90' lang='lat' dir='ltr'><strong>esse</strong></span> <span class='ocrx_word' id='word_1_102' title='bbox 2983 761 3428 835; x_wconf 58' lang='lat' dir='ltr'><strong>univerSaliores,</strong></span> <span class='ocrx_word' id='word_1_103' title='bbox 3460 770 3617 835; x_wconf 79' lang='lat' dir='ltr'><strong>utpote</strong></span> 
     </span>
    </p>
   </div>
   <div class='ocr_carea' id='block_1_8' title="bbox 390 831 3616 907">
    <p class='ocr_par' dir='ltr' id='par_1_8' title="bbox 390 831 3616 907">
     <span class='ocr_line' id='line_1_9' title="bbox 390 831 3616 907; baseline -0.004 -15"><span class='ocrx_word' id='word_1_104' title='bbox 390 841 455 892; x_wconf 88' lang='lat' dir='ltr'><strong>ad</strong></span> <span class='ocrx_word' id='word_1_105' title='bbox 509 839 662 907; x_wconf 88' lang='lat' dir='ltr'><strong>plura</strong></span> <span class='ocrx_word' id='word_1_106' title='bbox 716 831 775 891; x_wconf 78' lang='lat' dir='ltr'><strong>se</strong></span> <span class='ocrx_word' id='word_1_107' title='bbox 816 831 1193 891; x_wconf 70' lang='lat' dir='ltr'><strong>extendentes.</strong></span> <span class='ocrx_word' id='word_1_108' title='bbox 1231 837 1295 890; x_wconf 85' lang='lat' dir='ltr'><strong>Et</strong></span> <span class='ocrx_word' id='word_1_109' title='bbox 1328 835 1488 903; x_wconf 80' lang='lat' dir='ltr'><strong>hujus</strong></span> <span class='ocrx_word' id='word_1_110' title='bbox 1516 831 1593 889; x_wconf 86' lang='lat' dir='ltr'><strong>rei</strong></span> <span class='ocrx_word' id='word_1_111' title='bbox 1622 834 1841 903; x_wconf 79' lang='lat' dir='ltr'><strong>aliquod</strong></span> <span class='ocrx_word' id='word_1_112' title='bbox 1873 831 1928 886; x_wconf 89' lang='lat' dir='ltr'><strong>in</strong></span> <span class='ocrx_word' id='word_1_113' title='bbox 1964 832 2458 907; x_wconf 71' lang='lat' dir='ltr'><strong>nobiscxemplnut</strong></span> <span class='ocrx_word' id='word_1_114' title='bbox 2516 836 2718 889; x_wconf 84' lang='lat' dir='ltr'><strong>habere</strong></span> <span class='ocrx_word' id='word_1_115' title='bbox 2773 834 3046 907; x_wconf 81' lang='lat' dir='ltr'><strong>videmur.</strong></span> <span class='ocrx_word' id='word_1_116' title='bbox 3080 832 3221 907; x_wconf 75' lang='lat' dir='ltr'><strong>Sunt</strong></span> <span class='ocrx_word' id='word_1_117' title='bbox 3249 831 3392 884; x_wconf 88' lang='lat' dir='ltr'><strong>enim</strong></span> <span class='ocrx_word' id='word_1_118' title='bbox 3426 832 3616 907; x_wconf 71' lang='lat' dir='ltr'><strong>quidam</strong></span> 
     </span>
    </p>
   </div>
   <div class='ocr_carea' id='block_1_9' title="bbox 385 900 3616 979">
    <p class='ocr_par' dir='ltr' id='par_1_9' title="bbox 385 900 3616 979">
     <span class='ocr_line' id='line_1_10' title="bbox 385 900 3616 979; baseline -0.002 -20"><span class='ocrx_word' id='word_1_119' title='bbox 385 909 481 977; x_wconf 93' lang='lat' dir='ltr'><strong>qui</strong></span> <span class='ocrx_word' id='word_1_120' title='bbox 509 900 804 962; x_wconf 70' lang='lat' dir='ltr'><strong>veritatem</strong></span> <span class='ocrx_word' id='word_1_121' title='bbox 845 908 1239 979; x_wconf 83' lang='lat' dir='ltr'><strong>intelligibilem</strong></span> <span class='ocrx_word' id='word_1_122' title='bbox 1289 900 1487 973; x_wconf 84' lang='lat' dir='ltr'><strong>capere</strong></span> <span class='ocrx_word' id='word_1_123' title='bbox 1511 920 1615 959; x_wconf 88' lang='lat' dir='ltr'><strong>non</strong></span> <span class='ocrx_word' id='word_1_124' title='bbox 1650 900 1875 979; x_wconf 76' lang='lat' dir='ltr'><strong>possunt</strong></span> <span class='ocrx_word' id='word_1_125' title='bbox 1903 943 1922 979; x_wconf 85' lang='lat'><strong>._</strong></span> <span class='ocrx_word' id='word_1_126' title='bbox 1948 905 2049 979; x_wconf 78' lang='lat' dir='ltr'><strong>nisi</strong></span> <span class='ocrx_word' id='word_1_127' title='bbox 2097 904 2177 957; x_wconf 88' lang='lat' dir='ltr'><strong>eis</strong></span> <span class='ocrx_word' id='word_1_128' title='bbox 2229 900 2614 979; x_wconf 69' lang='lat' dir='ltr'><strong>particulatim</strong></span> <span class='ocrx_word' id='word_1_129' title='bbox 2648 920 2743 979; x_wconf 77' lang='lat' dir='ltr'><strong>per</strong></span> <span class='ocrx_word' id='word_1_130' title='bbox 2772 904 3000 979; x_wconf 77' lang='lat' dir='ltr'><strong>_sing_ula</strong></span> <span class='ocrx_word' id='word_1_131' title='bbox 3050 902 3400 979; x_wconf 29' lang='lat' dir='ltr'><strong>explieetura</strong></span> <span class='ocrx_word' id='word_1_132' title='bbox 3426 900 3493 953; x_wconf 77' lang='lat' dir='ltr'><strong>Et</strong></span> <span class='ocrx_word' id='word_1_133' title='bbox 3538 902 3616 979; x_wconf 75' lang='lat' dir='ltr'><strong>hor</strong></span> 
     </span>
    </p>
   </div>
   <div class='ocr_carea' id='block_1_10' title="bbox 386 972 3616 1046">
    <p class='ocr_par' dir='ltr' id='par_1_10' title="bbox 386 972 3616 1046">
     <span class='ocr_line' id='line_1_11' title="bbox 386 972 3616 1046; baseline -0.002 -16"><span class='ocrx_word' id='word_1_134' title='bbox 386 972 606 1046; x_wconf 73' lang='lat' dir='ltr'><strong>quidem</strong></span> <span class='ocrx_word' id='word_1_135' title='bbox 641 993 706 1031; x_wconf 78' lang='lat' dir='ltr'><strong>ex</strong></span> <span class='ocrx_word' id='word_1_136' title='bbox 739 972 1047 1032; x_wconf 62' lang='lat' dir='ltr'><strong>debilitate&#39;</strong></span> <span class='ocrx_word' id='word_1_137' title='bbox 1078 972 1384 1032; x_wconf 83' lang='lat' dir='ltr'><strong>intellectus</strong></span> <span class='ocrx_word' id='word_1_138' title='bbox 1425 992 1612 1031; x_wconf 83' lang='lat' dir='ltr'><strong>eorum</strong></span> <span class='ocrx_word' id='word_1_139' title='bbox 1646 972 1864 1029; x_wconf 86' lang='lat' dir='ltr'><strong>accidit.</strong></span> <span class='ocrx_word' id='word_1_140' title='bbox 1895 973 2003 1027; x_wconf 81' lang='lat' dir='ltr'><strong>Alii</strong></span> <span class='ocrx_word' id='word_1_141' title='bbox 2039 988 2169 1028; x_wconf 90' lang='lat' dir='ltr'><strong>vero</strong></span> <span class='ocrx_word' id='word_1_142' title='bbox 2203 972 2294 1045; x_wconf 83' lang='lat' dir='ltr'><strong>qui</strong></span> <span class='ocrx_word' id='word_1_143' title='bbox 2330 988 2457 1029; x_wconf 89' lang='lat' dir='ltr'><strong>sunt</strong></span> <span class='ocrx_word' id='word_1_144' title='bbox 2490 974 2736 1029; x_wconf 81' lang='lat' dir='ltr'><strong>fortioris</strong></span> <span class='ocrx_word' id='word_1_145' title='bbox 2769 972 3110 1039; x_wconf 83' lang='lat' dir='ltr'><strong>intellectus,</strong></span> <span class='ocrx_word' id='word_1_146' title='bbox 3142 987 3208 1026; x_wconf 84' lang='lat' dir='ltr'><strong>ex</strong></span> <span class='ocrx_word' id='word_1_147' title='bbox 3248 972 3438 1042; x_wconf 85' lang='lat' dir='ltr'><strong>paucis</strong></span> <span class='ocrx_word' id='word_1_148' title='bbox 3479 972 3616 1024; x_wconf 77' lang='lat' dir='ltr'><strong>multa</strong></span> 
     </span>
    </p>
   </div>
   <div class='ocr_carea' id='block_1_11' title="bbox 382 1057 870 1117">
    <p class='ocr_par' dir='ltr' id='par_1_11' title="bbox 382 1057 870 1117">
     <span class='ocr_line' id='line_1_12' title="bbox 382 1057 870 1117; baseline -0.006 -14"><span class='ocrx_word' id='word_1_149' title='bbox 382 1064 585 1117; x_wconf 84' lang='lat' dir='ltr'><strong>capere</strong></span> <span class='ocrx_word' id='word_1_150' title='bbox 619 1057 870 1116; x_wconf 74' lang='grc' dir='ltr'>μοεειιιιι.</span> 
     </span>
    </p>
   </div>
   <div class='ocr_carea' id='block_1_12' title="bbox 472 1110 3617 1189">
    <p class='ocr_par' dir='ltr' id='par_1_12' title="bbox 472 1110 3617 1189">
     <span class='ocr_line' id='line_1_13' title="bbox 472 1110 3617 1189; baseline -0.003 -16"><span class='ocrx_word' id='word_1_151' title='bbox 472 1110 668 1173; x_wconf 79' lang='lat' dir='ltr'><strong>Veruin</strong></span> <span class='ocrx_word' id='word_1_152' title='bbox 708 1119 753 1172; x_wconf 91' lang='lat' dir='ltr'><strong>si</strong></span> <span class='ocrx_word' id='word_1_153' title='bbox 785 1118 965 1172; x_wconf 86' lang='lat' dir='ltr'><strong>sancti</strong></span> <span class='ocrx_word' id='word_1_154' title='bbox 1019 1117 1257 1189; x_wconf 87' lang='lat' dir='ltr'><strong>Dionysii</strong></span> <span class='ocrx_word' id='word_1_155' title='bbox 1292 1118 1442 1172; x_wconf 89' lang='lat' dir='ltr'><strong>locus</strong></span> <span class='ocrx_word' id='word_1_156' title='bbox 1474 1118 1561 1170; x_wconf 83' lang='lat' dir='ltr'><strong>hic</strong></span> <span class='ocrx_word' id='word_1_157' title='bbox 1587 1118 1836 1171; x_wconf 82' lang='lat' dir='ltr'><strong>exactius</strong></span> <span class='ocrx_word' id='word_1_158' title='bbox 1870 1115 2271 1189; x_wconf 73' lang='lat' dir='ltr'><strong>consideretur,</strong></span> <span class='ocrx_word' id='word_1_159' title='bbox 2314 1126 2535 1189; x_wconf 8' lang='lat' dir='ltr'><strong>tantum,</strong></span> <span class='ocrx_word' id='word_1_160' title='bbox 2562 1117 2754 1179; x_wconf 88' lang='lat' dir='ltr'><strong>docet,</strong></span> <span class='ocrx_word' id='word_1_161' title='bbox 2788 1115 3073 1189; x_wconf 77' lang='lat' dir='ltr'><strong>inferiores</strong></span> <span class='ocrx_word' id='word_1_162' title='bbox 3116 1114 3336 1189; x_wconf 85' lang='lat' dir='ltr'><strong>angelos</strong></span> <span class='ocrx_word' id='word_1_163' title='bbox 3390 1110 3617 1189; x_wconf 78' lang='lat' dir='ltr'><strong>pauciora</strong></span> 
     </span>
    </p>
   </div>
   <div class='ocr_carea' id='block_1_13' title="bbox 386 1184 3616 1259">
    <p class='ocr_par' dir='ltr' id='par_1_13' title="bbox 386 1184 3616 1259">
     <span class='ocr_line' id='line_1_14' title="bbox 386 1184 3616 1259; baseline -0.002 -18"><span class='ocrx_word' id='word_1_164' title='bbox 386 1191 532 1243; x_wconf 86' lang='lat' dir='ltr'><strong>scire</strong></span> <span class='ocrx_word' id='word_1_165' title='bbox 563 1206 723 1259; x_wconf 90' lang='lat' dir='ltr'><strong>quam</strong></span> <span class='ocrx_word' id='word_1_166' title='bbox 757 1190 1110 1258; x_wconf 82' lang='lat' dir='ltr'><strong>superiores;</strong></span> <span class='ocrx_word' id='word_1_167' title='bbox 1158 1184 1392 1257; x_wconf 82' lang='lat' dir='ltr'><strong>ideoque</strong></span> <span class='ocrx_word' id='word_1_168' title='bbox 1443 1189 1736 1259; x_wconf 90' lang='lat' dir='ltr'><strong>scientiam</strong></span> <span class='ocrx_word' id='word_1_169' title='bbox 1777 1202 1965 1239; x_wconf 83' lang='lat' dir='ltr'><strong>eorum</strong></span> <span class='ocrx_word' id='word_1_170' title='bbox 2014 1186 2306 1259; x_wconf 83' lang='lat' dir='ltr'><strong>appellavit</strong></span> <span class='ocrx_word' id='word_1_171' title='bbox 2345 1188 2629 1257; x_wconf 80' lang='lat' dir='ltr'><strong>partialem</strong></span> <span class='ocrx_word' id='word_1_172' title='bbox 2683 1197 2930 1259; x_wconf 74' lang='lat' dir='ltr'><strong>respectu</strong></span> <span class='ocrx_word' id='word_1_173' title='bbox 2982 1184 3616 1259; x_wconf 62' lang='lat' dir='ltr'><strong>scietttia:_superioruit_t.</strong></span> 
     </span>
    </p>
   </div>
   <div class='ocr_carea' id='block_1_14' title="bbox 388 1253 3619 1341">
    <p class='ocr_par' dir='ltr' id='par_1_14' title="bbox 388 1253 3619 1341">
     <span class='ocr_line' id='line_1_15' title="bbox 388 1253 3619 1341; baseline -0.002 -29"><span class='ocrx_word' id='word_1_174' title='bbox 388 1259 464 1313; x_wconf 88' lang='lat' dir='ltr'><strong>De</strong></span> <span class='ocrx_word' id='word_1_175' title='bbox 505 1253 795 1341; x_wconf 67' lang='lat' dir='ltr'><strong>speciebus</strong></span> <span class='ocrx_word' id='word_1_176' title='bbox 825 1253 1023 1313; x_wconf 65' lang='lat' dir='ltr'><strong>autem</strong></span> <span class='ocrx_word' id='word_1_177' title='bbox 1050 1300 1065 1325; x_wconf 97' lang='lat'><strong>,</strong></span> <span class='ocrx_word' id='word_1_178' title='bbox 1096 1274 1231 1328; x_wconf 85' lang='lat' dir='ltr'><strong>quas</strong></span> <span class='ocrx_word' id='word_1_179' title='bbox 1287 1253 1601 1315; x_wconf 75' lang='lat' dir='ltr'><strong>scholastici</strong></span> <span class='ocrx_word' id='word_1_180' title='bbox 1650 1258 1898 1311; x_wconf 89' lang='lat' dir='ltr'><strong>tribuunt</strong></span> <span class='ocrx_word' id='word_1_181' title='bbox 1942 1257 2151 1326; x_wconf 88' lang='lat' dir='ltr'><strong>angelis</strong></span> <span class='ocrx_word' id='word_1_182' title='bbox 2176 1298 2191 1320; x_wconf 91' lang='lat'><strong>,</strong></span> <span class='ocrx_word' id='word_1_183' title='bbox 2224 1268 2282 1312; x_wconf 93' lang='lat' dir='ltr'><strong>ut</strong></span> <span class='ocrx_word' id='word_1_184' title='bbox 2320 1253 2649 1328; x_wconf 84' lang='lat' dir='ltr'><strong>principium</strong></span> <span class='ocrx_word' id='word_1_185' title='bbox 2697 1253 2810 1310; x_wconf 82' lang='lat' dir='ltr'><strong>sint</strong></span> <span class='ocrx_word' id='word_1_186' title='bbox 2854 1258 3203 1326; x_wconf 80' lang='lat' dir='ltr'><strong>cngnitionis,</strong></span> <span class='ocrx_word' id='word_1_187' title='bbox 3239 1254 3528 1312; x_wconf 77' lang='lat' dir='ltr'><strong>Dionvsius</strong></span> <span class='ocrx_word' id='word_1_188' title='bbox 3549 1253 3619 1304; x_wconf 83' lang='lat' dir='ltr'><strong>hic</strong></span> 
     </span>
    </p>
   </div>
   <div class='ocr_carea' id='block_1_15' title="bbox 385 1342 656 1384">
    <p class='ocr_par' dir='ltr' id='par_1_15' title="bbox 385 1342 656 1384">
     <span class='ocr_line' id='line_1_16' title="bbox 385 1342 656 1384; baseline 0.007 -2"><span class='ocrx_word' id='word_1_189' title='bbox 385 1345 494 1383; x_wconf 91' lang='lat' dir='ltr'><strong>non</strong></span> <span class='ocrx_word' id='word_1_190' title='bbox 526 1342 656 1384; x_wconf 70' lang='lat' dir='ltr'><strong>aaut.</strong></span> 
     </span>
    </p>
   </div>
   <div class='ocr_carea' id='block_1_16' title="bbox 456 1364 1930 1471">
    <p class='ocr_par' dir='ltr' id='par_1_16' title="bbox 456 1364 1930 1471">
     <span class='ocr_line' id='line_1_17' title="bbox 456 1364 1930 1471; baseline -0.001 -19"><span class='ocrx_word' id='word_1_191' title='bbox 456 1364 857 1471; x_wconf 58' lang='grc' dir='ltr'>ξιῖίῗόυδωωυ</span> <span class='ocrx_word' id='word_1_192' title='bbox 876 1401 1100 1467; x_wconf 83' lang='lat' dir='ltr'><strong>reperias</strong></span> <span class='ocrx_word' id='word_1_193' title='bbox 1122 1399 1435 1470; x_wconf 78' lang='lat' dir='ltr'><strong>theologiam</strong></span> <span class='ocrx_word' id='word_1_194' title='bbox 1451 1415 1653 1470; x_wconf 84' lang='lat' dir='ltr'><strong>quoque</strong></span> <span class='ocrx_word' id='word_1_195' title='bbox 1672 1398 1799 1471; x_wconf 76' lang='lat' dir='ltr'><strong>deos</strong></span> <span class='ocrx_word' id='word_1_196' title='bbox 1819 1415 1930 1464; x_wconf 74' lang='lat' dir='ltr'><strong>(lth</strong></span> 
     </span>
    </p>
   </div>
   <div class='ocr_carea' id='block_1_17' title="bbox 2144 1364 3618 1471">
    <p class='ocr_par' dir='ltr' id='par_1_17' title="bbox 2144 1394 3618 1471">
     <span class='ocr_line' id='line_1_18' title="bbox 2144 1394 3618 1471; baseline -0.006 -22"><span class='ocrx_word' id='word_1_197' title='bbox 2144 1407 2225 1471; x_wconf 67' lang='lat' dir='ltr'><strong>rte.</strong></span> <span class='ocrx_word' id='word_1_198' title='bbox 2248 1396 2336 1471; x_wconf 86' lang='lat' dir='ltr'><strong>Sic</strong></span> <span class='ocrx_word' id='word_1_199' title='bbox 2355 1397 2554 1471; x_wconf 89' lang='lat' dir='ltr'><strong>Psalm.</strong></span> <span class='ocrx_word' id='word_1_200' title='bbox 2580 1412 2721 1471; x_wconf 73' lang='lat' dir='ltr'><strong>xciv,</strong></span> <span class='ocrx_word' id='word_1_201' title='bbox 2741 1396 2965 1452; x_wconf 87' lang='lat' dir='ltr'><strong>dicitur:</strong></span> <span class='ocrx_word' id='word_1_202' title='bbox 2989 1396 3249 1471; x_wconf 81' lang='lat' dir='ltr'><strong>Quoniam</strong></span> <span class='ocrx_word' id='word_1_203' title='bbox 3269 1394 3407 1449; x_wconf 82' lang='lat' dir='ltr'><strong>Deus</strong></span> <span class='ocrx_word' id='word_1_204' title='bbox 3424 1409 3618 1471; x_wconf 74' lang='lat' dir='ltr'><strong>magum</strong></span> 
     </span>
    </p>
   </div>
   <div class='ocr_carea' id='block_1_18' title="bbox 385 1467 3618 1539">
    <p class='ocr_par' dir='ltr' id='par_1_18' title="bbox 385 1467 3618 1539">
     <span class='ocr_line' id='line_1_19' title="bbox 385 1467 3618 1539; baseline -0.002 -18"><span class='ocrx_word' id='word_1_205' title='bbox 385 1467 669 1534; x_wconf 71' lang='lat' dir='ltr'><strong>Dominus,</strong></span> <span class='ocrx_word' id='word_1_206' title='bbox 694 1481 741 1522; x_wconf 87' lang='lat' dir='ltr'><strong>et</strong></span> <span class='ocrx_word' id='word_1_207' title='bbox 782 1486 874 1522; x_wconf 81' lang='lat' dir='ltr'><strong>rea:</strong></span> <span class='ocrx_word' id='word_1_208' title='bbox 900 1487 1121 1539; x_wconf 87' lang='lat' dir='ltr'><strong>magnus</strong></span> <span class='ocrx_word' id='word_1_209' title='bbox 1148 1467 1311 1537; x_wconf 69' lang='lat' dir='ltr'><strong>super</strong></span> <span class='ocrx_word' id='word_1_210' title='bbox 1336 1467 1511 1524; x_wconf 71' lang='lat' dir='ltr'><strong>omnes</strong></span> <span class='ocrx_word' id='word_1_211' title='bbox 1538 1467 1684 1532; x_wconf 84' lang='lat' dir='ltr'><strong>deos,</strong></span> <span class='ocrx_word' id='word_1_212' title='bbox 1714 1470 1806 1539; x_wconf 81' lang='lat' dir='ltr'><strong>ubi</strong></span> <span class='ocrx_word' id='word_1_213' title='bbox 1832 1471 1994 1523; x_wconf 83' lang='lat' dir='ltr'><strong>etiam</strong></span> <span class='ocrx_word' id='word_1_214' title='bbox 2045 1468 2266 1537; x_wconf 78' lang='lat' dir='ltr'><strong>angelos</strong></span> <span class='ocrx_word' id='word_1_215' title='bbox 2314 1469 2584 1537; x_wconf 82' lang='lat' dir='ltr'><strong>intelligit.</strong></span> <span class='ocrx_word' id='word_1_216' title='bbox 2619 1470 2685 1521; x_wconf 77' lang='lat' dir='ltr'><strong>Et</strong></span> <span class='ocrx_word' id='word_1_217' title='bbox 2732 1471 2952 1539; x_wconf 81' lang='lat' dir='ltr'><strong>angelus</strong></span> <span class='ocrx_word' id='word_1_218' title='bbox 3002 1469 3320 1522; x_wconf 83' lang='lat' dir='ltr'><strong>colluctator</strong></span> <span class='ocrx_word' id='word_1_219' title='bbox 3366 1481 3434 1539; x_wconf 9' lang='lat' dir='ltr'><strong>se,</strong></span> <span class='ocrx_word' id='word_1_220' title='bbox 3480 1467 3618 1516; x_wconf 71' lang='lat' dir='ltr'><strong>ltcuul</strong></span> 
     </span>
    </p>
   </div>
   <div class='ocr_carea' id='block_1_19' title="bbox 387 1537 3619 1610">
    <p class='ocr_par' dir='ltr' id='par_1_19' title="bbox 387 1537 3619 1610">
     <span class='ocr_line' id='line_1_20' title="bbox 387 1537 3619 1610; baseline -0.004 -18"><span class='ocrx_word' id='word_1_221' title='bbox 387 1541 645 1610; x_wconf 83' lang='lat' dir='ltr'><strong>appellal,</strong></span> <span class='ocrx_word' id='word_1_222' title='bbox 673 1548 809 1595; x_wconf 73' lang='lat' dir='ltr'><strong>Gen.</strong></span> <span class='ocrx_word' id='word_1_223' title='bbox 841 1556 890 1593; x_wconf 92' lang='lat' dir='ltr'><strong>c.</strong></span> <span class='ocrx_word' id='word_1_224' title='bbox 929 1537 1075 1594; x_wconf 60' lang='lat' dir='ltr'><strong>usit</strong></span> <span class='ocrx_word' id='word_1_225' title='bbox 1104 1560 1119 1596; x_wconf 93' lang='lat'><strong>:</strong></span> <span class='ocrx_word' id='word_1_226' title='bbox 1151 1540 1524 1610; x_wconf 81' lang='lat' dir='ltr'><strong>Nequaquam.</strong></span> <span class='ocrx_word' id='word_1_227' title='bbox 1552 1540 1745 1607; x_wconf 88' lang='lat' dir='ltr'><strong>inquit,</strong></span> <span class='ocrx_word' id='word_1_228' title='bbox 1776 1537 1943 1591; x_wconf 84' lang='lat' dir='ltr'><strong>Jacob</strong></span> <span class='ocrx_word' id='word_1_229' title='bbox 1975 1541 2325 1610; x_wconf 70' lang='lat' dir='ltr'><strong>appellabitur</strong></span> <span class='ocrx_word' id='word_1_230' title='bbox 2349 1540 2541 1592; x_wconf 74' lang='lat' dir='ltr'><strong>nomen</strong></span> <span class='ocrx_word' id='word_1_231' title='bbox 2569 1552 2736 1600; x_wconf 85' lang='lat' dir='ltr'><strong>tuum,</strong></span> <span class='ocrx_word' id='word_1_232' title='bbox 2768 1541 2858 1592; x_wconf 78' lang='lat' dir='ltr'><strong>sed</strong></span> <span class='ocrx_word' id='word_1_233' title='bbox 2880 1538 3049 1591; x_wconf 87' lang='lat' dir='ltr'><strong>Israel</strong></span> <span class='ocrx_word' id='word_1_234' title='bbox 3071 1554 3091 1593; x_wconf 80' lang='lat'><strong>.&#39;</strong></span> <span class='ocrx_word' id='word_1_235' title='bbox 3113 1539 3361 1607; x_wconf 86' lang='lat' dir='ltr'><strong>quoniam</strong></span> <span class='ocrx_word' id='word_1_236' title='bbox 3387 1537 3435 1588; x_wconf 80' lang='lat' dir='ltr'><strong>si</strong></span> <span class='ocrx_word' id='word_1_237' title='bbox 3462 1543 3619 1586; x_wconf 73' lang='lat' dir='ltr'><strong>contra</strong></span> 
     </span>
    </p>
   </div>
   <div class='ocr_carea' id='block_1_20' title="bbox 387 1608 3607 1733">
    <p class='ocr_par' dir='ltr' id='par_1_20' title="bbox 387 1608 3607 1733">
     <span class='ocr_line' id='line_1_21' title="bbox 387 1608 3607 1733; baseline -0 -72"><span class='ocrx_word' id='word_1_238' title='bbox 387 1609 549 1662; x_wconf 60' lang='lat' dir='ltr'><strong>Deum</strong></span> <span class='ocrx_word' id='word_1_239' title='bbox 582 1609 938 1733; x_wconf 64' lang='lat' dir='ltr'><strong>fortisJuisti,</strong></span> <span class='ocrx_word' id='word_1_240' title='bbox 967 1623 1163 1680; x_wconf 87' lang='lat' dir='ltr'><strong>quanto</strong></span> <span class='ocrx_word' id='word_1_241' title='bbox 1195 1608 1363 1680; x_wconf 70' lang='lat' dir='ltr'><strong>magis</strong></span> <span class='ocrx_word' id='word_1_242' title='bbox 1391 1627 1573 1664; x_wconf 81' lang='lat' dir='ltr'><strong>contra</strong></span> <span class='ocrx_word' id='word_1_243' title='bbox 1604 1611 1839 1662; x_wconf 75' lang='lat' dir='ltr'><strong>homines</strong></span> <span class='ocrx_word' id='word_1_244' title='bbox 1865 1608 2177 1675; x_wconf 75' lang='lat' dir='ltr'><strong>prwvaIebis</strong></span> <span class='ocrx_word' id='word_1_245' title='bbox 2198 1609 2225 1660; x_wconf 83' lang='lat'><strong>.’</strong></span> <span class='ocrx_word' id='word_1_246' title='bbox 3606 1612 3607 1615; x_wconf 66' lang='grc'><em>“</em></span> 
     </span>
     <span class='ocr_line' id='line_1_22' title="bbox 455 1676 3607 1733; baseline -0.001 -1"><span class='ocrx_word' id='word_1_247' title='bbox 455 1679 655 1733; x_wconf 83' lang='lat' dir='ltr'><strong>Ibidem</strong></span> <span class='ocrx_word' id='word_1_248' title='bbox 683 1699 696 1733; x_wconf 91' lang='lat'><strong>:</strong></span> <span class='ocrx_word' id='word_1_249' title='bbox 784 1684 821 1732; x_wconf 87' lang='lat' dir='ltr'><strong>ti</strong></span> <span class='ocrx_word' id='word_1_250' title='bbox 851 1692 900 1733; x_wconf 86' lang='lat' dir='ltr'><strong>et</strong></span> <span class='ocrx_word' id='word_1_251' title='bbox 936 1692 1143 1733; x_wconf 57' lang='lat' dir='ltr'><strong>sanctos</strong></span> <span class='ocrx_word' id='word_1_252' title='bbox 1172 1683 1262 1733; x_wconf 88' lang='lat' dir='ltr'><strong>aui</strong></span> <span class='ocrx_word' id='word_1_253' title='bbox 1289 1684 1430 1733; x_wconf 80' lang='lat' dir='ltr'><strong>auud</strong></span> <span class='ocrx_word' id='word_1_254' title='bbox 1463 1698 1555 1733; x_wconf 87' lang='lat' dir='ltr'><strong>nos</strong></span> <span class='ocrx_word' id='word_1_255' title='bbox 1587 1690 1708 1733; x_wconf 86' lang='lat' dir='ltr'><strong>sunt</strong></span> <span class='ocrx_word' id='word_1_256' title='bbox 1754 1680 1911 1732; x_wconf 87' lang='lat' dir='ltr'><strong>viros.</strong></span> <span class='ocrx_word' id='word_1_257' title='bbox 1948 1678 2160 1732; x_wconf 84' lang='lat' dir='ltr'><strong>Psalnto</strong></span> <span class='ocrx_word' id='word_1_258' title='bbox 2190 1695 2351 1733; x_wconf 74' lang='lat' dir='ltr'><strong>Lxm</strong></span> <span class='ocrx_word' id='word_1_259' title='bbox 2380 1695 2395 1732; x_wconf 90' lang='lat'><strong>:</strong></span> <span class='ocrx_word' id='word_1_260' title='bbox 2431 1678 2541 1733; x_wconf 85' lang='lat' dir='ltr'><strong>Eoo</strong></span> <span class='ocrx_word' id='word_1_261' title='bbox 2564 1679 2699 1733; x_wconf 79' lang='lat' dir='ltr'><strong>dixi.</strong></span> <span class='ocrx_word' id='word_1_262' title='bbox 2729 1679 2807 1731; x_wconf 87' lang='lat' dir='ltr'><strong>dii</strong></span> <span class='ocrx_word' id='word_1_263' title='bbox 2837 1679 2961 1733; x_wconf 87' lang='lat' dir='ltr'><strong>estis</strong></span> <span class='ocrx_word' id='word_1_264' title='bbox 2990 1689 3038 1732; x_wconf 86' lang='lat' dir='ltr'><strong>et</strong></span> <span class='ocrx_word' id='word_1_265' title='bbox 3067 1679 3168 1733; x_wconf 77' lang='lat' dir='ltr'><strong>lilii</strong></span> <span class='ocrx_word' id='word_1_266' title='bbox 3194 1676 3403 1733; x_wconf 70' lang='grc' dir='ltr'>Επείεί</span> <span class='ocrx_word' id='word_1_267' title='bbox 3445 1689 3607 1727; x_wconf 54' lang='lat' dir='ltr'><strong>cum“</strong></span> 
     </span>
    </p>
   </div>
   <div class='ocr_carea' id='block_1_21' title="bbox 455 1676 3617 1752">
    <p class='ocr_par' dir='ltr' id='par_1_21' title="bbox 455 1676 3617 1752">
     <span class='ocr_line' id='line_1_23' title="bbox 455 1676 3617 1752; baseline -0.002 -20"><span class='ocrx_word' id='word_1_268' title='bbox 455 1676 655 1752; x_wconf 74' lang='lat' dir='ltr'><strong>Ibidem</strong></span> <span class='ocrx_word' id='word_1_269' title='bbox 683 1699 696 1734; x_wconf 90' lang='lat'><strong>:</strong></span> <span class='ocrx_word' id='word_1_270' title='bbox 736 1676 821 1733; x_wconf 87' lang='lat' dir='ltr'><strong>Uti</strong></span> <span class='ocrx_word' id='word_1_271' title='bbox 851 1692 900 1752; x_wconf 86' lang='lat' dir='ltr'><strong>et</strong></span> <span class='ocrx_word' id='word_1_272' title='bbox 936 1676 1143 1735; x_wconf 57' lang='lat' dir='ltr'><strong>sanctos</strong></span> <span class='ocrx_word' id='word_1_273' title='bbox 1172 1683 1262 1752; x_wconf 87' lang='lat' dir='ltr'><strong>qui</strong></span> <span class='ocrx_word' id='word_1_274' title='bbox 1284 1676 1430 1748; x_wconf 71' lang='lat' dir='ltr'><strong>apud</strong></span> <span class='ocrx_word' id='word_1_275' title='bbox 1463 1698 1555 1734; x_wconf 88' lang='lat' dir='ltr'><strong>nos</strong></span> <span class='ocrx_word' id='word_1_276' title='bbox 1587 1690 1708 1734; x_wconf 85' lang='lat' dir='ltr'><strong>sunt</strong></span> <span class='ocrx_word' id='word_1_277' title='bbox 1754 1680 1911 1752; x_wconf 71' lang='lat' dir='ltr'><strong>viros.</strong></span> <span class='ocrx_word' id='word_1_278' title='bbox 1945 1678 2160 1752; x_wconf 71' lang='lat' dir='ltr'><strong>Psaltuo</strong></span> <span class='ocrx_word' id='word_1_279' title='bbox 2190 1695 2351 1733; x_wconf 74' lang='lat' dir='ltr'><strong>Lxm</strong></span> <span class='ocrx_word' id='word_1_280' title='bbox 2380 1695 2395 1732; x_wconf 89' lang='lat'><strong>:</strong></span> <span class='ocrx_word' id='word_1_281' title='bbox 2431 1678 2541 1749; x_wconf 85' lang='lat' dir='ltr'><strong>Ego</strong></span> <span class='ocrx_word' id='word_1_282' title='bbox 2564 1679 2699 1741; x_wconf 79' lang='lat' dir='ltr'><strong>dixi,</strong></span> <span class='ocrx_word' id='word_1_283' title='bbox 2729 1679 2807 1731; x_wconf 87' lang='lat' dir='ltr'><strong>dii</strong></span> <span class='ocrx_word' id='word_1_284' title='bbox 2837 1679 3038 1752; x_wconf 27' lang='lat' dir='ltr'><strong>estisAet</strong></span> <span class='ocrx_word' id='word_1_285' title='bbox 3064 1679 3168 1752; x_wconf 79' lang='lat' dir='ltr'><strong>ﬁlii</strong></span> <span class='ocrx_word' id='word_1_286' title='bbox 3194 1676 3403 1752; x_wconf 73' lang='lat' dir='ltr'><strong>Excelsi</strong></span> <span class='ocrx_word' id='word_1_287' title='bbox 3445 1689 3617 1752; x_wconf 68' lang='lat' dir='ltr'><strong>ornats.</strong></span> 
     </span>
    </p>
   </div>
   <div class='ocr_carea' id='block_1_22' title="bbox 384 1746 3618 1819">
    <p class='ocr_par' dir='ltr' id='par_1_22' title="bbox 384 1746 3618 1819">
     <span class='ocr_line' id='line_1_24' title="bbox 384 1746 3618 1819; baseline -0.001 -19"><span class='ocrx_word' id='word_1_288' title='bbox 384 1748 538 1814; x_wconf 88' lang='lat' dir='ltr'><strong>Quod</strong></span> <span class='ocrx_word' id='word_1_289' title='bbox 576 1750 804 1819; x_wconf 88' lang='lat' dir='ltr'><strong>ipsemet</strong></span> <span class='ocrx_word' id='word_1_290' title='bbox 836 1751 1086 1804; x_wconf 79' lang='lat' dir='ltr'><strong>Christus</strong></span> <span class='ocrx_word' id='word_1_291' title='bbox 1124 1746 1194 1806; x_wconf 77' lang='lat' dir='ltr'><strong>de</strong></span> <span class='ocrx_word' id='word_1_292' title='bbox 1225 1746 1558 1815; x_wconf 85' lang='lat' dir='ltr'><strong>hominibus,</strong></span> <span class='ocrx_word' id='word_1_293' title='bbox 1592 1752 1659 1804; x_wconf 89' lang='lat' dir='ltr'><strong>ad</strong></span> <span class='ocrx_word' id='word_1_294' title='bbox 1690 1764 1826 1819; x_wconf 76' lang='lat' dir='ltr'><strong>qitos</strong></span> <span class='ocrx_word' id='word_1_295' title='bbox 1860 1748 1955 1801; x_wconf 88' lang='lat' dir='ltr'><strong>Dei</strong></span> <span class='ocrx_word' id='word_1_296' title='bbox 1985 1764 2170 1802; x_wconf 86' lang='lat' dir='ltr'><strong>sermo</strong></span> <span class='ocrx_word' id='word_1_297' title='bbox 2201 1751 2377 1802; x_wconf 77' lang='lat' dir='ltr'><strong>factus</strong></span> <span class='ocrx_word' id='word_1_298' title='bbox 2407 1746 2514 1819; x_wconf 71' lang='lat' dir='ltr'><strong>est,</strong></span> <span class='ocrx_word' id='word_1_299' title='bbox 2548 1746 3179 1818; x_wconf 83' lang='lat' dir='ltr'><strong>interpreteturJoannis</strong></span> <span class='ocrx_word' id='word_1_300' title='bbox 3209 1765 3243 1802; x_wconf 67' lang='grc' dir='ltr'>ι</span> <span class='ocrx_word' id='word_1_301' title='bbox 3278 1749 3478 1816; x_wconf 83' lang='lat' dir='ltr'><strong>capite.</strong></span> <span class='ocrx_word' id='word_1_302' title='bbox 3503 1746 3618 1797; x_wconf 74' lang='lat' dir='ltr'><strong>Ltm</strong></span> 
     </span>
    </p>
   </div>
   <div class='ocr_carea' id='block_1_23' title="bbox 386 1766 2718 1895">
    <p class='ocr_par' dir='ltr' id='par_1_23' title="bbox 386 1766 2718 1895">
     <span class='ocr_line' id='line_1_25' title="bbox 386 1766 2718 1819; baseline 0.001 -19"><span class='ocrx_word' id='word_1_303' title='bbox 386 1766 538 1814; x_wconf 69' lang='grc' dir='ltr'>υιιυα</span> <span class='ocrx_word' id='word_1_304' title='bbox 576 1766 804 1819; x_wconf 76' lang='lat' dir='ltr'><strong>ipsemet</strong></span> <span class='ocrx_word' id='word_1_305' title='bbox 836 1766 1086 1804; x_wconf 64' lang='lat' dir='ltr'><strong>onustus</strong></span> <span class='ocrx_word' id='word_1_306' title='bbox 1124 1766 1192 1806; x_wconf 88' lang='lat' dir='ltr'><strong>ae</strong></span> <span class='ocrx_word' id='word_1_307' title='bbox 1226 1766 1558 1815; x_wconf 84' lang='lat' dir='ltr'><strong>nounmous,</strong></span> <span class='ocrx_word' id='word_1_308' title='bbox 1592 1766 1659 1804; x_wconf 89' lang='lat' dir='ltr'><strong>au</strong></span> <span class='ocrx_word' id='word_1_309' title='bbox 1730 1766 1826 1801; x_wconf 84' lang='lat' dir='ltr'><strong>uos</strong></span> <span class='ocrx_word' id='word_1_310' title='bbox 1860 1766 1955 1801; x_wconf 86' lang='lat' dir='ltr'><strong>uet</strong></span> <span class='ocrx_word' id='word_1_311' title='bbox 1985 1766 2170 1802; x_wconf 88' lang='lat' dir='ltr'><strong>sermo</strong></span> <span class='ocrx_word' id='word_1_312' title='bbox 2201 1766 2377 1802; x_wconf 78' lang='lat' dir='ltr'><strong>tactus</strong></span> <span class='ocrx_word' id='word_1_313' title='bbox 2407 1766 2514 1816; x_wconf 81' lang='lat' dir='ltr'><strong>est,</strong></span> <span class='ocrx_word' id='word_1_314' title='bbox 2548 1766 2718 1818; x_wconf 78' lang='lat' dir='ltr'><strong>interp</strong></span> 
     </span>
     <span class='ocr_line' id='line_1_26' title="bbox 386 1766 2718 1895; baseline 0.001 -23"><span class='ocrx_word' id='word_1_315' title='bbox 386 1820 569 1874; x_wconf 74' lang='lat' dir='ltr'><strong>Exodo</strong></span> <span class='ocrx_word' id='word_1_316' title='bbox 600 1838 718 1892; x_wconf 85' lang='lat' dir='ltr'><strong>cap.</strong></span> <span class='ocrx_word' id='word_1_317' title='bbox 750 1837 825 1875; x_wconf 88' lang='lat' dir='ltr'><strong>vu</strong></span> <span class='ocrx_word' id='word_1_318' title='bbox 853 1837 868 1874; x_wconf 90' lang='lat'><strong>:</strong></span> <span class='ocrx_word' id='word_1_319' title='bbox 904 1822 973 1876; x_wconf 88' lang='lat' dir='ltr'><strong>ad</strong></span> <span class='ocrx_word' id='word_1_320' title='bbox 1005 1821 1222 1895; x_wconf 75' lang='lat' dir='ltr'><strong>Moysen</strong></span> <span class='ocrx_word' id='word_1_321' title='bbox 1253 1823 1519 1877; x_wconf 86' lang='lat' dir='ltr'><strong>Dominus</strong></span> <span class='ocrx_word' id='word_1_322' title='bbox 1548 1822 1665 1876; x_wconf 89' lang='lat' dir='ltr'><strong>ait:</strong></span> <span class='ocrx_word' id='word_1_323' title='bbox 1690 1766 1831 1872; x_wconf 53' lang='grc' dir='ltr'>ἳίεεε</span> <span class='ocrx_word' id='word_1_324' title='bbox 1860 1820 2113 1872; x_wconf 78' lang='lat' dir='ltr'><strong>constitui</strong></span> <span class='ocrx_word' id='word_1_325' title='bbox 2144 1832 2193 1873; x_wconf 87' lang='lat' dir='ltr'><strong>te</strong></span> <span class='ocrx_word' id='word_1_326' title='bbox 2215 1821 2370 1874; x_wconf 88' lang='lat' dir='ltr'><strong>deum</strong></span> <span class='ocrx_word' id='word_1_327' title='bbox 2395 1818 2718 1874; x_wconf 71' lang='lat' dir='ltr'><strong>Pharaonis.</strong></span> 
     </span>
    </p>
   </div>
   <div class='ocr_carea' id='block_1_24' title="bbox 1446 2192 2597 2271">
    <p class='ocr_par' dir='ltr' id='par_1_24' title="bbox 1446 2192 2597 2271">
     <span class='ocr_line' id='line_1_27' title="bbox 1446 2192 2597 2271; baseline -0.003 -19"><span class='ocrx_word' id='word_1_328' title='bbox 1446 2195 1938 2253; x_wconf 80' lang='lat' dir='ltr'><strong>PARAPHRASIS</strong></span> <span class='ocrx_word' id='word_1_329' title='bbox 1970 2192 2433 2271; x_wconf 16' lang='lat' dir='ltr'><strong>PACHYMERIEV</strong></span> <span class='ocrx_word' id='word_1_330' title='bbox 2462 2194 2597 2267; x_wconf 83' lang='grc' dir='ltr'><strong>(Π).</strong></span> 
     </span>
    </p>
   </div>
   <div class='ocr_carea' id='block_1_25' title="bbox 453 2390 1927 2475">
    <p class='ocr_par' dir='ltr' id='par_1_25' title="bbox 453 2396 1927 2475">
     <span class='ocr_line' id='line_1_28' title="bbox 453 2396 1927 2475; baseline -0.005 -19"><span class='ocrx_word' id='word_1_331' title='bbox 453 2402 481 2475; x_wconf 69' lang='grc' dir='ltr'><strong>ς</strong></span> <span class='ocrx_word' id='word_1_332' title='bbox 511 2402 550 2456; x_wconf 91' lang='grc'><strong>1.</strong></span> <span class='ocrx_word' id='word_1_333' title='bbox 586 2401 807 2471; x_wconf 79' lang='lat' dir='ltr'><strong>Reperit</strong></span> <span class='ocrx_word' id='word_1_334' title='bbox 838 2400 926 2454; x_wconf 90' lang='lat' dir='ltr'><strong>bic</strong></span> <span class='ocrx_word' id='word_1_335' title='bbox 961 2408 1184 2453; x_wconf 89' lang='lat' dir='ltr'><strong>sanctus</strong></span> <span class='ocrx_word' id='word_1_336' title='bbox 1206 2438 1224 2463; x_wconf 85' lang='lat'><strong>,</strong></span> <span class='ocrx_word' id='word_1_337' title='bbox 1271 2416 1299 2453; x_wconf 90' lang='lat' dir='ltr'><strong>a</strong></span> <span class='ocrx_word' id='word_1_338' title='bbox 1332 2397 1672 2453; x_wconf 86' lang='lat' dir='ltr'><strong>divinissimo</strong></span> <span class='ocrx_word' id='word_1_339' title='bbox 1698 2396 1927 2451; x_wconf 71' lang='lat' dir='ltr'><strong>Malacini</strong></span> 
     </span>
    </p>
   </div>
   <div class='ocr_carea' id='block_1_26' title="bbox 2144 2390 3618 2475">
    <p class='ocr_par' dir='ltr' id='par_1_26' title="bbox 2144 2390 3618 2467">
     <span class='ocr_line' id='line_1_29' title="bbox 2144 2390 3618 2467; baseline -0.005 -20"><span class='ocrx_word' id='word_1_340' title='bbox 2144 2394 2170 2467; x_wconf 60' lang='grc' dir='ltr'>ᾗ</span> <span class='ocrx_word' id='word_1_341' title='bbox 2206 2396 2245 2447; x_wconf 84' lang='grc' dir='ltr'><strong>Ῑ.</strong></span> <span class='ocrx_word' id='word_1_342' title='bbox 2277 2393 2532 2465; x_wconf 85' lang='grc' dir='ltr'>Εὑρίσκει</span> <span class='ocrx_word' id='word_1_343' title='bbox 2578 2393 2606 2445; x_wconf 85' lang='grc' dir='ltr'><strong>ὁ</strong></span> <span class='ocrx_word' id='word_1_344' title='bbox 2655 2393 2809 2459; x_wconf 83' lang='grc' dir='ltr'>ἆγιος</span> <span class='ocrx_word' id='word_1_345' title='bbox 2852 2390 3001 2461; x_wconf 82' lang='grc' dir='ltr'>παρὰ</span> <span class='ocrx_word' id='word_1_346' title='bbox 3042 2391 3120 2463; x_wconf 83' lang='grc' dir='ltr'>τῷ</span> <span class='ocrx_word' id='word_1_347' title='bbox 3160 2391 3618 2463; x_wconf 79' lang='grc' dir='ltr'>θεοληπτικωτάτῳ</span> 
     </span>
    </p>
   </div>
   <div class='ocr_carea' id='block_1_27' title="bbox 376 2489 1957 2564">
    <p class='ocr_par' dir='ltr' id='par_1_27' title="bbox 376 2489 1957 2564">
     <span class='ocr_line' id='line_1_30' title="bbox 376 2489 1957 2564; baseline -0.004 -16"><span class='ocrx_word' id='word_1_348' title='bbox 376 2509 597 2564; x_wconf 87' lang='lat' dir='ltr'><strong>quoque</strong></span> <span class='ocrx_word' id='word_1_349' title='bbox 626 2501 872 2545; x_wconf 86' lang='lat' dir='ltr'><strong>nostrum</strong></span> <span class='ocrx_word' id='word_1_350' title='bbox 919 2492 1229 2560; x_wconf 80' lang='lat' dir='ltr'><strong>pontiﬁcem</strong></span> <span class='ocrx_word' id='word_1_351' title='bbox 1262 2490 1515 2561; x_wconf 82' lang='lat' dir='ltr'><strong>angelum</strong></span> <span class='ocrx_word' id='word_1_352' title='bbox 1561 2489 1775 2543; x_wconf 88' lang='lat' dir='ltr'><strong>Domini</strong></span> <span class='ocrx_word' id='word_1_353' title='bbox 1829 2504 1957 2544; x_wconf 83' lang='lat' dir='ltr'><strong>esse</strong></span> 
     </span>
    </p>
   </div>
   <div class='ocr_carea' id='block_1_28' title="bbox 379 2580 1961 2654">
    <p class='ocr_par' dir='ltr' id='par_1_28' title="bbox 379 2580 1961 2654">
     <span class='ocr_line' id='line_1_31' title="bbox 379 2580 1961 2654; baseline -0.004 -14"><span class='ocrx_word' id='word_1_354' title='bbox 379 2597 753 2654; x_wconf 82' lang='lat' dir='ltr'><strong>nuncupatum</strong></span> <span class='ocrx_word' id='word_1_355' title='bbox 780 2600 795 2648; x_wconf 92' lang='lat'><strong>;</strong></span> <span class='ocrx_word' id='word_1_356' title='bbox 829 2582 993 2648; x_wconf 83' lang='lat' dir='ltr'><strong>Quia,</strong></span> <span class='ocrx_word' id='word_1_357' title='bbox 1027 2584 1333 2652; x_wconf 88' lang='lat' dir='ltr'><strong>inquiente.</strong></span> <span class='ocrx_word' id='word_1_358' title='bbox 1361 2582 1578 2652; x_wconf 75' lang='lat' dir='ltr'><strong>angelus</strong></span> <span class='ocrx_word' id='word_1_359' title='bbox 1605 2580 1820 2635; x_wconf 84' lang='lat' dir='ltr'><strong>Domini</strong></span> <span class='ocrx_word' id='word_1_360' title='bbox 1848 2598 1961 2634; x_wconf 88' lang='lat' dir='ltr'><strong>om-</strong></span> 
     </span>
    </p>
   </div>
   <div class='ocr_carea' id='block_1_29' title="bbox 376 2678 1957 2751">
    <p class='ocr_par' dir='ltr' id='par_1_29' title="bbox 376 2678 1957 2751">
     <span class='ocr_line' id='line_1_32' title="bbox 376 2678 1957 2751; baseline -0.003 -14"><span class='ocrx_word' id='word_1_361' title='bbox 376 2683 657 2751; x_wconf 83' lang='lat' dir='ltr'><strong>nipotentis</strong></span> <span class='ocrx_word' id='word_1_362' title='bbox 711 2692 784 2736; x_wconf 88' lang='lat' dir='ltr'><strong>est</strong></span> <span class='ocrx_word' id='word_1_363' title='bbox 817 2692 864 2735; x_wconf 74' lang='lat'><strong>°.</strong></span> <span class='ocrx_word' id='word_1_364' title='bbox 924 2679 1056 2735; x_wconf 87' lang='lat' dir='ltr'><strong>Cum</strong></span> <span class='ocrx_word' id='word_1_365' title='bbox 1119 2681 1299 2748; x_wconf 87' lang='lat' dir='ltr'><strong>itaque</strong></span> <span class='ocrx_word' id='word_1_366' title='bbox 1348 2680 1588 2734; x_wconf 87' lang='lat' dir='ltr'><strong>ostendit</strong></span> <span class='ocrx_word' id='word_1_367' title='bbox 1640 2678 1957 2733; x_wconf 82' lang='lat' dir='ltr'><strong>inferiorum</strong></span> 
     </span>
    </p>
   </div>
   <div class='ocr_carea' id='block_1_30' title="bbox 378 2772 1955 2844">
    <p class='ocr_par' dir='ltr' id='par_1_30' title="bbox 378 2772 1955 2844">
     <span class='ocr_line' id='line_1_33' title="bbox 378 2772 1955 2844; baseline -0.001 -15"><span class='ocrx_word' id='word_1_368' title='bbox 378 2776 599 2830; x_wconf 69' lang='lat' dir='ltr'><strong>noonine</strong></span> <span class='ocrx_word' id='word_1_369' title='bbox 626 2774 939 2844; x_wconf 86' lang='lat' dir='ltr'><strong>superiores</strong></span> <span class='ocrx_word' id='word_1_370' title='bbox 965 2774 1157 2827; x_wconf 90' lang='lat' dir='ltr'><strong>merito</strong></span> <span class='ocrx_word' id='word_1_371' title='bbox 1189 2773 1484 2836; x_wconf 86' lang='lat' dir='ltr'><strong>nominari,</strong></span> <span class='ocrx_word' id='word_1_372' title='bbox 1506 2772 1955 2840; x_wconf 88' lang='lat' dir='ltr'><strong>demonstrando,</strong></span> 
     </span>
    </p>
   </div>
   <div class='ocr_carea' id='block_1_31' title="bbox 371 2865 1957 2938">
    <p class='ocr_par' dir='ltr' id='par_1_31' title="bbox 371 2865 1957 2938">
     <span class='ocr_line' id='line_1_34' title="bbox 371 2865 1957 2938; baseline 0 -18"><span class='ocrx_word' id='word_1_373' title='bbox 371 2882 606 2938; x_wconf 86' lang='lat' dir='ltr'><strong>quanam</strong></span> <span class='ocrx_word' id='word_1_374' title='bbox 640 2868 851 2921; x_wconf 83' lang='lat' dir='ltr'><strong>ratione</strong></span> <span class='ocrx_word' id='word_1_375' title='bbox 872 2867 1127 2923; x_wconf 70' lang='lat' dir='ltr'><strong>caelestes</strong></span> <span class='ocrx_word' id='word_1_376' title='bbox 1144 2880 1335 2919; x_wconf 90' lang='lat' dir='ltr'><strong>onmes</strong></span> <span class='ocrx_word' id='word_1_377' title='bbox 1359 2865 1581 2919; x_wconf 89' lang='lat' dir='ltr'><strong>ordines</strong></span> <span class='ocrx_word' id='word_1_378' title='bbox 1608 2866 1659 2919; x_wconf 91' lang='lat' dir='ltr'><strong>in</strong></span> <span class='ocrx_word' id='word_1_379' title='bbox 1682 2866 1957 2920; x_wconf 92' lang='lat' dir='ltr'><strong>communi</strong></span> 
     </span>
    </p>
   </div>
   <div class='ocr_carea' id='block_1_32' title="bbox 371 2957 1958 3028">
    <p class='ocr_par' dir='ltr' id='par_1_32' title="bbox 371 2957 1958 3028">
     <span class='ocr_line' id='line_1_35' title="bbox 371 2957 1958 3028; baseline -0.001 -15"><span class='ocrx_word' id='word_1_380' title='bbox 371 2961 557 3028; x_wconf 79' lang='lat' dir='ltr'><strong>angeli</strong></span> <span class='ocrx_word' id='word_1_381' title='bbox 616 2969 914 3024; x_wconf 85' lang='lat' dir='ltr'><strong>vocentur;</strong></span> <span class='ocrx_word' id='word_1_382' title='bbox 975 2958 1065 3013; x_wconf 89' lang='lat' dir='ltr'><strong>ubi</strong></span> <span class='ocrx_word' id='word_1_383' title='bbox 1123 2958 1484 3026; x_wconf 85' lang='lat' dir='ltr'><strong>quorumdam</strong></span> <span class='ocrx_word' id='word_1_384' title='bbox 1529 2959 1594 3011; x_wconf 89' lang='lat' dir='ltr'><strong>de</strong></span> <span class='ocrx_word' id='word_1_385' title='bbox 1644 2957 1958 3012; x_wconf 63' lang='lat' dir='ltr'><strong>caelestibus</strong></span> 
     </span>
    </p>
   </div>
   <div class='ocr_carea' id='block_1_33' title="bbox 372 3049 1953 3119">
    <p class='ocr_par' dir='ltr' id='par_1_33' title="bbox 372 3049 1953 3119">
     <span class='ocr_line' id='line_1_36' title="bbox 372 3049 1953 3119; baseline -0.003 -15"><span class='ocrx_word' id='word_1_386' title='bbox 372 3051 674 3105; x_wconf 80' lang='lat' dir='ltr'><strong>virtutibus</strong></span> <span class='ocrx_word' id='word_1_387' title='bbox 703 3051 1012 3119; x_wconf 87' lang='lat' dir='ltr'><strong>opinionem</strong></span> <span class='ocrx_word' id='word_1_388' title='bbox 1045 3049 1229 3113; x_wconf 89' lang='lat' dir='ltr'><strong>solvit,</strong></span> <span class='ocrx_word' id='word_1_389' title='bbox 1261 3049 1404 3116; x_wconf 90' lang='lat' dir='ltr'><strong>quod</strong></span> <span class='ocrx_word' id='word_1_390' title='bbox 1434 3049 1603 3102; x_wconf 89' lang='lat' dir='ltr'><strong>etiam</strong></span> <span class='ocrx_word' id='word_1_391' title='bbox 1653 3050 1953 3102; x_wconf 89' lang='lat' dir='ltr'><strong>secundum</strong></span> 
     </span>
    </p>
   </div>
   <div class='ocr_carea' id='block_1_34' title="bbox 371 3141 1956 3211">
    <p class='ocr_par' dir='ltr' id='par_1_34' title="bbox 371 3141 1956 3211">
     <span class='ocr_line' id='line_1_37' title="bbox 371 3141 1956 3211; baseline -0.002 -16"><span class='ocrx_word' id='word_1_392' title='bbox 371 3144 663 3211; x_wconf 85' lang='lat' dir='ltr'><strong>quamdam</strong></span> <span class='ocrx_word' id='word_1_393' title='bbox 706 3143 868 3196; x_wconf 90' lang='lat' dir='ltr'><strong>aliam</strong></span> <span class='ocrx_word' id='word_1_394' title='bbox 904 3143 1239 3211; x_wconf 71' lang='lat' dir='ltr'><strong>teqoivocam</strong></span> <span class='ocrx_word' id='word_1_395' title='bbox 1278 3142 1538 3194; x_wconf 87' lang='lat' dir='ltr'><strong>virtutem</strong></span> <span class='ocrx_word' id='word_1_396' title='bbox 1576 3156 1682 3209; x_wconf 89' lang='lat' dir='ltr'><strong>qua</strong></span> <span class='ocrx_word' id='word_1_397' title='bbox 1727 3141 1956 3210; x_wconf 89' lang='lat' dir='ltr'><strong>pollent,</strong></span> 
     </span>
    </p>
   </div>
   <div class='ocr_carea' id='block_1_35' title="bbox 371 3233 1954 3303">
    <p class='ocr_par' dir='ltr' id='par_1_35' title="bbox 371 3233 1954 3303">
     <span class='ocr_line' id='line_1_38' title="bbox 371 3233 1954 3303; baseline 0 -14"><span class='ocrx_word' id='word_1_398' title='bbox 371 3249 565 3289; x_wconf 88' lang='lat' dir='ltr'><strong>omnes</strong></span> <span class='ocrx_word' id='word_1_399' title='bbox 596 3235 816 3288; x_wconf 87' lang='lat' dir='ltr'><strong>ordines</strong></span> <span class='ocrx_word' id='word_1_400' title='bbox 843 3275 858 3300; x_wconf 96' lang='lat'><strong>,</strong></span> <span class='ocrx_word' id='word_1_401' title='bbox 896 3243 1005 3286; x_wconf 90' lang='lat' dir='ltr'><strong>tam</strong></span> <span class='ocrx_word' id='word_1_402' title='bbox 1035 3235 1345 3303; x_wconf 81' lang='lat' dir='ltr'><strong>superiores</strong></span> <span class='ocrx_word' id='word_1_403' title='bbox 1368 3272 1385 3298; x_wconf 94' lang='lat'><strong>,</strong></span> <span class='ocrx_word' id='word_1_404' title='bbox 1431 3249 1596 3302; x_wconf 82' lang='lat' dir='ltr'><strong>quam</strong></span> <span class='ocrx_word' id='word_1_405' title='bbox 1644 3233 1954 3299; x_wconf 80' lang='lat' dir='ltr'><strong>inferiores,</strong></span> 
     </span>
    </p>
   </div>
   <div class='ocr_carea' id='block_1_36' title="bbox 372 3326 1956 3397">
    <p class='ocr_par' dir='ltr' id='par_1_36' title="bbox 372 3326 1956 3397">
     <span class='ocr_line' id='line_1_39' title="bbox 372 3326 1956 3397; baseline 0.001 -17"><span class='ocrx_word' id='word_1_406' title='bbox 372 3330 599 3384; x_wconf 81' lang='lat' dir='ltr'><strong>virtutes</strong></span> <span class='ocrx_word' id='word_1_407' title='bbox 645 3327 1016 3397; x_wconf 86' lang='lat' dir='ltr'><strong>appellentur;</strong></span> <span class='ocrx_word' id='word_1_408' title='bbox 1073 3327 1266 3394; x_wconf 65' lang='lat' dir='ltr'><strong>quaerit</strong></span> <span class='ocrx_word' id='word_1_409' title='bbox 1310 3327 1399 3381; x_wconf 87' lang='lat' dir='ltr'><strong>hic</strong></span> <span class='ocrx_word' id='word_1_410' title='bbox 1441 3326 1604 3380; x_wconf 90' lang='lat' dir='ltr'><strong>etiam</strong></span> <span class='ocrx_word' id='word_1_411' title='bbox 1633 3366 1648 3391; x_wconf 94' lang='lat'><strong>,</strong></span> <span class='ocrx_word' id='word_1_412' title='bbox 1682 3329 1956 3396; x_wconf 90' lang='lat' dir='ltr'><strong>quomodo</strong></span> 
     </span>
    </p>
   </div>
   <div class='ocr_carea' id='block_1_37' title="bbox 372 3418 1956 3490">
    <p class='ocr_par' dir='ltr' id='par_1_37' title="bbox 372 3418 1956 3490">
     <span class='ocr_line' id='line_1_40' title="bbox 372 3418 1956 3490; baseline 0 -15"><span class='ocrx_word' id='word_1_413' title='bbox 372 3432 564 3476; x_wconf 87' lang='lat' dir='ltr'><strong>noster</strong></span> <span class='ocrx_word' id='word_1_414' title='bbox 601 3421 861 3490; x_wconf 71' lang='lat' dir='ltr'><strong>pontifex,</strong></span> <span class='ocrx_word' id='word_1_415' title='bbox 897 3436 1019 3475; x_wconf 90' lang='lat' dir='ltr'><strong>cum</strong></span> <span class='ocrx_word' id='word_1_416' title='bbox 1054 3421 1199 3474; x_wconf 87' lang='lat' dir='ltr'><strong>inter</strong></span> <span class='ocrx_word' id='word_1_417' title='bbox 1221 3418 1479 3474; x_wconf 70' lang='lat' dir='ltr'><strong>caelestes</strong></span> <span class='ocrx_word' id='word_1_418' title='bbox 1511 3434 1702 3474; x_wconf 91' lang='lat' dir='ltr'><strong>omnes</strong></span> <span class='ocrx_word' id='word_1_419' title='bbox 1730 3421 1956 3476; x_wconf 83' lang='lat' dir='ltr'><strong>ordines</strong></span> 
     </span>
    </p>
   </div>
   <div class='ocr_carea' id='block_1_38' title="bbox 374 3511 1955 3583">
    <p class='ocr_par' dir='ltr' id='par_1_38' title="bbox 374 3511 1955 3583">
     <span class='ocr_line' id='line_1_41' title="bbox 374 3511 1955 3583; baseline 0.001 -15"><span class='ocrx_word' id='word_1_420' title='bbox 374 3523 683 3583; x_wconf 85' lang='lat' dir='ltr'><strong>postremus</strong></span> <span class='ocrx_word' id='word_1_421' title='bbox 712 3516 803 3578; x_wconf 90' lang='lat' dir='ltr'><strong>sit,</strong></span> <span class='ocrx_word' id='word_1_422' title='bbox 841 3511 999 3582; x_wconf 82' lang='lat'><strong>109</strong></span> <span class='ocrx_word' id='word_1_423' title='bbox 1035 3512 1335 3580; x_wconf 89' lang='lat' dir='ltr'><strong>superioris</strong></span> <span class='ocrx_word' id='word_1_424' title='bbox 1360 3526 1577 3581; x_wconf 90' lang='lat' dir='ltr'><strong>quoque</strong></span> <span class='ocrx_word' id='word_1_425' title='bbox 1606 3513 1826 3567; x_wconf 88' lang='lat' dir='ltr'><strong>nomine</strong></span> <span class='ocrx_word' id='word_1_426' title='bbox 1858 3529 1955 3569; x_wconf 82' lang='lat' dir='ltr'><strong>vo-</strong></span> 
     </span>
    </p>
   </div>
   <div class='ocr_carea' id='block_1_39' title="bbox 371 3603 1955 3677">
    <p class='ocr_par' dir='ltr' id='par_1_39' title="bbox 371 3603 1955 3677">
     <span class='ocr_line' id='line_1_42' title="bbox 371 3603 1955 3677; baseline -0.001 -14"><span class='ocrx_word' id='word_1_427' title='bbox 371 3619 549 3668; x_wconf 90' lang='lat' dir='ltr'><strong>cetur,</strong></span> <span class='ocrx_word' id='word_1_428' title='bbox 582 3615 746 3677; x_wconf 87' lang='lat' dir='ltr'><strong>atque</strong></span> <span class='ocrx_word' id='word_1_429' title='bbox 774 3606 999 3674; x_wconf 86' lang='lat' dir='ltr'><strong>angelus</strong></span> <span class='ocrx_word' id='word_1_430' title='bbox 1029 3604 1359 3674; x_wconf 83' lang='lat' dir='ltr'><strong>appelletur.</strong></span> <span class='ocrx_word' id='word_1_431' title='bbox 1394 3603 1673 3670; x_wconf 67' lang='lat' dir='ltr'><strong>Quaeritur</strong></span> <span class='ocrx_word' id='word_1_432' title='bbox 1706 3607 1895 3675; x_wconf 85' lang='lat' dir='ltr'><strong>itaque</strong></span> <span class='ocrx_word' id='word_1_433' title='bbox 1924 3622 1955 3663; x_wconf 89' lang='lat' dir='ltr'><strong>a</strong></span> 
     </span>
    </p>
   </div>
   <div class='ocr_carea' id='block_1_40' title="bbox 370 3698 1947 3768">
    <p class='ocr_par' dir='ltr' id='par_1_40' title="bbox 370 3698 1947 3768">
     <span class='ocr_line' id='line_1_43' title="bbox 370 3698 1947 3768; baseline -0.001 -15"><span class='ocrx_word' id='word_1_434' title='bbox 370 3700 574 3755; x_wconf 85' lang='lat' dir='ltr'><strong>sedulis</strong></span> <span class='ocrx_word' id='word_1_435' title='bbox 626 3698 1152 3768; x_wconf 83' lang='lat' dir='ltr'><strong>contemplatoribus</strong></span> <span class='ocrx_word' id='word_1_436' title='bbox 1228 3711 1513 3752; x_wconf 88' lang='lat' dir='ltr'><strong>sacrorum</strong></span> <span class='ocrx_word' id='word_1_437' title='bbox 1570 3698 1947 3767; x_wconf 87' lang='lat' dir='ltr'><strong>oraculorum,</strong></span> 
     </span>
    </p>
   </div>
   <div class='ocr_carea' id='block_1_41' title="bbox 2061 2484 3619 2558">
    <p class='ocr_par' dir='ltr' id='par_1_41' title="bbox 2061 2484 3619 2558">
     <span class='ocr_line' id='line_1_44' title="bbox 2061 2484 3619 2558; baseline -0.005 -17"><span class='ocrx_word' id='word_1_438' title='bbox 2061 2487 2340 2558; x_wconf 75' lang='grc' dir='ltr'>Μαλαχίᾳ,</span> <span class='ocrx_word' id='word_1_439' title='bbox 2381 2485 2473 2539; x_wconf 78' lang='grc' dir='ltr'><strong>τὸν</strong></span> <span class='ocrx_word' id='word_1_440' title='bbox 2513 2484 2633 2537; x_wconf 77' lang='grc' dir='ltr'>καθ’</span> <span class='ocrx_word' id='word_1_441' title='bbox 2668 2485 2817 2554; x_wconf 83' lang='grc' dir='ltr'><strong>ἡμᾶς</strong></span> <span class='ocrx_word' id='word_1_442' title='bbox 2859 2485 3118 2555; x_wconf 83' lang='grc' dir='ltr'>ίεράρχην</span> <span class='ocrx_word' id='word_1_443' title='bbox 3160 2484 3390 2553; x_wconf 81' lang='grc' dir='ltr'>ἄγγελον</span> <span class='ocrx_word' id='word_1_444' title='bbox 3438 2484 3619 2555; x_wconf 76' lang='grc' dir='ltr'>Κυρίου</span> 
     </span>
    </p>
   </div>
   <div class='ocr_carea' id='block_1_42' title="bbox 2060 2576 3621 2649">
    <p class='ocr_par' dir='ltr' id='par_1_42' title="bbox 2060 2576 3621 2649">
     <span class='ocr_line' id='line_1_45' title="bbox 2060 2576 3621 2649; baseline -0.003 -17"><span class='ocrx_word' id='word_1_445' title='bbox 2060 2578 2479 2649; x_wconf 73' lang='grc' dir='ltr'>ὀνομαζόμενον,</span> <span class='ocrx_word' id='word_1_446' title='bbox 2525 2578 2643 2628; x_wconf 82' lang='grc' dir='ltr'>Ὅτι</span> <span class='ocrx_word' id='word_1_447' title='bbox 2691 2576 2945 2644; x_wconf 70' lang='grc' dir='ltr'>ἄγγελος</span> <span class='ocrx_word' id='word_1_448' title='bbox 2976 2578 3198 2643; x_wconf 78' lang='grc' dir='ltr'><strong>Κυρίου</strong></span> <span class='ocrx_word' id='word_1_449' title='bbox 3244 2576 3621 2644; x_wconf 63' lang='grc' dir='ltr'>παντοκράτι-</span> 
     </span>
    </p>
   </div>
   <div class='ocr_carea' id='block_1_43' title="bbox 2053 2668 3621 2740">
    <p class='ocr_par' dir='ltr' id='par_1_43' title="bbox 2053 2668 3621 2740">
     <span class='ocr_line' id='line_1_46' title="bbox 2053 2668 3621 2740; baseline -0.003 -15"><span class='ocrx_word' id='word_1_450' title='bbox 2053 2672 2163 2740; x_wconf 82' lang='grc' dir='ltr'><em>ρός</em></span> <span class='ocrx_word' id='word_1_451' title='bbox 2182 2672 2331 2734; x_wconf 83' lang='grc' dir='ltr'>ἐστι,</span> <span class='ocrx_word' id='word_1_452' title='bbox 2367 2669 2597 2738; x_wconf 82' lang='grc' dir='ltr'>λέγοντι.</span> <span class='ocrx_word' id='word_1_453' title='bbox 2640 2669 2791 2720; x_wconf 83' lang='grc' dir='ltr'>Ἐπεὶ</span> <span class='ocrx_word' id='word_1_454' title='bbox 2817 2668 2994 2720; x_wconf 85' lang='grc' dir='ltr'>τοίνυν</span> <span class='ocrx_word' id='word_1_455' title='bbox 3012 2668 3291 2735; x_wconf 79' lang='grc' dir='ltr'>ἀπέδειξεν</span> <span class='ocrx_word' id='word_1_456' title='bbox 3312 2669 3396 2722; x_wconf 84' lang='grc' dir='ltr'>ὅτι</span> <span class='ocrx_word' id='word_1_457' title='bbox 3422 2669 3621 2732; x_wconf 78' lang='grc' dir='ltr'><strong>δικαίως</strong></span> 
     </span>
    </p>
   </div>
   <div class='ocr_carea' id='block_1_44' title="bbox 2059 2763 3618 2836">
    <p class='ocr_par' dir='ltr' id='par_1_44' title="bbox 2059 2763 3618 2836">
     <span class='ocr_line' id='line_1_47' title="bbox 2059 2763 3618 2836; baseline -0.002 -20"><span class='ocrx_word' id='word_1_458' title='bbox 2059 2764 2136 2835; x_wconf 86' lang='grc' dir='ltr'><strong>τῷ</strong></span> <span class='ocrx_word' id='word_1_459' title='bbox 2172 2764 2280 2815; x_wconf 85' lang='grc' dir='ltr'><strong>τῶν</strong></span> <span class='ocrx_word' id='word_1_460' title='bbox 2322 2763 2727 2835; x_wconf 78' lang='grc' dir='ltr'><strong>ὑποδεεστέρων</strong></span> <span class='ocrx_word' id='word_1_461' title='bbox 2764 2763 2985 2835; x_wconf 83' lang='grc' dir='ltr'>ὀνόματι</span> <span class='ocrx_word' id='word_1_462' title='bbox 3015 2766 3065 2818; x_wconf 84' lang='grc' dir='ltr'>οἱ</span> <span class='ocrx_word' id='word_1_463' title='bbox 3105 2764 3493 2836; x_wconf 86' lang='grc' dir='ltr'>ὑπερκείμενοι</span> <span class='ocrx_word' id='word_1_464' title='bbox 3519 2764 3618 2814; x_wconf 77' lang='grc' dir='ltr'>ὀνο-</span> 
     </span>
    </p>
   </div>
   <div class='ocr_carea' id='block_1_45' title="bbox 2062 2855 3619 2930">
    <p class='ocr_par' dir='ltr' id='par_1_45' title="bbox 2062 2855 3619 2930">
     <span class='ocr_line' id='line_1_48' title="bbox 2062 2855 3619 2930; baseline -0.003 -21"><span class='ocrx_word' id='word_1_465' title='bbox 2062 2856 2343 2929; x_wconf 76' lang='grc' dir='ltr'>μάζονται,</span> <span class='ocrx_word' id='word_1_466' title='bbox 2371 2855 2435 2909; x_wconf 80' lang='grc' dir='ltr'><strong>ἔκ</strong></span> <span class='ocrx_word' id='word_1_467' title='bbox 2461 2873 2521 2908; x_wconf 86' lang='grc' dir='ltr'><strong>τε</strong></span> <span class='ocrx_word' id='word_1_468' title='bbox 2547 2855 2640 2908; x_wconf 86' lang='grc' dir='ltr'><strong>τοῦ</strong></span> <span class='ocrx_word' id='word_1_469' title='bbox 2683 2856 2852 2922; x_wconf 84' lang='grc' dir='ltr'>δεῖξαι</span> <span class='ocrx_word' id='word_1_470' title='bbox 2895 2856 3013 2921; x_wconf 81' lang='grc' dir='ltr'><strong>πῶς</strong></span> <span class='ocrx_word' id='word_1_471' title='bbox 3060 2857 3274 2911; x_wconf 79' lang='grc' dir='ltr'>ἅπαντα</span> <span class='ocrx_word' id='word_1_472' title='bbox 3314 2856 3385 2910; x_wconf 69' lang='grc' dir='ltr'>τὰ</span> <span class='ocrx_word' id='word_1_473' title='bbox 3415 2855 3619 2930; x_wconf 74' lang='grc' dir='ltr'>οὐράνια</span> 
     </span>
    </p>
   </div>
   <div class='ocr_carea' id='block_1_46' title="bbox 2058 2949 3619 3021">
    <p class='ocr_par' dir='ltr' id='par_1_46' title="bbox 2058 2949 3619 3021">
     <span class='ocr_line' id='line_1_49' title="bbox 2058 2949 3619 3021; baseline -0.004 -15"><span class='ocrx_word' id='word_1_474' title='bbox 2058 2950 2202 3006; x_wconf 79' lang='grc' dir='ltr'>κατὰ</span> <span class='ocrx_word' id='word_1_475' title='bbox 2231 2950 2407 3004; x_wconf 86' lang='grc' dir='ltr'>κοινοῦ</span> <span class='ocrx_word' id='word_1_476' title='bbox 2434 2950 2650 3018; x_wconf 83' lang='grc' dir='ltr'>ἄγγελοι</span> <span class='ocrx_word' id='word_1_477' title='bbox 2676 2949 2941 3019; x_wconf 78' lang='grc' dir='ltr'>λέγονται,</span> <span class='ocrx_word' id='word_1_478' title='bbox 2973 2952 3039 3004; x_wconf 83' lang='grc' dir='ltr'><strong>ὲκ</strong></span> <span class='ocrx_word' id='word_1_479' title='bbox 3062 2949 3156 3003; x_wconf 88' lang='grc' dir='ltr'><strong>τοῦ</strong></span> <span class='ocrx_word' id='word_1_480' title='bbox 3179 2951 3337 3004; x_wconf 84' lang='grc' dir='ltr'>λῦσαι</span> <span class='ocrx_word' id='word_1_481' title='bbox 3360 2952 3464 3021; x_wconf 77' lang='grc' dir='ltr'>τήν</span> <span class='ocrx_word' id='word_1_482' title='bbox 3482 2965 3619 3001; x_wconf 80' lang='grc' dir='ltr'>τινων</span> 
     </span>
    </p>
   </div>
   <div class='ocr_carea' id='block_1_47' title="bbox 2058 3052 3617 3127">
    <p class='ocr_par' dir='ltr' id='par_1_47' title="bbox 2058 3052 3617 3127">
     <span class='ocr_line' id='line_1_50' title="bbox 2058 3052 3617 3127; baseline -0.004 -19"><span class='ocrx_word' id='word_1_483' title='bbox 2058 3054 2327 3127; x_wconf 71' lang='grc' dir='ltr'>ὑπόληψιν</span> <span class='ocrx_word' id='word_1_484' title='bbox 2350 3055 2476 3126; x_wconf 73' lang='grc' dir='ltr'>περὶ</span> <span class='ocrx_word' id='word_1_485' title='bbox 2506 3054 2613 3107; x_wconf 79' lang='grc' dir='ltr'><strong>τῶν</strong></span> <span class='ocrx_word' id='word_1_486' title='bbox 2634 3052 2901 3123; x_wconf 80' lang='grc' dir='ltr'>οὐρανίων</span> <span class='ocrx_word' id='word_1_487' title='bbox 2923 3053 3226 3125; x_wconf 79' lang='grc' dir='ltr'>δυνάμεων,</span> <span class='ocrx_word' id='word_1_488' title='bbox 3250 3054 3330 3108; x_wconf 84' lang='grc' dir='ltr'>ὅτι</span> <span class='ocrx_word' id='word_1_489' title='bbox 3356 3053 3498 3107; x_wconf 78' lang='grc' dir='ltr'>κατά</span> <span class='ocrx_word' id='word_1_490' title='bbox 3517 3069 3617 3103; x_wconf 74' lang='grc' dir='ltr'>τινα</span> 
     </span>
    </p>
   </div>
   <div class='ocr_carea' id='block_1_48' title="bbox 2058 3144 3617 3218">
    <p class='ocr_par' dir='ltr' id='par_1_48' title="bbox 2058 3144 3617 3218">
     <span class='ocr_line' id='line_1_51' title="bbox 2058 3144 3617 3218; baseline -0.001 -18"><span class='ocrx_word' id='word_1_491' title='bbox 2058 3148 2249 3217; x_wconf 77' lang='grc' dir='ltr'>ἑτέραν</span> <span class='ocrx_word' id='word_1_492' title='bbox 2281 3147 2568 3218; x_wconf 80' lang='grc' dir='ltr'>ὁμώνυμον</span> <span class='ocrx_word' id='word_1_493' title='bbox 2604 3146 2852 3218; x_wconf 84' lang='grc' dir='ltr'>δύναμιν,</span> <span class='ocrx_word' id='word_1_494' title='bbox 2896 3146 3018 3199; x_wconf 82' lang='grc' dir='ltr'>καθ’</span> <span class='ocrx_word' id='word_1_495' title='bbox 3048 3148 3113 3217; x_wconf 82' lang='grc' dir='ltr'>ἢν</span> <span class='ocrx_word' id='word_1_496' title='bbox 3147 3146 3439 3212; x_wconf 85' lang='grc' dir='ltr'>δύνανται,</span> <span class='ocrx_word' id='word_1_497' title='bbox 3480 3144 3617 3199; x_wconf 79' lang='grc' dir='ltr'>δυνά-</span> 
     </span>
    </p>
   </div>
   <div class='ocr_carea' id='block_1_49' title="bbox 2061 3237 3618 3309">
    <p class='ocr_par' dir='ltr' id='par_1_49' title="bbox 2061 3237 3618 3309">
     <span class='ocr_line' id='line_1_52' title="bbox 2061 3237 3618 3309; baseline -0.003 -18"><span class='ocrx_word' id='word_1_498' title='bbox 2061 3257 2181 3309; x_wconf 85' lang='grc' dir='ltr'>μεις</span> <span class='ocrx_word' id='word_1_499' title='bbox 2209 3240 2385 3293; x_wconf 74' lang='grc' dir='ltr'>πάντα</span> <span class='ocrx_word' id='word_1_500' title='bbox 2404 3238 2471 3292; x_wconf 81' lang='grc' dir='ltr'>τὰ</span> <span class='ocrx_word' id='word_1_501' title='bbox 2497 3239 2753 3309; x_wconf 79' lang='grc' dir='ltr'>τάγματα</span> <span class='ocrx_word' id='word_1_502' title='bbox 2769 3237 3142 3307; x_wconf 73' lang='grc' dir='ltr'>λέγονται,καὶ</span> <span class='ocrx_word' id='word_1_503' title='bbox 3175 3238 3243 3291; x_wconf 82' lang='grc' dir='ltr'>τὰ</span> <span class='ocrx_word' id='word_1_504' title='bbox 3269 3237 3618 3309; x_wconf 72' lang='grc' dir='ltr'>ὑπερκείμενα</span> 
     </span>
    </p>
   </div>
   <div class='ocr_carea' id='block_1_50' title="bbox 2058 3326 3612 3404">
    <p class='ocr_par' dir='ltr' id='par_1_50' title="bbox 2058 3326 3612 3404">
     <span class='ocr_line' id='line_1_53' title="bbox 2058 3326 3612 3404; baseline -0.003 -21"><span class='ocrx_word' id='word_1_505' title='bbox 2058 3331 2153 3383; x_wconf 78' lang='grc' dir='ltr'>καὶ</span> <span class='ocrx_word' id='word_1_506' title='bbox 2178 3330 2248 3383; x_wconf 89' lang='grc' dir='ltr'>τὰ</span> <span class='ocrx_word' id='word_1_507' title='bbox 2283 3331 2686 3401; x_wconf 75' lang='grc' dir='ltr'>ὑποϐεϐηκὸτα·</span> <span class='ocrx_word' id='word_1_508' title='bbox 2719 3332 2872 3404; x_wconf 78' lang='grc' dir='ltr'>ζητεῖ</span> <span class='ocrx_word' id='word_1_509' title='bbox 2897 3331 3133 3385; x_wconf 76' lang='grc' dir='ltr'>ἐνταῦθα</span> <span class='ocrx_word' id='word_1_510' title='bbox 3169 3328 3265 3384; x_wconf 73' lang='grc' dir='ltr'><strong>καὶ</strong></span> <span class='ocrx_word' id='word_1_511' title='bbox 3307 3329 3429 3394; x_wconf 85' lang='grc' dir='ltr'><strong>πῶς</strong></span> <span class='ocrx_word' id='word_1_512' title='bbox 3454 3332 3482 3382; x_wconf 86' lang='grc' dir='ltr'>ὁ</span> <span class='ocrx_word' id='word_1_513' title='bbox 3511 3326 3612 3382; x_wconf 74' lang='grc' dir='ltr'><strong>καθ’</strong></span> 
     </span>
    </p>
   </div>
   <div class='ocr_carea' id='block_1_51' title="bbox 2055 3423 3615 3496">
    <p class='ocr_par' dir='ltr' id='par_1_51' title="bbox 2055 3423 3615 3496">
     <span class='ocr_line' id='line_1_54' title="bbox 2055 3423 3615 3496; baseline -0.012 -7"><span class='ocrx_word' id='word_1_514' title='bbox 2055 3426 2204 3494; x_wconf 78' lang='grc' dir='ltr'><strong>ἡμᾶς</strong></span> <span class='ocrx_word' id='word_1_515' title='bbox 2232 3423 2493 3496; x_wconf 82' lang='grc' dir='ltr'>ἱεράρχης</span> <span class='ocrx_word' id='word_1_516' title='bbox 2516 3464 2529 3489; x_wconf 89' lang='grc'><strong>,</strong></span> <span class='ocrx_word' id='word_1_517' title='bbox 2560 3423 2791 3494; x_wconf 75' lang='grc' dir='ltr'>ἔσχατος</span> <span class='ocrx_word' id='word_1_518' title='bbox 2824 3423 2898 3478; x_wconf 83' lang='grc' dir='ltr'><strong>ὢν</strong></span> <span class='ocrx_word' id='word_1_519' title='bbox 2927 3424 3034 3477; x_wconf 82' lang='grc' dir='ltr'><strong>τῶν</strong></span> <span class='ocrx_word' id='word_1_520' title='bbox 3072 3423 3339 3496; x_wconf 80' lang='grc' dir='ltr'>οὐρανίων</span> <span class='ocrx_word' id='word_1_521' title='bbox 3382 3423 3615 3476; x_wconf 78' lang='grc' dir='ltr'>ἁπάντων</span> 
     </span>
    </p>
   </div>
   <div class='ocr_carea' id='block_1_52' title="bbox 2054 3512 3614 3587">
    <p class='ocr_par' dir='ltr' id='par_1_52' title="bbox 2054 3512 3614 3587">
     <span class='ocr_line' id='line_1_55' title="bbox 2054 3512 3614 3587; baseline -0.003 -21"><span class='ocrx_word' id='word_1_522' title='bbox 2054 3514 2370 3585; x_wconf 84' lang='grc' dir='ltr'>ταγμάτων,</span> <span class='ocrx_word' id='word_1_523' title='bbox 2396 3515 2473 3586; x_wconf 84' lang='grc' dir='ltr'><strong>τῷ</strong></span> <span class='ocrx_word' id='word_1_524' title='bbox 2497 3514 2592 3568; x_wconf 89' lang='grc' dir='ltr'><strong>τοῦ</strong></span> <span class='ocrx_word' id='word_1_525' title='bbox 2618 3516 3015 3587; x_wconf 83' lang='grc' dir='ltr'>ὑπερκειμένου</span> <span class='ocrx_word' id='word_1_526' title='bbox 3041 3515 3262 3586; x_wconf 88' lang='grc' dir='ltr'>ὀνόματι</span> <span class='ocrx_word' id='word_1_527' title='bbox 3290 3512 3614 3585; x_wconf 78' lang='grc' dir='ltr'>ὀνομάζεται,</span> 
     </span>
    </p>
   </div>
   <div class='ocr_carea' id='block_1_53' title="bbox 2054 3605 3617 3678">
    <p class='ocr_par' dir='ltr' id='par_1_53' title="bbox 2054 3605 3617 3678">
     <span class='ocr_line' id='line_1_56' title="bbox 2054 3605 3617 3678; baseline -0.003 -19"><span class='ocrx_word' id='word_1_528' title='bbox 2054 3608 2149 3660; x_wconf 76' lang='grc' dir='ltr'><strong>καὶ</strong></span> <span class='ocrx_word' id='word_1_529' title='bbox 2178 3607 2421 3662; x_wconf 81' lang='grc' dir='ltr'>καλεῖται</span> <span class='ocrx_word' id='word_1_530' title='bbox 2440 3606 2687 3676; x_wconf 82' lang='grc' dir='ltr'>ἄγγελος.</span> <span class='ocrx_word' id='word_1_531' title='bbox 2720 3609 2973 3678; x_wconf 81' lang='grc' dir='ltr'>Ζητεῖται</span> <span class='ocrx_word' id='word_1_532' title='bbox 3015 3607 3193 3660; x_wconf 79' lang='grc' dir='ltr'>τοίνυν</span> <span class='ocrx_word' id='word_1_533' title='bbox 3217 3605 3377 3659; x_wconf 86' lang='grc' dir='ltr'>τοῦτο</span> <span class='ocrx_word' id='word_1_534' title='bbox 3403 3610 3515 3669; x_wconf 85' lang='grc' dir='ltr'>τοῖς</span> <span class='ocrx_word' id='word_1_535' title='bbox 3545 3622 3617 3673; x_wconf 78' lang='grc' dir='ltr'><strong>φι-</strong></span> 
     </span>
    </p>
   </div>
   <div class='ocr_carea' id='block_1_54' title="bbox 2053 3696 3615 3771">
    <p class='ocr_par' dir='ltr' id='par_1_54' title="bbox 2053 3696 3615 3771">
     <span class='ocr_line' id='line_1_57' title="bbox 2053 3696 3615 3771; baseline -0.003 -19"><span class='ocrx_word' id='word_1_536' title='bbox 2053 3699 2343 3770; x_wconf 76' lang='grc' dir='ltr'>λοθεάμοσι</span> <span class='ocrx_word' id='word_1_537' title='bbox 2370 3698 2477 3752; x_wconf 84' lang='grc' dir='ltr'><strong>τῶν</strong></span> <span class='ocrx_word' id='word_1_538' title='bbox 2496 3702 2541 3752; x_wconf 90' lang='grc' dir='ltr'><strong>ίε</strong></span> <span class='ocrx_word' id='word_1_539' title='bbox 2552 3698 2658 3771; x_wconf 84' lang='grc' dir='ltr'>ρῶν</span> <span class='ocrx_word' id='word_1_540' title='bbox 2682 3698 2896 3766; x_wconf 77' lang='grc' dir='ltr'>λογίων,</span> <span class='ocrx_word' id='word_1_541' title='bbox 2920 3698 3028 3752; x_wconf 77' lang='grc' dir='ltr'>τῶν</span> <span class='ocrx_word' id='word_1_542' title='bbox 3044 3698 3299 3770; x_wconf 74' lang='grc' dir='ltr'>περὶτῶν</span> <span class='ocrx_word' id='word_1_543' title='bbox 3319 3697 3523 3768; x_wconf 78' lang='grc' dir='ltr'>νοητῶν</span> <span class='ocrx_word' id='word_1_544' title='bbox 3546 3696 3615 3748; x_wconf 83' lang='grc' dir='ltr'>λε-</span> 
     </span>
    </p>
   </div>
   <div class='ocr_carea' id='block_1_55' title="bbox 372 3783 1846 3864">
    <p class='ocr_par' dir='ltr' id='par_1_55' title="bbox 372 3790 1846 3862">
     <span class='ocr_line' id='line_1_58' title="bbox 372 3790 1846 3862; baseline 0.001 -18"><span class='ocrx_word' id='word_1_545' title='bbox 372 3808 495 3862; x_wconf 71' lang='lat' dir='ltr'><strong>qute</strong></span> <span class='ocrx_word' id='word_1_546' title='bbox 529 3793 597 3847; x_wconf 89' lang='lat' dir='ltr'><strong>de</strong></span> <span class='ocrx_word' id='word_1_547' title='bbox 628 3791 789 3847; x_wconf 90' lang='lat' dir='ltr'><strong>rebus</strong></span> <span class='ocrx_word' id='word_1_548' title='bbox 822 3791 1228 3846; x_wconf 86' lang='lat' dir='ltr'><strong>intellectilibus</strong></span> <span class='ocrx_word' id='word_1_549' title='bbox 1260 3790 1846 3861; x_wconf 83' lang='lat' dir='ltr'><strong>loquuntur,quemadt</strong></span> 
     </span>
    </p>
   </div>
   <div class='ocr_carea' id='block_1_56' title="bbox 2140 3783 3614 3864">
    <p class='ocr_par' dir='ltr' id='par_1_56' title="bbox 2140 3789 3614 3864">
     <span class='ocr_line' id='line_1_59' title="bbox 2140 3789 3614 3864; baseline -0.005 -19"><span class='ocrx_word' id='word_1_550' title='bbox 2140 3809 2276 3856; x_wconf 74' lang='grc' dir='ltr'>ντων,</span> <span class='ocrx_word' id='word_1_551' title='bbox 2314 3792 2502 3863; x_wconf 83' lang='grc' dir='ltr'>ὥσπερ</span> <span class='ocrx_word' id='word_1_552' title='bbox 2522 3794 2579 3845; x_wconf 83' lang='grc' dir='ltr'>ὲν</span> <span class='ocrx_word' id='word_1_553' title='bbox 2603 3791 2679 3864; x_wconf 82' lang='grc' dir='ltr'>τῷ</span> <span class='ocrx_word' id='word_1_554' title='bbox 2715 3791 2776 3845; x_wconf 83' lang='grc' dir='ltr'>ιδ’</span> <span class='ocrx_word' id='word_1_555' title='bbox 2808 3791 3086 3862; x_wconf 83' lang='grc' dir='ltr'>κεφαλαίῳ</span> <span class='ocrx_word' id='word_1_556' title='bbox 3107 3790 3298 3862; x_wconf 81' lang='grc' dir='ltr'>νοερὰν</span> <span class='ocrx_word' id='word_1_557' title='bbox 3315 3789 3614 3845; x_wconf 76' lang='grc' dir='ltr'>ἐπιστασίαν</span> 
     </span>
    </p>
   </div>
   <div class='ocr_carea' id='block_1_57' title="bbox 368 3883 1951 3954">
    <p class='ocr_par' dir='ltr' id='par_1_57' title="bbox 368 3883 1951 3954">
     <span class='ocr_line' id='line_1_60' title="bbox 368 3883 1951 3954; baseline -0.001 -15"><span class='ocrx_word' id='word_1_558' title='bbox 368 3885 500 3939; x_wconf 89' lang='lat' dir='ltr'><strong>dum</strong></span> <span class='ocrx_word' id='word_1_559' title='bbox 558 3885 611 3938; x_wconf 92' lang='lat' dir='ltr'><strong>in</strong></span> <span class='ocrx_word' id='word_1_560' title='bbox 659 3884 872 3939; x_wconf 86' lang='lat' dir='ltr'><strong>decimo</strong></span> <span class='ocrx_word' id='word_1_561' title='bbox 908 3892 1105 3953; x_wconf 89' lang='lat' dir='ltr'><strong>quarto</strong></span> <span class='ocrx_word' id='word_1_562' title='bbox 1146 3883 1326 3951; x_wconf 86' lang='lat' dir='ltr'><strong>capite</strong></span> <span class='ocrx_word' id='word_1_563' title='bbox 1371 3883 1711 3953; x_wconf 89' lang='lat' dir='ltr'><strong>spiritualem</strong></span> <span class='ocrx_word' id='word_1_564' title='bbox 1756 3883 1951 3954; x_wconf 68' lang='lat' dir='ltr'><strong>praefe-</strong></span> 
     </span>
    </p>
   </div>
   <div class='ocr_carea' id='block_1_58' title="bbox 369 3974 1952 4045">
    <p class='ocr_par' dir='ltr' id='par_1_58' title="bbox 369 3974 1952 4045">
     <span class='ocr_line' id='line_1_61' title="bbox 369 3974 1952 4045; baseline -0.001 -14"><span class='ocrx_word' id='word_1_565' title='bbox 369 3987 582 4032; x_wconf 88' lang='lat' dir='ltr'><strong>cturam</strong></span> <span class='ocrx_word' id='word_1_566' title='bbox 616 3983 795 4039; x_wconf 86' lang='lat' dir='ltr'><strong>vocat,</strong></span> <span class='ocrx_word' id='word_1_567' title='bbox 818 3974 1197 4045; x_wconf 69' lang='lat' dir='ltr'><strong>praafecturam</strong></span> <span class='ocrx_word' id='word_1_568' title='bbox 1227 3989 1405 4028; x_wconf 90' lang='lat' dir='ltr'><strong>rerum</strong></span> <span class='ocrx_word' id='word_1_569' title='bbox 1429 3975 1817 4043; x_wconf 89' lang='lat' dir='ltr'><strong>spiritualium.</strong></span> <span class='ocrx_word' id='word_1_570' title='bbox 1842 3974 1952 4029; x_wconf 88' lang='lat' dir='ltr'><strong>Cur</strong></span> 
     </span>
    </p>
   </div>
   <div class='ocr_carea' id='block_1_59' title="bbox 369 4066 1948 4137">
    <p class='ocr_par' dir='ltr' id='par_1_59' title="bbox 369 4066 1948 4137">
     <span class='ocr_line' id='line_1_62' title="bbox 369 4066 1948 4137; baseline 0.003 -20"><span class='ocrx_word' id='word_1_571' title='bbox 369 4078 551 4120; x_wconf 83' lang='lat' dir='ltr'><strong>autem</strong></span> <span class='ocrx_word' id='word_1_572' title='bbox 581 4066 669 4120; x_wconf 86' lang='lat' dir='ltr'><strong>hic</strong></span> <span class='ocrx_word' id='word_1_573' title='bbox 695 4066 920 4121; x_wconf 90' lang='lat' dir='ltr'><strong>oracula</strong></span> <span class='ocrx_word' id='word_1_574' title='bbox 951 4077 1112 4121; x_wconf 87' lang='lat' dir='ltr'><strong>vocat</strong></span> <span class='ocrx_word' id='word_1_575' title='bbox 1145 4067 1505 4135; x_wconf 87' lang='lat' dir='ltr'><strong>intellectilia,</strong></span> <span class='ocrx_word' id='word_1_576' title='bbox 1542 4068 1617 4124; x_wconf 86' lang='lat' dir='ltr'><strong>ibi</strong></span> <span class='ocrx_word' id='word_1_577' title='bbox 1646 4082 1777 4123; x_wconf 90' lang='lat' dir='ltr'><strong>vero</strong></span> <span class='ocrx_word' id='word_1_578' title='bbox 1807 4083 1948 4137; x_wconf 70' lang='lat' dir='ltr'><strong>prte-</strong></span> 
     </span>
    </p>
   </div>
   <div class='ocr_carea' id='block_1_60' title="bbox 368 4158 1950 4228">
    <p class='ocr_par' dir='ltr' id='par_1_60' title="bbox 368 4158 1950 4228">
     <span class='ocr_line' id='line_1_63' title="bbox 368 4158 1950 4228; baseline 0.003 -17"><span class='ocrx_word' id='word_1_579' title='bbox 368 4158 639 4211; x_wconf 83' lang='lat' dir='ltr'><strong>lecturam</strong></span> <span class='ocrx_word' id='word_1_580' title='bbox 688 4159 1215 4228; x_wconf 61' lang='lat' dir='ltr'><strong>spiritaleuﬂquia,</strong></span> <span class='ocrx_word' id='word_1_581' title='bbox 1260 4159 1392 4215; x_wconf 88' lang='lat' dir='ltr'><strong>licet</strong></span> <span class='ocrx_word' id='word_1_582' title='bbox 1436 4161 1661 4215; x_wconf 87' lang='lat' dir='ltr'><strong>oracula</strong></span> <span class='ocrx_word' id='word_1_583' title='bbox 1710 4162 1822 4217; x_wconf 87' lang='lat' dir='ltr'><strong>sint</strong></span> <span class='ocrx_word' id='word_1_584' title='bbox 1880 4161 1950 4215; x_wconf 86' lang='lat' dir='ltr'><strong>de</strong></span> 
     </span>
    </p>
   </div>
   <div class='ocr_carea' id='block_1_61' title="bbox 372 4250 1945 4323">
    <p class='ocr_par' dir='ltr' id='par_1_61' title="bbox 372 4250 1945 4323">
     <span class='ocr_line' id='line_1_64' title="bbox 372 4250 1945 4323; baseline 0.003 -20"><span class='ocrx_word' id='word_1_585' title='bbox 372 4250 534 4304; x_wconf 81' lang='lat' dir='ltr'><strong>rebus</strong></span> <span class='ocrx_word' id='word_1_586' title='bbox 561 4250 922 4319; x_wconf 79' lang='lat' dir='ltr'><strong>Spiritalibus,</strong></span> <span class='ocrx_word' id='word_1_587' title='bbox 958 4266 1064 4304; x_wconf 91' lang='lat' dir='ltr'><strong>non</strong></span> <span class='ocrx_word' id='word_1_588' title='bbox 1096 4262 1276 4306; x_wconf 89' lang='lat' dir='ltr'><strong>tamen</strong></span> <span class='ocrx_word' id='word_1_589' title='bbox 1308 4264 1458 4306; x_wconf 91' lang='lat' dir='ltr'><strong>recte</strong></span> <span class='ocrx_word' id='word_1_590' title='bbox 1486 4263 1751 4310; x_wconf 86' lang='lat' dir='ltr'><strong>vocantur</strong></span> <span class='ocrx_word' id='word_1_591' title='bbox 1781 4254 1945 4323; x_wconf 88' lang='lat' dir='ltr'><strong>spiri-</strong></span> 
     </span>
    </p>
   </div>
   <div class='ocr_carea' id='block_1_62' title="bbox 371 4342 1948 4414">
    <p class='ocr_par' dir='ltr' id='par_1_62' title="bbox 371 4342 1948 4414">
     <span class='ocr_line' id='line_1_65' title="bbox 371 4342 1948 4414; baseline 0.003 -18"><span class='ocrx_word' id='word_1_592' title='bbox 371 4342 497 4396; x_wconf 89' lang='lat' dir='ltr'><strong>talia</strong></span> <span class='ocrx_word' id='word_1_593' title='bbox 530 4343 612 4396; x_wconf 81' lang='lat' dir='ltr'><strong>vel</strong></span> <span class='ocrx_word' id='word_1_594' title='bbox 647 4342 904 4397; x_wconf 87' lang='lat' dir='ltr'><strong>mentalia</strong></span> <span class='ocrx_word' id='word_1_595' title='bbox 935 4359 950 4407; x_wconf 92' lang='lat'><strong>;</strong></span> <span class='ocrx_word' id='word_1_596' title='bbox 1003 4346 1261 4412; x_wconf 86' lang='lat' dir='ltr'><strong>quoniam</strong></span> <span class='ocrx_word' id='word_1_597' title='bbox 1295 4361 1401 4398; x_wconf 92' lang='lat' dir='ltr'><strong>non</strong></span> <span class='ocrx_word' id='word_1_598' title='bbox 1436 4356 1564 4400; x_wconf 86' lang='lat' dir='ltr'><strong>sunt</strong></span> <span class='ocrx_word' id='word_1_599' title='bbox 1612 4347 1837 4414; x_wconf 88' lang='lat' dir='ltr'><strong>spiritus</strong></span> <span class='ocrx_word' id='word_1_600' title='bbox 1880 4361 1948 4402; x_wconf 90' lang='lat' dir='ltr'><strong>ac</strong></span> 
     </span>
    </p>
   </div>
   <div class='ocr_carea' id='block_1_63' title="bbox 370 4437 1944 4511">
    <p class='ocr_par' dir='ltr' id='par_1_63' title="bbox 370 4437 1944 4511">
     <span class='ocr_line' id='line_1_66' title="bbox 370 4437 1944 4511; baseline 0.003 -21"><span class='ocrx_word' id='word_1_601' title='bbox 370 4446 598 4502; x_wconf 88' lang='lat' dir='ltr'><strong>mentes,</strong></span> <span class='ocrx_word' id='word_1_602' title='bbox 624 4446 680 4490; x_wconf 89' lang='lat' dir='ltr'><strong>et</strong></span> <span class='ocrx_word' id='word_1_603' title='bbox 704 4437 926 4491; x_wconf 87' lang='lat' dir='ltr'><strong>oracula</strong></span> <span class='ocrx_word' id='word_1_604' title='bbox 987 4449 1169 4493; x_wconf 90' lang='lat' dir='ltr'><strong>mente</strong></span> <span class='ocrx_word' id='word_1_605' title='bbox 1221 4438 1553 4510; x_wconf 87' lang='lat' dir='ltr'><strong>diriguntur.</strong></span> <span class='ocrx_word' id='word_1_606' title='bbox 1609 4441 1944 4511; x_wconf 80' lang='lat' dir='ltr'><strong>Angelorutn</strong></span> 
     </span>
    </p>
   </div>
   <div class='ocr_carea' id='block_1_64' title="bbox 365 4532 1945 4604">
    <p class='ocr_par' dir='ltr' id='par_1_64' title="bbox 365 4532 1945 4604">
     <span class='ocr_line' id='line_1_67' title="bbox 365 4532 1945 4604; baseline 0.004 -22"><span class='ocrx_word' id='word_1_607' title='bbox 365 4541 552 4583; x_wconf 79' lang='lat' dir='ltr'><strong>autem</strong></span> <span class='ocrx_word' id='word_1_608' title='bbox 582 4532 963 4599; x_wconf 70' lang='lat' dir='ltr'><strong>przefecturam</strong></span> <span class='ocrx_word' id='word_1_609' title='bbox 1014 4543 1175 4586; x_wconf 82' lang='lat' dir='ltr'><strong>vocat</strong></span> <span class='ocrx_word' id='word_1_610' title='bbox 1217 4533 1517 4602; x_wconf 78' lang='lat' dir='ltr'><strong>spiritalem</strong></span> <span class='ocrx_word' id='word_1_611' title='bbox 1544 4575 1559 4598; x_wconf 91' lang='lat'><strong>,</strong></span> <span class='ocrx_word' id='word_1_612' title='bbox 1609 4536 1733 4604; x_wconf 90' lang='lat' dir='ltr'><strong>quia</strong></span> <span class='ocrx_word' id='word_1_613' title='bbox 1782 4538 1945 4591; x_wconf 86' lang='lat' dir='ltr'><strong>rebus</strong></span> 
     </span>
    </p>
   </div>
   <div class='ocr_carea' id='block_1_65' title="bbox 364 4620 1945 4695">
    <p class='ocr_par' dir='ltr' id='par_1_65' title="bbox 364 4620 1945 4695">
     <span class='ocr_line' id='line_1_68' title="bbox 364 4620 1945 4695; baseline 0.008 -21"><span class='ocrx_word' id='word_1_614' title='bbox 364 4620 707 4691; x_wconf 87' lang='lat' dir='ltr'><strong>spiritalibus</strong></span> <span class='ocrx_word' id='word_1_615' title='bbox 738 4621 993 4685; x_wconf 87' lang='lat' dir='ltr'><strong>intendit,</strong></span> <span class='ocrx_word' id='word_1_616' title='bbox 1022 4632 1076 4677; x_wconf 90' lang='lat' dir='ltr'><strong>et</strong></span> <span class='ocrx_word' id='word_1_617' title='bbox 1111 4638 1265 4678; x_wconf 90' lang='lat' dir='ltr'><strong>meus</strong></span> <span class='ocrx_word' id='word_1_618' title='bbox 1290 4639 1408 4692; x_wconf 77' lang='lat' dir='ltr'><strong>quae</strong></span> <span class='ocrx_word' id='word_1_619' title='bbox 1435 4625 1945 4695; x_wconf 88' lang='lat' dir='ltr'><strong>intenditspiritalis</strong></span> 
     </span>
    </p>
   </div>
   <div class='ocr_carea' id='block_1_66' title="bbox 360 4712 1943 4784">
    <p class='ocr_par' dir='ltr' id='par_1_66' title="bbox 360 4712 1943 4784">
     <span class='ocr_line' id='line_1_69' title="bbox 360 4712 1943 4784; baseline 0.006 -17"><span class='ocrx_word' id='word_1_620' title='bbox 360 4721 469 4768; x_wconf 78' lang='lat' dir='ltr'><strong>est.</strong></span> <span class='ocrx_word' id='word_1_621' title='bbox 503 4712 780 4779; x_wconf 57' lang='lat' dir='ltr'><strong>Quaeritur</strong></span> <span class='ocrx_word' id='word_1_622' title='bbox 830 4714 1015 4784; x_wconf 71' lang='lat' dir='ltr'><strong>itaque</strong></span> <span class='ocrx_word' id='word_1_623' title='bbox 1044 4731 1073 4769; x_wconf 93' lang='lat' dir='ltr'><strong>a</strong></span> <span class='ocrx_word' id='word_1_624' title='bbox 1107 4717 1369 4771; x_wconf 87' lang='lat' dir='ltr'><strong>studiosis</strong></span> <span class='ocrx_word' id='word_1_625' title='bbox 1414 4719 1759 4774; x_wconf 84' lang='lat' dir='ltr'><strong>oraculorum</strong></span> <span class='ocrx_word' id='word_1_626' title='bbox 1808 4737 1943 4776; x_wconf 88' lang='lat' dir='ltr'><strong>cou-</strong></span> 
     </span>
    </p>
   </div>
   <div class='ocr_carea' id='block_1_67' title="bbox 364 4805 1945 4883">
    <p class='ocr_par' dir='ltr' id='par_1_67' title="bbox 364 4805 1945 4883">
     <span class='ocr_line' id='line_1_70' title="bbox 364 4805 1945 4883; baseline 0.006 -26"><span class='ocrx_word' id='word_1_627' title='bbox 364 4805 801 4874; x_wconf 80' lang='lat' dir='ltr'><strong>templatoribus,</strong></span> <span class='ocrx_word' id='word_1_628' title='bbox 833 4808 924 4875; x_wconf 88' lang='lat' dir='ltr'><strong>qui</strong></span> <span class='ocrx_word' id='word_1_629' title='bbox 952 4808 1183 4863; x_wconf 87' lang='lat' dir='ltr'><strong>omnino</strong></span> <span class='ocrx_word' id='word_1_630' title='bbox 1218 4809 1313 4863; x_wconf 92' lang='lat' dir='ltr'><strong>illo</strong></span> <span class='ocrx_word' id='word_1_631' title='bbox 1356 4810 1501 4878; x_wconf 90' lang='lat' dir='ltr'><strong>quod</strong></span> <span class='ocrx_word' id='word_1_632' title='bbox 1544 4822 1770 4880; x_wconf 87' lang='lat' dir='ltr'><strong>apparet</strong></span> <span class='ocrx_word' id='word_1_633' title='bbox 1815 4827 1945 4883; x_wconf 89' lang='lat' dir='ltr'><strong>pro-</strong></span> 
     </span>
    </p>
   </div>
   <div class='ocr_carea' id='block_1_68' title="bbox 365 4894 1942 4973">
    <p class='ocr_par' dir='ltr' id='par_1_68' title="bbox 365 4894 1942 4973">
     <span class='ocr_line' id='line_1_71' title="bbox 365 4894 1942 4973; baseline 0.008 -27"><span class='ocrx_word' id='word_1_634' title='bbox 365 4894 617 4950; x_wconf 80' lang='lat' dir='ltr'><strong>fundiora</strong></span> <span class='ocrx_word' id='word_1_635' title='bbox 652 4898 957 4952; x_wconf 90' lang='lat' dir='ltr'><strong>rimantur:</strong></span> <span class='ocrx_word' id='word_1_636' title='bbox 989 4900 1259 4970; x_wconf 88' lang='lat' dir='ltr'><strong>siquidem</strong></span> <span class='ocrx_word' id='word_1_637' title='bbox 1291 4910 1629 4970; x_wconf 84' lang='lat' dir='ltr'><strong>spectatores</strong></span> <span class='ocrx_word' id='word_1_638' title='bbox 1675 4913 1800 4958; x_wconf 89' lang='lat' dir='ltr'><strong>sunt</strong></span> <span class='ocrx_word' id='word_1_639' title='bbox 1850 4906 1942 4973; x_wconf 87' lang='lat' dir='ltr'><strong>qui</strong></span> 
     </span>
    </p>
   </div>
   <div class='ocr_carea' id='block_1_69' title="bbox 364 4990 1940 5064">
    <p class='ocr_par' dir='ltr' id='par_1_69' title="bbox 364 4990 1940 5064">
     <span class='ocr_line' id='line_1_72' title="bbox 364 4990 1940 5064; baseline 0.008 -23"><span class='ocrx_word' id='word_1_640' title='bbox 364 4990 497 5045; x_wconf 87' lang='lat' dir='ltr'><strong>illud</strong></span> <span class='ocrx_word' id='word_1_641' title='bbox 533 5000 742 5044; x_wconf 88' lang='lat' dir='ltr'><strong>tantum</strong></span> <span class='ocrx_word' id='word_1_642' title='bbox 770 4992 914 5060; x_wconf 87' lang='lat' dir='ltr'><strong>quod</strong></span> <span class='ocrx_word' id='word_1_643' title='bbox 947 4994 1169 5048; x_wconf 88' lang='lat' dir='ltr'><strong>obvium</strong></span> <span class='ocrx_word' id='word_1_644' title='bbox 1192 5002 1276 5049; x_wconf 91' lang='lat' dir='ltr'><strong>est</strong></span> <span class='ocrx_word' id='word_1_645' title='bbox 1305 4994 1678 5064; x_wconf 85' lang='lat' dir='ltr'><strong>speculantur,</strong></span> <span class='ocrx_word' id='word_1_646' title='bbox 1712 4997 1940 5053; x_wconf 90' lang='lat' dir='ltr'><strong>studiosi</strong></span> 
     </span>
    </p>
   </div>
   <div class='ocr_carea' id='block_1_70' title="bbox 366 5087 1943 5159">
    <p class='ocr_par' dir='ltr' id='par_1_70' title="bbox 366 5087 1943 5159">
     <span class='ocr_line' id='line_1_73' title="bbox 366 5087 1943 5159; baseline 0.006 -23"><span class='ocrx_word' id='word_1_647' title='bbox 366 5099 494 5138; x_wconf 89' lang='lat' dir='ltr'><strong>vero</strong></span> <span class='ocrx_word' id='word_1_648' title='bbox 528 5087 987 5155; x_wconf 85' lang='lat' dir='ltr'><strong>contemplatores</strong></span> <span class='ocrx_word' id='word_1_649' title='bbox 1021 5099 1168 5155; x_wconf 88' lang='lat' dir='ltr'><strong>sunt,</strong></span> <span class='ocrx_word' id='word_1_650' title='bbox 1198 5091 1287 5159; x_wconf 90' lang='lat' dir='ltr'><strong>qui</strong></span> <span class='ocrx_word' id='word_1_651' title='bbox 1316 5105 1570 5145; x_wconf 88' lang='lat' dir='ltr'><strong>amorose</strong></span> <span class='ocrx_word' id='word_1_652' title='bbox 1599 5092 1745 5146; x_wconf 87' lang='lat' dir='ltr'><strong>circa</strong></span> <span class='ocrx_word' id='word_1_653' title='bbox 1778 5092 1943 5146; x_wconf 87' lang='lat' dir='ltr'><strong>visio-</strong></span> 
     </span>
    </p>
   </div>
   <div class='ocr_carea' id='block_1_71' title="bbox 2054 3885 3613 3959">
    <p class='ocr_par' dir='ltr' id='par_1_71' title="bbox 2054 3885 3613 3959">
     <span class='ocr_line' id='line_1_74' title="bbox 2054 3885 3613 3959; baseline -0.004 -19"><span class='ocrx_word' id='word_1_654' title='bbox 2054 3887 2209 3958; x_wconf 70' lang='grc' dir='ltr'>φησι,</span> <span class='ocrx_word' id='word_1_655' title='bbox 2236 3887 2336 3958; x_wconf 84' lang='grc' dir='ltr'>τὴν</span> <span class='ocrx_word' id='word_1_656' title='bbox 2360 3887 2617 3958; x_wconf 74' lang='grc' dir='ltr'>περὶτῶν</span> <span class='ocrx_word' id='word_1_657' title='bbox 2645 3886 2849 3959; x_wconf 88' lang='grc' dir='ltr'>νοερῶν</span> <span class='ocrx_word' id='word_1_658' title='bbox 2884 3885 3227 3940; x_wconf 82' lang='grc' dir='ltr'>ἐπιστασίαν.</span> <span class='ocrx_word' id='word_1_659' title='bbox 3258 3885 3358 3939; x_wconf 84' lang='grc' dir='ltr'><strong>Διὰ</strong></span> <span class='ocrx_word' id='word_1_660' title='bbox 3382 3887 3437 3939; x_wconf 90' lang='grc' dir='ltr'><strong>τί</strong></span> <span class='ocrx_word' id='word_1_661' title='bbox 3459 3886 3513 3939; x_wconf 77' lang='grc' dir='ltr'>δὲ</span> <span class='ocrx_word' id='word_1_662' title='bbox 3540 3886 3613 3935; x_wconf 83' lang='grc' dir='ltr'><strong>ὲν-</strong></span> 
     </span>
    </p>
   </div>
   <div class='ocr_carea' id='block_1_72' title="bbox 2050 3978 3615 4053">
    <p class='ocr_par' dir='ltr' id='par_1_72' title="bbox 2050 3978 3615 4053">
     <span class='ocr_line' id='line_1_75' title="bbox 2050 3978 3615 4053; baseline -0.004 -18"><span class='ocrx_word' id='word_1_663' title='bbox 2050 3981 2226 4035; x_wconf 84' lang='grc' dir='ltr'>ταῦθα</span> <span class='ocrx_word' id='word_1_664' title='bbox 2254 3981 2420 4053; x_wconf 82' lang='grc' dir='ltr'>νοητὰ</span> <span class='ocrx_word' id='word_1_665' title='bbox 2449 3980 2603 4049; x_wconf 83' lang='grc' dir='ltr'>λόγια</span> <span class='ocrx_word' id='word_1_666' title='bbox 2645 3979 2827 4049; x_wconf 84' lang='grc' dir='ltr'>λέγει,</span> <span class='ocrx_word' id='word_1_667' title='bbox 2866 3980 3043 4032; x_wconf 85' lang='grc' dir='ltr'>ἐκεῖσε</span> <span class='ocrx_word' id='word_1_668' title='bbox 3069 3979 3145 4044; x_wconf 84' lang='grc' dir='ltr'><strong>δὲ,</strong></span> <span class='ocrx_word' id='word_1_669' title='bbox 3174 3978 3274 4051; x_wconf 83' lang='grc' dir='ltr'>τὴν</span> <span class='ocrx_word' id='word_1_670' title='bbox 3311 3979 3615 4032; x_wconf 76' lang='grc' dir='ltr'>ἐπιστασίαν</span> 
     </span>
    </p>
   </div>
   <div class='ocr_carea' id='block_1_73' title="bbox 2050 4069 3597 4146">
    <p class='ocr_par' dir='ltr' id='par_1_73' title="bbox 2050 4069 3597 4146">
     <span class='ocr_line' id='line_1_76' title="bbox 2050 4069 3597 4146; baseline -0.006 -18"><span class='ocrx_word' id='word_1_671' title='bbox 2050 4075 2275 4146; x_wconf 88' lang='grc' dir='ltr'>νοεράν;</span> <span class='ocrx_word' id='word_1_672' title='bbox 2305 4074 2387 4127; x_wconf 88' lang='grc' dir='ltr'>ὃτι</span> <span class='ocrx_word' id='word_1_673' title='bbox 2418 4075 2468 4127; x_wconf 82' lang='grc' dir='ltr'><strong>εί</strong></span> <span class='ocrx_word' id='word_1_674' title='bbox 2502 4073 2749 4144; x_wconf 75' lang='grc' dir='ltr'>καὶπερὶ</span> <span class='ocrx_word' id='word_1_675' title='bbox 2778 4071 2886 4125; x_wconf 84' lang='grc' dir='ltr'><strong>τῶν</strong></span> <span class='ocrx_word' id='word_1_676' title='bbox 2921 4069 3124 4142; x_wconf 83' lang='grc' dir='ltr'>νοερῶν</span> <span class='ocrx_word' id='word_1_677' title='bbox 3164 4069 3232 4123; x_wconf 76' lang='grc' dir='ltr'>τὰ</span> <span class='ocrx_word' id='word_1_678' title='bbox 3271 4069 3430 4137; x_wconf 80' lang='grc' dir='ltr'>λόγιά</span> <span class='ocrx_word' id='word_1_679' title='bbox 3473 4071 3597 4121; x_wconf 84' lang='grc' dir='ltr'>εἰσιν</span> 
     </span>
    </p>
   </div>
   <div class='ocr_carea' id='block_1_74' title="bbox 2050 4157 3615 4236">
    <p class='ocr_par' dir='ltr' id='par_1_74' title="bbox 2050 4157 3615 4236">
     <span class='ocr_line' id='line_1_77' title="bbox 2050 4157 3615 4236; baseline -0.004 -18"><span class='ocrx_word' id='word_1_680' title='bbox 2050 4165 2166 4218; x_wconf 86' lang='grc' dir='ltr'>ἀλλ’</span> <span class='ocrx_word' id='word_1_681' title='bbox 2195 4167 2256 4218; x_wconf 87' lang='grc' dir='ltr'><strong>οὑ</strong></span> <span class='ocrx_word' id='word_1_682' title='bbox 2290 4164 2468 4228; x_wconf 82' lang='grc' dir='ltr'>καλῶς</span> <span class='ocrx_word' id='word_1_683' title='bbox 2513 4164 2760 4236; x_wconf 85' lang='grc' dir='ltr'>κληθεῖεν</span> <span class='ocrx_word' id='word_1_684' title='bbox 2788 4164 2854 4217; x_wconf 86' lang='grc' dir='ltr'>ἂν</span> <span class='ocrx_word' id='word_1_685' title='bbox 2876 4162 3057 4233; x_wconf 86' lang='grc' dir='ltr'>νοερά·</span> <span class='ocrx_word' id='word_1_686' title='bbox 3100 4163 3161 4215; x_wconf 86' lang='grc' dir='ltr'>οὐ</span> <span class='ocrx_word' id='word_1_687' title='bbox 3203 4160 3312 4233; x_wconf 87' lang='grc' dir='ltr'>γὰρ</span> <span class='ocrx_word' id='word_1_688' title='bbox 3339 4161 3456 4224; x_wconf 80' lang='grc' dir='ltr'>νόες</span> <span class='ocrx_word' id='word_1_689' title='bbox 3501 4157 3615 4218; x_wconf 76' lang='grc' dir='ltr'>εἰσὶ.</span> 
     </span>
    </p>
   </div>
   <div class='ocr_carea' id='block_1_75' title="bbox 2051 4248 3643 4328">
    <p class='ocr_par' dir='ltr' id='par_1_75' title="bbox 2051 4248 3643 4328">
     <span class='ocr_line' id='line_1_78' title="bbox 2051 4248 3643 4328; baseline -0.006 -16"><span class='ocrx_word' id='word_1_690' title='bbox 2051 4260 2147 4312; x_wconf 70' lang='grc' dir='ltr'>καὶ</span> <span class='ocrx_word' id='word_1_691' title='bbox 2161 4258 2238 4328; x_wconf 83' lang='grc' dir='ltr'>τῷ</span> <span class='ocrx_word' id='word_1_692' title='bbox 2254 4258 2328 4328; x_wconf 80' lang='grc' dir='ltr'><strong>νῷ</strong></span> <span class='ocrx_word' id='word_1_693' title='bbox 2342 4257 2668 4311; x_wconf 78' lang='grc' dir='ltr'>διοικοῦνται</span> <span class='ocrx_word' id='word_1_694' title='bbox 2694 4256 2761 4309; x_wconf 78' lang='grc' dir='ltr'>τὰ</span> <span class='ocrx_word' id='word_1_695' title='bbox 2777 4256 2950 4325; x_wconf 91' lang='grc' dir='ltr'>λόγια.</span> <span class='ocrx_word' id='word_1_696' title='bbox 2980 4255 3091 4326; x_wconf 80' lang='grc' dir='ltr'>Τὴν</span> <span class='ocrx_word' id='word_1_697' title='bbox 3113 4253 3169 4306; x_wconf 81' lang='grc' dir='ltr'>δὲ</span> <span class='ocrx_word' id='word_1_698' title='bbox 3189 4254 3315 4323; x_wconf 76' lang='grc' dir='ltr'>περὶ</span> <span class='ocrx_word' id='word_1_699' title='bbox 3336 4253 3443 4305; x_wconf 84' lang='grc' dir='ltr'><strong>τῶν</strong></span> <span class='ocrx_word' id='word_1_700' title='bbox 3466 4248 3613 4319; x_wconf 79' lang='grc' dir='ltr'><strong>ἀγγέ-</strong></span> <span class='ocrx_word' id='word_1_701' title='bbox 3640 4290 3643 4293; x_wconf 53' lang='grc'>‹</span> 
     </span>
    </p>
   </div>
   <div class='ocr_carea' id='block_1_76' title="bbox 2048 4338 3613 4417">
    <p class='ocr_par' dir='ltr' id='par_1_76' title="bbox 2048 4338 3613 4417">
     <span class='ocr_line' id='line_1_79' title="bbox 2048 4338 3613 4417; baseline -0.007 -17"><span class='ocrx_word' id='word_1_702' title='bbox 2048 4347 2155 4401; x_wconf 88' lang='grc' dir='ltr'><strong>λων</strong></span> <span class='ocrx_word' id='word_1_703' title='bbox 2184 4348 2526 4411; x_wconf 75' lang='grc' dir='ltr'>ἐπιστασίαν,</span> <span class='ocrx_word' id='word_1_704' title='bbox 2554 4346 2748 4417; x_wconf 87' lang='grc' dir='ltr'>νοεράν</span> <span class='ocrx_word' id='word_1_705' title='bbox 2787 4364 2972 4416; x_wconf 81' lang='grc' dir='ltr'>φησιν,</span> <span class='ocrx_word' id='word_1_706' title='bbox 3012 4343 3216 4396; x_wconf 75' lang='grc' dir='ltr'>ὅτικαὶ</span> <span class='ocrx_word' id='word_1_707' title='bbox 3260 4343 3386 4414; x_wconf 76' lang='grc' dir='ltr'>περὶ</span> <span class='ocrx_word' id='word_1_708' title='bbox 3429 4338 3613 4410; x_wconf 80' lang='grc' dir='ltr'>νοερῶν</span> 
     </span>
    </p>
   </div>
   <div class='ocr_carea' id='block_1_77' title="bbox 2048 4432 3612 4510">
    <p class='ocr_par' dir='ltr' id='par_1_77' title="bbox 2048 4432 3612 4510">
     <span class='ocr_line' id='line_1_80' title="bbox 2048 4432 3612 4510; baseline -0.008 -18"><span class='ocrx_word' id='word_1_709' title='bbox 2048 4440 2264 4510; x_wconf 74' lang='grc' dir='ltr'>ἐφιστᾷ,</span> <span class='ocrx_word' id='word_1_710' title='bbox 2314 4438 2462 4490; x_wconf 80' lang='grc' dir='ltr'>καὶὸ</span> <span class='ocrx_word' id='word_1_711' title='bbox 2504 4437 2741 4507; x_wconf 79' lang='grc' dir='ltr'>ὲφιστῶν</span> <span class='ocrx_word' id='word_1_712' title='bbox 2781 4434 2924 4498; x_wconf 81' lang='grc' dir='ltr'>νοῦς,</span> <span class='ocrx_word' id='word_1_713' title='bbox 2974 4433 3159 4505; x_wconf 83' lang='grc' dir='ltr'>νοερός</span> <span class='ocrx_word' id='word_1_714' title='bbox 3204 4434 3341 4485; x_wconf 74' lang='grc' dir='ltr'>ἐστι.</span> <span class='ocrx_word' id='word_1_715' title='bbox 3378 4432 3612 4502; x_wconf 83' lang='grc' dir='ltr'>Ζητεῖται</span> 
     </span>
    </p>
   </div>
   <div class='ocr_carea' id='block_1_78' title="bbox 2045 4521 3611 4601">
    <p class='ocr_par' dir='ltr' id='par_1_78' title="bbox 2045 4521 3611 4601">
     <span class='ocr_line' id='line_1_81' title="bbox 2045 4521 3611 4601; baseline -0.01 -15"><span class='ocrx_word' id='word_1_716' title='bbox 2045 4534 2226 4586; x_wconf 85' lang='grc' dir='ltr'>τοίνυν</span> <span class='ocrx_word' id='word_1_717' title='bbox 2272 4536 2386 4595; x_wconf 86' lang='grc' dir='ltr'>τοῖς</span> <span class='ocrx_word' id='word_1_718' title='bbox 2441 4530 2790 4601; x_wconf 76' lang='grc' dir='ltr'>φιλοθεάμοσι</span> <span class='ocrx_word' id='word_1_719' title='bbox 2835 4528 2943 4580; x_wconf 83' lang='grc' dir='ltr'><strong>τῶν</strong></span> <span class='ocrx_word' id='word_1_720' title='bbox 2984 4526 3201 4594; x_wconf 87' lang='grc' dir='ltr'>λογίων,</span> <span class='ocrx_word' id='word_1_721' title='bbox 3248 4527 3362 4587; x_wconf 81' lang='grc' dir='ltr'>τοῖς</span> <span class='ocrx_word' id='word_1_722' title='bbox 3406 4521 3611 4592; x_wconf 77' lang='grc' dir='ltr'>ζητοῦσι</span> 
     </span>
    </p>
   </div>
   <div class='ocr_carea' id='block_1_79' title="bbox 2047 4611 3612 4692">
    <p class='ocr_par' dir='ltr' id='par_1_79' title="bbox 2047 4611 3612 4692">
     <span class='ocr_line' id='line_1_82' title="bbox 2047 4611 3612 4692; baseline -0.013 -10"><span class='ocrx_word' id='word_1_723' title='bbox 2047 4628 2264 4690; x_wconf 75' lang='grc' dir='ltr'>πάντως</span> <span class='ocrx_word' id='word_1_724' title='bbox 2300 4626 2396 4680; x_wconf 75' lang='grc' dir='ltr'>καὶ</span> <span class='ocrx_word' id='word_1_725' title='bbox 2420 4624 2487 4677; x_wconf 82' lang='grc' dir='ltr'>τὰ</span> <span class='ocrx_word' id='word_1_726' title='bbox 2514 4622 2607 4677; x_wconf 85' lang='grc' dir='ltr'><strong>τοῦ</strong></span> <span class='ocrx_word' id='word_1_727' title='bbox 2640 4620 2958 4692; x_wconf 65' lang='grc' dir='ltr'>φαινομένου</span> <span class='ocrx_word' id='word_1_728' title='bbox 2993 4616 3279 4689; x_wconf 71' lang='grc' dir='ltr'>βαθύτερα·</span> <span class='ocrx_word' id='word_1_729' title='bbox 3301 4614 3489 4667; x_wconf 74' lang='grc' dir='ltr'>θεαταὶ</span> <span class='ocrx_word' id='word_1_730' title='bbox 3518 4611 3612 4681; x_wconf 78' lang='grc' dir='ltr'>γὰρ</span> 
     </span>
    </p>
   </div>
   <div class='ocr_carea' id='block_1_80' title="bbox 2045 4704 3607 4789">
    <p class='ocr_par' dir='ltr' id='par_1_80' title="bbox 2045 4704 3607 4789">
     <span class='ocr_line' id='line_1_83' title="bbox 2045 4704 3607 4789; baseline -0.014 -15"><span class='ocrx_word' id='word_1_731' title='bbox 2045 4723 2184 4774; x_wconf 77' lang='grc' dir='ltr'>εἰσιν</span> <span class='ocrx_word' id='word_1_732' title='bbox 2206 4721 2255 4772; x_wconf 76' lang='lat' dir='ltr'><strong>oi</strong></span> <span class='ocrx_word' id='word_1_733' title='bbox 2287 4718 2444 4789; x_wconf 84' lang='grc' dir='ltr'>μόνον</span> <span class='ocrx_word' id='word_1_734' title='bbox 2470 4717 2530 4770; x_wconf 78' lang='grc' dir='ltr'>τὸ</span> <span class='ocrx_word' id='word_1_735' title='bbox 2562 4717 2948 4786; x_wconf 84' lang='grc' dir='ltr'>παρεμπῖπτον</span> <span class='ocrx_word' id='word_1_736' title='bbox 2976 4710 3285 4781; x_wconf 81' lang='grc' dir='ltr'>βλέποντες,</span> <span class='ocrx_word' id='word_1_737' title='bbox 3312 4704 3607 4777; x_wconf 76' lang='grc' dir='ltr'>φιλοθεάμο-</span> 
     </span>
    </p>
   </div>
   <div class='ocr_carea' id='block_1_81' title="bbox 2046 4793 3612 4884">
    <p class='ocr_par' dir='ltr' id='par_1_81' title="bbox 2046 4793 3612 4884">
     <span class='ocr_line' id='line_1_84' title="bbox 2046 4793 3612 4884; baseline -0.011 -15"><span class='ocrx_word' id='word_1_738' title='bbox 2046 4834 2135 4880; x_wconf 84' lang='grc' dir='ltr'>νες</span> <span class='ocrx_word' id='word_1_739' title='bbox 2155 4815 2211 4868; x_wconf 85' lang='grc' dir='ltr'><strong>δὲ</strong></span> <span class='ocrx_word' id='word_1_740' title='bbox 2246 4816 2294 4867; x_wconf 85' lang='grc' dir='ltr'>οἱ</span> <span class='ocrx_word' id='word_1_741' title='bbox 2327 4794 2685 4884; x_wconf 80' lang='grc' dir='ltr'>ἀγαπητικῶς</span> <span class='ocrx_word' id='word_1_742' title='bbox 2712 4811 2838 4881; x_wconf 77' lang='grc' dir='ltr'>περὶ</span> <span class='ocrx_word' id='word_1_743' title='bbox 2862 4808 2959 4879; x_wconf 83' lang='grc' dir='ltr'>τὴν</span> <span class='ocrx_word' id='word_1_744' title='bbox 2988 4793 3114 4859; x_wconf 83' lang='grc' dir='ltr'>Θέαν</span> <span class='ocrx_word' id='word_1_745' title='bbox 3147 4806 3380 4875; x_wconf 80' lang='grc' dir='ltr'>ἔχοντες,</span> <span class='ocrx_word' id='word_1_746' title='bbox 3410 4803 3502 4855; x_wconf 78' lang='grc' dir='ltr'><strong>καὶ</strong></span> <span class='ocrx_word' id='word_1_747' title='bbox 3522 4816 3612 4869; x_wconf 57' lang='lat' dir='ltr'><strong>tuo</strong></span> 
     </span>
    </p>
   </div>
   <div class='ocr_carea' id='block_1_82' title="bbox 2045 4888 3610 4969">
    <p class='ocr_par' dir='ltr' id='par_1_82' title="bbox 2045 4888 3610 4969">
     <span class='ocr_line' id='line_1_85' title="bbox 2045 4888 3610 4969; baseline -0.012 -10"><span class='ocrx_word' id='word_1_748' title='bbox 2045 4906 2156 4959; x_wconf 81' lang='grc' dir='ltr'>θεῖν</span> <span class='ocrx_word' id='word_1_749' title='bbox 2184 4905 2278 4958; x_wconf 73' lang='grc' dir='ltr'><strong>καὶ</strong></span> <span class='ocrx_word' id='word_1_750' title='bbox 2316 4902 2473 4957; x_wconf 81' lang='grc' dir='ltr'>πλέον</span> <span class='ocrx_word' id='word_1_751' title='bbox 2506 4919 2557 4954; x_wconf 89' lang='grc' dir='ltr'><strong>τι</strong></span> <span class='ocrx_word' id='word_1_752' title='bbox 2589 4900 2881 4969; x_wconf 76' lang='grc' dir='ltr'>ἐφιέμενοι.</span> <span class='ocrx_word' id='word_1_753' title='bbox 2927 4897 3035 4948; x_wconf 78' lang='grc' dir='ltr'><strong>Καὶ</strong></span> <span class='ocrx_word' id='word_1_754' title='bbox 3076 4897 3116 4966; x_wconf 75' lang='grc' dir='ltr'><strong>ἡ</strong></span> <span class='ocrx_word' id='word_1_755' title='bbox 3151 4894 3376 4965; x_wconf 77' lang='grc' dir='ltr'>ζήτησις</span> <span class='ocrx_word' id='word_1_756' title='bbox 3410 4892 3521 4962; x_wconf 72' lang='grc' dir='ltr'>ἥδε·</span> <span class='ocrx_word' id='word_1_757' title='bbox 3558 4888 3610 4939; x_wconf 77' lang='lat' dir='ltr'><strong>Ei</strong></span> 
     </span>
    </p>
   </div>
   <div class='ocr_carea' id='block_1_83' title="bbox 2042 4981 3611 5070">
    <p class='ocr_par' dir='ltr' id='par_1_83' title="bbox 2042 4981 3611 5070">
     <span class='ocr_line' id='line_1_86' title="bbox 2042 4981 3611 5070; baseline -0.014 -17"><span class='ocrx_word' id='word_1_758' title='bbox 2042 4998 2149 5070; x_wconf 77' lang='grc' dir='ltr'>γὰρ</span> <span class='ocrx_word' id='word_1_759' title='bbox 2188 4997 2467 5069; x_wconf 85' lang='grc' dir='ltr'>ἁμέθεκτα</span> <span class='ocrx_word' id='word_1_760' title='bbox 2504 4994 2613 5047; x_wconf 84' lang='grc' dir='ltr'>τῶν</span> <span class='ocrx_word' id='word_1_761' title='bbox 2644 4990 2962 5063; x_wconf 78' lang='grc' dir='ltr'>ὑπερτέρων</span> <span class='ocrx_word' id='word_1_762' title='bbox 2993 4988 3087 5043; x_wconf 77' lang='grc' dir='ltr'>καὶ</span> <span class='ocrx_word' id='word_1_763' title='bbox 3118 4985 3459 5056; x_wconf 82' lang='grc' dir='ltr'>δλικωτέρων</span> <span class='ocrx_word' id='word_1_764' title='bbox 3502 4981 3611 5034; x_wconf 77' lang='grc' dir='ltr'>ἰδιο-</span> 
     </span>
    </p>
   </div>
   <div class='ocr_carea' id='block_1_84' title="bbox 2042 5070 3609 5163">
    <p class='ocr_par' dir='ltr' id='par_1_84' title="bbox 2042 5070 3609 5163">
     <span class='ocr_line' id='line_1_87' title="bbox 2042 5070 3609 5163; baseline -0.014 -20"><span class='ocrx_word' id='word_1_765' title='bbox 2042 5094 2220 5163; x_wconf 80' lang='grc' dir='ltr'>τήτων</span> <span class='ocrx_word' id='word_1_766' title='bbox 2245 5088 2314 5141; x_wconf 81' lang='grc' dir='ltr'>τὰ</span> <span class='ocrx_word' id='word_1_767' title='bbox 2355 5086 2642 5142; x_wconf 74' lang='grc' dir='ltr'>τελευταῖα</span> <span class='ocrx_word' id='word_1_768' title='bbox 2682 5086 2809 5148; x_wconf 82' lang='grc' dir='ltr'>εἰσι,</span> <span class='ocrx_word' id='word_1_769' title='bbox 2856 5082 2945 5136; x_wconf 82' lang='grc' dir='ltr'>διὰ</span> <span class='ocrx_word' id='word_1_770' title='bbox 2983 5082 3037 5134; x_wconf 87' lang='grc' dir='ltr'><strong>τί</strong></span> <span class='ocrx_word' id='word_1_771' title='bbox 3085 5078 3316 5149; x_wconf 77' lang='grc' dir='ltr'>ἅγγελος</span> <span class='ocrx_word' id='word_1_772' title='bbox 3355 5077 3555 5147; x_wconf 77' lang='grc' dir='ltr'>Κυρίου</span> <span class='ocrx_word' id='word_1_773' title='bbox 3584 5070 3609 5121; x_wconf 86' lang='grc' dir='ltr'>ὁ</span> 
     </span>
    </p>
   </div>
   <div class='ocr_carea' id='block_1_85' title="bbox 362 5178 1836 5256">
    <p class='ocr_par' dir='ltr' id='par_1_85' title="bbox 362 5178 1832 5255">
     <span class='ocr_line' id='line_1_88' title="bbox 362 5178 1832 5255; baseline 0.007 -26"><span class='ocrx_word' id='word_1_774' title='bbox 362 5192 487 5231; x_wconf 88' lang='lat' dir='ltr'><strong>nem</strong></span> <span class='ocrx_word' id='word_1_775' title='bbox 514 5178 846 5246; x_wconf 75' lang='lat' dir='ltr'><strong>afﬁciuntur,</strong></span> <span class='ocrx_word' id='word_1_776' title='bbox 881 5180 1112 5250; x_wconf 77' lang='lat' dir='ltr'><strong>ejusque</strong></span> <span class='ocrx_word' id='word_1_777' title='bbox 1161 5193 1216 5236; x_wconf 89' lang='lat' dir='ltr'><strong>et</strong></span> <span class='ocrx_word' id='word_1_778' title='bbox 1258 5184 1390 5253; x_wconf 84' lang='lat' dir='ltr'><strong>quid</strong></span> <span class='ocrx_word' id='word_1_779' title='bbox 1444 5186 1678 5255; x_wconf 86' lang='lat' dir='ltr'><strong>amplius</strong></span> <span class='ocrx_word' id='word_1_780' title='bbox 1735 5200 1832 5255; x_wconf 81' lang='lat' dir='ltr'><strong>cog</strong></span> 
     </span>
    </p>
   </div>
   <div class='ocr_carea' id='block_1_86' title="bbox 1412 5178 2886 5256">
    <p class='ocr_par' dir='ltr' id='par_1_86' title="bbox 1444 5178 2886 5256">
     <span class='ocr_line' id='line_1_89' title="bbox 1444 5178 2886 5256; baseline -0.006 -20"><span class='ocrx_word' id='word_1_781' title='bbox 1444 5186 1678 5255; x_wconf 89' lang='lat' dir='ltr'><strong>amplius</strong></span> <span class='ocrx_word' id='word_1_782' title='bbox 1735 5200 1938 5255; x_wconf 82' lang='lat' dir='ltr'><strong>coguo-</strong></span> <span class='ocrx_word' id='word_1_783' title='bbox 1965 5180 2008 5237; x_wconf 85' lang='lat' dir='ltr'><strong><em>C</em></strong></span> <span class='ocrx_word' id='word_1_784' title='bbox 2043 5183 2163 5237; x_wconf 78' lang='grc' dir='ltr'>καθ’</span> <span class='ocrx_word' id='word_1_785' title='bbox 2195 5184 2339 5256; x_wconf 74' lang='grc' dir='ltr'>ἡμᾶς</span> <span class='ocrx_word' id='word_1_786' title='bbox 2362 5181 2624 5253; x_wconf 81' lang='grc' dir='ltr'>ἱεράρχης</span> <span class='ocrx_word' id='word_1_787' title='bbox 2647 5178 2886 5247; x_wconf 79' lang='grc' dir='ltr'>λέγεται.</span> 
     </span>
    </p>
   </div>
   <div class='ocr_carea' id='block_1_87' title="bbox 360 5268 3604 5355">
    <p class='ocr_par' dir='ltr' id='par_1_87' title="bbox 360 5268 3604 5355">
     <span class='ocr_line' id='line_1_90' title="bbox 360 5268 3604 5355; baseline -0.002 -30"><span class='ocrx_word' id='word_1_788' title='bbox 360 5273 547 5327; x_wconf 85' lang='lat' dir='ltr'><strong>scendi</strong></span> <span class='ocrx_word' id='word_1_789' title='bbox 582 5275 858 5330; x_wconf 81' lang='lat' dir='ltr'><strong>desiderio</strong></span> <span class='ocrx_word' id='word_1_790' title='bbox 887 5286 1162 5332; x_wconf 89' lang='lat' dir='ltr'><strong>tenentur.</strong></span> <span class='ocrx_word' id='word_1_791' title='bbox 1194 5278 1322 5333; x_wconf 66' lang='lat' dir='ltr'><strong>ﬂare</strong></span> <span class='ocrx_word' id='word_1_792' title='bbox 1366 5294 1497 5349; x_wconf 84' lang='lat' dir='ltr'><strong>ergo</strong></span> <span class='ocrx_word' id='word_1_793' title='bbox 1546 5281 1776 5348; x_wconf 67' lang='lat' dir='ltr'><strong>quaestio</strong></span> <span class='ocrx_word' id='word_1_794' title='bbox 1824 5282 1909 5335; x_wconf 85' lang='lat' dir='ltr'><strong>est</strong></span> <span class='ocrx_word' id='word_1_795' title='bbox 1938 5298 1952 5335; x_wconf 90' lang='lat'><strong>:</strong></span> <span class='ocrx_word' id='word_1_796' title='bbox 1980 5280 2038 5333; x_wconf 91' lang='lat' dir='ltr'><strong>Si</strong></span> <span class='ocrx_word' id='word_1_797' title='bbox 2063 5294 2124 5355; x_wconf 84' lang='lat' dir='ltr'><strong>ea</strong></span> <span class='ocrx_word' id='word_1_798' title='bbox 2157 5293 2279 5347; x_wconf 80' lang='lat' dir='ltr'><strong>qua:</strong></span> <span class='ocrx_word' id='word_1_799' title='bbox 2305 5276 2598 5331; x_wconf 82' lang='lat' dir='ltr'><strong>novissima</strong></span> <span class='ocrx_word' id='word_1_800' title='bbox 2629 5281 2755 5327; x_wconf 86' lang='lat' dir='ltr'><strong>sunt</strong></span> <span class='ocrx_word' id='word_1_801' title='bbox 2816 5269 3157 5340; x_wconf 86' lang='lat' dir='ltr'><strong>superiorum</strong></span> <span class='ocrx_word' id='word_1_802' title='bbox 3210 5268 3445 5338; x_wconf 76' lang='lat' dir='ltr'><strong>integras</strong></span> <span class='ocrx_word' id='word_1_803' title='bbox 3485 5271 3604 5330; x_wconf 59' lang='lat' dir='ltr'><strong>pro&quot;</strong></span> 
     </span>
    </p>
   </div>
   <div class='ocr_carea' id='block_1_88' title="bbox 360 5365 2974 5439">
    <p class='ocr_par' dir='ltr' id='par_1_88' title="bbox 360 5365 2974 5439">
     <span class='ocr_line' id='line_1_91' title="bbox 360 5365 2974 5439; baseline 0 -22"><span class='ocrx_word' id='word_1_804' title='bbox 360 5368 623 5436; x_wconf 80' lang='lat' dir='ltr'><strong>prietates</strong></span> <span class='ocrx_word' id='word_1_805' title='bbox 649 5369 872 5423; x_wconf 90' lang='lat' dir='ltr'><strong>minime</strong></span> <span class='ocrx_word' id='word_1_806' title='bbox 898 5369 1193 5438; x_wconf 82' lang='lat' dir='ltr'><strong>attingant,</strong></span> <span class='ocrx_word' id='word_1_807' title='bbox 1230 5385 1388 5437; x_wconf 85' lang='lat' dir='ltr'><strong>quam</strong></span> <span class='ocrx_word' id='word_1_808' title='bbox 1417 5373 1486 5427; x_wconf 91' lang='lat' dir='ltr'><strong>ob</strong></span> <span class='ocrx_word' id='word_1_809' title='bbox 1510 5388 1728 5426; x_wconf 88' lang='lat' dir='ltr'><strong>causam</strong></span> <span class='ocrx_word' id='word_1_810' title='bbox 1759 5381 1939 5427; x_wconf 85' lang='lat' dir='ltr'><strong>noster</strong></span> <span class='ocrx_word' id='word_1_811' title='bbox 1968 5371 2196 5425; x_wconf 88' lang='lat' dir='ltr'><strong>antistes</strong></span> <span class='ocrx_word' id='word_1_812' title='bbox 2233 5367 2455 5439; x_wconf 77' lang='lat' dir='ltr'><strong>angelus</strong></span> <span class='ocrx_word' id='word_1_813' title='bbox 2492 5365 2700 5421; x_wconf 90' lang='lat' dir='ltr'><strong>Domini</strong></span> <span class='ocrx_word' id='word_1_814' title='bbox 2728 5373 2974 5419; x_wconf 82' lang='lat' dir='ltr'><strong>vocatur.</strong></span> 
     </span>
    </p>
   </div>
   <div class='ocr_carea' id='block_1_89' title="bbox 439 5546 913 5610">
    <p class='ocr_par' dir='ltr' id='par_1_89' title="bbox 439 5546 913 5610">
     <span class='ocr_line' id='line_1_92' title="bbox 439 5546 913 5610; baseline 0.013 -15"><span class='ocrx_word' id='word_1_815' title='bbox 439 5559 463 5585; x_wconf 69' lang='grc' dir='ltr'><strong>ε</strong></span> <span class='ocrx_word' id='word_1_816' title='bbox 498 5546 726 5600; x_wconf 81' lang='lat' dir='ltr'><strong>Malaclt.</strong></span> <span class='ocrx_word' id='word_1_817' title='bbox 758 5560 821 5610; x_wconf 84' lang='lat' dir='ltr'><strong>Il,</strong></span> <span class='ocrx_word' id='word_1_818' title='bbox 858 5546 913 5602; x_wconf 88' lang='lat'><strong>7.</strong></span> 
     </span>
    </p>
   </div>
   <div class='ocr_carea' id='block_1_90' title="bbox 433 5746 1779 5819">
    <p class='ocr_par' dir='ltr' id='par_1_90' title="bbox 433 5746 1779 5819">
     <span class='ocr_line' id='line_1_93' title="bbox 433 5746 1779 5819; baseline 0.004 -21"><span class='ocrx_word' id='word_1_819' title='bbox 433 5748 548 5819; x_wconf 81' lang='lat' dir='ltr'><strong>(t7)</strong></span> <span class='ocrx_word' id='word_1_820' title='bbox 579 5746 900 5805; x_wconf 75' lang='lat' dir='ltr'><strong>VideScltol.</strong></span> <span class='ocrx_word' id='word_1_821' title='bbox 932 5749 987 5804; x_wconf 89' lang='lat' dir='ltr'><strong>S.</strong></span> <span class='ocrx_word' id='word_1_822' title='bbox 1016 5750 1229 5805; x_wconf 72' lang='lat' dir='ltr'><strong>Mixtmi</strong></span> <span class='ocrx_word' id='word_1_823' title='bbox 1280 5760 1405 5805; x_wconf 90' lang='lat' dir='ltr'><strong>tom.</strong></span> <span class='ocrx_word' id='word_1_824' title='bbox 1445 5748 1508 5816; x_wconf 91' lang='lat' dir='ltr'><strong>ll,</strong></span> <span class='ocrx_word' id='word_1_825' title='bbox 1541 5764 1657 5818; x_wconf 87' lang='lat' dir='ltr'><strong>cap.</strong></span> <span class='ocrx_word' id='word_1_826' title='bbox 1692 5750 1779 5803; x_wconf 66' lang='lat' dir='ltr'><strong>l2.</strong></span> 
     </span>
    </p>
   </div>
  </div>
